2038 3156
142 175 160 202 κ

897 173 1011 202 VITAE.

141 231 292 271 Aegyptio
303 231 373 269 fuit,
389 230 528 269 sedebat,
545 232 586 263 ob
599 231 781 264 cellularum
801 233 845 264 ibi
864 232 926 264 dis-
939 237 962 264 Α
977 241 1045 264 rum
1060 232 1241 272 saepissime
1255 231 1433 268 utebantur,
1448 230 1490 261 ita
1505 229 1646 270 quidem,
1659 231 1696 260 ut
1707 230 1766 262 solt

141 289 301 322 persarum
330 281 559 313 multitudinem
588 282 681 313 Cellia
712 291 768 313 seu
792 281 926 313 Cellulae

142 331 371 369 nominabatur,
395 341 476 373 quae
502 332 614 362 eodem
635 331 690 363 illo
718 335 846 363 auctore
875 332 924 362 di-

141 382 262 414 stabant
276 382 388 413 decem
407 382 472 414 fere
494 382 635 414 milliaria
650 392 667 413 a
682 382 777 413 Nitria
796 383 829 413 in
844 383 925 413 inte-

141 433 223 465 riore
254 433 379 464 deserto
404 432 457 473 (1).
490 433 578 464 Unde
611 433 774 472 colligitur,
798 433 928 464 Alexan-

140 484 223 514 drini
249 484 488 521 habitationem,
520 483 596 515 licet
630 484 726 514 Nitria
756 484 789 514 in
822 484 927 515 medio

140 533 306 572 utriusque
325 533 423 573 posita
436 536 529 571 esset,
545 537 629 564 certe
643 533 724 564 haud
741 533 872 564 multum
888 534 927 565 ab

140 583 286 622 Aegyptii
309 584 505 615 monasteriis
527 587 679 615 remotam
703 584 809 615 fuisse.
832 585 928 615 Tanta

140 635 245 663 autem
270 632 352 664 fama
373 633 507 664 duorum
530 634 735 665 Macariorum
759 637 824 665 erat
848 635 930 665 inter

140 681 223 712 illius
238 682 378 721 regionis
391 682 513 720 fratres,
527 686 562 714 ut
576 684 678 714 eidem
692 684 812 716 auctori
826 688 930 724 patres

142 733 313 772 quidamin
323 733 424 764 Celliis
438 738 609 773 narrarent,
625 736 704 767 duos
726 736 758 766 in
774 736 852 768 locis
865 736 931 768 istis

142 782 293 813 Macarius
322 793 337 810 (ι
355 783 445 822 quasi
474 783 537 815 duo
571 784 650 816 caeli
682 784 799 816 lumina
832 785 930 817 reful-

142 833 218 863 sisse
230 832 284 873 (2),
303 844 317 860 ω
331 838 362 863 et
376 833 540 871 Palladius,
556 835 611 874 qui
630 843 694 866 una
714 844 785 866 cum
798 837 931 868 Macario

141 882 352 913 Alexandrino
371 886 432 913 tres
443 891 542 914 annos
559 883 750 916 habitaverat
768 885 800 916 in
816 886 929 924 Celliis,

142 932 267 963 illorum
286 932 394 964 laudes
410 933 550 965 referens
564 934 713 973 singulari
726 936 862 975 quadam
877 936 928 967 in-

141 983 341 1014 troductione
362 992 443 1024 opus
462 984 520 1015 sibi
541 993 608 1016 esse
626 989 761 1026 putaret,
780 996 818 1017 ne
841 991 931 1018 tanta

140 1043 280 1064 narrans
299 1035 427 1065 mentiri
450 1035 609 1066 videretur
628 1035 681 1076 (3).
700 1037 788 1068 Vitae
812 1038 929 1068 severi-

141 1087 188 1114 tas
199 1091 302 1124 paene
314 1081 504 1116 incredibilis
518 1089 582 1116 tum
596 1085 629 1116 in
643 1086 816 1118 innumeris
833 1089 933 1128 Aegy-

143 1135 186 1174 pti
201 1135 398 1166 monasteriis
415 1135 548 1175 vigebat,
563 1138 590 1174 4
606 1145 669 1177 quo
686 1137 849 1169 referenda
859 1142 933 1170 sunt

142 1185 252 1216 crebra
269 1189 300 1216 et
314 1185 407 1225 longa
424 1186 540 1217 ieiunia
556 1185 608 1226 (4),
629 1187 731 1218 omnis
748 1187 814 1218 fere
830 1189 933 1219 carnis

142 1235 331 1267 abstinentia
347 1237 399 1276 (5),
413 1236 534 1275 vigiliae
551 1236 603 1276 (6),
621 1236 772 1268 habitatio
789 1238 821 1268 in
838 1238 934 1269 cellu-

142 1283 192 1322 lis,
211 1284 245 1315 in
260 1285 376 1325 quibus
399 1286 449 1316 vix
468 1289 592 1326 poterat
613 1295 729 1326 corpus
749 1288 867 1318 moveri
878 1287 931 1328 (7),

144 1337 174 1364 et
197 1334 268 1372 alia,
286 1344 367 1375 quae
382 1336 506 1367 duriora
528 1336 562 1367 in
582 1337 780 1368 monasteriis
795 1338 933 1369 exerceri

144 1384 300 1416 solebant.
316 1388 340 1416 Α
353 1387 516 1418 monachis
530 1387 563 1417 in
578 1387 775 1418 monasteriis
789 1388 933 1427 degenti-

144 1435 204 1465 bus
226 1435 439 1475 distinguendi
456 1440 529 1468 sunt
556 1437 714 1475 eremitae,
735 1438 789 1478 qui
809 1439 935 1470 maioris

145 1485 314 1525 spiritualis
326 1486 528 1526 perfectionis
548 1487 656 1526 gratia,
671 1487 782 1519 abbate
798 1497 934 1520 consen-

144 1534 254 1572 tiente,
266 1535 298 1566 in
313 1535 495 1568 interiorem
509 1537 708 1568 solitudinem
722 1547 755 1569 se
766 1538 932 1576 abdebant,

948 910 970 938 Β

977 293 1011 315 se
1029 284 1063 314 in
1086 283 1197 316 cellam
1216 283 1408 314 monasterio
1423 282 1556 313 vicinam
1576 282 1764 322 reciperent,

978 334 1064 374 quod
1086 334 1214 374 quidem
1243 333 1283 364 de
1314 334 1345 363 S.
1376 332 1512 364 Antonio
1539 331 1612 373 (10),
1633 331 1766 363 Macario

977 383 1131 423 Aegyptio
1157 382 1230 423 (11),
1249 382 1318 414 aliis
1328 381 1459 413 relatum
1483 381 1628 420 legimus.
1644 381 1765 412 Eremi—

977 437 1079 466 tarum
1100 433 1237 473 denique
1253 432 1450 464 severitatem
1468 431 1649 470 longissime
1670 439 1766 471 supe-

979 485 1088 516 rabant
1110 483 1318 515 anachoretae
1354 482 1426 522 (12),
1447 482 1512 521 qui,
1538 489 1767 522 saepenumero

978 539 1075 566 totam
1087 543 1188 575 paene
1201 534 1295 565 vitam
1314 533 1347 564 in
1357 532 1506 563 interiore
1517 532 1685 563 solitudine
1699 532 1768 563 sine

980 589 1005 624 5
1021 585 1084 616 ulla
1105 585 1241 616 hominis
1268 592 1330 625 ope
1353 583 1515 625 degentes,
1536 592 1593 623 per
1615 583 1769 624 quinqua—
1792 616 1802 621 _

980 635 1063 674 ginta
1076 643 1171 674 saepe
1185 643 1285 665 annos
1297 637 1327 665 et
1342 633 1476 673 amplius
1501 633 1616 664 nullius
1632 633 1768 664 hominis

980 685 1099 717 vultum
1113 685 1338 726 adspiciebant,
1349 683 1519 721 radicibus,
1534 684 1646 724 pomis,
1662 683 1768 715 herbis

980 739 1152 767 vescentes.
1179 736 1244 766 Nec
1266 735 1334 766 sine
1357 734 1517 774 voluptate
1543 734 1769 766 fervescentem

981 785 1056 817 solis
1064 786 1182 825 ignem,
1193 785 1260 816 sitis
1276 785 1432 822 ardorem,
1449 784 1606 815 defectum
1622 793 1723 824 aquae
1737 784 1770 816 in

982 835 1136 867 honorem
1150 835 1260 867 Christi
1273 836 1427 866 ferebant.
1453 836 1688 875 Nonnunquam
1703 836 1769 867 via-

983 889 1043 923 tor,
1069 886 1228 916 desertum
1247 893 1428 925 peragrans,
1451 887 1522 915 ante
1541 884 1684 925 ipsorum
1699 885 1769 915 obi-

983 939 1049 968 tum
1065 937 1154 976 quasi
1171 945 1188 967 a
1210 936 1274 967 Deo
1299 935 1413 966 missus
1438 935 1691 974 superveniebat,
1716 935 1772 975 qui

983 986 1087 1017 nudos
1108 994 1163 1017 eos
1183 985 1349 1025 longisque
1376 983 1495 1023 capillis
1510 983 1544 1014 in
1562 991 1696 1023 corpore
1717 983 1773 1014 ob-

983 1039 1083 1068 tectos
1097 1036 1130 1067 in
1139 1036 1247 1067 ultima
1258 1035 1336 1066 hora
1352 1034 1512 1065 reﬁciebat
1527 1038 1557 1065 et
1573 1033 1707 1065 honesto
1720 1036 1771 1065 tu-

984 1086 1070 1117 mulo
1095 1085 1268 1126 sepeliebat
1293 1084 1367 1125 (13).
1392 1085 1514 1115 Fratres
1534 1086 1639 1114 autem
1654 1083 1687 1114 in
1701 1091 1772 1114 mo-

985 1137 1130 1169 nasteriis
1145 1145 1271 1176 semper
1283 1135 1376 1166 nudis
1391 1135 1525 1175 pedibus
1541 1138 1572 1165 et
1586 1134 1705 1165 baculis
1720 1133 1771 1165 in-

986 1187 1076 1218 nixos
1085 1186 1262 1222 incessisse,
1275 1188 1369 1225 caput
1381 1184 1506 1216 cucullo
1515 1184 1661 1215 indutum
1675 1188 1706 1215 et
1716 1184 1775 1215 hu-

985 1246 1090 1268 meros
1117 1236 1283 1277 scapulari,
1306 1244 1423 1275 corpus
1445 1244 1524 1266 zona
1548 1235 1684 1266 cinctum
1714 1234 1773 1266 ha-

985 1287 1104 1324 buisse,
1118 1287 1249 1327 insuper
1263 1286 1410 1317 melotem
1424 1286 1445 1316 i.
1464 1294 1491 1316 e.
1514 1285 1639 1316 ovinam
1658 1285 1774 1326 pellem

987 1336 1132 1375 gessisse,
1147 1336 1232 1376 apud
1246 1335 1410 1375 Evagrium
1427 1334 1500 1375 (l4),
1517 1335 1695 1366 Cassianum
1711 1335 1772 1376 (15)

988 1388 1018 1416 et
1033 1385 1066 1415 in
1075 1385 1152 1416 Vitis
1160 1386 1286 1416 Patrum
1302 1384 1447 1416 editionis
1461 1384 1700 1416 Rosweidianae
1719 1393 1774 1416 co-

988 1435 1165 1476 piosissime
1180 1439 1333 1466 narratur.

1028 1488 1042 1524 ᾗ
1054 1485 1082 1516 3.
1097 1485 1271 1516 Solitariam
1285 1485 1318 1516 in
1329 1488 1471 1526 Aegypto
1484 1486 1578 1517 vitam
1593 1486 1694 1526 quarti
1711 1495 1778 1518 sae-

989 1535 1051 1567 culi
1071 1539 1112 1574 et,
1133 1546 1198 1576 quo
1213 1537 1289 1569 inde
1313 1537 1373 1568 late
1388 1537 1501 1568 diffusa
1520 1540 1577 1574 est,
1592 1537 1625 1568 in
1640 1537 1728 1577 Syria
1746 1542 1778 1569 et

145 1583 200 1614 ubi
217 1593 342 1624 parvam
360 1585 471 1616 cellam
491 1586 700 1618 inhabitantes
720 1587 852 1627 singulis
867 1588 936 1619 die-
950 1589 972 1618 ϐ
988 1585 1161 1618 Palaestina
1184 1587 1313 1618 uberius
1340 1587 1531 1624 describere,
1559 1587 1598 1618 ab
1619 1587 1679 1618 hoc
1705 1587 1777 1618 loco

146 1634 205 1664 bus
227 1643 341 1674 aquam
367 1644 385 1666 e
409 1637 600 1668 monasterio
622 1638 747 1668 missam
765 1647 837 1669 eum
854 1647 936 1678 pane
989 1637 1128 1668 alienum
1150 1641 1207 1669 est.
1237 1639 1420 1678 Quanquam
1445 1637 1522 1668 haec
1547 1646 1647 1677 pauca
1669 1638 1779 1669 adiun-

146 1682 342 1722 recipiebant
356 1683 413 1724 (8);
431 1692 668 1724 nonnumquam
679 1693 753 1716 vero
768 1689 799 1716 et
810 1685 871 1725 ipsi
886 1685 935 1717 10-

147 1741 218 1764 cum
231 1742 387 1773 aquosum
401 1735 461 1765 sibi
479 1735 646 1774 eligebant,
667 1744 731 1776 quo
748 1739 888 1767 sererent
906 1740 938 1767 et

147 1793 263 1823 panem
277 1794 334 1816 sua
350 1794 446 1816 manu
460 1787 651 1817 conﬁcerent
666 1786 719 1827 (9).
739 1786 800 1817 Sed
820 1787 934 1817 eremi-

149 1834 210 1865 tica
223 1835 283 1866 vita
299 1835 391 1866 etiam
407 1835 534 1867 abbates
555 1841 608 1867 aut
620 1844 712 1868 senes
728 1837 938 1868 monasterio-

149 1907 249 1935 Bened.
261 1907 364 1936 Patavii
381 1909 448 1936 I777
465 1909 518 1937 T.I
535 1910 564 1937 Ρ.
577 1909 598 1937 II
609 1918 636 1945 p.
649 1910 702 1938 672
717 1910 788 1945 (cap.
806 1910 866 1944 60);
877 1909 936 1937 VV.

150 1953 206 1980 PP.
230 1953 321 1982 Rosw.
348 1963 374 1990 p.
389 1956 459 1988 5|,I
484 1957 555 1991 (cap.
580 1957 635 1992 52).
662 1955 720 1984 Vita
746 1956 775 1983 S.
800 1955 940 1984 Pachumii

148 2006 211 2035 Cap.
224 1999 314 2031 1,VV.
330 1999 382 2028 PP.
401 2000 493 2029 Rosw.
510 2001 608 2036 p.115,
623 2001 650 2029 2.

181 2045 223 2080 (1)
243 2044 299 2073 νγ.
315 2045 366 2073 ΡΡ.
385 2046 477 2073 Rosw.
492 2047 539 2074 lib.
555 2047 578 2074 II
593 2055 651 2082 cap.
671 2047 706 2074 2‘2
723 2055 749 2082 p.
766 2046 829 2078 L78,
846 2047 872 2073 1.

183 2091 224 2127 (2)
246 2091 303 2120 vv.
313 2091 366 2118 pp.
383 2093 474 2119 Rosw.
491 2092 538 2119 lib.
554 2092 575 2119 ιι
590 2101 651 2128 cap.
666 2093 702 2120 28
718 2101 745 2128 p.
763 2093 825 2125 419.
837 2093 866 2120 2.

184 2139 223 2172 (5)
246 2138 316 2166 IIist.
332 2138 432 2172 Laus.;
449 2138 487 2166 cf.
507 2139 578 2166 infra
592 2140 678 2174 Caput
695 2139 727 2166 II.

184 2185 287 2219 (4)Ahi
311 2189 374 2220 post
396 2185 519 2221 quinque
545 2186 613 2219 dies,
639 2186 685 2213 alii
712 2190 773 2221 post
794 2185 875 2218 duos,
893 2185 947 2217 alii,

151 2236 211 2265 post
236 2235 304 2261 tres,
319 2231 365 2258 alii
387 2232 470 2258 semel
488 2236 592 2259 tantum
612 2232 639 2259 in
665 2232 833 2260 hebdomade
849 2240 941 2260 come-

150 2277 260 2309 derunt,
286 2277 331 2304 alii
352 2277 536 2305 hebdomades
559 2278 678 2313 integras
701 2278 869 2306 iciunarunt.
896 2277 938 2305 Cf.

151 2321 289 2350 Rosweidi
313 2322 430 2350 Iudicem
462 2332 550 2351 rerum
575 2324 603 2351 in
629 2325 696 2351 vitas
725 2323 839 2351 Patrum
865 2331 889 2351 s.
912 2331 939 2350 v.

151 2367 288 2396 ieiunium.

185 2410 224 2445 (5)
248 2421 258 2436 ‹
280 2409 317 2438 De
340 2411 468 2438 carnibus
496 2419 561 2439 vero
589 2416 616 2439 et
643 2412 707 2439 vino
731 2418 821 2441 tacere
843 2414 941 2443 melius

151 2462 217 2491 puto
229 2465 311 2492 quam
324 2457 472 2496 quidquam
486 2457 585 2491 dicere,
603 2459 713 2493 quando
729 2467 779 2486 nec
795 2460 866 2494 apud
881 2461 941 2495 plu-

152 2504 239 2531 rimos
259 2504 369 2538 quidem
391 2504 587 2531 monachorum
605 2505 758 2533 istiusmodi
773 2507 876 2541 aliquid
895 2516 941 2534 re-

153 2551 283 2583 periatur.
296 2559 306 2575 ι
322 2549 381 2576 Vita
395 2549 424 2577 S.
438 2549 560 2581 Antonii.
583 2549 611 2578 S.
630 2551 733 2578 Athan.
749 2551 818 2586 Opp.
837 2552 854 2580 I.
874 2552 891 2579 I.
911 2561 936 2588 p.

153 2595 204 2622 658
221 2597 293 2630 (cap.
306 2596 344 2628 7),
360 2595 417 2623 VV.
434 2595 486 2623 PP.
503 2596 594 2625 Rosw.
610 2605 635 2632 p.
651 2599 696 2629 58,
712 2598 723 2625 1
745 2600 816 2633 (cap.
831 2598 870 2633 6).

189 2642 228 2677 (6)
249 2641 362 2678 Vigiliae
376 2648 402 2670 et
421 2648 572 2670 nocturnae
598 2645 735 2671 orationes
754 2644 825 2679 apud
846 2652 943 2672 mona-

154 2689 221 2716 chos
237 2689 419 2717 creberrimae
440 2694 527 2718 erant.
548 2689 589 2717 CI.
613 2689 747 2718 Rosweidi
774 2689 893 2717 Iudicem
917 2698 941 2717 s.

154 2740 180 2760 ν.
194 2733 307 2767 vigiliae.

191 2779 229 2815 (7)
249 2779 342 2807 Talem
355 2780 478 2807 cellulam
496 2780 659 2808 inhabitavit
675 2779 810 2808 Macarius
823 2781 942 2808 Alexan-

155 2821 259 2853 drinus.
275 2827 317 2854 CI'.
333 2827 402 2854 infra
413 2827 500 2862 Caput
517 2826 559 2854 Ill.

192 2872 230 2907 (8)
251 2872 388 2907 Sulpicius
419 2873 535 2900 Severus
552 2873 619 2900 Dial.
638 2891 644 2900 .
662 2881 721 2908 cap.
744 2873 786 2904 10.
807 2872 942 2900 Galliimlit

160 2915 227 2945 Bth.
252 2918 303 2945 ΙΨ.
330 2918 361 2945 'I'.
383 2917 436 2945 VIII
453 2927 479 2954 p.
496 2919 558 2952 405,
574 2919 602 2952 ‘2,
622 2917 710 2954 Migne
727 2917 829 2945 Patro].
846 2917 876 2944 T.
894 2917 942 2944 XX

990 1686 1092 1725 genda
1103 1686 1263 1718 duximus.
1284 1688 1375 1718 Pater
1391 1686 1594 1718 monachicae
1606 1686 1778 1718 institutio-

991 1737 1039 1768 nis
1056 1737 1090 1767 in
1106 1739 1247 1778 Aegypto
1257 1738 1288 1768 S.
1304 1738 1458 1768 Antonius
1472 1746 1604 1776 magnus
1617 1737 1690 1774 fuit;
1706 1746 1780 1769 nam

992 1799 1007 1815 α
1031 1787 1166 1818 necdum
1194 1789 1278 1826 [ante
1299 1789 1383 1825 eum]
1407 1791 1468 1818 tam
1502 1787 1612 1818 crebra
1632 1790 1721 1818 erant
1745 1787 1780 1832 in

988 1839 1132 1878 Aegypto
1159 1838 1364 1876 monasteria,
1399 1846 1504 1878 neque
1532 1837 1662 1868 omnino
1696 1837 1781 1877 quis-

991 1918 1017 1946 p.
1037 1910 1098 1938 190.
1116 1909 1158 1938 CI‘.
1181 1910 1235 1938 Vit.
1257 1910 1287 1937 S.
1315 1909 1439 1941 Antonii.
1461 1909 1490 1936 S.
1508 1909 1608 1936 Athan.
1634 1909 1703 1944 Opp.
1721 1909 1740 1936 I.
1760 1909 1779 1936 Ι.

990 1965 1051 1991 cap.
1067 1957 1112 1989 50,
1128 1956 1186 1985 VV.
1200 1956 1253 1984 PP.
1273 1956 1364 1984 Rosw.
1381 1963 1442 1991 cap.
1457 1955 1507 1988 24,
1519 1955 1566 1982 25.

1023 2001 1061 2036 (9)
1082 2000 1119 2028 Ita
1136 2001 1165 2028 S.
1180 2000 1326 2028 Antonius.
1342 1999 1403 2027 Vita
1426 1999 1456 2028 S.
1472 1999 1584 2027 Antonii
1597 2019 1605 2030 .
1632 1999 1661 2026 S.
1679 1999 1780 2027 Athan.

990 2046 1059 2082 Opp.
1074 2047 1093 2074 I.
1109 2047 1127 2074 I.
1145 2055 1172 2082 p.
1193 2046 1246 2074 665'
1259 2046 1337 2082 (cap.
1357 2046 1421 2082 50),
1443 2045 1501 2074 VV.
1519 2039 1571 2072 PP.
1593 2044 1686 2072 Rosw.
1701 2047 1783 2080 p.18,

989 2092 1008 2120 9.
1022 2092 1094 2127 (cap.
1107 2092 1165 2123 25).

1027 2135 1083 2170 (10)
1101 2133 1161 2162 Vita
1176 2133 1205 2161 S.
1223 2133 1344 2165 Antonii,
1359 2133 1388 2160 S.
1405 2133 1507 2160 Athan.
1520 2131 1590 2168 Opp.
1607 2133 1625 2160 1.
1647 2133 1665 2160 I.
1683 2140 1711 2168 p.
1727 2132 1782 2160 662

993 2180 1064 2216 (cap.
1085 2180 1143 2216 45),
1155 2179 1212 2207 VV.
1227 2179 1279 2207 PP.
1293 2179 1387 2207 Rosw.
1406 2187 1434 2215 p.
1446 2179 1492 2212 Π,
1506 2179 1524 2206 2
1542 2179 1613 2215 (cap.
1627 2178 1685 2214 22).

1028 2227 1083 2261 (11)
1102 2226 1145 2254 Cf.
1160 2225 1231 2253 inI‘ra
1245 2225 1334 2261 Caput
1347 2225 1378 2252 II.

1027 2273 1084 2308 (12)
1107 2282 1117 2299 ι
1138 2272 1267 2300 Habitant
1281 2272 1404 2308 plerique
1426 2271 1453 2298 in
1469 2278 1561 2299 eremo
1577 2271 1635 2299 sine
1654 2270 1717 2298 ullis
1739 2275 1783 2297 ta-

991 2319 1157 2351 bernaculis,
1173 2327 1245 2353 quos
1265 2319 1448 2346 anachoretas
1469 2322 1589 2350 vocant;
1607 2317 1703 2344 vivunt.
1721 2316 1784 2343 her-

992 2366 1089 2393 barum
1107 2365 1255 2397 radicibus,
1273 2365 1348 2392 nuIIo
1362 2371 1484 2399 unquam
1504 2368 1581 2391 certe
1610 2363 1671 2390 loco
1687 2363 1782 2390 consi—

993 2416 1078 2444 stunt,
1102 2419 1136 2439 ne
1153 2411 1188 2438 ab
1208 2411 1366 2438 hominibus
1389 2411 1612 2445 I'requententur;
1638 2417 1706 2443 quas
1730 2416 1782 2436 nox

992 2457 1120 2492 coegerit,
1144 2456 1223 2484 sedes
1239 2457 1349 2484 habent.
1370 2465 1379 2482 ι
1397 2455 1474 2491 Sulp.
1493 2455 1588 2483 Sever.
1606 2453 1676 2481 Dial.
1695 2454 1704 2481 I
1720 2461 1782 2489 cap.

994 2503 1027 2531 15
1041 2503 1146 2538 (Rosw.
1164 2503 1182 2529 l.
1201 2502 1219 2529 I.
1235 2510 1262 2537 p.
1280 2502 1343 2534 550,
1360 2502 1401 2536 2).

1030 2550 1085 2585 (15)
1103 2549 1163 2576 Vita
1189 2549 1334 2584 Onuphrii.
1357 2548 1412 2575 VV.
1443 2547 1494 2574 PP.
1510 2547 1602 2574 Rosw.
1624 2554 1650 2581 p.
1672 2546 1706 2574 99
1721 2554 1782 2580 sqq.

993 2596 1031 2623 De
1045 2596 1197 2624 eoenobitis
1217 2600 1243 2623 et
1259 2595 1431 2622 anachoretis
1443 2593 1479 2621 cf.
1499 2593 1528 2620 S.
1550 2593 1660 2620 Hieron.
1681 2601 1724 2626 ep.
1736 2591 1782 2624 2'2,

994 2641 1063 2677 Opp.
1075 2642 1119 2669 eil.
1141 2641 1229 2676 Migne
1247 2640 1279 2667 T.
1301 2641 1309 2667 I
1327 2639 1441 2676 [PatroL
1458 2639 1490 2666 T.
1508 2638 1589 2674 XXII]
1605 2646 1631 2673 p.
1648 2638 1700 2666 419
1721 2647 1782 2673 sqq.

994 2687 1120 2716 Cassian.
1137 2687 1206 2714 Coll.
1223 2685 1306 2713 XVIII
1319 2694 1379 2720 cap.
1397 2685 1414 2713 4
1430 2693 1491 2720 sqq.
1509 2683 1577 2719 Opp.
1596 2685 1640 2712 ed.
1660 2684 1784 2712 Gazzieus

995 2742 1022 2769 p.
1039 2733 1091 2761 516
1105 2741 1178 2768 sqq.,
1195 2732 1285 2767 Migne
1305 2731 1405 2759 Patrol.
1421 2731 1452 2758 T.
1472 2730 1555 2758 XLIX
1570 2739 1597 2765 p.
1612 2731 1692 2758 1095.

1030 2778 1087 2813 (14)
1113 2777 1141 2804 In
1165 2778 1245 2808 libro.
1263 2777 1310 2812 qui
1333 2777 1481 2812 inscriptus
1491 2781 1533 2804 est
1551 2775 1649 2811 Capita
1665 2776 1784 2810 practica

998 2825 1030 2852 ad
1046 2822 1350 2852 Anatolium.'Galland.
1364 2822 1434 2851 Bibl.
1447 2823 1499 2852 PP.
1512 2822 1544 2850 T.
1559 2822 1603 2849 VII
1618 2831 1643 2857 p.
1659 2822 1712 2851 555
1722 2831 1784 2857 sqq.

1033 2871 1089 2905 (15)
1107 2870 1151 2898 CI.
1165 2870 1198 2897 de
1213 2870 1408 2896 coenobiorum
1427 2869 1559 2897 institutis
1573 2869 1618 2896 Iih.
1637 2869 1643 2894 I
1660 2868 1784 2896 Cassiani

997 2916 1065 2952 Opp.
1086 2917 1130 2944 ed.
1147 2915 1270 2944 Gazaeus
1289 2923 1316 2952 p.
1336 2915 1354 2942 4
1368 2923 1442 2952 sqq.,
1455 2915 1545 2951 Migne
1563 2915 1581 2942 I.
1597 2915 1615 2942 I.
1631 2923 1657 2948 ιι.
1671 2914 1704 2942 59
1722 2921 1784 2948 sqq.
