2038 3156
251 185 269 214 ’1
653 183 703 212 SS.
724 183 954 211 MACARIORUM
975 183 1137 212 AEGYPTII
1152 184 1196 212 ET
1212 184 1447 213 ALEXANDBINI
1852 178 1871 208 ⁸

255 253 348 285 quam
375 243 474 274 aviam
500 242 698 274 solitudinem
724 246 865 280 noverat,
889 243 945 274 sed
962 243 1034 283 qui-
1049 246 1072 275 Δ
1085 244 1182 282 dicas,
1194 253 1310 276 novum
1321 244 1479 285 quoddam
1495 242 1632 282 martyrii
1646 250 1755 281 genus,
1771 241 1870 282 quod,

253 301 380 333 cunque
393 293 426 323 in
444 291 553 323 Christi
566 292 714 322 servitute
732 292 857 323 sibimet
878 292 941 332 ipsi
958 300 1034 332 pro-

251 341 344 372 desse
359 340 514 380 cupiebat,
530 348 596 370 non
609 339 704 379 longe
718 349 736 371 a
751 349 807 371 sua
822 340 928 371 villula
942 349 1035 381 sepa-

252 395 337 422 ratus
350 391 569 422 instituebatur
586 389 638 432 (1).
657 402 670 419 ιο
689 391 720 421 S.
736 391 888 422 Antonius
901 400 987 429 vero,
1002 391 1038 422 li-

251 444 302 472 cet
315 441 376 471 vita
391 441 458 472 eius
472 439 587 471 multos
601 443 705 480 patres
718 440 757 471 ad
772 440 977 472 imitationem
991 440 1037 472 in-

254 491 467 528 ﬂammaverit,
484 494 515 521 et
530 502 542 518 ιι
561 491 681 522 cunctis
696 490 735 521 ad
749 490 933 522 imitandum
948 500 1037 531 prae-

251 542 335 573 clare
350 541 509 582 proposita
528 540 567 581 (2)
587 553 601 569 »
622 549 738 571 novum
752 540 840 572 illum
855 541 894 572 ad
914 549 1036 573 eremos

250 600 440 624 concursum
449 591 580 622 multum
593 591 794 631 promoverit,
809 591 939 622 minime
952 591 1036 623 hunc

250 643 432 674 interiorem
453 642 554 680 gentis
576 641 746 681 Aegyptiae
769 641 948 680 religiosum
972 634 1038 672 ani-

252 694 295 725 mi
305 701 431 725 sensum
445 696 563 723 temere
578 693 763 732 procreavit,
775 701 884 723 verum
896 695 1037 732 tempora

251 744 304 775 illa
324 743 456 782 Aegypti
479 742 518 773 ad
537 744 565 779 6
587 742 680 773 vitam
703 742 920 774 monachicam
943 750 1036 782 quam

251 793 389 825 maxime
417 793 619 824 inclinabant.
645 804 659 821 (ι
677 793 752 824 Post
783 793 1036 832 persecutionem

252 840 434 873 Diocletiani
444 845 474 873 et
485 841 661 872 Maximiani
671 841 845 873 crudelium
857 842 1037 882 principum

252 892 418 924 multitudo
439 892 579 930 gentium
603 891 648 929 [in
673 892 873 930 monasteria]
900 891 1035 929 intravit,

252 946 283 974 et
312 942 486 974 fecunditas
499 941 658 973 Ecclesiae
678 941 799 973 fructus
826 941 1036 982 amplissimos

251 994 356 1034 coepit
376 993 524 1024 exhibere
547 992 600 1033 (3).
620 1004 634 1021 ιο
654 994 729 1023 Nam
750 1003 764 1021 οι
789 988 1044 1029 considerantes,

251 1045 306 1085 qui
320 1045 360 1076 de
378 1045 522 1084 gentibus
538 1045 571 1075 in
589 1043 709 1074 Christo
724 1043 932 1080 crediderant,
951 1051 1036 1073 mar-

251 1099 355 1135 tyrum
374 1095 548 1135 passiones,
571 1102 746 1134 eorumque
769 1094 927 1125 sincerum
955 1093 1037 1124 circa

251 1145 406 1176 Christum
421 1144 629 1177 confessionis
642 1144 801 1181 aﬁ‘ectum,
818 1146 992 1183 coeperunt
1006 1145 1037 1173 et

251 1196 312 1236 ipsi
340 1204 398 1236 per
424 1195 552 1235 gratiam
577 1195 702 1226 Domini
734 1195 920 1225 Sanctorum
941 1193 1037 1224 vitam

251 1245 584 1284 conversationemque
607 1244 730 1281 sectari,
753 1247 785 1274 et
804 1243 897 1274 huius
915 1243 1039 1273 institu-

250 1296 346 1327 tionis
362 1303 440 1332 esse,
456 1298 491 1326 ut
505 1295 598 1325 etiam
617 1293 665 1324 his
679 1293 757 1324 illud
776 1295 935 1333 aptaretur
950 1293 1036 1332 Apo-

251 1346 323 1378 stoli
345 1356 350 1376 :
373 1345 600 1377 Circumierunt
617 1344 651 1375 in
672 1343 796 1375 melotis
810 1367 818 1380 ,
846 1343 880 1374 in
901 1342 1038 1383 pellibus

250 1396 398 1437 caprinis,
425 1398 565 1434 egentes,
591 1394 768 1433 angustiati,
791 1393 905 1430 afﬂicti,
921 1393 1038 1432 quibus

251 1456 316 1479 non
333 1450 399 1478 erat
413 1446 526 1485 dignus
542 1444 691 1481 mundus,
707 1444 741 1474 in
756 1443 976 1475 solitudinibus
991 1452 1039 1474 er-

251 1501 356 1530 rantes
373 1500 403 1528 et
416 1496 587 1532 montibus,
611 1494 645 1525 in
669 1494 828 1534 speluncis
853 1497 883 1524 et
897 1493 1038 1524 cavernis

250 1553 352 1579 terrae
368 1546 420 1587 (4).
438 1559 452 1575 »
468 1545 562 1577 Vides
576 1545 713 1576 studium
727 1544 877 1584 martyrii,
891 1544 1037 1575 timorem

1086 303 1150 334 quo
1167 295 1264 334 magis
1285 295 1426 335 ipsorum
1446 293 1635 325 voluntatem
1655 293 1737 323 Deus
1756 292 1871 323 ducere

1086 343 1267 383 dignaretur
1283 344 1322 375 ad
1336 344 1466 381 exitum,
1490 342 1552 383 ipsi
1575 342 1634 373 sibi
1654 341 1871 382 imponebant,

1086 400 1121 424 ac
1132 397 1280 433 tanquam
1289 393 1370 424 viam
1384 392 1604 433 perfectiorem
1618 392 1872 431 securioremque

1086 443 1145 474 sibi
1163 443 1329 481 eligebant,
1343 441 1535 473 saecularem
1548 442 1653 478 vitam,
1667 440 1698 471 id
1714 439 1799 480 quod
1813 440 1871 471 be-

1086 502 1127 524 ne
1148 493 1305 530 observes,
1321 493 1450 524 m-inime
1465 492 1674 532 despicientcs
1688 491 1739 532 (5).
1757 492 1801 522 Ex
1817 487 1872 522 illo

1086 547 1191 575 autem
1209 543 1360 574 interiore
1382 547 1514 580 tantum,
1532 542 1618 583 quod
1632 542 1760 582 Spiritus
1777 542 1871 572 effer-

1085 603 1216 625 vescens
1230 597 1387 634 operatur,
1403 593 1559 624 desiderio
1576 593 1745 624 sanctitatis
1763 598 1872 623 exem-

1087 643 1205 684 ploque
1222 652 1241 675 a
1258 644 1386 675 senibus
1401 643 1515 674 sanctis
1537 642 1578 674 ad
1596 642 1780 673 imitandum
1795 650 1872 682 pro-

1087 695 1192 735 posito
1206 693 1355 734 explicari
1380 696 1496 734 potest,
1520 692 1605 733 quod
1625 696 1690 723 tota
1706 692 1794 732 quasi
1810 694 1871 723 Ae-

1087 748 1202 785 gyptus
1217 753 1309 776 senes
1322 745 1347 780 7
1361 744 1433 775 illos
1451 744 1485 775 in
1498 743 1622 774 deserto
1642 743 1683 774 sit
1706 747 1824 780 secuta,
1841 746 1872 774 et

1087 804 1150 826 una
1173 804 1243 826 cum
1275 795 1313 825 iis
1344 794 1560 825 lubentissime
1580 793 1769 833 asperrimos
1793 794 1873 825 vitae

1087 845 1212 876 labores
1242 844 1360 881 tulerit,
1388 844 1474 884 quod
1498 847 1570 884 post
1590 853 1646 875 sex
1675 843 1723 875 vel
1752 847 1873 884 septem

1089 894 1243 926 decennia
1272 895 1465 926 vastissimae
1500 894 1686 926 solitudines
1714 898 1873 926 monaste-

1087 945 1142 976 riis
1162 945 1340 985 sanctisque
1362 945 1436 976 viris
1463 944 1505 976 ita
1529 944 1646 975 fuerint
1666 943 1811 982 refertae,
1827 947 1874 982 ut,

1088 1006 1102 1022 α
1120 995 1229 1034 quanti
1248 994 1360 1035 populi
1382 994 1578 1025 habebantur
1594 994 1629 1024 in
1647 994 1788 1031 urbibus,
1804 997 1875 1024 tan-

1086 1047 1136 1075 tae
1150 1053 1251 1084 paene
1265 1045 1298 1075 in
1313 1044 1443 1075 desertis
1458 1043 1649 1075 haberentur
1660 1043 1876 1075 multitudines

1086 1095 1314 1126 monachorum
1331 1094 1384 1136 (6),
1400 1105 1416 1123 »
1432 1094 1518 1135 quod
1532 1093 1571 1125 ad
1590 1093 1756 1125 horribiles
1778 1094 1876 1126 Scetis

1087 1144 1174 1176 locos
1191 1153 1209 1176 e
1223 1145 1339 1185 palatio
1355 1144 1502 1175 Arsenius
1517 1144 1572 1184 (7),
1589 1152 1607 1175 e
1626 1144 1774 1176 mollibus
1789 1144 1878 1176 aedi-

1086 1195 1146 1226 bus
1160 1195 1290 1226 iuvenes
1304 1198 1433 1226 tenerae
1445 1194 1555 1226 aetatis
1572 1193 1613 1235 (8)
1633 1195 1673 1226 ad
1691 1195 1814 1226 labores
1827 1195 1878 1226 vix

1086 1245 1236 1276 ferendos
1272 1245 1522 1286 properaverint,
1547 1244 1634 1284 quod
1661 1245 1758 1276 Nitria
1788 1254 1880 1276 mons

1087 1294 1231 1334 quinque
1252 1294 1393 1325 millibus
1413 1294 1466 1335 (9),
1493 1294 1582 1325 Scete
1608 1302 1722 1333 magno
1746 1302 1879 1325 numero

1087 1344 1316 1376 monachorum
1327 1344 1401 1385 (10),
1414 1345 1507 1376 Cellia
1516 1345 1690 1376 innumeris
1698 1344 1877 1375 abundave-

1087 1394 1150 1424 rint
1164 1394 1285 1425 cellulis
1296 1393 1370 1434 (11),
1382 1395 1527 1434 regiones
1541 1395 1580 1426 ad
1591 1394 1761 1435 Memphim
1776 1398 1806 1425 et
1819 1395 1880 1425 Ba-

1087 1444 1239 1484 bylonem
1275 1444 1471 1484 pertinentes
1498 1444 1619 1483 ingenti
1653 1443 1879 1475 monachorum

1087 1493 1288 1524 multitudine
1311 1493 1487 1524 aﬁluxerint
1507 1492 1580 1533 (12),
1603 1492 1684 1523 circa
1700 1492 1803 1523 Nilum
1818 1501 1879 1522 nu-

1089 1543 1300 1575 merosissima
1318 1547 1487 1584 conspecta
1507 1543 1570 1574 sint
1592 1543 1780 1574 monasteria
1798 1541 1878 1582 (13),

251 1597 317 1633 Dei,
336 1599 429 1636 atque
451 1603 558 1626 curam
578 1603 670 1625 verae
689 1594 795 1625 salutis
809 1594 932 1624 animae
955 1593 1038 1625 viros
1051 1590 1072 1619 C
1090 1593 1176 1634 quod
1185 1593 1338 1634 Serapion
1349 1593 1417 1631 fere
1427 1593 1536 1624 decem
1547 1593 1643 1624 millia
1653 1592 1880 1624 monachorum

251 1647 323 1678 illos
332 1646 366 1677 in
380 1654 521 1677 eremum
536 1645 694 1682 eduxisse,
708 1645 742 1675 in
752 1653 814 1684 qua
823 1644 917 1675 vitam
927 1645 960 1675 in
973 1645 1038 1675 Deo

251 1696 437 1729 collocatam
455 1696 604 1732 viverent,
629 1697 660 1725 et
679 1697 781 1725 morte
795 1702 853 1734 pro
871 1693 991 1725 Christo
1005 1694 1038 1725 in

253 1746 525 1787 persecutionibus
547 1744 712 1776 subeunda
734 1752 800 1775 non
816 1744 935 1783 dignati
953 1752 1038 1775 nunc

252 1797 312 1828 sibi
328 1797 388 1837 ipsi
411 1799 442 1827 et
464 1795 584 1826 mundo
607 1798 816 1831 morerentur,
836 1797 870 1825 ut
887 1802 1037 1833 exsurge-

254 1850 323 1878 rent
336 1847 370 1877 in
388 1846 519 1877 Christo.
541 1845 796 1876 Anachoreticam
816 1847 848 1874 et
868 1844 1038 1875 solitariam

253 1898 355 1938 quarti
377 1896 494 1928 saeculi
511 1896 603 1927 vitam
619 1895 834 1926 continuatum
855 1895 1038 1935 martyrium

290 1972 327 2008 (1)
343 1972 403 1999 Vita
421 1971 450 1999 S.
468 1971 597 2003 Antonii,
615 1970 644 1998 S.
662 1970 763 1998 Athan.
779 1969 849 2005 Opp.
870 1970 890 1997 l.
909 1970 926 1997 l.
941 1977 968 2005 p.
986 1969 1039 1997 631

254 2019 325 2053 (cap.
343 2018 381 2052 5),
397 2016 454 2044 νγ.
475 2016 527 2044 PP.
545 2016 638 2044 Rosw.
656 2024 682 2051 p.
699 2015 745 2048 56,
757 2015 775 2042 2
791 2015 862 2050 (cap.
878 2015 915 2050 5).

290 2063 328 2099 (2)
343 2063 404 2090 Vita
419 2064 449 2090 S.
467 2063 609 2090 Pachomii
632 2070 694 2097 cap.
712 2061 739 2095 1,
757 2061 813 2089 VV.
826 2061 879 2089 PP.
904 2061 996 2089 Hosw.
1012 2069 1037 2096 p.

256 2108 318 2140 115,
333 2108 360 2134 2.

291 2154 328 2188 (δ)
345 2153 412 2180 Ibid.
427 2160 454 2188 p.
472 2153 534 2184 ιιι,
550 2153 577 2180 ι.

291 2198 329 2233 (4)
345 2198 453 2233 Prolog.
467 2198 495 2225 in
506 2197 595 2225 Vitam
609 2197 639 2224 5.
653 2196 805 2227 Pachomii.
817 2196 884 2224 ibid.
897 2204 925 2232 p.
938 2197 1000 2228 113,
1014 2197 1040 2224 1.

291 2244 330 2280 (5)
354 2242 512 2275 Revelatur,
540 2243 725 2278 Paphnutium
756 2242 903 2270 sanctitate
926 2242 1041 2269 similem

243 2298 318 2318 .esse
329 2289 527 2325 symphoniaco
540 2287 660 2321 cuidam,
674 2288 721 2323 qui
733 2287 761 2315 in
776 2288 836 2315 vico
848 2287 965 2323 quodam
977 2295 1043 2315 can-

258 2336 333 2364 tandi
351 2339 410 2363 arte
424 2336 526 2363 victum
542 2335 703 2370 quaerebat.
720 2333 843 2361 Eundem
858 2334 994 2362 revelatur
1006 2334 1043 2362 si-

259 2383 348 2409 milem
363 2390 426 2410 esse
444 2382 603 2417 praeposito
618 2381 671 2408 vici
687 2380 832 2408 cuiusdam
852 2380 946 2408 vicini.
969 2379 1042 2408 Idem

259 2428 404 2456 sanctitate
416 2428 513 2456 similis
528 2427 665 2455 iudicatur
681 2427 846 2463 negotiatori
859 2426 1043 2454 Alexandrino

258 2474 353 2509 viginti
372 2475 493 2502 millibus
515 2473 667 2502 solidorum
686 2473 864 2501 mercimonia
889 2473 979 2502 tribus
994 2481 1045 2501 na-

258 2521 339 2548 vibus
357 2520 491 2548 deferenti
507 2528 540 2548 ex
556 2519 705 2548 Thebaide.
726 2519 785 2547 VV.
810 2519 863 2547 PP.
885 2520 978 2548 Rosw.
994 2520 1043 2548 lib.

259 2566 280 2593 ll
292 2574 352 2601 cap.
365 2566 400 2594 16
414 2575 442 2602 p.
458 2567 512 2594 475
528 2574 589 2601 sqq.
602 2575 610 2598 ;
623 2566 694 2593 Hist.
709 2565 793 2593 Laus.
808 2565 852 2593 ed.
864 2565 966 2594 Meurs.
982 2573 1044 2601 cap.

261 2613 304 2645 Η,
319 2612 365 2644 1.5.
383 2613 427 2640 46.
445 2613 563 2640 Macario
578 2620 631 2640 vox
648 2613 696 2640 Dei
716 2622 722 2640 :
751 2622 760 2639 ι
779 2613 891 2646 Macari,
909 2623 918 2639 ι
945 2613 1043 2648 inquit,

262 2667 273 2683 ι
289 2658 403 2685 necdum
421 2657 455 2684 ad
470 2664 628 2685 mensuram
642 2657 760 2685 duarum
779 2657 925 2685 mulierum
948 2666 1044 2693 perve-

260 2705 336 2737 nisti,
353 2712 424 2739 quae
438 2704 466 2731 in
483 2705 611 2739 proxima
630 2704 734 2739 pariter
752 2704 877 2731 habitant
891 2704 1013 2732 civitate.
1033 2713 1042 2730 I

261 2751 327 2778 Ibid.
341 2751 389 2778 lib.
406 2749 440 2777 ll]
453 2757 515 2785 cap.
533 2750 567 2778 97
580 2758 608 2785 p.
621 2750 684 2782 515,
702 2750 728 2777 1.
750 2749 828 2776 Talia
844 2757 910 2778 vero
923 2750 1046 2786 exempla

261 2797 289 2824 in
309 2795 363 2823 VV.
381 2795 433 2822 PP.
448 2796 534 2823 multa
549 2796 737 2823 inveniuntur.

296 2842 335 2878 (6)
351 2841 403 2869 vv.
423 2841 475 2868 PP.
494 2841 587 2870 Rosw.
601 2842 649 2869 lib.
667 2841 688 2868 ιι
702 2849 763 2877 cap.
777 2841 794 2868 7
805 2842 909 2877 p.161,
924 2842 959 2874 2;
974 2841 1045 2869 Hist.

261 2887 342 2918 Laus.
357 2888 401 2916 ed.
417 2888 517 2916 Meurs.
538 2896 600 2924 cap.
615 2888 660 2920 52,
677 2889 745 2923 Opp.
763 2887 876 2916 Mcursii
893 2896 926 2917 ex
937 2896 1043 2917 recens.

260 2934 287 2961 J.
303 2933 379 2961 Lami
395 2933 549 2962 Florentiae
565 2934 633 2963 1716
649 2934 681 2962 Τ.
699 2934 755 2962 Vill
769 2942 795 2969 p.
813 2934 875 2962 497.

1089 1645 1205 1676 rexerit
1221 1643 1297 1684 (14),
1306 1644 1392 1684 quod
1401 1644 1434 1675 in
1447 1644 1602 1675 Tabennis
1615 1643 1797 1675 Pachomius
1810 1652 1881 1683 per-

1091 1695 1242 1733 grandem
1255 1694 1385 1725 fratrum
1402 1694 1527 1734 copiam
1536 1694 1643 1734 regula
1657 1693 1793 1724 tenuerit
1806 1693 1878 1734 (15),

1093 1746 1205 1778 civitas
1218 1749 1323 1777 autem
1337 1745 1544 1786 Oxyrynchus
1557 1746 1591 1776 in
1603 1745 1760 1776 Thebaide
1774 1753 1882 1775 mona-

1091 1796 1159 1828 chis
1168 1795 1263 1827 fuerit
1273 1795 1464 1827 intrinsecus
1474 1799 1505 1827 et
1516 1796 1710 1826 extrinsecus
1721 1794 1839 1834 repleta
1850 1797 1881 1825 et

1092 1846 1295 1884 circumdata,
1307 1847 1375 1878 eius
1389 1846 1484 1878 aedes
1493 1846 1638 1887 publicae
1653 1854 1711 1877 nec
1726 1854 1791 1876 non
1804 1848 1880 1876 tem-

1092 1897 1143 1937 pla
1149 1898 1296 1938 antiquae
1302 1897 1554 1938 superstitionisa
1562 1895 1883 1928 monachisinhabita—

1128 1972 1166 2009 (7)
1187 1972 1274 2000 Index
1290 1971 1429 2000 Roswcidi
1447 1979 1472 2000 s.
1487 1980 1513 1999 ν.
1530 1971 1666 2000 Arseniuc.

1127 2019 1166 2054 (8)
1189 2017 1247 2046 vv.
1265 2017 1318 2045 PP.
1342 2017 1435 2045 Rosw.
1453 2018 1502 2045 lib.
1523 2016 1558 2044 γι
1573 2017 1657 2045 libell.
1673 2018 1700 2050 δ,
1720 2018 1756 2051 2;
1782 2018 1830 2045 lib.
1847 2017 1880 2045 ιιι

1091 2072 1152 2100 cap.
1170 2064 1232 2091 19$.
1247 2063 1291 2090 Cf.
1310 2063 1382 2090 infra
1399 2062 1486 2097 Caput
1503 2061 1549 2090 Vl.

1127 2111 1166 2145 (9)
1181 2110 1253 2137 Hist.
1269 2108 1353 2137 Laus.
1371 2109 1390 2136 l.
1407 2109 1426 2135 l.
1442 2116 1503 2143 cap.
1524 2108 1541 2136 8
1554 2116 1581 2144 p.
1599 2108 1664 2136 559.

1128 2157 1185 2192 (10)
1200 2156 1243 2184 Cf.
1260 2156 1332 2183 infra
1347 2155 1436 2190 Caput
1450 2154 1483 2181 ll.

1128 2203 1184 2238 (11)
1199 2201 1258 2230 νιν.
1274 2201 1328 2230 ΡΡ.
1351 2201 1442 2229 Rosw.
1469 2201 1517 2228 lib.
1534 2200 1569 2228 Ill
1584 2208 1645 2236 cap.
1664 2201 1700 2229 26
1719 2210 1747 2237 p.
1764 2202 1827 2234 501.
1846 2198 1877 2231 ίῖ

1093 2251 1141 2278 lib.
1159 2248 1181 2276 ll
1200 2257 1262 2284 cap.
1277 2248 1313 2276 22
1330 2256 1358 2284 p.
1373 2248 1435 2281 478,
1451 2247 1478 2275 1.

1129 2295 1185 2331 (12)
1199 2294 1266 2322 Ibid.
1281 2294 1330 2321 lib.
1347 2292 1368 2321 II
1383 2301 1444 2329 cap.
1460 2292 1494 2320 18
1507 2300 1533 2328 p.
1552 2292 1652 2325 476,1.

1129 2341 1185 2376 (1'5)
1204 2341 1281 2375 Sulp.
1298 2339 1361 2367 Sev.
1377 2339 1446 2367 Dial.
1461 2339 1545 2374 lcap.
1561 2339 1661 2371 10.17,
1674 2338 1800 2367 Galland.
1812 2339 1881 2367 Bibl.

1093 2387 1146 2414 PP.
1164 2386 1196 2414 Τ.
1217 2385 1273 2414 νιιι
1291 2394 1317 2414 ι).
1335 2386 1398 2414 405.
1416 2385 1481 2418 407,
1496 2385 1588 2420 Migne
1607 2384 1711 2412 Patrol.
1732 2384 1765 2412 T.
1788 2383 1835 2411 ΧΧ
1857 2393 1883 2420 p.

1095 2433 1157 2462 190.
1174 2432 1236 2460 195.

1130 2479 1187 2514 (14)
1205 2476 1264 2505 νν.
1281 2476 1336 2506 ΡΡ.
1357 2477 1451 2505 Rosw.
1471 2477 1519 2504 lib.
1543 2475 1564 2503 ll
1581 2483 1642 2511 cap.
1661 2475 1695 2503 18
1716 2483 1743 2510 p.
1766 2475 1830 2508 476,
1848 2475 1883 2508 1;

1096 2522 1168 2552 Hist.
1183 2523 1267 2551 Laus.
1282 2530 1344 2558 cap.
1358 2523 1389 2549 77
1402 2522 1472 2558 Opp.
1483 2522 1584 2551 Meurs.
1595 2523 1614 2549 l.
1629 2522 1648 2550 1.
1663 2529 1690 2557 p.
1701 2522 1762 2549 537.
1775 2521 1885 2550 Codici-

1096 2570 1149 2598 bus
1163 2569 1426 2597 Vindobonensibus
1450 2569 1588 2597 Historiae
1604 2569 1755 2597 Lausiacae
1769 2569 1838 2597 nihil
1852 2569 1887 2597 de

1098 2618 1248 2654 Serapione
1267 2618 1435 2650 continetur,
1453 2617 1490 2645 cf.
1513 2617 1628 2645 Palladii
1647 2617 1796 2645 Historiam
1814 2617 1887 2644 Lau-

1097 2665 1197 2691 siacam
1205 2664 1239 2691 ad
1250 2663 1349 2691 codicis
1364 2663 1573 2691 Vindoboneusis
1590 2664 1670 2699 ﬁdem
1684 2672 1701 2690 a
1714 2664 1789 2691 nobis
1804 2663 1888 2691 brevi~

1099 2715 1138 2736 ter
1147 2709 1317 2741 delineatam,
1330 2708 1401 2737 infra
1417 2710 1482 2737 huic
1494 2713 1605 2737 nostrae
1621 2709 1737 2737 editioni
1750 2708 1888 2737 Historiae

1097 2755 1248 2783 Lausiacae
1263 2756 1461 2791 praepositam.

1134 2802 1191 2837 (15)
1200 2801 1262 2829 Vita
1273 2801 1303 2830 S.
1315 2801 1529 2835 Pachomii,VV.
1540 2801 1593 2828 PP.
1606 2800 1697 2828 Rosw.
1713 2808 1740 2836 p.
1751 2800 1803 2827 112
1814 2807 1887 2835 sqq.;

1098 2846 1156 2874 VV.
1176 2846 1227 2874 PP.
1241 2847 1333 2875 Rosw.
1350 2847 1399 2875 lib.
1416 2847 1449 2873 Ill
1471 2854 1533 2881 cap.
1559 2847 1612 2880 54;
1634 2846 1705 2873 Hist.
1722 2845 1805 2873 Laus.
1825 2851 1887 2879 cap.

1098 2892 1143 2924 '59,
1159 2891 1227 2927 Opp.
1245 2892 1345 2920 Meurs.
1359 2894 1377 2920 l.
1395 2894 1413 2920 I.
1428 2894 1461 2928 'p.
1481 2892 1543 2920 154.
1564 2892 1760 2920 Monasterium
1780 2898 1891 2926 quoque

1099 2938 1238 2972 virginum
1254 2937 1282 2965 S.
1297 2937 1464 2968 Pachomius
1480 2939 1569 2967 sorori
1580 2946 1646 2967 suae
1663 2937 1811 2967 exstruxit.
1830 2935 1891 2965 Vita
