2038 3156
911 197 1024 228 νιΤΑΕ.

168 249 198 276 ta
207 245 281 283 sint,
293 249 325 278 et
329 255 389 304 per
395 249 585 304 totamillam
596 251 748 284 civitatem
760 254 859 286 multo
866 255 955 295 plura
969 261 993 288 Α
1007 258 1139 298 ceditur,
1152 264 1183 292 et
1197 263 1440 294 extraordinaria
1456 266 1598 304 tempora
1620 272 1684 296 non
1706 267 1792 297 ordia

168 299 368 336 monasteria,
378 308 470 339 quam
480 300 590 332 domus
600 303 830 341 exstiterint,ita
836 308 871 336 ut
876 306 951 338 urbs

166 350 231 379 tota
243 357 305 380 una
316 350 448 382 ecclesia
457 359 525 382 esse
535 352 703 390 videretur,
716 357 811 395 atque
824 356 951 396 episco-

165 407 225 439 pus
235 399 296 431 loci
305 400 414 440 viginti
423 402 677 444 milliavirginum
692 407 722 436 et
732 405 841 437 decem
855 407 951 440 millia

165 450 394 483 monachorum
412 454 441 489 8
462 453 540 484 inibi
562 454 701 487 habitare
715 456 881 489 affirmaret
895 458 949 499 (1).

164 501 208 531 Ex
224 501 348 533 interno
371 505 489 534 tantum
506 506 647 545 martyrii
662 515 767 544 sensu,
786 508 840 548 qui
853 511 951 540 totam

163 552 339 591 Aegyptum
349 552 572 592 inﬂammabat,
584 564 623 587 ex
635 556 787 596 adspectu
800 557 950 590 libidino-

163 609 217 631 sae
238 609 409 641 paucorum
424 612 618 643 paganorum
630 606 722 644 vitae,
741 616 781 639 ex
793 608 951 641 desiderio

163 654 323 683 anteactae
340 653 419 684 vitae
433 655 590 687 severiore
610 656 774 697 disciplina
788 658 948 697 corrigen-

162 700 232 738 dae,
253 710 271 733 e
284 711 397 734 senum
411 705 609 737 eremitarum
624 708 808 745 constantia,
824 709 949 748 patien-

162 751 214 787 tia,
230 751 407 791 virtutibus,
422 755 580 786 miraculis
594 757 649 787 Dei
667 765 729 798 ope
743 758 881 798 patratis,
897 759 949 790 in-

161 801 258 840 telligi
272 805 378 842 potest
390 804 443 835 ille
458 813 630 838 concursus
644 807 684 838 ad
701 809 889 840 monasteria
907 810 950 840 vi-

160 853 274 891 taeque
296 854 454 892 severitas,
489 865 570 896 quae
597 857 693 889 nimia
719 867 949 899 saepenumero

160 900 296 940 cuipiam
312 903 453 935 videatur
467 913 485 936 e
499 906 617 946 vulgari
629 916 719 939 more
732 909 892 950 modoque
902 910 949 941 iu-

159 950 287 989 dicanti,
297 956 391 994 atque
402 955 517 994 eﬂ‘ecit,
528 961 564 988 ut
575 962 709 990 exeunte
719 963 831 999 quarto
842 969 950 992 saecu~

159 1001 230 1033 culo
246 1004 406 1044 Aegyptus
429 1007 550 1038 cunctis
565 1009 655 1040 terris
671 1008 833 1048 religionis
846 1010 948 1042 facem

158 1053 351 1091 praetulerit.
373 1055 404 1086 S.
426 1055 637 1098 Hieronymus
661 1067 679 1090 e
701 1059 861 1098 Dalmatia,
879 1061 946 1092 Ru-

159 1103 240 1135 ﬁnus
258 1113 297 1136 ex
312 1106 409 1144 Italia,
435 1108 591 1149 Sulpicius
611 1110 743 1142 Severus
765 1119 782 1142 e
801 1112 947 1150 Massilia,

158 1154 306 1193 Evagrius
327 1164 344 1187 e
368 1158 480 1196 Ponto,
509 1160 664 1192 Palladius
684 1170 702 1192 e
726 1162 946 1194 Constantino-

159 1203 236 1243 poli,
257 1205 421 1238 Cassianus
443 1207 560 1249 aliique
583 1218 602 1241 e
619 1210 804 1248 Palaestina,
824 1212 948 1244 nobiles

159 1254 214 1284 viri
240 1258 272 1285 et
290 1255 426 1288 feminae
446 1257 504 1299 (2)
529 1267 547 1290 e
567 1261 668 1291 Roma
688 1262 863 1301 Aegyptum
887 1271 946 1302 pe-

159 1307 239 1342 tunt,
254 1308 289 1336 ut
303 1306 455 1346 adspectu
469 1311 500 1339 et
513 1310 743 1341 consuetudine
753 1319 865 1342 senum
878 1311 946 1343 fru-

160 1358 227 1386 ctus
250 1356 385 1396 Spiritus
404 1358 502 1389 sancti
525 1359 586 1390 sibi
611 1360 770 1400 colligant.
785 1362 830 1392 Ad
849 1363 946 1393 Fran-

159 1413 212 1436 cos
228 1406 269 1447 (3)
284 1416 387 1448 usque
407 1410 437 1440 et
461 1409 558 1440 Indos
574 1408 615 1451 (4)
629 1411 712 1442 fama
734 1412 944 1452 curationum,

159 1465 235 1496 quas
261 1466 319 1498 per
343 1467 434 1490 senes
457 1460 539 1491 Deus
563 1460 727 1498 efficiebat,
759 1463 944 1502 penetravit.

158 1507 317 1547 Aegyptus
330 1518 430 1540 unum
446 1511 682 1549 monasterium,
699 1512 788 1543 cuius
802 1513 884 1544 filiae
899 1522 948 1544 es-

157 1561 225 1588 sent
245 1559 333 1598 Syria
354 1564 385 1591 et
405 1561 578 1593 Palaestina
594 1561 634 1602 (5)
647 1587 655 1600 ,
679 1571 748 1593 esse
769 1563 944 1594 videbatur.

963 943 984 971 Β

1004 311 1101 342 uariis
1116 313 1236 345 normis
1246 314 1445 346 diiudicanda
1459 319 1541 346 sunt.
1554 315 1680 347 Simeon
1696 317 1792 357 Styli-

1004 363 1050 392 tes
1067 361 1107 403 (7)
1129 363 1193 400 ille,
1210 364 1265 405 qui
1286 368 1386 396 totum
1404 374 1506 406 paene
1522 366 1602 397 vitae
1620 370 1746 407 tempus
1758 367 1792 400 in

1004 409 1150 443 columna
1165 413 1276 451 stabat,
1290 417 1322 445 et
1335 414 1432 446 altero
1447 424 1530 454 genu
1545 420 1705 447 arescente
1724 425 1793 448 ver-

1003 461 1171 503 mibuSque
1195 472 1213 495 e
1234 473 1369 505 corpore
1393 465 1613 497 ebullientibus
1635 466 1669 497 in
1693 466 1792 498 altero

1004 518 1081 541 sano
1103 511 1266 543 insistebat
1281 513 1350 544 solo
1366 522 1424 554 per
1442 514 1581 553 integros
1597 515 1712 546 multos
1732 525 1791 546 an-

1003 567 1073 597 nos,
1098 561 1165 600 qui,
1185 571 1284 602 quum
1307 567 1406 594 mater
1424 563 1591 595 clamaret:
1606 566 1698 597 Pater
1720 569 1791 597 tuus

1003 614 1134 650 propter
1145 615 1176 643 te
1189 613 1313 645 tristitia
1323 614 1486 645 confectus
1496 615 1640 652 decessu,
1652 625 1688 647 ac
1702 616 1791 648 lacri-

1003 669 1070 691 mas
1085 661 1292 701 profunderet
1305 664 1532 702 acerbissimas,
1549 665 1592 696 ita
1609 669 1644 696 ut
1658 668 1790 698 testante

1002 710 1169 752 discipulo,
1193 714 1249 754 qui
1270 714 1363 746 vitam
1389 715 1458 746 eius
1480 715 1656 756 descripsit,
1680 724 1790 748 omnes

1002 761 1057 800 qui
1081 762 1211 794 aderant
1233 763 1356 801 flerent,
1376 764 1445 804 ipse
1468 765 1597 804 quidem
1622 777 1636 793 α
1660 765 1790 797 audiens

1001 820 1111 843 vocem
1124 813 1291 852 genetricis
1306 823 1380 845 suae
1403 815 1508 855 posuit
1521 815 1632 846 faciem
1647 824 1735 846 suam
1757 816 1790 847 in

1000 871 1112 894 manus
1135 873 1206 895 suas
1231 866 1261 896 et
1279 865 1412 905 ploravit
1439 874 1543 897 amare
1565 865 1622 906 (8),
1639 877 1654 894 ››
1675 867 1731 898 sed
1749 867 1789 899 de

1000 913 1165 953 proposito
1179 923 1238 945 suo
1258 913 1422 945 hominum
1437 915 1519 946 vires
1533 915 1704 947 excedente
1718 925 1788 947 mo-

999 963 1064 993 veri
1076 971 1141 994 non
1156 966 1279 1003 poterat
1295 972 1302 993 :
1318 963 1383 1001 ille,
1397 963 1680 1004 inquam.'Simeon
1693 965 1788 1005 Styli-

998 1015 1046 1044 tes
1064 1013 1140 1053 quid
1157 1022 1222 1044 non
1236 1014 1382 1054 exemplo
1397 1014 1570 1046 severitatis
1591 1023 1649 1046 suo
1664 1013 1787 1048 effecit!

999 1066 1076 1103 quot
1096 1072 1235 1103 paganos
1253 1064 1389 1096 incultos
1410 1064 1472 1096 hoc
1497 1065 1639 1096 inaudito
1662 1068 1787 1105 specta-

997 1113 1070 1144 culo
1086 1113 1206 1145 Christo
1221 1113 1359 1145 lucratus
1373 1113 1437 1145 esti
1455 1116 1571 1154 quanta
1590 1114 1727 1144 nominis
1738 1113 1787 1145 fa-

997 1171 1048 1194 ma
1061 1172 1120 1203 per
1132 1166 1231 1194 totum
1240 1163 1500 1204 percrebrescens
1511 1163 1668 1194 Orientem
1679 1163 1790 1195 inﬁde-

999 1211 1043 1244 les
1056 1214 1214 1244 concussit
1228 1217 1259 1244 et
1269 1213 1462 1245 Christianos
1472 1213 1691 1245 inﬂammavit!
1709 1215 1786 1244 Fru-

997 1267 1067 1294 ctus
1080 1267 1184 1295 autem
1195 1272 1291 1303 quam
1303 1264 1418 1295 uberes
1428 1272 1446 1294 e
1458 1263 1593 1294 mirabili
1606 1263 1661 1294 illo
1675 1263 1786 1294 Orien-

996 1314 1037 1345 tis
1056 1314 1096 1345 ad
1114 1314 1288 1353 angelicam
1313 1314 1408 1345 vitam
1433 1314 1539 1345 volatu
1561 1314 1594 1344 in
1615 1313 1787 1346 Ecclesiam

997 1363 1222 1401 redundarint,
1253 1367 1285 1394 et
1310 1367 1496 1403 argumento
1523 1366 1598 1394 sunt
1626 1363 1727 1402 quarti
1756 1367 1787 1394 et

998 1414 1100 1454 quinti
1115 1414 1232 1445 saeculi
1254 1415 1372 1451 Patres,
1395 1414 1449 1454 qui
1467 1417 1574 1445 sancto
1596 1414 1700 1445 studio
1719 1415 1787 1446 eius

996 1465 1149 1505 temporis
1170 1464 1279 1496 nutriti
1302 1465 1341 1496 ad
1355 1464 1522 1496 maximam
1540 1464 1627 1495 illam
1645 1465 1787 1496 sanctita-

996 1515 1036 1546 tis
1051 1518 1081 1546 et
1094 1515 1318 1554 magnitudinis
1330 1515 1501 1546 claritatem
1517 1514 1738 1552 evehebantur,
1756 1519 1787 1546 et

997 1567 1168 1598 ostendunt
1192 1570 1297 1598 cetera
1326 1575 1408 1606 quae
1436 1569 1612 1606 sequuntur
1642 1566 1784 1603 saecula,

156 1606 251 1638 Tanta
271 1617 345 1640 vero
360 1609 442 1641 inter
466 1619 576 1642 omnes
590 1611 763 1642 monachos
781 1612 946 1652 disciplina
960 1626 981 1655 ο
998 1618 1113 1657 quibus
1128 1617 1314 1648 monachica
1335 1616 1397 1648 vita
1421 1617 1461 1648 ad
1477 1616 1687 1648 occidentales
1703 1625 1784 1656 quo-

155 1657 289 1696 vigebat,
304 1662 433 1700 tamque
443 1661 521 1692 mire
532 1662 674 1702 quemvis
688 1662 828 1693 trahebat
841 1663 944 1694 senio-

997 1677 1059 1708 que
1074 1668 1219 1707 regiones
1238 1667 1381 1698 accessit.
1404 1667 1441 1698 In
1464 1675 1542 1707 quas
1561 1675 1578 1697 e
1601 1666 1786 1698 monachica

155 1718 223 1741 rum
239 1711 428 1751 exemplum,
447 1716 482 1743 ut
496 1712 560 1743 duo
572 1713 713 1751 iuvenes,
730 1716 858 1753 aegroto
871 1722 943 1745 ere-
997 1718 1068 1755 vita,
1084 1717 1256 1758 praecipue
1269 1717 1343 1748 inde
1363 1726 1381 1748 a
1400 1720 1544 1757 tempore
1559 1718 1591 1748 S.
1610 1717 1784 1755 Benedicti,

155 1761 248 1792 mitae
268 1762 347 1793 ﬁcus
361 1762 482 1803 aliquot
495 1763 662 1804 deportare
673 1765 762 1802 iussi,
776 1774 849 1797 cum
863 1775 880 1796 a
894 1766 942 1797 via

154 1812 360 1850 aberrassent,
382 1817 454 1853 post
467 1813 638 1845 nonnullos
651 1814 718 1846 dies
733 1815 874 1848 defuncti
893 1816 942 1848 fa—

154 1871 204 1893 me
218 1863 434 1894 invenirentur
456 1864 490 1895 in
510 1864 647 1903 deserto,
663 1865 788 1897 intactis
808 1867 941 1905 ﬁcubus,

154 1920 232 1951 quas
249 1917 378 1952 aegroto
391 1914 534 1945 tradituri
547 1914 673 1946 fuerant
684 1915 737 1956 (6).
749 1919 777 1955 9
791 1917 855 1953 Qua
869 1917 944 1948 obe-

154 1963 268 1995 dienlia
279 1964 432 2004 quosdam
446 1965 575 1996 modum
589 1966 761 1997 severitatis
773 1968 943 2000 excessisse

153 2013 203 2043 vix
219 2014 326 2053 negari
340 2018 457 2054 potest;
473 2015 528 2046 sed
542 2025 559 2047 e
572 2016 728 2047 contraria
744 2021 833 2057 parte
850 2018 943 2050 liber-

153 2063 222 2094 tatis
236 2068 331 2104 atque
346 2064 477 2096 inertiae
490 2065 605 2096 modus
622 2065 721 2098 multo
744 2068 870 2107 saepius
884 2077 941 2099 ex-

151 2144 234 2173 Pach.
251 2153 314 2182 cap.
339 2147 375 2174 28
391 2156 418 2182 p.
437 2148 507 2181 124,
525 2149 558 2182 1;
574 2148 612 2176 cf.
629 2149 703 2178 Ilist.
720 2149 804 2179 Laus.
829 2160 892 2187 cap.
909 2153 945 2181 40

151 2201 224 2228 sqq..
241 2193 307 2220 ibid.
324 2202 352 2229 p.
364 2195 418 2222 457
435 2203 494 2230 sqq.

187 2238 225 2274 (1)
242 2238 299 2266 VV.
315 2239 368 2266 PP.
385 2239 477 2267 Rosw.
491 2240 539 2268 lib.
551 2240 573 2268 ll
588 2249 649 2276 cap.
665 2241 862 2275 5;Paradisus
871 2244 941 2281 Opp.

151 2284 261 2313 Meursii
272 2285 305 2313 Τ.
315 2286 374 2314 Vill
390 2295 417 2322 p.
429 2287 501 2321 642;
516 2288 604 2316 Codd.
615 2288 753 2317 Vindobb.
765 2289 834 2319 Hist.
847 2291 941 2324 Laus,

151 2333 186 2361 cf.
195 2333 310 2361 Palladii
328 2333 478 2362 Historiam
500 2334 660 2362 Lausiacam
674 2335 709 2362 ad
725 2337 823 2364 codicis
843 2338 942 2365 Vindo~

152 2376 271 2406 tonantis
280 2377 359 2412 ﬁdem
369 2386 385 2405 α
394 2378 470 2405 nobis
485 2379 596 2406 breviter
611 2379 783 2414 delineatam,
793 2382 864 2409 infra
877 2383 942 2411 huic

150 2422 262 2450 editioni
272 2423 410 2452 Historiae
416 2423 567 2453 Lausiacae
574 2427 760 2461 praepositam
774 2437 781 2455 :
792 2428 866 2456 edita
876 2437 941 2457 vero

151 2471 315 2505 exemplaria
329 2470 468 2499 Historiae
483 2470 634 2500 Lausiacae
647 2473 682 2501 de
697 2473 863 2510 Oxyryncho
873 2476 941 2503 civi-

152 2519 206 2543 tate
220 2516 288 2544 nihil
305 2522 433 2545 narrant.
445 2517 483 2545 De
499 2520 678 2547 monasteriis
691 2520 812 2549 civitatis
826 2521 939 2550 Antinoi

152 2565 178 2590 in
188 2563 327 2592 Thebaide
338 2565 408 2592 sitae
420 2564 456 2592 cf.
470 2564 540 2593 Hist.
551 2565 634 2594 imus.
642 2567 686 2595 ed.
699 2567 801 2597 Meurs.
809 2576 871 2606 cap.
880 2571 925 2598 96.

183 2609 222 2645 (2)
240 2609 370 2642 Fabiola,
388 2611 490 2643 Paula,
504 2611 650 2646 Marcella,
666 2615 746 2647 aliae,
763 2623 880 2649 quarum
897 2618 939 2645 vi-

150 2659 192 2683 tas
217 2656 246 2683 S.
262 2656 445 2693 Hieronymus
464 2658 648 2692 pulcherrime
670 2661 795 2695 epistolis
817 2663 875 2690 suis
890 2663 939 2690 de-

150 2703 269 2737 scripsit.
289 2703 319 2730 ὃ.
339 2703 451 2732 Hieron.
467 2703 537 2740 Opp.
555 2704 599 2732 ed.
627 2705 716 2742 Higne
732 2706 764 2734 T.
783 2707 792 2734 Ι
810 2708 936 2744 [PatroL

153 2747 243 2784 χχιιι.

185 2793 223 2828 (5)
244 2793 304 2822 Vita
328 2795 358 2822 ὃ.
374 2794 522 2823 Hilarionis
551 2802 612 2831 cap.
631 2796 673 2829 l7,
692 2797 749 2825 VV.
768 2799 820 2827 PP.
841 2799 933 2829 Rosw.

149 2846 176 2874 p.
192 2839 237 2867 79.

185 2885 222 2919 (ιι)
241 2885 303 2912 Vita
330 2885 453 2912 Barlaam
469 2886 599 2914 ercmitae
612 2895 628 2914 a
643 2887 748 2918 Joanne
764 2890 933 2920 Datnasceno

148 2932 305 2967 conscripta
322 2940 383 2967 cap.
403 2932 427 2964 t,
448 2931 504 2960 VV.
524 2931 576 2960 PP.
592 2932 683 2961 Hosw.
700 2943 728 2970 p.
743 2936 805 2969 2t5,
824 2938 845 2964 l.

995 1768 1114 1800 fructus
1128 1768 1320 1800 redundasse
1334 1767 1556 1808 amplissimos,
1572 1776 1666 1799 nemo
1679 1772 1783 1807 negat.

1034 1820 1048 1857 ς,
1065 1818 1094 1849 4.
1115 1819 1176 1849 Sed
1199 1817 1401 1850 incommoda
1421 1825 1549 1857 quoque
1563 1825 1599 1847 ex
1615 1816 1785 1848 indiscreto

994 1870 1191 1910 quorundam
1203 1872 1234 1899 et
1243 1867 1512 1907 superabundanti
1522 1867 1626 1898 studio
1635 1867 1676 1907 (9)
1690 1867 1787 1898 inter-

994 1921 1068 1951 dum
1084 1927 1244 1950 emanasse
1259 1918 1420 1949 fatendum
1442 1921 1497 1948 est.
1521 1921 1572 1955 ιο
1586 1917 1675 1954 Quid,
1698 1917 1785 1957 quod

993 1967 1054 2007 ipsi
1067 1967 1250 1998 fundatores
1265 1969 1296 1997 et
1318 1966 1410 2006 primi
1429 1966 1513 1997 illius
1533 1966 1613 1996 vitae
1628 1968 1783 2002 auctores,

995 2026 1093 2057 quum
1117 2017 1230 2056 ingens
1260 2015 1425 2046 hominum
1451 2016 1620 2047 multitudo
1649 2015 1786 2046 cuiusvis

995 2068 1104 2099 aetatis
1124 2066 1291 2106 omnisque
1307 2066 1387 2097 vitae
1407 2065 1598 2097 conditionis
1620 2069 1715 2106 atque
1728 2074 1783 2105 ge-

1030 2151 1068 2186 (5)
1089 2150 1119 2178 S.
1135 2150 1259 2177 Hilarion
1277 2149 1316 2186 (i-
1338 2149 1388 2177 571
1398 2148 1466 2185 ),~S.
1488 2148 1598 2176 Antonii
1621 2148 1783 2184 discipulus,

995 2199 1083 2232 prima
1097 2196 1270 2225 Palaestinae
1283 2201 1311 2224 et
1327 2196 1424 2232 Syriae
1446 2195 1613 2223 monasteria
1633 2196 1783 2223 exstruxit.

994 2243 1022 2271 In
1043 2243 1123 2271 cuius
1137 2243 1192 2270 vita
1210 2243 1277 2270 haec
1303 2242 1453 2277 leguntur:
1475 2251 1484 2268 ε
1505 2241 1630 2269 Habebat
1653 2241 1785 2269 Dominus

991 2288 1073 2317 .Iesus
1088 2288 1117 2317 in
1132 2289 1256 2324 Aegypto
1274 2296 1367 2316 senem
1381 2288 1540 2321 Antonium,
1554 2287 1672 2315 habebat
1687 2287 1714 2314 in
1731 2286 1784 2313 Pa-

993 2335 1109 2363 laestina
1138 2334 1307 2363 Hilarionem
1341 2335 1488 2362 iuniorem.
1512 2343 1522 2360 ›
1556 2334 1618 2361 Vita
1647 2333 1782 2360 Hilarion.

990 2390 1052 2418 cap.
1069 2382 1113 2414 10,
1131 2381 1188 2409 VV.
1205 2381 1258 2409 PP.
1273 2381 1366 2409 Rosw.
1382 2389 1409 2416 p.
1427 2381 1473 2413 78.
1495 2381 1522 2408 1.
1537 2381 1574 2408 De
1596 2381 1626 2408 S.
1643 2379 1785 2407 Hilarionc

990 2429 1027 2456 cf.
1047 2428 1158 2456 Sozom.
1171 2427 1244 2456 Hist.
1263 2427 1337 2456 Eccl.
1352 2428 1401 2456 lib.
1416 2427 1450 2455 Ill
1463 2435 1524 2463 cap.
1540 2427 1574 2454 M
1585 2427 1629 2454 ed.
1646 2426 1784 2454 Henricus

992 2475 1120 2502 Valesius
1135 2482 1162 2510 p.
1180 2474 1233 2502 519
1246 2482 1321 2509 sqq,
1339 2479 1366 2501 et
1381 2473 1449 2509 Epp.
1463 2472 1491 2500 S.
1509 2473 1623 2500 Hieron.

1026 2521 1065 2557 (6)
1086 2521 1213 2548 Cassinn.
1230 2521 1276 2548 lib.
1299 2520 1320 2547 V
1338 2521 1373 2547 de
1390 2519 1460 2555 spir.
1478 2523 1564 2555 gastr.
1593 2525 1646 2553 cap
1660 2517 1705 2550 ιι),
1723 2515 1782 2545 VV.

989 2568 1043 2596 PP.
1058 2568 1151 2596 Rosw.
1174 2576 1201 2603 p.
1223 2567 1287 2598 551.
1306 2567 1331 2598 i,
1355 2566 1480 2594 Cassiani
1501 2565 1570 2601 Opp.
1591 2565 1635 2592 cd.
1659 2564 1783 2592 Calceus

990 2621 1017 2641 D.
1040 2613 1091 2640 105
1107 2621 1162 2648 sq.,
1181 2612 1270 2647 Migne
1284 2611 1388 2638 Patrol.
1404 2610 1437 2637 Τ.
1454 2610 1538 2637 XLIX
1555 2618 1583 2645 p.
1598 2610 1652 2637 265
1665 2618 1706 2645 sq.

1026 2658 1066 2694 (7)
1084 2657 1144 2685 VV.
1159 2657 1212 2685 PP.
1230 2657 1322 2684 Rosw.
1339 2665 1366 2692 p.
1384 2656 1436 2683 170
1449 2664 1511 2691 sqq.

1025 2704 1063 2739 (8)
1083 2703 1152 2731 Ibid.
1170 2711 1231 2738 cap.
1251 2703 1268 2730 8
1284 2711 1300 2738 p
1329 2702 1391 2735 172,
1409 2702 1436 2729 2.

1025 2750 1064 2784 (9)
1080 2748 1139 2777 Huc
1149 2750 1287 2784 pertinent
1298 2748 1410 2779 Valens,
1423 2747 1506 2780 Hero,
1518 2747 1781 2783 Ptolemaeus,virgo

990 2795 1078 2831 lapsa,
1092 2794 1259 2830 Stephanus,
1275 2794 1439 2829 Eucarpius,
1457 2794 1491 2822 de
1502 2794 1603 2829 quibus
1623 2799 1716 2822 narrat
1736 2794 1780 2821 Hi-

989 2842 1074 2868 storia
1093 2841 1228 2868 Lausiaca
1247 2841 1291 2868 ed.
1312 2841 1414 2869 Meurs.
1439 2849 1519 2876 capp.
1538 2841 1583 2868 3‘2.
1602 2842 1646 2869 55.
1667 2842 1712 2869 δι.
1729 2840 1774 2868 55.

989 2888 1050 2915 105.
1077 2888 1152 2915 Alios
1176 2887 1301 2914 infelices
1321 2887 1471 2916 monachos
1499 2892 1623 2916 recenset
1648 2888 1772 2915 Cassian.

986 2934 1054 2962 Coll.
1067 2933 1099 2961 ll.
1118 2941 1196 2970 capp.
1214 2934 1239 2962 5.
1257 2934 1282 2961 6.
1303 2933 1327 2960 7.
1343 2934 1370 2961 8.
