2038 3156
251 187 270 216 ⁸1
654 186 704 214 SS.
725 185 955 213 MACARIORUM
975 184 1137 213 AEGYPTII
1153 185 1197 213 ET
1212 185 1447 214 ALEXANDRINI
1862 178 1882 208 δ

255 255 349 288 quam
376 246 475 277 aviam
501 244 698 276 solitudinem
725 247 866 282 noverat,
889 244 945 276 sed
962 245 1034 285 qui-
1050 248 1072 276 A
1086 245 1183 284 dicas,
1194 254 1311 277 novum
1321 245 1480 286 quoddam
1495 243 1632 283 martyrii
1646 250 1755 282 genus,
1771 241 1880 282 quod,

254 304 381 336 cunque
394 295 427 326 in
445 294 554 325 Christi
567 294 715 324 servitute
733 294 857 325 sibimet
879 294 942 334 ipsi
959 302 1035 333 pro-

252 344 345 374 desse
360 342 515 383 cupiebat,
531 350 597 373 non
611 341 705 381 longe
719 351 737 373 a
752 351 808 373 sua
824 342 929 373 villula
943 351 1036 383 sepa-

253 398 338 425 ratus
352 394 570 424 instituebatur
586 392 639 433 (1).
657 404 672 421 ν
690 394 721 423 S.
737 393 889 424 Antonius
902 401 988 431 vero,
1002 393 1039 424 1i-

253 447 303 474 cet
317 443 377 474 vita
393 443 459 474 eius
473 442 588 473 multos
602 445 706 482 patres
719 442 759 473 ad
772 442 977 474 imitationem
992 442 1039 473 in-

255 493 468 530 ﬂammaverit,
485 496 517 524 et
531 503 543 520 a
563 492 682 524 cunctis
697 492 736 523 ad
750 492 935 524 imitandum
949 501 1038 533 prae-

253 545 336 576 clare
350 544 511 584 proposita
529 543 568 583 (2)
589 555 602 571 ιο
623 551 739 574 novum
752 542 841 574 illum
856 543 896 574 ad
915 551 1038 575 eremos

251 602 441 626 concursum
451 593 582 624 multum
594 593 795 633 promoverit,
810 593 940 624 minime
954 593 1038 625 hunc

252 645 434 676 interiorem
454 644 555 683 gentis
577 643 748 683 Aegyptiae
770 643 950 682 religiosum
974 636 1039 674 ani-

253 697 297 728 mi
306 703 433 727 sensum
447 698 564 726 temere
580 695 764 734 procreavit,
777 702 885 725 verum
897 697 1038 734 tempora

253 746 306 777 illa
325 745 458 785 Aegypti
480 745 520 776 ad
538 746 567 782 6
589 745 682 775 vitam
705 743 922 776 monachicam
944 752 1038 784 quam

253 796 390 828 maxime
419 795 621 826 inclinabant.
646 806 661 823 α
679 795 753 826 Post
784 794 1038 834 persecutionem

254 842 436 876 Dioeletiani
445 848 476 875 et
486 844 663 874 Maximiani
672 843 846 875 crudelium
859 844 1038 884 principum

254 894 419 926 multitudo
441 894 580 933 gentium
605 893 649 932 [in
674 894 875 932 monasteria}
901 893 1036 930 intravit,

253 948 285 976 et
314 944 488 976 fecunditas
501 943 659 975 Ecclesiae
679 943 800 975 fructus
827 943 1038 983 amplissimos

253 996 358 1036 coepit
378 995 526 1027 exhibere
549 994 602 1035 (3).
622 1006 636 1023 »
655 995 731 1025 Nam
752 1005 766 1023 α
791 989 1046 1031 considerantes,

254 1048 307 1088 qui
322 1047 361 1078 de
380 1047 525 1086 gentibus
540 1046 573 1077 in
591 1045 710 1076 Christo
726 1045 934 1082 crediderant,
953 1053 1038 1075 mar-

253 1102 357 1138 tyrum
376 1097 550 1138 passiones,
574 1104 748 1136 eorumque
771 1095 929 1127 sincerum
957 1094 1039 1126 circa

253 1147 407 1178 Christum
422 1146 631 1179 confessionis
644 1147 803 1183 allectum,
820 1148 994 1185 coeperunt
1007 1147 1039 1175 et

252 1198 313 1238 ipsi
342 1206 400 1238 per
425 1197 554 1237 gratiam
579 1197 704 1228 Domini
736 1197 922 1227 Sanctorum
943 1195 1039 1225 vitam

253 1247 586 1286 conversationemque
609 1245 732 1282 sectari,
755 1249 787 1276 et
806 1244 899 1275 huius
917 1244 1041 1275 institu-

252 1298 348 1329 tionis
364 1305 442 1334 esse,
458 1300 493 1328 ut
507 1296 600 1327 etiam
618 1295 667 1326 his
681 1294 759 1326 illud
777 1297 937 1335 aptaretur
952 1294 1039 1334 Apo-

253 1348 325 1380 stoli
346 1357 353 1378 :
375 1347 602 1379 Circumierunt
619 1346 653 1377 in
674 1345 798 1377 melotis
812 1369 819 1382 ,
848 1345 882 1376 in
904 1344 1040 1384 pellibus

253 1398 400 1439 caprinis,
427 1400 567 1436 egentes,
592 1395 771 1435 angustiati,
793 1395 908 1432 afﬂicti,
923 1395 1040 1434 quibus

253 1458 318 1481 non
335 1453 401 1480 erat
415 1448 528 1487 dignus
544 1446 693 1482 mundus,
709 1446 743 1476 in
758 1445 978 1476 solitudinibus
993 1453 1041 1476 er-

253 1503 358 1532 rantes
375 1502 406 1530 et
419 1498 589 1534 montibus,
614 1496 647 1527 in
671 1495 831 1536 speluncis
855 1498 886 1526 et
899 1495 1040 1526 cavernis

252 1555 355 1581 terrae
369 1548 422 1589 (4).
440 1561 454 1577 ι)
470 1547 564 1579 Vides
578 1547 715 1578 studium
730 1545 879 1586 martyrii,
894 1546 1040 1576 timorem

1086 305 1150 336 quo
1167 297 1265 336 magis
1285 296 1426 336 ipsorum
1447 294 1635 326 voluntatem
1655 293 1737 324 Deus
1756 292 1883 323 ducere

1087 345 1268 384 dignaretur
1283 345 1322 376 ad
1338 345 1466 382 exitum,
1491 343 1552 384 ipsi
1575 343 1634 374 sibi
1654 342 1882 383 imponebant,

1086 402 1122 425 ac
1132 398 1281 434 tanquam
1290 394 1370 426 viam
1385 393 1605 434 perfectiorem
1619 393 1884 432 securioremque

1087 444 1146 475 sibi
1164 444 1330 483 eligebant,
1344 442 1535 474 saecularem
1549 443 1653 479 vitam,
1667 441 1700 472 id
1715 440 1802 481 quod
1817 440 1882 471 be-

1087 503 1128 526 ne
1149 495 1306 531 observes,
1323 494 1451 525 minime
1466 493 1675 534 despicientes
1688 492 1740 533 (5).
1758 492 1804 522 Ex
1822 487 1883 522 illo

1087 549 1192 576 autem
1210 545 1360 576 interiore
1383 548 1515 581 tantum,
1533 543 1618 584 quod
1633 543 1761 583 spiritus
1778 542 1882 573 effer-

1086 604 1217 627 vescens
1231 598 1388 636 operatur,
1405 594 1560 626 desiderio
1577 593 1746 624 sanctitatis
1764 598 1884 623 exem-

1088 645 1206 686 ploque
1224 654 1242 676 a
1260 645 1387 676 senibus
1402 644 1517 675 sanctis
1539 643 1579 675 ad
1597 643 1780 674 imitandum
1797 650 1883 682 pro-

1088 696 1193 736 posito
1208 695 1356 736 explicari
1382 697 1497 735 potest,
1521 693 1606 734 quod
1626 697 1692 724 tota
1707 693 1795 733 quasi
1814 694 1882 724 Ae-

1089 750 1204 787 gyptus
1218 754 1310 777 senes
1323 746 1348 782 7
1362 745 1434 776 illos
1452 745 1486 776 in
1500 744 1623 775 deserto
1643 744 1684 774 sit
1707 747 1829 780 secuta,
1849 746 1884 774 et

1089 805 1151 828 una
1174 805 1245 828 cum
1276 796 1315 826 iis
1347 795 1562 826 lubentissime
1581 794 1770 834 asperrimos
1796 794 1885 825 vitae

1089 846 1213 878 labores
1244 845 1362 883 tulerit,
1389 845 1476 886 quod
1499 847 1572 885 post
1591 853 1648 876 sex
1676 844 1725 876 vel
1754 847 1885 885 septem

1053 925 1076 952 Β
1090 896 1244 952 d'ecennia
1274 896 1466 927 vastissimae
1502 895 1687 926 solitudines
1706 899 1885 952 “monaste-

1089 946 1143 977 riis
1163 946 1342 986 sanctisque
1363 946 1438 977 viris
1464 946 1507 977 ita
1531 945 1648 976 fuerint
1668 944 1815 983 refertae,
1834 948 1886 983 ut,

1090 1007 1104 1023 α
1121 996 1231 1036 quanti
1250 995 1361 1036 populi
1384 995 1580 1027 habebantur
1596 995 1630 1025 in
1648 994 1790 1032 urbibus,
1807 997 1887 1025 tan-

1088 1048 1138 1077 tae
1151 1054 1253 1086 paene
1267 1046 1300 1077 in
1314 1045 1444 1077 desertis
1460 1044 1651 1076 haberentur
1662 1044 1888 1076 multitudines

1088 1096 1315 1128 monachorum
1333 1095 1385 1137 (6),
1402 1106 1418 1124 »
1434 1095 1520 1136 quod
1534 1094 1573 1126 ad
1592 1094 1758 1126 horribiles
1780 1095 1888 1127 Scetis

1088 1146 1176 1177 locos
1193 1155 1210 1177 e
1226 1146 1341 1186 palatio
1356 1146 1504 1177 Arsenius
1519 1145 1573 1185 (7),
1591 1153 1609 1176 e
1628 1145 1776 1176 mollibus
1791 1145 1889 1177 aedi—

1088 1196 1148 1227 bus
1161 1196 1292 1228 iuvenes
1306 1200 1435 1228 tenerae
1447 1195 1558 1228 aetatis
1574 1194 1615 1236 (8)
1635 1195 1675 1226 ad
1692 1195 1820 1227 labores
1835 1196 1890 1226 vix

1088 1246 1238 1277 ferendos
1274 1246 1524 1287 properaverint,
1549 1245 1636 1286 quod
1663 1245 1760 1277 Nitria
1790 1255 1891 1277 mons

1089 1295 1233 1335 quinque
1254 1295 1395 1326 millibus
1415 1295 1468 1336 (9),
1494 1295 1584 1326 Scete
1610 1303 1724 1334 magno
1747 1303 1889 1326 numero

1089 1345 1318 1377 monachorum
1329 1345 1403 1386 (10),
1416 1345 1510 1377 Cellia
1518 1345 1692 1376 innumeris
1700 1345 1887 1376 abundave-

1089 1395 1152 1426 rint
1166 1395 1287 1427 cellulis
1298 1395 1372 1435 (11),
1384 1396 1529 1434 regiones
1543 1396 1582 1426 ad
1593 1395 1763 1435 Memphim
1778 1398 1809 1425 et
1823 1396 1890 1426 Ba-

1090 1445 1241 1485 bylonem
1278 1445 1474 1485 pertinentes
1501 1445 1620 1483 ingenti
1654 1444 1888 1475 monachorum

1089 1494 1290 1526 multitudine
1313 1494 1489 1525 atlluxerint
1509 1493 1582 1534 (12),
1605 1493 1686 1524 circa
1702 1492 1806 1524 Nilum
1822 1501 1888 1523 nu-

1091 1545 1302 1576 merosissima
1320 1547 1489 1584 conspecta
1510 1544 1572 1575 sint
1594 1543 1782 1574 monasteria
1801 1541 1865 1582 (13)
1877 1567 1887 1581 ,

255 1599 319 1635 Dei,
338 1601 432 1638 atque
454 1606 561 1628 curam
581 1604 672 1627 verae
692 1595 798 1627 salutis
811 1595 934 1626 animae
957 1595 1041 1626 viros
1054 1591 1075 1620 C
1092 1595 1178 1635 quod
1187 1595 1339 1635 Serapion
1352 1594 1419 1632 fere
1429 1594 1538 1625 decem
1549 1593 1645 1624 millia
1655 1592 1889 1624 monachorum

254 1649 325 1680 illos
335 1649 368 1679 in
383 1656 523 1679 eremum
539 1646 696 1683 eduxisse,
711 1647 745 1677 in
755 1654 816 1686 qua
826 1646 918 1676 vitam
929 1646 963 1676 in
976 1646 1040 1677 Deo

254 1698 439 1731 collocatam
458 1697 607 1733 viverent,
632 1699 663 1727 et
682 1699 783 1727 morte
798 1703 855 1736 pro
873 1695 994 1726 Christo
1007 1695 1041 1726 in

255 1748 528 1790 persecutionibus
549 1746 714 1778 subeunda
737 1754 803 1777 non
819 1745 938 1784 dignati
956 1754 1040 1776 nunc

255 1799 314 1830 sibi
330 1799 390 1839 ipsi
413 1802 445 1829 et
466 1797 586 1828 mundo
610 1799 818 1833 morerentur,
839 1799 873 1826 ut
890 1804 1040 1834 exsurge-

257 1852 326 1880 rent
339 1849 372 1879 in
390 1848 521 1879 Christo.
544 1846 799 1878 Anachoreticam
819 1849 850 1876 et
871 1845 1040 1876 solitariam

256 1900 357 1940 quarti
379 1898 497 1930 saeculi
513 1898 605 1929 vitam
622 1897 837 1928 continuatum
858 1896 1040 1936 martyrium

292 1974 330 2009 (1)
346 1974 406 2001 Vita
424 1973 453 2000 s.
471 1973 600 2005 Antonii,
618 1971 647 2000 s.
665 1971 765 1999 Athan.
781 1971 852 2007 Opp.
873 1972 893 1999 ι.
912 1971 929 1999 ι.
944 1978 971 2007 ρ,
988 1971 1042 1998 est

257 2022 328 2055 (cap.
346 2020 384 2054 5),
400 2018 457 2046 νγ.
477 2018 530 2046 ΡΡ.
548 2018 641 2046 Rosw.
658 2025 685 2053 p.
702 2017 748 2049 56,
760 2017 778 2044 2
794 2016 865 2052 (cap.
881 2017 918 2052 5).

293 2065 331 2100 (2)
345 2064 407 2092 Vita
422 2065 451 2092 S.
469 2064 612 2092 Pachumii
635 2071 697 2099 cap.
715 2063 742 2097 1,
759 2062 815 2090 VV.
830 2062 882 2090 PP.
907 2062 999 2090 itosw.
1015 2070 1040 2097 p.

259 2110 321 2141 115,
336 2109 364 2136 2.

293 2155 332 2190 (δ)
348 2154 415 2182 Ibid.
430 2161 457 2190 p.
475 2154 580 2186 111,1.

294 2200 333 2235 (4)
349 2200 456 2235 Prolog.
470 2199 498 2227 in
510 2198 598 2226 Vitam
612 2198 642 2226 5.
656 2197 808 2228 Pachomii.
820 2197 887 2225 ibid.
901 2205 928 2233 p.
941 2197 1004 2229 115,
1018 2198 1043 2225 1.

294 2245 333 2281 (5)
357 2244 515 2277 Revelatur,
543 2244 728 2279 Paphnutium
760 2243 907 2271 sanctitate
929 2242 1045 2270 similem

259 2299 321 2320 esse
332 2290 530 2327 symphoniaco
543 2289 663 2322 cuidam,
677 2289 724 2325 qui
736 2289 764 2316 in
779 2289 839 2316 vico
851 2289 969 2324 quodam
980 2295 1046 2315 can-

261 2338 336 2366 tandi
354 2341 413 2364 arte
427 2338 530 2365 victum
545 2336 706 2372 quaerebat.
723 2335 847 2363 Eundem
861 2335 997 2362 revelatur
1009 2335 1047 2363 si-

262 2385 351 2411 milem
367 2391 428 2412 esse
448 2383 606 2419 praeposito
622 2382 674 2409 vici
690 2381 835 2409 cuiusdam
857 2381 950 2408 vicini.
973 2380 1045 2408 Idem

262 2430 408 2458 sanctitate
419 2430 517 2458 similis
531 2429 669 2457 iudicatur
685 2427 850 2464 negotiatori
863 2427 1047 2455 Alexandrino

262 2476 356 2511 viginti
376 2476 496 2504 millibus
518 2475 670 2503 solidorum
689 2474 868 2503 mercimonia
893 2474 983 2502 tribus
998 2482 1049 2502 na-

261 2523 342 2551 vibus
360 2522 494 2550 deferenti
510 2529 544 2549 ex
559 2521 708 2549 Thebaide.
729 2520 788 2548 νγ.
814 2521 867 2548 PP.
888 2520 982 2549 Rosw.
998 2521 1046 2549 lib.

262 2568 284 2595 tl
296 2576 355 2603 cap.
369 2568 403 2595 16
417 2577 445 2604 p.
461 2569 516 2595 475
532 2576 592 2603 sqq.
606 2576 613 2600 ;
627 2567 698 2595 Hist.
713 2566 797 2595 Laus.
812 2567 856 2594 ed.
869 2566 970 2595 Meurs.
986 2574 1047 2602 cap.

265 2615 308 2647 M,
323 2614 368 2646 45,
387 2615 431 2642 46.
448 2615 567 2642 Macario
582 2622 634 2642 vox
652 2614 699 2642 Dei
720 2623 726 2642 :
754 2623 764 2640 ι
783 2614 895 2647 Macari,
913 2623 922 2640 ι
949 2615 1047 2649 inquit,

266 2669 276 2685 ι
292 2659 407 2687 necdum
424 2659 459 2687 ad
474 2667 632 2687 mensuram
646 2659 763 2687 duarum
783 2659 929 2686 mulierum
952 2666 1049 2694 perve-

264 2707 341 2739 nisti,
357 2714 427 2741 quae.
442 2706 470 2733 in
487 2707 614 2741 proxima
634 2706 738 2741 pariter
756 2705 881 2732 habitant
895 2705 1017 2733 civitate.
1037 2715 1046 2731 ι

265 2753 331 2780 Ibid.
345 2753 393 2780 lib.
410 2751 444 2779 111
457 2759 519 2788 cap.
536 2752 572 2780 97
584 2760 612 2787 p.
625 2751 688 2784 515,
706 2752 732 2779 1.
754 2750 832 2778 Talia
848 2758 914 2779 vero
927 2751 1050 2787 exempla

265 2799 293 2826 in
313 2797 367 2825 VV.
385 2797 438 2825 PP.
452 2798 538 2825 multa
553 2798 741 2825 inveniuntur.

301 2844 340 2880 (6)
355 2843 406 2871 ννη
427 2843 479 2871 PP.
498 2843 591 2872 Βοῦν.
605 2844 653 2871 lib.
672 2843 692 2870 11
706 2851 766 2878 cap.
781 2843 798 2870 7
809 2850 836 2878 p.
849 2843 913 2876 161,
928 2843 963 2875 2',
978 2842 1050 2870 Hist.

265 2889 347 2918 Laus.
361 2890 406 2917 ed.
421 2890 522 2918 Menrs.
543 2897 603 2926 cap.
619 2890 664 2922 52,
681 2890 749 2924 Opp.
767 2889 880 2916 Mcursii
897 2897 930 2918 ex
942 2897 1048 2918 recens.

265 2936 292 2964 J.
307 2935 385 2964 Lami
400 2935 553 2964 Florentiae
569 2936 637 2964 1746
653 2935 685 2964 Τ.
704 2935 759 2964 Vill
773 2943 799 2971 p.
817 2935 879 2964 497.

1091 1646 1207 1677 rexerit
1223 1645 1394 1686 (14),quod
1402 1645 1436 1676 in
1449 1644 1604 1676 Tabennis
1617 1643 1800 1675 Pachomius
1814 1652 1890 1684 per-

1093 1695 1244 1735 grandem
1258 1695 1388 1726 fratrum
1405 1695 1529 1735 copiam
1538 1694 1646 1734 regula
1659 1694 1796 1725 tenuerit
1809 1694 1887 1734 (15),

1095 1747 1207 1779 civitas
1221 1750 1325 1778 autem
1339 1746 1546 1787 Oxyrynchus
1560 1747 1593 1777 in
1605 1745 1763 1777 Thebaide
1776 1753 1890 1776 mona-

1094 1797 1161 1829 chis
1171 1797 1265 1828 fuerit
1276 1796 1466 1828 intrinsecus
1477 1799 1507 1828 et
1518 1796 1712 1827 extrinsecus
1724 1794 1844 1835 repleta
1856 1798 1890 1826 et

1095 1848 1298 1885 circumdata,
1309 1848 1378 1879 eius
1392 1847 1487 1879 aedes
1497 1847 1641 1888 publicae
1655 1855 1714 1878 nec
1729 1855 1793 1877 non
1807 1849 1889 1877 tem-

1095 1899 1146 1939 pla
1151 1899 1299 1940 antiquae
1305 1897 1534 1939 superstitionis
1539 1906 1557 1928 a
1564 1896 1726 1929 monachis
1732 1896 1891 1928 inhabita-

1131 1973 1169 2010 (7)
1191 1974 1276 2002 Index
1292 1972 1431 2001 Rosvwidi
1450 1980 1475 2000 s.
1490 1981 1516 2000 v.
1532 1972 1669 2000 Arseniua.

1130 2021 1168 2056 (8)
1191 2019 1249 2046 VV.
1268 2018 1320 2046 PP.
1345 2018 1438 2045 Rosw.
1456 2018 1505 2045 lib.
1527 2017 1561 2044 Vl
1576 2018 1660 2045 libell.
1676 2018 1703 2051 5,
1723 2018 1759 2051 2;
1785 2019 1835 2046 lib.
1854 2018 1888 2046 111

1094 2074 1155 2101 cap.
1173 2065 1235 2092 19$.
1250 2063 1294 2091 Cl".
1312 2063 1385 2090 inl'ra
1402 2062 1489 2098 Caput
1506 2061 1552 2090 Vl.

1130 2112 1168 2146 (9)
1184 2110 1255 2138 Hist.
1272 2109 1356 2137 Laus.
1374 2109 1392 2136 1.
1410 2109 1429 2136 1.
1445 2116 1506 2144 cap.
1527 2109 1544 2136 8
1558 2116 1584 2144 p.
1603 2108 1667 2136 559.

1131 2157 1188 2192 (10)
1203 2157 1246 2184 Cf.
1263 2156 1335 2184 infra
1350 2155 1439 2190 Capnt
1453 2154 1486 2182 ll.

1131 2203 1187 2238 (11)
1203 2201 1260 2230 νγ.
1276 2201 1331 2230 ΡΡ.
1354 2201 1445 2230 Rosw.
1472 2201 1520 2229 lib.
1537 2200 1572 2228 111
1587 2209 1648 2236 cap.
1667 2201 1702 2229 26
1722 2210 1750 2238 p.
1767 2203 1833 2236 501,
1852 2199 1885 2231 Η

1096 2251 1144 2278 lib.
1162 2249 1184 2277 11
1203 2257 1265 2285 cap.
1280 2249 1316 2276 22
1333 2257 1361 2284 p.
1375 2248 1438 2281 478,
1454 2247 1481 2275 1.

1132 2296 1188 2331 (12)
1202 2295 1270 2323 Ibid.
1284 2295 1333 2322 lib.
1350 2293 1372 2322 ll
1386 2302 1448 2329 cap.
1464 2293 1497 2321 18
1509 2301 1537 2328 p.
1555 2292 1655 2325 476,1.

1133 2342 1189 2377 (15)
1207 2341 1284 2376 Sulp.
1301 2340 1364 2368 Sev.
1381 2339 1450 2367 Dial.
1464 2340 1474 2367 l
1487 2347 1548 2374 cap.
1564 2339 1664 2371 10.17,
1677 2339 1804 2367 Galland.
1817 2340 1888 2368 Bibl.

1097 2387 1149 2415 PP.
1167 2387 1199 2415 T.
1221 2386 1276 2414 Vlll
1295 2395 1321 2415 υ.
1339 2386 1402 2415 405.
1419 2385 1484 2419 1.07,
1499 2385 1591 2420 Migne
1610 2384 1714 2412 Patrol.
1735 2385 1768 2413 Τ.
1791 2384 1840 2412 XX
1862 2393 1890 2422 p.

1099 2433 1161 2462 190.
1177 2432 1240 2461 195.

1134 2479 1191 2515 (14)
1209 2477 1267 2506 νγ.
1285 2477 1339 2507 PP.
1361 2478 1455 2505 Rosw.
1475 2477 1523 2504 lib.
1546 2475 1567 2503 11
1585 2484 1646 2511 cap.
1664 2475 1698 2504 18
1719 2483 1746 2510 p.
1769 2476 1835 2509 476,
1853 2476 1888 2509 1;

1100 2523 1171 2552 Hist.
1187 2523 1271 2551 Laus.
1286 2531 1347 2559 cap.
1361 2523 1393 2550 77
1406 2523 1475 2558 Opp.
1486 2523 1587 2552 Mcurs.
1599 2523 1618 2550 1.
1633 2523 1651 2550 1.
1666 2530 1694 2558 p.
1704 2522 1766 2550 557.
1778 2522 1890 2550 Codici-

1100 2571 1153 2599 bus
1167 2569 1430 2598 Vindobonensibus
1454 2569 1591 2598 Historiae
1607 2569 1758 2597 Lausiacae
1772 2570 1842 2597 nihil
1856 2569 1891 2597 de

1102 2619 1252 2654 Serapione
1271 2618 1439 2650 continetur,
1457 2618 1494 2645 cf.
1517 2617 1632 2645 Palladii
1650 2617 1799 2646 Historiam
1817 2617 1891 2645 Lau-

1101 2665 1201 2692 siacam
1209 2664 1243 2691 ad
1254 2663 1352 2692 codicis
1367 2664 1576 2692 Vindobonensir
1594 2664 1673 2699 ﬁdem
1687 2673 1704 2691 α
1717 2664 1793 2691 nobis
1807 2664 1891 2691 brevi-

1103 2715 1142 2737 ter
1151 2710 1322 2742 delineatam,
1334 2708 1405 2737 infra
1421 2710 1486 2738 huic
1497 2713 1608 2738 nostrae
1625 2709 1740 2737 editioni
1753 2709 1891 2738 Historiae

1101 2755 1252 2783 Lausiacae
1267 2756 1465 2791 praepositam.

1138 2802 1195 2838 (l5)
1204 2801 1266 2830 Vita
1277 2802 1307 2830 S.
1319 2801 1533 2835 Pachomii,VV.
1544 2801 1597 2829 PP.
1610 2801 1701 2828 Hosw.
1716 2800 1806 2837 p.112
1818 2807 1890 2834 sqq.;

1103 2846 1160 2874 νγ.
1180 2846 1231 2874 PP.
1246 2848 1337 2875 Rosw.
1354 2848 1403 2876 lib.
1419 2847 1452 2874 111
1475 2854 1537 2882 cap.
1563 2847 1616 2880 δὴ
1638 2846 1708 2874 Hist.
1726 2845 1808 2873 Laus.
1828 2851 1890 2878 cap.

1103 2893 1147 2925 59,
1163 2892 1231 2928 Opp.
1248 2893 1349 2921 Meurs.
1363 2894 1381 2921 1.
1399 2894 1417 2921 l.
1432 2895 1466 2928 'p.
1485 2893 1547 2920 154.
1568 2892 1764 2920 Mnnasterium
1783 2897 1893 2926 queque

1103 2939 1242 2973 virginum
1258 2937 1286 2966 S.
1301 2938 1467 2968 Pachomius
1484 2940 1573 2968 sorori
1585 2946 1651 2968 suae
1667 2937 1814 2967 exstruxit.
1833 2934 1893 2963 Vita
