2038 3156
168 175 186 203 9
911 189 942 218 Vl

995 192 1026 220 E.
1759 202 1794 229 Ι.

167 236 280 274 tasint,
293 240 325 268 et
330 240 586 298 pertotam‘illam
596 243 749 276 civitatem
761 246 956 288 multoplura
969 254 994 281 Α
1008 251 1139 292 ceditur,
1153 258 1184 286 et
1198 257 1440 289 extraordinaria
1456 261 1599 298 tempora
1621 267 1685 290 non
1706 262 1793 293 OI‘Clt-v

167 289 368 327 monasteria,
378 299 470 330 quam
480 292 591 324 domus
601 294 784 334 exstiterint,
790 297 830 329 ita
837 301 871 328 ut
878 299 952 331 urbs

167 341 230 369 tota
241 348 305 371 una
316 341 448 373 ecclesia
457 351 526 374 esse
536 344 703 382 videretur,
716 349 810 387 atque
824 349 951 388 episco-

165 389 296 429 pusloci
305 391 414 430 viginti
423 393 518 425 millia
524 395 677 435 virginum
692 400 722 428 et
732 397 841 430 decem
855 400 952 432 millia

165 441 393 474 monachorum
412 445 441 480 8
462 444 540 476 inibi
562 445 701 479 habitare
715 448 881 481 afﬁrmaret
895 451 948 491 (1).

163 491 208 521 Ex
223 491 348 524 interno
371 496 490 526 tantum
506 497 646 537 martyrii
662 507 767 537 sensu,
785 501 840 540 qui
853 504 951 534 totam

163 542 338 582 Aegyptum
349 543 571 584 inﬂammabat,
584 556 623 578 ex
635 548 787 589 adspectu
800 550 950 582 libidino-

163 599 216 621 sae
236 600 408 631 paucorum
423 603 617 634 paganorum
629 598 721 636 vitae,
741 607 780 630 ex
792 600 950 634 desiderio

162 644 322 673 anteactae
340 644 419 675 vitae
433 646 589 678 severiore
609 647 773 689 disciplina
787 650 947 690 corrigen-

161 691 230 729 dae,
252 701 270 723 e
283 702 396 725 senum
410 697 608 728 eremitarum
623 700 807 738 constantia,
823 702 948 741 patien-

162 741 212 778 tia,
228 742 405 781 virtutibus,
422 746 579 778 miraculis
593 748 648 779 Dei
666 757 728 789 ope
742 751 880 790 patratis,
896 751 948 782 in-

161 791 256 831 telligi
270 797 376 833 potest
388 795 442 826 ille
457 804 629 829 concursus
642 799 682 830 ad
699 801 888 833 monasteria
905 803 949 833 vi-

160 844 273 882 taeque
295 845 453 883 severitas,
487 856 569 888 quae
596 849 692 881 nimia
718 859 947 891 saepenumero

160 891 294 931 cuipiam
311 893 451 926 videatur
465 904 484 927 e
497 898 615 937 vulgari
627 908 717 931 more
731 901 891 942 modoque
901 903 947 934 iu-

159 940 286 980 dicanti,
296 946 390 985 atque
401 947 516 986 eﬂ’ecit,
527 936 563 979 ut
574 953 708 981 exeunte
717 954 829 991 quarto
838 936 948 985 saecu-
962 936 983 963 Β

158 991 228 1023 culo
244 995 404 1035 Aegyptus
427 999 548 1030 cunctis
562 1000 654 1031 terris
669 1000 831 1040 religionis
845 1002 946 1035 facem

158 1044 350 1081 praetulerit.
371 1046 402 1077 S.
423 1045 635 1089 Hieronymus
659 1059 677 1082 e
699 1051 859 1091 Dalmatia,
877 1054 944 1085 Itu-

158 1093 238 1125 ﬁnus
255 1103 295 1126 ex
310 1097 408 1136 Italia,
432 1099 589 1140 Sulpicius
609 1102 741 1134 Severus
763 1111 780 1134 e
799 1105 944 1143 Massilia,

157 1144 304 1184 Evagrius
325 1155 343 1178 e
365 1148 478 1187 Ponto,
506 1151 662 1184 Palladius
682 1162 700 1184 e
724 1154 944 1187 Constantino-

158 1194 233 1233 poli,
255 1196 418 1229 Cassianus
441 1199 558 1240 aliique
581 1209 600 1232 e
617 1202 802 1241 Palaestina,
822 1205 945 1236 nobiles

157 1244 211 1274 viri
237 1248 269 1276 et
287 1246 424 1279 feminae
444 1248 502 1290 (2)
527 1259 545 1281 e
565 1252 665 1283 Roma
685 1254 861 1293 Aegyptum
885 1263 944 1295 pe-

157 1297 236 1332 tunt,
250 1298 286 1326 ut
300 1297 452 1337 adspectu
466 1302 497 1330 et
510 1302 741 1333 consuetudine
751 1311 862 1334 senum
875 1303 943 1335 fru-

157 1349 223 1376 ctus
247 1347 382 1387 Spiritus
401 1349 500 1380 sancti
523 1351 583 1381 sibi
608 1351 767 1392 colligant.
782 1354 828 1385 Ad
846 1355 943 1385 Fran-

156 1404 209 1426 cos
225 1396 266 1437 (3)
281 1407 383 1438 usque
404 1401 434 1430 et
458 1400 555 1432 Indos
571 1400 612 1442 (4)
626 1402 709 1434 fama
732 1405 942 1444 curationum,

157 1455 232 1486 quas
258 1457 316 1488 per
340 1457 431 1481 senes
454 1451 536 1482 Deus
559 1451 724 1490 efﬁciebat,
756 1456 941 1494 penetravit.

155 1498 314 1538 Aegyptus
327 1509 427 1531 unum
442 1503 679 1541 monasterium,
696 1504 784 1535 cuius
799 1505 881 1536 ﬁliae
896 1514 945 1537 es-

155 1552 221 1578 sent
241 1549 330 1589 Syria
351 1555 382 1582 et
402 1552 574 1584 Palaestina
591 1554 631 1594 (5)
644 1579 651 1592 ,
675 1562 745 1586 esse
765 1555 940 1587 videbatur.

1005 304 1102 336 uariis
1116 307 1237 338 normis
1247 307 1445 340 diiudicanda
1459 313 1541 340 sunt.
1554 310 1680 342 Simeon
1696 312 1792 352 Styli-

1004 356 1050 385 tes
1067 355 1108 396 (7)
1129 357 1193 394 ille,
1210 358 1265 398 qui
1285 362 1386 390 totum
1404 368 1505 400 paene
1522 361 1602 392 vitae
1621 365 1746 402 tempus
1757 362 1792 395 in

1004 402 1150 437 columna
1165 408 1276 445 stabat,
1290 411 1321 439 et
1335 408 1432 440 altero
1447 418 1530 448 genu
1545 415 1705 442 arescente
1724 421 1792 443 ver-

1003 454 1171 496 mibusque
1195 466 1213 488 e
1234 466 1368 499 corpore
1392 459 1613 492 ebullientibus
1635 461 1669 492 in
1693 461 1791 494 altero

1004 511 1081 534 sano
1102 504 1266 537 insistebat
1281 507 1349 538 solo
1365 516 1423 548 per
1441 508 1581 548 integros
1597 510 1711 542 multos
1731 519 1790 542 an—

1002 560 1073 590 nos,
1098 555 1164 594 qui,
1184 564 1283 595 quum
1306 561 1406 588 mater
1423 557 1590 590 clamaret:
1605 561 1697 591 Pater
1719 564 1790 592 tuus

1002 607 1133 644 propter
1145 608 1176 637 te
1188 607 1312 639 tristitia
1323 608 1485 640 confectus
1495 609 1639 647 decessu,
1651 620 1687 642 ac
1701 611 1790 643 lacri-

1002 662 1069 684 mas
1085 655 1291 694 profunderet
1304 658 1531 696 acerbissimas,
1548 660 1591 691 ita
1608 664 1643 691 ut
1656 664 1789 693 testante

1001 703 1168 745 discipulo,
1192 708 1248 747 qui
1269 708 1362 740 vitam
1388 709 1456 740 eius
1479 709 1655 750 descripsit,
1679 720 1789 743 omnes

1001 754 1056 794 qui
1080 755 1210 788 aderant
1231 757 1354 795 ﬂerent,
1374 758 1443 798 ipse
1467 759 1596 799 quidem
1621 772 1635 788 ε(
1658 760 1789 792 audiens

999 813 1110 836 vocem
1123 807 1290 845 genetricis
1305 816 1379 839 suae
1401 809 1507 849 posuit
1520 809 1631 840 faciem
1646 819 1734 841 suam
1755 811 1789 843 in

999 863 1110 887 manus
1134 866 1205 888 suas
1229 860 1260 889 et
1278 858 1410 898 ploravit
1437 868 1542 892 amare
1564 860 1621 901 (8),
1637 872 1651 889 »
1674 862 1729 893 sed
1748 862 1788 894 de

999 906 1164 946 proposito
1178 916 1236 938 suo
1257 907 1420 939 hominum
1436 910 1517 940 vires
1531 910 1703 942 excedente
1717 920 1787 942 mo-

997 955 1062 986 veri
1075 965 1140 987 non
1154 959 1278 996 poterat
1293 966 1300 988 2
1316 957 1381 995 ille,
1396 957 1678 998 inquam.'Simeon
1692 960 1787 1000 Styli-

996 1008 1044 1037 tes
1062 1006 1138 1046 quid
1154 1015 1220 1038 non
1234 1007 1380 1048 exemplo
1396 1009 1568 1040 severitatis
1589 1018 1647 1040 suo
1662 1009 1785 1042 eﬂ‘ecitl

996 1059 1074 1095 quot
1094 1065 1233 1096 paganos
1250 1057 1387 1089 incultos
1408 1058 1470 1090 hoc
1495 1059 1636 1091 inaudito
1661 1063 1784 1100 specta-

995 1105 1068 1137 culo
1083 1106 1204 1138 Christo
1219 1107 1357 1139 lucratus
1371 1107 1434 1139 est!
1452 1111 1569 1148 quanta
1587 1109 1724 1139 nominis
1736 1108 1785 1140 fa-

994 1164 1046 1187 ma
1059 1165 1117 1196 per
1129 1159 1228 1188 totum
1238 1157 1498 1197 percrebrescens
1509 1158 1666 1189 Orientem
1676 1158 1787 1190 intide-

996 1204 1041 1237 les
1053 1207 1212 1238 concussit
1225 1211 1256 1238 et
1267 1207 1459 1239 Christianos
1469 1208 1689 1239 inﬂammavitl
1706 1210 1784 1240 Fru-

995 1259 1064 1287 ctus
1077 1260 1181 1288 autem
1193 1266 1288 1297 quam
1300 1258 1416 1289 uberes
1425 1266 1443 1288 e
1455 1257 1590 1289 mirabili
1603 1258 1658 1289 illo
1673 1258 1783 1289 Orien-

994 1307 1035 1338 tis
1053 1307 1092 1338 ad
1111 1307 1285 1346 angelicam
1310 1308 1405 1339 vitam
1430 1308 1536 1339 volatu
1559 1308 1592 1339 in
1613 1308 1784 1341 Ecclesiam

994 1356 1219 1394 redundarint,
1250 1361 1282 1388 et
1308 1361 1494 1398 argumento
1520 1361 1595 1388 sunt
1623 1359 1724 1397 quarti
1753 1362 1784 1389 et

995 1407 1096 1446 quinti
1112 1407 1228 1439 saeculi
1251 1409 1369 1445 Patres,
1391 1408 1446 1448 qui
1463 1412 1571 1440 sancto
1594 1409 1696 1440 studio
1715 1410 1784 1441 eius

994 1458 1145 1497 temporis
1167 1458 1276 1489 nutriti
1299 1459 1338 1489 ad
1351 1459 1519 1490 maximam
1537 1459 1623 1490 illam
1641 1460 1784 1491 sanctita-

993 1508 1033 1539 tis
1048 1511 1078 1539 et
1090 1509 1315 1548 magnitudinis
1327 1508 1498 1540 claritatem
1514 1509 1735 1547 evehebantur,
1753 1514 1784 1541 et

994 1560 1165 1591 ostendunt
1189 1564 1293 1591 cetera
1323 1569 1404 1600 quae
1433 1564 1608 1600 sequuntur
1639 1561 1780 1598 saecula,

153 1597 248 1629 Tanta
267 1608 341 1631 vero
355 1600 438 1632 inter
462 1610 572 1633 omnes
586 1603 760 1634 monachos
777 1604 943 1644 disciplina
957 1619 977 1648 ε
994 1611 1109 1650 quibus
1125 1611 1311 1642 monachica
1332 1597 1394 1642 vita
1417 1611 1456 1642 ad
1473 1611 1683 1642 occidentales
1699 1620 1781 1651 quo-

152 1648 285 1687 vigebat,
300 1653 429 1691 tamque
439 1652 518 1683 mire
529 1654 671 1693 quemvis
684 1654 824 1686 trahebat
838 1655 940 1687 senio-

152 1708 219 1731 rum
235 1702 425 1742 exemplum,
444 1707 478 1734 ut
492 1704 556 1735 duo
568 1705 709 1743 iuvenes,
726 1709 854 1745 aegroto
868 1715 939 1737 ere-

151 1752 243 1783 mitae
264 1752 343 1784 ﬁcus
357 1753 478 1794 aliquot
491 1754 658 1795 deportare
670 1757 758 1794 iussi,
772 1767 845 1789 cum
859 1767 876 1789 a
891 1759 939 1790 via

151 1802 356 1841 aberrassent,
378 1807 450 1844 post
463 1805 634 1837 nonnullos
647 1806 714 1838 dies
729 1807 870 1840 defuncti
889 1809 938 1841 fa-

150 1860 199 1883 me
213 1853 430 1885 invenirentur
452 1855 486 1886 in
506 1855 643 1894 deserto,
659 1857 784 1889 intactis
803 1859 937 1898 ﬁcubus,

151 1911 227 1941 quas
244 1908 374 1943 aegroto
387 1905 530 1936 tradituri
543 1906 669 1938 fuerant
680 1907 733 1948 (6).
744 1912 773 1947 9
787 1910 850 1946 Qua
865 1909 940 1941 obe-

150 1953 263 1986 dientia
274 1955 427 1995 quosdam
441 1957 571 1988 modum
584 1957 757 1990 severitatis
768 1961 938 1992 excessisse

149 2003 198 2034 vix
214 2005 322 2044 negari
335 2009 452 2045 potest;
468 2007 523 2037 sed
537 2016 555 2038 e
568 2008 723 2039 contraria
739 2013 828 2049 parte
846 2010 938 2042 liber-

150 2053 218 2085 tatis
230 2059 326 2094 atque
340 2055 472 2087 inertiae
486 2057 600 2088 modus
618 2058 716 2090 multo
739 2060 865 2100 saepius
879 2069 937 2092 ex-

147 2134 229 2164 Pach.
246 2145 309 2172 cap.
334 2137 370 2165 28
386 2147 413 2173 p.
433 2139 502 2172 1‘24,
520 2141 532 2167 1
546 2149 553 2173 ;
569 2140 607 2169 cf.
624 2140 698 2170 Hist.
714 2141 799 2171 Laus.
824 2153 886 2180 cap.
904 2145 939 2173 ιο

147 2191 218 2219 sqq.,
235 2184 302 2211 ibid.
318 2193 346 2220 p.
359 2185 413 2213 457
430 2194 490 2221 sqq.

181 2229 219 2264 (l)
236 2229 294 2257 VV.
310 2229 363 2256 PP.
379 2230 472 2259 Rosw.
486 2232 534 2260 lib.
545 2231 568 2259 Il
583 2240 644 2268 cap.
659 2233 694 2267 5;
706 2234 856 2265 Paradisus
866 2237 935 2273 Opp.

147 2274 255 2304 Meursii
267 2276 300 2304 Τ.
310 2276 368 2306 Vlll
385 2287 412 2313 p.
424 2278 496 2312 642;
510 2279 598 2308 Codd.
610 2279 747 2309 Vindobb.
759 2281 829 2311 Hist.
841 2283 935 2316 Laus.,

147 2324 180 2351 el'.
189 2324 305 2352 Palladii
323 2324 473 2353 Historiam
494 2326 654 2354 Lauriacum
668 2327 703 2354 ad
719 2329 817 2356 codicis
838 2330 936 2358 Vindo-

147 2366 265 2396 botmuis
275 2368 354 2403 ﬁdem
363 2377 380 2396 a
389 2369 464 2397 nobis
479 2370 590 2398 breviter
605 2371 777 2406 delineatam,
786 2374 858 2402 intra
871 2376 935 2404 huic

146 2412 256 2441 editioni
267 2413 404 2442 Historiae
410 2415 561 2445 Lausiacae
568 2419 754 2452 praepositam
768 2429 775 2448 :
786 2420 860 2448 edita
870 2430 934 2450 vero

146 2461 310 2495 exemplaria
324 2461 462 2490 Historiae
477 2461 628 2492 Lausiacae
641 2465 676 2493 de
691 2465 856 2502 Oxyryncho
867 2468 935 2495 civi-

144 2510 200 2533 tate
214 2507 282 2534 nihil
299 2513 428 2536 narrant.
439 2508 477 2536 De
493 2511 672 2539 monasteriis
684 2512 805 2540 civitatis
819 2514 932 2543 Anlinoi

143 2555 171 2580 in
180 2553 321 2582 Thebaide
332 2555 402 2583 sitae
413 2555 450 2583 cl".
464 2555 534 2584 Hist.
545 2556 627 2586 Laus.
635 2559 680 2587 ed.
692 2559 794 2589 Meurs.
802 2569 864 2597 cap.
874 2563 918 2591 96.

177 2600 216 2635 (2)
234 2600 345 2629 Fabiola
356 2622 363 2633 .
382 2602 467 2630 Paula
477 2623 484 2634 ,
498 2603 626 2632 Marcella
637 2626 644 2638 ,
659 2606 740 2639 aliae,
757 2615 873 2641 quarum
890 2610 932 2638 vi-

142 2650 186 2674 tas
211 2646 240 2673 S.
256 2646 438 2684 Hieronymus
457 2650 642 2683 pulcherrime
663 2652 788 2687 epistolis
810 2655 868 2682 suis
884 2655 932 2683 de-

142 2693 262 2728 scripsit.
283 2693 313 2721 S.
332 2694 444 2724 Hieron.
460 2694 530 2731 Opp.
549 2695 592 2724 ed.
620 2697 709 2734 Migne
725 2698 757 2726 Τ.
776 2699 785 2726 l
803 2700 929 2736 (Patrol.

145 2737 236 2774 xxu].

177 2784 216 2819 (3)
237 2784 297 2813 Vita
321 2785 351 2814 ὃ.
367 2785 516 2814 Hilarionis
544 2794 605 2822 cap.
623 2787 666 2820 17,
685 2788 741 2817 VV.
760 2791 813 2819 PP.
834 2792 926 2821 Rosw.

142 2837 168 2864 p.
184 2829 229 2858 79.

177 2875 215 2910 (ι)
234 2875 296 2903 Vita
322 2876 445 2903 Barlaam
462 2877 591 2906 ercmitac
606 2887 620 2905 a
636 2878 741 2909 Joanne
756 2882 926 2913 Damasceno

142 2923 298 2958 conscripta
315 2931 375 2958 cap.
396 2923 419 2955 Ι,
441 2921 497 2950 νν.
516 2922 568 2951 Pl‘.
585 2923 676 2953 Hosw.
693 2935 720 2962 p.
735 2928 797 2961 215,
816 2930 838 2956 l.

993 1669 1056 1701 que
1070 1661 1216 1700 regiones
1235 1661 1377 1692 accessit.
1400 1661 1436 1692 In
1460 1670 1538 1701 quas
1557 1669 1575 1692 e
1597 1661 1783 1694 monachica

993 1711 1064 1748 vita,
1080 1711 1252 1751 praecipue
1265 1711 1339 1742 inde
1359 1719 1377 1742 a
1396 1714 1540 1751 tempore
1555 1712 1587 1742 S.
1607 1712 1780 1750 Benedicti,

990 1761 1110 1793 fructus
1124 1761 1317 1793 redundasse
1330 1761 1552 1802 amplissimos,
1568 1771 1662 1793 nemo
1675 1767 1779 1801 negat.

1030 1814 1044 1850 §
1061 1811 1090 1842 4.
1111 1812 1172 1842 Sed
1194 1811 1397 1843 incommoda
1417 1820 1545 1851 quoque
1558 1820 1595 1842 ex
1611 1811 1780 1843 indiscreto

989 1863 1187 1903 quorundam
1198 1865 1230 1893 et
1239 1861 1508 1901 superabundanti
1517 1862 1622 1893 studio
1631 1861 1672 1902 (9)
1686 1862 1782 1893 inter-

989 1914 1063 1944 dum
1080 1920 1240 1943 emanasse
1254 1912 1416 1943 fatendum
1437 1915 1493 1943 est.
1516 1915 1568 1950 ιο
1580 1912 1670 1949 Quid,
1694 1912 1780 1951 quod

989 1960 1050 2000 ipsi
1062 1960 1245 1991 fundatores
1260 1963 1291 1990 et
1313 1960 1405 1999 primi
1424 1960 1508 1991 illius
1528 1961 1608 1991 vitae
1623 1963 1778 1998 auctores,

990 2019 1088 2050 quum
1112 2010 1225 2049 ingens
1255 2009 1420 2040 hominum
1447 2010 1615 2041 multitudo
1644 2010 1781 2041 cuiusvis

990 2061 1099 2092 aetatis
1120 2060 1285 2100 omnisque
1302 2060 1382 2091 vitae
1402 2060 1592 2091 conditionis
1615 2064 1709 2100 atque
1723 2069 1778 2100 ge-

1025 2144 1063 2179 (5)
1084 2143 1114 2172 S.
1130 2143 1253 2170 Hilarion
1272 2143 1311 2179 (-ι-
1333 2142 1461 2178 571),~S.
1482 2143 1593 2170 Antonii
1615 2143 1778 2180 discipulus,

990 2191 1077 2225 prima
1092 2190 1264 2218 Palaestinae
1278 2195 1305 2218 et
1322 2190 1418 2226 Syriae
1440 2190 1608 2218 monasteria
1628 2191 1777 2218 exstruxit.

988 2236 1016 2264 In
1037 2236 1118 2264 cuius
1131 2237 1186 2263 vita
1205 2236 1272 2263 haec
1298 2236 1448 2271 leguntur:
1469 2245 1479 2262 ε
1499 2236 1624 2264 Habebat
1647 2236 1780 2264 Dominus

985 2281 1067 2310 Jesus
1083 2282 1112 2310 in
1127 2282 1251 2318 Aegypto
1268 2289 1361 2310 senem
1375 2282 1535 2316 Antonium,
1548 2282 1666 2310 habebat
1681 2282 1708 2309 in
1726 2281 1778 2308 Pa-

986 2328 1104 2356 laestina
1132 2328 1302 2356 Hilarionem
1336 2328 1482 2356 iuniorem.
1506 2338 1516 2354 ι
1550 2328 1612 2355 Vita
1641 2327 1776 2355 Hilarion.

984 2383 1046 2411 cap.
1063 2375 1108 2408 10,
1125 2375 1183 2402 VV.
1199 2375 1252 2403 PP.
1267 2375 1360 2403 Rosw.
1376 2383 1403 2410 p.
1421 2375 1467 2407 78,
1489 2375 1516 2402 1.
1531 2375 1568 2402 De
1591 2375 1619 2402 S.
1637 2374 1778 2401 Hilarione

984 2422 1021 2449 cf.
1041 2421 1151 2449 Sozom.
1165 2421 1238 2449 Hist.
1257 2421 1331 2449 Eccl.
1346 2422 1395 2450 lib.
1410 2421 1444 2449 lll
1457 2429 1518 2457 cap.
1534 2422 1567 2448 1-1
1578 2421 1623 2449 ed.
1640 2421 1778 2449 Henricus

986 2467 1113 2495 Valesius
1129 2475 1156 2503 p.
1174 2468 1226 2495 519
1239 2475 1314 2503 sqq.,
1333 2473 1359 2495 et
1374 2466 1442 2503 Epp.
1457 2466 1485 2494 S.
1503 2467 1617 2494 Hieron.

1020 2513 1059 2550 (6)
1080 2514 1206 2541 Cassian.
1223 2514 1270 2541 lib.
1293 2514 1314 2541 V
1332 2514 1366 2541 de
1384 2514 1453 2548 spir.
1471 2517 1558 2549 gastr.
1587 2519 1639 2548 cap
1653 2512 1698 2545 ιι),
1716 2510 1775 2540 νγ.

983 2561 1036 2588 PP.
1052 2561 1144 2589 Hosw.
1167 2569 1195 2596 p.
1217 2560 1280 2591 551.
1300 2561 1325 2592 1,
1348 2561 1473 2588 Cassiani
1494 2560 1564 2596 Opp.
1584 2559 1628 2587 ed.
1653 2558 1777 2587 Gazaeus

983 2614 1010 2634 ι).
1034 2606 1084 2633 105
1101 2614 1156 2641 sq.,
1174 2605 1264 2640 Migne
1278 2604 1381 2632 Patrol.
1398 2604 1430 2631 T.
1447 2604 1531 2631 XLIX
1549 2612 1576 2640 p.
1591 2604 1644 2632 265
1658 2613 1700 2640 sq.

1019 2651 1059 2686 ('l)
1078 2650 1138 2678 VV.
1152 2651 1206 2678 PP.
1223 2651 1316 2678 Rosw.
1332 2659 1359 2686 p.
1378 2650 1429 2677 170
1442 2658 1504 2686 sqq.

1018 2697 1056 2732 (8)
1076 2696 1146 2724 Ibid.
1163 2705 1224 2732 cap.
1245 2696 1261 2723 8
1277 2704 1293 2731 p
1322 2696 1384 2729 172,
1402 2696 1429 2723 2.

1019 2743 1057 2777 (9)
1072 2741 1132 2770 Huc
1142 2743 1280 2777 pertinent
1291 2741 1403 2773 Valens,
1416 2740 1499 2774 Hero,
1511 2741 1774 2778 Ptolemaeus,virgo

983 2787 1071 2823 lapsa,
1085 2787 1252 2823 Stephanus,
1268 2788 1432 2823 Euearpius,
1449 2788 1483 2816 de
1495 2789 1596 2823 quibus
1615 2795 1710 2817 narrat
1728 2789 1773 2816 Hi-

982 2834 1067 2861 storia
1086 2833 1221 2861 Lausiaca
1240 2834 1284 2862 ed.
1305 2834 1407 2862 llleurs.
1432 2843 1512 2870 capp.
1531 2835 1576 2863 52.
1594 2836 1639 2864 55.
1660 2836 1704 2863 54.
1722 2835 1767 2863 55.

982 2881 1042 2908 105.
1070 2881 1144 2908 Alios
1169 2880 1293 2908 infelices
1314 2881 1464 2910 monachos
1491 2887 1615 2910 recenset
1640 2882 1764 2909 Cassian.

979 2927 1047 2954 Coll.
1060 2926 1092 2954 ll.
1111 2933 1189 2962 capp.
1207 2927 1232 2955 5.
1249 2928 1275 2954 6.
1296 2927 1320 2954 7.
1335 2927 1363 2954 8.
