2038 3156
248 179 279 206 Η
652 180 702 209 SS.
722 180 951 209 MACARIORUM
969 180 1131 210 AEGYPTII
1151 181 1195 209 ET
1213 181 1448 210 ALEXANDBINI
1831 181 1867 211 Ν

246 238 331 271 neris
344 239 383 271 ad
395 249 449 272 eos
464 239 647 276 conﬂueret,
663 239 702 270 ad
718 240 822 277 ﬁnem,
839 249 932 280 quem
942 240 1031 271 initio
1046 244 1068 271 Δ
1082 249 1156 280 gere
1170 241 1341 281 nequis,ita
1358 241 1460 282 quarti
1475 243 1504 271 et
1519 241 1620 281 quinti
1633 240 1748 273 saeculi
1758 241 1867 273 Eccle-

247 290 307 320 sibi
327 290 576 330 proposuissent,
605 298 670 321 non
687 291 851 330 pervenire
876 299 909 322 se
928 291 1030 330 questi
1081 292 1145 323 siae
1153 291 1281 322 historia
1297 301 1367 323 eum
1376 292 1437 324 hoc
1447 301 1529 323 novo
1540 292 1689 332 martyrio
1704 291 1867 323 monachi-

247 340 323 371 sintl
337 340 393 371 Illo
410 349 473 380 quo
488 341 518 371 S.
530 341 683 372 Antonius
697 341 889 372 moriebatur
903 349 986 372 anno
998 342 1029 371 S.
1081 349 1177 378 co,ex
1190 349 1254 381 quo
1263 341 1376 372 iustam
1386 341 1488 372 lucem
1500 350 1586 372 suam
1597 341 1867 381 accipit,arctissi-

247 389 404 426 Hilarion,
427 390 481 429 qui
501 390 534 420 in
562 391 669 430 Syriae
693 391 823 422 desertis
842 391 1031 422 monasteria
1080 392 1672 424 mecohaeret.Macariisautemnostris
1682 392 1712 423 id
1724 392 1867 429 debetur,

246 439 432 476 instituerat,
448 449 519 470 cum
531 440 648 479 grande
663 440 838 472 aediﬁcium
854 445 883 472 et
893 441 1031 472 multitu-

248 488 353 520 dinem
374 499 480 521 secum
502 491 706 522 habitantium
728 492 898 531 turbasque
921 499 1030 522 eorum

246 544 399 577 cerneret,
421 542 476 580 qui
490 541 619 572 diversis
633 541 836 581 languoribus
849 545 879 572 et
892 542 1029 572 immun-

247 590 294 620 dis
309 591 467 630 spiritibus
483 595 653 631 occupatos
663 592 702 623 ad
715 601 749 623 se
766 592 973 629 deducebant,
988 592 1031 623 ita

246 644 281 671 ut
300 642 386 672 omni
399 644 514 681 genere
527 643 690 674 hominum
701 647 765 675 tota
779 643 915 675 solitudo
926 643 1029 684 reple-

245 694 342 728 retur,
358 692 497 731 quotidie
512 693 605 724 ﬂebat
615 702 761 724 moerens
775 702 811 725 ac
825 694 952 725 dicens:
965 703 1032 725 rur-

246 749 299 771 sus
312 749 345 771 se
360 741 398 771 ad
414 741 572 773 saeculum
583 751 739 773 reversum
755 751 834 780 esse,
852 743 1031 774 monasterii

244 791 373 822 nomine
395 792 433 823 ad
452 792 717 832 dispensationem
736 792 865 824 fratrum
890 801 924 824 se
941 793 1031 824 villae

243 842 462 880 possessiones
480 846 510 874 et
529 843 755 882 supellectilem
773 843 910 880 habere;
934 852 1030 883 quare

243 894 353 931 postea
366 893 459 923 aedes
469 893 501 923 in
508 893 792 933 JulianiApostatae
799 894 1028 933 persecutione,

1081 441 1166 480 quod
1178 444 1250 481 post
1263 441 1430 472 Antonium
1445 442 1536 481 primi
1546 441 1612 473 fere
1623 441 1796 473 exstiterint
1805 449 1870 472 ma-

1081 498 1160 529 gnae
1169 491 1252 521 illius
1267 491 1299 521 in
1310 493 1451 531 Aegypto
1461 491 1578 522 saeculi
1589 492 1691 531 quarti
1704 491 1869 530 religiosae

1080 540 1257 572 animorum
1270 541 1523 572 inﬂammationis
1543 545 1686 573 auctores
1700 544 1730 572 et
1744 550 1870 581 promo-

1080 594 1184 622 tores:
1202 600 1265 632 quo
1282 592 1411 631 quidem
1426 591 1459 622 in
1472 601 1586 631 genere
1600 596 1752 632 quantum
1767 591 1869 622 excel-

1080 640 1206 676 luerint.
1223 641 1289 672 viva
1301 641 1354 671 illa
1368 641 1504 678 traditio,
1520 650 1599 681 quae
1615 641 1738 672 Macarii
1752 649 1869 671 nomen

1081 691 1120 722 ad
1144 691 1333 722 hodiernum
1361 691 1444 721 diem
1469 699 1544 731 prae
1569 690 1682 722 ceteris
1709 689 1867 727 omnibus,

1081 742 1136 782 qui
1148 742 1182 772 in
1198 741 1265 772 istis
1282 741 1474 772 vastitatibus
1492 741 1607 780 Libyae
1623 740 1697 771 olim
1712 741 1868 776 vixerunt,

1081 800 1139 831 per
1152 791 1334 831 quindecim
1351 790 1475 821 saecula
1488 789 1558 820 tulit
1568 788 1621 829 (5),
1631 789 1807 820 luculenter
1817 789 1871 819 de-

1081 844 1242 873 monstrat.
1265 841 1357 879 Signa
1371 848 1445 871 vero
1463 843 1493 870 et
1512 839 1654 879 prodigia
1668 839 1707 870 ab
1723 839 1772 870 his
1783 839 1868 869 seni-

1080 892 1140 924 bus
1162 892 1254 929 facta,
1279 891 1420 931 quamvis
1437 899 1454 922 a
1469 889 1672 930 scriptoribus
1686 889 1770 920 illius
1786 893 1868 920 tem-

244 940 319 970 dum
334 941 403 980 ipse
417 941 525 979 abfuit,
541 941 657 973 dirutas
668 943 831 973 restituere
847 942 959 980 noluit,
974 943 1029 974 sed
1046 939 1067 945 ”
1081 943 1168 984 poris
1183 949 1411 982 saepenumero
1427 943 1550 981 praeter
1567 939 1869 970 verisimilitudinem

243 990 276 1020 in
295 991 449 1022 vastitates
471 992 600 1023 secessit
617 991 669 1033 (1).
685 993 794 1032 Neque
805 993 933 1031 inﬁtior,
945 994 1028 1024 indi-

243 1047 323 1079 gnos
338 1049 563 1081 nonnunquam
582 1041 620 1072 ad
634 1042 823 1072 monasteria
840 1042 1028 1082 confugisse,

243 1090 332 1121 cuius
345 1092 391 1122 rei
406 1092 548 1132 exempla
562 1092 646 1132 apud
661 1093 830 1133 scriptores
840 1093 1028 1132 invenimus,

242 1140 315 1172 licet
331 1141 458 1181 plurimi
476 1143 564 1182 impii
587 1151 698 1174 senum
723 1145 962 1176 mansuetudine
985 1145 1030 1185 pii

241 1191 368 1222 tandem
380 1193 482 1223 effecti
494 1193 556 1223 sint
565 1192 605 1234 (2)
614 1202 622 1230 ;
631 1193 820 1233 immoipsas
834 1194 980 1226 haereses
991 1205 1030 1227 ex

242 1241 343 1272 caecis
362 1241 584 1273 nonnullorum
600 1243 709 1274 studiis
724 1243 881 1275 interdum
899 1254 1028 1284 proces-

241 1290 319 1321 sisse
333 1291 385 1332 (3).
395 1292 454 1323 Sed
467 1292 670 1324 nihilominus
680 1297 823 1333 tempora
836 1294 890 1325 illa
897 1295 1027 1327 salutem

236 1340 393 1372 Ecclesiae
414 1351 508 1381 quam
527 1343 661 1374 maxime
680 1348 916 1383 promoverunt.
940 1346 1029 1381 Quod

242 1391 340 1422 tribus
354 1391 511 1431 prioribus
526 1393 659 1424 saeculis
677 1398 840 1434 martyres,
865 1395 897 1425 id
917 1399 1028 1435 quarto

242 1443 273 1471 et
291 1441 420 1472 ineunte
446 1442 556 1481 quinto
584 1443 709 1474 saeculo
733 1443 951 1482 anachoretae,
977 1446 1027 1480 11

242 1490 399 1527 eremitae,
412 1490 559 1521 monachi
569 1491 863 1532 0rientis.tanquam
878 1494 951 1524 novi
963 1495 1030 1534 qui-

241 1539 313 1570 dam
326 1539 484 1571 innumeri
494 1543 645 1580 martyres
658 1541 698 1581 (4)
709 1542 897 1574 efficiebant.
905 1545 983 1575 Nam
995 1548 1030 1575 ut

240 1593 411 1630 martyrum
426 1591 612 1622 cruciatibus
628 1592 704 1623 ﬁdes
716 1601 751 1624 ac
765 1593 826 1624 vita
840 1594 1028 1626 Christiano-

241 1649 309 1671 rum
324 1641 382 1672 sibi
392 1641 492 1672 facem
505 1642 704 1680 accendebat,
724 1643 765 1674 ita
776 1644 941 1675 severitate
953 1645 1026 1676 illo-

239 1699 322 1728 rum,
348 1691 402 1731 qui
426 1692 578 1723 mundum
602 1702 730 1733 prorsus
753 1695 952 1734 spernebant,
973 1705 1026 1727 ce-

239 1744 380 1772 terorum
397 1742 537 1774 ﬁdelium
558 1743 701 1775 voluntas
719 1744 955 1776 incendebatur.
988 1747 1027 1777 Ut

239 1791 412 1828 martyrum
422 1792 595 1823 constantia
603 1793 844 1832 paganismivim
852 1794 1024 1834 frangebat,

239 1839 282 1870 ita
299 1839 508 1872 solitariorum
530 1843 708 1883 exemplum
723 1843 832 1875 ultima
851 1845 966 1885 templa
983 1846 1029 1877 di-

239 1889 311 1919 ruit.
320 1889 358 1920 Ut
369 1898 387 1920 e
399 1890 482 1921 vultu
494 1895 676 1931 martyrum,
687 1902 785 1933 quum
799 1894 839 1925 ad
852 1895 1027 1927 crudelissi-

238 1947 289 1970 ma
314 1940 469 1980 supplicia
492 1946 675 1982 pergerent,
703 1943 841 1976 hilaritas
861 1949 892 1976 et
910 1945 1025 1978 laetitia

238 1989 320 2020 coeli
343 1991 522 2029 etfulgebat,
534 1993 576 2023 ita
602 1993 636 2024 in
650 1994 762 2025 ardore
783 1998 813 2026 et
829 1995 943 2033 studio,
961 2005 1024 2036 quo

237 2040 388 2071 monachi
404 2043 509 2073 omnia
527 2043 629 2074 carnis
647 2045 802 2084 supplicia
816 2046 876 2085 ipsi
894 2046 952 2077 sibi
966 2047 1024 2077 im-

238 2091 410 2130 ponebant,
421 2093 607 2125 christianae
619 2095 780 2134 religionis
793 2096 889 2126 virtus
904 2096 1023 2127 revela-

237 2142 338 2173 batur.
347 2144 385 2173 Ut
395 2144 453 2175 tria
466 2145 572 2184 priora
585 2146 708 2176 saecula
723 2146 790 2178 sine
805 2146 934 2178 historia
945 2156 1025 2178 mar-

236 2193 310 2233 tyrii
325 2202 446 2232 eorum,
458 2195 512 2235 qui
521 2204 554 2226 se
570 2196 689 2227 Christo
701 2196 894 2234 addixeram,
905 2197 1022 2228 intelli-

272 2285 310 2321 (I)
325 2285 386 2313 Vita
400 2285 429 2313 S.
443 2285 578 2314 Hilarion.
589 2294 650 2322 cap.
662 2286 697 2313 23
712 2286 852 2322 sqq.,VV.
867 2285 918 2314 PP.
931 2286 1022 2314 Rosw.

235 2339 263 2366 p.
281 2332 326 2362 81,
342 2333 354 2359 1
369 2340 430 2368 sqq.

272 2378 311 2412 (2)
329 2378 406 2412 Ipsos
428 2379 549 2406 latrones
571 2379 605 2406 ab
620 2379 655 2407 iis
671 2386 819 2407 conversos
834 2384 861 2407 et
874 2380 1023 2407 monachos

235 2424 324 2452 factos
344 2433 406 2452 esse
431 2426 556 2459 legimus.
576 2424 633 2451 VV.
659 2424 713 2453 PP.
736 2424 829 2452 Rosw.
847 2426 894 2453 Iil).
920 2425 941 2452 Χ
961 2433 1021 2460 cap.

236 2469 288 2496 166
309 2477 337 2505 p.
358 2470 426 2502 912,
448 2471 478 2503 1;
501 2470 549 2497 Iib.
571 2469 580 2496 l
604 2478 632 2505 p.
651 2469 695 2502 77,
720 2469 750 2503 1;
776 2469 846 2498 Hist.
868 2470 950 2498 Laus.
978 2471 1022 2498 ed.

235 2515 336 2543 Meurs.
354 2523 414 2551 cap.
427 2515 471 2549 99,
485 2516 598 2551 passim.
616 2517 636 2542 Α
647 2517 718 2544 veris
729 2517 879 2549 monachis,
895 2516 1024 2544 coenobi-

236 2562 272 2589 tis
287 2562 416 2589 nimirum
432 2567 458 2589 et
470 2562 653 2594 anachoretis,
669 2562 704 2589 de
719 2562 818 2597 quibus
831 2562 897 2589 solis
908 2562 952 2589 hic
965 2563 1023 2597 agi-

235 2614 291 2639 tur,
303 2608 490 2643 diStinguendi
507 2613 572 2636 sunt
586 2609 630 2636 isti
646 2608 891 2643 pseudomonachi,
908 2617 978 2644 quos
992 2608 1020 2636 S.

235 2653 419 2689 Hieronymus
433 2653 617 2686 Remobooth,
631 2654 783 2682 Cassianus
800 2654 1022 2683 Sarabaitas.alii

235 2699 332 2725 Βόσκοι
353 2706 399 2726 seu
417 2699 591 2734 pabulatores
606 2703 750 2727 vocarunt.
768 2699 797 2727 S.
816 2700 997 2736 Hieronymus
1013 2710 1019 2727 :

238 2755 248 2771 ι
262 2744 330 2778 Ili,»
356 2745 460 2780 inquit,
479 2754 488 2770 ι
509 2745 566 2773 bini
590 2746 631 2773 vel
655 2746 736 2779 terni,
752 2753 803 2774 nec
823 2746 909 2773 multo
930 2745 1022 2781 plures

236 2791 318 2818 simul
335 2791 478 2825 habitant,
502 2799 553 2819 suo
575 2792 708 2819 arbitratu
737 2799 768 2819 ac
795 2791 898 2819 ditione
926 2792 1021 2818 viven-

234 2843 286 2869 tes,
319 2859 326 2865 .
348 2858 354 2864 .
377 2858 385 2865 .
407 2858 414 2864 .
436 2856 443 2864 .
466 2858 472 2864 .
494 2843 521 2865 et
542 2837 621 2872 quasi
644 2845 689 2865 ars
707 2837 741 2865 sit
760 2841 865 2868 sancta,
884 2844 938 2864 non
954 2837 1020 2868 vita,

235 2883 367 2919 quidquid
390 2883 575 2916 vendiderint,
598 2883 709 2914 maioris
732 2887 774 2910 est
795 2883 873 2917 pretii
896 2902 902 2909 .
928 2905 932 2910 ,
955 2902 961 2908 .
984 2902 990 2908 .
1012 2901 1019 2908 .

236 2930 311 2965 Apud
332 2931 380 2958 bos
395 2930 518 2958 affectata
531 2934 592 2958 sunt
609 2930 701 2958 omnia
717 2938 723 2955 :
739 2928 816 2956 laxae
833 2929 965 2961 manicae,
978 2935 1017 2955 ca-

1080 996 1256 1029 narrentur,
1280 992 1331 1022 vix
1354 994 1459 1022 tamen
1480 998 1604 1030 semper
1629 989 1866 1030 psychologice,

1079 1048 1113 1075 ut
1128 1044 1274 1076 nonnulli
1287 1044 1442 1081 fecerunt,
1472 1047 1524 1074 aut
1538 1042 1599 1073 alio
1619 1042 1757 1082 quodam
1776 1044 1868 1072 natu-

1079 1094 1136 1125 rali
1149 1095 1244 1125 modo
1253 1095 1452 1134 interpreter.
1469 1093 1613 1133 Quisquis
1622 1091 1794 1123 Christiano
1813 1099 1869 1122 no-

1079 1143 1164 1174 mine
1184 1152 1250 1174 non
1273 1143 1422 1182 indignus
1451 1145 1508 1179 est,
1531 1141 1651 1180 magnis
1674 1140 1869 1180 temporibus

1079 1201 1207 1224 manum
1223 1193 1277 1224 Dei
1294 1194 1327 1224 in
1343 1193 1522 1224 hominibus
1543 1197 1655 1230 magna
1669 1190 1780 1222 fecisse
1797 1198 1870 1230 pro-

1079 1242 1159 1273 ﬁteri
1183 1247 1309 1282 paratus
1332 1246 1388 1274 est.
1408 1242 1507 1282 quue
1529 1241 1632 1281 ipsum
1654 1249 1710 1272 cur
1732 1239 1783 1270 hic
1803 1247 1868 1271 non

1078 1297 1240 1331 statuatur,
1255 1302 1353 1334 quum
1366 1293 1450 1324 idem
1464 1292 1497 1323 in
1518 1291 1667 1332 apostolis
1684 1294 1714 1321 et
1726 1289 1869 1321 Patribus

1074 1343 1231 1375 Ecclesiae
1246 1344 1376 1374 minime
1389 1343 1569 1380 inﬁtiemur,
1587 1351 1651 1373 non
1662 1341 1814 1380 intelligo.
1831 1342 1868 1371 In

1078 1393 1220 1425 fabulosa
1238 1397 1341 1425 autem
1363 1393 1574 1424 narrationum
1590 1393 1694 1431 forma
1710 1392 1737 1422 si
1755 1400 1866 1431 saepe-

1079 1451 1211 1474 numero
1228 1443 1408 1479 oﬁ‘enderis,
1425 1442 1503 1473 scito
1518 1445 1549 1472 et
1563 1450 1634 1472 cum
1650 1442 1751 1479 gentis
1764 1443 1866 1480 Aegy-

1079 1493 1164 1533 ptiae
1180 1488 1287 1524 indole
1302 1496 1332 1524 et
1351 1501 1422 1524 cum
1444 1491 1592 1530 singulari
1612 1499 1724 1521 senum
1743 1490 1865 1520 vivendi

1079 1551 1195 1581 genere
1212 1546 1454 1582 temporumque
1468 1541 1597 1581 insuper
1609 1544 1718 1571 natura
1734 1548 1802 1571 eam
1815 1540 1866 1570 in-

1043 1586 1064 1614 C
1079 1592 1155 1622 time
1176 1592 1362 1628 cohaerere;
1387 1590 1535 1630 quocirca
1558 1589 1619 1620 illis
1640 1589 1727 1619 libris
1750 1589 1790 1619 de
1815 1589 1866 1624 12

1081 1641 1220 1682 patribus
1235 1642 1332 1672 eremi
1347 1641 1469 1680 scriptis
1482 1641 1594 1681 poesin
1616 1639 1772 1680 quandam
1787 1647 1866 1670 con-

1080 1692 1173 1722 tineri
1187 1691 1319 1723 dixerim
1333 1699 1351 1722 a
1363 1690 1451 1721 factis
1460 1699 1496 1721 ac
1507 1689 1658 1730 prodigiis
1670 1697 1781 1720 senum
1796 1697 1868 1728 pro—

1079 1742 1204 1777 fectam,
1226 1741 1279 1772 sed
1294 1741 1376 1772 fama
1393 1744 1425 1772 et
1445 1741 1567 1781 poetica
1583 1740 1683 1780 gentis
1702 1743 1797 1779 atque
1811 1748 1866 1771 ae-

1079 1792 1150 1824 tatis
1164 1792 1271 1824 indole
1286 1792 1365 1823 mire
1379 1791 1533 1822 excultam
1552 1794 1583 1821 et
1598 1793 1790 1821 exornatam.

1121 1845 1134 1881 §
1155 1843 1183 1873 5.
1209 1842 1270 1873 Sed
1290 1843 1368 1874 haec
1394 1841 1433 1873 de
1461 1841 1641 1882 primordiis
1659 1840 1739 1871 vitae
1758 1848 1867 1871 mona-

1081 1893 1188 1925 chicae
1198 1893 1368 1924 sufﬁciunt.
1379 1893 1447 1924 Jam
1461 1895 1641 1931 antequam,
1657 1899 1739 1930 quae
1754 1890 1792 1921 de
1807 1891 1867 1920 Ma-

1080 1943 1171 1974 cariis
1186 1942 1342 1982 leguntur,
1357 1942 1499 1981 digerere
1517 1940 1716 1980 incipiamus,
1732 1939 1771 1970 de
1792 1939 1864 1970 fon-

1079 1993 1161 2024 tibus
1184 1993 1318 2024 breviter
1340 1991 1538 2032 monendumv
1551 1993 1606 2021 est.
1629 1993 1789 2025 Auctores,
1811 1989 1865 2028 qui

1078 2043 1283 2074 Macariurum
1296 2046 1438 2081 tempore
1453 2045 1506 2072 aut
1521 2040 1627 2081 paullo
1647 2043 1718 2080 post
1732 2043 1865 2070 mortem

1077 2101 1187 2124 eorum
1200 2093 1233 2122 in
1247 2094 1387 2132 Aegypto
1400 2091 1537 2128 fuerunt,
1550 2091 1592 2121 ita
1606 2094 1640 2120 ut
1654 2090 1701 2120 vel
1716 2090 1865 2120 Macarios

1076 2143 1137 2182 ipsi
1159 2142 1304 2178 viderint,
1327 2141 1375 2172 vel
1390 2141 1429 2172 ab
1441 2149 1550 2172 eorum
1565 2139 1748 2180 aequalibus
1762 2139 1864 2170 edocti

1076 2194 1148 2231 sint,
1172 2193 1301 2225 nomino
1324 2192 1499 2231 Evagrium,
1514 2192 1673 2228 Ruﬁnum,
1699 2191 1730 2221 S.
1750 2191 1862 2222 Hiero-

1077 2282 1146 2318 Iigae
1168 2281 1332 2314 follicantes,
1359 2282 1444 2309 vestis
1461 2281 1592 2316 grossior,
1613 2281 1709 2308 crebra
1734 2279 1862 2315 suspiria,

1079 2329 1200 2356 visitatio
1221 2329 1370 2364 virginum,
1401 2328 1566 2356 detractatio
1588 2328 1763 2359 clericorum,
1786 2332 1813 2355 et
1839 2327 1863 2355 si

1076 2374 1184 2409 quando
1207 2374 1266 2402 dies
1289 2374 1375 2402 festus
1396 2374 1514 2406 venerit,
1535 2377 1696 2401 saturantur
1720 2373 1753 2400 ad
1773 2373 1864 2399 vomi-

1076 2424 1144 2446 tum.
1169 2429 1178 2445 l
1204 2419 1254 2454 Ep.
1278 2420 1322 2451 22,
1344 2419 1373 2447 S.
1398 2419 1511 2447 Hieron.
1529 2419 1598 2455 Opp.
1616 2419 1660 2446 ed.
1683 2418 1772 2453 Migne
1792 2418 1824 2445 T.
1840 2418 1862 2446 I.

1077 2465 1191 2501 [Patrol.
1205 2465 1236 2492 T.
1253 2464 1336 2500 XXII]
1357 2473 1384 2500 p.
1405 2465 1468 2492 419.
1482 2464 1608 2492 Cassian.
1630 2463 1699 2492 Coll.
1716 2463 1811 2495 XVIII,
1833 2464 1862 2496 7,

1076 2511 1197 2546 Opp.ed.
1211 2510 1334 2538 Gazaeus
1350 2519 1376 2546 p.
1393 2511 1456 2542 521,
1469 2511 1557 2547 Migne
1570 2519 1596 2546 p.
1615 2510 1684 2537 “02
1700 2518 1741 2545 sq.

1111 2557 1149 2592 (5)
1162 2557 1230 2585 Hist.
1239 2557 1321 2584 Laus.
1330 2558 1373 2584 ed.
1382 2557 1481 2585 ltleurs.
1490 2565 1515 2584 (ι.
1524 2559 1568 2585 56.
1580 2557 1617 2584 De
1624 2557 1770 2588 monacho,
1780 2557 1825 2590 qni
1835 2556 1862 2584 in

1075 2607 1176 2630 sectam
1191 2602 1390 2629 Hieracitarum
1404 2602 1580 2633 incidit,vide
1596 2601 1666 2629 infra
1680 2601 1767 2636 Caput
1782 2601 1814 2628 ll.
1825 2601 1863 2628 De

1075 2649 1216 2677 monachis
1225 2648 1426 2684 Origenismum
1441 2648 1633 2684 proﬁtentibus
1650 2648 1686 2674 cf.
1707 2647 1782 2682 Sulp.
1797 2646 1860 2674 Sev.

1075 2696 1144 2724 Dial.
1161 2696 1170 2723 l
1190 2703 1251 2730 cap.
1266 2695 1295 2726 θ,
1312 2693 1435 2722 Galland.
1456 2694 1524 2722 Bibl.
1541 2694 1593 2721 pr.
1607 2694 1639 2721 Τ.
1656 2693 1714 2721 Vlll
1725 2702 1752 2728 p.
1767 2693 1830 2725 404,
1844 2693 1862 2720 2

1075 2751 1148 2779 sqq.,
1165 2742 1254 2778 Migne
1271 2741 1374 2768 Patrol.
1389 2741 1422 2770 Τ.
1436 2741 1484 2768 XX
1497 2750 1524 2776 p.
1542 2741 1608 2770 I87.-

1110 2789 1147 2825 (6)
1166 2788 1315 2816 Cassianus
1337 2788 1518 2816 anachoretas
1533 2791 1561 2815 et
1576 2787 1732 2814 coenobitas
1757 2795 1767 2812 ‹
1782 2785 1860 2813 vivos

1074 2838 1209 2869 martyres
1222 2843 1231 2859 ι
1244 2837 1333 2860 vocat.
1346 2834 1414 2861 Coll.
1426 2832 1510 2860 XVIII
1523 2840 1582 2868 cap.
1593 2833 1608 2858 7
1620 2832 1663 2861 ed.
1675 2831 1739 2859 Gaz.
1755 2839 1782 2866 p.
1793 2831 1856 2864 δὶα,

1075 2880 1164 2915 Migne
1176 2887 1202 2913 p.
1218 2879 1296 2906 H06.

1109 2926 1143 2961 (5,
1164 2925 1347 2954 Tischendorl
1359 2925 1377 2954 I.
1394 2925 1412 2952 I.
1428 2933 1453 2961 ει.
1473 2925 1532 2953 119.
