2038 3156
159 191 192 218 15
929 193 948 220 ν

997 193 1042 222 1Ε.
1746 201 1756 227 1
1767 200 1780 227 ι

159 253 303 285 nymum,
328 246 509 286 Palladium,
529 249 719 282 Cassianum.
743 253 893 289 Quorum,
918 254 943 283 si
960 257 981 284 Α
996 253 1166 293 interprete
1181 254 1239 283 CLI
1253 253 1353 293 capita
1370 251 1589 292 complectitur
1600 249 1653 292 (6).
1670 251 1781 287 Altera,

157 296 308 327 Macarius
328 301 460 337 spectas,
476 298 740 339 locupletissimus
753 305 846 342 atque
857 303 943 334 ﬁdis-

157 346 254 377 simus
271 347 358 378 testis
375 352 421 378 est
436 349 601 387 Palladius,
623 351 677 390 qui
692 352 831 384 secundo
845 353 946 385 Theo-

157 396 236 427 dosii
252 398 359 436 magni
374 398 556 438 imperantis
576 409 659 432 anno
674 401 713 432 ad
732 406 858 442 portum
871 403 943 434 Λιθ-

155 446 305 478 xandriae
327 448 448 488 appulit
460 448 512 489 (1),
529 450 654 489 triginta
669 460 724 482 sex
736 453 896 484 mensibus
912 453 945 485 in

156 498 368 535 monasteriis,
393 508 473 539 quae
496 500 578 532 circa
604 501 823 534 Alexandriam
844 507 942 538 erant.

156 547 292 586 peractis
309 547 343 578 in
363 552 502 580 montem
521 550 637 581 Nitriae
659 551 788 582 secessit
799 551 853 592 (2),
867 556 897 584 et
911 553 944 583 in

156 595 271 634 Celliis,
294 597 328 628 in
352 598 466 637 quibus
490 607 602 630 novem
627 609 727 632 annos
743 602 943 641 transigebat,

155 649 218 677 tres
244 655 306 678 una
328 657 400 679 cum
418 649 551 680 Macario
575 650 784 682 Alexandrino
796 652 872 683 vixit
890 652 944 693 (3).

155 697 328 737 Aegyptius
340 707 415 730 vero
431 700 582 731 Macarius
592 709 687 737 anno,
701 705 869 742 antequam
879 703 947 734 Pal-

156 745 257 778 ladius
270 747 304 778 in
325 748 528 783 solitudinem
548 751 777 790 egrediebatur,
802 757 946 784 mortuus

156 798 221 827 erat
243 795 297 835 (4).
316 798 424 838 Itaque
446 798 537 830 facile
556 799 714 840 intelligis,
731 802 945 834 auctoritatem

155 845 284 877 Palladii
296 848 422 879 maximi
437 848 612 881 faciendam
625 860 705 889 esse,
716 852 812 892 idque
828 861 866 884 eo
881 862 947 884 ma-

995 311 1076 343 quae
1092 303 1207 343 pariter
1224 311 1261 334 ac
1274 307 1396 334 ceterae
1410 302 1493 343 apud
1514 301 1713 333 Rosweidum
1737 300 1783 331 le-

995 353 1087 392 gitur,
1104 353 1226 384 incerto
1245 355 1351 383 vetere
1368 352 1551 392 interprete,
1567 351 1721 392 capitibus
1731 351 1787 381 XX

975 426 977 428 τ
995 406 1117 434 constat
1135 403 1298 443 (7).Tertia
1313 402 1461 442 denique,
1478 402 1587 433 itidem
1599 402 1721 433 incerto
1735 410 1786 432 ve-

996 456 1062 484 tere
1086 453 1273 493 interprete,
1297 453 1389 483 LVIII
1412 452 1565 492 capitibus
1588 451 1705 492 prodiit
1723 451 1784 482 hoc

995 503 1113 534 indice:
1127 514 1141 531 α
1150 502 1323 534 Heraclidis
1333 501 1495 542 paradisus
1506 501 1578 541 (8),»
1589 501 1644 541 qui
1655 501 1782 540 quidem

995 552 1103 583 titulus
1118 552 1214 583 falsus
1228 555 1284 589 est,
1300 560 1398 592 quum
1415 551 1583 590 legendum
1596 551 1634 581 sit
1650 563 1663 579 α
1680 550 1781 581 Palla-

996 599 1039 630 dii
1062 599 1261 640 paradisus,»
1277 603 1312 631 ut
1332 603 1379 630 est
1399 600 1433 631 in
1445 599 1654 631 vetustisstmo
1673 599 1783 630 codice

995 650 1136 681 eiusdem
1158 650 1311 682 versionis
1333 650 1463 681 ineunte
1492 658 1556 681 sec.
1588 649 1629 679 IX
1653 648 1781 688 scripto,

995 708 1090 740 quem
1114 700 1176 731 adii
1196 701 1316 731 Romae
1334 700 1367 730 in
1388 699 1578 730 bibliotheca
1602 697 1784 729 monasterii

1000 750 1224 781 Yerusalemmc
1246 751 1280 781 in
1298 751 1392 782 Croce
1409 749 1462 790 (9).
1473 749 1644 780 Heraclidis
1659 748 1781 789 paradi-

996 809 1049 831 sus
1069 800 1148 832 alius
1171 800 1302 832 omnino
1320 800 1399 831 liber
1421 799 1518 830 fuisse
1541 799 1673 835 videtur,
1695 797 1784 829 cuius

995 850 1119 882 codices
1131 852 1250 882 Romae
1264 851 1297 881 in
1307 850 1498 881 bibliotheca
1512 849 1684 880 Chn‘stinae
1699 847 1783 887 regi-

156 894 213 933 gis,
229 905 327 936 quum
343 906 376 928 se
391 898 488 930 ﬁdum
507 903 717 940 spectatorem
735 902 892 940 exhibeat,
915 905 946 933 et
961 910 982 938 Β
996 909 1055 932 nae
1062 905 1259 932 asservantur
1272 901 1342 941 (10).
1353 901 1413 931 Sed
1424 901 1463 932 ad
1477 900 1546 931 illas
1553 902 1617 931 tres
1624 898 1784 929 versiones

157 942 248 984 longa
264 954 420 978 annorum
444 949 524 980 serie
547 962 560 979 α
582 959 621 982 ex
641 951 750 983 virtute
765 957 851 991 gesta
870 961 944 984 san-

157 998 279 1027 ctorum
303 1001 544 1039 sanctarumque
563 1000 597 1031 in
618 1002 752 1042 Aegypti
774 1002 945 1034 solitudine

157 1047 187 1075 et
199 1045 233 1076 in
248 1047 346 1087 Libya
361 1052 391 1079 et
401 1049 559 1081 Thebaide
574 1054 605 1082 et
618 1052 720 1091 Syene
733 1055 764 1083 et
775 1053 943 1091 Tabennis,

158 1095 271 1128 deinde
292 1097 325 1128 in
342 1099 578 1140 Mesopotamia,
603 1101 775 1134 Palaestina
795 1107 826 1135 et
845 1104 944 1143 Syria,

157 1149 187 1176 et
199 1147 232 1177 in
247 1148 390 1187 partibus
399 1150 576 1182 Occidentis
586 1155 617 1182 et
633 1153 749 1184 Romae
768 1156 799 1184 et
814 1154 846 1184 in
862 1154 947 1184 Cam-

157 1197 249 1236 pania
264 1202 295 1229 et
305 1199 339 1230 in
348 1199 398 1237 iis,
416 1209 497 1241 quae
514 1205 588 1233 sunt
601 1202 684 1234 circa
700 1212 764 1240 eas,
781 1204 944 1244 partibus»

156 1247 224 1287 ipse
236 1250 468 1289 peregrinando
479 1254 660 1291 cognoverit
675 1253 836 1294 (5).Liber,
851 1263 946 1294 quem

156 1298 310 1331 Palladius
329 1300 368 1332 de
385 1303 548 1335 monachis
565 1303 673 1342 edidit,
698 1305 799 1335 Lauso
823 1304 947 1336 cuidam

158 1349 337 1388 praeposito
356 1350 516 1383 dedicatus
531 1356 589 1389 est,
605 1353 690 1384 unde
708 1362 826 1384 nomen
840 1354 948 1384 Histo-

157 1398 222 1428 riae
255 1399 437 1439 Lausiacae,
472 1405 526 1433 aut
565 1403 749 1444 simpliciter
777 1405 946 1435 Lausiacae

159 1447 280 1487 (graece
305 1454 421 1491 Ἰστορία
434 1451 502 1492 πρὸξ
519 1454 640 1493 Δαῦσον)
658 1454 761 1485 traxit.
773 1454 866 1485 Cuius
884 1458 947 1485 tres

158 1503 278 1531 exstant
296 1500 410 1533 latinae
429 1504 589 1535 versiones
606 1504 696 1535 valde
710 1505 793 1535 inter
805 1513 839 1536 se
853 1505 946 1535 diffe-

159 1554 272 1581 rentes.
303 1553 348 1583 Ex
376 1554 491 1593 quibus
512 1563 561 1592 ea,
585 1564 667 1595 quae
693 1555 806 1586 ceteris
825 1555 946 1586 duabus

159 1601 256 1633 multo
280 1602 471 1644 locupletior
485 1608 542 1642 est,
566 1605 720 1636 Gentiano
736 1606 873 1637 Herveto
896 1605 946 1640 l3

193 1691 231 1727 (1)
256 1692 325 1721 Hist.
349 1693 433 1723 Laus.
463 1702 522 1731 cap.
547 1695 572 1723 1.
600 1695 670 1732 Opp.
699 1695 802 1725 Meurs.
827 1696 861 1724 T.
888 1695 958 1731 VIII,

161 1745 186 1772 ῃ.
205 1738 267 1766 548.

194 1782 232 1818 (2)
253 1783 319 1811 Ibid.
335 1792 395 1820 cap.
409 1785 425 1812 8
440 1793 468 1820 p.
486 1786 551 1813 560.

196 1829 233 1864 (3)
255 1828 320 1857 Ibid.
341 1838 400 1866 cap.
416 1831 447 1857 21
464 1840 491 1867 p.
510 1832 572 1859 596.

195 1876 233 1910 (1)
255 1876 321 1904 Ibid.
337 1885 398 1913 cap.
411 1879 447 1905 20
458 1887 483 1913 p.
499 1878 560 1906 596.

196 1920 232 1956 (5)
252 1921 360 1958 Prolog.
382 1923 415 1951 ad
432 1923 503 1952 Hist.
527 1925 611 1953 Laus.
629 1923 699 1960 Opp.
717 1924 815 1952 Meurs.
842 1926 862 1954 I.
877 1927 896 1954 I.
917 1935 942 1962 p.

163 1966 231 2000 540;
250 1967 306 1996 VV.
322 1968 374 1996 PP.
387 1969 479 1998 Rosw.
493 1979 520 2006 p.
538 1971 602 1998 706.
775 1999 778 2002 .

198 2014 235 2049 (6)
256 2014 379 2043 Primum
403 2017 505 2051 prodiit
534 2017 649 2046 Parisiis
672 2016 753 2049 1555,
775 2016 826 2048 1ο;
849 2023 946 2043 recusa

163 2065 203 2087 est
223 2061 323 2089 ibidem
339 2062 418 2095 1570,
435 2063 474 2095 4ο,
493 2067 575 2098 atque
594 2071 656 2090 cum
678 2062 791 2091 scholiis
808 2061 950 2090 Laurentii

163 2102 306 2133 Itarrensis
327 2106 354 2133 in
370 2106 430 2138 eius
450 2107 565 2134 historia
583 2107 735 2135 christiana
755 2111 878 2135 veterum
899 2106 952 2134 Pa-

163 2155 233 2178 trum
253 2151 342 2180 Paris.
360 2153 431 2181 1585
447 2153 495 2181 fol.
515 2162 543 2189 p.
563 2153 608 2186 55,
622 2161 674 2181 nec
689 2161 746 2181 non
767 2153 796 2181 in
811 2153 881 2181 Bibl.
898 2153 950 2181 PP.

163 2204 222 2225 cur.
239 2197 273 2224 de
286 2198 310 2224 la
326 2197 410 2233 Bigne
422 2198 510 2226 Paris.
526 2198 595 2226 1589
608 2203 635 2226 et
649 2198 718 2226 1610
730 2199 762 2227 T.
775 2198 834 2231 VII,
851 2199 879 2226 in
895 2198 951 2226 VV.

163 2242 214 2270 PP.
233 2243 325 2270 Rosw.
351 2244 396 2271 lib.
421 2244 478 2272 VIII
493 2252 520 2279 p.
543 2243 594 2272 704
614 2252 688 2280 sqq.,
703 2249 731 2272 et
750 2244 779 2272 in
795 2244 952 2273 Meursiana

163 2289 282 2317 editione
296 2289 434 2317 Historiae
449 2290 601 2318 Lausiacae
613 2289 739 2325 Palladii,
755 2289 825 2325 Opp.
840 2289 952 2318 Meursii

164 2333 194 2360 T.
211 2333 267 2360 VIII
285 2342 311 2369 p.
333 2335 383 2362 351
398 2343 457 2370 sqq.

201 2379 240 2413 (7)
261 2379 341 2407 Edita
355 2384 399 2408 est
416 2380 445 2407 in
460 2380 528 2408 Vitis
543 2379 667 2413 Patrum,
688 2387 759 2416 quae
779 2380 879 2416 triplici
892 2381 953 2408 vice

165 2425 222 2452 sine
235 2426 410 2462 typographi,
420 2426 472 2454 loci
486 2431 513 2454 et
523 2427 589 2454 anni
601 2431 667 2454 nota
679 2431 802 2462 tempore
813 2428 953 2454 nascentis

165 2472 359 2506 typographiae
381 2471 551 2506 prodierunt,
577 2472 643 2506 Iol.;
661 2480 760 2501 recusa
777 2473 805 2499 in
823 2472 952 2500 Theodo-

166 2517 213 2544 rici
228 2517 317 2545 Loher
327 2525 342 2545 a
354 2518 457 2546 Stratis
471 2522 615 2555 prototypo
630 2520 730 2548 veteris
741 2519 886 2552 ecclesiae,
901 2519 953 2547 Co-

165 2566 254 2594 loniae
268 2567 347 2600 1547,
361 2566 424 2599 I'ol.,
438 2570 465 2594 et
479 2566 507 2594 in
527 2566 583 2594 VV.
600 2567 653 2594 PP.
671 2567 765 2595 Bosw.
777 2575 804 2603 p.
821 2568 874 2595 984
889 2577 951 2604 sqq.

201 2613 238 2648 (8)
262 2611 328 2640 Eam
361 2613 413 2641 sub
446 2613 526 2640 titulo
543 2621 551 2640 :
571 2622 580 2639 ε
595 2613 749 2641 Heraclidis
777 2614 924 2648 paradisus
939 2623 949 2640 ι

165 2659 268 2694 primus
290 2659 399 2687 videtur
427 2659 547 2687 edidisse
573 2659 632 2686 Jac.
660 2659 750 2687 Faber
779 2659 953 2695 Stapulensis

165 2705 251 2733 Paris.
270 2706 349 2734 1504.
365 2706 470 2733 Collata
491 2713 554 2733 cutn
575 2706 672 2734 codice
690 2714 743 2734 ms.
758 2706 880 2738 Veneto,
904 2707 952 2742 qui

165 2759 220 2778 non
237 2750 420 2782 Heraclidem,
446 2752 493 2779 sed
517 2751 671 2779 Palladium
694 2752 855 2787 scriptorem
878 2757 952 2780 recte

165 2798 320 2833 proﬁtetur,
336 2799 438 2834 prodiit
452 2800 479 2826 in
499 2799 569 2827 Vitis
585 2807 633 2835 per
647 2799 787 2836 Aloysium
806 2800 953 2835 Lipoman-

165 2851 232 2870 num
249 2843 371 2871 collectis
388 2843 419 2870 T.
441 2843 472 2871 III
494 2844 590 2872 Venet.
616 2844 696 2872 1551.
720 2844 841 2880 Denique
863 2848 953 2872 exstat

167 2889 196 2915 in
207 2887 264 2915 VV.
274 2887 325 2914 PP.
344 2888 437 2916 Hosw.
451 2897 477 2924 p.
492 2890 544 2918 959
558 2898 620 2925 sqq.
637 2889 675 2917 De
689 2890 772 2917 variis
783 2889 859 2917 hisce
871 2890 953 2917 trium

167 2934 325 2962 versionum
349 2934 514 2964 editionibus
535 2936 572 2964 ci.
595 2935 639 2964 Jo.
662 2936 724 2965 Alb.
746 2935 901 2965 Fabricium
925 2937 953 2965 in

997 951 1050 987 14
1067 951 1221 983 Historiae
1242 951 1407 982 Lausiacae
1426 950 1545 982 accedit
1565 949 1667 989 graeci
1681 951 1785 980 textus

994 1001 1103 1032 itidem
1113 1002 1227 1042 triplex
1238 1001 1481 1041 editio,quarum
1492 1000 1576 1031 nulla
1587 999 1783 1031 cumversio-

995 1052 1088 1083 nibus
1102 1052 1258 1084 convenit.
1271 1052 1421 1092 Princeps
1435 1059 1545 1090 graeca
1562 1049 1658 1082 editio
1668 1048 1785 1089 prodiit

996 1111 1035 1134 ex
1052 1102 1161 1133 codice
1177 1101 1386 1133 bibliothecae
1400 1101 1556 1132 Palatinae
1570 1109 1644 1132 cura
1658 1098 1786 1130 Meursii

996 1153 1219 1193 capitibusCIII
1227 1152 1250 1193 (1
1261 1152 1299 1192 1),
1308 1161 1408 1192 eaque
1413 1152 1495 1183 haud
1503 1159 1611 1192 parum
1618 1150 1785 1181 aversione

995 1204 1132 1241 Herveti,
1139 1212 1268 1243 prorsus
1277 1207 1380 1234 autem
1389 1211 1407 1234 a
1417 1201 1730 1234 ceterisversionibus
1740 1199 1786 1230 di-

996 1257 1066 1284 stat.
1075 1254 1141 1290 Quo
1151 1252 1370 1292 quidemtextu
1376 1251 1551 1283 Meursiano
1558 1251 1650 1289 longe
1659 1249 1784 1290 plenio-

997 1310 1064 1334 rem
1079 1311 1096 1332 e
1111 1301 1273 1332 codicibus
1283 1300 1389 1340 Regiis
1400 1308 1461 1331 una
1476 1309 1548 1331 cum
1555 1299 1699 1330 versione
1708 1299 1787 1329 Her-

997 1353 1059 1384 veti
1074 1352 1229 1393 capitibus
1243 1352 1302 1382 CLI
1316 1351 1414 1382 edidit
1430 1351 1545 1381 Fronto
1555 1351 1697 1381 Ducaeus
1710 1348 1783 1390 (12).

997 1403 1138 1443 Denique
1167 1402 1269 1442 capita
1296 1401 1449 1433 nonnulla
1471 1401 1505 1432 in
1529 1400 1587 1432 hac
1609 1400 1785 1439 ceterisque

997 1454 1187 1485 editionibus
1211 1453 1325 1484 omissa
1349 1456 1498 1492 tanquam
1527 1460 1608 1482 nova
1633 1450 1786 1490 quaedam

995 1505 1079 1535 illius
1097 1503 1244 1535 editionis
1270 1502 1490 1543 supplementa
1512 1501 1646 1540 vulgavit
1663 1500 1785 1532 Cutele-

998 1555 1062 1586 rius
1071 1553 1143 1594 (13).
1157 1554 1275 1591 Quibus
1283 1552 1502 1584 additamentis
1508 1556 1538 1583 et
1544 1552 1655 1583 Ducaei
1664 1554 1694 1582 et
1700 1552 1788 1582 Cote-

1000 1605 1069 1636 lerii
1074 1607 1197 1636 auctam
1208 1604 1379 1635 editionem
1389 1603 1449 1634 iam
1459 1602 1555 1634 habes
1561 1603 1592 1633 in
1600 1601 1786 1633 collectione

999 1696 1167 1724 Bibliotheca
1181 1695 1298 1727 Graeca,
1316 1694 1386 1730 Opp.
1408 1693 1509 1723 Meurs.
1532 1701 1567 1722 ex
1588 1701 1644 1722 rec.
1660 1692 1783 1721 Lami'I'.

998 1741 1056 1769 VIII
1076 1750 1102 1777 p.
1121 1742 1184 1774 667,
1204 1741 1305 1775 I,infra
1321 1741 1349 1769 in
1368 1741 1446 1768 initio
1464 1745 1574 1770 nostrae
1595 1741 1725 1768 editionis
1739 1739 1788 1767 Hi-

997 1787 1101 1814 storiae
1122 1786 1281 1819 Lausiacae,
1294 1790 1322 1814 et
1332 1785 1390 1814 νγ.
1408 1785 1461 1813 PP.
1478 1785 1571 1814 Rosw.
1588 1785 1696 1821 Proleg.
1716 1783 1786 1818 XIV,

998 1841 1024 1868 ν.
1045 1832 1136 1860 XLIV.

1035 1880 1072 1915 (9)
1092 1879 1180 1908 Huius
1200 1878 1387 1907 Bibliothecae
1416 1878 1513 1906 codice
1538 1877 1596 1905 XLI
1620 1876 1667 1904 fol.
1687 1875 1703 1904 9
1721 1876 1788 1903 haec

998 1925 1067 1961 Iegis
1083 1935 1088 1952 :
1104 1935 1114 1951 ι
1135 1925 1232 1960 Incipit
1245 1925 1323 1957 liber,
1340 1924 1384 1959 qui
1401 1924 1552 1958 appellatur
1561 1922 1710 1957 paradysus
1724 1920 1788 1949 Pal-

1000 1972 1066 1999 ladii
1079 1972 1210 2003 monachi,
1221 1971 1266 2007 qui
1276 1971 1328 2006 fuit
1340 1970 1485 2006 discipulus
1502 1969 1619 2004 Evagrii.
1637 1968 1713 1996 Multi
1725 1969 1788 2003 qui-

1001 2017 1063 2046 dem
1079 2018 1179 2045 multos
1194 2017 1340 2052 variosque
1353 2017 1450 2050 libros,
1467 2019 1524 2043 cet.
1539 2025 1549 2042 ι
1560 2015 1662 2043 Textus
1683 2013 1788 2042 codicis

1001 2073 1015 2091 a
1031 2064 1101 2092 libro
1116 2064 1250 2099 impresso
1266 2070 1363 2098 parum
1376 2063 1457 2091 nobis
1467 2062 1626 2097 discrepare
1637 2062 1714 2089 visus
1728 2064 1783 2088 est.

1000 2109 1093 2138 Codex
1106 2109 1229 2138 Venetus
1243 2117 1354 2146 quoque
1373 2108 1525 2136 Palladium
1543 2108 1706 2144 scriptorem
1723 2115 1788 2143 prae

1001 2165 1032 2185 se
1046 2156 1109 2185 fert.

1037 2202 1094 2238 (I0)
1119 2202 1148 2229 In
1169 2201 1294 2237 catalogo
1313 2201 1400 2228 latino
1421 2200 1491 2228 Bibl.
1511 2199 1666 2227 Cbristinae
1688 2198 1789 2225 Romae

1002 2248 1070 2284 legis
1086 2256 1094 2275 :
1110 2257 1120 2274 ‹
1135 2248 1201 2275 Cod.
1219 2247 1268 2274 Nr.
1279 2246 1332 2275 452
1343 2246 1496 2274 Heraclidis
1513 2244 1658 2281 paradisus
1669 2244 1726 2271 sive
1739 2243 1787 2270 lib.

1001 2295 1036 2322 de
1054 2293 1110 2321 VV.
1128 2294 1178 2321 SS.
1199 2293 1314 2321 Patrum
1335 2293 1369 2320 ad
1393 2292 1513 2320 Lausum
1536 2291 1722 2327 praepositum
1743 2297 1789 2324 pa-

1000 2340 1070 2368 latii.
1086 2349 1095 2366 )
1128 2339 1243 2367 Nomine
1265 2339 1406 2374 scriptoris
1425 2338 1529 2366 Omissa
1547 2338 1576 2364 in
1603 2335 1726 2370 catalogo
1750 2335 1789 2361 la-

999 2387 1058 2414 tino
1073 2385 1143 2413 Bibl.
1163 2385 1311 2413 Vaticanae
1333 2385 1432 2420 legitur
1449 2392 1456 2410 :
1478 2393 1488 2410 ι
1505 2383 1533 2410 2.
1548 2382 1706 2413 Paradisus,
1721 2381 1789 2408 liber

1001 2433 1041 2460 sic
1065 2432 1212 2467 inscriptus
1234 2431 1268 2459 de
1288 2431 1359 2458 Vitis
1380 2430 1555 2460 Sanctorum,
1578 2428 1631 2455 555
1649 2427 1698 2454 Nr.
1718 2426 1788 2460 499;

1001 2477 1091 2505 denuo
1105 2477 1158 2505 565
1171 2476 1219 2504 Nr.
1237 2477 1316 2504 1512.
1333 2486 1343 2502 ι
1365 2475 1491 2504 Graviter
1505 2474 1641 2505 dolemus,
1660 2472 1732 2507 quod
1746 2479 1789 2499 re-

1003 2524 1055 2551 bus
1072 2523 1245 2559 gravioribus
1264 2523 1346 2551 nimis
1366 2521 1490 2557 occupati
1513 2520 1564 2547 hos
1585 2519 1705 2551 codices,
1725 2526 1789 2546 cum

1002 2569 1104 2597 Romae
1117 2577 1253 2602 essemus,
1270 2568 1427 2597 examinare
1442 2574 1496 2594 non
1510 2566 1657 2601 potuimus.

1038 2617 1094 2652 (11)
1111 2616 1197 2653 Lugd.
1216 2616 1276 2643 Bat.
1293 2615 1372 2648 1616,
1390 2615 1429 2642 4'.
1442 2613 1580 2641 Meursius
1594 2615 1674 2640 notas
1686 2612 1790 2640 addidlt

1001 2663 1135 2693 eruditas.
1150 2662 1283 2690 nonnulla
1293 2661 1381 2689 etiam
1396 2668 1411 2688 e
1426 2659 1521 2687 codice
1534 2658 1722 2686 Bibliothecae
1737 2657 1790 2684 ﬂe-

1003 2709 1064 2745 giae
1071 2708 1244 2739 Parisiensis,
1252 2714 1315 2734 cum
1330 2705 1454 2733 Lutetiae
1466 2707 1632 2735 versaretur,
1642 2703 1788 2738 supplevit.

1039 2755 1095 2790 (I3)
1117 2754 1277 2782 Auctarium
1301 2752 1370 2780 Bibl.
1391 2750 1443 2778 PP.
1468 2750 1555 2778 Paris.
1570 2749 1650 2782 I624,
1676 2749 1735 2781 fol.,
1755 2749 1788 2776 'I‘.

1002 2800 1023 2827 Il
1040 2808 1067 2834 p.
1084 2799 1180 2826 895——
1207 2798 1294 2831 1055;
1307 2796 1376 2824 Bibl.
1394 2795 1448 2823 PP.
1469 2795 1558 2822 Paris.
1583 2794 1652 2822 1654
1673 2794 1706 2822 Τ.
1730 2793 1790 2821 XIII

1003 2854 1028 2882 ι)⁴
1044 2842 1190 2873 895-1055.
1204 2843 1344 2871 Accedunt
1359 2842 1459 2870 Ducaei
1473 2846 1564 2868 notae.

1039 2891 1095 2926 (15)
1117 2890 1190 2918 Eccl.
1201 2890 1299 2917 Graec.
1313 2890 1387 2916 Mon.
1402 2888 1464 2916 Lut.
1480 2887 1568 2917 Paris.
1586 2887 1654 2916 1677
1670 2886 1700 2914 Τ.
1717 2885 1786 2921 IIIp.

1007 2938 1167 2966 m—m
1182 2942 1247 2973 etp.
1266 2936 1435 2965 158-170.
