2038 3156
253 165 287 192 15
648 166 701 195 SS.
716 166 949 197 MACARIORUM
968 170 1129 199 AEGYPTII
1149 172 1193 200 ΕΤ
1213 171 1460 201 ALEXANDRINI.
1841 175 1876 204 i8

249 222 386 262 Oper-um
408 223 534 255 Meursii
561 231 597 255 ex
626 225 811 258 recensione
829 227 960 258 Joannis
980 229 1037 259 La-
1052 229 1294 262 Adedicatorias
1335 230 1496 270 epistolas,
1536 237 1617 270 quae
1631 229 1676 260 ibi
1713 227 1875 268 leguntur,

249 272 293 303 mi
310 272 362 313 (1).
375 273 475 304 Caveo
486 275 563 304 teste
574 273 607 304 in
617 274 715 306 Isaaci
729 275 830 306 Vossii
844 276 1035 310 bibliotheca

249 321 350 353 codex
358 323 525 354 Lausiacae
533 324 762 364 inveniebatur,
771 327 827 366 qui
838 326 929 358 editis
938 326 1034 367 duplo

248 372 370 403 auctior
387 372 446 403 fuit
466 371 519 413 (2).
542 374 587 404 Ex
604 375 750 407 omnibus
768 385 842 407 vero
859 376 938 414 istis,
953 386 1035 417 quae

247 421 413 460 habentur,
429 423 620 456 editionibus
631 426 716 457 nulla
725 425 768 457 ita
781 431 962 466 comparata
975 431 1033 465 est,

247 475 280 502 ut
292 473 421 510 genuini
434 475 537 504 textus
550 475 690 514 speciem
704 484 779 515 prae
793 485 827 506 se
837 476 925 508 ferat.
941 476 1035 508 Vides

246 521 353 560 igitur,
373 522 587 555 difﬁcultatem
603 525 770 557 maximam
789 525 840 558 hic
863 527 955 558 nobis
975 528 1034 558 ob-

248 572 333 603 oriri.
353 573 415 604 Sed
434 575 601 607 commode
619 577 734 615 evenit,
747 577 826 608 utin
844 577 1035 609 bibliotheca

247 622 394 652 Caesarea
408 622 646 656 Vindobonensi
660 626 841 664 genuinam,
855 627 941 666 quod
956 626 1035 658 mihi

247 670 376 710 quidem
383 671 514 710 videtur,
521 674 689 706 Historiam
695 676 873 708 Lausiacam
879 677 980 708 adhuc
989 677 1036 707 in-

247 720 404 759 cognitam
416 723 625 762 repererimin
632 724 756 757 duobus
765 726 950 764 Codd.Mss.,
958 735 1035 767 quo-

247 779 318 801 rum
324 773 459 811 utroque
466 773 585 813 integra
596 776 785 812 continetur.
793 777 1035 809 membranaceo

247 824 279 853 et
295 825 473 860 pervetusto
489 833 565 862 uno,
576 825 742 858 chartaceo
753 827 869 864 altero(
873 827 915 867 3).
926 829 968 859 Ac
983 836 1036 867 ge-

247 871 373 904 nuitatis
389 872 439 907 15
455 877 561 905 notam
574 874 648 906 huic
664 875 784 907 inedito
796 877 896 908 textui
908 877 1033 909 vindico

247 927 319 950 cum
336 927 466 962 propter
479 931 595 954 nexum
609 933 725 962 rerum,
740 934 758 956 a
774 935 835 966 qua
854 929 941 966 parte
957 926 1035 958 nihil

246 968 450 1010 desideratur,
458 975 524 1004 tum
532 977 663 1013 propter
673 974 905 1015 simplicitatem
917 976 1035 1008 dictio-

247 1019 296 1051 nis
311 1024 342 1052 et
357 1023 549 1063 praeclaram
572 1024 669 1056 totius
686 1024 759 1057 libri
781 1026 1033 1066 dispositionem.

247 1069 331 1102 Edita
352 1073 542 1114 exemplaria
561 1075 716 1115 Historiae
736 1077 902 1108 Lausiacae
920 1077 946 1109 si
964 1086 1035 1110 cum

247 1123 334 1153 textu
343 1122 456 1155 horum
466 1125 611 1156 codicum
620 1126 755 1164 confers,
763 1127 841 1159 mire
850 1128 1036 1168 interpolata

247 1173 279 1204 et
308 1171 497 1212 babylonica
527 1175 661 1215 quadam
699 1177 887 1209 confusione
924 1178 1036 1210 affecta

246 1227 410 1263 apparent,
425 1225 466 1256 ita
483 1229 528 1264 ut,
543 1235 625 1266 quae
639 1227 673 1259 in
687 1228 792 1259 medio
808 1228 888 1260 libro
902 1228 1036 1269 legenda

246 1277 329 1310 sunt,
346 1274 489 1314 legantur
501 1277 535 1307 in
549 1277 622 1314 (ine,
639 1281 681 1316 et,
698 1287 780 1318 quae
794 1279 833 1310 ad
851 1279 945 1311 ﬁnem
961 1289 1035 1320 per-

244 1323 360 1363 tinent,
384 1326 523 1358 medium
549 1326 654 1359 locum
685 1333 842 1369 occupent
857 1329 910 1370 (4).
936 1331 1036 1367 Quare

245 1374 382 1413 primum
398 1376 536 1414 genuino
556 1377 712 1409 Historiae
733 1379 900 1411 Lausiacae
916 1380 956 1412 de
970 1382 1035 1412 Ma-

246 1425 338 1456 cariis
364 1428 462 1464 textu,
489 1435 584 1467 quem
613 1436 652 1459 ex
679 1429 841 1461 codicibus
871 1430 1035 1471 descripsi,

245 1475 326 1507 infra
346 1479 486 1514 utemur;
502 1477 617 1510 deinde
636 1479 719 1510 edita
739 1480 930 1520 exemplaria
947 1490 1035 1513 com—

246 1526 436 1566 parabimus.
464 1528 638 1560 Varietates
656 1529 729 1561 illae
748 1530 781 1561 in
805 1531 1036 1571 exemplaribus

1085 280 1175 320 operi
1192 289 1250 311 suo
1265 280 1446 320 praeﬁxisse
1468 280 1520 311 vix
1543 279 1713 312 credideris
1730 288 1737 309 :
1752 279 1875 310 Vindo-

1085 331 1243 363 bonenses
1261 340 1335 362 vero
1354 331 1490 368 codices,
1506 330 1611 371 priore
1634 329 1757 365 omissa,
1772 329 1877 360 statim

1085 381 1125 412 ab
1138 381 1244 419 altera,
1259 390 1341 422 quae
1358 381 1470 422 incipit
1486 391 1492 412 :
1509 384 1663 419 Μακαριζω
1681 393 1710 411 κ.
1727 392 1752 411 τ.
1770 385 1800 410 .t.
1818 379 1876 418 (7),

1086 432 1262 463 ordiuntur.
1275 433 1439 463 Praeterea
1450 432 1533 463 edita
1541 431 1697 462 Historiae
1707 430 1877 462 Lausiacae

1086 483 1276 522 exemplaria
1305 482 1389 514 haud
1414 483 1527 521 exigua
1554 484 1743 522 receperunt
1768 481 1876 511 incre-

1085 535 1190 564 menta
1205 541 1222 564 e
1238 541 1351 572 graeco
1365 536 1396 564 et
1411 533 1507 564 latino
1526 536 1613 564 textu
1636 533 1708 564 libri
1721 533 1785 563 VV.
1800 533 1874 568 PP.,

1085 583 1140 623 qui
1158 583 1191 614 in
1209 584 1397 615 collectione
1414 583 1569 615 Rosweidi
1588 583 1698 615 ordine
1717 583 1878 614 secundus

1086 637 1133 665 est
1147 634 1202 674 (8).
1218 636 1318 675 Atque
1331 636 1436 675 ipsum
1451 635 1537 666 hunc
1551 634 1676 671 librum,
1692 637 1728 665 ut
1743 642 1815 664 mox
1832 633 1879 663 vi-

1085 682 1243 722 debimus,
1256 685 1389 715 Ruﬁnus
1400 693 1417 715 e
1429 693 1542 723 graeco
1558 684 1592 714 in
1606 683 1737 715 latinum
1749 687 1802 722 16
1812 691 1879 714 ser-

1085 741 1213 765 monem
1237 733 1405 770 transtulit,
1428 741 1523 773 quam
1549 733 1727 764 versionem
1754 732 1817 762 iam
1843 732 1876 763 S.

1084 783 1298 822 Hieronymus
1318 784 1400 815 bene
1422 783 1580 822 cognovit.
1596 784 1749 813 Graecum
1770 784 1877 812 autem

1085 833 1246 873 exemplar
1265 833 1298 864 in
1321 833 1469 864 Lausiaca
1491 832 1669 869 scribenda,
1687 836 1721 862 ut
1743 830 1877 871 patebit,

1085 883 1154 924 ipse
1173 883 1328 915 Palladius
1348 883 1502 914 adhibuit.
1516 884 1562 914 Ex
1576 882 1691 922 quibus
1707 881 1878 920 colligitur,

1086 942 1123 965 ea
1133 942 1215 974 quae
1225 934 1259 965 in
1270 934 1361 965 editis
1372 934 1527 964 Historiae
1540 932 1706 964 Lausiacae
1715 931 1880 971 exempla-

1085 983 1172 1014 ribus
1183 986 1307 1023 praeter
1315 983 1405 1021 illud,
1413 983 1498 1023 quod
1512 983 1613 1015 codex
1624 981 1882 1013 Vindobonensis

1084 1034 1309 1074 suppeditabit,
1325 1034 1533 1074 reperiantur,
1557 1042 1576 1064 e
1606 1032 1694 1063 fonte
1718 1031 1792 1062 satis
1818 1039 1881 1062 an-

1085 1084 1175 1124 tiquo
1189 1084 1330 1121 ﬂuxisse,
1344 1087 1440 1124 atque
1457 1084 1550 1115 etiam
1571 1083 1738 1114 observata
1756 1081 1881 1120 dignis-

1085 1134 1164 1165 sima
1188 1142 1268 1165 esse.
1290 1134 1334 1165 De
1361 1133 1510 1173 singulari
1533 1142 1607 1165 vero
1632 1132 1880 1169 necessitudine,

1086 1193 1167 1224 quae
1183 1184 1267 1216 inter
1283 1185 1378 1216 istum
1398 1185 1571 1216 Heraclidis
1586 1184 1777 1225 paradisum,
1792 1182 1881 1214 hunc

1085 1234 1201 1267 librum
1235 1236 1410 1268 secundum
1437 1239 1469 1267 et
1493 1236 1662 1267 Historiam
1696 1234 1881 1266 Lausiacam

1085 1286 1215 1318 Palladii
1229 1286 1426 1318 intercedere
1439 1287 1572 1323 videtur,
1587 1285 1789 1317 disseremus.

1127 1338 1141 1375 ἐ
1167 1336 1196 1368 6.
1224 1337 1377 1377 Expedita
1404 1337 1463 1368 hac
1487 1337 1667 1369 difﬁcultate
1695 1335 1734 1367 ad
1764 1343 1882 1366 novam

1086 1385 1171 1417 haud
1195 1386 1301 1417 minus
1323 1386 1557 1417 incommodam
1579 1385 1769 1422 accedimus,
1783 1392 1881 1424 quam

1085 1437 1177 1467 affert
1190 1436 1334 1467 Ruﬁnus.
1348 1437 1378 1466 Is
1392 1437 1450 1467 sub
1467 1436 1605 1467 Valentis
1616 1435 1763 1474 imperio,
1779 1442 1882 1474 quum

1086 1487 1118 1516 S.
1142 1485 1307 1517 Athanasio
1325 1490 1451 1517 mortuo
1472 1486 1586 1517 Lucius
1611 1485 1674 1516 Arii
1694 1487 1831 1515 sectator
1846 1484 1881 1515 in

1087 1535 1304 1576 episcopatum
1328 1535 1531 1567 Alexandriae
1554 1545 1612 1576 per
1640 1535 1824 1572 fenestram,
1846 1537 1883 1565 ut

245 1575 320 1608 inde
334 1580 424 1609 natae
437 1587 505 1610 esse
519 1579 674 1617 videntur,
687 1581 773 1621 quod
787 1589 826 1612 ex
841 1581 910 1613 aliis
922 1582 962 1614 de
975 1583 1037 1615 vita
1049 1575 1072 1606 (ἶ
1088 1575 1207 1622 dicunt,
1222 1594 1257 1617 se
1270 1585 1458 1623 intrusisset,
1471 1595 1534 1618 una
1549 1575 1621 1617 cum
1636 1585 1763 1617 senibus
1777 1585 1811 1615 in
1827 1584 1878 1616 de-

246 1630 371 1668 patrum
383 1629 479 1660 eremi
493 1630 617 1670 scriptis
627 1631 723 1663 modo
737 1631 838 1672 plura,
850 1633 946 1664 modo
960 1643 1038 1674 pau-

247 1678 332 1710 ciora
346 1679 378 1709 in
393 1679 558 1711 Historiam
574 1682 753 1713 Lausiacam
766 1682 926 1721 translata,
940 1688 1035 1724 atque

247 1729 383 1769 antiquis
405 1730 467 1761 iam
489 1732 684 1771 temporibus
705 1742 778 1764 cum
804 1741 840 1765 ea
867 1734 1035 1766 commixta

247 1780 320 1811 sint.
334 1780 357 1811 E
368 1789 431 1821 quo
442 1790 575 1813 numero
585 1783 755 1823 praecipue
765 1784 851 1815 illum
862 1786 1036 1818 Heraclidis

246 1831 426 1873 paradisum
434 1832 532 1864 fuisse
543 1833 697 1872 existimo,
705 1834 760 1875 qui
771 1835 932 1868 dedicatus
939 1836 1036 1869 fuisse

246 1881 369 1913 videtur
385 1882 425 1922 (5)
444 1883 548 1915 eidem
565 1885 667 1917 Lauso
685 1887 877 1926 praeposito,
891 1888 944 1922 cui
963 1889 1036 1920 Pal-

246 1931 349 1964 ladius
362 1934 530 1966 Historiam
549 1937 729 1969 Lausiacam
744 1938 913 1978 inscripsit.
930 1940 979 1971 Sic
997 1949 1037 1971 ex

246 1985 418 2024 prooemiis
445 1985 569 2018 duobus
591 1988 747 2020 Historiae
760 1990 938 2028 Lausiacae,
954 2000 1036 2031 quae

246 2034 422 2067 Meursiana
436 2036 533 2068 editio
547 2038 649 2076 affert,
664 2039 763 2079 prius,
780 2040 865 2080 quod
881 2050 899 2072 a
912 2041 1035 2072 verbis:

253 2089 305 2117 Ἐν
315 2090 409 2125 ταύτῃ
423 2090 461 2125 τῇ
469 2091 571 2126 ,βίϐλῳ
580 2101 610 2119 κ.
621 2102 648 2121 τ.
658 2096 690 2121 .1.
701 2090 811 2130 incipit
823 2091 876 2131 (6),
888 2092 1037 2131 equidem

246 2134 403 2166 Heraclidi
427 2136 600 2168 tribuerim.
624 2139 701 2170 Nam
731 2139 903 2171 Palladium
928 2141 1036 2173 ambas

282 2271 321 2308 (i)
339 2270 382 2301 Jo.
410 2270 521 2301 Meursii
541 2273 610 2309 Opp.
632 2281 666 2301 ex
690 2282 746 2302 rec.
764 2274 809 2302 Jo.
829 2274 906 2303 Lami
926 2275 958 2303 T.
976 2275 1037 2303 Vlll

244 2316 401 2347 Florentiae
417 2320 498 2354 i746,
512 2320 571 2350 fol..
587 2328 614 2356 p.
633 2321 733 2349 554-
743 2321 805 2350 670.

282 2364 320 2399 (2)
340 2363 422 2392 Guill.
435 2365 518 2396 Cave,
534 2365 647 2401 Scriptt.
664 2367 764 2395 eccles.
777 2367 846 2395 Hist.
856 2367 909 2395 litt.
925 2367 960 2396 de
970 2367 1037 2395 Pai-

245 2409 318 2437 ladia
331 2410 375 2438 ed.
399 2410 463 2439 Bas.
485 2411 551 2438 17M
568 2411 600 2439 'l‘.
619 2411 668 2447 1p.
687 2412 750 2440 376.
774 2413 909 2442 Meursius
926 2422 1036 2450 quoque

244 2456 359 2484 Palladii
373 2457 509 2493 quandam
527 2459 653 2495 διήγησιν
667 2459 797 2496 περὶτῶν
816 2461 877 2487 κατ’
898 2460 1036 2496 Αἴγυπτον

244 2500 454 2537 διαλαμψάντων
474 2503 602 2538 πατέρων
626 2504 742 2533 invenit.
765 2505 854 2540 Atque
875 2505 1034 2534 Meursius:

249 2557 259 2573 ι
274 2547 300 2574 id
317 2556 429 2583 quoque
444 2556 514 2584 opus
529 2560 552 2581 ι,
574 2549 672 2585 inquit.
700 2560 710 2576 ‹
725 2550 748 2578 si
769 2551 875 2586 placere
896 2551 967 2579 hanc
985 2551 1036 2579 Hi-

246 2593 347 2621 storiae
359 2592 511 2622 Lausiacae
527 2594 675 2625 editionem
692 2595 862 2628 intellexero,
880 2595 1034 2623 communi-

245 2638 324 2665 cabo.
341 2647 350 2664 ι
375 2637 427 2666 Sed
456 2646 597 2674 nunquam
617 2639 669 2667 hoc
691 2640 838 2675 praestitit.
859 2647 948 2675 neque
967 2640 1036 2668 satis

245 2688 322 2711 certo
340 2685 453 2716 scimus,
469 2685 534 2720 quid
548 2685 708 2713 illoinedito
721 2685 792 2713 libro
806 2685 1036 2720 comprehensum

246 2728 342 2757 Iit.Cl‘.
352 2729 420 2765 Opp.
438 2730 651 2759 HeursiiT.Vlll
665 2739 691 2767 p.
705 2732 768 2759 532.
784 2731 846 2759 668.
857 2732 941 2768 [intra
955 2731 1036 2760 initio

245 2779 359 2803 nostrae
375 2777 503 2805 editionis
521 2777 658 2806 llistoriae
671 2777 845 2813 Lausiacae].

284 2821 323 2855 (5)
340 2821 417 2850 Alter
446 2828 490 2851 est
510 2823 577 2852 Cod.
596 2831 648 2852 ms.
674 2824 739 2852 hist.
758 2831 851 2859 graec.
870 2823 940 2851 Bibl.
953 2823 1034 2852 Caes.

247 2865 363 2897 Vindob.
384 2868 431 2898 Nr.
454 2870 499 2903 84,
515 2871 580 2898 olim
603 2870 649 2901 29.
666 2871 832 2901 membran..
848 2874 1034 2906 pervctustus.

244 2915 363 2950 Optimae
377 2920 468 2951 notae,
479 2917 518 2949 4⁸,
533 2922 560 2946 et
572 2921 681 2945 constat
695 2917 768 2945 foliis
783 2917 843 2946 125.
862 2918 937 2946 Alter
955 2917 1036 2945 char-

1088 1638 1172 1666 serto
1195 1635 1327 1673 vivebat,
1352 1636 1498 1676 dirasque
1526 1636 1613 1668 Lucii
1642 1635 1882 1676 persecutiones

1088 1686 1271 1717 sustinebat.
1288 1687 1367 1717 Nam
1382 1686 1456 1717 istas
1473 1687 1580 1718 turbas
1593 1686 1774 1718 describens
1788 1685 1859 1725 ipse
1873 1694 1880 1716 :

1090 1748 1105 1764 «
1122 1736 1182 1766 Per
1197 1736 1293 1774 idem,
1310 1748 1324 1765 »
1339 1736 1453 1776 inquit,
1472 1747 1485 1764 α
1501 1739 1627 1776 tempus
1643 1739 1746 1776 patres
1767 1744 1881 1766 mona-

1089 1786 1221 1817 chorum
1235 1786 1316 1818 vitae
1334 1790 1366 1818 et
1382 1787 1576 1827 antiquitatis
1592 1787 1704 1818 merito
1727 1786 1882 1817 Macarius

1089 1839 1121 1867 et
1130 1836 1268 1867 Isidorus
1276 1836 1419 1877 aliusque
1428 1837 1579 1868 Macarius
1589 1840 1684 1877 atque
1698 1835 1881 1867 Heraclides

1089 1889 1120 1917 et
1136 1887 1282 1924 Pambus,
1297 1887 1423 1918 Antonii
1446 1887 1604 1927 discipuli,
1623 1895 1681 1927 per
1701 1888 1880 1926 Aegyptum

1089 1940 1121 1969 et
1136 1938 1271 1968 maxime
1292 1937 1325 1968 in
1348 1937 1463 1968 Nitriae
1482 1937 1598 1969 deserti
1617 1937 1758 1978 partibus
1779 1936 1880 1968 habe-

1089 1988 1203 2020 bantur
1222 1988 1290 2025 viri,
1311 1988 1366 2028 qui
1390 1988 1584 2019 consortium
1603 1988 1682 2019 vitae
1703 1991 1734 2018 et
1752 1990 1880 2018 actuum

1087 2049 1153 2072 non
1163 2049 1235 2072 cum
1247 2041 1361 2072 ceteris
1372 2040 1568 2077 mortalibus,
1580 2039 1636 2070 sed
1648 2048 1720 2071 cum
1733 2039 1882 2079 supernis

1087 2091 1206 2131 angelis
1231 2091 1348 2122 habere
1375 2090 1600 2127 credebantur;
1626 2099 1703 2129 quae
1729 2098 1881 2129 praesens

1087 2141 1157 2172 vidi
1181 2141 1303 2182 loquor,
1318 2146 1347 2173 et
1374 2150 1479 2172 eorum
1502 2144 1589 2181 gesta
1614 2140 1732 2180 refero,
1747 2148 1882 2180 quorum

1086 2278 1182 2303 taceas
1197 2278 1239 2303 est
1255 2274 1324 2303 Cod.
1341 2283 1394 2303 ms.
1412 2275 1478 2303 hist.
1494 2283 1586 2311 graec.
1598 2275 1632 2303 N.
1647 2275 1674 2307 9.
1688 2276 1752 2303 olim
1768 2275 1814 2309 42,
1830 2282 1880 2303 an-

1087 2320 1190 2355 tiquus,
1212 2321 1260 2348 fol.
1278 2322 1391 2352 maiore,
1412 2329 1467 2356 quo
1491 2321 1624 2349 Lausiaca
1646 2322 1806 2349 continetur
1830 2322 1878 2349 fol.

1086 2367 1258 2395 165—250.
1274 2367 1317 2395 Cl‘.
1333 2366 1499 2396 Commentt.
1516 2368 1655 2396 Lamliecii
1673 2367 1788 2396 Vindob.
1810 2368 1881 2396 i782

1085 2412 1119 2440 Τ.
1142 2413 1201 2440 Vlll
1222 2421 1251 2450 p.
1269 2412 1333 2441 665.
1355 2413 1426 2447 840;
1450 2413 1485 2442 de
1508 2413 1605 2442 Nessel
1625 2414 1711 2442 Catal.
1735 2413 1767 2441 P.
1790 2414 1823 2442 ν.
1851 2422 1878 2450 p.

1086 2459 1148 2486 M5.
1162 2460 1207 2487 51.

1121 2506 1160 2541 (ι)
1180 2505 1390 2541 0rdinem,quo
1404 2513 1451 2533 res
1473 2505 1502 2533 in
1523 2509 1600 2533 textu
1622 2505 1749 2533 codicum
1774 2505 1879 2533 Vindo-

1085 2551 1247 2579 bonensium
1268 2557 1425 2583 narrantur,
1441 2552 1508 2587 legis
1527 2552 1554 2579 in
1575 2551 1695 2579 Palladii
1711 2551 1879 2586 Helenopoli-

1087 2597 1144 2624 tam‘
1156 2597 1270 2632 episcopi
1286 2596 1410 2624 Historia
1422 2597 1556 2624 Lausiaca
1572 2597 1606 2624 ad
1625 2597 1723 2625 codicis
1743 2597 1878 2624 Vindabo-

1086 2643 1174 2670 musis
1197 2642 1275 2677 ﬁdem
1298 2643 1409 2670 breuiter
1430 2643 1578 2675 delineata,
1598 2643 1668 2670 infra
1683 2643 1747 2671 huic
1766 2647 1877 2672 nostrae

1085 2689 1199 2716 editioni
1220 2688 1357 2716 Historiae
1376 2688 1526 2717 Lausiacae
1541 2689 1708 2725 praeposita.

1121 2734 1160 2770 (5)
1180 2734 1218 2762 De
1233 2735 1286 2762 hac
1300 2742 1331 2762 re
1346 2735 1417 2762 inira
1433 2735 1599 2762 videbimus.

1122 2781 1160 2816 (6)
1181 2780 1250 2816 Opp.
1269 2781 1371 2809 Meurs.
1389 2781 1408 2808 l.
1424 2781 1442 2808 l.
1459 2789 1486 2816 p.
1503 2781 1567 2808 335.

1124 2826 1162 2861 (τ)
1183 2827 1250 2854 Ibid.
1269 2835 1297 2861 p.
1312 2827 1375 2854 357.

1122 2873 1161 2908 (8)
1181 2872 1237 2900 VV.
1255 2873 1307 2901 PP.
1325 2873 1416 2901 Rnsw.
1433 2882 1460 2909 p.
1477 2872 1612 2902 “8485.
