2038 3156
141 181 174 210 1⁸1
897 184 930 213 Vl

981 185 1014 213 Ε.
1729 190 1766 219 I3

134 241 166 270 in
191 239 392 280 pastionibus
417 241 520 271 socius
546 250 609 271 esse
636 242 798 280 promerui
823 241 877 284 (1).
905 254 919 271 ››
935 247 959 274 A
972 243 1137 276 multitudo
1149 243 1303 276 referebat
1316 244 1394 285 (5).»
1406 246 1471 282 Qua
1481 245 1512 276 in
1524 245 1656 286 epistola
1667 256 1764 287 quum

134 289 264 321 Ruﬁnus
279 290 310 320 S.
327 289 493 321 Athanasio
516 292 683 331 superstite
697 292 730 322 in
745 294 921 332 Aegyptum

133 339 256 370 venisse
273 340 410 378 videtur;
425 341 541 372 etenim
559 342 735 380 Melaniam,
749 343 838 374 cuius
854 343 921 374 Ru-

134 391 214 422 ﬁnus
240 390 275 421 in
304 390 418 422 itinere
445 400 552 423 comes
579 392 648 430 fuit,
677 393 709 423 S.
739 393 922 425 Athanasius

135 441 229 471 ovina
245 440 338 481 pelle,
352 450 445 481 quam
459 442 527 482 ipse
537 451 555 474 a
568 443 702 474 Macario
711 443 822 474 abbate
836 443 922 474 dono

136 494 312 531 acceperat,
335 491 461 522 donavit
484 491 536 532 (2).
563 494 665 533 Atque
697 493 748 528 17
778 493 921 531 Melania,

135 545 303 582 postquam
315 551 365 573 res
379 551 450 573 suas
461 542 666 575 Alexandriae
676 544 825 579 vendidit,
835 553 925 575 mon-

136 596 200 622 tem
227 591 343 623 Nitriae
369 592 511 631 ingressa
537 602 610 624 cum
637 594 754 625 sanctis
784 595 924 634 patribus

136 641 299 672 dimidium
309 642 374 673 fere
386 651 503 674 annum
513 643 702 675 versabatur.
713 645 796 681 Quos
810 645 924 676 deinde

137 700 154 722 a
171 691 332 731 praefecto
352 691 556 723 Alexandriae
583 692 746 732 relegatos
759 694 793 724 in
814 693 923 725 Palae-

137 741 236 773 stinae
269 741 432 781 regionem
465 742 547 774 circa
570 742 807 774 Diocaesaream
833 744 925 775 sitam

138 795 243 823 secuta
274 796 332 830 est,
359 792 487 832 suisque
517 796 548 824 et
577 793 692 833 opibus
721 798 752 825 et
781 795 926 826 manibus

138 841 247 873 sedulo
273 842 391 873 adiuvit
414 842 466 883 (3).
492 843 642 875 Ruﬁnum
663 853 738 876 vero
762 854 826 876 una
853 854 926 876 cum

138 893 270 924 Melania
289 894 326 945 in
349 894 555 945 Palaestinam
571 895 734 927 advenisse
758 895 790 926 S.
812 895 925 927 Hiero-
941 918 964 945 Β

139 952 251 983 nymus
269 944 439 981 audiverat,
454 945 508 985 qui
527 944 684 976 Florentio
706 945 814 976 scribit
829 954 836 975 :
853 957 868 974 ι(
887 946 925 976 Et

139 994 211 1033 quia
225 993 323 1025 frater
336 995 478 1031 Ruﬁnus,
494 995 549 1035 qui
571 1004 644 1027 cum
667 999 774 1027 sancta
795 995 927 1027 Melania

139 1044 177 1075 ab
200 1046 343 1085 Aegypto
370 1045 620 1085 Hierosolymam
641 1046 764 1077 venisse
786 1050 928 1077 narratur

143 1117 150 1124 .
168 1118 174 1125 .
193 1118 199 1125 .
217 1094 272 1135 (4).
284 1107 299 1123 »
309 1095 481 1135 Epistulam
492 1095 594 1126 eidem
605 1096 720 1129 Ruﬁno
736 1095 928 1127 reddendam

140 1145 170 1175 S.
185 1145 398 1185 Hieronymus
412 1145 509 1176 literis
519 1145 558 1176 ad
566 1145 758 1177 Florentium
771 1146 926 1183 iunxerat,

140 1195 171 1225 in
190 1203 254 1235 qua
275 1194 427 1234 legimus:
446 1207 460 1223 «
476 1195 578 1227 Audio
599 1199 630 1228 te
653 1196 787 1236 Aegypti
809 1199 929 1228 secreta

141 1248 318 1285 penetrare,
339 1245 567 1277 monachorum
595 1246 731 1277 invisere
757 1246 883 1283 choros,
898 1249 930 1277 et

141 1297 307 1328 caelestem
320 1296 354 1328 in
367 1300 449 1328 terra
459 1296 624 1328 circumire
633 1296 797 1334 familiam;
812 1308 826 1324 ι)
842 1300 928 1327 tum:

143 1358 156 1374 α
172 1346 321 1378 Ruﬁnum
346 1347 429 1378 enim
449 1347 565 1378 Nitriae
589 1355 659 1378 esse
671 1370 679 1384 ,
694 1349 725 1378 et
744 1347 783 1378 ad
803 1347 930 1377 beatum

143 1397 317 1437 perrexisse
337 1397 518 1435 Macarium,
544 1397 655 1428 crebra
685 1397 930 1428 commeantium

176 1501 215 1537 (1)
233 1500 307 1529 Hist.
320 1501 394 1530 Eccl.
413 1501 461 1529 lib.
475 1501 498 1528 II
511 1509 570 1537 cap.
587 1504 605 1529 4
620 1502 715 1530 Auctt.
735 1500 808 1529 Hist.
823 1501 930 1529 Eccles.

142 1547 226 1576 Basil.
236 1548 308 1576 1544
327 1556 354 1584 p.
364 1548 428 1581 242,
444 1548 536 1576 Ruﬁni
551 1547 621 1584 Opp.
631 1548 676 1576 ed.
691 1547 809 1575 Vallarsi
824 1555 852 1582 p.
867 1547 930 1580 271,

144 1593 230 1630 Iis-ue
243 1594 348 1622 Patrol.
362 1593 393 1622 T.
406 1594 468 1622 XXI
484 1603 511 1631 p.
529 1595 592 1623 5M.

176 1641 215 1677 (Ξ)
235 1640 340 1669 Textus
368 1640 480 1669 Meursii
504 1648 538 1668 eo
565 1641 636 1673 loco,
653 1647 708 1676 quo
729 1640 763 1669 de
786 1641 839 1668 hac
859 1641 930 1676 pelle

144 1691 280 1719 narratur,
300 1691 448 1722 corruptus
471 1691 522 1714 est.
543 1686 656 1722 Legitur
678 1686 751 1714 enim
769 1696 776 1715 :
796 1697 806 1713 ‹
825 1686 929 1715 Κώδιον

145 1733 278 1770 προὸάτου
302 1733 420 1770 μεγάλου
439 1733 553 1768 ἧνεγκεν
568 1732 604 1769 [ἡ
616 1732 715 1769 ὖαινα]
735 1732 774 1768 τῷ
791 1732 861 1769 ἁγίῳ
883 1733 930 1760 καὶ

145 1779 269 1816 μακαρίῳ
283 1779 429 1814 Μακαρίῳ,
439 1779 508 1814 ὅπερ
528 1778 625 1805 κώδιον
639 1775 717 1810 οὗτος
727 1779 741 1806 ό
751 1778 797 1805 τοῦ
810 1779 929 1815 Χριστοῦ

141 1823 232 1856 δοῦλος
246 1823 441 1851 καταλέλοιπεν
455 1823 494 1859 τῷ
510 1823 581 1859 ἁγίῳ
599 1824 646 1850 καὶ
668 1825 796 1860 μακαρίῳ
818 1824 931 1852 Ἀθανα-

142 1871 194 1907 atq.»
216 1870 256 1906 τῷ
282 1870 403 1906 μεγάλῳ,
423 1870 462 1902 ὡς
478 1870 507 1896 δὲ
525 1869 610 1905 καὶζὴ
635 1870 757 1906 μακαρία
779 1870 859 1907 δούλη
882 1870 930 1898 τοῦ

143 1916 261 1952 Χριστοῦ
275 1916 385 1951 Μελάνη
399 1924 444 1951 μοι
457 1913 545 1948 εἶπεν,
554 1915 596 1942 ὃτι
613 1915 694 1948 παρὰ
708 1915 764 1942 τοῦ
778 1916 865 1952 ἁγίου
880 1916 930 1943 καὶ

142 1963 312 1997 θαυμασίου
326 1961 435 1996 ἀνδρὸς
443 1960 597 1996 Μακαρίου
613 1961 668 1996 ἐγὼ
682 1961 778 1988 ἔλαϐον
790 1962 822 1988 τὸ
835 1961 931 1989 κώδιον

142 2009 231 2035 ἐκεῖνο
255 2016 282 2035 κ.
305 2016 331 2035 τ.
357 2007 384 2035 λ.
406 2006 488 2042 (Hist.
513 2007 598 2035 Laus.
621 2007 666 2035 ed.
690 2007 790 2036 Meurs.
812 2015 873 2044 cap.
895 2009 929 2036 21

144 2061 170 2089 p.
189 2053 264 2088 410.)
282 2052 335 2081 Ubi
359 2053 419 2081 sine
440 2053 524 2080 dubio
545 2053 688 2089 legendum
712 2057 775 2082 est:
791 2054 868 2090 παρὰ
883 2056 931 2083 τοῦ

144 2101 222 2135 ἁγίου
237 2101 286 2128 καὶ
304 2099 455 2136 θαυμασίου
470 2100 567 2136 ἀνδρὸς
580 2101 729 2136 μακαρίου
752 2102 932 2130 Ἀθανασίυυ

143 2156 172 2175 κ.
184 2156 210 2174 τ,
225 2147 254 2174 λ.
264 2146 381 2175 Codices
392 2146 621 2175 Vindobonenses
635 2147 771 2176 Historiae
781 2147 933 2176 Lausiacae

143 2197 221 2221 recte
247 2192 373 2221 scribunt
388 2201 395 2219 :
410 2193 479 2228 ὅπερ
505 2191 602 2219 κώδιον
627 2193 710 2225 αὐτὸς
738 2193 869 2220 κατέλιπε
891 2193 932 2229 τῷ

144 2240 217 2276 ἁγίῳ
247 2238 399 2275 Ἀθανασιῳ
419 2238 458 2274 τῷ
481 2238 633 2274 ὲπισκόπῳ.
647 2239 703 2266 Καὶ
725 2240 741 2274 ἡ
766 2240 888 2275 μακαρία
903 2239 932 2267 δὲ

145 2284 257 2319 Μελάνη
275 2281 336 2310 εἰπέ
355 2290 419 2319 μοι·
430 2284 471 2310 ὄτι
485 2282 563 2319 παρὰ
576 2283 630 2311 τοῦ
645 2283 732 2318 ἁγίου
752 2284 932 2313 Ἀθανασιου

145 2332 235 2358 ἐκεῖνο
245 2330 276 2357 τὸ
289 2330 385 2358 κώδιον
395 2329 502 2363 ἔλαϐον,
518 2330 604 2364 ξένιον
614 2330 663 2366 τῆς
673 2330 768 2366 ὑαίνης
778 2331 933 2367 λεγόμενον.

145 2378 235 2405 Aliter
251 2377 365 2405 omnino
377 2377 411 2405 de
427 2377 508 2412 pellis
527 2377 677 2405 donatione
692 2378 777 2405 refert
797 2378 936 2414 fragmen-

145 2429 217 2457 tum,
233 2424 306 2459 quod
327 2429 417 2452 exstat
431 2424 459 2451 in
475 2423 572 2452 codice
585 2432 639 2452 ms.
657 2424 740 2451 tbeol.
757 2431 848 2459 graec.
863 2424 934 2452 Bibl.

145 2470 227 2498 Caes.
241 2469 359 2498 Vindob.
369 2469 436 2497 Nro.
446 2470 510 2503 274,
521 2471 585 2498 olim
597 2470 661 2503 238,
674 2470 764 2498 chart.
773 2470 820 2498 fol.
829 2471 893 2504 217,
904 2472 933 2503 2.

146 2516 175 2543 in
199 2515 296 2542 barum
315 2515 510 2551 quaestionum
531 2516 690 2551 Appendice
718 2517 810 2552 priore
829 2518 881 2545 sub
903 2517 936 2545 IV

147 2562 221 2597 typis
239 2569 383 2592 excusum,
398 2562 442 2589 ubi
468 2561 584 2597 legimus
597 2572 604 2590 :
621 2561 737 2596 Κώδιον,
749 2563 818 2600 ὅπερ
831 2565 845 2590 ὁ
858 2564 937 2598 ἆγιος

146 2609 262 2645 Μάρκος
279 2608 459 2635 καταλέλοιπε
471 2607 511 2643 τῷ
528 2608 597 2644 ἁγίῳ
611 2609 747 2646 Μακαρίῳ
760 2609 799 2645 τῷ
815 2610 936 2646 μεγάλῳ,

147 2655 194 2682 καὶ
209 2651 289 2686 οὗτος
300 2656 334 2690 τῇ
349 2654 470 2690 μακαρίᾳ
482 2654 591 2690 Μελάνῃ
611 2655 715 2690 ἀφῆκεν
736 2655 767 2682 τὸ
784 2656 871 2689 ξένιον
887 2656 938 2692 τῆς

147 2701 244 2737 ὑαίνης
265 2701 470 2737 ἐπιλεγόμενον.
492 2701 544 2728 Sed
563 2701 615 2729 hoc
634 2700 814 2737 fragmentum
834 2703 937 2731 recenti

148 2755 233 2774 manu
253 2747 420 2783 negligenter
439 2747 573 2782 scriptum
593 2754 649 2774 non
669 2751 760 2782 potest
780 2749 937 2776 auctoritati

147 2794 276 2821 codicum
286 2794 393 2820 illorum
405 2792 544 2821 Historiae
557 2792 708 2820 Lausiacae
718 2795 831 2829 opponi.
843 2794 938 2830 Neque

148 2847 215 2867 vero
230 2839 350 2871 Marcus,
365 2839 414 2866 sed
433 2838 569 2866 Macarius
582 2838 795 2872 Alexandrinus,
810 2841 907 2875 pellem
922 2848 938 2869 a

152 2886 246 2913 leaena
257 2885 374 2920 accepit,
384 2893 465 2920 quam
476 2885 627 2912 Athanasio
639 2884 758 2919 reliquit.
766 2886 857 2913 Ruﬁn.
865 2886 936 2916 Hist.

151 2930 228 2959 Eccl.
241 2931 290 2960 lib.
305 2932 327 2959 Il
343 2939 404 2967 cap.
417 2931 434 2958 ι
453 2931 471 2959 I.
487 2931 504 2959 Ι.
522 2930 558 2959 De
576 2931 778 2966 permutatione
796 2932 938 2960 nominum

972 304 1063 326 senes
1080 295 1212 335 Aegypti
1229 306 1243 322 α
1259 295 1457 327 confessores
1480 300 1511 327 et
1530 296 1689 328 voluntate
1702 298 1766 328 iam

971 350 1124 386 martyres
1145 358 1159 374 »ι
1184 347 1337 384 nominet,
1355 351 1480 386 tempus
1501 347 1590 378 istius
1613 357 1766 388 persecu-

972 396 1076 433 tionis,
1091 404 1186 436 quam
1210 396 1324 428 Lucius
1350 397 1496 435 agitabat,
1512 401 1619 438 aperte
1644 398 1765 438 signiﬁ-

973 451 1060 479 catur
1076 447 1129 488 (6).
1147 447 1202 478 Ille
1222 447 1350 488 quidem
1374 448 1513 486 nuntius,
1526 449 1673 480 Ruﬁnum
1695 459 1767 481 cum

973 498 1104 529 Melania
1121 498 1339 538 Hierosolyma
1355 498 1530 535 advenisse,
1539 508 1636 530 vanus
1646 499 1746 530 fuerat
1756 510 1763 537 ;

974 557 1047 579 nam
1061 549 1194 581 Ruﬁnus
1209 549 1351 580 nondum
1371 557 1410 580 eo
1431 553 1559 580 venerat
1578 550 1618 589 (7)
1635 559 1641 580 :
1656 551 1768 590 probat

973 602 1078 630 tamen
1088 599 1166 631 haec
1174 599 1270 630 altera
1279 599 1421 639 epistola,
1430 600 1579 630 Ruﬁnum
1590 602 1663 631 tunc
1675 609 1767 631 senes

974 651 1107 690 Aegypti
1129 651 1182 686 18
1202 651 1356 682 invisisse.
1373 652 1473 690 Atque
1493 649 1544 681 hic
1565 650 1633 690 ipse
1654 651 1692 681 de
1712 652 1767 681 Ni-

974 701 1033 731 tria
1048 705 1079 731 et
1096 700 1135 732 de
1155 701 1289 732 Macario
1312 710 1330 731 a
1353 709 1387 731 se
1409 700 1540 730 visitatis
1560 700 1593 730 in
1617 701 1768 740 Apologia

977 752 1157 790 [Invectiva]
1172 753 1200 783 ΙΙ
1213 761 1219 782 :
1237 763 1251 780 «
1269 752 1346 790 Ego,
1359 763 1373 779 »
1387 751 1500 791 inquit,
1514 762 1528 778 «
1542 751 1596 790 qui
1610 759 1665 781 sex
1678 751 1769 782 annis

975 804 1032 835 Dei
1053 812 1146 835 causa
1173 807 1384 835 commoratus
1408 811 1489 839 sum,
1509 805 1540 833 et
1561 803 1674 833 iterum
1699 806 1770 842 post

975 853 1173 884 intervallum
1188 853 1317 893 aliquod
1336 853 1404 884 aliis
1425 852 1549 883 duobus
1565 852 1631 890 [Ed.
1648 852 1767 883 Bened.

976 907 1049 943 post
1062 903 1261 935 intervallum
1276 903 1396 943 aliquot
1410 903 1483 933 aliis
1499 902 1630 941 diebus],
1646 903 1702 933 ubi
1722 903 1772 933 Di-

978 953 1101 993 dymus.
1112 977 1119 984 .
1129 977 1136 984 .
1145 977 1153 990 ,
1162 957 1191 984 et
1199 956 1233 984 ut
1240 953 1278 984 ad
1290 953 1696 992 eremimagistrosveniam,
1704 953 1773 993 qui-

977 1007 1036 1037 bus
1052 1008 1083 1036 et
1097 1005 1244 1036 attentius
1257 1008 1288 1034 et
1303 1003 1499 1044 frequentius
1513 1003 1709 1039 vacabamus,
1718 1003 1773 1034 ubi

977 1056 1128 1087 Macarius
1143 1055 1269 1086 Antonii
1282 1054 1465 1094 discipulus,
1475 1057 1506 1084 et
1516 1053 1595 1084 alter
1608 1053 1770 1091 Macarius,

979 1109 1009 1137 et
1021 1106 1170 1143 Isidorus,
1181 1109 1212 1136 et
1225 1105 1397 1136 Pambus...
1409 1104 1462 1145 (8).
1475 1116 1488 1132 ιι
1501 1106 1563 1136 Sex
1577 1104 1628 1135 isti
1636 1104 1722 1140 anni,
1732 1104 1772 1135 de

978 1157 1094 1197 quibus
1110 1156 1262 1196 loquitur,
1279 1156 1356 1196 quin
1377 1156 1598 1195 migrationem
1619 1155 1719 1195 ipsius
1733 1163 1773 1185 ex

978 1206 1120 1244 Aegypto
1130 1204 1163 1234 in
1173 1203 1379 1235 Palaestinam
1392 1204 1628 1240 antecesserint,
1641 1203 1773 1234 dubium

979 1263 1049 1286 esse
1077 1254 1199 1294 nequit.
1224 1255 1305 1284 Istos
1329 1262 1458 1293 quoque
1485 1253 1566 1284 duos
1593 1262 1695 1284 annos
1713 1253 1773 1291 [vel

979 1305 1099 1346 aliquot
1114 1305 1203 1343 dies],
1214 1304 1288 1345 quia
1298 1304 1453 1335 Palladius
1459 1304 1619 1341 Ruﬁnum,
1631 1307 1773 1344 Aegypto

979 1355 1098 1392 relicta,
1109 1355 1340 1395 Hierosolymis
1352 1364 1413 1386 una
1425 1364 1496 1386 cum
1509 1355 1640 1385 Melania
1651 1354 1774 1394 degisse

980 1409 1084 1438 narrat
1104 1406 1157 1447 (9),
1171 1406 1205 1437 in
1224 1405 1353 1437 alteram
1371 1410 1424 1445 ιθ
1446 1405 1601 1444 [brevem]
1615 1405 1773 1445 quandam

979 1508 1094 1545 Μάρκος
1107 1512 1134 1536 et
1145 1508 1292 1544 Μακάριος
1303 1508 1340 1536 cf.
1355 1508 1427 1536 infra
1444 1509 1530 1544 Caput
1546 1508 1590 1536 III.

954 1580 964 1589 ,
1015 1554 1056 1590 (5)
1075 1554 1144 1582 Hist.
1162 1553 1245 1584 Laus.
1261 1555 1304 1583 ed.
1322 1555 1425 1584 Meurs.
1441 1563 1503 1591 cap.
1522 1555 1573 1583 117
1587 1554 1657 1592 Opp.
1671 1554 1771 1583 Meurs.

981 1601 1002 1629 I.
1018 1602 1037 1629 I.
1051 1610 1078 1637 p.
1094 1601 1158 1630 594.

1018 1647 1057 1683 (4)
1077 1647 1126 1683 Ep.
1139 1649 1167 1680 4,
1181 1647 1209 1675 S.
1225 1647 1338 1676 Hieron.
1349 1647 1420 1684 Opp.
1431 1647 1476 1676 ed.
1490 1647 1580 1684 Migne
1592 1647 1625 1675 T.
1638 1648 1644 1674 l
1658 1647 1774 1684 [Patrol.

980 1692 1013 1720 Τ.
1029 1693 1114 1730 xxu]
1129 1701 1155 1728 p.
1173 1692 1237 1721 536.

1016 1740 1054 1776 (5)
1074 1739 1124 1767 Ed.
1142 1739 1170 1772 5.
1185 1739 1251 1767 ibid.
1268 1747 1296 1774 p.
1311 1739 1375 1767 552.
1395 1739 1459 1766 555.

1015 1785 1053 1819 (6)
1075 1785 1106 1813 S.
1133 1785 1245 1813 Hieron.
1268 1785 1337 1820 Opp.
1364 1786 1410 1814 ed.
1434 1785 1525 1822 Migne
1547 1785 1580 1813 Τ.
1605 1787 1617 1814 1
1645 1785 1774 1822 [Patrol.

981 1829 1013 1857 Τ.
1032 1829 1116 1866 XXII]
1132 1829 1223 1858 Praef.
1239 1839 1266 1866 p.
1283 1830 1376 1858 XLIX.

1016 1876 1054 1912 (7)
1079 1886 1088 1902 ι
1105 1876 1221 1904 Ruﬁnus
1241 1880 1331 1904 autem
1348 1876 1444 1909 frater,
1461 1881 1491 1904 ut
1511 1878 1611 1905 scribis
1626 1898 1634 1910 ,
1653 1877 1774 1905 necdum

981 1923 1067 1951 venit.
1087 1932 1096 1949 ι
1122 1921 1152 1949 S.
1179 1922 1291 1950 Hieron.
1317 1930 1377 1958 cap.
1400 1923 1416 1949 5
1439 1922 1474 1949 ad
1497 1921 1680 1955 Florentium,
1707 1922 1774 1950 ibid.

981 1975 1008 2004 p.
1025 1967 1088 1995 356.

1017 2013 1056 2050 (8)
1076 2013 1168 2041 Ruﬁni
1188 2014 1319 2050 Apologia
1330 2013 1492 2050 [Invectiva]
1503 2014 1529 2041 in
1540 2015 1569 2041 S.
1580 2015 1775 2050 Hieronymum

981 2058 1030 2086 lib.
1046 2058 1068 2086 II
1081 2067 1142 2094 cap.
1163 2058 1197 2085 12
1215 2058 1286 2093 Opp.
1300 2058 1344 2086 ed.
1361 2058 1478 2086 Vallarsi
1493 2067 1520 2094 p.
1536 2058 1587 2086 567
1616 2066 1678 2086 cutn
1695 2064 1757 2086 nota
1769 2081 1776 2090 ,

981 2105 1072 2140 Migne
1088 2104 1192 2131 Patrol.
1208 2103 1238 2131 T.
1256 2103 1317 2131 XXI
1334 2113 1360 2140 p.
1378 2105 1445 2137 594;
1467 2103 1495 2132 S.
1515 2104 1628 2133 Hieron.
1645 2104 1714 2140 Opp.
1731 2104 1764 2132 ed

981 2149 1083 2178 Bened.
1099 2149 1131 2176 T.
1149 2149 1183 2176 IV
1198 2149 1229 2177 P.
1245 2148 1278 2177 II.
1293 2157 1320 2184 ι).
1335 2149 1397 2176 424.

1017 2196 1055 2232 (9)
1074 2195 1143 2224 Hist.
1159 2195 1244 2223 Laus.
1268 2197 1312 2223 etl.
1335 2195 1438 2223 Meurs.
1451 2202 1512 2230 cap.
1526 2195 1576 2223 H9
1591 2194 1660 2231 Opp.
1675 2195 1775 2222 Meurs.

981 2241 1002 2271 I.
1017 2244 1037 2271 I.
1054 2252 1081 2280 p.
1102 2243 1165 2272 596.
1188 2243 1329 2271 Palladius
1348 2242 1474 2274 tradidit,
1495 2241 1621 2276 Ruﬁnum
1648 2240 1777 2268 Hieroso-

985 2290 1062 2326 lymis
1075 2291 1168 2326 viginti
1181 2294 1279 2325 septem
1293 2297 1376 2317 annos
1389 2297 1444 2316 una
1456 2297 1516 2316 cum
1528 2287 1647 2315 Melania
1661 2287 1776 2321 hospites

984 2336 1099 2371 undique
1123 2335 1294 2362 adventantes
1320 2334 1463 2368 excepisse.
1480 2333 1558 2366 Quod
1579 2340 1634 2360 non
1661 2332 1775 2359 omnino

984 2389 1080 2409 verum
1097 2388 1157 2409 esse
1171 2384 1270 2416 potest.
1288 2379 1358 2407 Nam
1378 2379 1495 2407 Ruﬁnus
1518 2379 1572 2406 iam
1597 2377 1667 2405 duos
1689 2384 1779 2404 annos.

985 2427 1139 2462 Aquileiam
1165 2434 1295 2454 reversus
1321 2425 1470 2454 Anastasio
1502 2424 1592 2460 Papae
1621 2430 1694 2450 anno
1722 2423 1774 2449 301

986 2474 1108 2509 scripsit,
1124 2481 1152 2501 se
1164 2479 1223 2508 post
1239 2473 1348 2507 triginta
1363 2473 1418 2507 fere
1437 2480 1521 2499 annos
1542 2470 1695 2506 parentibus
1715 2472 1778 2496 red-

986 2520 1070 2547 ditum
1084 2527 1151 2547 esse.
1167 2518 1258 2547 Ruﬁni
1277 2519 1410 2554 Apologia
1426 2518 1460 2546 ad
1475 2516 1654 2544 Anastasium
1670 2523 1731 2549 cap.
1748 2515 1774 2548 1,

986 2566 1057 2601 Opp.
1076 2566 1119 2594 ed.
1142 2565 1259 2594 Vallarsi
1282 2574 1309 2602 p.
1329 2565 1399 2599 L05,
1423 2564 1512 2599 Migne
1533 2562 1636 2590 Patrol.
1659 2561 1691 2590 Τ.
1713 2560 1775 2591 XX.

986 2620 1014 2648 p.
1028 2612 1091 2639 6‘25.
1110 2611 1139 2639 S.
1161 2611 1275 2640 Hieron.
1299 2611 1378 2646 Apol.
1402 2610 1433 2641 II.
1457 2609 1486 2637 S.
1511 2608 1622 2636 Hieron.
1645 2607 1712 2643 Opp.
1729 2609 1773 2636 ed.

987 2657 1088 2685 Bened.
1105 2656 1136 2683 T.
1152 2656 1187 2684 IV
1203 2665 1230 2692 p.
1248 2656 1310 2684 589.
1326 2655 1400 2683 Idam
1420 2654 1477 2682 I'ere
1496 2653 1612 2681 Ruﬁnus
1629 2654 1730 2688 passim
1745 2655 1776 2680 in

987 2703 1126 2738 Apologiis
1150 2701 1318 2738 [Invectivis]
1340 2701 1370 2728 itt
1396 2700 1427 2727 8.
1455 2699 1651 2735 Hieronymum
1679 2698 1774 2726 tradit.

988 2749 1080 2776 Ruﬁni
1095 2749 1174 2783 Apol.
1193 2747 1354 2784 [Invectiva]
1374 2747 1422 2774 lib.
1445 2747 1467 2774 II
1489 2754 1551 2781 cap.
1568 2745 1614 2778 22,
1638 2744 1708 2780 Opp.
1729 2745 1774 2773 ed.

988 2795 1103 2823 Vallarsi
1121 2803 1148 2830 p.
1165 2795 1213 2822 55I
1225 2814 1233 2826 ,
1247 2793 1335 2829 Migne
1353 2793 1373 2821 I.
1392 2793 1411 2820 I.
1436 2801 1461 2826 p.
1478 2792 1547 2826 560;
1567 2791 1596 2819 S.
1616 2791 1776 2827 Hieronymi

988 2841 1058 2877 Opp.
1074 2841 1119 2869 ed.
1138 2840 1238 2868 Bened.
1255 2839 1288 2868 Τ.
1300 2839 1335 2866 IV
1351 2847 1378 2875 p.
1394 2840 1458 2867 576.
1475 2838 1547 2874 Ergo
1572 2837 1713 2871 Ruﬁnum,
1727 2837 1776 2873 qui

989 2889 1017 2916 in
1032 2889 1154 2924 Aegypto
1168 2895 1217 2922 per
1230 2886 1392 2914 sexennium
1407 2885 1492 2919 degit,
1504 2885 1565 2921 plus
1577 2891 1665 2912 annos
1679 2883 1777 2918 viginti

991 2935 1062 2963 duos
1079 2933 1274 2966 Ilierosolvtnis
1293 2933 1404 2967 vixisse,
1420 2932 1503 2961 statui
1521 2931 1626 2968 nequit.
1647 2931 1682 2958 At
1697 2936 1775 2957 error
