2038 3156
265 173 299 199 19
673 171 723 199 SS.
744 169 974 198 MACARIORUM
993 168 1154 198 AEGYPTII
1173 169 1216 197 ET
1235 168 1470 197 ALEXANDRINI
1853 167 1890 195 9.0

263 227 542 259 commorationem
557 227 670 258 cadere
684 227 866 264 credideris,
877 235 971 267 quam
986 227 1054 258 Ru-
1069 231 1090 256 A
1105 213 1273 266 principio,
1297 234 1392 265 quem
1423 229 1453 256 et
1476 223 1663 256 catholicum
1694 225 1726 254 et
1747 225 1889 254 sanctum

263 278 345 308 tinus
360 277 562 308 Alexandriae
579 277 698 315 fecerit,
719 281 886 317 antequam
901 277 934 307 in
949 276 1052 308 Palae-

265 329 376 358 stinam
396 328 505 358 abiret.
526 329 613 359 Certe
636 328 669 358 hi
684 328 746 359 duo
764 327 838 358 anni
857 327 916 366 [vel
933 327 1052 366 aliquot

266 379 342 416 dies]
360 387 477 408 annum
493 377 561 415 385,
580 387 644 418 quo
665 378 860 418 Theophilus
882 378 1051 418 episcopus

264 427 468 458 Alexandriae
487 427 588 458 factus
609 430 656 458 est
680 427 732 467 (1),
757 427 957 458 antecedunt.
974 428 1051 457 Nam

313 477 522 516 Hieronymus
543 478 575 508 in
598 477 749 517 Apologia
772 478 886 508 Ruﬁno
903 486 909 507 :
927 489 940 505 ε(
958 478 1014 514 Tu,
1035 489 1050 505 »

264 527 378 567 inquit,
389 540 402 555 α
416 532 582 568 postquam
594 528 644 559 hic
659 528 871 568 [Theophilus]
884 528 1051 567 episcopus

265 578 366 610 factus
386 582 444 614 est,
458 578 662 609 Alexandriae
680 587 744 609 non
765 579 850 609 fuisti
865 577 917 618 (2).
935 590 949 606 n
970 578 1051 610 Hinc

265 628 360 667 igitur
375 629 522 659 Ruﬁnum
537 629 583 659 bis
598 632 717 659 tantum
728 628 931 659 Alexandriae
942 631 973 658 et
985 627 1052 668 qui-

267 679 337 709 dem
355 683 426 710 ante
444 688 560 710 annum
576 679 632 710 385
647 679 757 717 fuisse,
775 679 849 710 satis
870 679 903 710 in
924 681 1052 719 promtu

267 732 325 759 est.

306 790 459 825 Quorsum
477 789 565 827 haec,
581 797 661 829 quae
684 789 723 820 de
746 789 859 820 Ruﬁno
882 788 1053 829 disputavi-

266 848 348 876 mus,
365 843 518 879 spectent,
543 840 616 877 iam,
644 849 772 880 quaeso,
798 840 970 880 perpende.
994 841 1053 870 Le-

266 889 368 928 gimus
391 890 475 921 enim
494 890 577 930 apud
592 891 622 921 S.
649 891 876 930 Hieronymum
893 899 900 920 :
918 902 932 919 α
955 890 1054 921 Huius
1071 913 1090 940 Β

269 939 410 977 [Evagrii]
425 939 520 970 libros
532 949 588 979 per
601 940 757 970 Orientem
772 948 900 979 graecos
910 942 941 970 et
954 939 1053 970 inter-

265 992 408 1029 pretante
419 990 572 1030 discipulo
587 990 654 1020 eius
664 990 777 1020 Ruﬁno
789 989 901 1020 latinos
910 989 1054 1029 plerique

266 1039 299 1069 in
329 1039 495 1070 Occidente
522 1040 671 1071 lectitant.
697 1040 755 1076 Qui
785 1039 899 1070 librum
926 1047 1054 1079 quoque

266 1090 390 1130 scripsit
413 1091 502 1130 quasi
521 1091 560 1122 de
575 1090 750 1128 monachis,
765 1090 943 1130 multosque
962 1089 996 1120 in
1015 1098 1053 1120 eo

267 1145 440 1178 enumerat,
450 1141 504 1181 qui
514 1150 674 1181 nunquam
685 1141 822 1178 fuerunt,
832 1143 862 1171 et
869 1148 949 1180 quos
958 1139 1054 1170 fuisse

266 1190 428 1228 describit,
443 1191 643 1230 Origenistas,
658 1194 689 1222 et
701 1190 739 1221 ab
755 1189 912 1230 episcopis
927 1189 1055 1220 damna-

265 1243 314 1270 tos
329 1249 397 1271 esse
416 1249 480 1271 non
500 1241 631 1271 dubium
648 1244 705 1277 est,
728 1239 927 1270 Ammonium
942 1239 1052 1270 videli-

265 1294 325 1326 cet,
351 1293 381 1321 et
405 1290 585 1328 Eusebium,
611 1293 641 1321 et
664 1289 877 1329 Euthymium,
900 1292 931 1320 et
948 1289 1053 1328 ipsum

264 1340 440 1379 Evagrium,
458 1341 498 1371 0r
512 1349 640 1380 quoque
655 1344 686 1371 et
705 1340 870 1376 Isidorum,
889 1343 920 1370 et
938 1339 1054 1370 multos

265 1389 354 1426 alios,
374 1399 454 1430 quos
479 1399 663 1422 enumerare
680 1390 818 1421 taedium
842 1393 899 1427 est,
916 1392 947 1420 et
969 1390 1054 1420 iuxta

266 1438 343 1470 illud
359 1440 493 1471 Lucretii
509 1441 544 1479 (Ι,
562 1440 619 1470 935
634 1440 716 1481 sqq.)
735 1449 742 1470 :

284 1501 324 1527 Ac
338 1500 424 1527 veluti
438 1501 530 1535 pueris
544 1501 680 1529 absinthia
697 1506 765 1528 tetra
779 1501 919 1528 medentes

282 1536 350 1571 Qum
370 1536 435 1562 dare
447 1540 592 1568 conantur,
609 1537 684 1571 prius
699 1544 762 1571 oras
776 1536 873 1571 pocula
886 1538 991 1564 circum

285 1570 453 1606 Contingunt
469 1572 542 1599 dulci
558 1569 645 1599 mellis
661 1569 784 1600 llavoIiue
797 1572 912 1606 liquore.

266 1629 312 1659 Ita
335 1627 387 1659 ille
409 1636 509 1658 unum
523 1629 676 1659 Joannem
696 1629 729 1659 in
750 1629 850 1668 ipsxus
862 1628 934 1659 libri
950 1627 1054 1668 posuit

268 1757 381 1785 Palladii
411 1758 540 1786 facillime
566 1758 630 1786 inde
654 1758 819 1793 explicatur,
837 1758 910 1793 quod
937 1758 1053 1786 Rulinus

269 1803 466 1839 Hierosolymis
486 1811 540 1830 una
561 1811 623 1830 cum
644 1803 759 1831 Melania
781 1803 859 1836 vixit,
873 1810 943 1838 quae
956 1803 1052 1838 viginti

268 1854 371 1885 septem
380 1857 467 1877 annos
477 1849 672 1885 Hierosolymis
682 1849 742 1876 fuit.
751 1848 822 1876 Hist.
830 1849 912 1876 Laus.
922 1857 983 1884 cap.
992 1849 1054 1882 117,

268 1895 330 1922 118.
338 1895 464 1928 Melania,
474 1895 639 1930 Hieronymo
649 1899 729 1926 teste,
740 1903 821 1930 quem
834 1895 868 1922 de
880 1895 931 1922 hac
943 1903 973 1922 re
985 1895 1055 1923 bene

267 1941 394 1968 edoctum
408 1949 470 1969 esse
482 1942 635 1976 oportebat,
647 1940 836 1976 Hierosolyma
847 1941 922 1968 venit
934 1949 1006 1968 anno
1018 1940 1043 1968 X

268 1986 390 2015 Valentis
405 1987 648 2022 imperatoris,i.e.
661 1995 733 2015 anno
748 1987 810 2014 574.
830 1987 955 2023 (Hieron.
967 1988 1055 2015 Chro-

268 2032 370 2063 nicon.)
387 2033 460 2060 Idem
474 2033 546 2068 quod
561 2033 699 2060 Palladius
712 2032 801 2068 (Hist.
815 2032 899 2061 Laus.
911 2041 971 2068 cap.
985 2033 1053 2068 117)

269 2079 381 2111 indicat,
392 2078 525 2105 Paulinus
542 2077 664 2106 Nolanus
680 2078 760 2114 (Opp.
771 2078 815 2106 ed.
830 2078 940 2106 Lebrun
952 2086 995 2113 ep.
1008 2078 1053 2112 29)

268 2132 323 2151 non
336 2128 426 2159 negat.
439 2124 571 2152 Paulinus
585 2124 616 2158 (l.
631 2124 661 2160 l.)
676 2125 820 2152 Melaniam
834 2134 843 2150 (
858 2129 919 2159 post
932 2125 1054 2159 quinque

268 2172 356 2199 lustra
373 2181 382 2198 ι
402 2172 514 2199 Romam
531 2179 670 2199 remeasse
687 2172 735 2205 ait,
753 2179 869 2198 numero
882 2179 950 2199 usus
962 2171 1052 2206 pleno,

268 2219 314 2253 qui
337 2226 392 2246 non
417 2217 568 2253 urgendus,
584 2219 631 2245 sed
655 2218 688 2244 ad
712 2218 913 2245 accuratiorem
937 2217 1053 2244 Palladii

268 2272 402 2292 summam
419 2264 597 2298 explicandus
615 2269 667 2291 est.
691 2264 756 2291 lnde
782 2271 857 2295 vero,
871 2263 943 2298 quod
963 2263 1054 2291 editus

266 2309 381 2337 Palladii
396 2315 487 2338 textus
501 2311 573 2346 (cap.
592 2311 654 2347 “9)
670 2311 767 2343 habet,
784 2310 926 2338 Melaniam
940 2311 1053 2346 triginta

267 2361 369 2391 septem
386 2363 473 2385 annos
491 2356 612 2392 hospites
628 2357 781 2392 excepisse,
798 2364 972 2392 nequaquam
989 2364 1052 2384 cum

266 2402 439 2430 Tillemontio
458 2406 572 2435 statuas,
587 2410 646 2430 eam
669 2403 764 2430 decem
787 2410 874 2431 annos
890 2403 917 2430 in
931 2403 1054 2439 Aegypto

267 2457 376 2484 quoque
390 2450 533 2482 mansisse,
543 2457 626 2484 quum
639 2453 764 2484 apertum
776 2457 897 2477 errorem
909 2450 1053 2484 scriptoris

268 2494 312 2521 hic
325 2494 572 2529 deprehendamus,
586 2495 632 2530 qui
651 2502 700 2530 pro
712 2495 827 2531 xq',i.e.
842 2496 935 2530 viginti
949 2499 1053 2530 septem

267 2537 448 2575 posueritlcq',
461 2540 478 2568 i.
493 2548 518 2568 e.
539 2540 650 2575 triginta
666 2545 779 2576 septeni.
798 2540 870 2568 Haec
884 2542 918 2569 de
937 2540 1053 2568 Melania

266 2586 541 2621 annotavimus.quia
555 2586 581 2613 in
596 2587 648 2613 hoc
662 2587 751 2621 capite
764 2587 968 2615 Tillemontium
984 2588 1052 2623 (Me-

266 2633 367 2659 moires
390 2632 433 2659 ed.
460 2632 547 2660 Paris.
570 2632 601 2660 T.
625 2632 648 2660 X
671 2641 698 2668 p.
724 2633 787 2661 596.
808 2642 869 2669 sqq.
893 2635 942 2662 821
965 2634 1050 2670 sqq.),

267 2677 438 2705 Rosweidum
447 2678 548 2713 (Ruﬁni
562 2684 588 2706 et
603 2679 732 2707 Melaniae
745 2682 926 2715 peregrinatio
935 2680 988 2708 VV.
998 2680 1048 2707 PP.

266 2732 292 2758 ρ.
311 2724 363 2750 423
380 2725 454 2759 sqq.)
471 2728 498 2752 et
521 2725 690 2760 Stiltingium
709 2725 781 2754 (Vita
802 2726 830 2753 S.
851 2726 975 2760 Hierom,
993 2727 1050 2754 AA.

265 2769 317 2795 SS.
331 2769 397 2796 Boil.
416 2769 490 2804 Sept.
507 2769 540 2798 T.
555 2770 611 2797 Vill
630 2779 656 2806 p.
673 2771 725 2798 5552
738 2772 823 2808 sqq.),
836 2773 900 2800 licet
914 2773 964 2808 ipsi
980 2773 1052 2800 inter

266 2823 295 2842 se
311 2816 424 2842 multum
444 2815 609 2851 discrepent,
626 2817 744 2851 graviter
759 2826 867 2846 errasse
885 2819 1049 2847 invenimus.

267 2861 408 2895 Superest,
431 2866 461 2889 ut
486 2866 660 2895 annotemus,
683 2863 813 2891 Ruﬁnum
838 2872 918 2892 senes
942 2872 1051 2900 quoque

267 2908 476 2943 Mesopotamiae
487 2917 496 2935 (
509 2909 579 2944 apud
597 2909 727 2938 Edessam
743 2913 770 2938 ct
784 2910 811 2937 in
826 2909 971 2938 Carrarum
988 2918 1050 2946 par—

1101 274 1198 305 fuisse
1213 283 1278 305 non
1293 274 1423 305 dubium
1442 276 1499 310 est,
1518 276 1551 303 ut
1569 281 1625 312 per
1645 271 1727 302 illius
1747 270 1890 302 occasio-

1102 333 1175 355 nem
1191 328 1323 361 ceteros,
1336 332 1416 364 quos
1429 326 1588 363 posuerat,
1601 320 1774 352 haereticos
1789 318 1887 350 eccle—

1102 375 1166 406 siae
1188 374 1401 405 introduceret
1426 373 1479 413 (3).
1498 384 1511 400 η
1535 372 1628 403 Hisce
1651 372 1682 401 S.
1706 368 1891 409 Hieronymi

1101 425 1204 456 verbis
1225 424 1302 464 quin
1313 423 1390 455 liber
1403 423 1570 459 indicetur,
1589 430 1684 462 quem
1708 419 1891 454 Rosweidus

1104 486 1118 502 ι(
1132 474 1306 506 secundum
1320 473 1434 503 librum
1449 473 1511 503 VV.
1526 473 1604 502 PP.»
1621 470 1779 510 inscripsit
1794 468 1848 510 (4),
1858 469 1891 500 in

1103 534 1167 566 quo
1180 526 1219 556 de
1233 526 1354 556 Joanne
1368 524 1472 564 primo
1486 523 1569 560 loco,
1587 522 1702 553 deinde
1717 521 1756 552 de
1769 522 1890 551 Ammo-

1103 576 1168 612 nio,
1184 575 1328 614 Evagrio,
1350 575 1402 611 0r,
1417 573 1549 611 Isidoro,
1575 573 1629 608 20
1650 571 1718 603 aliis
1732 570 1829 601 multa
1848 569 1890 601 le.

1104 629 1230 664 guntur,
1253 624 1387 656 dubitari
1410 624 1529 664 nequit.
1551 625 1671 659 Fateor,
1696 622 1736 652 de
1757 620 1894 652 Eusebio

1103 676 1231 715 quidem
1249 678 1280 706 et
1303 675 1343 706 de
1362 674 1532 714 Euthymio
1554 673 1632 705 nihil
1651 673 1760 703 haberi
1782 672 1816 702 in
1838 671 1893 702 illo

1104 725 1338 756 Rosweidianae
1359 724 1554 756 collectionis
1572 724 1652 755 libro
1678 722 1818 754 secundo
1841 730 1848 752 :
1865 726 1900 754 at

1105 776 1135 806 S.
1152 776 1379 815 Hieronymum
1405 783 1441 806 ea
1464 775 1593 805 nomina
1615 783 1686 805 cum
1710 773 1843 811 Eulogio
1866 775 1898 804 et

1105 827 1250 867 Didyme,
1263 826 1318 866 qui
1328 827 1361 856 in
1370 826 1451 857 libro
1462 825 1609 863 leguntur
1621 823 1674 865 (5),
1687 823 1897 857 confundere.

1105 881 1158 908 aut
1181 876 1416 916 corruptionem
1441 875 1534 913 longa
1556 879 1735 913 temporum
1759 873 1842 904 serie
1864 873 1898 903 in

1105 928 1192 967 ipsos
1209 927 1333 958 codices
1354 929 1408 957 aut
1429 926 1500 956 libri
1514 928 1567 956 aut
1581 925 1611 955 S.
1626 924 1812 963 Hieronymi
1826 923 1894 964 epi-

1105 978 1202 1009 stolae
1217 977 1392 1017 irrepsisse,
1410 979 1658 1007 consentaneum
1677 978 1733 1005 est.

1143 1029 1251 1067 Itaque
1265 1027 1367 1057 verbis
1388 1025 1450 1056 illis
1472 1026 1502 1056 S.
1519 1025 1731 1064 Hieronymus
1745 1024 1896 1054 Ruﬁnum

1104 1077 1175 1108 libri
1182 1078 1272 1109 istius
1278 1076 1431 1116 signiﬁcat
1439 1076 1635 1116 scriptorem,
1645 1083 1711 1106 non
1718 1075 1884 1113 Evagrium
1891 1097 1900 1111 ,

1104 1129 1151 1159 uti
1174 1128 1317 1159 nonnulli
1335 1127 1374 1168 (6)
1394 1126 1636 1163 contenderunt,
1654 1125 1751 1166 quod,
1776 1125 1833 1165 qui
1848 1124 1896 1156 lo-

1105 1187 1177 1209 cum
1193 1179 1224 1209 S.
1245 1177 1430 1216 Hieronymi
1445 1180 1562 1208 attente
1585 1176 1706 1214 legerit,
1723 1175 1784 1206 sibi
1806 1175 1897 1206 facile

1105 1228 1306 1268 persuadebit
1318 1226 1371 1267 (7).
1383 1227 1522 1264 Accedit,
1535 1228 1569 1256 ut
1579 1225 1759 1266 complures
1770 1225 1897 1256 codices

1105 1287 1200 1309 manu
1214 1278 1332 1318 scripti,
1350 1277 1432 1308 inter
1445 1285 1525 1317 quos
1538 1285 1619 1307 unus
1634 1278 1784 1313 vetustus,
1802 1283 1897 1315 quem

1105 1326 1286 1358 Rosweidus
1309 1326 1343 1357 in
1362 1326 1492 1357 edendis
1515 1325 1585 1355 vitis
1608 1323 1764 1361 adhibuit,
1790 1321 1897 1354 Ruﬁni

1105 1386 1222 1408 nomen
1236 1380 1344 1417 aperte
1363 1376 1569 1416 proﬁteantur
1584 1373 1637 1414 (8).

1144 1427 1232 1458 Unde
1242 1427 1303 1457 iam
1315 1425 1479 1457 difﬁcultas
1490 1425 1564 1455 satis
1574 1432 1687 1462 magna
1699 1423 1807 1454 oritur.
1818 1424 1897 1453 Nam

1105 1478 1131 1508 si
1153 1478 1186 1508 in
1209 1477 1324 1508 librum
1348 1475 1521 1506 secundum
1547 1473 1722 1504 accuratius
1744 1472 1897 1511 inquiris,

1105 1527 1175 1559 luce
1190 1527 1303 1558 clarius
1316 1528 1458 1566 apparet,
1475 1524 1624 1556 Ruﬁnum
1639 1531 1707 1554 esse
1721 1531 1785 1553 non
1801 1530 1897 1562 posse

1067 1574 1090 1608 C
1106 1581 1276 1609 auctorem.

1146 1626 1285 1657 Primum
1296 1624 1379 1656 enim
1392 1627 1502 1656 auctor
1513 1622 1585 1654 libri
1598 1621 1730 1653 secundi
1741 1628 1806 1652 non
1820 1623 1897 1652 tem-

1103 1760 1177 1787 tibus
1193 1769 1201 1785 ι
1221 1760 1323 1787 vldlsse
1338 1758 1442 1794 (Ruﬁn.
1463 1759 1535 1786 Hist.
1556 1757 1630 1786 Eccl.
1649 1758 1698 1786 lib.
1712 1757 1735 1784 ll
1749 1764 1775 1785 c.
1791 1756 1809 1784 8
1825 1755 1896 1792 Opp.

1103 1806 1147 1833 ed.
1163 1805 1278 1832 Vallarsi
1294 1813 1322 1841 p.
1342 1806 1410 1838 279.
1428 1805 1518 1840 Migne
1539 1804 1641 1832 Patro].
1653 1804 1686 1831 T.
1699 1803 1759 1830 XXI
1777 1811 1803 1839 p.
1820 1803 1895 1836 517),

1103 1852 1177 1886 quod
1195 1852 1258 1884 iter,
1274 1855 1422 1887 postquam
1437 1849 1627 1887 Hierosolyma
1642 1850 1728 1883 venit,
1743 1849 1897 1878 instituisse

1102 1897 1223 1924 videtur.

1140 1943 1179 1979 (1)
1201 1942 1280 1970 Socr.
1295 1942 1365 1970 Hist.
1380 1941 1455 1970 Eccl.
1468 1943 1516 1970 lib.
1529 1942 1551 1970 ν
1565 1949 1626 1978 cap.
1639 1942 1682 1970 l2.
1697 1941 1808 1970 Sozom.
1823 1940 1893 1968 Hist.

1104 1989 1177 2017 Eccl.
1201 1989 1249 2016 lib.
1271 1987 1317 2016 νη
1335 1997 1395 2024 cap.
1416 1989 1460 2016 14.
1483 1988 1633 2016 Tillemont
1659 1988 1804 2016 Mémoires
1827 1995 1895 2022 pour

1111 2035 1200 2062 servir
1216 2034 1232 2061 ii
1248 2035 1381 2063 l‘histoire
1394 2033 1706 2070 ecclésiastique,Paris.
1725 2033 1792 2060 1707
1812 2032 1845 2060 Τ.
1860 2032 1894 2058 IX

1104 2089 1131 2116 p.
1147 2082 1209 2109 594.
1225 2081 1272 2108 XII
1288 2090 1316 2116 p.
1332 2081 1396 2113 447,
1413 2081 1441 2108 2.
1461 2080 1561 2116 Fleury
1579 2080 1649 2107 Hist.
1666 2079 1740 2107 Eccl.
1759 2079 1809 2107 Ed.
1823 2079 1893 2114 Aug.

1103 2126 1185 2154 Vind.
1202 2133 1234 2153 ac
1251 2127 1357 2162 Oenop.
1376 2127 1444 2153 1768
1459 2126 1491 2153 Τ.
1507 2126 1541 2153 lV
1558 2135 1584 2161 p.
1602 2126 1664 2153 755.

1137 2174 1175 2209 (2)
1196 2173 1275 2210 Apol.
1292 2172 1335 2206 lll,
1357 2172 1386 2200 S.
1412 2172 1525 2200 Hieron.
1544 2174 1613 2208 Opp.
1633 2172 1677 2200 ed.
1692 2171 1796 2199 Bened.
1812 2172 1844 2199 T.
1860 2169 1893 2198 IV

1123 2243 1129 2250 .
1146 2222 1209 2249 455.

1102 2229 1246 2301 Ριίὲζῦὲιρ.
1264 2266 1315 2293 155
1339 2266 1373 2292 ad
1399 2264 1536 2300 Ctesiph.,
1563 2263 1593 2291 S.
1619 2263 1731 2291 Hieron.
1756 2263 1825 2299 Opp.
1848 2262 1892 2290 ed.

1103 2312 1192 2347 Migne
1205 2312 1236 2339 Τ.
1255 2311 1264 2338 1
1280 2311 1396 2347 [PatroL
1413 2311 1446 2339 T.
1462 2310 1545 2346 XXII]
1566 2318 1592 2345 p.
1611 2310 1692 2337 1151.

1137 2358 1176 2393 (4)
1193 2357 1250 2385 VV.
1265 2357 1316 2385 PP.
1332 2358 1423 2385 Rosw.
1440 2366 1466 2393 p.
1484 2357 1536 2384 448
1553 2365 1614 2392 sqq.

1139 2405 1177 2440 (5)
1190 2404 1276 2440 Capp.
1291 2405 1324 2432 ιι
1337 2409 1364 2432 et
1377 2404 1413 2431 2t
1426 2412 1453 2440 p.
1469 2404 1532 2437 472,
1545 2403 1582 2437 2;
1597 2404 1661 2437 479,
1677 2403 1690 2430 1

1140 2452 1178 2486 (6)
1195 2451 1341 2483 Baronius,
1357 2450 1416 2477 alii.

1139 2497 1178 2533 (7)
1194 2497 1305 2525 Librum
1319 2496 1398 2533 Xysti
1414 2495 1595 2532 Pythagoraei
1611 2496 1644 2524 ab
1661 2497 1752 2525 eodem
1764 2498 1891 2531 scriptore

1104 2544 1157 2571 sub
1170 2544 1280 2571 nomine
1295 2543 1364 2570 Sixti
1379 2543 1470 2578 Papae
1481 2547 1508 2570 et
1524 2543 1663 2579 martyris,
1679 2549 1706 2571 et
1720 2544 1819 2572 librum
1834 2543 1889 2569 Eu-

1103 2590 1171 2619 sebii
1191 2590 1380 2618 Caesariensis
1398 2589 1451 2617 sub
1467 2590 1578 2617 nomine
1601 2589 1738 2626 Pamphili
1761 2589 1890 2624 martyris

1103 2637 1192 2665 editos
1205 2645 1280 2669 esse,
1295 2636 1343 2663 illa
1354 2636 1472 2672 epistola
1490 2635 1519 2663 S.
1534 2635 1693 2672 Hieronymi
1704 2636 1794 2668 docet,
1809 2636 1889 2663 cuius

1103 2683 1229 2719 apologia
1249 2683 1364 2710 eandem
1389 2683 1461 2711 hanc
1482 2682 1606 2710 fraudem
1626 2683 1723 2717 Ruﬁno
1738 2682 1842 2710 tribuit.
1857 2681 1886 2707 S.

1104 2729 1217 2757 Hieron.
1236 2728 1284 2764 Ep.
1305 2729 1357 2756 135
1379 2729 1397 2757 Ι.
1423 2729 1442 2756 l.
1459 2729 1538 2764 Apol.
1565 2728 1628 2755 adv.
1648 2728 1710 2755 Ruf.
1734 2729 1781 2756 lib.
1805 2728 1827 2754 ll
1841 2725 1885 2753 'ed.

1105 2775 1206 2802 Bened.
1222 2774 1254 2801 Τ.
1270 2774 1304 2802 IV
1324 2782 1351 2810 p.
1370 2775 1440 2808 M9;
1458 2775 1505 2801 lib.
1523 2773 1556 2801 ΙΙΙ
1572 2774 1637 2802 ibid.
1661 2782 1688 2809 p.
1699 2774 1761 2802 449.
1777 2772 1819 2800 Cf.
1830 2769 1881 2796 Til.

1104 2821 1206 2849 lemont
1221 2821 1364 2848 Mc'moircs
1377 2820 1409 2849 T.
1428 2820 1488 2847 XVI
1504 2828 1530 2854 p.
1544 2820 1605 2851 657.
1623 2821 1649 2847 1.

1140 2867 1178 2903 (8)
1199 2863 1255 2894 VV.
1272 2867 1322 2894 ΙΨ.
1339 2867 1431 2895 Rosw.
1448 2866 1554 2902 Proleg.
1571 2866 1585 2902 §
1600 2866 1621 2893 X
1637 2874 1663 2901 p.
1680 2862 1785 2893 XXVII.
