2038 3156
158 182 189 210 21
916 187 1031 216 γιτΑε.
1740 189 1777 218 Β

159 247 237 281 pore
245 237 385 272 Valentis
394 239 590 281 imperatoris
600 244 706 283 paullo
720 249 791 286 post
806 247 836 278 S.
852 247 943 278 Atha-
957 250 980 278 A
993 250 1127 278 exeunte
1142 256 1226 280 anno
1241 247 1309 285 394,
1328 252 1358 280 et
1366 249 1542 281 Palladium
1560 250 1628 283 eius
1644 250 1776 289 itineris,

158 290 233 321 nasii
249 294 384 321 mortem
401 291 493 332 (373),
511 297 564 324 aut
577 298 649 325 ante
664 303 781 326 annum
800 297 856 327 385
872 307 942 329 mo-

156 341 290 372 nasteria
308 343 441 382 Aegypti
463 343 611 381 lustravit,
628 354 692 385 quo
707 349 851 387 tempore
875 349 941 379 Ru-

156 391 254 422 ﬁnum
279 392 312 422 in
335 392 432 423 Nitria
452 397 606 424 versatum
629 403 697 426 esse
720 398 940 436 cognovimus,

156 442 210 472 sed
229 442 328 474 multo
346 446 419 482 post
443 447 576 475 exeunte
597 453 680 476 anno
702 446 759 476 394
775 448 833 479 sub
847 449 942 480 ﬁnem

154 492 278 531 imperii
294 492 462 524 Theodosii
483 495 596 534 Magni,
611 496 666 536 qui
684 497 762 528 obiit
784 507 866 529 anno
884 499 941 530 395

156 541 186 571 d.
201 543 268 572 XVI
281 543 406 573 Calend.
419 545 577 576 Februarii
593 545 653 586 (1);
669 548 790 578 socium
803 557 878 580 vero
893 549 942 580 iti-

156 593 240 623 neris
255 593 426 625 Palladium
439 594 558 633 habuit,
574 597 628 637 qui
639 598 805 630 Historiam
819 601 941 632 Lausia-

155 650 220 672 cam
243 643 378 683 scripsit.
399 645 482 681 Quae
502 646 630 686 quidem
654 656 692 678 ex
705 648 786 680 libro
801 651 940 683 secundo

153 691 221 730 ipso
237 691 374 724 dilucide
394 694 593 734 colliguntur.
618 697 694 727 Nam
716 702 824 730 auctor
846 699 940 732 huius

152 740 222 772 libri
236 743 339 773 statim
354 744 394 775 ab
406 744 496 776 initio
511 745 588 777 haec
603 751 708 779 narrat
731 757 737 778 :
756 750 863 781 Fuisse
890 760 940 782 se-

151 795 248 832 ptem,
258 802 292 824 se
302 794 450 826 nimirum
462 805 532 827 cum
544 806 599 828 sex
610 799 713 837 sociis,
724 800 777 839 qui
787 801 939 833 Joannem

152 843 313 874 eremitam
335 854 436 885 prope
455 847 573 886 Lycum
596 848 751 880 civitatem
772 851 937 882 convenis-

994 298 1079 338 quod
1093 307 1110 329 e
1125 299 1221 330 Nitria
1234 299 1273 330 ad
1285 300 1438 331 Joannem
1452 301 1484 332 in
1495 302 1581 341 Lyco
1589 301 1717 339 fecerat,
1728 310 1779 333 so-

992 349 1074 380 cium
1092 349 1248 381 habuisse.

1031 399 1169 431 Alterum
1192 400 1335 439 quidem,
1357 401 1528 432 Palladium
1553 401 1671 432 scilicet
1697 402 1776 433 scri-

991 450 1090 489 ptoris
1104 450 1176 480 libri
1191 451 1320 481 secundi
1343 450 1463 481 socium
1482 451 1516 481 in
1537 451 1649 482 itinere
1668 451 1776 489 fuisse,

991 499 1069 530 alius
1080 508 1208 539 quoque
1223 499 1316 531 huius
1329 500 1400 530 libri
1414 500 1502 531 locus
1517 501 1710 540 comprobat.
1722 502 1780 531 Le-

992 549 1093 588 gimus
1117 551 1212 587 enim,
1239 550 1438 590 Apollonium
1455 550 1616 581 monachis
1630 551 1694 581 suis
1713 554 1777 582 tres

991 599 1069 636 dies,
1085 603 1251 640 antequam
1266 601 1401 640 scriptor
1416 601 1484 631 libri
1500 601 1629 632 secundi
1643 609 1715 632 cum
1728 609 1778 632 so-

991 650 1046 681 ciis
1061 659 1133 680 eum
1150 651 1342 687 convenerit,
1357 651 1549 690 praedixisse
1566 660 1572 680 :
1593 662 1608 679 α
1629 655 1700 690 post
1718 651 1776 681 tri-

990 701 1087 732 duum
1102 701 1265 732 adfuturos
1282 705 1344 733 tres
1359 702 1470 732 fratres
1491 702 1531 733 de
1550 701 1776 740 Hierosolymis

988 750 1150 782 venientes
1167 750 1220 792 (5).
1239 763 1253 779 ι)
1278 752 1339 782 Sed
1363 751 1448 782 idem
1470 750 1625 782 Palladius
1648 759 1777 791 quoque

988 801 1092 832 triduo
1109 805 1182 832 ante
1200 811 1291 832 suum
1305 803 1358 837 22
1374 801 1541 833 adventum
1555 802 1595 833 ab
1609 801 1776 842 Apollonio

988 852 1183 892 praedictum
1203 861 1271 883 esse
1292 852 1325 883 in
1346 853 1480 883 Historia
1498 853 1645 883 Lausiaca
1664 851 1777 883 iisdem

149 897 230 948 sent.
248 895 401 926 Joannem
420 896 507 948 ipsis,
524 907 621 938 quum
637 899 687 934 21
710 900 749 930 ab
769 908 807 931 eo
828 901 936 941 profe-
952 921 974 948 Β
989 902 1081 942 plane
1091 903 1194 934 verbis
1207 906 1309 934 narrat
1320 902 1372 943 (6').
1383 903 1441 934 Ubi
1452 912 1492 934 ne
1501 903 1776 942 offendaris,quod

149 944 232 974 cturi
245 950 360 983 essent,
377 947 646 986 praedixisse,hac
656 949 725 990 ipsa
735 950 785 981 die
794 951 938 983 victorias
952 944 972 948 ”
986 953 1142 984 Palladius
1166 953 1279 984 dicitur
1299 954 1421 984 venisse
1445 953 1682 992 Hierosolymis.
1699 954 1776 984 Nam

147 993 288 1032 religiosi
312 996 463 1036 principis
479 997 648 1029 Theodosii
665 1000 704 1030 de
730 1000 870 1039 Eugenio
886 1004 936 1040 ty-

147 1051 248 1074 ranno
267 1048 438 1085 reportatas
461 1046 663 1079 Alexandriae
686 1049 841 1080 nuntiatas
855 1059 934 1088 esse,

145 1093 316 1134 ipsumque
339 1095 551 1128 Theodosium
575 1106 639 1129 non
661 1098 760 1130 multo
774 1102 846 1139 post
857 1109 935 1139 pro-

144 1146 218 1184 pria
245 1150 342 1177 morte
368 1147 464 1178 vitam
486 1148 658 1187 ﬁniturum.
691 1149 806 1181 Triduo
831 1154 936 1181 autem

144 1199 217 1234 post
236 1196 408 1228 discessum
428 1206 518 1228 suum
538 1198 577 1229 de
594 1202 696 1230 morte
710 1200 838 1230 Joannis
855 1209 888 1231 se
901 1201 935 1230 in

143 1246 257 1277 itinere
281 1248 430 1279 certiores
454 1258 522 1280 esse
545 1249 645 1281 factos
670 1250 723 1290 (2).
743 1251 803 1281 Sed
824 1251 934 1282 eadem

144 1296 248 1342 haec,_
265 1307 346 1337 quae
368 1299 401 1329 in
428 1298 509 1330 libro
535 1299 674 1331 secundo
699 1301 934 1332 Rosweidianae

143 1347 340 1379 collectionis
363 1348 458 1380 latino
481 1358 626 1380 sermone
649 1349 806 1389 leguntur,
823 1359 933 1390 graece

143 1406 292 1438 expressa
306 1399 371 1430 fere
390 1399 429 1430 ad
445 1400 575 1431 verbum
591 1400 623 1431 in
637 1401 772 1432 Historia
786 1402 933 1433 Lausiaca

142 1447 271 1479 Palladii
291 1452 423 1486 exstant,
448 1449 509 1480 hoc
533 1458 598 1481 uno
622 1450 813 1488 discrimine,
833 1452 930 1491 quod,

141 1508 225 1538 quae
243 1503 350 1530 noster
364 1500 431 1540 ipse
445 1504 592 1540 expertus
607 1504 664 1539 est,
679 1502 834 1533 Palladius
847 1512 864 1534 a
878 1511 930 1534 so-

139 1550 199 1581 ciis
217 1553 338 1582 narrata
359 1560 427 1583 esse
446 1552 551 1583 refert.
572 1554 697 1593 Septem
712 1553 822 1584 fratres
837 1563 930 1594 pere-

139 1601 249 1640 grinos
274 1611 383 1634 omnes
398 1602 494 1634 fuisse
509 1603 543 1634 in
565 1604 733 1635 solitudine
749 1604 876 1642 Nitriae,
895 1614 930 1636 se

139 1653 281 1693 quidem,
298 1662 358 1684 nec
372 1661 437 1684 non
453 1654 579 1684 beatum
592 1655 769 1694 Evagrium,
785 1654 930 1686 Albinum

139 1709 174 1736 et
183 1705 394 1735 Ammonium.
404 1704 488 1735 Scire
499 1713 532 1735 se
542 1713 652 1735 omnes
663 1705 830 1742 studuisse,
838 1714 932 1744 quae-

138 1762 213 1785 nam
236 1753 365 1784 Joannis
381 1753 476 1784 virtus
497 1756 588 1792 esset,
604 1754 659 1784 sed
674 1754 831 1785 dubitasse
851 1756 931 1785 Eva-

137 1803 254 1842 grium,
279 1811 319 1833 an
342 1803 472 1833 omnino
499 1811 571 1833 eum
594 1803 763 1834 convenire
789 1807 929 1843 possent.

136 1853 241 1888 Quare
263 1855 392 1891 postero
415 1851 481 1888 die,
499 1851 623 1882 occlusa
640 1852 734 1890 cella,
755 1853 857 1884 solum
879 1862 929 1891 se,

135 1901 255 1932 nesciis
270 1901 374 1938 sociis,
389 1901 428 1932 ad
442 1903 596 1932 Joannem
606 1901 639 1932 in
653 1901 844 1934 Thebaidem
858 1913 932 1943 pro—

134 1952 256 1982 fectum
273 1960 351 1982 esse.
367 1953 467 1988 Quum
482 1961 557 1982 vero
572 1952 611 1983 ab
627 1961 665 1983 eo
680 1962 822 1984 reversus
838 1955 931 1985 sociis

135 2009 206 2032 rem
226 2004 392 2038 narrasset,
408 2004 480 2041 post
495 2001 574 2032 duos
587 2010 713 2032 menses
727 2001 786 2033 hos
801 2011 929 2043 quoque

135 2060 231 2083 senes
254 2051 293 2082 ad
315 2053 468 2082 Joannem
485 2052 618 2089 venisse,
645 2052 705 2083 sibi
727 2056 832 2084 autem
856 2062 929 2084 nar-

134 2111 234 2134 rasse.
261 2103 440 2142 Sequuntur
454 2102 521 2133 fere
537 2102 575 2133 ad
590 2102 732 2140 verbum,
754 2106 788 2134 ut
801 2104 928 2134 monui-

133 2163 219 2190 mus,
238 2153 302 2190 illa,
319 2162 400 2193 quae
420 2153 515 2184 modo
535 2162 573 2184 ex
590 2153 671 2185 libro
687 2154 826 2185 secundo
841 2157 928 2186 retu-

134 2203 231 2234 limus
252 2202 305 2244 (3).
325 2203 500 2241 Eugenium
513 2211 588 2234 vero
602 2205 770 2242 tyrannum
785 2203 928 2235 Theodo-

132 2254 202 2285 sius
235 2253 319 2294 apud
347 2254 440 2294 Alpes
465 2253 578 2284 devicit
606 2261 689 2284 anno
723 2253 779 2284 394
803 2254 833 2284 d.
859 2254 928 2284 VIII

131 2305 211 2336 Idus
220 2304 413 2344 Septembris
425 2303 479 2344 (4).
489 2304 512 2334 Ε
524 2304 639 2343 quibus
661 2303 828 2343 colligitur,
854 2305 928 2336 scri-

131 2359 261 2395 ptorem
285 2354 356 2385 libri
375 2353 506 2385 secundi
523 2362 616 2385 senes
630 2355 763 2394 Aegypti
785 2355 927 2386 invisisse

170 2481 212 2517 (II
229 2480 307 2508 Socr.
326 2480 398 2508 Hist.
414 2479 489 2508 Eccl.
504 2481 550 2509 lib.
564 2481 587 2508 V
599 2489 659 2516 cap.
671 2481 718 2509 25.

170 2527 212 2561 (2)
228 2526 285 2554 νγ.
311 2526 364 2554 PP.
391 2526 484 2554 Rosw.
510 2526 557 2554 lib.
581 2526 604 2554 ll
624 2535 686 2562 cap.
708 2528 734 2555 ’I.
757 2535 783 2563 p.
805 2528 869 2561 451,
898 2531 924 2557 1.

130 2574 198 2603 457.
222 2574 247 2600 I.

169 2620 210 2649 I3:
227 2619 297 2648 Hist.
315 2619 400 2647 Laus.
416 2627 478 2655 cap.
495 2618 529 2646 Η
545 2617 613 2655 Opp.
630 2619 731 2648 Meurs.
746 2620 766 2648 I.
780 2620 799 2648 I.
821 2628 848 2656 p.
860 2621 923 2648 468.

129 2667 199 2694 472.
212 2666 274 2694 488.

171 2713 210 2748 (II
231 2713 309 2740 Socr.
325 2711 396 2740 Hist.
413 2711 488 2738 Eccl.
504 2710 550 2738 lib.
572 2710 593 2737 ν
608 2718 668 2746 cap.
683 2712 729 2739 24.
755 2711 798 2739 Cf.
814 2712 922 2740 Baronii

130 2758 234 2786 Annal.
254 2766 280 2784 π.
297 2756 350 2784 594
365 2766 440 2784 num.
460 2756 481 2781 ν
502 2764 564 2792 sqq.
579 2757 622 2784 ed.
642 2757 707 2784 Luc.
722 2757 754 2786 Τ.
768 2758 842 2794 VIp.
861 2759 926 2790 145.

129 2803 233 2837 l-‘Ieury
251 2801 321 2829 Hist.
340 2801 414 2829 Eccl.
434 2801 464 2828 τ.
482 2800 516 2828 Ν
534 2809 561 2836 p.
578 2801 658 2829 1054.

170 2849 209 2883 (5)
231 2846 288 2874 VV.
307 2846 359 2874 PP.
376 2846 466 2875 Rosw.
482 2847 529 2874 lib.
545 2847 565 2873 II
583 2854 642 2882 cap.
661 2847 678 2874 7
690 2856 716 2883 p.
735 2848 797 2879 464.
818 2849 844 2876 I.

171 2895 210 2929 (6)
230 2894 300 2921 Hist.
313 2893 395 2921 Laus.
413 2901 473 2929 cap.
488 2894 522 2921 55
537 2892 607 2928 Opp.
622 2893 721 2922 .Vleurs.
738 2895 755 2922 Ι.
771 2896 789 2922 Ι.
803 2904 829 2930 p.
843 2896 908 2923 $05.

174 2940 212 2975 (7)
234 2940 283 2977 Ep.
305 2940 350 2968 SI.
383 2939 411 2968 S.
435 2939 542 2968 HLeron.
580 2939 649 2975 Opp.
678 2940 722 2969 ed.
751 2941 838 2977 Migne
862 2941 921 2970 T.I

986 1003 1153 1041 Palladius,
1166 1004 1224 1035 etsi
1235 1013 1348 1035 novem
1359 1012 1459 1035 annos
1469 1003 1658 1035 ordinat-iam
1668 1003 1776 1034 sedem

985 1053 1018 1084 in
1032 1054 1133 1085 Celliis
1143 1054 1263 1090 ﬁxerat,
1275 1054 1336 1085 hoc
1347 1057 1452 1085 tamen
1462 1055 1533 1094 ipso
1543 1057 1686 1093 tempore
1698 1062 1777 1084 non-

985 1113 1147 1145 nunquam
1165 1106 1381 1145 peregrinatus
1397 1109 1454 1136 est.
1476 1105 1562 1136 Circa
1584 1113 1702 1136 annum
1718 1104 1776 1135 394

984 1155 1211 1194 Hierosolymis
1231 1155 1339 1186 adfuit.
1367 1156 1455 1192 Quod
1480 1155 1610 1195 epistola
1641 1154 1773 1192 indicat,

984 1212 1078 1243 quam
1094 1204 1200 1244 paullo
1215 1208 1286 1235 ante
1296 1205 1333 1235 ad
1349 1205 1531 1244 episcopum
1542 1204 1777 1243 Hierosolymo-

984 1261 1054 1282 rum
1063 1261 1079 1283 a
1087 1253 1301 1292 S.Epiphanio
1312 1254 1458 1293 scriptam
1468 1263 1551 1285 anno
1564 1253 1620 1284 394
1628 1255 1659 1284 S.
1667 1254 1776 1285 Hiero-

985 1311 1098 1342 nymus
1107 1303 1201 1334 latine
1214 1303 1357 1335 reddidit.
1370 1304 1461 1334 Cuius
1474 1304 1507 1334 in
1522 1304 1584 1334 ﬁne
1596 1303 1774 1344 S.Epipha-

984 1352 1073 1383 nius:
1088 1364 1101 1380 «
1114 1352 1283 1383 Palladium
1294 1361 1379 1388 vero,
1389 1364 1403 1381 »
1414 1353 1527 1393 inquit,
1536 1365 1549 1381 α
1562 1353 1711 1390 Galatam,
1720 1353 1775 1393 qui

984 1402 1144 1442 quondam
1160 1404 1251 1434 nobis
1265 1412 1355 1434 carus
1365 1403 1433 1437 fuit.
1447 1408 1477 1434 et
1489 1412 1574 1434 nunc
1593 1403 1773 1434 misericor-

984 1453 1034 1484 dia
1051 1454 1106 1485 Dei
1125 1454 1256 1493 indiget,
1273 1463 1359 1491 cave,
1376 1454 1448 1494 quia
1464 1454 1604 1492 Origenis
1618 1453 1774 1486 haeresim

983 1503 1142 1542 praedicat
1157 1507 1188 1534 et
1202 1503 1305 1540 docet,
1321 1513 1360 1535 ne
1371 1504 1451 1534 forte
1461 1503 1583 1543 aliquos
1598 1504 1637 1534 de
1653 1503 1773 1544 populo

983 1551 1039 1582 tibi
1053 1552 1172 1583 credito
1191 1552 1229 1583 ad
1246 1553 1479 1592 perversitatem
1498 1553 1546 1584 sui
1569 1553 1698 1584 inducat
1720 1562 1772 1584 er-

982 1601 1063 1632 roris
1085 1602 1140 1642 (7).
1166 1614 1180 1631 n
1205 1603 1346 1634 Exeunte
1368 1611 1451 1634 anno
1476 1602 1534 1633 394
1557 1602 1597 1642 (8)
1615 1603 1773 1634 Palladius

982 1653 1136 1683 Joannem
1154 1653 1188 1683 in
1209 1654 1293 1693 Lyco
1315 1653 1430 1690 invisit,
1450 1655 1544 1693 atque
1561 1661 1615 1683 sex
1632 1652 1675 1683 illi
1695 1653 1773 1684 socii

983 1711 1016 1734 se
1030 1703 1257 1742 Hierosolymis
1274 1704 1397 1734 venisse
1412 1706 1519 1743 aperte
1533 1703 1684 1741 fatentur;
1699 1712 1773 1735 nam

980 1751 1093 1782 Joanni
1116 1751 1201 1783 :Pra
1229 1752 1383 1789 utilitate,
1408 1753 1569 1792 inquiunt,
1596 1754 1773 1794 animarum

981 1806 1159 1832 nostrarum
1179 1802 1221 1832 ad
1245 1806 1273 1832 te
1295 1803 1435 1832 venimus
1453 1803 1492 1833 ab
1515 1803 1699 1841 Jerusalem,
1723 1808 1770 1840 ut,

980 1851 1064 1891 quod
1088 1852 1248 1882 auditione
1271 1862 1499 1892 acceperamus,
1522 1853 1556 1883 id
1580 1863 1772 1884 cerneremus

981 1899 1078 1930 oculis
1093 1899 1147 1939 (9).
1167 1901 1212 1931 Ex
1236 1901 1362 1940 quibus,
1380 1901 1507 1940 quando
1523 1901 1678 1932 Palladius
1694 1902 1771 1932 Hie-

980 1950 1147 1990 rosolymis
1160 1950 1264 1988 fuerit,
1283 1955 1312 1981 et
1327 1951 1454 1991 quando
1470 1951 1542 1982 inde
1558 1951 1656 1982 redux
1672 1951 1771 1982 factus

980 2001 1031 2038 sit,
1046 2004 1187 2041 apparet.
1203 2003 1239 2032 In
1263 2001 1376 2032 eodem
1399 2010 1473 2033 vero
1496 2002 1598 2032 reditu
1618 2002 1770 2034 IIieroso-

979 2051 1072 2092 lymis
1083 2051 1238 2083 Palladius
1249 2061 1320 2083 cum
1331 2052 1454 2084 duobus
1466 2053 1559 2084 sociis
1570 2052 1770 2093 Apollonium

979 2112 1109 2143 quoque
1131 2103 1272 2134 inviserit
1292 2111 1423 2134 necesse
1447 2107 1504 2134 est.
1528 2104 1606 2134 Nam
1625 2103 1723 2134 altero
1737 2104 1771 2135 in

978 2154 1185 2186 Palaestinam
1209 2154 1322 2185 itinere
1344 2153 1530 2185 valetudinis
1552 2154 1648 2193 gratia
1671 2154 1771 2185 tribus

979 2206 1069 2236 annis
1083 2208 1166 2245 post,
1186 2214 1280 2245 quam
1302 2206 1454 2236 Joannem
1468 2205 1501 2235 in
1513 2205 1595 2244 Lyco
1611 2204 1768 2241 inviserat,

979 2258 1126 2296 suscepto
1141 2264 1205 2286 non
1215 2255 1247 2286 in
1257 2257 1432 2295 Aegyptum
1442 2254 1544 2291 rediit,
1553 2254 1608 2285 sed
1616 2255 1648 2285 in
1658 2254 1768 2294 Bithy-

979 2307 1061 2337 niam
1073 2306 1169 2343 venit,
1178 2306 1233 2336 ubi
1243 2306 1411 2346 episcopus
1424 2305 1585 2337 ordinatus
1596 2308 1643 2336 est
1655 2305 1663 2342 ζ
1669 2304 1727 2344 10).

1016 2355 1069 2391 23
1084 2356 1209 2386 Constat
1227 2363 1313 2394 ergo,
1336 2354 1521 2395 scriptorem
1541 2353 1613 2384 libri
1636 2353 1769 2384 secundi

979 2480 1093 2517 [Patro].
1109 2480 1142 2508 T.
1163 2479 1247 2516 XXII]
1265 2488 1291 2515 p.
1307 2479 1370 2507 527.

1013 2527 1052 2562 (8)
1077 2527 1188 2554 Duobus
1217 2527 1322 2554 scilicet
1345 2526 1487 2554 mensibus
1511 2529 1574 2552 ante
1595 2523 1739 2551 victoriam
1755 2543 1765 2558 ,

977 2580 1059 2608 quam
1075 2572 1250 2601 Theodosius
1267 2573 1295 2600 d.
1312 2572 1370 2600 VIII
1405 2572 1444 2600 Id.
1468 2571 1638 2606 Septembris
1658 2571 1692 2599 de
1710 2570 1766 2598 Eu-

977 2619 1057 2655 genio
1072 2620 1230 2654 reportavit,
1247 2618 1428 2646 Alexandriae
1441 2618 1605 2645 nuntiatam.

1010 2665 1049 2700 (9)
1072 2665 1142 2693 Hist.
1163 2665 1244 2694 Laus
1270 2673 1330 2700 cap.
1356 2665 1392 2692 Η
1427 2664 1498 2700 Opp.
1523 2663 1626 2693 Meurs.
1646 2664 1666 2692 ι.
1691 2665 1710 2692 I.
1733 2673 1761 2700 p.

974 2713 1044 2743 £75:
1060 2712 1116 2739 VV.
1133 2712 1184 2740 PP.
1203 2712 1293 2740 Rosw.
1312 2713 1360 2740 lib.
1375 2712 1395 2738 II
1413 2720 1439 2748 p.
1456 2712 1519 2744 451,
1536 2712 1560 2739 1.

1010 2759 1066 2795 (I0)
1090 2758 1160 2787 Hist.
1185 2758 1268 2786 Laus.
1295 2766 1356 2793 cap.
1373 2759 1408 2786 Η
1431 2759 1500 2793 Opp.
1521 2758 1622 2786 Meurs.
1643 2758 1663 2786 I.
1689 2757 1708 2786 l.
1732 2766 1761 2794 p.

974 2806 1035 2833 479..
1051 2805 1240 2833 Tillemontius
1255 2805 1411 2840 (Mémoires
1425 2805 1456 2832 Τ.
1475 2805 1522 2832 XII
1536 2813 1563 2840 p.
1580 2805 1644 2838 656,
1660 2805 1689 2838 2)
1713 2813 1763 2833 au-

974 2855 1070 2882 tumat,
1086 2851 1245 2886 scriptorem
1259 2851 1323 2877 Iibri
1342 2850 1456 2878 secundi
1474 2850 1648 2886 Apollonium
1667 2857 1760 2877 senem

973 2900 1036 2924 ante
1053 2904 1154 2923 annum
1177 2896 1230 2924 583
1253 2897 1400 2932 invisisse;
1418 2897 1466 2925 sed
1493 2898 1581 2929 locus,
1607 2904 1662 2931 quo
1677 2895 1760 2923 'I‘iIIe-

973 2943 1094 2972 montius
1115 2943 1253 2977 innititur,
1277 2951 1291 2971 a
1312 2944 1398 2973 latino
1421 2944 1484 2973 libri
1500 2944 1649 2980 interprete
1662 2950 1759 2978 νεῖμε
1803 2956 1806 2958 ~
