2038 3156
286 152 325 180 25
693 155 743 184 SS.
765 156 995 186 MACARIORUM
1013 158 1175 186 AEGYPTII
1189 158 1234 187 ET
1266 156 1508 190 ALEXANDRINI.
1873 162 1908 190 ει

283 214 317 243 et
332 220 404 244 cum
419 212 556 244 Palladio
579 217 714 245 exeunte
739 223 823 246 anno
849 215 906 246 394
918 215 1071 247 Hieroso—
1086 218 1110 247 Δ
1124 216 1473 248 monuimus.Sedunde
1481 216 1754 249 talisnecessitudo
1761 217 1906 250 librorum

283 261 379 301 lyinis
401 263 433 294 in
451 265 626 303 Aegyptum
650 264 787 302 venisse,
808 265 1073 306 Apolloniumqua

282 321 347 344 una
362 322 432 344 cum
449 322 488 344 eo
502 314 655 352 invisisse,
673 319 703 346 et
721 324 738 345 e
753 324 885 347 numero
898 325 953 347 sex
967 317 1073 348 socio-

282 371 355 393 rum
372 363 499 394 Palladii
515 364 623 401 fuisse,
637 366 691 404 qui
705 367 857 397 Joannem
875 366 908 397 in
923 367 1006 406 Lyco
1021 376 1073 398 se-

286 421 358 443 nem
372 413 528 444 adierunt.
547 415 607 445 Sed
624 418 658 445 ut
678 415 735 446 ista
752 418 978 454 argumentatio
992 417 1074 448 iusto

284 462 488 495 fundamento
503 465 628 502 nitatur,
645 474 694 497 res
710 467 810 505 gravis
823 467 1006 506 explicanda
1023 477 1074 499 su-

285 516 400 552 perest.
417 514 510 545 Multa
526 515 610 546 enim
626 515 727 556 capita
745 516 817 547 libri
836 517 977 555 secundi,
993 518 1075 549 inter

284 571 366 602 quae
381 566 479 595 totum
496 565 572 596 illud
587 565 626 596 de
643 566 824 606 Apollonio.
841 576 942 607 paene
955 568 994 598 ad
1009 576 1076 599 ver-

285 612 360 643 bum
389 613 422 644 in
453 615 589 646 Historia
620 617 767 648 Lausiaca
793 617 958 649 habentur.
984 618 1074 651 Unde

284 661 378 701 igitur
392 662 468 694 haec
483 664 702 696 necessitudo?

325 715 432 751 Quam,
446 715 473 745 si
485 718 654 756 utrumque
669 716 783 748 librum
798 721 942 748 accurate
956 717 1076 750 exami-

285 765 417 802 naveris,
425 766 592 797 maximam
602 775 671 797 esse
681 767 832 798 invenies.
840 769 917 799 Nam
923 777 1004 808 quae
1012 768 1075 800 illic

285 814 324 845 de
339 816 467 847 senibus
480 816 647 848 Thebaidis
663 821 693 848 et
705 818 955 850 circumiacentis
969 819 1074 858 regio-

284 865 334 896 nis
348 865 506 905 leguntur,
518 867 607 898 cuius
618 867 746 907 quidem
761 868 885 907 generis
896 872 980 906 sunt,
993 878 1074 909 quae

283 915 323 947 de
336 917 456 948 Joanne
471 917 502 948 in
517 919 612 956 Lyco,
630 918 742 949 abbate
756 919 832 955 Ben,
850 919 973 950 civitate
987 920 1071 960 Oxy-

283 967 417 1006 ryncho,
435 968 575 1005 Theone,
595 969 774 1009 Apollonio,
794 970 938 1010 Coprete,
957 979 996 1001 ex
1018 979 1073 1002 ore

282 1018 424 1058 Copretis
445 1018 485 1050 de
502 1019 713 1057 Patermutio,
737 1020 851 1052 abbate
872 1021 951 1060 Syro
964 1044 971 1058 ,
995 1021 1074 1052 Isaia

283 1070 316 1099 et
333 1068 440 1105 Paulo,
461 1069 500 1101 de
520 1069 717 1110 Pithyrione,
733 1070 877 1111 Eulogio,
898 1072 1018 1112 Apelle,
1034 1081 1074 1104 ex

284 1127 339 1150 ore
355 1120 471 1160 Apellis
493 1120 532 1151 de
553 1121 675 1152 Joanne
699 1122 847 1162 quodam,
871 1122 1009 1163 denique
1033 1123 1074 1154 de

284 1170 461 1210 Paphnutio
476 1171 665 1208 referuntur,
682 1180 719 1203 ea
735 1172 840 1203 omnia
854 1176 916 1204 tam
930 1176 1074 1206 accurate

283 1220 418 1252 Historia
439 1221 586 1252 Lausiaca
613 1222 826 1259 continentur,
846 1226 882 1253 ut
902 1222 968 1254 fere
988 1223 1075 1256 nulla

284 1270 343 1301 nisi
354 1270 440 1301 latini
452 1274 483 1302 et
497 1271 601 1311 graeci
617 1272 775 1304 idiomatis
789 1272 967 1305 differentia
981 1282 1075 1314 appa-

283 1326 361 1352 reat.
378 1321 503 1361 Reliqui
516 1326 621 1353 autem
638 1325 703 1354 tres
714 1331 807 1354 senes
824 1332 842 1354 e
853 1323 982 1363 regione
995 1323 1076 1355 The-

283 1371 396 1408 baidis,
408 1380 543 1411 quorum
557 1371 638 1403 liber
651 1372 810 1404 secundus
825 1373 1017 1405 mentionem
1029 1373 1075 1404 fa-

283 1420 337 1457 cit,
354 1420 417 1451 duo
435 1422 604 1452 Ammones
619 1421 749 1458 scilicet,
765 1421 805 1452 de
827 1421 942 1461 quibus
962 1422 1074 1461 capiti-

283 1468 344 1500 bus
365 1470 403 1500 IV
419 1473 450 1501 et
464 1471 532 1501 VIII
554 1474 708 1507 narratur,
725 1473 755 1501 et
768 1470 860 1508 Elias,
880 1470 914 1502 in
928 1471 1074 1503 Lausiaca

283 1519 377 1559 plane
390 1520 585 1552 omittuntur.
600 1520 655 1551 Illa
670 1529 744 1552 vero
761 1529 842 1560 quae
858 1520 897 1552 de
914 1520 1009 1551 Nilria
1026 1520 1073 1551 ei—

282 1579 347 1610 que
361 1571 549 1608 continibus,
565 1579 701 1610 quorum
721 1579 738 1601 e
753 1559 886 1602 numero
908 1575 981 1604 sunt
1000 1580 1073 1603 nar-
1087 1559 1109 1590 θ

283 1621 362 1652 ratio
375 1621 415 1652 de
430 1621 608 1659 Ammonio,
622 1622 764 1661 Evagrio,
780 1622 905 1659 Cronio,
921 1621 961 1653 de
977 1623 1077 1655 Maca—

283 1671 349 1708 riis,
365 1671 404 1702 de
418 1674 571 1703 Ammone
591 1673 694 1713 primo
712 1672 828 1704 Nitriae
850 1672 1018 1710 monacho,
1035 1673 1075 1704 de

283 1721 380 1754 Paulo
388 1722 548 1763 Simplice,
563 1723 633 1763 ipsa
646 1732 776 1764 quoque
796 1723 935 1762 regionis
959 1723 1076 1755 descri-

283 1773 363 1813 ptio,
380 1781 476 1813 porro
491 1782 573 1813 quae
589 1773 629 1804 de
643 1773 771 1804 senibus
783 1772 998 1809 Alexandriae,
1011 1781 1075 1812 quo

284 1823 421 1863 pertinet
442 1823 552 1855 relatio
577 1823 617 1854 de
638 1823 759 1854 Isidoro
782 1826 814 1854 et
827 1823 867 1854 de
881 1822 1026 1863 Didymo,
1041 1823 1075 1854 in

284 1874 365 1906 libro
373 1875 513 1906 secundo
523 1878 655 1912 exstant,
664 1883 701 1906 ea
709 1874 793 1915 apud
801 1874 972 1906 Palladium
981 1874 1076 1914 longe

286 1924 376 1956 aliter
389 1928 421 1956 et
433 1925 531 1957 multo
548 1925 675 1957 uberius
690 1925 920 1957 describuntur.
935 1925 1021 1956 Idem
1037 1925 1075 1956 de

285 1976 458 2016 Serapione
481 1976 620 2016 regionis
642 1977 815 2008 Arsenoitis
834 1976 929 2013 valet;
945 1976 984 2007 de
1003 1975 1075 2007 Ori-

285 2035 365 2065 gene
376 2035 450 2058 vero
467 2031 498 2058 et
510 2028 692 2059 Piammone
705 2027 861 2059 Palladius
878 2026 956 2057 nihil
970 2026 1074 2058 tradit.

285 2077 328 2107 De
343 2076 454 2107 abbate
463 2077 505 2107 Or
515 2077 676 2117 quomodo
690 2081 835 2109 auctores
848 2077 930 2108 inter
941 2085 974 2107 se
989 2076 1078 2107 diﬁ'e-

285 2130 366 2164 rant,
382 2126 463 2158 infra
477 2131 664 2167 exponetur.
678 2128 829 2168 Epilogus
845 2127 994 2167 denique,
1011 2135 1076 2166 quo

285 2176 366 2208 liber
381 2178 538 2208 secundus
556 2178 650 2209 tinem
668 2178 790 2209 itineris
806 2177 987 2218 Aegyptiaci
1002 2186 1076 2209 nar-

286 2231 344 2266 rat,
354 2237 418 2259 non
433 2229 537 2259 minus
552 2229 585 2260 in
600 2229 735 2260 Historia
747 2229 895 2260 Lausiaca
909 2227 1074 2268 reperitur.
1092 2245 1114 2273 υ

325 2279 371 2310 En
395 2279 671 2316 necessitudinem,
688 2287 770 2319 quae
790 2279 872 2310 inter
892 2277 1007 2310 librum
1024 2287 1075 2310 se-

285 2330 424 2361 cundum
436 2330 835 2367 etHistoriamLausiacam,
847 2338 941 2369 quam
951 2329 1077 2360 codices

289 2379 548 2411 Vindobonenses
562 2379 722 2415 exhibent,
733 2379 910 2410 intercedit.
921 2378 976 2409 His
991 2378 1075 2409 enim

285 2430 458 2469 genuinum
480 2429 645 2461 Lausiacae
665 2433 785 2460 textum
803 2428 960 2460 contineri
982 2436 1076 2468 supra

285 2549 344 2570 ram
358 2542 482 2570 redditus
495 2547 549 2573 est,
563 2543 647 2578 quod,
660 2543 684 2570 si
700 2542 850 2570 Historiam
862 2541 1024 2569 Lausiacam
1040 2541 1074 2569 de

285 2589 381 2616 eodem
403 2596 469 2616 sene
494 2589 657 2622 contuleris,
685 2588 766 2617 facile
789 2589 936 2625 intelliges.
959 2589 1075 2616 Ceterae

287 2639 378 2662 autem
396 2635 581 2668 diﬂicultates,
600 2643 671 2671 quae
685 2635 862 2663 Tillemontio
878 2635 952 2663 aliud
964 2638 1074 2670 tempus

286 2680 394 2707 itineris
416 2680 576 2716 Aegyptiaci
604 2681 726 2710 indicare
751 2681 826 2710 visae
849 2685 923 2715 sunt,
945 2681 1074 2709 facillime

286 2725 470 2760 explicantur.

322 2770 361 2807 (l)
387 2771 456 2800 Hist.
475 2771 558 2800 Laus.
586 2773 713 2809 prolog.,
736 2773 806 2810 Opp.
832 2773 933 2802 Meurs.
963 2773 983 2802 l.
1002 2773 1020 2800 l.
1044 2780 1072 2808 p.

287 2816 355 2850 540,
369 2817 426 2845 VV.
442 2818 484 2845 PP
508 2819 601 2847 ltosw.
617 2829 643 2856 p.
662 2820 724 2848 706.

324 2863 362 2898 (2)
383 2863 452 2892 Hist.
467 2864 547 2892 Laus.
576 2874 635 2902 cap.
656 2867 688 2900 Ι,
703 2865 771 2902 Opp.
790 2866 890 2895 Metire.
903 2866 922 2894 l.
940 2866 958 2893 l.
981 2873 1006 2900 p.
1022 2865 1074 2892 548

288 2916 353 2938 cum
364 2913 429 2939 nota
445 2910 565 2939 Mcursii.

1123 266 1266 304 istorum,
1289 267 1344 307 qui
1359 267 1398 298 de
1412 267 1467 304 24
1481 268 1608 298 senibus
1623 267 1789 299 Thebaidis
1803 269 1908 301 eadem

1124 317 1237 350 eodem
1254 317 1347 357 plane
1361 319 1457 349 modo
1475 322 1611 356 narrant,
1628 321 1697 349 nata
1710 317 1775 350 est?

1164 368 1226 398 Res
1237 375 1312 398 sane
1322 367 1442 408 duplici
1451 371 1571 399 tantum
1582 368 1678 399 modo
1692 367 1841 407 explicari
1851 377 1909 409 po-

1124 420 1195 448 test.
1212 419 1273 448 Aut
1287 417 1372 449 enim
1386 417 1464 449 alter
1480 418 1615 458 scriptor
1626 417 1694 458 ipse
1710 417 1824 449 librum
1837 418 1911 450 alte-

1124 469 1189 500 rius
1199 477 1216 500 e
1226 469 1380 510 capitibus
1394 469 1455 500 illis
1466 469 1505 500 de
1516 469 1645 500 senibus
1653 468 1819 500 Thebaidis
1829 477 1911 501 cam-

1125 517 1243 558 pilavit,
1258 521 1312 549 aut
1333 518 1443 549 tertius
1457 517 1584 558 quidam
1600 517 1706 557 spuria
1724 517 1776 548 illa
1797 518 1908 549 intulit.

1125 568 1284 599 Posterius
1311 567 1404 598 statui
1427 567 1547 607 nequit.
1572 567 1650 598 Nam
1673 566 1809 598 Historia
1831 567 1909 598 Lau-

1125 618 1208 650 siaca
1223 618 1367 650 codicum
1378 617 1671 648 Vindobonensium
1681 617 1723 648 ita
1734 620 1910 657 comparata

1125 671 1183 704 est,
1197 671 1232 699 ut
1247 667 1286 699 de
1302 671 1349 699 tot
1365 668 1520 707 capitibus
1535 667 1650 707 spuriis
1667 667 1805 706 cogitare
1819 676 1910 707 pror-

1125 727 1179 749 sus
1200 727 1355 759 nequeas;
1371 718 1420 749 sin
1440 717 1542 757 capita
1566 717 1625 749 ista
1643 726 1660 748 e
1682 715 1817 748 Historia
1832 718 1911 748 Lau-

1125 769 1208 800 siaca
1229 772 1378 809 tanquam
1404 768 1509 808 spuria
1534 767 1676 805 tolleres,
1699 770 1820 808 partem
1844 767 1913 799 libri

1125 817 1279 858 integram
1294 818 1500 850 desiderares.
1515 818 1607 849 Liber
1624 826 1698 849 vero
1716 818 1874 849 secundus
1887 817 1912 848 si

1126 863 1227 910 capita
1240 869 1299 901 ista
1309 869 1349 900 de
1359 869 1487 900 senibus
1496 868 1663 899 Thebaidis
1677 871 1826 908 tanquam
1837 877 1912 908 spu-

1126 919 1172 950 ria
1188 919 1346 957 tollantur,
1362 919 1412 950 vix
1431 918 1502 949 libri
1517 926 1633 949 nomen
1649 918 1773 950 retinet.

1164 969 1384 1001 Diﬂicillimum
1405 969 1500 1009 igitur
1516 972 1563 1000 est
1583 969 1622 1000 ad
1640 968 1845 1005 credendum,
1863 967 1914 999 illa

1125 1020 1227 1060 capita
1241 1020 1275 1051 in
1294 1020 1445 1051 alterutro
1460 1019 1552 1056 libro,
1567 1021 1621 1050 aut
1633 1019 1666 1049 in
1680 1022 1826 1059 utroque,
1838 1027 1913 1059 spu-

1125 1071 1171 1102 ria
1183 1079 1263 1102 esse.
1275 1071 1391 1101 Verum
1406 1069 1523 1101 multae
1537 1070 1674 1101 rationes
1687 1069 1870 1107 admonent,
1880 1072 1915 1100 ut

1124 1121 1297 1152 Palladium
1309 1121 1413 1161 ipsum
1423 1129 1440 1152 e
1450 1120 1530 1152 libro
1541 1121 1681 1152 secundo
1692 1129 1728 1152 ea
1738 1124 1914 1152 mutuatum

1125 1179 1194 1202 esse
1207 1173 1238 1202 et
1247 1171 1402 1202 Historiae
1413 1171 1579 1202 Lausiacae
1590 1179 1665 1202 suae
1675 1170 1847 1202 intexuisse
1857 1173 1916 1202 sta-

1125 1223 1261 1252 tuamus.

1165 1270 1305 1302 Primum
1326 1270 1410 1302 enim
1430 1269 1585 1301 Palladius
1599 1271 1767 1303 Historiam
1786 1269 1914 1301 Lausia-

1125 1328 1194 1351 cam
1215 1320 1315 1352 multo
1331 1324 1414 1361 post,
1430 1321 1525 1360 quam
1540 1320 1619 1351 liber
1642 1320 1799 1352 secundus
1816 1320 1917 1351 editus

1126 1373 1184 1407 est,
1199 1370 1346 1409 vulgavit.
1366 1371 1444 1402 Nam
1462 1371 1598 1401 Historia
1617 1372 1763 1403 Lausiaca
1783 1371 1916 1412 prodiit,

1125 1428 1223 1459 quum
1239 1420 1395 1451 Palladius
1410 1431 1425 1448 α
1446 1420 1637 1451 tricesimum
1655 1422 1784 1452 tertium
1797 1429 1919 1452 annum

1125 1473 1231 1509 ageret
1244 1470 1278 1501 in
1292 1470 1530 1502 conversatione
1548 1479 1620 1501 cum
1635 1470 1784 1502 fratribus
1807 1474 1838 1502 et
1859 1471 1919 1501 vita

1126 1519 1274 1558 solitaria,
1284 1520 1466 1552 vicesimum
1481 1523 1586 1551 autem
1597 1521 1810 1562 episcopatus,
1822 1521 1919 1552 totius

1125 1572 1231 1600 autem
1250 1569 1330 1600 vitae
1353 1570 1650 1610 quinquagesimum
1669 1572 1797 1603 tertium
1825 1570 1879 1611 (1).
1901 1583 1917 1600 ιν

1125 1621 1168 1650 Ac
1189 1619 1344 1651 Palladius
1364 1619 1404 1651 ad
1422 1619 1533 1651 fratres
1552 1621 1637 1651 venit
1657 1632 1671 1649 α
1687 1621 1796 1661 viginti
1817 1629 1918 1652 annos

1126 1673 1218 1700 natus
1227 1669 1408 1702 Theodosio
1422 1671 1535 1710 Magno
1548 1672 1661 1702 iterum
1676 1671 1819 1709 consule,
1831 1671 1875 1702 ni.
1887 1679 1915 1702 e.

1125 1730 1209 1753 anno
1225 1720 1336 1752 Christi
1351 1720 1407 1751 388
1425 1721 1477 1762 (2).
1493 1722 1593 1758 Quare
1607 1724 1755 1755 Lausiaca
1771 1726 1845 1755 ante
1859 1731 1917 1753 an-

1126 1781 1202 1803 num
1221 1771 1275 1803 421
1298 1781 1363 1803 non
1380 1772 1463 1804 edita
1478 1776 1534 1804 est.
1550 1773 1581 1804 S.
1603 1775 1816 1814 Hieronymus
1831 1781 1916 1809 vero,

1126 1823 1181 1862 qui
1193 1822 1308 1854 librum
1322 1823 1496 1854 secundum
1510 1824 1607 1862 novit,
1618 1829 1762 1856 mortuus
1775 1828 1822 1856 est
1833 1831 1917 1855 anno

1127 1873 1195 1910 420,
1212 1877 1243 1904 et
1258 1874 1401 1910 Ruﬁnus,
1417 1882 1512 1914 quem
1526 1873 1598 1905 libri
1613 1876 1743 1907 secundi
1756 1876 1916 1914 interpre-

1108 1922 1116 1927 ’
1126 1927 1189 1956 tem
1203 1933 1273 1956 esse
1290 1925 1505 1965 probabimus,
1521 1925 1582 1956 iam
1598 1935 1682 1957 anno
1698 1926 1754 1957 410
1770 1925 1850 1957 obiit
1862 1923 1914 1961 (3).

1126 1973 1215 2005 Unde
1234 1973 1350 2004 librum
1364 1974 1537 2005 secundum
1553 1975 1688 2006 Historia
1701 1975 1850 2006 Lausiaca
1862 1979 1915 2003 ae-

1126 2027 1189 2055 tate
1205 2024 1304 2056 multo
1325 2024 1464 2065 priorem
1481 2034 1549 2057 esse
1565 2026 1718 2066 sequitur.

1166 2075 1255 2111 Quod
1269 2075 1295 2106 si
1309 2078 1443 2113 constat,
1453 2075 1601 2107 facillime
1614 2076 1810 2115 intelligitur,
1822 2071 1919 2105 Palla-

1127 2125 1215 2156 dium
1228 2125 1338 2157 saltem
1351 2125 1423 2157 libri
1438 2126 1568 2157 secundi
1585 2129 1679 2166 caput
1693 2126 1732 2157 de
1747 2127 1869 2158 Joanne
1883 2122 1916 2152 in

1127 2176 1212 2215 Lyco
1227 2176 1425 2216 compilasse.
1445 2178 1557 2208 Totum
1576 2177 1661 2208 enim
1678 2176 1751 2208 libri
1766 2177 1860 2216 caput
1879 2172 1918 2202 de

1127 2226 1248 2257 Joanne
1270 2227 1303 2258 in
1329 2228 1413 2266 Lyco
1440 2228 1532 2258 etiam
1556 2227 1589 2258 in
1611 2227 1747 2259 Historia
1771 2224 1918 2257 Lausiaca

1129 2285 1230 2316 paene
1244 2277 1297 2312 25
1310 2277 1350 2308 ad
1365 2278 1494 2309 verbum
1509 2280 1607 2308 exstat
1622 2277 1676 2318 (4).
1689 2278 1749 2308 Sed
1761 2283 1860 2308 unum
1874 2272 1920 2303 Ιο-

1129 2335 1213 2364 cum,
1228 2335 1292 2367 quo
1308 2327 1389 2358 liber
1409 2327 1566 2358 secundus
1594 2328 1832 2361 commemorat,
1866 2330 1917 2353 se-

1130 2380 1215 2417 ptem
1239 2377 1331 2408 simul
1356 2377 1466 2408 fratres
1489 2377 1529 2408 ad
1551 2378 1704 2409 Joannem
1722 2376 1846 2408 venisse
1858 2371 1916 2413 (5).

1129 2428 1263 2468 scriptor
1285 2428 1379 2459 huius
1393 2428 1503 2469 capitis
1524 2429 1690 2460 Lausiacae
1705 2425 1842 2460 correxit
1859 2433 1866 2454 :
1886 2431 1918 2452 se

1161 2540 1199 2576 (δ)
1218 2540 1366 2568 Tillemont
1380 2540 1526 2569 Mémoires
1549 2540 1582 2568 τ.
1597 2538 1836 2575 xup.505.313.
1852 2533 1918 2569 Epi-

1126 2587 1224 2613 stolam
1239 2586 1272 2613 ad
1287 2586 1492 2621 Ctesiphontem
1519 2586 1548 2614 S.
1568 2585 1751 2622 Hieronymus
1774 2589 1847 2611 anno
1864 2578 1917 2606 415

1127 2633 1272 2667 Scripsisse
1286 2633 1405 2660 videtur.
1423 2633 1451 2660 S.
1469 2633 1581 2661 Hieron.
1600 2632 1668 2667 Opp.
1689 2633 1732 2660 ed.
1748 2631 1839 2665 Migne
1852 2626 1883 2653 Τ.
1905 2623 1917 2650 Ι

1128 2679 1242 2715 [PatroL
1257 2678 1289 2707 T.
1305 2678 1389 2715 XXII]
1403 2679 1494 2707 Praef.
1512 2687 1539 2714 p.
1553 2678 1697 2706 LXXXIX.

1161 2725 1201 2758 (ι)
1222 2724 1278 2752 vv.
1300 2724 1353 2752 PP.
1374 2714 1467 2753 am.
1484 2725 1533 2752 lib.
1556 2725 1576 2751 ιι
1599 2733 1661 2760 cap.
1681 2725 1693 2752 ι
1712 2733 1739 2760 ρ.
1755 2720 1832 2750 ua-
1846 2714 1914 2745 457;

1124 2770 1195 2798 Hist.
1209 2770 1290 2799 Laus.
1305 2779 1366 2807 cap.
1383 2772 1428 2800 M.
1441 2771 1486 2799 ts.
1503 2771 1548 2799 46.
1561 2770 1686 2807 47.0pp.
1703 2771 1805 2799 Meurs.
1821 2765 1840 2793 1.
1854 2762 1873 2790 I-
1885 2766 1911 2793 ν·

1126 2815 1259 2843 464-485.

1162 2862 1201 2898 (5)
1223 2861 1279 2890 VV.
1296 2862 1348 2892 PP.
1363 2862 1455 2891 Rosw.
1472 2862 1490 2891 Ι.
1510 2862 1529 2889 l.
1545 2869 1572 2898 p.
1588 2862 1650 2895 HI,
1674 2861 1693 2888 Ι.
