2038 3156
132 156 168 185 εδ
885 156 926 183 Yl'

977 157 996 184 ε.
1723 157 1762 186 2⁵

128 215 277 256 primum,
293 223 349 245 sea:
358 218 470 254 postea
486 215 638 245 Joannem
653 215 780 252 adiisse,
804 225 840 246 ac
859 215 922 246 sibi
935 218 958 246 Α
972 216 1103 247 deamus
1117 224 1202 247 nunc
1220 222 1259 247 ad
1280 216 1491 255 gravissimam
1510 223 1589 252 rem,
1604 225 1762 256 quaeren.

130 265 168 296 de
182 268 266 296 sorte
281 274 340 295 sua
353 265 465 304 futura
480 275 500 295 α
512 266 633 296 Joanne
650 266 742 296 varia
757 266 923 305 praedicta

131 324 192 346 me
215 313 270 355 (1).
296 315 381 352 Quae
398 314 557 355 praedicta
581 315 621 346 de
644 315 783 346 Palladio
806 315 921 347 valent.

130 365 220 397 Unde
234 369 380 406 apertum
395 368 453 403 est,
469 366 642 397 Palladium
655 366 761 406 ipsum
773 366 851 398 illud
867 375 922 398 ca-

130 420 186 457 put
207 416 279 448 libri
294 416 426 448 secundi
444 419 619 448 mutuatum
634 425 716 455 esse,
733 425 751 448 e
771 417 836 448 suis
847 426 922 449 vero

129 468 192 504 illa,
220 476 302 508 quae
325 467 534 499 visitationem
552 468 681 499 Joannis
699 468 872 499 accuratius
887 477 924 500 ac

129 518 260 549 uberius
273 517 444 558 explicent,
464 518 634 550 addidisse.
650 519 727 549 Nam
746 518 839 549 etiam
853 517 924 549 libri

130 569 263 600 secundi
283 571 379 609 caput
402 569 442 600 de
461 570 583 601 Joanne
602 569 635 600 in
653 570 737 609 Lyco
751 568 924 608 genuinum

131 628 199 650 esse
217 620 248 650 S.
266 619 478 658 Hieronymus
491 622 622 650 testatur
636 618 690 659 (2).

169 670 223 700 Sin
244 672 348 700 autem
370 669 527 701 Palladius
547 678 647 701 unum
666 672 761 710 caput
780 669 852 700 libri
872 678 924 700 se-

131 718 227 749 cundi
248 718 323 749 satis
346 718 476 757 longum
499 719 533 750 in
554 719 723 750 Historiam
745 719 924 749 Lausiacam

130 778 220 800 suam
234 769 401 807 transtulit,
413 770 490 810 quid
501 770 613 808 obstat,
628 770 706 810 quin
717 773 748 801 et
757 773 860 802 cetera
870 779 924 802 ca-

131 820 208 860 pita,
224 828 306 859 quae
328 820 456 860 utrique
473 820 554 851 libro
577 820 758 852 communia
780 823 865 858 sunt,
885 820 925 852 ab

972 269 1031 304 tes,
1048 275 1124 297 num
1146 266 1197 298 hic
1218 267 1322 298 socius
1342 267 1471 298 Palladii
1495 270 1526 297 et
1546 266 1619 298 libri
1633 267 1765 299 secundi

973 317 1108 357 scriptor
1120 317 1253 348 Ruﬁnus
1266 317 1370 354 fuerit,
1387 326 1446 349 nec
1461 326 1513 348 ne.
1529 317 1618 354 Quod
1635 318 1763 359 quidem

973 367 1070 398 fuisse
1081 367 1201 408 nequit.
1216 368 1294 399 Nam
1308 377 1402 407 supra
1419 368 1459 408 (3)
1478 368 1683 405 ostendimus,
1696 369 1764 399 Ru-

975 418 1073 449 ﬁnum
1092 421 1164 458 post
1179 426 1297 449 annum
1314 417 1371 448 385
1394 417 1427 448 in
1450 419 1590 458 Aegypto
1612 427 1677 449 non
1695 427 1764 449 am-

975 467 1057 507 plius
1072 466 1219 498 adfuisse.
1237 467 1347 506 Neque
1368 466 1402 496 in
1424 467 1529 497 Ruﬁni
1543 467 1641 505 libris,
1659 475 1765 508 neque

974 517 1007 548 in
1024 517 1076 548 illa
1091 517 1300 554 dissensione,
1319 525 1400 557 quae
1414 517 1530 548 Ruﬁno
1547 526 1619 548 cum
1641 518 1671 548 S.
1688 518 1764 549 Hie-

975 576 1109 607 ronymo
1122 567 1193 605 fuit,
1213 568 1252 599 de
1270 568 1395 605 itinere,
1416 567 1501 608 quod
1523 571 1658 599 exeunte
1681 577 1765 600 anno

975 615 1033 647 394
1043 620 1097 648 aut
1111 617 1241 648 omnino
1256 620 1328 657 post
1342 625 1459 648 annum
1474 617 1530 647 385
1542 617 1575 647 in
1590 620 1765 658 Aegyptum

974 668 1159 708 susceperit,
1176 668 1349 708 quidquam
1363 668 1529 699 invenitur.
1542 659 1699 699 Palladius
1714 668 1768 700 de-

975 719 1084 759 nique,
1098 719 1125 750 si
1137 719 1271 750 Ruﬁnus
1284 719 1406 750 itineris
1421 719 1525 750 socius
1539 719 1660 756 fuisset,
1672 719 1712 750 de
1727 728 1767 751 eo

975 769 1007 800 in
1021 770 1157 801 Historia
1173 770 1321 802 Lausiaca
1333 769 1423 801 aliter
1437 778 1512 801 sane
1528 770 1713 810 scripsisset,
1728 779 1768 802 ac

975 821 1100 861 scripsit
1118 821 1172 861 (4).

131 870 247 901 eodem
260 870 417 902 Historiae
438 871 604 902 Lausiacae
618 871 736 902 intexta
754 879 822 902 esse
836 871 924 902 dica-
940 891 961 919 Β
1013 870 1094 902 Hine
1108 871 1204 910 igitur
1224 871 1298 902 satis
1320 871 1523 912 perspicuum
1544 871 1676 907 videtur,
1699 871 1768 902 Ru-

130 930 214 959 mus,
232 921 417 962 praecipue,
434 930 533 961 quum
550 921 717 959 Palladius,
733 925 768 953 ut
782 922 891 953 saltem
907 930 925 953 e

131 972 234 1012 capite
248 971 288 1003 de
300 973 422 1003 Joanne
437 971 519 1002 haud
534 971 629 1002 dubie
645 975 779 1009 constat,
795 972 926 1012 scripto-

131 1023 174 1054 ris
194 1022 267 1053 libri
282 1022 414 1054 secundi
431 1022 464 1053 in
477 1022 590 1053 itinere
609 1023 714 1054 socius
723 1022 828 1060 fuerit,
847 1031 926 1063 quo-

130 1083 203 1105 cum
219 1082 283 1105 una
295 1073 524 1113 Hierosolymis
536 1076 675 1104 venerat.

169 1123 252 1162 Ergo
268 1123 432 1163 probabile
446 1125 504 1160 est,
515 1121 700 1160 Palladium,
713 1131 809 1162 quum
822 1122 926 1153 Histo-

131 1174 209 1205 riam
227 1174 408 1204 Lausiacam
424 1173 585 1210 scriberet,
602 1172 704 1213 capita
717 1172 769 1203 illa
784 1173 822 1203 de
838 1172 924 1203 seni-

130 1224 190 1255 bus
204 1223 375 1255 Thebaidis
392 1232 410 1254 e
427 1223 509 1254 libro
524 1223 665 1254 secundo
685 1223 719 1254 in
738 1231 809 1254 eam
822 1226 926 1253 trans-

131 1275 253 1306 tulisse.
278 1275 344 1305 Iam
373 1282 449 1305 vero
476 1274 568 1305 istam
594 1273 875 1310 necessitudinem,
900 1273 927 1304 si

131 1325 244 1356 tertius
261 1324 392 1364 quidam
410 1323 546 1364 capitum
562 1323 749 1364 compilator
762 1326 925 1361 statuatur,

130 1374 214 1404 iuste
250 1373 402 1413 explicari
433 1382 499 1404 non
527 1381 638 1414 posse,
661 1382 756 1414 supra
781 1373 926 1405 vidimus.

130 1425 233 1461 Quare
253 1424 358 1456 solum
376 1428 483 1463 restat,
498 1427 533 1456 ut
547 1428 729 1463 statuamus,
748 1425 807 1456 ista
825 1425 926 1466 capita

130 1474 172 1504 ab
194 1474 266 1514 ipso
290 1473 428 1505 Palladio
453 1474 620 1505 Lausiacae
643 1474 761 1505 intexta
784 1482 865 1505 esse.
891 1473 927 1505 Id

976 920 1074 952 ﬁnum
1097 921 1186 952 illum
1211 921 1340 953 Palladii
1355 921 1476 952 socium
1495 925 1526 952 et
1543 921 1615 952 libri
1636 919 1768 952 secundi

975 971 1162 1011 scriptorem
1174 979 1240 1002 non
1256 979 1335 1002 esse.
1353 970 1443 1007 Quod
1456 970 1517 1002 alio
1532 970 1710 1001 ﬁrmissimo
1721 979 1769 1001 ar-

975 1023 1125 1060 gumento
1140 1021 1303 1061 probatur.
1314 1020 1460 1059 Legimus
1471 1019 1505 1050 in
1514 1018 1595 1050 libro
1606 1019 1745 1050 secundo
1758 1027 1765 1049 :

976 1082 990 1098 «
1005 1071 1178 1102 Narrabant
1189 1074 1293 1101 autem
1308 1070 1400 1101 nobis
1413 1070 1541 1110 quidam
1556 1078 1594 1100 ex
1614 1069 1766 1109 patribus,

975 1121 1031 1161 qui
1049 1121 1092 1152 ibi
1113 1121 1158 1160 [in
1176 1121 1289 1160 Celliis]
1313 1124 1417 1158 erant,
1440 1122 1526 1161 quod
1549 1121 1582 1152 in
1599 1120 1678 1152 locis
1700 1121 1770 1152 istis

975 1171 1040 1203 duo
1063 1172 1188 1204 Macarii
1203 1172 1293 1212 quasi
1311 1172 1375 1204 duo
1394 1172 1473 1203 caeli
1492 1172 1612 1203 lumina
1631 1171 1771 1203 refulsis—

977 1225 1048 1253 sent
1065 1221 1120 1263 (5).
1137 1234 1152 1251 »
1167 1224 1250 1262 Ergo
1269 1223 1404 1263 scriptor
1422 1222 1494 1254 libri
1512 1223 1674 1260 Macarios,
1695 1223 1768 1263 qui-

976 1272 1109 1303 buscum
1123 1281 1157 1303 se
1170 1273 1203 1304 in
1217 1273 1314 1304 Nitria
1325 1276 1481 1304 versatum
1494 1281 1564 1304 esse
1578 1273 1711 1304 Ruﬁnus
1720 1282 1772 1304 su-

976 1331 1033 1363 pra
1043 1323 1111 1363 ipse
1122 1332 1180 1354 nos
1192 1323 1309 1360 docuit,
1322 1324 1390 1364 ipse
1401 1331 1465 1354 non
1478 1324 1633 1362 cognovit.
1646 1324 1713 1360 Quo
1725 1323 1768 1361 ﬁt,

976 1376 1011 1404 ut
1021 1373 1152 1404 Ruﬁnus
1164 1373 1236 1404 libri
1251 1373 1383 1405 secundi
1394 1374 1528 1414 scriptor
1538 1382 1607 1404 esse
1622 1382 1686 1405 non
1698 1383 1772 1414 pos-

977 1423 1025 1454 sit.
1041 1424 1152 1464 Neque
1166 1424 1331 1463 Evagrium
1345 1424 1413 1455 eius
1425 1424 1496 1455 libri
1507 1424 1692 1464 scriptorem
1708 1425 1773 1456 exi-

977 1475 1104 1506 stimare
1118 1475 1204 1513 licet,
1216 1475 1302 1515 quod
1319 1475 1475 1515 quispiam
1490 1475 1623 1507 fortasse
1637 1484 1654 1507 e
1668 1476 1776 1507 verbis

129 1532 209 1555 vero
234 1524 351 1556 rectius
375 1524 526 1564 explicari
550 1524 672 1564 nequit,
698 1533 793 1564 quam
817 1533 868 1561 eo,
892 1527 928 1556 ut
947 1563 959 1566 Α
978 1525 1205 1565 S.Hieronymi
1216 1534 1310 1566 supra
1321 1525 1421 1557 allatis
1431 1526 1681 1558 conﬁcerevelit.
1694 1528 1770 1558 Nam

130 1574 307 1606 Palladium
336 1583 402 1606 non
417 1563 527 1606 solum
554 1563 719 1606 Joannem,
731 1575 764 1605 in
787 1576 873 1614 Lyco
896 1578 929 1606 et
941 1563 962 1593 θ
978 1576 1126 1616 Evagrius
1138 1563 1297 1607 itidem-se
1308 1584 1381 1607 cum
1394 1576 1536 1608 Macariis
1554 1581 1772 1609 conversatum

131 1625 348 1666 Apollonium,
365 1625 404 1656 de
418 1625 533 1665 quibus
546 1625 608 1656 iam
623 1629 709 1656 certo
722 1628 856 1663 constat,
871 1625 928 1656 sed

129 1681 258 1708 ceteros
275 1684 404 1716 quoque
427 1684 539 1707 omnes
561 1675 729 1707 Thebaidis
750 1683 843 1707 senes
865 1684 928 1707 una

129 1736 206 1759 cum
220 1727 376 1767 scriptore
391 1726 462 1757 libri
478 1726 609 1758 secundi
626 1726 780 1764 invisisse,
799 1726 927 1758 eadem-

131 1787 196 1819 que
207 1778 267 1809 ista
279 1787 340 1809 una
351 1787 423 1810 cum
435 1786 473 1810 eo
489 1780 655 1818 expertum
669 1786 737 1808 esse
748 1777 927 1818 opinemur.

130 1831 335 1870 Quapropter
357 1833 479 1869 postea,
495 1837 577 1869 quae
600 1828 705 1860 socius
724 1828 807 1859 bene
826 1837 928 1868 expo-

130 1883 252 1917 suerat,
266 1880 301 1911 in
311 1880 426 1911 librum
436 1888 528 1911 suum
538 1879 673 1919 recepit;
687 1887 768 1919 quae
777 1888 852 1910 vero
862 1879 930 1911 lon-

131 1931 224 1970 giore
235 1929 430 1961 habitatione
444 1929 512 1970 ipse
526 1928 640 1960 melius
650 1937 744 1968 quam
759 1927 864 1959 socius
878 1937 930 1960 co—

131 1984 299 2021 gnoverat,
316 1980 436 2012 scilicet
447 1988 528 2020 quae
543 1980 582 2011 ad
599 1988 691 2010 senes
704 1979 786 2011 circa
800 1979 932 2011 Alexan-

131 2032 235 2063 driam
247 2034 279 2062 et
294 2031 328 2062 in
343 2031 440 2062 Nitria
454 2030 548 2070 eique
561 2030 739 2061 conﬁnibus
754 2029 932 2062 habitantes

130 2084 297 2121 spectant,
321 2088 380 2112 suo
402 2081 498 2111 Marte
520 2080 698 2120 descripsit.
722 2080 777 2116 26
791 2080 880 2116 Quod
904 2081 930 2112 si

130 2131 372 2169 contendimus,
387 2130 590 2162 necessitudo
609 2131 669 2162 ista
686 2133 717 2162 te
731 2130 865 2170 amplius
880 2130 931 2163 of-

129 2183 268 2214 fendere
279 2182 402 2222 nequit.

979 1635 1048 1659 esse
1066 1627 1136 1667 ipse
1153 1629 1286 1658 testatur
1299 1626 1353 1668 (6).

1018 1680 1166 1719 Apparet,
1189 1677 1234 1709 uti
1257 1678 1470 1718 probavimus,
1486 1678 1634 1709 Ruﬁnum
1656 1672 1772 1710 librum

979 1729 1153 1761 secundum
1178 1737 1243 1760 non
1260 1729 1488 1768 composuisse.
1514 1728 1575 1759 Sed
1600 1737 1688 1766 eum,
1713 1728 1774 1760 nisi

979 1781 1010 1811 S.
1026 1779 1238 1820 Hieronymus
1253 1782 1284 1810 et
1298 1779 1425 1811 codices
1438 1779 1559 1820 antiqui
1576 1780 1706 1811 omnino
1721 1789 1772 1811 er-

979 1831 1126 1867 raverint,
1138 1829 1247 1862 saltem
1259 1829 1464 1870 interpretem
1476 1829 1545 1860 libri
1560 1838 1629 1860 esse
1643 1838 1773 1861 necesse

981 1884 1038 1912 est.
1054 1881 1108 1916 27
1118 1883 1218 1921 Atque
1231 1879 1345 1911 librum
1356 1880 1461 1918 istum,
1478 1880 1531 1920 qui
1542 1880 1574 1910 in
1585 1879 1773 1912 collectione

980 1931 1135 1963 Rosweidi
1169 1930 1318 1961 idiomate
1349 1929 1447 1960 latino
1482 1932 1598 1967 exstat,
1629 1929 1774 1969 primitus

981 1990 1092 2022 graece
1114 1981 1264 2021 scriptum
1283 1980 1393 2017 fuisse,
1412 1979 1439 2010 si
1454 1983 1558 2010 textus
1571 1980 1674 2019 graeci
1688 1979 1773 2020 frag-

981 2035 1086 2063 menta
1106 2039 1123 2062 a
1143 2030 1298 2062 Cotelerio
1313 2029 1437 2069 vulgata
1460 2030 1502 2069 (7)
1519 2033 1572 2060 aut
1587 2029 1773 2069 fragmenta,

981 2091 1063 2122 quae
1073 2082 1106 2113 in
1115 2081 1251 2112 Historia
1262 2081 1409 2112 Lausiaca
1418 2080 1612 2111 Meursianae
1627 2081 1776 2112 editionis

981 2135 1101 2164 servata
1116 2135 1189 2163 sunt
1205 2131 1260 2173 (8),
1275 2131 1460 2169 contuleris,
1476 2131 1567 2163 facile
1577 2131 1633 2163 tibi
1646 2141 1776 2172 persua-

982 2182 1082 2214 debis.
1094 2183 1204 2223 Itaque
1218 2182 1280 2214 iam
1295 2182 1336 2213 de
1348 2183 1533 2223 interprete,
1550 2191 1626 2213 num
1641 2183 1775 2214 Ruﬁnus

171 2235 285 2274 Itaque
309 2231 554 2268 necessitudine,
578 2239 660 2271 quae
683 2230 765 2262 libro
789 2231 929 2262 secundo
945 2235 970 2263 D
981 2233 1021 2264 sit
1034 2241 1094 2264 nec
1112 2241 1165 2270 ne,
1182 2235 1327 2264 accurate
1343 2232 1515 2263 videamus.

130 2283 375 2315 Rosweidianae
387 2281 583 2314 collectionis
596 2281 763 2312 intercedit
777 2290 850 2312 cum
877 2281 931 2312 Hi-

131 2335 232 2366 storia
248 2333 399 2365 Lausiaca
420 2332 561 2370 Palladii,
575 2332 656 2363 iuste
671 2331 836 2372 explicata,
852 2340 931 2363 con-

131 2385 250 2422 clusio,
275 2384 447 2424 scriptores
470 2383 583 2414 horum
612 2383 764 2414 librorum
797 2385 932 2414 exeunte

130 2445 222 2468 anno
245 2435 304 2467 394
326 2435 431 2467 socios
447 2435 567 2466 itineris
584 2435 619 2466 in
641 2434 800 2465 Thebaide
821 2433 930 2470 fuisse,

131 2496 200 2518 non
210 2486 371 2523 evertitur,
381 2485 437 2517 sed
446 2493 636 2526 magnopere
645 2484 859 2516 conﬁrmatur.
871 2484 931 2514 Re-

168 2591 214 2626 (1)
233 2589 302 2618 Hist.
328 2588 412 2616 Laus.
433 2588 451 2615 l.
475 2587 494 2615 l.
515 2587 586 2623 Opp.
606 2587 707 2616 Meurs.
737 2587 756 2615 I.
777 2587 796 2614 1.
813 2595 840 2623 p.
862 2586 929 2614 468-

130 2638 200 2665 L72.

167 2683 215 2719 (2)
235 2681 286 2717 Ep.
308 2681 360 2709 155
376 2680 411 2708 ad
425 2679 553 2715 Ctesipli.

167 2730 214 2766 (3)
232 2729 315 2757 Initio
330 2728 413 2755 huius
430 2727 455 2763 ﬁ.

166 2777 212 2813 (ι)
233 2775 306 2803 Hist.
321 2774 405 2802 Laus.
420 2781 482 2808 cap.
497 2773 559 2801 118.
577 2772 638 2800 119.

167 2823 214 2858 (5)
233 2821 291 2849 VV.
306 2820 358 2848 l‘P.
377 2819 471 2848 Rosw.
488 2820 535 2847 lib.
551 2817 573 2846 Il
588 2826 649 2854 cap.
667 2818 703 2846 38
716 2827 742 2855 p.
758 2819 823 2852 479,
836 2821 864 2848 2.

167 2869 211 2903 (6)
229 2868 328 2903 Capita
345 2867 466 2902 practica
492 2865 526 2892 ad
552 2865 710 2893 Anatolium
730 2865 776 2894 95.
796 2866 840 2896 95.
867 2867 931 2895 Gal-

134 2914 214 2943 ma.
232 2914 303 2941 Bibl.
321 2912 374 2941 rp.
389 2912 422 2940 τ.
437 2911 482 2938 vn
501 2920 527 2947 p.
545 2911 608 2939 565.

1020 2284 1063 2313 Ac
1082 2282 1220 2323 primum
1240 2282 1381 2323 quidem,
1397 2282 1471 2322 quia
1490 2282 1524 2312 in
1537 2281 1618 2312 libro
1633 2281 1774 2312 secundo

981 2333 1133 2364 Macarius
1155 2331 1394 2370 Alexandrinus,
1411 2332 1467 2372 qui
1489 2331 1626 2363 Palladio
1649 2330 1776 2362 oculato

981 2387 1061 2415 teste
1074 2383 1107 2414 in
1128 2383 1231 2414 Celliis
1240 2383 1316 2414 vixit
1328 2382 1382 2424 (9),
1404 2383 1436 2414 in
1451 2384 1540 2414 Scete
1554 2382 1709 2413 habitasse
1724 2381 1774 2412 di-

981 2434 1062 2465 citur
1071 2433 1144 2473 (10),
1155 2442 1250 2465 nemo
1259 2434 1439 2471 inducatur,
1447 2437 1482 2464 ut
1491 2435 1612 2470 statuat,
1624 2432 1775 2463 Ruﬁnum

982 2483 1187 2523 interpretem
1210 2492 1274 2514 non
1295 2492 1376 2521 esse,
1389 2483 1508 2523 quippe
1523 2481 1587 2521 qui,
1605 2481 1630 2512 si
1650 2480 1776 2519 fuisset,

1018 2586 1057 2622 (Ἰ)
1076 2585 1193 2615 Coteler.
1213 2586 1287 2615 Eccl.
1313 2586 1411 2614 Graec.
1438 2585 1513 2613 Mon.
1533 2585 1565 2612 Τ.
1596 2585 1631 2612 111
1653 2593 1679 2621 p.
1710 2586 1777 2614 t7}-

983 2633 1045 2661 184.
1060 2632 1130 2668 Opp.
1145 2633 1247 2661 Meurs.
1263 2633 1280 2660 l.
1300 2633 1318 2660 l.
1336 2640 1363 2668 p.
1380 2632 1433 2660 659
1446 2640 1506 2668 sqq.

1018 2679 1058 2715 (8)
1077 2679 1161 2706 Multa
1178 2679 1251 2707 enim
1270 2679 1333 2706 libri
1349 2678 1430 2706 istius
1447 2679 1536 2713 capita
1550 2685 1648 2713 graece
1679 2677 1706 2706 in
1725 2678 1778 2706 lli-

983 2726 1071 2754 storia
1085 2725 1220 2753 Lausiaca
1238 2725 1301 2759 legi,
1321 2732 1405 2759 supra
1419 2724 1458 2760 (p.
1472 2724 1521 2760 25)
1535 2724 1718 2752 ostendimus.

1019 2771 1058 2808 (9)
1078 2770 1150 2799 Hist.
1165 2771 1247 2798 Laus.
1267 2771 1313 2798 ed.
1330 2770 1432 2799 Meurs.
1449 2778 1513 2806 cap.
1532 2770 1564 2797 2|
1590 2769 1659 2806 Opp.
1673 2770 1776 2798 Meum

982 2818 1003 2846 l.
1014 2817 1035 2846 I.
1052 2826 1079 2854 ι).
1093 2817 1155 2846 396.
1168 2816 1210 2845 Ct.
1223 2817 1295 2844 intra
1309 2817 1397 2852 Caput
1411 2816 1454 2844 111.

1020 2866 1075 2902 (10)
1090 2864 1145 2892 νγ.
1160 2863 1314 2893 PP.Rosw.
1330 2863 1377 2892 lib.
1397 2862 1420 2890 II
1429 2870 1489 2900 cap.
1509 2863 1539 2891 2t
1556 2871 1584 2899 p.
1602 2863 1665 2896 481,
1679 2862 1707 2892 ι.
