2038 3156
274 174 310 202 2⁸1
683 173 732 201 SS.
755 172 984 200 MACARIORUM
1005 170 1166 200 AEGYPTII
1186 171 1230 198 ET
1244 169 1481 198 ALEXANDRINI
1861 168 1895 196 28

276 229 371 263 talem
386 238 537 266 errorem,
551 229 625 269 quia
639 237 710 260 cum
726 228 866 259 Macariis
882 229 950 268 ipse
966 236 1067 258 versa-
1081 229 1104 257 Δ
1155 227 1244 264 Quod
1252 227 1291 258 de
1305 227 1375 258 libri
1385 227 1474 258 istius
1482 226 1653 266 interprete
1664 225 1897 266 disputavimus,

275 281 328 309 tus
348 282 405 315 est,
430 277 626 309 correxisset.
649 277 724 307 Nam
744 285 834 307 error
855 275 901 306 illi
923 275 1066 307 relationi

277 335 343 358 non
353 327 445 363 inest,
452 335 549 366 quum
559 326 708 357 Macarius
720 325 945 357 Alexandrinus
955 326 1066 356 eodem

278 377 415 408 Palladio
430 380 509 408 teste
526 385 590 408 non
603 377 636 407 in
649 376 751 407 Celliis
768 376 883 414 solum,
899 376 955 407 sed
968 376 1065 406 inter-

279 427 354 458 dum
380 427 410 457 in
436 427 526 457 Scete
549 435 678 466 quoque
701 425 857 462 habitarit,
878 425 933 456 ubi
957 425 1067 456 cellam

279 476 389 507 habuit
407 475 459 515 (1).
481 476 600 506 Deinde
615 476 758 512 Ruﬁnus,
775 475 848 506 licet
861 475 894 506 in
910 475 1066 514 interpre-

279 525 381 556 tandis
402 525 490 556 libris
508 534 628 556 summa
651 534 723 556 cum
749 524 892 556 libertate
915 527 1066 560 versetur,

279 576 329 606 vix
343 585 482 616 unquam
490 580 592 607 tamen
604 579 702 606 artem
712 576 850 607 criticam
862 575 905 606 sic
916 574 1066 611 exercuit,

279 630 314 657 ut
337 615 520 666 scriptorem
543 626 726 657 emendarit.
747 627 858 662 Quare,
889 625 915 655 si
935 624 1068 664 scriptor

280 680 424 713 errasset,
443 675 475 707 id
497 685 515 706 a
533 676 647 707 Ruﬁno
668 680 844 707 correctum
866 683 934 706 esse
953 675 1003 705 vix
1015 683 1068 705 ex-

279 727 414 766 spectari
426 726 687 766 posset.Denique
698 735 773 756 num
782 725 912 757 omnino
922 726 1065 762 Ruﬁnus,

280 777 335 816 qui
348 777 380 807 in
391 785 512 807 summa
526 776 578 806 illa
590 785 693 806 rerum
708 776 954 816 perturbatione,
970 784 1068 815 quum

278 828 392 859 Lucius
411 827 583 858 monachos
607 826 704 857 eremi
724 826 903 864 exagitaret,
918 826 1068 857 Macarios

279 878 313 909 in
328 878 424 909 Nitria
437 877 583 909 convenit
594 877 647 918 (2),
667 876 705 907 de
720 876 910 907 habitatione
925 876 1066 915 singulo-

280 939 349 960 rum
373 933 435 960 tam
459 931 603 960 accurate
626 928 755 959 edoctus
772 928 876 964 fuerit,
898 927 1067 958 admodum

280 983 384 1020 potest
398 979 543 1010 dubitari.
559 979 652 1009 Istinc
670 978 765 1017 igitur
776 977 852 1008 nihil
865 977 976 1014 obstat,
991 987 1069 1018 quo—

280 1030 384 1060 minus
393 1030 542 1060 Ruﬁnum
555 1028 627 1059 libri
642 1028 774 1059 secundi
783 1028 988 1068 interpretem
999 1037 1068 1059 esse

280 1081 432 1112 dicamus.

319 1132 383 1161 Iam
397 1139 503 1170 porro,
517 1129 601 1170 quod
617 1129 765 1160 Ruﬁnum
780 1129 985 1168 interpretem
1000 1136 1068 1158 esse

280 1181 466 1221 comprobet
481 1184 604 1221 praeter
618 1181 649 1210 S.
664 1179 848 1218 Hieronymi
861 1179 954 1210 verba
968 1181 998 1209 et
1012 1187 1068 1209 co-

280 1230 384 1261 dicum
394 1229 717 1267 testimonia,audi.ln
729 1229 808 1259 libro
819 1228 903 1259 enim
914 1227 1068 1265 secundo,

279 1276 313 1308 in
330 1278 392 1308 ﬁne
407 1278 619 1308 narrationum
634 1277 673 1308 de
696 1277 835 1308 Macariis
852 1276 957 1308 locum
977 1276 1068 1316 legis,

280 1328 335 1368 qui
350 1337 367 1359 a
383 1329 509 1360 nemine
524 1328 583 1360 nisi
602 1337 620 1360 a
641 1328 756 1359 Ruﬁno
771 1328 906 1368 scriptus
920 1336 989 1358 esse
1008 1337 1068 1368 po-

279 1381 349 1409 test.
366 1380 466 1409 Locus
478 1379 528 1410 hic
540 1380 594 1414 28
605 1382 651 1409 est
666 1388 672 1408 :
692 1390 705 1406 «
723 1378 784 1408 Sed
803 1381 834 1409 et
854 1377 963 1414 multa,
974 1381 1009 1408 ut
1019 1378 1068 1408 di-

280 1429 464 1466 ximus,‘alia
477 1429 516 1460 de
532 1429 682 1468 operibus
697 1429 794 1459 sancti
805 1429 929 1459 Macarii
939 1428 1070 1458 Alexan-

280 1479 362 1509 drini
379 1478 530 1509 mirabilia
553 1478 706 1516 feruntur,
723 1487 762 1509 ex
787 1478 902 1518 quibus
917 1477 1069 1508 nonnulla

279 1529 313 1560 in
333 1530 374 1559 XI
396 1530 477 1560 libro
501 1529 737 1560 Ecclesiasticae
764 1529 919 1560 Historiae
940 1529 1067 1567 inserta,

280 1581 336 1620 qui
350 1580 491 1620 requirit,
507 1580 645 1610 inveniet
660 1580 714 1621 (3).
727 1591 742 1608 υ
763 1581 810 1610 En
829 1583 969 1620 apertam
991 1579 1068 1610 alle-

280 1631 437 1670 gationem
450 1631 696 1662 Continuationis
718 1630 870 1661 Historiae
881 1630 1072 1661 Eeclesiasti-

280 1688 336 1711 cae
357 1680 494 1717 Eusebii,
507 1689 601 1720 quam
620 1680 786 1720 scripserat
800 1679 944 1710 Ruﬁnus.
961 1679 1071 1719 Neque

279 1739 354 1761 vero
373 1730 442 1761 talis
453 1730 650 1770 parenthesis
663 1739 680 1761 a
693 1730 808 1761 Ruﬁno
820 1730 991 1769 interprete
1004 1733 1072 1760 tex-

279 1780 325 1811 tui
335 1779 455 1811 adiecta
464 1779 613 1816 offendat,
621 1788 718 1819 quum
727 1778 862 1809 Ruﬁnus
871 1778 903 1809 in
911 1778 1070 1818 interpre-

279 1831 382 1862 tandis
392 1831 479 1862 libris
496 1831 630 1861 maxima
643 1839 715 1862 cum
729 1830 871 1860 libertate
886 1829 1002 1860 versari
1015 1837 1068 1860 so-

279 1879 353 1911 leat.
361 1880 404 1911 Ad
412 1881 682 1912 Continuationem
691 1884 796 1911 autem
806 1881 896 1911 istam
908 1883 1069 1920 provocat,

277 1931 311 1962 in
323 1940 384 1971 qua
396 1931 606 1972 scripseratde
615 1932 748 1962 Macario
759 1931 901 1970 haecque
912 1929 1005 1961 verba
1013 1929 1069 1960 ad-

279 1980 401 2011 diderat
417 1989 424 2011 :
442 1993 455 2008 ιι
473 1981 589 2011 Verum
612 1981 639 2011 si
658 1980 854 2019 singulorum
878 1978 1070 2010 mirabilium

279 2032 366 2068 gesta
393 2031 422 2067 [a
442 2029 576 2060 Macario
598 2029 728 2068 scilicet]
750 2029 902 2070 prosequi
925 2028 1068 2065 velimus,

280 2078 476 2109 excludimur
499 2088 517 2109 a
548 2080 710 2119 proposita
738 2080 888 2110 brevitate
903 2103 910 2116 ,
935 2079 1070 2109 maxime

279 2137 353 2159 cum
370 2128 448 2159 haec
470 2129 678 2160 narrationem
694 2130 815 2169 proprii
834 2130 950 2160 habere
964 2128 1071 2168 operis

280 2182 459 2209 mereantur
475 2178 527 2219 (4).
542 2191 557 2207 ››
574 2179 619 2210 Ad
634 2188 670 2210 ea
688 2180 782 2218 igitur
794 2180 899 2216 verba,
917 2179 995 2219 quin
1017 2179 1071 2209 ille

1117 276 1269 317 praefatio
1293 285 1421 317 quoque
1436 277 1507 308 libri
1523 276 1561 316 (5)
1579 276 1687 307 saltem
1707 275 1900 315 aliquatenus

1117 326 1324 366 comprobare
1333 326 1465 357 videtur.
1478 327 1561 362 Quae
1575 333 1685 365 graece
1700 325 1748 356 bis
1758 324 1898 363 habetur,

1118 375 1192 405 etin
1209 386 1222 402 α
1239 375 1397 411 Paradiso,
1415 386 1430 402 »
1442 375 1530 406 cuius
1546 374 1718 413 fragmenta
1733 373 1902 405 Cotelerius

1118 425 1215 456 edidit
1231 425 1282 465 (6),
1304 429 1335 456 et
1354 425 1387 456 in
1409 426 1513 465 priore
1531 425 1696 466 prooemio
1711 425 1902 456 Meursianae

1118 475 1263 505 editionis
1277 475 1433 506 Historiae
1446 475 1612 506 Lausiacae
1629 474 1682 514 (7).
1703 475 1803 514 Atque
1821 474 1902 505 edita

1118 525 1254 556 Paradisi
1265 525 1449 564 fragmenta,
1456 525 1538 555 inter
1547 533 1628 564 quae
1638 525 1731 555 etiam
1738 523 1901 564 praefatio,

1118 575 1192 605 satis
1208 579 1351 606 accurate
1361 585 1433 607 cum
1448 576 1528 607 libro
1541 577 1681 608 secundo
1699 577 1901 608 conveniunt.

1118 626 1231 656 Contra
1244 634 1261 656 a
1277 626 1440 665 prooemio
1462 627 1522 657 isto
1544 627 1738 658 Meursianae
1758 627 1904 658 editionis

1118 675 1270 714 praefatio
1284 675 1420 706 Paradisi
1432 679 1462 706 et
1472 676 1544 706 libri
1558 676 1688 708 secundi
1701 676 1788 707 hisce
1803 676 1903 716 gravi-

1118 725 1177 756 bus
1190 726 1344 766 capitibus
1356 726 1469 757 differt.
1479 727 1537 757 Ubi
1553 727 1635 757 enim
1646 727 1780 766 scriptor
1795 735 1905 767 prooe-

1118 777 1172 807 mii
1183 785 1216 807 se
1227 780 1337 816 rogatu
1347 777 1437 808 Lausi
1447 777 1617 817 praepositi
1626 777 1789 816 scripsisse
1799 777 1853 813 ait,
1860 777 1902 808 ibi

1118 827 1269 866 praefatio
1284 827 1334 857 illa
1348 827 1532 867 scriptorem
1550 840 1564 856 «
1580 828 1613 858 in
1629 827 1759 866 gratiam
1775 827 1904 858 fratrum

1117 877 1150 907 in
1174 880 1281 908 monte
1304 877 1413 908 Oliveti
1432 878 1699 909 commanentium
1727 888 1741 906 »
1769 878 1905 908 scribere

1118 923 1272 963 perhibet.
1288 924 1408 954 Rursus
1429 924 1584 963 prooemii
1600 924 1733 964 scriptor
1752 923 1849 961 addit,
1873 932 1906 955 se

1118 976 1149 1004 ct
1160 973 1200 1004 de
1214 973 1398 1004 mulieribus
1412 974 1582 1011 dicturum,
1598 974 1683 1014 quod
1698 977 1805 1005 autem
1822 982 1910 1014 prae-

1117 1022 1192 1053 fatio
1208 1023 1328 1060 omisit;
1348 1032 1451 1064 neque
1467 1024 1547 1055 libro
1558 1024 1698 1055 secundo
1711 1024 1750 1054 de
1765 1024 1908 1055 mulieri-

1119 1072 1177 1103 bus
1201 1073 1373 1113 quidquam
1401 1073 1591 1105 continetur.
1621 1075 1766 1105 Ceterum
1784 1074 1907 1114 praefa-

1118 1123 1236 1153 tionem
1251 1123 1332 1154 inter
1343 1127 1373 1154 et
1388 1125 1587 1164 prooemium
1601 1124 1683 1155 istud
1698 1125 1841 1156 intimam
1854 1133 1909 1156 ne-

1120 1174 1342 1206 cessitudinem
1369 1179 1424 1214 29
1451 1184 1540 1213 esse,
1561 1176 1594 1206 in
1623 1180 1732 1216 aperto
1757 1179 1815 1207 est.
1831 1175 1909 1213 Quid

1119 1225 1237 1264 igitur?
1256 1226 1337 1256 Num
1358 1227 1557 1266 prooemium
1572 1227 1666 1262 istud,
1687 1236 1727 1257 an
1749 1227 1802 1258 illa
1821 1236 1912 1267 prae-

1119 1276 1194 1308 fatio
1203 1276 1251 1308 vel
1265 1277 1403 1308 Paradisi
1417 1277 1466 1308 vel
1480 1277 1552 1309 libri
1565 1278 1696 1309 secundi
1712 1278 1799 1319 prius
1813 1278 1910 1309 exsti-

1118 1327 1155 1358 tit
1165 1326 1180 1358 Τ

1159 1379 1243 1415 Quae
1273 1387 1334 1416 res,
1359 1379 1420 1410 nisi
1446 1379 1527 1410 forte
1552 1379 1714 1410 codicibus
1741 1379 1912 1419 aliquando

1119 1429 1316 1466 decernatur,
1341 1429 1381 1460 ad
1406 1429 1562 1468 liquidum
1583 1429 1634 1459 vix
1661 1430 1864 1468 perducetur.
1880 1430 1914 1461 Si

1119 1487 1193 1510 vero
1213 1479 1402 1510 coniecturis
1418 1480 1465 1510 uti
1484 1479 1568 1516 licet,
1586 1479 1784 1518 prooemium
1809 1483 1914 1510 aetate

1119 1529 1206 1569 prius
1229 1537 1298 1560 esse
1322 1529 1447 1559 dixeris.
1466 1530 1522 1560 Vix
1546 1529 1631 1560 enim
1651 1529 1819 1569 quisquam
1840 1530 1914 1562 loco

1083 1583 1104 1611 (Ἰ
1120 1578 1286 1609 verborum
1304 1587 1310 1608 :
1325 1577 1441 1608 librum
1453 1579 1487 1609 in
1496 1579 1633 1618 gratiam
1647 1579 1869 1610 monachorum
1880 1581 1915 1611 in

1120 1634 1222 1659 monte
1246 1629 1360 1660 Oliveti
1381 1630 1640 1660 commanentium
1662 1630 1814 1669 scriptum
1836 1640 1912 1668 esse,

1122 1679 1349 1710 dedicationem
1360 1679 1398 1710 ad
1410 1680 1544 1710 Lausum
1556 1682 1663 1719 ponet,
1676 1684 1729 1711 aut
1743 1680 1857 1711 librum
1874 1681 1914 1712 de

1120 1729 1304 1759 mulieribus
1319 1737 1448 1769 quoque
1462 1732 1660 1760 narraturum
1676 1738 1745 1761 esse
1758 1730 1839 1762 falso
1862 1731 1915 1762 ad-

1121 1779 1184 1816 det,
1205 1779 1265 1809 nisi
1282 1782 1317 1809 ut
1338 1779 1382 1810 sic
1402 1788 1482 1810 nova
1504 1780 1656 1819 praefatio
1677 1780 1822 1821 prodeat,
1852 1790 1914 1821 qua

1121 1829 1173 1860 alii
1188 1829 1323 1870 cuipiam
1333 1829 1414 1861 libro
1432 1831 1601 1870 praefetur.
1610 1833 1676 1862 Iam
1686 1840 1760 1862 vero
1776 1832 1914 1863 Historia

1120 1880 1268 1911 Lausiaca
1300 1881 1473 1919 genuinum
1501 1881 1712 1921 prooemium,
1742 1891 1807 1922 quo
1834 1882 1914 1913 liber

1120 1930 1222 1961 Lauso
1234 1930 1407 1968 dedicatur,
1423 1931 1528 1962 habet.
1545 1932 1644 1968 Quare
1661 1940 1768 1969 nemo,
1782 1935 1818 1963 ut
1835 1932 1912 1963 alte-

1121 1989 1191 2010 rum
1204 1989 1275 2011 cum
1286 1981 1381 2011 altera
1397 1981 1436 2012 ad
1450 1983 1584 2012 Lausum
1602 1981 1801 2013 dedicatione
1814 1982 1912 2013 fabri-

1121 2033 1206 2062 caret
1221 2034 1252 2062 et
1267 2031 1408 2068 adderet,
1429 2031 1577 2071 compelli
1592 2031 1703 2071 potuit.
1715 2032 1826 2072 Neque
1835 2032 1913 2063 alius

1121 2080 1211 2117 liber,
1227 2081 1356 2112 cuilibri
1371 2082 1501 2113 secundi
1514 2081 1665 2122 praefatio
1681 2081 1726 2113 sic
1747 2082 1914 2122 depravata

1122 2130 1251 2169 praeﬁgi
1267 2130 1413 2170 potuerit,
1426 2130 1638 2169 cognoscitur.
1649 2129 1738 2160 Unde
1749 2129 1915 2170 praefatio-

1122 2189 1194 2210 nem
1210 2180 1299 2211 istam
1313 2181 1367 2211 illo
1386 2180 1551 2220 prooemio
1567 2184 1668 2211 aetate
1688 2180 1829 2220 priorem
1845 2187 1912 2211 esse

279 2229 369 2260 locus
387 2229 458 2261 libri
476 2231 606 2262 secundi
623 2231 781 2271 respiciat,
796 2231 931 2262 dubitari
945 2231 1067 2271 nequit.
1084 2255 1107 2282 Β
1123 2239 1233 2270 parum
1246 2230 1414 2261 verisimile
1428 2233 1486 2261 est.

279 2281 401 2320 Neque,
418 2289 515 2321 quum
530 2281 689 2321 scripserit
707 2290 713 2312 :
732 2293 746 2309 α
765 2285 800 2313 ut
814 2281 959 2318 diximus,
975 2293 989 2309 »
1009 2281 1066 2312 du-

279 2330 422 2361 bitationi
435 2330 523 2362 locus
538 2331 736 2371 relinquitur,
748 2331 896 2362 Ruﬁnum
911 2334 945 2362 ut
960 2330 1066 2362 Conti-

279 2381 448 2418 nuationis,
465 2381 506 2412 ita
530 2385 561 2412 et
580 2381 663 2412 illius
686 2381 747 2413 loci
767 2382 838 2413 libri
853 2381 982 2413 secundi
998 2390 1067 2412 esse

279 2431 477 2471 scriptorem,
491 2431 591 2471 ipsius
607 2435 711 2462 autem
727 2432 797 2462 libri
811 2431 942 2464 secundi
962 2431 989 2462 si
1001 2440 1067 2462 non

279 2481 476 2521 scriptorem,
488 2486 592 2512 tamen
607 2482 822 2522 interpretem.

315 2595 353 2630 (Ι)
369 2594 438 2622 Hist.
452 2594 535 2622 Laus.
549 2594 567 2621 l.
580 2594 600 2620 I.
614 2602 640 2629 p.
653 2593 716 2622 408.

315 2641 353 2675 (2)
366 2641 456 2668 Ruﬁni
474 2641 543 2668 Hist.
561 2640 637 2669 Eccl.
650 2641 699 2668 lib.
715 2640 737 2667 ll
757 2647 818 2675 cap.
830 2639 848 2667 4
868 2640 910 2667 ed.
933 2639 1018 2668 Basil.
1049 2641 1067 2668 1.

281 2694 306 2722 p.
318 2687 381 2717 242,
397 2687 440 2714 ed.
454 2686 570 2715 Vallarsi
584 2687 673 2727 p.37,
685 2686 773 2722 Migne
785 2687 804 2713 l.
822 2686 841 2713 1.
855 2694 883 2721 p.
895 2686 960 2714 5H.

315 2734 354 2768 (3)
373 2732 429 2760 VV.
446 2733 497 2760 PP.
512 2733 605 2762 Rosw.
619 2733 666 2760 lib.
680 2732 702 2760 ll
715 2741 775 2768 cap.
792 2732 827 2760 29
839 2740 866 2767 p.
885 2732 948 2765 482,
964 2732 992 2759 2.

316 2779 355 2813 (4)
368 2779 457 2805 Rufin.
479 2779 548 2806 Hist.
565 2780 639 2806 Eccl.
656 2779 704 2806 lib.
718 2778 739 2806 ll
756 2786 816 2814 cap.
832 2779 860 2811 4,
873 2779 892 2805 l.
904 2778 922 2805 l.

315 2825 355 2861 (5)
367 2825 422 2852 νγ.
433 2824 485 2852 PP.
504 2825 593 2852 Rosw.
609 2833 635 2860 p.
653 2826 715 2852 548.

316 2872 355 2906 (6)
375 2870 448 2898 Eccl.
470 2878 561 2906 graec.
588 2870 660 2898 Men.
681 2871 699 2898 l.
731 2871 767 2904 1.;
800 2870 870 2906 Opp.
889 2870 989 2898 Meurs.
1013 2870 1031 2897 l.
1049 2870 1067 2897 1.

282 2927 311 2954 ι).
324 2917 375 2945 639
391 2925 451 2952 sqq.

1160 2281 1357 2320 Quapropter
1382 2280 1460 2312 haec
1487 2280 1689 2312 coniecerim.
1714 2281 1792 2311 Cum
1816 2279 1914 2311 multa

1121 2330 1309 2370 signiﬁcent,
1320 2332 1421 2362 Lauso
1437 2330 1615 2361 dedicatum
1631 2333 1662 2361 et
1679 2330 1855 2361 Heraclidis
1875 2329 1913 2360 li—

1120 2381 1212 2412 brum
1236 2381 1333 2412 fuisse
1359 2380 1414 2421 (8),
1439 2380 1531 2420 quid,
1554 2381 1581 2411 si
1598 2380 1798 2420 prooemium
1817 2379 1912 2417 istud,

1122 2433 1207 2473 quod
1230 2433 1267 2464 ad
1290 2431 1458 2463 Historiam
1473 2433 1652 2464 Lausiacam
1669 2441 1733 2463 non
1756 2432 1913 2472 pertinere

1121 2492 1216 2524 supra
1240 2482 1435 2514 ostendimus
1449 2506 1457 2520 ,
1489 2491 1601 2523 reapse
1637 2482 1706 2516 libri
1736 2482 1911 2514 Heraclidis

1157 2593 1196 2627 (7)
1217 2593 1285 2628 Opp.
1298 2592 1398 2620 Meurs.
1413 2591 1432 2620 l.
1447 2591 1465 2619 l.
1479 2600 1506 2627 p.
1522 2592 1575 2620 5353
1591 2600 1653 2627 sqq.

1156 2639 1195 2675 (8)
1216 2638 1385 2666 Heraclidem
1412 2638 1512 2666 librum
1538 2637 1571 2666 de
1599 2638 1664 2666 vitis
1690 2642 1798 2673 patrum
1823 2638 1912 2666 Lauso

1120 2685 1275 2712 dedicatum
1288 2684 1433 2718 scripsisse
1444 2691 1505 2711 cum
1521 2684 1664 2712 codicibus
1677 2683 1824 2715 Vaticanis.
1842 2693 1911 2720 quos

1119 2738 1201 2766 supra
1217 2731 1416 2761 recensuimus,
1432 2734 1490 2757 tum
1507 2737 1540 2758 eo
1556 2731 1702 2765 probatur,
1715 2731 1789 2766 quod
1812 2731 1839 2758 in
1859 2731 1912 2758 ﬁne

1121 2783 1148 2806 et
1160 2778 1222 2805 libri
1235 2786 1250 2805 a
1266 2777 1412 2805 Rosweido
1422 2777 1475 2805 sub
1489 2776 1641 2804 Heraclidis
1664 2778 1776 2805 nomine
1799 2777 1864 2804 editi
1884 2783 1911 2804 et

1123 2824 1260 2851 Historiae
1282 2823 1432 2850 Lausiacae
1459 2830 1473 2850 a
1497 2822 1618 2850 Meursio
1631 2823 1721 2851 editae
1744 2823 1859 2858 epilogus
1876 2822 1909 2849 ad

1123 2869 1240 2896 Lausum
1275 2872 1385 2900 exstat,
1411 2869 1456 2903 qui
1487 2867 1628 2895 codicibus
1654 2867 1909 2896 Vindobonensibus

1124 2914 1237 2941 testibus
1253 2913 1284 2940 ad
1302 2913 1448 2940 Historiam
1465 2912 1626 2940 Lausiacam
1645 2922 1698 2941 non
1724 2914 1850 2949 pertinet.
1864 2914 1907 2942 Cl".
