2038 3156
137 165 170 191 ‘29
905 167 911 179 ‘

965 169 1020 198 ΑΕ.
1738 177 1774 206 '50

138 219 350 276 prooemium,
362 220 535 276 Heraclidis
551 230 625 253 vero
643 223 731 254 illum
747 224 927 256 habendum
944 230 965 257 Α
979 229 1191 261 venerabilem
1209 230 1309 262 virum
1333 233 1398 264 Hor
1421 232 1550 264 nomine
1563 233 1614 276 (4).
1632 246 1646 263 »
1661 235 1773 274 Itaque

136 278 204 301 esse
219 270 336 301 librum
352 271 507 310 dicamus,
530 283 594 313 quo
621 274 703 306 liber
723 276 882 308 secundus
899 281 929 309 et

133 322 270 352 Historia
287 323 436 354 Lausiaca
446 323 650 356 innituntur?

171 373 225 408 3o
238 371 328 408 Quod
339 372 364 403 si
375 373 496 410 statuis,
506 373 702 406 difﬁcultates
712 384 823 407 omnes
836 376 928 409 facile

133 421 340 461 explicantur.
380 423 561 455 Heraclides
598 425 703 463 enim,
734 427 867 458 Ruﬁnus
897 432 928 460 et

132 471 288 503 Palladius
304 473 396 504 amici
420 479 452 505 et
476 475 721 514 Origenistarum
739 478 835 509 duces
854 479 925 510 fue-

132 525 203 552 runt
231 521 285 562 (1).
319 524 452 555 Ruﬁnus
480 525 514 556 in
540 530 649 558 monte
677 528 787 559 Oliveti
815 529 926 560 cellam

131 571 260 610 habens,
279 577 314 604 ut
334 575 466 606 Melania
483 578 589 608 coetui
612 578 780 617 virginum,
799 579 842 611 ita
857 580 925 620 ipse

131 624 369 662 congregationi
406 627 636 658 monachorum
676 629 812 668 praefuit
852 630 923 671 (2).

129 672 152 701 Α
174 673 290 711 quibus
317 677 351 704 ut
365 674 480 706 librum
503 676 542 707 de
560 678 689 709 senibus
718 685 923 719 componeret

131 723 266 758 rogatus,
289 730 327 752 ex
344 723 518 755 Heraclidis
541 725 633 756 amici
655 726 736 757 libro
765 736 846 766 quae
863 728 924 759 sibi

129 768 197 798 usui
214 773 304 800 erant
318 772 476 810 congessit
483 776 513 802 et
524 781 579 804 ore
595 773 691 804 latino
704 775 920 816 edidit.0pus-

129 817 243 856 culum,
257 820 343 859 quod
361 821 405 851 sic
420 822 616 859 nascebatur,
633 824 796 856 monachis
812 825 922 856 Oliveti

126 865 294 906 inscripsit,
307 871 413 909 atque,
427 870 499 909 quia
511 871 659 902 monachi
674 872 838 904 muliebria
853 882 919 905 non

126 919 244 953 curant,
264 925 345 956 quae
367 918 549 949 Heraclides
564 919 604 950 de
618 919 804 954 mulieribus
825 921 919 953 habe-

126 962 187 999 bat,
204 965 320 996 omisit.
341 966 364 995 E
388 966 517 997 senibus
534 968 706 1008 praecipue
729 969 918 1008 Origenistas

127 1012 236 1050 attulit,
257 1018 452 1054 quapropter
470 1015 503 1045 in
526 1016 556 1045 S.
581 1016 766 1056 Hieronymi
787 1026 916 1050 accusa-

125 1059 242 1091 tionem
269 1061 411 1099 incurrit,
429 1063 484 1102 qui
512 1063 674 1102 Ruﬁnum,
700 1073 799 1105 quum
827 1067 917 1106 quasi

125 1118 222 1141 novus
240 1110 321 1142 liber
333 1112 375 1142 ita
389 1112 540 1152 prodiret,
552 1117 714 1145 auctorem
729 1114 833 1146 dicere
847 1115 916 1148 iure

123 1160 228 1200 aliquo
243 1161 356 1200 potuit.
369 1163 432 1193 Nec
444 1171 509 1193 non
520 1163 697 1194 istiusmodi
713 1165 917 1204 compositio-

123 1212 169 1243 nis
190 1212 322 1251 vestigia
339 1211 420 1243 liber
439 1213 597 1244 secundus
619 1213 816 1254 aliquantum
839 1224 916 1256 prae

123 1271 154 1293 se
169 1262 254 1293 ferre
270 1263 403 1294 videtur.

159 1314 222 1344 Isto
238 1313 333 1352 igitur
347 1313 442 1345 modo
461 1313 658 1346 difﬁcultates
670 1315 763 1347 facile
782 1316 913 1349 solvun-

123 1367 179 1394 tur.
197 1363 259 1395 Sed
274 1364 300 1394 si
319 1364 372 1395 illa
387 1364 543 1404 posueris,
558 1365 664 1396 Ruﬁni
678 1365 793 1396 librum
807 1369 842 1397 ut
858 1376 913 1398 ore

121 1413 215 1445 latino
241 1415 285 1445 ita
306 1417 336 1445 et
360 1423 472 1453 graeco
492 1415 647 1446 exstitisse
672 1419 798 1447 statues.
823 1418 913 1454 Quod

120 1474 189 1497 cum
205 1465 380 1503 fragmenta
395 1464 540 1496 Cotelerii
558 1465 731 1505 postulant,
751 1470 818 1497 tum
840 1467 913 1499 libri

119 1514 248 1545 secundi
275 1515 411 1546 narratio
438 1515 477 1546 de
499 1516 540 1545 Or
564 1515 675 1547 abbate
703 1518 911 1557 comprobare

980 279 1117 319 scriptor
1135 280 1229 312 huius
1253 282 1365 322 capitis
1387 282 1459 314 libri
1475 285 1605 316 secundi
1627 285 1773 317 abbatem

980 329 1066 367 vidit,
1093 339 1189 370 quem
1219 332 1375 365 Palladius
1413 343 1479 366 non
1515 336 1650 376 amplius
1683 337 1770 368 vidit.

979 382 1163 422 Quanquam
1178 392 1250 415 eum
1263 393 1326 415 una
1342 393 1413 415 cum
1433 386 1586 426 scriptore
1605 386 1666 417 isto
1679 395 1772 418 senes

979 431 1147 464 Thebaidis
1165 434 1308 465 invisisse
1324 443 1419 474 supra
1437 437 1643 467 ostendimus.
1659 438 1773 469 Fateor

978 482 1071 514 huius
1096 484 1225 524 quidem
1242 484 1432 516 difficultatis
1456 486 1660 526 explicandae
1686 488 1771 520 varia

977 542 1051 564 sane
1063 542 1178 573 genera
1189 535 1356 574 excogitari
1370 538 1421 573 31
1433 544 1538 575 posse.
1551 537 1610 567 Sed
1623 538 1696 577 quia
1708 539 1770 569 Me-

975 582 1059 614 lania
1070 583 1111 613 Or
1123 584 1268 615 abbatem
1283 585 1369 622 adiit,
1383 584 1423 615 de
1431 593 1494 625 quo
1506 585 1619 617 eximia
1630 587 1769 618 Palladio

975 631 1122 668 narravit,
1148 632 1375 664 verisimillima
1399 633 1567 673 explicatio
1590 633 1669 665 haec
1699 644 1769 667 esse

975 679 1108 717 videtur,
1123 681 1273 711 Ruﬁnum
1292 690 1356 711 una
1372 691 1442 713 cum
1468 681 1600 712 Melania
1618 682 1657 713 ad
1671 683 1767 714 abba-

974 732 1036 758 tem
1052 729 1092 758 Or
1102 737 1170 759 esse
1181 729 1370 768 profectum,
1381 733 1476 769 atque
1490 730 1523 760 in
1541 731 1767 770 componendo

973 775 1054 807 libro
1066 777 1205 808 secundo
1216 777 1268 808 illa
1279 777 1318 808 de
1331 777 1391 808 hoc
1406 787 1482 808 sene
1497 787 1554 809 suo
1566 779 1662 810 Marte
1676 779 1767 811 addi-

973 825 1067 856 disse.
1095 827 1159 857 lam
1180 835 1254 857 vero
1270 827 1380 857 eadem
1411 826 1450 857 de
1479 827 1592 858 abbate
1616 829 1765 866 narratio,

973 885 1054 916 quae
1080 877 1176 908 latine
1199 877 1234 908 in
1252 877 1334 908 libro
1360 877 1500 908 secundo
1521 881 1630 915 exstat,
1655 887 1767 917 graece

970 933 1100 964 quoque
1114 929 1233 957 servata
1253 929 1300 956 est
1314 925 1396 956 inter
1413 926 1566 965 quaedam
1592 926 1766 965 fragmenta

969 981 986 1003 a
995 973 1148 1004 Cotelerio
1160 974 1242 1005 edita
1256 977 1286 1004 et
1301 973 1333 1004 in
1349 975 1523 1005 Meursiana
1533 975 1671 1005 editione
1683 977 1764 1006 Lau-

969 1021 1070 1052 siacae
1083 1021 1138 1062 (5).
1154 1022 1254 1059 Unde,
1276 1031 1348 1053 cum
1368 1025 1398 1053 et
1419 1022 1478 1053 alia
1494 1031 1604 1061 graeca
1619 1023 1691 1054 libri
1711 1032 1762 1054 se-

968 1072 1061 1103 cundi
1078 1072 1249 1112 fragmenta
1262 1073 1471 1112 inveniantur,
1486 1082 1558 1104 eum
1571 1073 1684 1105 librum
1700 1075 1764 1106 exi-

967 1121 1106 1152 stimabis
1125 1125 1156 1152 et
1173 1121 1268 1152 latine
1284 1125 1314 1152 et
1330 1131 1441 1161 graece
1463 1122 1628 1160 exstitisse,
1645 1127 1677 1154 ut
1690 1124 1763 1155 usui

966 1177 1149 1208 graecorum
1159 1170 1367 1201 aclatinorum
1376 1170 1603 1202 monachorum
1610 1171 1762 1203 inservire

965 1218 1213 1257 posset.Nomen
1222 1218 1360 1248 Paradisi
1376 1227 1488 1256 graeco
1504 1219 1762 1258 exemplariindi—

963 1270 1030 1296 tum
1057 1265 1131 1296 inde
1156 1265 1340 1304 explicatur,
1364 1265 1450 1305 quod
1470 1266 1644 1297 Heraclidis
1668 1267 1759 1305 liber,

965 1314 1054 1346 cuius
1069 1323 1141 1354 pars
1156 1317 1232 1351 erat,
1250 1313 1415 1345 Paradisus
1428 1314 1600 1354 inscriptus
1620 1314 1679 1346 fuit

1002 1367 1104 1404 Atque
1112 1364 1190 1395 haec
1201 1364 1387 1395 existimatio
1401 1368 1518 1402 nostra,
1526 1365 1760 1398 Rosweidianae

962 1416 1024 1447 VV.
1042 1417 1101 1446 PP.
1122 1415 1318 1447 collectionis
1337 1414 1452 1445 librum
1469 1416 1643 1446 secundum
1664 1417 1759 1448 etiam

963 1475 1075 1506 graece
1087 1466 1253 1502 exstitisse,
1266 1464 1412 1496 codicum
1429 1465 1490 1496 ﬁde
1506 1466 1631 1506 egregie
1645 1467 1759 1507 proba-

961 1522 1023 1549 tur.
1042 1519 1150 1557 Nuper
1170 1517 1255 1548 enim
1279 1516 1514 1548 Montefalconii
1534 1517 1757 1549 bibliothecam

119 1565 250 1596 videtur.
281 1566 331 1597 Sic
354 1566 437 1596 enim
461 1565 616 1597 Palladius
638 1567 677 1597 de
702 1575 741 1598 eo
761 1568 885 1608 scripsit
901 1578 908 1599 :
924 1572 945 1602 C
962 1567 1182 1599 Coislintanam
1198 1565 1472 1607 (Paris.1715f0l.)
1490 1567 1684 1608 evolvens,p.
1701 1568 1756 1599 138

120 1628 132 1644 α
153 1618 266 1656 Magno
287 1617 362 1648 huic
385 1620 494 1647 sancto
518 1625 575 1647 suo
597 1616 778 1648 testimonio
802 1617 911 1649 tribuit

115 1667 262 1698 virtutem
272 1667 416 1698 universa
426 1667 614 1703 fraternitas,
625 1667 795 1707 praecipue
805 1672 909 1700 autem

115 1717 228 1748 ancilla
248 1717 301 1748 Dei
318 1717 462 1753 Melania,
475 1725 556 1756 quae
582 1716 666 1748 hunc
683 1721 822 1748 montem
838 1722 910 1749 ante

115 1777 165 1798 me
186 1770 235 1799 est
253 1768 403 1807 ingressa.
428 1768 494 1806 Ego
514 1767 599 1798 enim
613 1775 686 1797 eum
707 1775 773 1798 non
792 1768 911 1799 olfendi

113 1819 217 1849 vivum
236 1818 287 1859 (3).
310 1830 324 1846 υ
341 1819 424 1857 Ergo
445 1818 487 1848 Or
502 1818 598 1848 abbas
612 1820 754 1848 mortuus
774 1817 843 1855 fuit,
856 1827 910 1850 an-

112 1872 241 1910 tequam
255 1869 410 1900 Palladius
423 1877 514 1899 senes
523 1868 692 1899 Thebaidis
708 1868 796 1899 adiit.
812 1869 905 1901 Liber

111 1929 187 1951 vero
202 1920 361 1951 secundus
388 1919 484 1958 longa
506 1919 603 1950 utitur
618 1919 810 1956 narratione,
821 1928 904 1959 quae

111 1969 226 2009 incipit
240 1978 247 1999 :
266 1981 280 1997 α
297 1969 438 2000 Vidimus
456 1971 486 1999 et
499 1968 596 1999 alium
615 1968 699 2008 apud
713 1968 905 2000 Thebaidem

112 2043 236 2072 Palladii
252 2042 402 2070 Historiam
415 2041 577 2069 Lausiacam
592 2041 626 2068 ad
646 2041 745 2068 codicis
771 2041 906 2070 Vindobo-

110 2091 199 2118 maia
216 2089 296 2125 fidem
315 2089 425 2116 breviter
441 2088 613 2120 delineatam,
624 2087 696 2115 infra
713 2088 776 2115 huic
793 2093 905 2116 nostrae

109 2136 227 2164 editioni
247 2135 383 2162 Historiae
402 2133 551 2161 Lausiacae
569 2133 763 2169 praepositam.
786 2133 823 2162 De
835 2134 905 2162 libro

108 2189 208 2217 graeco
222 2181 257 2208 ab
268 2180 387 2207 Historia
399 2179 534 2208 Lausiaca
553 2180 675 2212 diverso,
698 2179 745 2214 qui
769 2179 905 2208 Cotelerio

107 2233 133 2255 et
154 2227 249 2255 Cavea
277 2227 396 2254 testibus
425 2227 454 2254 in
479 2226 621 2254 codicibus
640 2234 707 2254 mss.
728 2226 780 2254 sub
793 2227 905 2255 nomine

107 2273 263 2302 Ileraclidis
280 2276 379 2306 exstat,
402 2280 458 2300 non
482 2273 549 2300 satis
566 2276 735 2308 compertum
760 2272 902 2302 habemus.

106 2320 280 2348 Trithemius
292 2319 320 2347 in
331 2319 402 2346 libro
413 2319 447 2347 de
456 2319 654 2354 Scriptt.,Eccl.
665 2328 672 2346 :
688 2327 698 2344 ί
709 2318 867 2347 Heraclides
876 2329 900 2350 ,ι

105 2367 209 2402 inquit,
233 2375 242 2392 ι
258 2366 331 2394 inter
353 2366 407 2393 alia
422 2365 535 2401 scripsit
561 2365 596 2393 ad
618 2365 837 2393 aediﬁcationem
864 2366 904 2393 le-

103 2412 231 2447 gentium
246 2418 315 2446 opus
330 2410 438 2446 insigne
451 2410 484 2438 de
493 2410 548 2437 vita
560 2413 589 2437 et
606 2409 817 2437 conversatione
838 2417 904 2437 san-

103 2462 215 2486 ctorum
235 2462 344 2493 patrum
365 2457 394 2484 in
414 2463 506 2484 eremo
527 2456 570 2484 vel
591 2456 620 2484 in
639 2456 782 2483 coenobiis
804 2456 903 2490 degen-

103 2506 173 2532 tium
182 2504 239 2532 sub
253 2503 356 2539 regula,
367 2501 413 2529 cui
425 2501 521 2529 titulus
533 2505 575 2529 est
588 2501 747 2529 Paradisus.
763 2510 773 2526 ι
794 2499 848 2527 Sed
858 2501 903 2528 cui

103 2551 174 2578 liber
198 2549 342 2577 dedicatus
361 2547 415 2580 sit,
427 2546 595 2575 Trithemius
611 2555 665 2575 non
679 2547 765 2575 addit.
780 2546 900 2575 Coteler.

102 2596 178 2624 Eccl.
187 2594 369 2623 Graec.Mon.
379 2593 412 2621 Τ.
420 2593 455 2620 Ill
465 2601 492 2628 p.
502 2592 564 2621 566.
579 2592 652 2621 Cave
668 2593 781 2629 Scriptt.
791 2593 897 2622 Eccles.

102 2642 174 2671 Hist.
190 2643 247 2670 litt.
262 2649 287 2669 s.
304 2649 331 2669 v.
351 2639 515 2668 Heraclides.
533 2638 623 2666 Trith.
638 2639 673 2668 de
692 2639 806 2676 Scriptt.
822 2640 895 2667 Eccl.

103 2696 163 2724 ζει).
178 2687 274 2715 XCIII.

135 2736 177 2770 (I)
202 2733 318 2762 Palladii
346 2733 416 2760 Dial.
432 2733 466 2761 de
485 2733 534 2761 vit.
561 2732 590 2760 S.
614 2731 729 2760 Joannis
754 2732 897 2768 Chrysost.

98 2789 159 2816 cap.
177 2780 239 2814 XX,
258 2780 286 2808 S.
305 2780 450 2816 Chrysost.
463 2779 532 2816 Opp.
549 2780 592 2808 ed.
607 2779 785 2807 Montl‘aucon
798 2779 898 2814 (Paris.

99 2828 170 2855 1754
184 2826 263 2862 sqq.)
280 2826 312 2853 Τ.
323 2826 383 2853 XIII
399 2834 426 2862 p.
439 2827 473 2853 76
484 2835 557 2862 sqq.,
576 2825 703 2854 Galland.
719 2826 787 2853 Bibl.
799 2825 852 2854 PP.
864 2825 896 2853 ’I‘.

99 2872 156 2900 VIII
170 2881 200 2908 p.
214 2872 277 2899 520.
286 2871 434 2899 Tillemont
444 2872 586 2900 lllémbircs
595 2871 627 2899 T.
638 2871 685 2900 XI.
697 2872 769 2900 Cave
784 2871 895 2907 Scriptt.

97 2917 208 2947 Eccles.
227 2918 298 2947 Hist.
316 2918 367 2946 litt.
389 2926 412 2946 s.
429 2927 454 2946 v.
471 2918 635 2946 Heract‘ides.

963 1619 1101 1650 indicem
1116 1618 1234 1650 offendi
1243 1618 1313 1649 libri
1325 1617 1439 1657 graeci,
1447 1618 1501 1657 qui
1510 1618 1619 1649 codice
1633 1628 1757 1650 Lxxxm

964 1669 1081 1701 saeculi
1108 1670 1232 1701 circiter
1259 1679 1282 1700 x
1309 1670 1498 1707 continetur,
1524 1670 1666 1710 inscripti
1686 1679 1694 1701 :
1713 1670 1757 1699 Ἱε»

960 1725 1100 1760 ρωνύμου
1120 1725 1140 1758 ἡ
1160 1724 1386 1759 κατἈῖγυπτον·
1403 1723 1462 1751 τῶν
1473 1724 1616 1759 μοναχῶν
1628 1726 1754 1760 ἱστορία,

963 1772 1054 1802 cuius
1075 1771 1178 1811 capita
1195 1780 1267 1802 cum
1291 1771 1370 1802 libro
1396 1772 1537 1803 secundo
1560 1773 1690 1804 omnino
1712 1773 1755 1806 ita

963 1822 1149 1859 concinunt,
1173 1825 1208 1853 ut
1236 1822 1340 1853 omnis
1370 1822 1522 1853 dubitatio
1554 1823 1689 1854 tollatur.
1719 1824 1754 1854 Id

958 1872 1045 1912 quod
1069 1872 1115 1909 ei,
1139 1872 1193 1912 qui
1219 1881 1286 1902 rem
1313 1873 1489 1904 accuratius
1512 1873 1752 1911 examinaverit,

957 1923 1052 1964 plane
1062 1923 1225 1963 apparebit
1234 1923 1286 1963 (6).
1295 1925 1325 1954 S.
1335 1924 1529 1963 Hieronymo
1540 1924 1624 1955 hunc
1639 1925 1753 1957 librum

956 1973 1036 2005 falso
1050 1974 1187 2012 attribui,
1199 1982 1265 2005 non
1280 1977 1327 2005 est
1342 1975 1427 2014 quod
1442 1975 1586 2014 pluribus
1601 1975 1718 2007 dicam.

991 2043 1031 2078 (2)
1051 2042 1123 2071 Hist.
1139 2042 1222 2070 Laus.
1234 2043 1278 2070 cd.
1293 2042 1394 2071 Meurs.
1417 2051 1478 2078 cap.
1491 2044 1541 2071 ll8
1564 2043 1633 2080 Opp.
1649 2045 1751 2074 Meurs.

956 2089 976 2117 l.
991 2089 1009 2117 l.
1026 2097 1052 2125 p.
1067 2089 1130 2117 596.
1152 2089 1245 2116 Ruﬁn.
1259 2090 1339 2125 Apol.
1356 2090 1518 2126 [lnvectiva]
1540 2091 1566 2118 in
1587 2091 1616 2118 S.
1640 2091 1750 2127 Hieron,

956 2136 1005 2163 lib.
1016 2135 1107 2171 llcap.
1123 2136 1150 2167 8,
1163 2135 1232 2171 Opp.
1248 2135 1291 2163 ed.
1301 2135 1416 2163 Vallarsi
1429 2144 1455 2172 ρ.
1468 2136 1529 2167 565,
1545 2136 1634 2172 Migne
1645 2137 1748 2168 Patro].

956 2180 987 2208 Τ.
1003 2181 1063 2208 XXI
1077 2181 1179 2216 p.591,
1199 2181 1228 2209 S.
1244 2181 1357 2210 Hieron.
1379 2181 1447 2217 Opp.
1467 2182 1511 2210 ed.
1536 2181 1636 2210 Bened.
1661 2182 1693 2211 T.
1715 2183 1750 2211 IV

955 2236 982 2263 ρ.
1002 2228 1065 2255 420.

991 2274 1030 2310 (3)
1050 2274 1119 2302 Hist.
1136 2274 1218 2302 Laus.
1233 2281 1276 2302 eo.
1292 2273 1394 2302 Meurs.
1411 2282 1471 2309 cap.
1487 2274 1552 2306 Il,l.
1565 2275 1585 2303 l.
1604 2283 1631 2310 p.
1645 2275 1708 2303 569.

991 2321 1029 2357 (4)
1050 2320 1107 2348 VV.
1121 2320 1172 2348 PP.
1187 2320 1280 2348 Rosw.
1293 2321 1339 2348 lib.
1354 2320 1376 2347 ll
1391 2329 1451 2356 cap.
1468 2322 1486 2348 ‘2
1498 2330 1524 2356 p.
1539 2322 1600 2353 457,
1613 2322 1641 2350 2.

989 2367 1029 2402 (5)
1048 2367 1168 2395 Coteler.
1191 2366 1266 2394 Eccl.
1287 2367 1384 2394 Graec.
1410 2367 1483 2394 Mon.
1508 2367 1540 2395 T.
1564 2367 1600 2395 llI
1627 2375 1654 2403 p.
1674 2367 1744 2402 159;

953 2412 1024 2441 Hist.
1038 2413 1122 2441 Laus.
1138 2413 1183 2441 ed.
1197 2413 1299 2442 Meurs.
1312 2414 1331 2441 Ι.
1352 2414 1371 2441 l.
1388 2422 1416 2449 ρ.
1435 2415 1497 2442 571.

989 2459 1028 2494 (6)
1049 2459 1278 2488 Montefalconius
1296 2460 1373 2487 illum
1393 2460 1495 2487 librum
1521 2459 1558 2487 ita
1586 2460 1718 2488 describit
1736 2469 1744 2488 :

956 2515 966 2532 ‹
985 2505 1052 2533 Cod.
1070 2505 1212 2538 LXXXIII,
1229 2507 1294 2533 olim
1320 2505 1503 2538 CCCXLVIII,
1517 2507 1745 2535 membranaceus

953 2559 971 2578 x
987 2551 1096 2579 circiter
1114 2552 1235 2584 saeculi,
1255 2551 1381 2579 foliorum
1397 2552 1460 2579 357.
1475 2552 1604 2579 Continet
1621 2560 1653 2579 ea
1675 2560 1745 2587 quae

953 2602 1140 2632 sequuntur...
1155 2597 1203 2625 l‘ol.
1218 2598 1272 2625 266
1295 2598 1471 2633 Ἱερωνύμου
1484 2599 1503 2632 ἠ
1518 2598 1745 2633 κατ’ᾼῖτνυπτον

952 2643 1012 2672 τῶν
1031 2644 1173 2679 μοναχῶν
1194 2645 1350 2679 ὶστορία,ἰ.
1364 2652 1389 2672 e.
1409 2645 1530 2671 Historia
1555 2646 1743 2673 monachorum

950 2691 1148 2726 Aegyptiorum.
1156 2690 1238 2719 Liber
1245 2690 1412 2725 Hieronymo
1420 2698 1563 2726 perperam
1574 2691 1741 2727 adscriptas.

951 2735 1055 2765 Similis
1069 2736 1125 2764 fere
1143 2736 1298 2772 argumenti
1311 2737 1410 2764 librum
1432 2736 1557 2764 Palladio
1570 2737 1741 2772 adscriptum

949 2781 1050 2809 iamdiu
1069 2785 1164 2809 notum
1183 2781 1248 2809 fecit
1262 2780 1383 2808 Joannes
1413 2781 1563 2815 Meursius,
1582 2782 1610 2810 in
1633 2782 1742 2818 praefa-

952 2827 1026 2854 tione
1036 2827 1164 2854 videlicet
1181 2826 1215 2853 ad
1230 2826 1391 2854 Lausiacam
1407 2827 1567 2860 llistoriam,
1580 2828 1652 2863 quod
1671 2836 1741 2863 opus

951 2881 1077 2909 graecum
1091 2873 1197 2908 primus
1212 2873 1296 2900 edidit
1314 2873 1359 2900 ille
1383 2873 1509 2910 Lugduni
1527 2874 1690 2902 Batavorum
1712 2881 1738 2901 a.

952 2919 1030 2948 ltilG.
1049 2919 1107 2953 Est,
1121 2919 1219 2954 inquit,
1238 2920 1265 2946 in
1288 2919 1445 2948 bibliotheca
1472 2928 1528 2948 mea
1551 2921 1667 2948 eiusdem
1691 2926 1740 2947 au-
