2060 3153
294 171 326 200 31
728 169 778 197 SS.
800 169 1030 197 MACARIORUM
1040 167 1190 197 ΑζϐΥΡΊἸΙ
1202 169 1245 197 ΕΤ
1264 168 1501 197 ALEXANDRINI
1884 171 1920 200 33

333 229 442 267 Itaque
453 227 514 259 hoc
535 226 708 258 obtinuisse
722 226 799 257 mihi
809 227 929 265 videor,
943 227 996 259 illa
1008 236 1088 259 con-
1104 231 1125 259 Α
1141 227 1226 259 cedit
1250 228 1444 264 coniectura,
1462 227 1637 259 Heraclidis
1655 227 1788 260 fortasse
1812 228 1926 262 librum

288 286 412 318 Jectura
441 277 636 309 difﬁcultates
660 276 780 317 optime
805 276 900 314 solvi;
928 285 1006 316 quas
1033 277 1084 307 vix

293 328 352 359 alia
370 328 489 359 ratione
503 331 567 358 tam
589 327 682 358 facile
699 326 779 358 solvi
806 327 1006 358 crediderim.
1030 326 1084 358 Sin

293 382 397 410 autem
410 386 481 409 vera
501 379 586 414 sunt,
610 385 691 417 quae
708 377 913 417 conjecimus,
935 377 1083 408 Ruﬁnum

293 430 495 468 interpretem
504 427 576 458 libri
591 426 722 458 secundi
737 435 818 464 esse,
831 430 926 466 atque
934 426 1086 466 quodam-

293 479 387 509 modo
412 482 574 510 auctorem
605 477 667 508 dici
690 485 796 517 posse,
813 477 919 508 denuo
935 476 1084 516 intelligi-

292 532 342 559 tur
360 528 414 567 (l).

331 589 391 619 Sed
415 589 612 628 conjecturas
641 588 811 626 mittamus,
836 592 932 628 atque
967 597 1006 619 ex
1034 588 1084 627 iis,

292 648 374 680 quae
406 639 446 670 dc
469 639 550 670 libro
576 638 716 670 secundo
743 639 981 679 disputavimus,
1004 647 1086 679 quae

290 694 376 722 certa
393 693 476 727 sunt,
502 690 535 720 in
561 698 660 720 unum
686 698 927 729 componamus.
950 690 994 720 Ea
1012 689 1085 729 qui-

291 741 363 772 dem
379 740 440 771 huc
466 740 608 770 redeunt.
638 740 774 771 Graecus
798 739 934 779 scriptor
967 748 1084 777 rerum,

292 800 373 831 quae
398 791 430 821 in
453 790 533 822 libro
562 791 703 822 secundo
729 790 887 830 leguntur,
911 793 997 822 certo
1021 798 1087 821 non

291 841 502 880 cognoscitur.
527 841 591 872 Nec
607 840 710 872 solum
733 840 813 872 liber
839 841 1008 878 secundus,
1030 840 1086 872 sed

1134 276 1242 313 fuisse,
1250 285 1267 308 e
1279 284 1342 317 quo
1354 277 1425 308 libri
1440 277 1570 308 secundi
1584 277 1719 318 scriptor
1729 282 1760 308 et
1770 278 1926 310 Palladius

1137 326 1320 358 hauserunt.
1335 328 1534 366 Quantopere
1548 335 1624 358 vero
1635 328 1810 367 optandum
1827 328 1877 365 sit,
1893 331 1927 359 ut

1135 375 1277 415 singulae
1291 376 1372 406 vitae
1397 380 1521 416 patrum
1549 377 1647 407 eremi
1672 376 1837 416 hucusque
1860 386 1926 409 non

1136 427 1250 464 editae,
1265 435 1398 467 quarum
1423 427 1538 458 multos
1553 427 1681 458 codices
1693 436 1822 467 graecos
1838 428 1870 459 in
1881 429 1928 460 bi-

1135 477 1302 509 bliothecis
1314 477 1459 514 vidimus,
1472 485 1531 508 nec
1547 485 1613 508 non
1624 477 1796 509 Heraclidis
1806 478 1928 518 paradi-

1135 536 1200 564 sus,
1223 527 1359 558 Historia
1388 527 1536 558 Lausiaca
1561 527 1691 558 Palladii
1715 535 1927 569 graecumque

1135 577 1207 608 libri
1215 577 1345 608 secundi
1360 577 1458 608 nostri
1486 577 1648 617 exemplar
1668 578 1801 610 edantur
1818 579 1867 610 vel
1887 580 1927 611 ad

1136 628 1276 659 melioris
1291 628 1365 658 fidei
1379 627 1507 659 codices
1520 628 1726 667 excuduntur,
1744 630 1829 661 unde
1846 639 1927 663 nova

1136 678 1191 709 lux
1209 678 1303 710 huius
1324 678 1518 718 quaestionis
1541 679 1617 710 oriri
1635 679 1744 719 possit,
1766 679 1858 712 facile
1874 690 1928 722 pa-

1135 732 1180 760 tet
1192 729 1245 769 (2).

1176 788 1329 829 Expedita
1342 788 1404 820 iam
1425 788 1464 820 de
1482 788 1564 820 libro
1582 789 1723 821 secundo
1742 791 1928 830 quaestione

1137 840 1177 872 de
1194 840 1309 870 Ruﬁno
1326 839 1358 870 id
1377 839 1481 870 solum
1495 843 1589 870 restat
1604 840 1811 878 monendum,
1832 842 1928 874 alium

290 891 385 921 etiam
407 899 537 929 graecus
551 890 641 927 liber,
668 899 686 921 e
709 898 774 929 quo
795 890 849 920 ille
871 890 1084 928 hauriebatur,
1102 906 1123 934 Β
1137 890 1267 931 insuper
1281 889 1401 920 fontem
1414 888 1616 920 historiarum
1628 890 1666 920 de
1686 891 1825 922 Macariis
1839 893 1877 922 ab
1888 901 1927 924 eo

291 940 418 972 Palladii
431 940 600 971 Historiam
625 941 807 972 Lausiacam
830 944 931 972 aetate
947 941 1081 972 multum

291 990 491 1022 antecedunt.
518 990 636 1022 Deinde
665 999 683 1021 e
717 989 800 1021 libro
830 991 982 1028 secundo,
1016 995 1081 1029 aut,

288 1041 377 1081 quod
393 1041 592 1072 verisimilius
601 1044 658 1078 est,
675 1050 714 1072 ex
734 1040 859 1078 eodem,
885 1050 949 1082 quo
964 1042 991 1072 is
1014 1045 1082 1073 ute-

290 1091 393 1128 batur,
409 1091 497 1122 fonte
511 1091 668 1122 Palladius
685 1101 733 1129 ea,
754 1101 835 1132 quae
851 1091 889 1123 ad
904 1101 997 1123 senes
1005 1092 1085 1124 The-

289 1141 391 1172 baidis
407 1142 575 1182 pertinent,
599 1142 723 1182 aliaque
744 1143 897 1174 nonnulla
912 1143 944 1174 in
962 1144 1085 1174 Lausia—

288 1201 359 1223 cam
373 1201 462 1223 suam
474 1193 640 1224 transtulit.
652 1193 779 1224 Latinus
794 1194 933 1233 denique
947 1194 1000 1229 32
1012 1194 1085 1225 libri

288 1242 420 1273 secundi
439 1243 595 1283 interpres
610 1244 744 1275 Ruﬁnus
759 1248 817 1282 est,
838 1246 892 1285 qui
910 1245 1025 1276 librum
1049 1245 1083 1277 in

290 1300 358 1323 eam
372 1293 506 1324 formam
516 1294 647 1333 redegit,
662 1304 744 1335 quae
759 1304 844 1327 nunc
859 1295 1005 1328 habetur.
1020 1298 1081 1328 Ac-

286 1413 368 1439 ctoris
384 1411 525 1446 διήγησις
543 1412 610 1446 περὶ
624 1411 684 1439 τῶν
711 1413 775 1440 κατ’
793 1413 946 1448 Αἴγυπτον
962 1414 1084 1450 διαλαμ-

287 1457 411 1491 ψάντων
427 1457 520 1491 ἁγίων
534 1456 679 1491 πατέρων.
696 1456 730 1484 Id
744 1466 845 1493 quoque
859 1459 967 1492 opus,“
978 1459 1081 1493 placere

288 1503 357 1529 hanc
388 1501 523 1528 Historiae
554 1501 701 1528 Lausiacae
732 1502 873 1529 editionem
901 1502 1054 1529 intellexero
1073 1522 1081 1535 ,

286 1547 487 1575 communicabo
511 1546 566 1583 [Cll
587 1547 793 1575 annotationem
808 1551 932 1575 nostram
955 1555 1038 1583 supra
1053 1556 1080 1584 p.

290 1593 324 1620 ﬂ
335 1597 392 1620 not.
412 1591 451 1628 5].
470 1593 512 1619 An
528 1593 599 1620 idem
612 1593 658 1628 qui
671 1593 716 1620 hic
733 1597 828 1620 noster
843 1593 911 1620 liber
926 1593 1019 1626 fuerit,
1039 1593 1082 1621 in-

288 1643 396 1667 certum
412 1643 465 1667 est.
484 1638 552 1667 Vide
578 1644 658 1667 notas
673 1639 821 1668 Frontonis
850 1639 950 1668 Ducaei
963 1640 991 1668 in
1008 1639 1082 1668 Lau‘

288 1685 392 1712 siacam
412 1684 527 1712 Palladii
545 1684 623 1713 Tom.
641 1685 663 1712 ll
687 1684 817 1713 Biblioth.
835 1684 947 1713 Patrum
965 1693 1081 1721 graeco-

290 1731 392 1759 latinaa.
417 1731 545 1758 Auctoris
570 1731 703 1766 praefatio
723 1731 918 1767 praemittitur,
939 1732 1018 1760 cuius
1033 1731 1083 1759 ini-

287 1778 357 1805 tium
374 1777 444 1805 hoc:
458 1778 631 1812 Εὐλογητὸς
644 1779 660 1804 ὁ
676 1778 749 1810 Θεὸς
761 1779 778 1805 ὀ
792 1777 888 1806 θέλων
903 1777 1020 1811 πάντας
1030 1777 1082 1805 ἀν-

289 1824 424 1856 θρώπους
430 1823 575 1858 σωθῆναι,
583 1823 630 1850 καὶ
644 1824 688 1856 είς
699 1823 865 1858 ἐπίγνωσιν
877 1823 1020 1858 ἀληθείας
1033 1823 1082 1850 ἐλ-

289 1868 366 1895 θεῐνι
382 1870 398 1896 d
411 1869 459 1896 καὶ
473 1867 552 1904 ἡμᾶς
564 1868 775 1904 καθοδηγήσας
786 1869 836 1896 ἐπὶ
850 1869 910 1904 τὴν
919 1869 1080 1904 Αιγυπτον,

289 1912 338 1938 καὶ
346 1911 448 1946 δείξας
460 1912 534 1947 ἡμῖν
541 1912 660 1948 μεγάλα
670 1913 720 1941 καὶ
734 1913 893 1949 θαυμαστὰ
902 1913 953 1941 καὶ
963 1914 1082 1949 γραφῆς

288 1959 358 1991 ἀξια
372 1966 437 1991 etc.,
452 1959 471 1987 i.
488 1967 513 1988 e.
525 1959 682 1988 Benedictus
700 1960 782 1994 Dem,
796 1961 841 1996 qui
858 1967 947 1988 omnes
962 1961 1081 1987 homines

289 2005 342 2031 vult
359 2005 445 2032 salvos
462 2006 532 2040 ﬁeri,
548 2011 574 2033 et
589 2006 624 2033 ad
647 2007 766 2034 veritatis
795 2008 957 2042 agnitionem
981 2007 1079 2034 venire.

289 2051 342 2083 Qui
358 2055 382 2077 et
395 2051 471 2078 duxit
488 2060 534 2079 nos
549 2053 577 2079 in
596 2053 753 2087 Aegyptum,
767 2053 852 2087 ibique
868 2053 943 2080 nobis
963 2052 1080 2079 ostendit

289 2104 386 2131 magna
399 2102 424 2123 et
440 2098 587 2132 mirabilia,
599 2099 727 2126 memoria
737 2099 887 2132 scriptoque
902 2099 993 2134 digna.
1003 2098 1080 2126 Hunc

290 2141 389 2168 librum
408 2143 585 2177 conscripsit,
602 2143 701 2177 inquit,
719 2143 922 2177 παρακληθεὶς
941 2142 1080 2178 συνεχῶς

289 2186 348 2213 ὑπὸ
370 2186 426 2221 τῆς
454 2188 604 2222 εὐλαϐοῦς
621 2188 824 2222 ἁδελφότητος
840 2187 897 2223 τῆς
908 2188 943 2215 ὲν
957 2188 996 2221 τῷ
1006 2189 1079 2224 ἁγίῳ

287 2233 348 2266 ὄρει
367 2232 426 2260 τῶν
445 2234 555 2261 ἐλαιῶν
574 2234 820 2269 πολιτευομένης,
837 2234 855 2261 i.
880 2242 905 2263 e.
929 2235 1080 2270 frequenter

289 2281 396 2312 rogatus
411 2285 427 2304 a
441 2278 566 2313 religiosa
582 2278 752 2312 fraternitate
766 2287 832 2313 quae
847 2280 875 2306 in
889 2284 982 2306 sancto
993 2286 1079 2307 monte

288 2321 428 2349 Oliuarum
458 2327 638 2350 conversatur.
657 2323 791 2351 Describit
814 2329 905 2352 autem
920 2325 990 2352 vitas
1012 2333 1078 2352 san-

287 2372 396 2394 ctorum
411 2367 524 2395 Patrum
544 2368 659 2397 Joannis
684 2368 884 2405 Lycopolitani,
904 2369 1011 2398 abbatis
1028 2370 1076 2403 0r,

287 2414 441 2445 Ammonis.
462 2415 569 2443 abbatis
579 2416 645 2449 Ben,
656 2417 854 2444 monachorum
868 2417 988 2444 civitatis
1006 2417 1078 2453 Oxy-

288 2459 395 2493 rynchi,
414 2458 546 2492 Theonis,
570 2459 656 2492 Eliae,
675 2460 773 2497 Apollo
786 2482 793 2494 ,
808 2461 915 2494 Amun,
932 2461 1076 2498 Copretis,

287 2503 467 2537 Patermutii,
488 2506 596 2533 abbatis
622 2505 729 2539 Surus,
755 2507 861 2535 abbatis
888 2507 957 2540 Elle,
984 2507 1078 2543 Apelle

287 2549 411 2582 Joannis,
425 2550 586 2585 Paphnutii,
608 2553 767 2589 l’ilyrionis,
786 2553 892 2590 Eulogii
910 2555 1075 2591 presbyteri,

286 2594 400 2628 lsidori.
419 2596 592 2633 Serapionis,
607 2599 760 2635 Appollonii
777 2600 905 2636 martyris
916 2621 924 2633 ,
938 2599 1074 2633 Dioscori,

287 2642 482 2670 monachorum
508 2643 628 2678 Nitriae,
644 2646 759 2673 alterius
784 2645 943 2678 Ammonii,
961 2646 1075 2674 alterius

286 2687 392 2723 Didymi
415 2689 605 2722 oculatissimi,
621 2690 769 2719 Chronidis
795 2695 822 2719 et
839 2698 934 2718 eorum
949 2691 996 2726 qui
1011 2699 1074 2719 cum

284 2740 320 2761 eo
334 2739 424 2766 erant,
445 2735 558 2764 Macarii
574 2737 710 2773 Aegyptii,
725 2737 828 2770 Amun,
844 2736 957 2765 Macarii
972 2745 1075 2774 cogno-

285 2785 378 2808 mento
406 2781 556 2815 πολιτικοῦ,
583 2783 659 2810 Pauli
686 2783 837 2818 simplicis,
858 2783 1008 2811 Ammonae
1024 2803 1031 2815 ,
1046 2787 1074 2811 et

284 2824 410 2854 Joannis.
433 2826 537 2855 Deinde
552 2828 760 2855 enumeratione
779 2828 851 2856 [acta
868 2828 1052 2863 periculorum
1063 2848 1072 2861 ,

284 2872 386 2905 quibus
402 2871 454 2900 hac
475 2873 503 2900 in
517 2873 738 2908 peregrinatione
752 2873 914 2911 perfunctus
925 2877 977 2908 est,
994 2874 1071 2903 clau-

283 2916 325 2944 dit
339 2917 386 2946 fol.
405 2917 472 2951 322,
492 2926 584 2947 verso.
602 2927 612 2944 ι

1135 940 1278 972 relictum
1295 948 1365 970 esse
1379 940 1413 970 in
1429 939 1674 971 Continuatione
1686 940 1740 972 illa
1754 942 1859 982 operis
1869 943 1929 974 Eu-

1135 991 1227 1029 sebii,
1245 999 1340 1031 quam
1359 990 1455 1022 modo
1473 990 1679 1022 laudavimus.

1177 1043 1237 1081 57.
1263 1045 1298 1073 Μ
1321 1041 1399 1074 haec
1425 1041 1554 1082 quidem
1579 1042 1618 1074 de
1639 1043 1765 1076 Ruﬁno.
1783 1045 1872 1076 Nunc
1888 1045 1927 1077 ad

1138 1095 1305 1134 Evagrium
1332 1097 1541 1131 transeamus,
1560 1094 1615 1134 qui
1632 1095 1717 1126 varia
1737 1095 1777 1127 de
1800 1096 1928 1128 senibus

1137 1146 1253 1186 scripta
1264 1144 1402 1185 reliquit,
1416 1144 1450 1174 in
1470 1144 1586 1184 quibus
1594 1144 1633 1175 de
1651 1145 1785 1176 Macario
1801 1148 1849 1176 ter
1863 1149 1930 1176 tan-

1137 1203 1205 1229 tum
1226 1196 1377 1237 loquitur.
1403 1195 1473 1226 Fuit
1490 1196 1517 1226 is
1542 1199 1620 1227 natu
1640 1196 1741 1227 maior
1767 1196 1927 1234 Palladio;

1137 1246 1189 1278 hic
1223 1247 1307 1277 enim
1338 1246 1423 1286 apud
1450 1246 1611 1276 Socratem
1640 1246 1724 1277 illius
1756 1246 1928 1287 discipulus

1137 1297 1329 1338 appellatur,
1342 1297 1386 1327 ita
1399 1300 1516 1333 tamen,
1532 1299 1566 1327 ut
1578 1296 1685 1337 paullo
1705 1300 1778 1337 post
1794 1300 1928 1328 mortem

1140 1370 1173 1383 λ..

1168 1410 1207 1445 (1)
1227 1409 1387 1437 Tillemont.
1405 1409 1550 1437 Mémoires
1564 1409 1597 1437 T.
1613 1409 1661 1437 Xll
1672 1414 1700 1438 et
1715 1411 1813 1438 iterum
1833 1410 1866 1438 Τ.
1877 1410 1925 1438 XV

1133 1456 1241 1487 statuit,
1254 1455 1382 1482 Ruﬁnum
1397 1455 1499 1483 librum
1515 1455 1668 1483 secundum
1684 1464 1740 1483 non
1753 1457 1864 1485 nomine
1878 1465 1929 1485 suo

1133 1502 1290 1536 scripsisse,
1307 1501 1354 1529 sed
1368 1501 1492 1535 alterius,
1504 1500 1625 1528 Petronii
1645 1501 1753 1529 scilicet
1772 1501 1930 1531 Bononien-

1133 1549 1172 1577 sis
1182 1548 1317 1583 episcopi,
1326 1548 1401 1574 cuius
1419 1548 1509 1574 itineri
1522 1547 1693 1575 describenda
1704 1547 1838 1575 calamum
1849 1557 1929 1577 suum

1133 1593 1318 1622 commodarit.
1331 1593 1434 1621 Nititur
1457 1591 1626 1621 Tillemontii
1647 1595 1849 1629 argumentatio
1869 1595 1929 1623 loco

1133 1638 1285 1670 Gennadii,
1305 1637 1352 1674 qui
1379 1645 1442 1673 cap.
1458 1637 1516 1666 XLI
1534 1648 1541 1666 :
1568 1648 1577 1665 ι
1598 1638 1743 1666 Petronius
1756 1659 1764 1670 ,
1782 1647 1792 1664 ι
1821 1639 1928 1675 inquit,

1136 1692 1146 1710 ι
1168 1683 1315 1719 scripsisse
1341 1687 1454 1719 putatur
1486 1684 1558 1712 vitas
1586 1688 1696 1719 patrum
1730 1684 1927 1712 monachorum

1132 1730 1258 1766 Aegypti.
1276 1739 1286 1756 ι
1307 1729 1360 1757 Sed
1377 1730 1488 1757 doctum
1515 1730 1605 1758 virum
1633 1737 1743 1758 errasse
1762 1730 1927 1758 dissertatio

1132 1776 1166 1805 de
1191 1777 1246 1804 vita
1267 1776 1399 1810 Petronii,
1417 1783 1489 1812 quae
1510 1775 1568 1803 ΔΑ.
1596 1776 1647 1804 SS.
1665 1776 1735 1804 Boll.
1765 1776 1827 1804 Oct.
1850 1776 1882 1804 Τ.
1904 1777 1926 1804 ll

1132 1830 1159 1858 p.
1176 1822 1229 1849 4‘22
1243 1830 1304 1858 sqq.
1325 1826 1426 1854 exstat,
1441 1830 1503 1858 pag.
1515 1821 1777 1856 428.429,dilucide
1793 1823 1925 1851 ostendit.

1171 1868 1210 1904 (2)
1228 1867 1260 1896 In
1285 1868 1382 1896 codice
1405 1876 1457 1896 ms.
1487 1868 1572 1896 11851
1594 1867 1780 1896 Bibliothecae
1805 1868 1928 1904 Burgum

1132 1913 1211 1943 dicae
1236 1914 1425 1943 Bruxellensis
1449 1913 1512 1942 Sec.
1533 1913 1617 1947 XVII,
1629 1914 1673 1946 1ο,
1688 1914 1844 1942 invenimus
1864 1916 1928 1949 Διη-

1131 1957 1248 1992 γήματα
1272 1958 1339 1993 περὶ
1363 1958 1418 1986 τοῦ
1440 1958 1514 1991 ,βίου
1539 1955 1597 1984 τῶν
1613 1957 1706 1993 ἁγίων
1728 1957 1881 1992 πατέρων,
1897 1959 1926 1985 in

1132 2011 1249 2039 quorum
1267 2004 1320 2032 line
1334 2003 1404 2031 haec
1415 2004 1498 2031 verba
1514 2003 1642 2039 leguntur
1661 2012 1668 2030 :
1687 2012 1697 2028 ‹
1709 2002 1752 2028 Ea;
1766 2011 1816 2030 ms.
1828 2003 1927 2030 Biblio-

1131 2050 1221 2077 theeae
1235 2051 1407 2085 Augustanae
1424 2050 1535 2082 ταύτας
1550 2050 1604 2081 τὰς
1616 2048 1771 2083 διηγήσεις
1788 2048 1926 2083 descripsit

1130 2095 1183 2130 [ide
1211 2103 1263 2131 qua
1291 2095 1381 2122 debuit
1412 2093 1534 2121 Danielis
1544 2093 1654 2120 Doridis
1675 2101 1709 2121 ea;
1737 2094 1822 2129 fratre
1845 2103 1925 2130 nepos

1130 2142 1301 2169 Hoescltelius
1319 2142 1394 2168 Anno
1412 2140 1442 2168 S.
1456 2140 1493 2168 N.
1510 2140 1579 2168 1664
1593 2148 1681 2168 mente
1693 2140 1837 2169 Januario.
1854 2152 1864 2167 ν
1889 2142 1923 2174 Is.

1129 2188 1176 2222 qui
1189 2187 1310 2215 codicem
1326 2186 1484 2222 descripsit,
1498 2186 1527 2214 in
1540 2186 1687 2215 schedulae
1705 2187 1788 2215 fronti
1809 2187 1925 2223 adgluti-

1129 2235 1210 2258 natae
1230 2239 1291 2267 pag.
1307 2231 1319 2258 1
1336 2231 1441 2258 notavit
1461 2231 1533 2258 haec
1546 2231 1646 2259 verba:
1665 2232 1720 2259 Τοῦ
1741 2241 1851 2267 μακαρ.
1874 2233 1925 2261 καὶ

1129 2277 1293 2312 ἀτιωτάτου
1309 2277 1483 2305 Παλλαδίου
1497 2278 1666 2305 ἐπισκόπου
1687 2279 1926 2314 Έλενουπόλεως

1128 2323 1204 2357 πρὸς
1225 2323 1350 2351 Λαῦσον
1369 2324 1568 2358 πραιπόσιτον
1595 2323 1762 2359 διηγήματα
1780 2326 1846 2360 περὶ
1871 2326 1924 2353 τοῦ

1125 2369 1199 2400 ,βίου
1214 2368 1273 2395 τῶν
1284 2369 1377 2404 ἁγίων
1390 2368 1536 2402 πατέρων.
1551 2367 1596 2395 E1:
1614 2368 1703 2396 codice
1725 2371 1924 2398 membranaue

1129 2414 1307 2442 Bibliothecae
1325 2415 1509 2450 Augustanae.
1527 2414 1604 2447 Quod
1621 2416 1650 2443 in
1668 2416 1788 2450 margine
1803 2417 1924 2450 saepius-

1128 2461 1186 2488 cule
1197 2460 1276 2487 huius
1294 2461 1440 2496 apographi
1465 2462 1648 2495 compendiose
1667 2461 1766 2496 legitur
1780 2468 1925 2489 exoratum

1128 2514 1196 2541 σημ,
1212 2506 1279 2533 nihil
1294 2506 1368 2533 aliud
1391 2510 1430 2533 est
1444 2514 1524 2541 quam
1540 2506 1695 2542 σημείωσαι
1709 2507 1729 2534 i.
1745 2515 1771 2534 c.
1785 2512 1862 2538 nota.
1876 2507 1924 2534 ob-

1126 2560 1218 2584 serva,
1235 2560 1245 2576 ›
1261 2555 1327 2584 etc.,
1346 2559 1408 2587 pag.
1425 2551 1443 2579 2
1458 2553 1576 2580 indicem
1593 2552 1715 2587 capitum
1732 2553 1817 2581 latine
1836 2561 1924 2589 appo-

1127 2599 1192 2626 suit.
1202 2598 1296 2633 Capita
1307 2603 1398 2626 autem
1410 2606 1508 2634 graeca
1520 2599 1593 2627 illius
1604 2598 1666 2626 libri
1677 2599 1714 2625 ita
1724 2606 1754 2626 se
1764 2600 1922 2635 excipiunt:

1127 2644 1148 2672 1.
1168 2644 1236 2678 Περὶ
1256 2644 1395 2672 Ἰωάννου
1412 2644 1466 2672 τοῦ
1480 2644 1621 2678 ἐνΛυκῷ,
1633 2645 1699 2672 ἐστὶ
1710 2645 1745 2672 δὲ
1760 2645 1849 2679 πόλις
1863 2647 1922 2680 θη-

1128 2689 1239 2722 σατδος.
1248 2689 1420 2726 Ἐθεασάμην
1437 2688 1484 2718 οὖν
1502 2691 1530 2717 ὲν
1539 2692 1595 2722 τοῖς
1609 2690 1694 2726 ὁρίοις
1709 2691 1791 2718 Λυκῶ
1805 2692 1854 2728 τῆς
1866 2692 1922 2728 Θη-

1128 2736 1221 2767 ϐαΐδος
1233 2735 1279 2762 τὸν
1297 2737 1385 2771 μέγαν
1399 2737 1447 2764 καὶ
1462 2736 1734 2772 μακάριονῚωάννην
1744 2737 1829 2773 ἄνδρα.
1845 2738 1922 2772 ἄγων

1125 2779 1233 2816 ἀληθῶς
1240 2789 1267 2808 κ.
1273 2790 1298 2808 τ.
1306 2781 1330 2808 λ.
1339 2782 1377 2817 (in
1385 2783 1447 2810 cod.
1457 2790 1484 2817 p.
1494 2782 1506 2809 1
1516 2783 1602 2818 sqq.).
1610 2782 1642 2809 ll.
1650 2784 1721 2817 Περὶ
1728 2783 1862 2818 ’Ἠρωνος
1868 2785 1922 2812 τοῦ

1125 2827 1268 2861 ἀκριϐοῦς
1278 2828 1327 2854 καὶ
1339 2828 1483 2862 ἐναρέτου
1498 2828 1552 2855 τὸν
1567 2829 1640 2861 ,βίον
1654 2830 1704 2857 καὶ
1725 2830 1919 2864 xei-066500...

1126 2873 1250 2907 γειτνιῶν
1263 2882 1308 2909 μοι
1323 2873 1520 2909 Ἀλεξανδρέως
1528 2882 1555 2900 κ.
1567 2883 1593 2901 τ.
1602 2874 1625 2901 λ.
1639 2875 1678 2910 (p.
1687 2875 1721 2902 50
1731 2875 1815 2911 sqq.),
1826 2875 1918 2904 ﬁnitur

1127 2918 1186 2955 μετ’
1192 2919 1285 2954 ὀλίγας
1293 2919 1410 2956 ἡμέρας.
1418 2919 1463 2948 Ill.
1471 2919 1542 2954 Περὶ
1549 2920 1608 2948 τῶν
1617 2921 1862 2956 Ταὸεννησιωτῶν
1869 2921 1918 2950 καί
