2060 3153
160 179 196 208 33
929 180 1040 210 vma.
1744 189 1781 218 54

160 239 300 271 Valentis
316 238 457 278 Augusti,
474 238 529 280 qui
540 247 624 271 anno
637 239 693 271 378
703 240 792 278 obiit,
806 243 940 282 uterque
955 244 977 272 A
991 243 1183 283 transegisse
1194 243 1244 274 vix
1258 243 1456 276 crediderim.
1472 243 1507 275 Id
1522 244 1607 276 enim
1622 253 1661 277 ex
1672 246 1783 281 Ruﬁni

160 290 303 322 ﬂoruerit
321 289 375 329 (1).
392 290 543 328 Evagrius
558 290 592 321 in
607 289 828 322 solitudinibus
847 294 947 332 Aegy-

160 340 206 379 pti
216 339 285 380 ipse
297 339 466 370 solitariam
476 339 570 370 vitam
578 340 677 378 duxit,
685 344 715 371 et
720 340 858 373 Palladio
868 345 946 373 teste

158 389 387 429 quinquaginta
410 392 547 429 quatuor
560 397 661 420 annos
675 393 766 421 natus
787 391 821 422 in
834 391 944 422 solitu-

159 440 232 470 dine
246 440 383 470 animam
398 439 510 471 eﬂlavit
528 438 581 479 (2).
597 440 684 472 Unus
702 449 740 472 ex
755 445 876 482 septem
892 451 944 474 so-

159 489 216 521 ciis
228 489 298 527 fuit,
314 489 398 520 inter
417 498 499 530 quos
511 489 667 521 Palladius
683 494 714 521 et
729 491 801 522 libri
816 492 947 523 secundi

159 539 295 579 scriptor
320 547 337 570 e
359 539 457 570 Nitria
473 539 514 570 ad
528 537 682 571 Joannem
711 541 744 572 in
755 542 840 582 Lyco
869 552 945 583 pro-

158 590 233 621 fecti
247 593 320 621 sunt
335 590 391 631 (3).
407 591 551 631 Scriptor
561 591 690 630 quidem
706 592 765 623 iste
780 594 946 633 Evagrium

158 641 192 672 in
203 641 305 672 Celliis
330 642 403 673 vidit
415 641 479 682 (4);
505 643 652 682 Evagrius
665 643 734 683 ipse
753 643 787 674 in
801 643 889 676 libris
906 645 947 677 ad

158 691 336 723 Anatolium
343 692 478 723 amicum
486 692 610 733 scriptis
623 701 656 724 se
666 693 700 724 in
709 694 799 725 Scete
810 695 946 727 residere

159 743 324 782 proﬁtetur
360 742 413 783 (5).
439 744 541 780 Quum
567 744 717 783 Evagrius
746 744 847 776 tribus
871 745 947 776 solis

159 792 239 824 locis
269 792 310 832 (6)
338 794 377 825 de
401 794 543 825 Macariis
576 793 733 834 loquatur,
758 803 874 835 neque,
907 796 946 827 de

159 852 299 883 quonam
331 844 465 875 Macario
491 847 607 881 narret,
639 845 756 886 ubique
780 847 943 884 addiderit,

159 894 233 925 licet
245 898 345 926 aetate
360 895 474 927 ceteris
484 895 656 933 antecedat,
678 899 709 927 et
723 905 785 927 una
799 905 869 928 cum
884 898 946 928 Ma-

159 945 250 975 cariis
263 945 295 976 in
310 944 371 976 illis
390 945 574 984 regionibus
597 946 650 981 33
675 946 787 978 eodem
800 952 944 987 tempore

158 995 279 1032 vixerit,
290 997 362 1035 post
376 995 549 1033 Palladium
562 998 593 1026 et
603 996 753 1027 Ruﬁnum
768 1000 879 1028 testem
893 1007 945 1029 au-

157 1045 218 1076 diri
230 1054 302 1076 eum
319 1048 570 1077 consentaneum
584 1045 718 1077 videtur.

198 1105 211 1141 §
231 1103 248 1134 8
263 1104 413 1134 Venimus
427 1103 466 1134 ad
481 1103 512 1133 S.
536 1103 775 1143 Hieronymum.
800 1104 857 1140 Qui
881 1113 944 1136 non

157 1154 218 1184 nisi
234 1154 337 1185 oblata
364 1153 531 1185 occasione
551 1153 717 1193 obiterque
741 1153 781 1184 de
805 1155 944 1185 Macariis

157 1202 308 1243 loquitur,
323 1203 379 1234 sed
394 1211 488 1234 unam
499 1203 592 1234 nobis
606 1202 819 1234 difficultatem
835 1203 873 1234 de
884 1205 945 1235 Ma-

157 1253 398 1294 carioquodam
418 1253 525 1284 obiicit
538 1253 590 1293 (7),
611 1262 705 1293 quam
725 1262 783 1284 suo
805 1254 875 1285 loco
892 1263 945 1285 ex-

159 1304 334 1345 pediemus.
346 1303 476 1334 Multum
491 1304 645 1344 temporis
658 1304 691 1334 in
701 1306 842 1344 Aegypto
855 1305 944 1336 illum

159 1388 196 1416 τὰ
214 1388 280 1423 περὶ
294 1389 347 1416 τὸν
361 1387 446 1423 ἄτιον
461 1388 629 1424 Παχὼμιον.
641 1389 809 1424 Ταὸἐννησίς
825 1389 884 1416 ἐστι
898 1388 944 1415 τό-

156 1442 208 1466 m;
221 1435 249 1460 ἐν
261 1436 293 1470 τῇ
304 1434 414 1470 Θηϐαΐδι
429 1443 455 1461 κ.
473 1443 500 1463 τ.
513 1435 538 1462 λ.
554 1437 592 1470 (p.
612 1436 647 1463 55
665 1436 750 1470 sqq.),
768 1435 830 1462 ﬁnis
845 1444 851 1462 :
868 1435 944 1461 ἀκοι-

155 1481 290 1516 νωνήτους
314 1481 440 1515 ποιήσας.
464 1480 508 1508 IV.
533 1481 604 1515 Περὶ
626 1480 681 1515 τῆς
705 1481 944 1516 ὐποκρινομένης

151 1526 268 1561 μωρίαν
280 1526 442 1560 παρθένου.
466 1527 512 1553 Ἐν
527 1526 615 1562 τούτῳ
634 1526 673 1561 τῷ
689 1527 862 1562 μοναστηρίῳ
875 1535 944 1561 παρ-

997 292 1148 331 Apologia
1164 293 1376 332 [Invectiva]ll
1383 294 1488 334 colligi
1498 297 1614 334 potest,
1626 304 1688 335 qua
1709 297 1784 336 legi-

998 345 1061 373 tur:
1072 354 1084 370 α
1093 343 1235 374 Ceterum
1246 343 1306 375 iste
1317 343 1358 381 [S.
1371 344 1605 384 Hieronymus],
1614 346 1707 385 quiin
1717 349 1782 378 tota

995 394 1057 425 vita
1067 402 1124 425 sua
1136 402 1201 426 non
1210 397 1295 426 totos
1300 395 1424 434 triginta
1434 395 1722 433 diesAlexandriae,
1729 397 1782 428 ubi

997 448 1065 476 erat
1088 445 1252 485 Didymus,
1278 448 1492 478 commoratus
1523 449 1581 482 est,
1613 455 1673 487 per
1699 449 1782 478 totos

996 504 1098 537 paene
1122 495 1245 528 libellos
1273 505 1351 528 suos
1372 496 1467 535 longe
1491 496 1616 536 lateque
1635 505 1670 528 se
1689 497 1784 528 iactat

995 547 1120 587 Didymi
1128 546 1264 578 videntis
1277 555 1349 578 esse
1363 546 1564 586 discipulum,
1575 549 1606 578 et
1616 551 1779 586 καθηγητήν,

995 597 1029 629 id
1044 600 1090 628 est
1102 602 1352 638 praeceptorem,
1365 597 1399 627 in
1413 596 1581 637 Seripturis
1596 597 1711 628 sanctis
1729 596 1785 628 ha-

995 647 1101 679 buisse
1116 647 1294 686 Didymum.
1312 648 1350 678 Et
1361 647 1463 678 omnis
1478 647 1537 678 ista
1556 646 1701 678 iactantia
1716 655 1783 679 uno

995 706 1103 729 mense
1118 697 1257 738 quaesita
1272 700 1318 730 est
1326 697 1380 738 (8).
1391 709 1405 725 ιο
1426 698 1609 737 Quanquam
1630 699 1734 728 autem
1750 698 1781 728 S.

995 748 1206 788 Hieronymus
1230 747 1437 779 Alexandriae
1465 747 1691 787 aliquantisper
1712 750 1783 778 tan-

995 803 1061 830 tum
1070 799 1236 840 Didymum
1257 799 1419 830 auditurus
1434 798 1587 835 consedit,
1602 801 1719 836 tamen,
1730 806 1786 829 an-

995 852 1121 889 tequam
1139 849 1173 880 in
1190 848 1396 880 Palaestinam
1415 848 1546 886 rediret,
1558 848 1691 888 Aegypti
1712 855 1784 879 mo-

996 899 1131 930 nasteria
1146 898 1332 938 peragravit.
1347 898 1419 937 Ipse
1435 897 1519 928 enim
1536 897 1663 928 scribit:
1676 908 1690 924 u
1700 897 1783 928 Con-

996 949 1083 980 tendi
1103 950 1291 988 Aegyptum,
1312 946 1440 978 lustravi
1458 947 1647 978 monasteria
1665 946 1783 978 Nitriae

995 1002 1027 1030 et
1038 998 1120 1029 inter
1133 999 1320 1028 Sanctorum
1332 996 1447 1028 choros
1457 995 1583 1036 aspides
1598 995 1694 1028 latere
1705 1005 1782 1037 per-

995 1048 1084 1088 spexi
1097 1047 1152 1088 (9),
1167 1058 1181 1076 »
1198 1046 1389 1086 Origenistas
1403 1046 1595 1085 intelligens,
1611 1046 1728 1086 quibus
1739 1045 1786 1079 fa-

995 1096 1368 1135 vebatRuﬁnus.Singula
1379 1096 1483 1135 igitur,
1496 1103 1577 1136 quae
1592 1104 1649 1135 per
1658 1096 1690 1126 S.
1705 1095 1783 1128 Hio-

996 1147 1122 1187 ronymi
1143 1155 1240 1187 Opera
1259 1155 1369 1187 Sparsa
1395 1145 1434 1177 de
1460 1145 1600 1177 Macariis
1623 1145 1782 1186 leguntur,

997 1201 1071 1239 post
1082 1198 1202 1237 Evagrii
1214 1197 1283 1228 loca
1298 1195 1551 1228 diiudicabi-mus.

1039 1257 1063 1294 δ.
1080 1255 1109 1285 9.
1132 1255 1266 1286 Ultimus
1281 1262 1314 1285 se
1329 1253 1421 1285 nobis
1443 1252 1535 1284 offert
1554 1252 1728 1284 Cassianus.
1752 1252 1784 1285 Is

997 1309 1130 1337 exeunte
1148 1304 1274 1336 saecqu
1299 1306 1422 1344 quarto,
1437 1311 1535 1344 quum
1547 1303 1668 1334 iuvenis
1686 1306 1781 1341 esset,

994 1386 1130 1425 γήσασθαι
1147 1387 1211 1423 περὶ
1223 1386 1271 1413 τοῦ
1286 1386 1391 1413 παιδίου
1410 1385 1536 1420 Μελάνης
1549 1394 1576 1412 κ.
1593 1394 1619 1412 1.
1635 1384 1661 1413 1.
1673 1385 1712 1421 (p.
1729 1385 1783 1414 105

993 1435 1078 1470 sqq.),
1095 1434 1157 1461 ﬁnis
1175 1442 1181 1460 :
1196 1433 1243 1460 καὶ
1258 1432 1401 1468 παρθένων
1413 1431 1460 1458 καὶ
1476 1430 1612 1458 δουλίδων.
1627 1430 1782 1466 ΧΙν.Περι

993 1479 1155 1508 Πιγνιανοῦ
1166 1478 1220 1506 τοῦ
1234 1477 1344 1512 ἀνδρὸς
1355 1476 1457 1511 αὐτῆς.
1478 1476 1593 1512 Ὁμοίως
1605 1477 1652 1504 καὶ
1671 1477 1782 1504 Πιννια-

994 1527 1038 1558 νὸς
1054 1528 1068 1553 ὁ
1083 1525 1144 1553 τότε
1162 1525 1232 1561 ἀνὴρ
1247 1525 1345 1559 αὐτῆς,
1360 1523 1407 1551 νῦν
1420 1523 1449 1551 δὲ
1467 1524 1517 1559 τῆς
1537 1523 1637 1560 ἀρετῆς
1652 1523 1781 1559 σύνεργος

155 1572 231 1604 οένος
247 1580 288 1604 τις
301 1570 336 1608 ἦν
354 1581 382 1599 κ.
405 1581 430 1599 1.
454 1571 479 1598 λ.
503 1572 542 1607 (p.
560 1572 594 1600 40
613 1572 698 1607 sqq.),
721 1573 782 1601 linis
800 1581 807 1599 :
824 1573 872 1599 καὶ
890 1571 940 1598 ὑπὸ

994 1582 1021 1600 κ.
1035 1582 1061 1600 τ.
1073 1573 1098 1600 λ.
1109 1572 1147 1607 (p.
1161 1572 1234 1606 109),
1248 1571 1328 1598 ﬁnis:
1343 1570 1434 1606 ἔργοις
1448 1571 1496 1606 τῆς
1506 1570 1620 1606 ἀρίστης
1631 1569 1779 1602 πολιτείας.

153 1618 209 1644 τῶν
220 1618 349 1645 πλειόνων
357 1617 564 1653 μυσαττομένη.
579 1617 612 1645 V.
626 1618 696 1652 Περὶ
707 1618 856 1652 Πιτηρούμ
869 1616 942 1653 [ﬁnis

154 1664 237 1692 huius
258 1664 377 1692 nominis
399 1664 427 1691 in
451 1663 546 1691 codice
567 1663 638 1691 lectu
658 1663 774 1691 difﬁcilis
792 1662 855 1699 est].
875 1663 942 1698 Περὶ

153 1709 256 1745 ταύτης
271 1710 320 1745 τῆς
338 1709 415 1742 ὁσίας
434 1709 474 1745 τῷ
493 1708 564 1744 ἁγίῳ
578 1709 721 1744 Πιτηροὺμ
735 1707 846 1744 [nomen
871 1708 942 1736 lectu

154 1755 264 1783 diﬁicile
282 1755 336 1791 est]
354 1755 476 1791 παρέστη
493 1754 607 1789 ἄγγελος
620 1763 647 1781 κ.
664 1762 689 1781 1.
707 1753 732 1780 1.
753 1755 792 1789 (p.
806 1754 841 1781 42
855 1753 938 1789 sqq.),

155 1801 248 1828 ﬁnitur
258 1810 265 1828 ;
275 1801 338 1836 περὶ
347 1800 397 1836 τῆς
410 1800 536 1834 γενναίας
546 1799 645 1834 ταύτης
655 1800 804 1835 μακαρίας.
817 1799 861 1826 VI.
871 1799 941 1833 Περὶ

154 1847 282 1882 Διδύμου
290 1847 344 1874 τοῦ
352 1846 410 1874 ἀπὸ
423 1845 560 1881 ὀμμάτων
567 1845 617 1873 καὶ
627 1845 778 1881 ἑρμηνέως
787 1845 846 1872 τῶν
854 1845 941 1872 θείων

147 1891 288 1926 Γραφῶν,
306 1900 333 1918 κ.
356 1900 382 1918 τ.
408 1891 434 1918 λ.
456 1891 494 1926 (p.
521 1891 556 1919 l5
583 1891 672 1926 sqq.),
694 1890 808 1919 ﬁnitur:
823 1891 871 1918 καὶ
891 1890 940 1926 τὴν

154 1938 300 1974 ἑϐδομάδα,
311 1938 357 1965 καὶ
367 1938 479 1975 εὕρηται
490 1939 584 1971 οὕτως.
594 1938 651 1966 VII.
659 1938 730 1974 Περὶ
740 1938 938 1973 Παφνουτίου.

154 1984 213 2019 Μιᾷ
234 1983 288 2011 τῶν
310 1984 420 2020 ἡμερῶν
437 1985 632 2021 συνδραμόντος
655 1985 703 2012 καὶ
726 1984 894 2019 Παφνουτίου
910 1993 937 2011 κ.

154 2037 180 2056 τ.
194 2029 220 2056 1.
238 2035 275 2065 (p.
290 2030 324 2056 47
347 2031 437 2066 sqq.),
453 2030 547 2058 ﬁnitur
562 2040 569 2058 :
589 2031 652 2062 τοὺς
675 2029 838 2064 ἀλλοφύλους
854 2031 893 2062 εἰς
909 2029 940 2057 τὸ

153 2073 216 2110 ὅρος
231 2075 277 2101 τοῦ
291 2075 384 2102 δουκᾶ.
396 2075 464 2103 VIII.
477 2077 546 2111 Περὶ
563 2076 616 2103 τοῦ
628 2076 725 2103 ἄλλου
737 2075 937 2111 Παφνουτίου.

159 2118 344 2154 Ἐθεασάμεθα
367 2120 396 2147 δὲ
421 2121 469 2148 καὶ
484 2120 529 2147 τὸν
545 2119 626 2146 τόπον
646 2120 813 2154 Παφνουτίου
825 2128 852 2146 κ.
866 2127 893 2146 τ.
911 2118 936 2145 λ.

151 2164 190 2200 (p.
207 2165 242 2193 56
258 2167 343 2201 sqq.),
357 2166 420 2194 ﬁnis
430 2172 473 2194 est
489 2175 496 2194 :
515 2166 563 2193 καὶ
576 2166 700 2200 ἀγγέλων
713 2165 938 2201 ἀναλαμϐανόμε-

150 2219 195 2238 νον
212 2212 368 2247 ὑμνούντων
382 2212 427 2239 τὸν
438 2213 513 2240 Θεὸν.
529 2211 574 2239 IX.
586 2211 656 2246 Περὶ
667 2211 720 2239 τοῦ
731 2212 766 2238 ἐν
780 2212 876 2246 ἁγίοις
888 2211 938 2238 καὶ

995 1618 1052 1646 XV.
1069 1618 1137 1652 Περὶ
1156 1617 1211 1652 τῆς
1224 1617 1450 1652 ὑποδεξαμένης
1463 1615 1612 1650 παρθένου
1624 1616 1678 1643 τὸν
1685 1616 1781 1651 μακά-

991 1675 1059 1701 ριον
1086 1664 1274 1693 Ἀθανάσιονη
1306 1663 1444 1699 Παρθένον
1471 1661 1529 1689 οἶδα
1553 1662 1603 1698 τὴν
1633 1662 1663 1689 ὲν
1689 1661 1782 1695 Ἀλεξ-

994 1711 1113 1747 ανδρείᾳ,
1128 1713 1163 1747 ἤν
1180 1709 1331 1746 κατείληφα
1349 1719 1376 1737 κ.
1391 1718 1417 1736 τ.
1435 1708 1460 1736 λ.
1479 1709 1517 1744 (p.
1534 1708 1585 1735 109
1596 1708 1682 1744 sqq.),
1699 1708 1779 1736 ﬁnis:

994 1759 1034 1790 εἰς
1049 1758 1098 1794 τὴν
1117 1758 1186 1794 ἐμὴν
1207 1757 1286 1790 δόξαν
1308 1757 1356 1783 καὶ
1376 1756 1535 1790 ἀσφάλειαν.
1550 1753 1620 1782 XIV.
1639 1755 1781 1789 Animmc

1000 1804 1176 1831 Ἱππολύτου
1198 1803 1252 1830 τοῦ
1280 1802 1427 1838 γνωρίμου
1453 1801 1512 1828 τῶν
1529 1800 1718 1828 ἀποστόλων.
1734 1799 1781 1826 Ἐν

993 1850 1064 1885 ἄλλῳ
1093 1849 1248 1885 βιϐλιδαρίῳ
1272 1848 1345 1885 [cod.
1370 1846 1581 1882 βιϐλωδαρίῳ]
1609 1847 1778 1882 ἐπιγεγραμ-

994 1896 1067 1932 μένῳ
1085 1896 1245 1923 Ἱππολύτου
1262 1904 1289 1923 ac.
1305 1903 1332 1922 τ.
1348 1895 1373 1921 λ.
1396 1894 1434 1929 (p.
1452 1893 1503 1921 ΗΞ
1522 1892 1606 1928 sqq.),
1625 1892 1706 1920 ﬁnis:
1725 1900 1779 1927 μα-

992 1941 1096 1977 καρίων
1120 1941 1258 1975 στεφάνων
1282 1940 1358 1976 παρὰ
1380 1940 1431 1974 τῆς
1456 1938 1551 1965 τούτου
1574 1937 1779 1973 φιλανθρωπίας

992 1987 1104 2023 ἠξιώθη.
1119 1987 1211 2022 Itaque
1224 1987 1276 2014 hoc
1293 1993 1363 2020 opus
1378 1993 1432 2013 non
1449 1989 1504 2012 tam
1518 1985 1590 2012 libro
1607 1983 1779 2011 collectionis

993 2032 1201 2061 Roswcidianae
1219 2032 1341 2060 secundo
1362 2035 1520 2064 cognatum.
1535 2037 1643 2065 quame
1661 2029 1778 2065 singulis

991 2079 1126 2115 capitibus
1140 2078 1279 2107 Historiae
1293 2078 1444 2106 Lausiacae
1463 2075 1646 2112 compositum
1662 2082 1725 2103 esse
1736 2075 1779 2102 In-

991 2125 1132 2160 telligitur.

1026 2171 1064 2206 (I)
1082 2171 1152 2198 Hist.
1164 2169 1268 2198 Eccles.
1281 2169 1327 2197 lib.
1342 2168 1377 2197 IV
1389 2175 1449 2204 cap.
1460 2167 1496 2195 2'5
1507 2166 1551 2195 ed.
1568 2165 1693 2194 Valesius
1702 2164 1774 2200 Mog.

990 2216 1059 2244 I677
1076 2224 1102 2252 p.
1114 2216 1177 2244 258.

146 2255 280 2291 μεγάλου
296 2256 405 2290 πατρὸς
421 2256 562 2284 Ἀπολλώ.
579 2256 766 2292 Ἐθεασάμεθα
776 2256 804 2283 δὲ
821 2256 865 2283 καὶ
877 2255 937 2282 ’ἐτε-

1024 2262 1063 2299 (2)
1079 2263 1149 2292 Hist.
1163 2263 1246 2291 Laus.
1262 2270 1323 2298 cap.
1337 2262 1372 2289 88
1388 2261 1457 2297 Opp.
1474 2260 1575 2289 Meurs.
1587 2261 1607 2288 l.
1625 2260 1644 2287 l.
1664 2268 1690 2296 p.
1709 2259 1772 2287 5L9.

150 2310 196 2337 ρον
221 2302 306 2338 ἄνδρα
333 2302 409 2336 ἅγιον
433 2310 460 2329 κ.
478 2311 505 2329 τ.
519 2303 545 2329 λ.
561 2304 600 2338 (p.
618 2303 652 2330 6'5
668 2302 752 2338 sqq.),
771 2301 937 2329 ﬁnitur-:15-

152 2349 292 2384 ρουσαλὴμ
308 2349 399 2381 πάσας
424 2349 474 2380 τὰς
493 2349 599 2385 ἡμέρας
624 2349 673 2384 τῆς
701 2348 773 2384 ζωῆς
799 2347 936 2384 ὑμῶνιΧ.

149 2395 220 2429 Περὶ
238 2395 292 2422 τοῦ
309 2395 345 2422 ἐν
364 2395 460 2430 ἁγίοις
477 2395 589 2429 Kcin/pri,
608 2395 643 2422 ἐν
662 2392 707 2428 οἷς
729 2395 779 2422 καὶ
797 2394 864 2429 περὶ
883 2394 938 2421 τοῦ

147 2441 281 2476 μεγάλου
294 2442 405 2475 πατρὸς
420 2442 648 2475 Πατερμουθίου.
659 2439 714 2467 Ἧν
723 2439 752 2467 δέ
763 2449 805 2472 τις
817 2439 937 2476 πρεσϐύ-

149 2494 227 2520 τερος
240 2485 310 2521 ἔχων
326 2485 441 2521 πλησίον
456 2486 514 2512 ἐκεῖ
527 2494 554 2512 κ.
566 2494 591 2512 τ.
607 2484 632 2512 λ.
649 2487 689 2520 (ρ.
710 2485 744 2512 85
758 2485 842 2520 sqq.),
855 2485 935 2512 ﬁnis:

148 2531 199 2566 τὴν
214 2530 269 2557 τῶν
281 2531 401 2565 ἀδελφῶν
422 2531 584 2558 ἀνάπαυσιν.
597 2530 643 2558 XI.
656 2530 726 2564 Περὶ
746 2529 801 2564 τῆς
816 2530 937 2565 ἀειμνή-

149 2583 225 2603 στου
247 2577 298 2603 καὶ
311 2577 459 2611 μακαρίας
485 2575 634 2610 Madv-nc.
664 2576 698 2603 Ἦ
722 2576 782 2612 τρὶς
813 2575 936 2612 μακαρία

147 2622 259 2657 Μελάνη
274 2623 366 2658 Σπάνη
379 2620 412 2658 ἦν
429 2631 455 2650 κ.
467 2631 493 2650 τ.
507 2622 532 2649 λ.
542 2622 581 2658 (p.
591 2622 626 2649 98
633 2622 715 2658 sqq.),
729 2623 841 2650 ﬁnitur:
856 2622 936 2649 ὲνῚε-

150 2668 291 2704 ρουσαλὴμ
308 2669 406 2704 ἔχουσα
423 2669 545 2696 συνοδίαν
556 2668 708 2704 παρθένων.
719 2668 776 2696 XII.
791 2670 856 2696 Ἔτι
867 2669 934 2703 περ).

148 2714 203 2748 τῆς
212 2714 347 2749 μεγάλης
360 2714 409 2741 ml
419 2715 506 2750 ἁγίας
516 2713 659 2748 Μελάνης
669 2715 759 2749 λόγος
772 2714 871 2749 ἕτερος
881 2715 934 2742 τοῦ

147 2759 251 2787 αὑτοῦ.
270 2759 338 2794 Περὶ
359 2759 407 2794 τῆς
431 2759 583 2794 θαυμασίας
608 2759 655 2786 καὶ
668 2759 749 2792 ἁγίας
774 2760 804 2786 ὲν
827 2759 934 2793 γυναιξὶ

147 2805 274 2840 Μελάνης
291 2814 317 2833 κ.
339 2813 365 2833 τ.
385 2805 411 2833 λ.
428 2805 466 2841 (p.
485 2805 537 2832 IOO
553 2805 623 2840 sq.).
638 2805 871 2841 ίὶηὶιυτεᾶπρακτα
886 2813 934 2840 με-

147 2852 313 2879 τανοούντων
333 2850 382 2885 ὀψὲ
409 2851 457 2878 τοῦ
483 2851 590 2886 καιροῦ.
606 2849 675 2878 XIII.
701 2850 771 2884 Περὶ
793 2850 932 2884 Μελάνης

147 2896 204 2931 τῆς
217 2895 372 2930 νεωτέρας.
384 2897 460 2923 Ἐπεὶ
473 2897 502 2924 δὲ
512 2897 723 2934 προῦπεσχόμην
737 2895 864 2931 ἀνωτέρω
873 2896 931 2931 διη-

307 2954 437 2984 Parnm.
465 2955 523 2986 Gn.
547 2955 692 2985 XXXIV.

1025 2310 1065 2345 (3)
1082 2309 1120 2337 De
1134 2309 1186 2336 hac
1202 2316 1231 2336 re
1242 2316 1326 2344 supra
1340 2316 1367 2343 p.
1378 2307 1410 2334 2i
1428 2307 1638 2342 disputavimus.

1024 2355 1063 2389 (ι)
1082 2354 1140 2382 vv.
1159 2354 1212 2382 pp.
1224 2354 1317 2382 Rosw.
1336 2354 1384 2381 lib.
1401 2352 1421 2380 u
1435 2361 1496 2388 cap.
1511 2353 1546 2379 ετ
1562 2360 1588 2387 ρ.
1602 2351 1664 2384 r19.
1675 2350 1704 2378 ι.

1022 2402 1061 2437 (5)
1081 2401 1206 2428 Galland.
1223 2400 1282 2428 Bibl
1310 2399 1362 2427 PP.
1374 2399 1405 2428 Τ.
1417 2399 1464 2427 VII
1478 2407 1504 2434 p.
1518 2398 1582 2427 555.

1022 2447 1060 2482 (θ)
1082 2446 1149 2473 Ibid.
1162 2454 1189 2481 p.
1211 2445 1273 2473 56!.
1288 2446 1351 2474 565.

1023 2492 1062 2527 (7)
1075 2493 1103 2519 ni
1118 2493 1172 2519 vita
1185 2490 1214 2519 S.
1230 2491 1306 2519 Pauli
1321 2491 1462 2523 eremitae,
1481 2489 1509 2517 S.
1522 2488 1634 2516 Hieron.
1645 2487 1714 2523 Opp.
1727 2486 1771 2515 ed.

986 2537 1085 2566 Bened.
1101 2537 1132 2564 Τ.
1145 2537 1188 2565 IV.
1203 2537 1233 2564 P.
1247 2537 1268 2564 II
1280 2544 1306 2572 p.
1322 2536 1367 2564 69.

1021 2583 1059 2618 (8)
1074 2582 1165 2609 Ruﬁni
1177 2582 1308 2617 Apologia
1321 2579 1481 2617 [Invectiva]
1497 2579 1525 2606 in
1538 2578 1565 2606 S.
1577 2577 1771 2612 Hieronymum

984 2628 1032 2656 lib.
1050 2628 1070 2655 II
1090 2636 1150 2663 cap.
1164 2629 1207 2661 12,
1217 2628 1287 2664 Opp.
1304 2628 1349 2655 ed.
1369 2626 1485 2654 Vallarsi
1502 2634 1529 2660 p.
1545 2625 1609 2656 567,
1624 2623 1713 2659 Migue
1724 2623 1771 2650 Pn-

985 2675 1046 2702 troI.
1063 2674 1095 2701 T.
1108 2673 1169 2701 XXI
1184 2683 1211 2710 p.
1224 2674 1294 2707 594;
1325 2673 1355 2701 S.
1379 2672 1491 2700 llieron.
1509 2670 1579 2706 Opp.
1602 2670 1646 2698 ed.
1669 2670 1769 2698 Βοηοά-

984 2721 1003 2748 I.
1021 2721 1039 2747 I.
1054 2728 1080 2755 p.
1092 2720 1152 2747 422.

1019 2766 1058 2801 (9)
1071 2766 1150 2801 Apol.
1165 2765 1228 2794 adv.
1240 2764 1369 2793 Ruﬁnum
1385 2764 1433 2792 Iib.
1448 2763 1493 2795 III,
1515 2763 1543 2790 S.
1563 2762 1676 2790 Hieron.
1700 2760 1769 2796 Opp.

983 2812 1026 2840 ed.
1043 2812 1141 2840 Bened.
1155 2812 1172 2839 I.
1189 2812 1208 2839 I.
1224 2820 1250 2847 p.
1268 2811 1321 2839 ‘59
1332 2819 1374 2846 sq.
1393 2810 1430 2838 De
1446 2810 1542 2837 itinere
1560 2809 1589 2836 S.
1614 2807 1770 2842 Hieronymi

983 2859 1011 2886 in
1032 2860 1151 2894 Aegypto
1167 2859 1204 2886 cl‘.
1222 2859 1250 2886 S.
1262 2857 1374 2886 Hieron.
1388 2859 1456 2893 Opp.
1473 2855 1518 2885 ed.
1531 2854 1620 2891 Migne
1633 2853 1665 2882 Τ.
1686 2852 1769 2889 I'Ll’a-

983 2905 1047 2932 troI.
1063 2903 1147 2941 XXII]
1159 2912 1185 2940 p.
1198 2904 1234 2932 60
1250 2911 1311 2939 sqq.
