2060 3153
255 195 293 225 55
679 195 730 224 SS.
750 195 982 225 MACARIORUM
993 195 1153 225 AEGYPTII
1172 196 1217 226 ΕΤ
1237 196 1474 226 ALEXANDRINI
1854 194 1888 222 36

257 263 298 287 ex
310 255 466 288 coenobio
481 255 743 287 Bethlehemitico
762 256 794 286 in
810 258 985 296 Aegyptum
994 264 1048 287 ve-
1067 261 1088 288 Α
1104 257 1241 289 referant
1253 266 1350 297 ,quae
1361 257 1446 298 apud
1460 260 1603 288 auctores
1618 256 1757 288 Macariis
1774 264 1891 296 aequa—

257 306 341 338 uisse
355 307 476 338 videtur
491 306 548 347 (1),
569 307 646 338 etin
667 306 733 337 sola
754 306 922 337 Thebaidis
943 315 1050 338 eremo
1101 307 1147 338 les
1159 316 1222 339 non
1239 308 1397 347 leguntur,
1414 310 1445 338 et
1466 308 1598 338 fortasse
1613 316 1652 338 cx
1671 307 1794 347 scriptis
1821 311 1894 337 sunt

255 357 456 397 septennium
475 358 613 398 explevit
631 358 693 399 (2);
709 357 794 389 unde
817 357 964 396 colligere
978 357 1051 388 licet
1101 357 1277 398 desumpta,
1300 367 1382 398 quae
1409 361 1542 389 aetatem
1566 358 1771 389 Macariorum
1797 358 1892 389 attin-

257 407 340 439 haud
357 408 506 446 exiguum
520 409 674 449 temporis
688 407 823 448 spatium
841 407 982 446 reliquae
997 415 1051 447 pc-
1101 412 1189 447 gunt.
1201 409 1253 444 35
1270 408 1361 438 Liber
1385 411 1515 448 quartus
1539 407 1773 438 Rosweidianae
1795 407 1894 438 colle-

257 457 579 496 regrinationi—nam
590 457 722 488 multum
734 455 1051 496 peregrinatusest—
1101 458 1213 489 ctionis
1238 466 1334 497 supra
1360 457 1443 488 haud
1464 457 1695 492 nominabatur,
1719 455 1803 496 quod
1827 464 1893 486 non

255 506 361 546 ipsum
377 505 583 545 impendisse.
598 507 750 537 Neutrum
774 505 979 536 Macariorum
1001 513 1052 536 su-
1101 508 1160 538 nisi
1178 507 1336 548 excerptis
1352 507 1477 547 Sulpitii
1492 507 1598 537 Severi
1617 510 1648 537 et
1665 506 1802 537 Cassiani
1814 505 1893 537 locis

256 554 419 595 perstitem
435 554 566 592 invenit,
581 554 648 591 sed,
671 562 752 594 quae
766 554 801 584 in
827 552 1048 584 Collationibus

1101 562 1233 595 constat,
1249 558 1306 598 qui
1323 557 1437 589 melius
1450 558 1484 588 in
1499 557 1601 598 plenis
1617 564 1726 588 eorum
1742 557 1830 587 libris
1844 556 1891 587 le—

256 605 383 635 Pﬂtl‘um
400 605 440 635 de
454 605 493 636 iis
511 604 617 642 refert,
636 613 675 636 el
701 604 756 640 34
783 612 839 635 ore
869 603 1051 644 Serapionis
1101 612 1229 648 guntur,
1245 612 1276 640 et
1290 608 1329 640 ad
1344 609 1544 649 superiorum
1559 608 1747 648 scriptorum
1761 607 1892 638 classem

256 653 352 688 senis,
368 656 398 684 et
412 654 593 691 Nesterotis,
610 653 818 693 antiquissimi
828 652 1048 690 anachoretae,
1101 660 1271 700 pertinent
1282 660 1392 699 Neque
1411 658 1562 699 sulpitius
1579 659 1711 689 severus
1735 657 1774 688 de
1789 659 1892 688 Maca-

257 703 380 743 accepit
405 702 674 742 (3l-Nihilominus
695 703 766 734 libri
781 703 916 734 CﬁSSiﬂni
933 702 972 734 δά
1000 710 1051 734 εο·
1101 710 1154 740 riis
1171 718 1320 749 expresse
1334 709 1458 749 uspiam
1469 709 1620 748 loquitur.
1641 708 1734 738 Libro
1750 716 1836 738 nono
1861 711 1894 739 et

258 753 471 791 gnoscendam
482 753 621 784 indolem
636 756 667 784 et
677 752 875 792 disciplinam
897 751 1048 783 solitario-

1101 760 1224 792 decimo
1237 761 1300 791 VV.
1315 761 1374 791 PP.
1386 760 1621 791 Rosweidianae
1637 758 1832 790 collectionis
1848 759 1896 789 ni-

257 812 326 834 rum
333 803 417 834 illius
427 804 579 844 temporis
589 804 695 843 magni
707 803 798 844 pretii
810 806 882 834 sunt
900 806 932 834 et
952 803 993 834 ob
1003 803 1048 834 in-

1101 810 1145 842 hil
1166 811 1205 842 de
1219 811 1361 843 Macariis
1376 811 1566 842 continetur.
1585 811 1650 841 Iam
1665 818 1739 840 vero
1753 809 1838 850 quod
1853 809 1893 840 ad

257 852 432 891 ίθὲπίῗδῐθω
449 853 610 892 scriptoris
626 856 656 883 εἴ
670 852 711 883 0b
723 851 874 892 immensi
889 859 953 892 quo
976 859 1050 882 eum
1100 861 1215 894 librum
1231 863 1356 894 tertium
1371 866 1402 893 et
1422 862 1589 902 septimum
1607 861 1728 898 attinet,
1755 860 1895 892 animad-

256 902 411 934 excellere
429 903 575 940 arbitror,
599 902 764 933 iudicium.

1101 913 1286 944 vertendum
1302 916 1360 950 est,
1376 921 1488 944 omnes
1508 912 1607 949 locos,
1630 911 1684 952 qui
1707 911 1740 942 in
1757 911 1893 951 septimo

297 955 311 991 §
337 953 384 984 10.
414 953 672 984 Commemoratis
695 955 861 983 auctorum
875 976 882 989 ,
899 951 954 992 qui
977 960 1048 983 cum

1108 940 1286 944 .--.--_"__
1305 940 1360 950 --νγ
1379 940 1486 944 -.__.--
1634 940 1684 952 νὴ

1101 963 1251 1003 leguntur
1273 963 1314 994 de
1348 963 1546 1000 Macario,.si
1565 962 1676 993 eadem
1700 962 1836 993 narratio
1860 962 1894 992 in

256 1003 397 1034 Macariis
410 1003 564 1039 vixerunt,
588 1005 642 1034 aut
661 1002 701 1032 ab
732 1010 842 1033 eorum
865 1001 1050 1053 aequalibus
1100 1001 1193 1044 ιθιῖιίο
1209 1021 1337 1053 quoque
1352 1013 1520 1053 reperitur,
1538 1021 1611 1043 cum
1630 1011 1724 1042 huius
1748 1011 1819 1042 libri
1841 1020 1893 1042 re-

256 1052 296 1084 de
308 1053 347 1084 iis
365 1053 469 1084 edocti
483 1056 568 1090 sunt,
580 1053 705 1093 scriptis
726 1055 831 1089 restat,
848 1056 882 1083 ut
901 1052 941 1083 de
963 1055 1048 1083 cete-

1100 1052 1230 1095 lationei
1247 1052 1347 1104 prope
1375 1052 1414 1094 ad
1439 1063 1569 1095 verbum
1598 1062 1788 1094 consentire.
1804 1062 1894 1094 Unde

256 1103 299 1134 ι’ίε
313 1103 464 1141 minibus:
478 1112 613 1143 quorum
634 1107 779 1134 δυοῖοτθε
792 1106 824 1134 εί
839 1105 973 1134 “mem
991 1110 1049 1133 ne'
1101 1103 1440 1150 eﬁicitur,alterutrum
1459 1114 1666 1153 interpretum
1681 1112 1714 1143 in
1728 1112 1809 1142 libro
1820 1120 1895 1143 con-

255 1155 382 1191 scimus,
399 1163 599 1194 quaeramus.
621 1155 656 1185 In
689 1154 738 1185 his
765 1153 954 1185 numerandi
978 1156 1052 1204 sunt
1101 1164 1270 1196 scribendo
1284 1173 1349 1195 ηοη
1365 1164 1466 1195 solum
1488 1164 1624 1195 eundem
1648 1172 1794 1204 graecum
1822 1166 1893 1194 πει..

254 1204 489 1236 Rosweidianae
517 1204 712 1235 collectionis
741 1204 851 1234 tertius
880 1203 936 1252 (Ir),
957 1203 1051 1243 quin-
1099 1218 1179 1252 tum'
1196 1215 1251 1246 sed
1273 1215 1366 1246 etiam
1380 1215 1507 1246 alterius
1518 1203 1695 1245 versionem,
1723 1214 1761 1244 ad
1782 1222 1894 1244 manus

254 1257 304 1285 1‘15
319 1254 373 1294 (.5):
385 1258 491 1286 semis
501 1254 541 1295 (δ)
553 1258 584 1285 θῑ
595 1254 748 1294 Septimus
760 1252 800 1294 (7)
817 1253 897 1283 liber
909 1251 1048 1288 ννιΡΡιν
1100 1265 1260 1296 habuisse.
1272 1266 1387 1296 Verum
1402 1265 1485 1296 inter
1495 1265 1610 1296 librum
1621 1265 1747 1295 tertium
1758 1267 1789 1295 et
1804 1263 1896 1303 quiu-

253 1304 445 1358 θίίὶυθέξδθξ
470 1305 705 1358 ἓθηῖὲξηίδίξξξω,
729 1307 854 1358 Ρδξηπη
876 1303 1050 1357 ΑθεΥΡῖίίξ“
1099 1318 1167 1347 tum
1182 1325 1219 1347 ea
1227 1319 1347 1347 tantum
1363 1315 1535 1347 similitudo
1543 1315 1719 1352 intercedit,
1732 1314 1808 1345 utin
1825 1322 1896 1344 nar-

254 1363 328 1385 rum
349 1353 403 1395 (8).
420 1354 477 1390 Qui
494 1354 622 1393 quidem
636 1353 708 1384 libri
723 1353 912 1392 quibusnam
930 1353 1048 1391 graecis

1100 1366 1274 1397 rationibus
1289 1365 1328 1396 de
1343 1366 1495 1403 Macariis,
1513 1374 1595 1406 quae
1622 1366 1656 1396 in
1682 1368 1817 1405 utmque
1847 1363 1894 1393 le—

254 1404 459 1455 scriptoribus
470 1413 583 1455 fuam
595 1404 749 1455 primitus?
760 1411 870 1442 graece
883 1403 1051 1455 compositi
1101 1420 1228 1455 guntur,
1259 1415 1501 1447 concinnatores
1525 1403 1643 1446 eodem
1668 1403 1782 1453 graeco
1807 1417 1893 1444 textu

254 1454 576 1494 fuerunt—originem
584 1454 731 1491 debeant,
741 1454 933 1492 ignoramus.
941 1462 977 1485 ac
984 1453 1048 1485 sola

1100 1453 1174 1495 usos
1185 1472 1254 1495 esse
1272 1463 1366 1494 statui
1378 1466 1533 1504 oporteat.
1549 1464 1639 1500 Quod
1653 1463 1738 1493 idem
1750 1463 1789 1493 de
1809 1472 1896 1494 nexu

255 1504 426 1535 latinorum
443 1505 652 1544 interpretum
667 1503 797 1534 nomina
824 1504 950 1543 cognita
964 1507 1048 1541 sunt,

1100 1513 1182 1544 inter
1191 1516 1314 1545 sextum
1329 1516 1360 1544 et
1375 1503 1502 1544 tertium
1517 1513 1632 1543 librum
1647 1512 1740 1549 valet,
1752 1511 1812 1543 hoc
1824 1512 1895 1543 solo

256 1563 295 1585 ex
330 1555 446 1595 quibus
475 1555 552 1586 istos
581 1564 709 1596 quoque
732 1555 957 1595 antiquissimis
986 1554 1048 1585 illis

1101 1564 1293 1602 discrimine,
1316 1564 1400 1604 quod
1420 1573 1483 1595 una
1498 1563 1537 1594 de
1551 1563 1693 1594 Macariis
1714 1564 1892 1595 narratiun-

255 1605 450 1645 temporibus
460 1605 594 1645 scriptos
609 1614 677 1637 esse
693 1608 835 1646 apparet.
849 1605 983 1636 Tantum
994 1613 1048 1636 ve-

1101 1613 1170 1644 cula
1182 1612 1214 1643 in
1231 1616 1366 1652 utroque
1378 1612 1489 1643 iisdem
1505 1611 1607 1643 verbis
1618 1611 1737 1643 reddita
1749 1616 1805 1643 est.
1819 1612 1896 1643 Sen-

256 1663 292 1687 ro
307 1656 406 1693 abest,
421 1659 455 1686 ut
466 1655 504 1686 iis
517 1655 643 1696 propria
657 1656 856 1686 contineatur
867 1658 1048 1695 temporum

256 1715 432 1746 senumque
448 1704 628 1746 descriptio,
645 1706 770 1746 qualem
801 1705 873 1737 libri
904 1705 1046 1743 Palladii,

256 1757 371 1795 Ruﬁni,
391 1757 524 1788 aliorum
535 1757 698 1797 praebent,
718 1760 753 1788 ut
771 1756 849 1787 nihil
871 1757 932 1787 nisi
947 1756 1047 1788 colle-

256 1807 318 1839 ctio
354 1806 542 1838 relationum
575 1809 605 1837 et
631 1807 855 1838 sententiarum
884 1807 1049 1838 videantur

257 1860 475 1897 congestarum
487 1867 526 1888 ex
539 1857 631 1888 variis
647 1858 687 1889 de
703 1867 815 1889 senum
832 1858 894 1888 vita
912 1858 1049 1889 et‘disci—

257 1907 342 1948 plina
356 1908 480 1947 scriptis
495 1908 560 1939 sive
587 1907 758 1948 deperditis
780 1912 832 1939 aut
858 1909 891 1939 in
918 1908 1048 1948 pulvere

255 1957 359 1989 adhuc
373 1958 640 1996 delitescentibus,
655 1959 720 1990 sive
731 1959 791 1990 iam
807 1959 940 1990 excusis.
953 1958 1047 1996 Nihil,

257 2017 312 2048 qui
337 2017 393 2040 eos
422 2009 630 2046 concinnavit,
655 2009 724 2050 ipse
760 2010 846 2046 vidit,
875 2009 953 2040 nihil
980 2009 1049 2049 ipse

256 2059 408 2100 percepit,
429 2059 507 2089 nihil
516 2060 584 2100 ipse
602 2064 750 2100 expertus
767 2064 823 2090 est.
838 2060 996 2100 Incipiens
1009 2060 1049 2090 ab

257 2109 606 2149 aliqua'historiuneula
621 2110 750 2141 alteram
768 2113 799 2140 et
816 2110 938 2140 tertiam
950 2109 1047 2147 addit,

257 2167 339 2200 quae
363 2160 504 2199 singulae
533 2160 672 2200 singulos
698 2169 790 2191 senes
818 2164 977 2201 spectant,
1012 2169 1048 2191 ac

214 2227 219 2235 ι
257 2218 489 2250 saepenumero
514 2210 591 2251 ipsis
600 2211 703 2241 verbis
719 2211 857 2242 auctoris
874 2211 1047 2248 cuiusdam,

258 2268 354 2300 quem
370 2260 524 2297 novimus,
540 2261 582 2291 ita
594 2263 627 2291 ut
642 2261 898 2301 compilationem
909 2261 1050 2301 undique

1098 1664 1215 1695 tentiae
1233 1664 1370 1703 denique
1391 1666 1515 1703 patrum
1531 1664 1757 1703 Aegyptiorum
1779 1672 1796 1694 a
1810 1665 1893 1694 Ros-

1098 1713 1201 1744 weido
1225 1713 1258 1744 in
1273 1713 1336 1744 ﬁne
1363 1713 1559 1744 collectionis
1578 1713 1680 1745 editae
1705 1713 1895 1754 paucissima

1098 1762 1260 1794 dumtaxat
1276 1764 1308 1794 in
1327 1767 1465 1794 nostram
1482 1772 1548 1794 rem
1565 1763 1826 1804 suppeditabunt.

1139 1814 1153 1850 ξ
1175 1812 1220 1843 ll.
1253 1813 1313 1844 Sed
1326 1813 1365 1844 ad
1386 1813 1490 1844 fontes
1504 1822 1521 1844 a
1536 1813 1702 1844 Rosweido
1720 1813 1826 1844 editos
1841 1813 1895 1844 alii

1098 1863 1262 1895 accedunt.
1277 1865 1362 1894 Inter
1378 1872 1458 1903 quos
1483 1863 1586 1903 primo
1608 1863 1680 1894 loco
1704 1863 1894 1895 nominanda

1099 1913 1244 1944 videntur
1271 1914 1324 1944 illa
1352 1914 1624 1954 Apophthcgmala
1643 1918 1780 1954 patrum,
1813 1922 1893 1954 quae

1099 1963 1183 2004 apud
1211 1964 1400 1994 Cotelerium
1430 1963 1514 1994 Eccl.
1532 1965 1641 1994 Graec.
1667 1965 1752 1994 Men.
1768 1964 1804 1995 T.
1826 1965 1839 1994 Ι
1858 1973 1892 2003 p.

1100 2013 1156 2044 338
1172 2023 1243 2054 sqq.
1260 2013 1429 2050 habentur,
1452 2013 1652 2053 alphabetico
1671 2014 1781 2044 ordine
1804 2014 1896 2052 dige—

1100 2069 1156 2096 sta.
1174 2065 1263 2102 Quod
1275 2064 1475 2104 opusculum,
1499 2063 1589 2094 cuius
1608 2063 1743 2103 primam
1760 2065 1894 2095 mentio-

1100 2124 1173 2146 nem
1201 2123 1283 2146 saec.
1306 2115 1362 2145 XII
1383 2114 1496 2144 factam
1525 2121 1594 2144 esse
1620 2114 1747 2144 invenio
1769 2113 1824 2155 (9),
1852 2115 1893 2146 ita

1101 2165 1310 2205 compositum
1321 2168 1379 2202 est,
1401 2167 1436 2196 ut
1461 2164 1658 2203 singulorum
1683 2167 1806 2204 patrum
1835 2175 1894 2196 no-

1100 2215 1238 2246 minibus
1248 2215 1456 2252 narrationes,
1475 2223 1556 2254 quae
1581 2214 1620 2245 de
1629 2214 1668 2245 iis
1688 2215 1893 2246 circumfere-

1100 2265 1227 2303 bantur,
1242 2265 1428 2297 subiunctae
1444 2265 1516 2296 sint.
1534 2265 1664 2296 Codices
1679 2274 1737 2305 ego
1753 2267 1894 2297 Viennae

257 2310 455 2341 manifestam
471 2310 702 2351 deprehendas.
715 2311 817 2350 Magni
833 2315 950 2349 autem,
962 2311 1051 2342 dum—
1065 2316 1088 2344 ι)
1103 2317 1183 2348 duos
1195 2316 1331 2356 inspexi,
1356 2325 1456 2347 unum
1481 2316 1755 2348 membranaceum
1777 2320 1808 2347 et
1822 2326 1895 2356 per-

257 2360 355 2392 modo
371 2368 453 2400 quae
471 2360 682 2392 confuderunt
700 2362 814 2392 acriter
831 2361 1045 2402 dispiciamus,

257 2411 445 2442 aestimandi
454 2414 527 2442 sunt
541 2411 612 2442 libri
634 2411 691 2449 illi,
710 2420 809 2451 quum
837 2412 935 2444 multa
958 2413 1050 2444 nobis

289 2495 329 2531 (1)
344 2495 388 2524 Cf.
404 2495 530 2524 Cassiani
549 2496 631 2533 Opp.,
653 2498 745 2526 Alardi
771 2498 924 2536 Gazaeiep.
945 2501 979 2528 ad
997 2501 1052 2528 lec-

258 2543 347 2568 torem
362 2540 451 2569 initio.
467 2542 567 2569 Oudiu.
584 2543 770 2572 Commentar.
785 2545 819 2573 de
839 2545 951 2582 Scriptt.
963 2547 1050 2575 eccle-

260 2585 338 2614 siast.
351 2585 382 2613 T.
396 2586 406 2612 l
423 2595 448 2622 p.
465 2587 534 2614 1155
548 2595 609 2623 sqq.
812 2598 814 2604 τ

295 2631 334 2667 (2)
351 2631 420 2659 Coll.
436 2631 506 2659 XVII
521 2640 582 2668 cap.
593 2634 637 2667 51,
649 2633 718 2670 Opp.
729 2634 853 2664 Cassiani
870 2637 914 2665 ed.
930 2636 1053 2666 Gazaeus

259 2685 286 2714 p.
303 2678 366 2710 515,
385 2678 473 2714 Migne
488 2687 514 2714 p.
528 2679 607 2706 1087.

294 2724 334 2757 (5)
349 2722 391 2750 Cf.
408 2723 478 2751 infra
495 2724 582 2759 Caput
603 2724 634 2752 V.

295 2770 334 2804 (Α)
349 2769 404 2797 VV.
422 2771 472 2798 PP.
487 2771 578 2799 Rosw.
597 2781 625 2808 p.
645 2773 697 2801 192
711 2782 772 2810 sqq.

296 2816 336 2852 (5)
351 2816 419 2844 Ibid.
436 2826 462 2852 p.
484 2818 536 2844 56-2
550 2826 611 2854 sqq.

295 2864 334 2898 (ϐ)
351 2865 419 2894 Ibid.
437 2874 463 2901 p.
477 2867 529 2893 646
543 2875 603 2901 sqq.

294 2910 335 2947 (7)
350 2910 419 2939 Ibid.
435 2920 463 2948 p.
479 2913 532 2940 665
545 2921 606 2948 sqq.

294 2957 336 2994 (ε)
353 2957 420 2987 Ibid.
439 2958 469 2990 ιι.
484 2959 554 2988 1002
567 2967 630 2995 sqq.

1100 2369 1256 2397 vetustum
1269 2365 1404 2406 (10),36
1412 2366 1544 2397 alterum
1559 2366 1894 2407 chartaceum(11).Qui

1102 2417 1231 2456 quidem
1250 2417 1376 2448 codices
1394 2417 1434 2447 ab
1463 2417 1634 2456 exemplari
1652 2417 1794 2449 Cotelerii
1809 2427 1893 2449 non-

1140 2506 1181 2542 (9)
1201 2505 1321 2533 Coteler.
1346 2505 1421 2533 Eccl.
1442 2505 1539 2535 Graec.
1557 2506 1631 2533 Mon.
1651 2506 1684 2534 Τ,
1700 2506 1708 2532 l
1724 2514 1751 2541 p.
1766 2506 1816 2534 166
1830 2515 1893 2534 cum

1104 2557 1167 2580 nota
1184 2553 1310 2580 Cotelerii
1328 2560 1355 2587 p.
1369 2553 1433 2580 747.
1450 2552 1493 2580 Cf.
1512 2552 1583 2580 infra
1598 2553 1687 2588 Caput
1700 2552 1756 2580 VII.

1138 2598 1194 2634 (10)
1205 2599 1272 2626 Cod.
1283 2605 1334 2626 ms.
1353 2599 1418 2626 hist.
1429 2606 1520 2634 graec.
1539 2599 1608 2626 Bibl.
1621 2597 1828 2626 Caes.Vindob.
1842 2597 1892 2627 Nr.

1103 2646 1148 2676 14,
1160 2645 1225 2672 olim
1241 2645 1271 2672 41
1298 2645 1346 2673 fol.
1358 2645 1592 2681 Apophthcgmata
1616 2645 1663 2672 illa
1687 2649 1797 2672 exstant
1812 2652 1827 2671 a
1843 2644 1892 2672 fol.

1103 2694 1114 2719 1
1131 2699 1217 2726 usque
1235 2691 1268 2718 ad
1293 2691 1341 2718 fol.
1360 2691 1407 2718 Ml
1421 2712 1428 2723 ,
1444 2692 1471 2718 2.
1489 2691 1618 2718 Codicem
1644 2691 1830 2726 maximopere
1849 2691 1894 2718 di-

1103 2745 1196 2773 gnum,
1215 2737 1261 2772 qui
1278 2745 1340 2764 cum
1356 2737 1504 2772 exemplari
1521 2736 1649 2764 Cotelerii
1666 2736 1833 2769 conferatur,
1847 2738 1894 2765 de-

1104 2783 1215 2818 scripsit
1231 2783 1394 2811 Lambecius
1408 2783 1594 2810 Commentar.
1609 2781 1641 2809 Τ.
1662 2781 1718 2809 Vlll
1736 2790 1763 2818 p.
1776 2782 1836 2810 858.

1142 2829 1200 2860 (11)
1221 2829 1289 2857 Cod.
1304 2838 1355 2857 ms.
1371 2830 1437 2856 hist.
1451 2836 1542 2864 graec.
1560 2827 1607 2856 Nr.
1626 2829 1651 2861 9,
1670 2829 1734 2856 olim
1749 2829 1784 2856 42
1802 2829 1829 2856 in
1844 2828 1893 2856 fol.

1104 2875 1218 2902 maiore.
1238 2875 1266 2902 In
1281 2876 1417 2910 principio
1432 2879 1459 2903 et
1476 2876 1529 2903 line
1542 2875 1654 2902 mutilus
1668 2879 1720 2903 est.
1736 2875 1896 2910 Apoplithe-

1103 2925 1192 2954 gmala
1214 2921 1258 2947 illa
1287 2921 1423 2948 habentur
1445 2920 1493 2947 fol.
1513 2920 1609 2948 1-80.
1635 2920 1762 2949 Codicem
1781 2920 1895 2950 Lambe-

1102 2966 1162 2993 cius
1181 2965 1326 3002 descripsit
1345 2966 1361 2994 l.
1380 2966 1397 2992 l.
1413 2974 1430 3001 p
1458 2965 1510 2993 840
1527 2972 1587 3001 sqq.
