2060 3153
184 182 220 210 37
945 184 1061 212 VITAE.
1782 189 1818 217 38

184 241 280 274 nullis
291 240 369 273 locis
381 241 519 279 differre,
536 245 631 283 atque
645 243 738 274 etiam
755 243 978 284 locupletiores
992 248 1014 275 Α
1030 243 1244 284 phthegmata,
1261 254 1343 286 quae
1356 247 1506 278 Possinus
1520 248 1620 286 prior,
1636 250 1689 286 37
1704 247 1818 280 deinde

184 301 254 323 esse
264 292 459 329 videbantur,
472 292 515 323 ita
530 295 565 323 ut
576 293 791 334 maximopere
802 294 888 333 digni
899 294 971 333 sint,

184 342 240 382 qui
268 352 339 373 cum
358 342 443 374 edito
471 345 559 374 textu
586 343 731 375 Cotelerii
758 345 971 376 conferantur.

182 392 417 423 Observandum
435 396 539 424 autem
563 397 620 430 est,
639 395 874 435 compilatorem
889 396 972 427 illius

181 442 329 483 opusculi
345 443 621 484 Apophthegmata
634 445 777 485 inscripti
797 446 830 476 in
854 447 974 487 praefa-

179 493 275 524 tionis
291 494 354 525 ﬁne
373 494 413 525 de
429 494 606 534 appendice
621 495 755 535 quadam
771 505 789 527 a
804 505 838 527 se
853 496 973 529 adiecta

180 543 279 583 loqui,
295 553 358 584 qua
367 556 381 572 α
390 553 504 576 senum
518 545 621 583 effata,
629 555 762 586 quorum
769 547 897 578 nomina
908 556 972 579 non

181 595 396 632 nominantur,
406 607 420 622 »
438 594 617 634 collegerlt(
622 595 739 636 1).Eam
749 596 844 635 igitur
855 606 973 637 appen-

180 643 294 680 dicem,
310 652 404 683 quam
416 643 564 683 unspiam
579 644 695 675 editam
709 644 862 680 videmus,
879 644 972 676 char-

180 696 269 724 taceo
286 693 339 725 illo
360 693 457 725 altero
468 689 578 725 codice
594 703 612 724 a
627 694 681 725 fol.
695 694 744 732 80,
770 694 783 725 1
804 703 906 735 usque
932 695 972 726 ad

181 741 237 772 fol.
268 742 336 780 163,
363 742 376 773 1
410 742 561 774 contineri
589 743 743 779 existimo,
768 743 889 783 quippe
907 751 972 784 quo

183 794 335 824 continuo
353 795 424 833 post
442 793 716 833 Apophthegmata
739 793 882 824 collectio
898 802 971 824 nar-

184 845 339 875 rationum
364 845 403 875 de
425 844 568 885 patribus
590 845 659 876 sine
693 845 899 885 inscriptione
925 854 973 876 se—

184 897 310 933 quatur;
328 895 381 925 sed
393 895 515 926 initium
532 895 642 926 deesse
650 895 853 926 videtur.Hac
867 898 971 926 autem

184 944 373 975 narrationes
394 943 594 976 solummodo
618 953 719 984 usque
739 944 778 976 ad
792 944 847 976 fol.
868 944 933 982 145,
951 945 968 975 2
986 939 1005 966 Β

183 995 220 1026 de
237 995 364 1026 senibus
378 996 544 1036 anonymis
558 999 664 1035 agunt,
675 996 760 1026 unde
785 996 863 1026 aliae
885 1005 968 1027 non-

182 1045 282 1077 nullae
293 1046 331 1076 de
345 1046 484 1083 senibus,
496 1055 630 1086 quorum
637 1046 765 1077 nomina
771 1046 874 1077 addita
885 1049 968 1084 sunt,

180 1100 365 1136 sequuntur,
377 1101 472 1137 atque
489 1097 572 1128 inter
596 1106 649 1129 eas
671 1101 734 1128 tres
752 1097 791 1127 de
814 1097 968 1134 Macariis,

179 1156 256 1186 quas
272 1156 289 1177 e
309 1147 419 1178 codice
436 1147 608 1188 descriptas
627 1147 710 1179 iusto
730 1147 802 1179 loco
818 1147 970 1188 adjunge-

179 1205 261 1227 mus.
275 1197 386 1236 Neque
400 1197 477 1227 illud
483 1196 535 1228 hic
542 1198 732 1235 omittamus,
744 1198 777 1228 in
788 1197 885 1229 altero
893 1206 972 1238 quo-

177 1247 505 1286 que,membranaceo
515 1246 569 1287 illo
592 1250 622 1277 et
644 1251 835 1287 pervetusto,
863 1247 972 1285 codice

178 1299 250 1335 post
263 1295 628 1336 Apophthegmalaafol.
643 1295 709 1333 141,
721 1296 738 1326 2
752 1305 852 1337 usque
867 1296 906 1327 ad
915 1296 971 1327 fol.

182 1347 236 1378 158
261 1347 412 1386 quasdam
427 1347 622 1378 narrationes
643 1347 794 1378 continuo
815 1347 905 1386 sequi
922 1347 972 1377 in-

179 1398 310 1438 scriptas
327 1408 334 1429 :
352 1402 482 1438 Διήγησις
499 1404 532 1430 ὲκ
550 1402 670 1438 τοῦ,βὶου
690 1402 737 1429 τοῦ
759 1402 843 1429 ’Δΰΰᾶ
864 1403 972 1438 Δανιὴλ.

181 1454 236 1479 Ἶῐν
250 1462 292 1485 τις
303 1453 392 1488 γέρων
407 1454 435 1479 ἐν
453 1454 486 1488 τῇ
500 1453 626 1489 Σκήτῃ...
719 1449 828 1488 Itaque
845 1448 975 1479 alteram

181 1498 331 1530 habemus
337 1498 648 1539 Apophthegmatum
660 1499 882 1540 appendicem,
892 1507 974 1538 quae

180 1553 296 1586 tamen,
314 1557 412 1589 quum
428 1548 563 1579 nomina
581 1557 705 1586 senum,
720 1548 760 1579 de
778 1547 893 1588 quibus
907 1547 974 1586 agi-

1027 295 1140 326 Pritius
1161 296 1258 327 edidit
1287 296 1341 337 (3).
1356 297 1586 334 adhibebimus,
1599 306 1657 328 nec
1679 306 1744 329 non
1769 307 1817 336 ea,

1027 356 1109 387 quae.
1123 348 1238 388 passim
1257 348 1291 379 in
1302 348 1372 379 vitis
1385 349 1582 384 Sanctorum,
1603 357 1681 388 quas
1695 348 1820 380 Bollan-

1027 398 1126 429 distae
1140 398 1318 437 ediderunt,
1335 398 1488 430 habemus
1504 398 1558 440 (4).
1570 398 1668 430 Porro
1682 408 1763 439 quae
1779 399 1819 442 de

1028 447 1123 478 exilio
1145 456 1256 479 senum
1276 448 1473 488 temporibus
1491 448 1575 479 illius
1588 449 1819 488 persecutionis

1027 506 1044 528 a
1060 497 1156 529 Lucio
1176 498 1326 529 excitatae
1346 507 1363 529 e
1383 497 1511 534 Ruﬁno,
1535 498 1661 529 Socrate
1675 501 1706 530 et
1720 499 1819 529 Sozo-
1857 505 1858 512 π

1028 556 1123 579 meno
1138 551 1333 588 repetuntur,
1355 556 1420 579 non
1444 548 1634 584 omittemus,
1655 557 1691 580 ac
1712 548 1818 580 locum
1854 580 1855 583 η

1027 597 1166 638 denique
1192 606 1209 629 e
1235 598 1296 629 vita
1312 599 1343 629 S.
1357 596 1537 629 Pesthumii'
1559 597 1818 635 examinabimus,

1027 657 1091 688 quo
1106 648 1144 679 lis
1159 648 1198 680 de
1214 648 1348 679 Macario
1362 648 1393 678 S.
1409 647 1535 678 Antonii
1551 647 1718 688 discipulo,
1741 656 1819 678 num

1025 706 1107 729 unus
1128 706 1167 728 ex
1190 697 1304 729 nostris
1322 697 1462 729 Macariis
1474 697 1579 734 fuerit,
1597 706 1657 728 nec
1679 706 1732 734 ne,
1749 697 1818 728 dis-

1026 752 1173 779 cernetur
1196 748 1250 788 (5).
1276 749 1386 789 Neque
1406 756 1482 779 vero
1497 751 1640 780 nostrum
1654 756 1723 779 esse
1741 747 1818 779 illud

1026 799 1125 830 visum
1141 802 1198 836 est,
1220 807 1329 830 eorum
1344 807 1473 839 quoque
1486 798 1641 830 Historiae
1660 798 1817 830 Ecclesia-

1027 849 1122 880 sticae
1148 848 1350 889 scriptorum,
1367 849 1422 888 qui
1434 847 1575 880 fontibus
1588 847 1649 879 illis
1663 847 1819 888 primariis

1026 899 1214 936 innituntur,
1230 908 1268 930 ex
1277 898 1381 938 iisque
1395 908 1445 930 res
1458 902 1488 930 et
1496 899 1591 930 verba
1604 898 1789 934 hauserunt,
1801 907 1818 928 θ

1021 958 1158 989 quorum
1168 957 1301 980 numero
1311 948 1466 986 Socrates,
1480 949 1686 985 Sozomenus,
1701 947 1817 978 deinde

1021 999 1143 1036 Suidas,
1163 999 1362 1041 Nicephorus
1378 998 1518 1030 Callistus
1533 1001 1617 1032 sunt;
1631 997 1721 1029 locos
1739 997 1819 1028 rela-

1022 1050 1189 1090 tionesque
1205 1049 1238 1080 in
1253 1049 1392 1080 medium
1407 1048 1560 1089 proferre,
1572 1047 1692 1088 quippe
1702 1046 1817 1087 quibus

1022 1108 1134 1139 parum
1145 1100 1298 1139 prolicere
1308 1098 1475 1139 possimus.
1488 1098 1632 1129 Attamen
1647 1105 1701 1128 eos
1712 1096 1814 1128 brevi-

1022 1152 1069 1180 ter
1078 1153 1244 1180 ‘recensere
1253 1157 1271 1180 a
1288 1157 1322 1179 re
1337 1149 1474 1179 alienum
1487 1156 1552 1178 non
1567 1156 1636 1178 esse
1644 1146 1759 1187 putavi.

1062 1198 1192 1230 Stratam
1210 1199 1304 1238 igitur
1322 1199 1401 1229 viam
1417 1197 1559 1230 alacriter
1574 1197 1636 1228 iam
1659 1204 1744 1227 nunc
1763 1204 1815 1227 tn-

1023 1250 1180 1286 sistamus,
1198 1249 1328 1287 singulis
1346 1248 1385 1279 de
1399 1248 1540 1279 Macariis
1560 1247 1594 1277 in
1612 1255 1711 1277 unum
1725 1254 1814 1277 com-

1024 1301 1181 1338 ponentes
1198 1301 1230 1328 et
1249 1297 1364 1329 claram
1379 1297 1593 1336 idoneamque
1616 1304 1726 1327 eorum
1746 1295 1814 1326 eﬁi-

1025 1350 1118 1389 giem,
1147 1352 1299 1389 quantum
1320 1357 1500 1388 possumus,
1526 1347 1744 1387 depingentes.
1773 1347 1815 1377 Ac

1025 1400 1160 1440 primum
1176 1399 1304 1439 quidem
1324 1398 1496 1429 Palladium
1513 1400 1625 1428 testem
1639 1395 1813 1428 audiamus.

1322 1447 1443 1478 CAPUT
1467 1448 1505 1477 II.

1064 1503 1236 1526 PALLADIUS
1257 1504 1299 1525 DE
1320 1503 1438 1525 SANCTO
1459 1501 1597 1524 MACARIO
1607 1500 1773 1523 AEGYPTIO.

1068 1548 1081 1584 §
1099 1546 1144 1576 12.
1161 1545 1289 1577 Palladii
1306 1544 1442 1576 Historia
1462 1543 1620 1580 Lausiaca,
1636 1550 1717 1582 quae
1731 1541 1816 1574 codi-

179 1599 405 1638 tur,adscripta
417 1598 490 1636 sint,
503 1599 613 1629 eadem
623 1597 974 1638 illa,cujusApophthe-
987 1606 1008 1634 c
1027 1597 1114 1628 cibus
1126 1596 1423 1628 Vindobonensibus
1433 1594 1623 1631 continetur,
1639 1593 1678 1624 de
1689 1593 1815 1625 duobus

177 1654 315 1689 gmatum
336 1649 491 1690 praefatio
513 1652 676 1686 memorat,
697 1657 765 1680 esse
783 1648 902 1688 nequit.
925 1649 968 1678 De

176 1699 316 1731 Macariis
331 1699 404 1730 huic
420 1698 510 1730 alteri
527 1699 761 1730 membranacei
774 1698 892 1729 codicis
910 1707 967 1738 ap-

175 1748 304 1789 pendici
319 1748 395 1778 nihil
415 1748 510 1778 inest.

216 1799 280 1828 Iam
308 1801 434 1837 praeter
456 1797 510 1828 illa
535 1796 808 1837 Apophthegmata
831 1800 861 1828 et
889 1806 969 1836 quae

150 1851 156 1858 '
175 1857 250 1880 cum
259 1848 299 1879 iis
312 1848 496 1885 cohaerent,
508 1847 568 1878 alia
581 1856 710 1887 quoque
722 1847 874 1878 nonnulla
890 1849 972 1887 Apo-

212 1969 253 2003 (1)
272 1968 392 1996 Cotcler.
405 1968 478 1996 Eccl.
492 1968 589 1996 Graec.
605 1966 677 1994 Mon.
688 1966 719 1994 T.
733 1968 740 1994 l
755 1968 863 2002 p.539:
879 1968 970 1994 Ἐπει-

173 2015 207 2051 δὴ
223 2015 253 2041 δέ
271 2016 323 2042 εἰσι
341 2015 388 2041 καὶ
398 2014 486 2050 ἕτεροι
500 2015 574 2048 λόγοι
587 2015 722 2050 γερόντιον
736 2013 821 2048 ἁγίων
840 2014 886 2040 καὶ
899 2013 968 2049 πρά‹

174 2063 235 2095 ξετς
253 2062 290 2097 μὴ
311 2061 488 2097 ἐμφαίνοντες
510 2062 544 2088 τὰ
567 2061 685 2096 ὀνόματα
701 2060 756 2087 τῶν
770 2069 800 2086 τε
815 2060 965 2095 εἰρηκότων

175 2108 278 2139 αὐτοὺς
296 2108 343 2134 καὶ
368 2107 531 2144 πραξάντων
542 2127 549 2139 ,
563 2106 674 2138 τούτους
693 2105 760 2141 μετὰ
775 2106 823 2142 τὴν
842 2105 968 2141 συμπλή‹

177 2163 265 2190 ρωσιν
288 2153 343 2180 τῶν
365 2154 434 2180 κατὰ
455 2153 585 2187 στοιχεῖον
598 2153 626 2178 ὲν
638 2150 795 2186 κεφαλαίοις
812 2150 969 2186 ἐξεοέμεϐα.

215 2200 257 2235 (2)
277 2199 389 2227 Brevem
403 2201 454 2226 hoc
472 2200 532 2226 loco
547 2198 670 2225 notitiam
687 2204 789 2228 rerum,
801 2204 870 2230 quae
886 2197 911 2222 in
932 2196 971 2222 al-

174 2250 237 2273 tera
253 2245 304 2272 hac
317 2265 324 2277 .
342 2244 544 2272 mcmbranacci
571 2243 685 2274 codicis,
710 2242 859 2277 appendice
883 2241 971 2268 conti-

1022 1647 1163 1679 Macariis
1184 1647 1298 1687 incipit
1321 1646 1383 1677 hoc
1404 1645 1500 1677 modo
1517 1654 1524 1675 :
1542 1656 1557 1674 οι
1575 1645 1760 1677 Sanctorum
1782 1648 1816 1677 et

1022 1698 1247 1730 immortalium
1261 1701 1398 1738 patrum,
1413 1695 1540 1727 Macarii
1553 1695 1696 1736 Aegyptii
1709 1698 1741 1727 et
1753 1696 1815 1727 Ma-

1022 1747 1365 1783 carii38Alcxandrini,
1378 1745 1576 1785 egregiorum
1585 1749 1615 1776 et
1623 1745 1812 1776 invictarum

1021 1796 1222 1833 athletarum,
1246 1795 1398 1826 honestae
1422 1794 1501 1824 vitae
1527 1794 1708 1830 certamina,
1731 1803 1814 1834 quae

1025 1850 1098 1878 sunt
1109 1846 1205 1877 multa
1220 1849 1251 1876 et
1268 1854 1393 1885 magna,
1407 1852 1520 1876 vereor
1537 1843 1643 1874 dicere
1654 1847 1685 1875 et
1699 1843 1814 1876 descri-

1023 1967 1129 2003 spicere
1144 1967 1270 1995 videntur
1293 1967 1327 1994 ad
1347 1968 1480 1996 vocabula
1502 1967 1537 1995 ab
1561 1966 1657 1995 eadem
1678 1974 1761 1994 manu
1784 1967 1811 1995 in

1023 2013 1090 2041 folio
1101 2013 1246 2041 chartaceo
1267 2013 1350 2040 fronti
1368 2013 1472 2041 codicis
1493 2013 1664 2048 adglutinato
1685 2013 1788 2048 scripta
1804 2021 1810 2038 :

1020 2060 1130 2093 βίϐλος
1153 2059 1336 2094 περιέχουσα
1369 2059 1589 2094 Ἆποφθέτματα
1614 2059 1664 2086 καὶ
1689 2059 1811 2093 πράξεις

1023 2107 1115 2143 ἁγίων
1139 2108 1274 2140 πατέρων
1299 2106 1551 2141 συναθροισθεῖσα
1578 2106 1638 2133 ὑπὸ
1663 2106 1812 2141 διαφόρων

1021 2153 1114 2188 ἁγίων
1124 2152 1172 2179 καὶ
1186 2151 1291 2186 σοφῶν
1310 2151 1441 2187 ἀνδρῶν.
1462 2151 1697 2187 Apophtbegmata
1708 2157 1810 2182 autem.

1021 2206 1093 2234 quae
1104 2198 1209 2225 codicis
1223 2197 1270 2225 fol.
1290 2198 1316 2229 l,
1337 2197 1452 2228 ‘l—Ml.
1465 2198 1483 2225 2
1507 2198 1524 2224 ιτ
1532 2201 1633 2233 guntur
1643 2218 1650 2229 ,
1663 2197 1715 2225 hoc
1732 2197 1811 2224 titulo

1023 2245 1137 2280 antiqua
1161 2252 1242 2271 manu
1265 2244 1508 2279 scripto-.ﬁlﬁxoc
1523 2243 1706 2278 περιέχουσα
1729 2242 1811 2270 Ἀπο-

174 2295 299 2323 nentur,
322 2298 386 2317 cum
404 2290 505 2317 lectore
529 2289 733 2317 communicare
750 2288 834 2315 lubet.
854 2287 903 2314 Ubi
921 2287 968 2314 fol.

1023 2290 1177 2326 φθέγματα
1193 2290 1242 2316 καὶ
1261 2289 1386 2324 πράξεις
1410 2290 1501 2324 ἁγίων
1524 2291 1660 2324 πατέρων
1681 2289 1808 2324 insignita

174 2337 240 2368 Ml,
262 2336 280 2363 2
290 2351 326 2356 ———
341 2335 387 2362 lol.
404 2335 456 2362 158
468 2335 640 2362 narrationes
655 2337 758 2368 septem
783 2333 909 2368 leguntur
931 2333 968 2360 ita

174 2383 328 2418 inscriptae
348 2391 354 2409 :
378 2381 398 2408 Ι.
420 2380 563 2415 Διήγησις
586 2381 620 2407 ἐκ
640 2380 693 2407 τοῦ
713 2379 785 2411 ,ϐίου
812 2379 867 2406 τοῦ
893 2377 969 2406 ἀϐϐᾶ

173 2428 302 2461 Δανιὴλ.
315 2427 370 2455 ΊἨν
385 2436 427 2459 τις
449 2427 537 2462 γέρων
559 2428 588 2453 ὲν
608 2428 642 2462 τῇ
660 2426 753 2461 Σκήτῃ
777 2425 891 2460 ὀνόματι
917 2425 970 2450 Δα-

173 2476 237 2511 νιὴλ
253 2476 299 2502 καὶ
315 2473 369 2510 εἶχε
387 2473 519 2509 μαθητήν.
536 2472 695 2508 συνῴκησαν
708 2473 735 2499 δὲ
748 2471 786 2506 τῷ
806 2470 914 2506 μαθητῇ
924 2471 969 2497 αὐ-

173 2522 223 2549 τοῦ
242 2530 271 2548 κ.
289 2530 314 2547 τ.
331 2521 356 2546 λ.
370 2520 400 2547 ll.
414 2519 485 2553 Περὶ
508 2519 561 2546 τοῦ
584 2519 717 2554 ἀδελφοῦ
742 2517 800 2546 ἀπὸ
819 2516 966 2552 ὀμμάτων.

175 2566 303 2600 111.Περὶ
318 2565 372 2599 τῆς
389 2565 476 2599 ἁγίας
493 2564 542 2590 καὶ
559 2564 714 2598 σώφρονος
729 2561 883 2597 κόρηςΛν.
896 2561 967 2595 Περὶ

175 2613 235 2647 τῆς
258 2611 429 2645 πατρικείας
454 2609 731 2644 μετονομασθείσης
755 2606 910 2641 εὐνοῦχος.
933 2605 967 2633 ν,

174 2658 248 2692 Περὶ
274 2655 501 2691 ἀρπηιροπριίτου
532 2654 582 2681 καὶ
611 2653 664 2688 τῆς
693 2652 836 2688 γυναικὸς
863 2651 967 2679 αὑτοῦ.

173 2703 232 2732 ἾΙν
244 2713 286 2735 τις
301 2702 514 2739 ἀργυροπράτης
525 2702 554 2727 ὲν
569 2699 716 2735 Ἀντιοχείᾳ
731 2700 763 2734 τῇ
782 2698 886 2734 μεγάλῃ
899 2697 966 2725 νεώ-

172 2759 258 2786 τερος
274 2749 387 2784 ὀνόματι
411 2748 579 2783 Ἀνδρονίχος
604 2755 631 2772 κ.
658 2754 684 2772 τ.
703 2745 728 2772 λ.
755 2744 797 2772 Vl.
822 2744 892 2778 Περὶ
913 2743 968 2778 τῆς

174 2795 443 2829 προσποιουμένης
456 2793 589 2828 μεθύειν.
601 2791 655 2818 Vll.
668 2791 737 2825 Περὶ
750 2791 804 2818 τοῦ
820 2791 966 2825 Λατόμου.

176 2842 230 2870 “is
256 2843 338 2877 igitur
358 2840 495 2875 capitibus
512 2840 598 2867 codex
623 2839 797 2866 terminatur.
823 2837 969 2865 Recentior

176 2895 280 2916 manus
303 2888 329 2914 in
345 2887 399 2914 ﬁne
412 2886 559 2921 adscripsit
579 2895 585 2913 :
604 2885 692 2918 τέλος
707 2883 766 2911 τῶν
781 2883 969 2919 ἀποφθεγμά-

174 2942 238 2960 των
259 2934 307 2961 και
323 2933 460 2968 πράξεων
473 2933 531 2959 τῶν
548 2932 640 2966 ἁγίων
662 2930 814 2965 πατέρων,
831 2938 901 2966 quae
927 2938 968 2957 rc—

1020 2341 1095 2364 sunt.

1042 2380 1084 2418 (5)
1103 2383 1261 2411 Thesanrus
1281 2382 1423 2410 Asceticus
1449 2383 1505 2410 sive
1521 2387 1664 2417 syntagma
1688 2386 1809 2415 opuscu-

1020 2428 1107 2455 lorum
1137 2428 1288 2455 octodecim
1312 2435 1329 2455 a
1354 2427 1460 2463 graecis
1486 2428 1551 2455 olim
1572 2427 1696 2462 patribus
1720 2426 1755 2453 de
1778 2433 1808 2452 re

1020 2472 1138 2500 ascetica
1159 2473 1335 2508 scriptorum.
1352 2472 1390 2499 Ea
1416 2479 1490 2500 nunc
1507 2472 1624 2507 primum
1638 2470 1774 2506 prodeunt
1792 2477 1808 2497 ο

1018 2517 1213 2545 vetustissimis
1225 2525 1291 2545 mss.
1304 2517 1447 2545 codicibus
1460 2521 1549 2548 eruta,
1564 2516 1709 2555 collectore
1725 2520 1808 2550 atque

1019 2563 1168 2598 interprete
1183 2562 1265 2591 Petro
1281 2564 1397 2591 Possino
1413 2562 1476 2591 Soc.
1494 2562 1570 2590 Jesu.
1595 2561 1708 2590 Parisiis
1725 2561 1808 2592 1684.

1018 2609 1044 2636 4.
1061 2609 1295 2645 Apophthegmata
1316 2613 1425 2637 exstant
1449 2617 1477 2645 ρ.
1500 2608 1554 2636 245
1570 2616 1630 2644 sqq.
1647 2607 1742 2635 Sancti
1755 2607 1807 2635 Pa-

1018 2654 1070 2682 tris
1095 2653 1206 2681 Macarii
1233 2654 1356 2690 Aegyptii
1379 2654 1513 2689 opuscula
1535 2653 1667 2680 nonnulla
1691 2655 1718 2680 et
1742 2659 1807 2687 apo-

1019 2700 1193 2736 pltthegmata
1212 2700 1256 2728 ed.
1270 2699 1312 2727 Jo.
1328 2699 1462 2735 Georgius
1478 2699 1581 2726 Pritius
1601 2699 1711 2734 Lipsiae
1724 2699 1804 2726 1699.

1018 2745 1254 2780 Apophtbegmata
1282 2748 1392 2771 exstant
1417 2752 1443 2779 p.
1459 2744 1509 2771 25l
1534 2752 1594 2780 sqq.
1614 2744 1709 2778 anue
1732 2746 1805 2780 typis

1019 2789 1196 2825 repetivitnus
1211 2789 1282 2816 intra
1294 2789 1322 2816 in
1334 2789 1432 2816 harum
1441 2791 1632 2825 quaestionum
1649 2789 1807 2826 Appendlue

1019 2837 1104 2864 altera
1121 2837 1173 2864 sub
1187 2836 1219 2862 ll.

1056 2883 1084 2916 4)
1104 2882 1146 2910 Cf.
1166 2881 1235 2909 infra
1255 2880 1343 2916 Caput
1361 2880 1416 2908 VII.

1055 2929 1082 2963 5)
1102 2928 1143 2955 Cf.
1160 2928 1229 2955 intra
1245 2926 1333 2960 Caput
1349 2926 1416 2955 Vill.
