2060 3153
220 194 256 224 39
626 188 678 216 SS.
698 183 928 216 MACARIORUM
945 183 1108 213 AEGYPTII
1129 184 1173 212 ET
1190 184 1427 212 ALEXANDRINI
1813 183 1848 211 ιο

220 255 307 291 bere,
324 261 364 285 ne
379 252 428 289 iis,
445 251 499 291 qui
514 249 585 281 talia
605 249 711 280 minus
732 251 852 285 curant,
876 245 1011 278 mendax
1025 247 1048 275 A
1062 245 1105 275 ibi
1127 245 1279 282 habitam,
1303 253 1501 286 unoquoque
1521 251 1646 284 semper
1668 243 1846 284 proximum

220 315 288 338 esse
302 306 408 337 videar
419 306 549 344 propter
562 302 747 333 immensam
762 299 1009 339 magnitudinem

220 354 478 387 exercitationum
508 351 590 382 vires
619 354 749 382 naturae
777 348 1008 380 excedentium.

220 406 281 438 Sed
305 409 336 436 et
359 412 467 436 eorum
485 403 594 442 gratia,
617 402 671 443 qui
697 402 861 432 virtutibus
883 399 1009 440 spiritus

221 455 320 487 ornati
335 455 417 486 dona
432 453 536 484 divina
554 452 676 492 experti
690 455 762 483 sunt
781 451 883 491 dignis
904 450 1008 495 distri:

218 507 304 543 buta,
329 506 458 536 virtutes
478 504 632 535 enarrabo
656 506 835 534 sanctorum
856 501 1008 532 Macario-

220 566 301 594 rum,
320 556 376 596 qui
393 555 520 586 nomina
537 562 665 594 quoque
688 553 803 584 sanctis
827 552 891 583 suis
908 554 1010 582 certa-

219 607 356 638 minibus
382 614 526 637 asceseos
552 604 645 643 digna
672 603 918 644 possidebant.»
945 602 1010 638 Qua

220 658 371 697 singulari
395 660 489 697 atque
518 655 644 686 insolita
672 653 907 685 introductione
934 661 1011 683 usus

220 709 375 740 Palladius
388 706 540 738 Macarios
555 713 630 736 sane
650 713 725 744 prae
744 703 855 734 ceteris
871 702 1010 739 senibus,

224 768 358 800 quorum
372 767 423 790 res
438 761 540 797 gestas
555 755 702 792 narravit,
717 762 908 794 magnopere
924 760 1013 792 prae-

224 811 316 842 dicat.
330 812 372 840 Ac
384 808 485 849 pergit
497 807 539 838 ita
551 814 676 837 narrare
688 815 694 836 ε
708 817 723 833 «
736 804 873 836 Primum
884 802 1012 843 quidem

224 860 348 892 Macarii
362 858 516 899 Aegyptii,
533 857 588 897 qui
601 856 676 887 vixit
689 856 828 894 integros
842 853 1013 892 nonaginta

1060 295 1152 327 variis
1166 296 1247 326 vitae
1260 296 1409 327 institutis
1423 296 1549 327 vincere
1563 295 1785 326 contendente.
1796 295 1850 324 At-

1061 355 1124 386 que
1144 345 1183 377 ad
1200 346 1291 377 aliam
1307 345 1400 386 hujus
1412 345 1470 376 viri
1492 345 1745 377 exercitationem
1761 343 1848 383 quod

1062 400 1193 438 spectat,
1205 397 1273 437 ipse
1286 396 1448 427 dicebatur
1457 395 1586 427 adsidue
1597 395 1631 425 in
1647 394 1756 426 ecstasi
1767 402 1847 430 esse,

1062 452 1093 479 et
1102 448 1215 488 majori
1228 452 1371 487 tempore
1386 447 1451 478 Deo
1469 446 1566 485 magis
1577 454 1670 485 quam
1685 444 1779 475 rebus
1789 447 1850 474 ter-

1061 497 1145 529 renis
1162 497 1322 537 occupari.
1343 497 1408 527 Nec
1426 505 1526 536 pauca
1540 495 1683 526 feruntur
1700 493 1850 525 miracula

1061 549 1101 580 ab
1116 557 1154 580 eo
1169 551 1306 588 peracta.
1724 540 1726 544 ⁷

1103 620 1117 636 α
1128 607 1327 639 Libidinosus
1342 606 1470 647 quidam
1484 605 1592 641 homo,
1609 603 1781 645 Aegyptius
1794 611 1849 643 ge-

1062 667 1150 696 nere,
1176 661 1287 698 captus
1311 660 1378 688 erat
1404 664 1512 688 amore
1535 655 1697 688 cuiusdam
1717 654 1851 695 pudicae

1062 709 1213 745 mulieris,
1230 716 1311 748 quae
1323 707 1389 738 viro
1405 708 1566 746 nupserat.
1582 706 1681 742 Quum
1695 703 1852 735 desiderio

1062 760 1273 795 frustraretur,
1293 757 1440 789 convenit
1460 765 1598 795 magum,
1619 755 1671 786 cui
1688 764 1695 785 :
1713 755 1783 791 Fac,
1801 754 1851 787 in-

1063 811 1142 851 quit,
1158 814 1224 841 arte
1239 813 1303 844 tua.
1320 812 1373 840 aut
1387 812 1422 839 ut
1437 811 1520 838 amet
1534 815 1598 843 me,
1613 808 1665 837 aut
1677 808 1711 836 ut
1724 805 1853 836 maritus

1065 870 1134 893 eam
1158 861 1242 892 foras
1266 860 1379 891 eiiciat.
1399 860 1518 898 Magus.
1544 866 1625 898 quae
1651 859 1774 897 poterat
1797 864 1853 887 ex-

221 920 332 947 annos,
357 911 486 940 virtutes
509 907 679 948 proferam.
704 907 734 936 Is
757 906 790 936 in
810 904 1011 936 solitudinem
1029 918 1050 945 B
1064 915 1183 952 pertus,
1205 911 1356 951 quoniam
1371 914 1491 941 castum
1510 909 1576 949 ejus
1596 907 1734 939 animum
1750 906 1853 937 dimo-

221 962 346 1001 triginta
370 968 470 991 annos
493 962 584 989 natus
602 956 753 993 ascendit,
777 956 810 986 in
832 964 894 996 qua
911 962 1012 985 annos

221 1011 381 1051 sexaginta
391 1009 522 1051 peregit.
539 1009 637 1039 Tanta
647 1007 771 1038 labores
781 1004 1012 1037 exercitationis

221 1062 291 1094 tulit
304 1060 488 1095 constantia,
503 1062 538 1090 ut
558 1061 630 1098 post
650 1057 760 1088 decem
781 1064 881 1087 annos
895 1054 1013 1093 insigni

221 1113 356 1154 quadam
383 1110 583 1142 distinctione
617 1108 731 1148 dignus
761 1108 885 1139 habitus
914 1106 1013 1132 παιδα-

222 1163 353 1200 ριοτέρων
369 1163 544 1196 vocaretur,
567 1158 639 1198 quia
654 1158 756 1194 citius,
773 1166 866 1198 quam
882 1166 940 1198 pro
957 1166 1012 1189 ae-

220 1213 294 1247 tate,
310 1211 472 1241 virtutibus
499 1209 684 1250 profecerat.
705 1208 912 1247 Quadraginta
929 1209 1014 1240 enim

220 1269 321 1292 annos
331 1265 422 1292 natus
436 1263 622 1300 potestatem
635 1259 814 1299 expellendi
829 1259 1012 1297 daemones,

221 1311 352 1349 gratiam
376 1310 557 1346 curationis,
589 1309 800 1349 spiritumque
827 1309 1015 1349 prophetiae

222 1361 356 1400 accepit,
375 1365 405 1391 et
420 1359 598 1391 honorabili
621 1368 750 1398 quoque
767 1359 944 1390 sacerdotio
965 1359 1013 1390 di-

222 1419 303 1449 gnus
321 1410 514 1441 existimatus
536 1411 593 1439 est.
620 1409 695 1439 Cum
715 1409 786 1448 ipso
803 1408 866 1439 duo
891 1408 1014 1439 habita-

222 1461 297 1491 bant
316 1459 461 1499 discipuli
482 1459 515 1489 in
530 1458 640 1489 intima
655 1457 834 1495 solitudine,
858 1466 939 1498 quae
957 1466 1014 1488 vo-

223 1514 311 1541 catur
321 1511 421 1540 Seete.
435 1511 573 1546 Quorum
587 1517 670 1539 unus
681 1516 806 1548 semper
815 1516 916 1548 prope
925 1507 1014 1538 illum

224 1565 289 1592 erat
303 1569 411 1591 eorum
428 1568 532 1596 causa,
549 1558 602 1599 qui
620 1558 799 1595 veniebant,
814 1561 849 1589 ut
863 1566 1013 1589 curaren—

224 1619 292 1649 tur;
312 1604 390 1642 alter
411 1618 553 1641 seorsum
575 1609 704 1640 sedebat
726 1609 760 1639 in
779 1608 908 1649 propria
922 1607 1011 1640 cella.

222 1659 416 1691 Procedente
430 1662 533 1690 autem
547 1662 691 1698 tempore
702 1658 749 1689 vir
758 1662 884 1689 sanctus
895 1658 1014 1698 perspi-

224 1710 289 1740 caci
306 1709 398 1740 oculo
419 1709 616 1748 praevidens,
642 1708 683 1745 ei,
705 1709 760 1748 qui
782 1708 840 1738 sibi
855 1707 1012 1738 ministra-

225 1761 288 1795 bat,
315 1758 445 1789 Joannis
473 1758 613 1795 nomine,
638 1758 691 1798 qui
717 1762 826 1798 postea
850 1758 1015 1798 presbyter

224 1808 324 1839 factus
339 1812 386 1839 est
403 1808 435 1839 in
450 1808 550 1848 ipsius
564 1809 665 1839 vicem
681 1817 688 1839 :
708 1808 799 1845 Audi,
814 1808 927 1848 inquit,
950 1808 1013 1839 fra-

223 1861 283 1896 ter,
304 1867 407 1890 meam
421 1858 680 1895 admonitionem,
703 1859 851 1899 quoniam
870 1862 901 1889 te
916 1862 1015 1890 tentat

225 1910 352 1950 spiritus
366 1909 522 1940 avaritiae.
539 1909 583 1940 Ita
599 1909 684 1940 enim
698 1909 846 1949 equidem
862 1909 935 1946 vidi,
956 1918 1014 1940 ne-

225 1969 288 1999 que
303 1959 428 1998 ignoro,
442 1959 468 1990 si
485 1968 588 1990 meam
603 1967 706 1999 aequo
721 1959 827 1990 animo
841 1958 950 1990 tuleris
964 1969 1016 1991 ex-

226 2009 447 2046 hortationem,
471 2010 503 2040 in
521 2018 618 2050 opere
634 2009 688 2041 Dei
703 2008 764 2041 hoc
778 2009 849 2041 loco
865 2018 1015 2041 consum-

226 2061 382 2089 maturum
396 2063 426 2089 te
441 2066 510 2089 esse
523 2059 759 2099 gloriosumque
773 2059 842 2090 fore
857 2062 888 2089 et
905 2059 1014 2098 ﬂagel-

226 2109 291 2139 lum
306 2118 371 2140 non
388 2109 714 2149 appropinquaturum
730 2109 933 2140 tabernaculo
947 2113 1013 2140 tuo.

225 2161 263 2189 At
277 2158 302 2189 si
318 2167 369 2189 me
383 2167 446 2188 non
466 2158 613 2194 audieris,
624 2158 709 2189 Giezi
723 2158 756 2189 in
774 2161 803 2189 te
819 2158 890 2188 linis
900 2158 1014 2195 veniet,

226 2209 315 2248 cujus
322 2212 352 2239 et
359 2208 696 2240 morbolaborasﬂaec
707 2208 787 2239 dicta
796 2211 868 2239 sunt
876 2208 1015 2248 quinque

1062 970 1135 992 vere
1149 969 1214 992 non
1228 963 1345 1001 posset,
1363 960 1479 996 effecit,
1494 962 1530 989 ut
1540 967 1622 998 equa
1633 957 1792 988 videretur
1801 957 1852 994 iis,

1063 1009 1118 1052 qui
1133 1021 1201 1044 eam
1225 1011 1440 1042 intuebantur.
1469 1009 1596 1041 Maritus
1616 1017 1691 1047 ergo
1711 1008 1777 1048 ejus
1799 1007 1854 1038 ubi

1063 1062 1147 1094 foras
1161 1063 1255 1100 venit,
1277 1062 1310 1092 in
1329 1061 1431 1092 forma
1445 1068 1546 1101 equae
1567 1068 1636 1091 eam
1655 1057 1855 1098 conspicatus

1063 1113 1214 1151 ingemuit
1231 1120 1266 1142 ac
1279 1111 1364 1142 ﬂevit
1377 1110 1417 1142 de
1431 1110 1482 1148 iis,
1500 1118 1582 1150 quae
1592 1108 1779 1140 acciderant.
1798 1108 1856 1138 Vo-

1064 1163 1139 1194 catis
1151 1162 1265 1194 deinde
1279 1161 1340 1192 vici
1354 1160 1546 1201 presbyteris
1556 1168 1625 1190 eam
1640 1158 1788 1194 ostendit,
1800 1157 1854 1188 sed

1064 1222 1105 1244 ne
1119 1213 1153 1244 hi
1168 1212 1295 1252 quidem
1310 1220 1376 1242 rem
1394 1210 1628 1242 intellexerunt.
1645 1210 1746 1246 Quum
1761 1208 1856 1247 igitur

1064 1263 1118 1294 illa
1142 1262 1242 1293 tribus
1263 1261 1374 1292 diebus
1396 1260 1473 1293 nihil
1502 1260 1634 1292 omnino
1656 1258 1854 1294 comedisset,

1066 1315 1261 1352 postremum
1278 1310 1369 1348 Deus,
1393 1313 1536 1342 sanctum
1559 1317 1649 1340 suum
1665 1308 1856 1347 gloriﬁcatu-

1066 1371 1128 1398 rus,
1147 1362 1370 1400 cogitationem
1389 1361 1500 1392 marito
1513 1360 1620 1391 iniecit
1634 1358 1772 1391 adeundi
1786 1366 1857 1389 cum

1066 1420 1104 1442 ea
1119 1416 1262 1443 sanctum
1278 1411 1379 1441 virum
1395 1411 1428 1441 in
1443 1410 1633 1448 solitudine;
1649 1418 1747 1450 quare
1762 1410 1788 1440 is
1803 1418 1859 1440 ca—

1066 1461 1165 1501 pistro
1190 1461 1317 1500 ligatam
1340 1464 1375 1491 ut
1398 1469 1513 1500 equam
1536 1460 1634 1497 duxit,
1653 1459 1710 1490 ubi
1735 1460 1782 1490 vir
1803 1458 1860 1491 Dei

1066 1510 1236 1541 habitabat.
1258 1509 1534 1550 Appropinquanti
1548 1509 1661 1540 fratres
1677 1518 1684 1539 :
1702 1509 1793 1546 Quid,
1812 1509 1860 1540 in-

1068 1560 1192 1600 quiunt,
1207 1559 1269 1591 huc
1282 1568 1392 1599 equam
1407 1558 1585 1590 adduxisti?
1599 1558 1656 1590 Ille
1666 1559 1856 1598 respondet:

1068 1611 1106 1641 Ut
1128 1610 1202 1641 iusti
1215 1609 1357 1640 oratione
1374 1609 1623 1640 misericordiam
1635 1613 1860 1648 consequatur.

1069 1664 1107 1692 At
1120 1661 1153 1692 hi
1170 1671 1176 1692 :
1191 1660 1269 1698 Quid
1289 1659 1416 1691 tandem
1430 1659 1504 1690 mali
1518 1657 1633 1690 habet?
1649 1658 1833 1698 Respondet
1850 1666 1858 1688 :
1884 1665 1886 1668 '

1067 1712 1163 1748 Haec,
1171 1719 1265 1751 quam
1273 1710 1384 1741 videtis
1395 1718 1519 1749 equam,
1531 1718 1604 1740 cara
1613 1718 1684 1740 mea
1690 1717 1770 1739 uxor
1780 1712 1856 1746 erat,

1068 1765 1109 1799 et,
1122 1760 1198 1802 quid
1210 1761 1271 1792 iam
1287 1761 1317 1792 ei
1330 1760 1491 1798 acciderit,
1504 1760 1625 1791 nescio.
1642 1759 1790 1790 Revelata
1806 1768 1860 1790 au-

1067 1816 1132 1844 tem
1147 1815 1256 1843 sancto
1272 1811 1378 1843 omnia
1394 1814 1493 1848 erant,
1509 1819 1590 1851 quae
1604 1810 1721 1842 femina
1736 1814 1860 1850 patere-

1067 1868 1129 1901 tur,
1146 1867 1177 1894 et
1195 1864 1292 1894 Deum
1316 1862 1425 1894 orabat
1446 1871 1504 1902 pro
1522 1870 1570 1893 ea.
1590 1861 1640 1892 Illi
1658 1869 1734 1892 vero
1759 1869 1859 1900 quum

1068 1914 1126 1945 ista
1147 1913 1349 1951 audivissent,
1371 1912 1511 1944 referunt
1537 1911 1577 1943 ad
1601 1920 1725 1942 servum
1749 1910 1860 1942 Christi

1068 1965 1249 2001 Macarium,
1272 1963 1414 1994 dicentes
1431 1972 1437 1993 :
1454 1963 1575 2002 Equam
1597 1961 1710 2002 aliquis
1724 1961 1786 1992 huc
1802 1961 1859 1992 ad-

1070 2015 1170 2046 duxit.
1187 2014 1305 2051 Quibus
1319 2013 1346 2044 is
1363 2023 1370 2044 :
1388 2014 1463 2050 Vos,
1478 2012 1592 2052 inquit,
1611 2012 1684 2043 estis
1697 2011 1782 2051 equi,
1806 2012 1862 2050 qui

1069 2073 1223 2105 equorum
1246 2064 1355 2094 oculos
1377 2062 1520 2099 habetis;
1543 2062 1596 2092 illa
1617 2065 1722 2092 autem
1743 2060 1861 2092 femina

1070 2118 1128 2151 est,
1154 2118 1188 2145 ut
1208 2117 1254 2145 est
1277 2117 1391 2151 creata,
1408 2118 1438 2144 et
1456 2113 1499 2144 ita
1518 2111 1737 2143 transformata
1761 2112 1861 2143 oculis

1068 2169 1187 2196 tantum
1217 2164 1271 2200 40
1293 2167 1424 2205 apparet
1446 2172 1568 2201 eorum,
1596 2163 1649 2203 qui
1673 2166 1746 2194 sunt
1765 2163 1860 2194 dece-

1069 2215 1127 2255 pti.
1156 2215 1273 2246 Deinde
1303 2223 1384 2254 aqua
1415 2213 1581 2246 benedicta
1614 2213 1741 2252 nudam,
1767 2221 1861 2253 quam

226 2267 327 2290 annos
345 2263 512 2298 antequam
533 2262 659 2290 sanctus
782 2259 819 2288 Et
836 2258 1017 2298 quindecim
1032 2263 1055 2290 Ῑ)
1069 2266 1303 2304 δάἀυχθῐεδηιηδ
1322 2275 1446 2299 summo
1457 2267 1573 2297 vertice
1587 2266 1731 2306 aspersit,
1745 2274 1861 2306 quum-

227 2309 317 2339 annis
327 2312 398 2349 post
407 2312 540 2340 mortem
549 2308 672 2340 Macarii
681 2317 778 2348 quum
786 2309 923 2339 Joannes
932 2308 1016 2339 bona

227 2368 403 2400 pauperum
426 2359 598 2397 avertisset,
621 2360 665 2392 ita
691 2359 841 2391 laboravit
863 2359 1014 2399 elephan-

227 2411 307 2448 tiasi,
323 2411 398 2443 utin
414 2419 548 2451 corpore
563 2410 631 2441 eius
645 2419 710 2442 non
726 2410 919 2442 inveniretur
933 2410 1014 2442 inte-

230 2470 285 2500 ger
298 2461 398 2500 locus,
412 2461 445 2492 in
459 2469 524 2502 quo
539 2460 611 2501 quis
625 2460 755 2499 digitum
767 2461 864 2500 ﬁgere
877 2460 932 2496 39
944 2469 1016 2501 pos-

230 2515 287 2542 set.
303 2513 348 2543 Ita
369 2512 402 2542 in
426 2520 477 2550 eo,
503 2511 556 2552 qui
575 2520 640 2543 non
661 2511 831 2548 obedierat,
850 2511 1016 2551 prophetia

230 2563 326 2593 sancti
341 2562 398 2592 viri
410 2561 538 2602 impleta
554 2565 609 2593 est.
627 2562 671 2592 De
685 2561 756 2593 cibo
772 2565 876 2592 autem
893 2566 923 2593 et
938 2566 1015 2602 potu

229 2620 494 2652 supervacaneum
507 2615 553 2642 est
567 2619 703 2647 narrare,
715 2610 862 2650 quoniam
874 2619 915 2641 ne
931 2610 1016 2650 apud

230 2660 426 2691 socordiores
450 2660 578 2700 quidem
606 2659 778 2691 monachos
795 2659 1014 2710 [monasterio-

232 2719 312 2747 rum,
329 2718 409 2751 quae
424 2714 509 2742 extra
523 2713 606 2748 sunt,
621 2709 754 2741 inveniri
771 2709 924 2749 ingluvies
939 2719 1014 2750 pos-

231 2764 271 2794 sit
289 2767 343 2794 aut
361 2763 420 2794 alia
438 2762 592 2803 quaedam
610 2771 628 2794 a
647 2762 874 2794 consuetudine
894 2771 1016 2800 eorum,

232 2824 288 2856 qui
301 2816 333 2846 in
346 2815 412 2846 istis
426 2815 504 2846 locis
519 2819 692 2852 morantur,
709 2814 829 2845 diversa
844 2814 968 2845 vivendi
978 2815 1017 2846 li-

231 2869 346 2904 bertas,
362 2876 433 2898 cum
455 2870 586 2907 propter
598 2867 738 2907 inopiam
759 2875 860 2897 rerum
876 2875 1020 2898 necessa-

231 2919 358 2957 riarum,
379 2921 446 2951 tum
460 2923 591 2962 pI'Opter
607 2919 708 2951 zelum
722 2919 776 2950 Dei
791 2919 872 2950 inter
885 2927 951 2955 eos,
963 2918 1018 2958 qui

1066 2325 1129 2356 que
1153 2325 1249 2357 super
1273 2320 1367 2357 caput
1394 2316 1462 2348 eius
1491 2319 1637 2357 precatus
1670 2318 1761 2353 esset,
1797 2319 1860 2346 sta-

1066 2365 1122 2395 tim
1144 2365 1290 2396 omnibus
1318 2374 1385 2396 eam
1419 2365 1596 2396 videntibus
1624 2364 1741 2396 femina
1761 2373 1860 2405 appa-

1066 2415 1138 2445 ruit.
1163 2417 1263 2456 Atque
1282 2416 1330 2446 vir
1348 2416 1404 2447 Dei
1433 2415 1462 2446 ei
1487 2415 1593 2446 cibum
1618 2415 1736 2456 apponi
1761 2415 1860 2446 iussit.

1066 2465 1144 2496 Tum
1186 2474 1254 2497 eam
1293 2466 1500 2503 commonuit,
1535 2465 1670 2497 dicens:
1695 2465 1863 2505 Nunquam

1066 2525 1132 2548 non
1154 2526 1338 2558 compareas
1365 2517 1399 2548 in
1425 2517 1557 2548 ecclesia
1578 2516 1633 2547 Dei
1659 2519 1691 2547 et
1718 2516 1751 2547 in
1773 2525 1862 2547 com-

1067 2566 1218 2597 munione
1259 2566 1480 2606 mysteriorum
1510 2565 1635 2602 Christi;
1670 2564 1748 2596 haee
1779 2565 1863 2596 enim

1067 2616 1124 2647 tibi
1138 2615 1331 2653 acciderunt,
1349 2616 1423 2655 quia
1442 2616 1504 2647 iam
1520 2615 1660 2655 quinque
1687 2614 1862 2646 hebdoma-

1067 2667 1159 2698 dibus
1174 2675 1238 2697 non
1253 2666 1410 2697 accessisti
1418 2666 1456 2696 ad
1467 2665 1651 2695 intemerata
1669 2664 1780 2694 Christi
1795 2673 1864 2704 my-

1068 2716 1170 2748 steria.
1182 2717 1227 2746 Ita
1233 2724 1300 2746 eam
1308 2723 1441 2755 corpore
1447 2714 1584 2745 et’anima
1590 2717 1729 2744 sanatam
1737 2713 1866 2744 dimisit.

1110 2778 1124 2794 ι
1142 2767 1240 2797 Porro
1268 2765 1428 2796 dicebatur
1461 2763 1637 2804 posteriore
1666 2764 1745 2794 vitae
1788 2771 1863 2793 suae

1069 2820 1212 2856 tempore
1234 2815 1474 2846 subterraneum
1490 2813 1607 2844 fodisse
1629 2812 1810 2844 cuniCulum
1830 2813 1864 2844 in

1069 2866 1190 2898 dimidii
1205 2865 1340 2905 spatium
1357 2864 1448 2895 stadii
1459 2867 1489 2894 et
1503 2862 1687 2903 speluncam
1698 2862 1862 2894 adiecisse.

1076 2917 1107 2948 Si
1121 2916 1247 2956 quando
1262 2916 1356 2955 igitur
1369 2914 1548 2955 complures
1568 2914 1597 2946 ei
1619 2917 1707 2946 erant
1726 2913 1863 2952 molesti,
