2060 3153
198 135 231 166 ιι
963 135 991 163 Vl

1046 134 1079 165 E.
1800 134 1837 164 ἃ

198 190 324 224 occulte
343 199 362 223 e
385 191 465 223 cella
478 199 625 231 egressus
643 191 722 224 abiit
737 192 772 224 in
795 193 992 234 speluncam,
1007 195 1032 225 Α
1045 194 1186 235 scipulos
1201 203 1264 226 una
1279 203 1351 226 cum
1366 193 1500 226 Macario
1515 193 1550 227 in
1567 193 1658 225 Scete
1678 191 1835 223 habitasse

197 241 252 280 ita,
268 245 302 273 ut
316 249 411 273 nemo
425 250 500 273 eum
514 242 680 274 inveniret.
705 243 824 274 Abiens
843 252 919 274 vero
933 252 992 284 per

199 292 381 324 cuniculum
411 293 522 333 viginti
545 296 681 334 quatuor
710 294 868 326 orationes
902 295 990 327 dice-

197 346 250 376 bat
277 352 380 385 usque
417 344 459 376 ad
488 344 685 386 speluncam,
720 347 751 376 et
779 345 906 377 rediens
939 348 990 378 to-

199 395 306 426 tidem.

238 456 254 473 α
270 445 314 475 De
328 453 367 476 eo
381 451 512 484 quoque
527 443 612 476 fama
625 444 712 482 exiit,
729 443 816 485 quod
832 447 991 476 mortuum

198 495 364 533 suscitarit,
396 497 432 526 ut
463 494 901 533 convincerethaeretieum,
936 495 992 535 qui

197 546 463 578 resurrectionem
487 552 660 586 corporum
682 554 748 578 non
774 546 990 586 proﬁtebatur.

198 598 282 634 Quae
293 596 424 637 quidem
436 595 520 628 fama
534 599 682 628 constans
692 596 751 628 fuit
760 596 794 628 in
810 596 989 628 solitudine.

238 660 253 677 α
269 647 352 679 Alias
369 647 410 679 ad
424 647 531 688 ipsum
544 650 644 678 mater
662 647 792 679 adduxit
805 647 991 679 adolescen-

198 700 275 735 tem,
289 698 347 738 qui
360 706 379 728 a
393 697 548 728 daemone
556 697 738 734 vexabatur,
750 705 768 728 a
781 696 905 728 duobus
918 696 993 727 ado-

199 746 393 779 lescentibus
403 746 560 786 utrimque
573 747 787 779 constrictum.
803 747 943 787 Eamque
957 746 992 778 in

201 805 276 828 eum
297 797 359 828 vim
378 797 512 828 daemon
529 797 681 835 exercuit,
707 801 742 829 ut
758 797 852 829 trium
869 797 993 829 modio-

201 856 272 878 rum
286 855 382 887 panes
392 846 574 878 comederet
587 850 619 879 et
633 846 805 888 amphorae
820 847 992 878 Ciliciensis

202 906 313 938 aquam
334 897 469 929 biberet.
493 899 576 935 Quos
599 898 687 930 cibos
711 898 825 930 exinde
846 901 992 930 eructans

201 947 234 978 in
246 956 394 988 vaporem
409 947 597 986 resolvebat,
612 952 761 989 tanquam
779 949 853 988 igne
873 957 990 981 consu-

200 1000 370 1029 merentur.
386 998 440 1029 Est
454 998 539 1030 enim
555 998 633 1030 ordo
647 999 774 1039 quidam
788 999 990 1037 daemonum,

199 1048 254 1088 qui
266 1047 380 1087 igneus
390 1052 538 1086 vocatur;
551 1049 607 1089 qui
620 1049 749 1089 quidem
761 1058 827 1081 non
842 1050 990 1088 essentia,

199 1099 267 1136 sed,
283 1099 358 1130 utin
369 1099 552 1131 hominibus
564 1108 693 1141 quoque
702 1100 871 1138 invenitur,
886 1103 992 1132 mente

199 1150 307 1190 potius
331 1150 493 1182 differunt.
520 1151 581 1181 Iste
603 1151 699 1190 igitur
717 1151 911 1188 adolescens,
929 1151 956 1182 si
973 1160 991 1182 a

199 1204 299 1232 matre
314 1209 380 1232 non
392 1201 466 1233 satis
480 1201 509 1232 ei
524 1201 794 1242 suppeditabatur,
813 1210 908 1242 saepe
920 1210 992 1242 pro-

199 1251 302 1291 priam
324 1261 414 1283 suam
439 1252 552 1283 edebat
574 1252 718 1292 corporis
744 1253 938 1292 egestionem
962 1256 992 1283 et

200 1301 312 1333 lotium
335 1302 472 1334 bibebat.
495 1302 604 1334 Flente
628 1307 727 1334 matre
747 1306 778 1334 et
800 1303 991 1336 lamentante

202 1355 410 1393 sanctumque
426 1353 516 1384 enixe
531 1354 719 1390 obtestante,
747 1354 841 1385 istum
866 1358 991 1386 sanctus

202 1403 327 1443 excepit
343 1406 373 1434 et
393 1403 527 1444 supplex
547 1412 606 1444 pro
628 1412 667 1435 eo
690 1404 789 1435 Deum
810 1404 919 1436 oravit.
948 1406 991 1436 Ac

202 1458 274 1495 post
296 1454 377 1486 duos
400 1455 467 1486 dies
486 1455 637 1486 miserum
660 1455 795 1487 daemon
818 1456 991 1488 cruciatum

202 1505 331 1536 remisit.
359 1506 446 1537 Tunc
467 1505 558 1536 matri
578 1505 645 1546 ejus
661 1515 668 1537 :
683 1507 852 1544 Quantum,
874 1507 989 1547 inquit,

1045 246 1189 285 legimus,
1213 255 1313 278 unum
1333 245 1366 276 in
1390 245 1469 277 cella
1487 243 1624 281 Macarii,
1648 242 1780 275 alterum
1801 242 1837 274 in

1045 297 1173 338 propria
1186 296 1276 334 cella,
1291 304 1385 327 nemo
1396 295 1575 331 concludet,
1587 294 1665 326 alios
1679 291 1835 325 solitarius

1044 355 1107 378 una
1118 355 1189 379 cum
1199 347 1334 378 Macario
1343 345 1421 376 inibi
1432 353 1497 376 non
1506 344 1629 375 vixisse.
1641 344 1739 374 Senes
1751 342 1836 373 enim

1045 397 1233 429 abstinentia
1250 400 1280 428 et
1301 396 1465 428 virtutibus
1486 395 1626 434 insignes
1651 393 1761 434 procul
1777 393 1835 424 ali-

1046 451 1199 488 quantum
1209 456 1227 479 a
1239 447 1448 484 monasteriis,
1461 445 1576 486 quibus
1585 447 1762 486 praeerant,
1776 443 1836 475 sibi

1045 498 1157 530 cellam
1179 498 1341 529 instituere
1370 497 1480 529 solitos
1504 504 1574 528 esse
1604 504 1698 536 supra
1723 494 1834 525 docui-

1044 557 1116 580 mus
1130 548 1184 589 (2).
1199 549 1245 580 Ita
1261 549 1293 580 S.
1310 548 1464 580 Antonius
1486 546 1601 587 legitur
1618 545 1699 577 duos
1719 545 1836 585 pariter

1045 599 1084 631 ad
1096 602 1230 630 mortem
1245 607 1348 639 usque
1365 607 1475 630 secum
1490 595 1661 637 discipulos
1676 595 1833 632 habuisse,

1045 650 1158 680 ceteris
1173 648 1348 687 monachis,
1376 648 1432 689 qui
1455 647 1513 678 sub
1527 647 1594 686 ejus
1608 644 1773 685 disciplina
1786 643 1834 674 vi-

1044 700 1170 735 vebant,
1181 700 1214 731 in
1228 699 1385 731 vicinitate
1403 697 1591 738 degentibus
1604 695 1657 737 (3).
1674 694 1836 725 Solitarios

1044 758 1119 781 vero
1134 753 1257 790 praeter
1271 750 1352 781 duos
1374 749 1446 780 illos
1461 757 1531 780 cum
1547 745 1683 778 Macario
1696 745 1730 775 in
1745 745 1835 775 Scete

1044 800 1220 838 habitasse,
1243 801 1307 832 iam
1338 800 1413 831 inde
1441 800 1543 841 patet,
1570 795 1657 837 quod
1684 794 1836 826 Macarius

1006 881 1029 911 Β
1045 851 1212 892 presbyter
1225 851 1322 882 Scetis
1338 850 1409 881 fuit.

1082 901 1234 940 Narratio,
1245 910 1326 942 quae
1337 901 1490 941 sequitur,
1501 900 1540 931 de
1549 898 1668 931 femina
1677 897 1712 929 in
1721 904 1836 937 equam

1042 953 1159 981 mutata
1185 949 1280 981 etiam
1295 950 1330 981 in
1350 949 1432 981 libro
1457 948 1598 980 secundo
1615 947 1669 988 (4),
1682 946 1738 978 sed
1756 955 1835 977 nus-

1042 1000 1127 1041 piam
1158 1000 1234 1032 alibi
1251 1000 1420 1032 invenitur.
1440 1001 1505 1031 Nec
1527 999 1600 1030 libri
1615 998 1746 1030 secundi
1760 1006 1835 1028 nar-

1042 1050 1121 1082 ratio
1138 1053 1202 1082 tam
1216 1051 1300 1091 large
1312 1051 1434 1082 exculta
1451 1053 1508 1088 est,
1524 1052 1618 1089 atque
1631 1048 1684 1080 illa
1694 1047 1839 1084 Palladii,

1043 1111 1148 1143 neque
1164 1102 1278 1134 mulier
1291 1106 1351 1139 est,
1366 1101 1423 1132 sed
1437 1102 1536 1140 virgo,
1558 1100 1621 1131 tilia
1632 1099 1728 1140 patris
1741 1098 1835 1129 fami-

1041 1151 1099 1183 lias
1112 1152 1206 1184 vicini
1232 1153 1354 1193 oppidi,
1379 1160 1472 1192 quae,
1489 1155 1524 1182 ut
1544 1150 1647 1181 verbis
1669 1149 1747 1190 ipsis
1764 1153 1836 1179 uta-

1041 1211 1124 1240 mur,
1142 1214 1157 1231 «
1170 1211 1228 1243 per
1248 1202 1429 1243 phantasias
1441 1202 1580 1241 magicas
1594 1200 1760 1232 videbatur
1773 1199 1834 1230 ho-

1042 1253 1180 1284 minibus
1198 1253 1232 1284 in
1248 1253 1401 1293 equinum
1424 1251 1540 1283 animal
1563 1259 1663 1287 versa,
1691 1253 1725 1282 ut
1742 1253 1835 1290 puta-

1041 1307 1128 1335 retur
1140 1312 1222 1344 equa
1236 1311 1317 1341 esse,
1334 1307 1365 1335 et
1380 1312 1445 1335 non
1459 1302 1576 1343 puella.
1591 1302 1679 1333 Hanc
1692 1300 1834 1332 adduxe-

1042 1357 1116 1386 runt
1129 1354 1168 1386 ad
1180 1363 1253 1385 eum
1264 1354 1444 1393 [Macarium
1457 1353 1511 1389 42
1521 1353 1733 1393 Aegyptium].
1748 1353 1835 1382 Tunc

1040 1405 1094 1436 illc
1110 1407 1343 1445 perconctatus,
1358 1404 1433 1444 quid
1448 1402 1584 1435 vellent?
1612 1403 1705 1434 Aiunt
1719 1410 1836 1442 paren-

1041 1459 1089 1488 tes
1104 1456 1171 1487 eius
1187 1466 1194 1488 :
1210 1457 1299 1496 Equa
1313 1456 1403 1493 haec,
1426 1463 1522 1495 quam
1544 1454 1652 1486 vident
1674 1453 1757 1484 oculi
1777 1452 1836 1490 tui,

1041 1507 1147 1548 puella
1153 1507 1239 1547 virgo
1250 1510 1282 1538 et
1290 1507 1352 1538 ﬁlia
1360 1510 1466 1538 nostra
1473 1506 1542 1543 fuit,
1552 1505 1607 1536 sed
1615 1504 1760 1536 homines
1767 1512 1837 1542 pes-

201 1554 258 1592 vis,
275 1558 311 1586 ut
323 1554 493 1587 comedat?
510 1557 619 1593 Quam,
635 1565 707 1587 cum
723 1556 834 1588 decem
848 1556 944 1588 libras
953 1557 993 1588 si-
1005 1554 1027 1584 (Ξ
1044 1558 1115 1589 simi
1126 1558 1256 1598 magicis
1268 1558 1386 1589 artibus
1400 1557 1434 1588 in
1452 1556 1567 1589 animal
1577 1556 1639 1587 hoc
1655 1555 1741 1595 quod
1751 1554 1843 1585 vides

202 1606 389 1645 gniﬁcasset,
404 1607 587 1648 increpavit,
605 1607 679 1648 quia
693 1607 826 1638 nimium
845 1607 992 1645 dixisset;

201 1660 296 1696 atque
308 1657 422 1689 iterum
436 1666 532 1698 super
546 1657 748 1689 adolescente
763 1661 909 1699 precatus
920 1666 993 1689 cum

201 1706 320 1737 ieiunio
339 1710 461 1748 septem
477 1707 611 1744 dierum,
639 1706 826 1738 daemonem
845 1707 994 1747 ingluviei

203 1757 241 1788 ab
257 1766 295 1789 eo
310 1758 431 1799 expulit
445 1762 476 1789 et
497 1759 602 1790 cibum
620 1758 650 1789 ei
668 1757 829 1790 constituit
843 1758 938 1789 trium
952 1758 992 1789 li-

203 1807 330 1839 brarum
342 1817 469 1849 panem,
482 1817 577 1849 quem
594 1808 763 1840 comedere
781 1808 921 1845 deberet,
939 1807 992 1844 41,

203 1857 230 1888 si
243 1863 438 1898 operaretur.
452 1860 497 1891 Ita
512 1862 543 1891 et
558 1859 644 1890 hunc
657 1858 773 1891 virtute
787 1858 911 1890 divinae
925 1866 994 1898 gra-

203 1907 264 1939 tiae
281 1911 425 1940 sanatum
439 1909 530 1941 matri
546 1909 695 1942 reddidit.

243 1969 257 1986 α
266 1958 350 1990 Talia
364 1959 447 1990 Deus
460 1960 615 2000 stupenda
624 1958 774 1991 miracula
788 1958 862 1990 fecit
872 1967 930 1999 per
944 1957 993 1990 di-

204 2006 319 2040 lectum
333 2018 424 2041 suum
434 2010 613 2048 Macarium,
632 2009 722 2042 cuius
736 2009 921 2040 immortalis
930 2008 996 2039 ani-

204 2066 256 2091 ma
269 2067 353 2091 nunc
368 2063 415 2092 est
432 2069 504 2092 cum
520 2060 649 2100 angelis.
669 2061 735 2100 Ego
758 2062 901 2092 sanctum
924 2059 994 2099 ipse

204 2116 269 2140 non
285 2110 439 2147 conveni;
464 2119 548 2142 anno
568 2111 663 2148 enim,
684 2114 852 2151 antequam
869 2110 903 2141 in
916 2110 994 2142 soli—

203 2157 346 2189 tudinem
359 2159 573 2198 ingrediebar,
593 2161 713 2192 obierat
728 2159 801 2201 (1).»

244 2211 257 2248 §
276 2209 322 2240 13.
339 2210 432 2242 Hisce
455 2219 503 2249 ea,
521 2220 603 2251 quae
621 2211 758 2243 Historia
773 2211 922 2243 Lausiaca
937 2220 993 2243 co-

203 2259 309 2291 dicum
323 2260 616 2293 Vindobonensium
631 2262 670 2293 de
684 2262 817 2294 Macario
837 2263 993 2303 Aegptio

203 2307 307 2347 habet,
322 2310 534 2343 continentur.
555 2314 579 2343 E
595 2313 710 2353 quibus
728 2313 850 2352 singula
865 2314 892 2345 si
912 2322 991 2346 con-

203 2360 322 2399 tuleris,
337 2370 522 2401 cognosces,
539 2366 658 2394 textum
669 2365 795 2396 Meursii
808 2365 842 2396 in
852 2364 913 2397 hoc
925 2365 994 2405 qui-

203 2411 276 2443 dem
290 2413 392 2453 capite
407 2413 501 2444 rebus
513 2414 564 2444 vix
578 2414 716 2453 diﬂ‘erre,
728 2415 783 2446 sed
799 2415 994 2455 depravatio-

203 2462 296 2494 nibus
308 2466 439 2495 scatere.
455 2463 502 2495 Ad
518 2472 555 2495 ea
568 2468 684 2502 autem,
701 2474 783 2506 quae
802 2474 994 2497 commemo-

203 2512 350 2550 ravimus,
376 2513 557 2545 adnotanda
577 2514 670 2545 nobis
689 2514 768 2547 haec
789 2522 859 2547 esse
880 2515 991 2546 viden-

203 2565 263 2592 tur.

241 2614 382 2645 Primum
400 2614 531 2655 quidem
546 2622 564 2646 e
579 2613 695 2652 verbis,
717 2614 833 2655 quibus
849 2615 929 2647 duos
944 2616 993 2648 di-

238 2707 279 2741 (l)
298 2705 402 2734 Texta:
416 2715 532 2743 graecus
551 2707 652 2744 legitur
664 2708 735 2736 infra
750 2709 778 2736 in
792 2709 889 2737 harum
904 2710 994 2744 Quae-

205 2753 325 2780 stionum
341 2753 499 2788 Appendice
510 2755 604 2790 priore
620 2755 671 2782 sub
685 2755 707 2782 1.

239 2797 278 2833 (2)
298 2797 340 2825 ετ.
353 2806 434 2834 supra
450 2806 478 2834 p.
489 2799 517 2826 4.

242 2845 280 2877 (‘5)
301 2843 362 2871 Vita
382 2845 411 2873 S.
427 2845 550 2879 Antonii,
571 2845 600 2873 S.
620 2845 752 2873 Athenas.
771 2845 840 2881 Opp.
856 2845 910 2873 T.l
925 2846 956 2875 Ρ.
973 2847 994 2874 ll

207 2896 232 2924 p.
244 2891 295 2924 689
322 2899 394 2927 sqq.,
410 2891 504 2920 Rosw.
523 2891 579 2920 VV.
602 2892 654 2920 PP.
671 2892 706 2920 59
724 2900 803 2928 sqq.;
821 2891 891 2921 llist.
909 2892 992 2921 Laus.

1044 1612 1244 1640 mutaverunt
1259 1617 1340 1639 eam.
1357 1609 1517 1647 Rogamus
1531 1615 1619 1646 ergo,
1635 1609 1670 1637 ut
1685 1614 1757 1637 ores
1772 1605 1836 1635 Do-

1044 1661 1178 1697 minum,
1194 1663 1228 1691 ut
1242 1662 1415 1691 commutet
1433 1667 1502 1690 eam
1522 1658 1557 1689 in
1578 1657 1639 1688 hoc
1661 1656 1748 1697 quod
1766 1655 1835 1687 fuit.

1045 1711 1082 1740 At
1096 1709 1149 1740 ille
1163 1709 1205 1740 ait
1223 1718 1229 1740 :
1246 1709 1312 1747 Ego
1328 1708 1425 1745 hanc,
1446 1715 1544 1747 quam
1567 1705 1732 1738 ostenditis
1746 1703 1836 1742 mihi,

1044 1759 1182 1801 puellam
1197 1758 1289 1790 video
1302 1758 1381 1789 nihil
1394 1758 1428 1789 in
1443 1766 1477 1789 se
1492 1757 1626 1798 pecudis
1646 1755 1836 1791 habentem;

1044 1810 1106 1842 hoc
1121 1813 1236 1846 autem,
1253 1808 1339 1849 quod
1354 1808 1468 1845 dicitis,
1487 1816 1553 1839 non
1573 1810 1619 1838 est
1633 1807 1668 1837 in
1689 1805 1756 1837 eius
1770 1813 1839 1837 cor-

1044 1869 1136 1901 pore,
1163 1860 1220 1891 sed
1240 1859 1275 1890 in
1297 1858 1398 1891 oculis
1419 1857 1622 1889 intuentium.
1646 1855 1837 1887 Phantasiae

1045 1911 1131 1942 enim
1152 1910 1343 1942 daemonum
1363 1911 1437 1940 sunt
1455 1908 1545 1945 istae,
1566 1915 1632 1938 non
1648 1906 1762 1938 veritas
1785 1914 1837 1936 re-

1044 1970 1126 1992 rum.
1146 1961 1184 1992 Et
1197 1969 1270 1992 cum
1283 1959 1510 1990 introduxisset
1530 1966 1600 1989 eam
1625 1965 1698 1988 cum
1721 1963 1838 1996 paren-

1043 2013 1128 2044 tibus
1140 2012 1205 2043 suis
1215 2012 1297 2042 intra
1312 2010 1469 2047 cellulam,
1493 2008 1583 2040 ﬂexis
1600 2007 1734 2048 genibus
1748 2015 1838 2039 orare

1044 2064 1212 2095 Dominum
1227 2062 1344 2102 coepit,
1365 2060 1523 2100 simulque
1540 2062 1571 2090 et
1585 2061 1734 2100 parentes
1750 2060 1839 2097 rogat

1045 2122 1152 2145 secum
1166 2112 1301 2143 Domino
1314 2110 1512 2151 supplicare;
1539 2112 1570 2140 et
1583 2110 1655 2148 post
1667 2107 1746 2142 haec
1763 2115 1837 2147 per-

1044 2173 1167 2204 ungens
1182 2172 1251 2195 eam
1264 2162 1335 2194 oleo
1349 2161 1381 2192 in
1394 2160 1523 2192 nomine
1538 2159 1673 2197 Domini,
1686 2157 1772 2190 omni
1784 2156 1840 2188 fal-

1046 2215 1125 2247 lacia
1145 2214 1230 2245 visus
1244 2212 1385 2253 expulsa,
1402 2211 1554 2250 virginem
1573 2209 1671 2241 videri
1691 2207 1839 2240 omnibus

1046 2269 1081 2296 ut
1090 2265 1184 2296 etiam
1197 2263 1256 2295 sibi
1265 2262 1428 2293 videbatur
1438 2259 1553 2292 eﬂ‘ecit.
1568 2270 1582 2288 ››
1594 2256 1770 2290 Verisimile
1779 2258 1836 2292 est,

1046 2318 1213 2354 utramque
1232 2316 1263 2345 et
1283 2311 1439 2344 Historiae
1459 2310 1627 2341 Lausiacae
1642 2311 1673 2339 et
1692 2306 1764 2338 libri
1786 2314 1837 2336 se-

1046 2363 1142 2396 cundi
1162 2362 1373 2394 narrationem
1386 2369 1426 2392 ex
1445 2360 1559 2391 eodem
1577 2358 1665 2389 fonte
1682 2363 1837 2387 manasse.

1045 2414 1135 2451 Quod
1147 2412 1271 2445 facilius
1287 2411 1436 2448 creditur,
1452 2418 1551 2451 quum
1568 2417 1607 2440 ex
1619 2407 1670 2445 iis,
1687 2415 1768 2446 quae
1782 2415 1837 2437 su-

1045 2473 1102 2505 pra
1117 2463 1324 2495 disseruimus
1338 2462 1393 2502 (5),
1414 2463 1549 2497 constet,
1572 2457 1758 2493 Palladium,
1783 2456 1839 2497 qui

1046 2514 1226 2546 Lausiacam
1240 2513 1377 2554 scripsit,
1391 2515 1445 2544 aut
1457 2511 1571 2542 librum
1582 2508 1757 2541 secundum
1772 2510 1837 2543 aut,

1047 2565 1134 2606 quod
1161 2565 1254 2596 nobis
1274 2558 1474 2605 probabilius
1499 2561 1601 2593 visum
1629 2561 1687 2597 est,
1716 2561 1838 2589 textum

1048 2624 1207 2656 graecum,
1232 2624 1250 2647 e
1270 2623 1334 2656 quo
1351 2614 1434 2646 liber
1451 2613 1506 2644 ille
1524 2611 1626 2650 ﬂuxit,
1644 2610 1824 2642 adhibuisse

1045 2709 1089 2738 ed.
1106 2709 1207 2738 Meurs.
1224 2717 1283 2744 cap.
1301 2709 1336 2736 ‘26
1352 2708 1422 2744 Opp.
1437 2707 1537 2735 Meurs.
1552 2707 1573 2733 1.
1591 2705 1610 2733 I.
1630 2714 1655 2741 p.
1672 2705 1738 2734 419.

1085 2756 1124 2791 (4)
1147 2755 1202 2783 vv.
1227 2755 1280 2783 rp.
1308 2755 1400 2782 nnsw.
1427 2755 1473 2782 lib.
1500 2754 1519 2781 ιι
1532 2761 1591 2788 cap.
1616 2754 1651 2781 es
1669 2762 1695 2788 p.
1727 2752 1835 2785 430.1;

1047 2802 1139 2829 Ruﬁni
1161 2801 1230 2838 Opp.
1254 2802 1298 2830 ed.
1325 2800 1440 2830 Vallarsi
1465 2809 1491 2837 p.
1519 2801 1592 2833 19.1,
1617 2800 1706 2836 Mich
1732 2798 1833 2826 l'atrol.

1047 2848 1078 2876 T.
1095 2847 1155 2875 XXI
1171 2856 1197 2883 ρ.
1219 2847 1280 2875 451.

1083 2893 1122 2930 (5)
1141 2893 1208 2929 Cap.
1227 2893 1236 2921 l
1254 2892 1279 2929 ς.
1297 2892 1323 2920 6.
