2060 3153
239 159 277 188 13
660 162 711 191 SS.
729 162 964 192 MACARIORUM
983 162 1143 193 AEGYPTII
1163 166 1208 195 ΕΤ
1227 167 1465 197 ALEXANDRINI
1840 160 1873 188 Η

239 219 459 262 Eundemque,
483 221 538 261 qui
557 229 641 252 anno
659 225 732 262 post
755 226 890 253 mortem
904 222 1030 254 Macarii
1043 227 1068 254 A
1081 226 1233 264 converti,
1255 229 1290 258 ut
1313 235 1348 258 re
1366 234 1439 258 vera
1463 222 1608 256 animalia
1636 221 1709 258 sint,
1738 225 1873 259 quorum

240 270 357 303 Nitriae
373 274 514 302 montem
528 271 665 309 intravit,
681 272 738 304 ubi
757 272 868 303 decem
884 271 952 303 fere
971 280 1028 303 an-

239 329 300 352 nos
314 321 475 352 solitudini
489 321 587 353 Scetis
600 322 722 353 vicinus
741 321 826 362 degit
837 322 892 363 (1),
906 331 1032 354 accura-

239 371 353 402 tiorem
375 371 478 403 famae
497 372 664 404 relatorem
687 373 825 411 duxeris,
847 373 1031 413 praesertim

240 431 339 462 quum
353 423 503 455 Ruﬁnum
516 423 650 455 inﬁdum
660 424 865 465 interpretem
876 432 945 456 esse
956 433 1032 456 con-

241 475 312 502 stet.

281 521 372 558 Quod
394 522 434 554 ad
451 522 591 555 fabulam
616 524 718 564 ipsam
744 524 866 562 attinet,
893 525 1031 565 magicas

241 576 323 602 artes
344 572 428 613 apud
446 574 618 614 Aegyptios
641 574 681 605 ab
709 575 934 615 antiquissimis
955 575 1031 606 inde

240 623 436 662 temporibus
455 623 489 655 in
503 633 563 655 usu
577 624 685 662 fuisse,
710 632 776 656 non
799 629 858 663 est,
875 625 962 666 quod
981 625 1030 656 di-

241 680 323 703 cam.
347 673 494 712 Legimus
513 675 617 713 etiam,
641 674 813 707 Commodo
840 676 1032 716 imperatore

241 721 423 763 Philippum
435 725 567 765 Aegypti
582 725 868 758 administratorem
884 738 898 755 «
911 726 1032 757 cunctis

241 772 454 805 curiositatem
475 776 630 815 magicam
650 777 842 809 sectantibus
857 777 952 808 ﬁnem
976 777 1033 807 im-

242 824 386 864 posuisse
398 825 452 866 (2).
462 837 476 854 ››
491 827 606 862 Quarto
622 827 750 859 saeculo
760 827 967 868 imperatores
980 826 1033 858 ad-

242 881 350 905 versus
364 883 473 914 magos
482 875 568 915 leges
581 881 753 909 sanxerunt
761 878 814 918 (3),
828 886 960 918 quarum
969 886 1031 909 una

243 932 353 956 eorum
363 934 491 967 quoque
507 928 668 960 scientiam
680 929 858 969 proscribit,
871 929 925 969 qui
936 929 1032 968 magi-

242 974 288 1007 cis
303 976 435 1008 accincti
447 977 567 1010 artibus
581 982 636 1010 aut
654 984 763 1011 contra
776 979 910 1011 salutem
926 979 1030 1010 homi-

242 1033 318 1056 num
329 1026 444 1065 moliri,
461 1031 515 1059 aut
526 1028 661 1069 pudicos
679 1030 801 1061 animos
812 1029 852 1061 ad
868 1029 1032 1060 libidinem

243 1077 468 1115 deﬂexisse“
479 1079 665 1120 detegantur
675 1080 730 1121 (4).
740 1081 865 1112 Iuvenis
876 1088 893 1112 e
902 1080 1032 1120 regione

242 1128 343 1160 Gazae
357 1129 444 1161 urbis
459 1130 624 1169 oriundus,
641 1131 682 1163 de
696 1140 760 1172 quo
773 1132 806 1164 in
820 1131 881 1163 vita
898 1132 929 1162 S.
944 1131 1031 1162 Hila-

241 1179 341 1211 rionis
359 1180 390 1220 (1-
405 1180 473 1222 372)
497 1186 650 1220 narratur,
668 1191 686 1214 a
705 1182 804 1221 magis
827 1181 958 1213 edoctus
974 1181 1034 1212 sub

242 1230 340 1263 limen
355 1231 469 1263 domus
492 1232 616 1273 puellae
630 1235 750 1264 amatae
764 1236 919 1264 tormenta
934 1240 1033 1272 quae-

243 1279 315 1310 dam
330 1280 497 1312 verborum
519 1287 549 1312 et
568 1285 767 1322 portentosas
786 1282 901 1321 ﬁguras
922 1281 956 1312 in
979 1290 1034 1312 ae-

242 1330 285 1385 ris
299 1331 406 1385 Cyprii
418 1331 535 1385 lamina
552 1333 696 1385 scalptas
707 1333 846 1370 defodit;
868 1341 932 1372 quo
951 1332 1034 1363 facto

242 1379 380 1411 insanire
397 1379 484 1418 virgo
499 1381 616 1421 coepit,
635 1381 806 1413 inclamare
821 1389 939 1412 nomen
955 1380 1033 1412 ado-

242 1428 403 1466 lescentis,
412 1432 443 1460 et
456 1438 532 1470 prae
545 1438 653 1461 amore
667 1430 700 1461 in
714 1430 856 1461 furorem
869 1429 957 1465 verti,
969 1436 1034 1468 quo

244 1488 263 1510 a
281 1480 313 1509 S.
329 1479 490 1511 Hilarione
511 1480 660 1512 liberatur
675 1481 729 1522 (5).
755 1482 791 1511 In
810 1483 916 1512 nostra
929 1479 1035 1510 fabula

246 1537 355 1568 magus
368 1529 529 1568 feminam,
547 1531 598 1562 cui
611 1534 736 1571 turpem
751 1539 891 1562 amorem
904 1530 1034 1560 iniicere

1081 280 1236 315 naturam,
1258 280 1365 308 mente
1391 277 1513 316 integra
1545 276 1676 308 servata,
1706 269 1872 309 accipiant.

1082 326 1171 363 Quod
1195 327 1317 367 experti
1335 329 1409 357 sunt
1433 325 1510 357 socii
1527 323 1657 364 Ulyssis,
1674 322 1800 353 Actaeo,
1824 319 1871 354 Io,

1058 395 1063 398 -
1081 374 1134 405 alii
1148 383 1166 406 a
1181 374 1279 412 Circe,
1293 375 1402 412 Diana,
1417 375 1493 406 Jove
1507 373 1614 405 aliisve
1629 371 1688 402 diis
1702 369 1736 400 in
1751 368 1870 399 anima-
1911 398 1912 401 η

1081 424 1123 455 lia
1139 425 1249 456 mutati
1265 424 1319 465 (6).
1333 427 1375 456 Ac
1388 424 1472 464 magi
1480 423 1576 455 medii
1585 421 1652 454 aevi
1665 419 1728 460 ipsi
1743 417 1871 458 quidem

1081 475 1213 507 formam
1224 484 1261 507 ac
1276 478 1417 507 naturam
1431 473 1613 506 animalium
1622 471 1770 506 induunt,
1783 467 1873 500 cuius

1081 523 1128 554 rei
1154 524 1297 564 exempla
1321 523 1406 564 apud
1429 526 1550 554 veteres
1573 528 1702 561 quoque
1730 525 1796 548 non
1819 515 1873 546 de-

1082 577 1155 606 sunt
1171 574 1225 615 (7),
1239 583 1344 615 neque
1357 577 1464 605 tamen
1477 573 1555 605 alios
1566 572 1600 602 in
1614 569 1760 602 animalia
1773 571 1873 598 verte-

1082 634 1117 657 re
1130 625 1270 666 potuisse
1287 625 1434 657 dicuntur
1449 623 1504 664 (8).
1515 623 1615 660 Quare
1625 625 1656 652 et
1666 620 1705 651 ab
1717 619 1785 650 istis
1795 616 1874 648 anti-

1082 675 1154 715 quis
1168 675 1250 706 etab
1267 674 1355 706 hisce
1375 673 1472 705 medii
1492 672 1560 704 aevi
1578 668 1803 702 mutationibus
1817 674 1874 696 no-

1082 728 1152 756 stra'
1167 725 1265 766 probe
1294 727 1342 756 est
1366 722 1596 762 distinguenda,
1623 728 1716 761 quae,
1744 717 1873 757 magicis

1082 774 1259 814 praestigiis
1284 774 1407 810 eﬂ'ecta,
1437 780 1502 803 non
1520 771 1553 802 in
1572 776 1706 810 corpore
1722 766 1871 802 feminae,

1083 824 1138 856 sed
1148 825 1181 855 in
1192 823 1291 856 oculis
1303 822 1493 854 intuentium
1506 820 1632 852 exstitit.
1649 817 1756 850 Talem
1769 818 1873 847 autem

1083 875 1157 913 vim,
1180 883 1242 915 qua
1262 873 1426 905 hominum
1441 871 1526 904 oculi
1546 869 1759 910 decipiuntur,
1775 865 1873 905 magis

1082 925 1256 956 attribuunt
1270 924 1301 955 S.
1317 923 1505 960 Lactantius,
1524 919 1732 952 Tertullianus
1743 917 1797 957 (9),
1813 916 1871 946 Mi-

1082 976 1193 1008 nucius
1208 975 1336 1006 Felix.E
1352 974 1466 1015 quibus
1480 974 1511 1004 S.
1527 970 1705 1003 Lactantius
1718 977 1725 999 :
1738 979 1753 996 α
1769 969 1874 1006 Mago-

1082 1035 1152 1058 rum
1167 1034 1296 1066 quoque
1310 1034 1371 1062 ars,
1385 1036 1398 1054 ιι
1415 1023 1527 1064 inquit,
1545 1034 1560 1051 α
1575 1020 1679 1053 omnis
1687 1029 1723 1051 ac
1732 1016 1873 1059 potentia

1082 1077 1196 1108 horum
1223 1077 1435 1115 [daemonum]
1463 1072 1708 1115 aspirationibus
1734 1071 1872 1104 constat,

1082 1136 1100 1159 a
1123 1127 1237 1167 quibus
1262 1127 1413 1164 invocati,
1436 1126 1520 1157 visus
1532 1123 1697 1156 hominum
1710 1120 1765 1157 Μ
1779 1127 1870 1160 prae-

1083 1177 1181 1216 stigiis
1206 1176 1449 1208 obcaecantibus
1470 1174 1594 1211 fallunt,
1609 1177 1643 1204 ut
1664 1180 1730 1203 non
1749 1169 1875 1201 videant

1084 1235 1224 1267 ea,quae
1239 1229 1323 1264 sunt,
1341 1229 1372 1257 et
1389 1226 1495 1257 videre
1516 1233 1550 1256 se
1573 1225 1684 1264 putent
1707 1220 1773 1257 illa,
1793 1227 1875 1259 quac

1085 1287 1149 1309 non
1159 1281 1232 1310 sunt
1256 1277 1330 1319 (10).
1345 1289 1360 1306 ι
1371 1277 1525 1308 Minucius
1539 1275 1644 1306 Felix:
1664 1284 1678 1301 α
1693 1271 1774 1310 Magi
1797 1277 1874 1310 quo-

1084 1337 1158 1368 que,
1172 1340 1187 1357 »
1201 1327 1316 1368 inquit,
1329 1339 1344 1356 «
1359 1335 1425 1358 non
1439 1329 1560 1358 tantum
1591 1325 1677 1356 ciunt
1692 1323 1874 1356 daemonas,

1084 1378 1140 1409 sed
1154 1377 1259 1415 etiam,
1275 1376 1429 1417 quidquid
1444 1374 1586 1407 miraculi
1597 1373 1720 1409 ludunt,
1733 1379 1791 1411 per
1804 1369 1876 1401 dae-

1083 1435 1194 1458 monas
1209 1426 1344 1463 faciunt;
1364 1426 1425 1457 illis
1452 1424 1684 1464 adspirantibus
1709 1425 1740 1452 et
1766 1419 1874 1451 infun-

1084 1478 1231 1509 dentibus
1245 1476 1427 1517 praestigias
1438 1475 1547 1509 edunt,
1557 1474 1606 1505 vel
1622 1480 1704 1513 quae
1714 1479 1780 1502 non
1789 1473 1874 1506 sunt,

1084 1527 1192 1564 videri,
1207 1526 1269 1564 vel,
1285 1535 1366 1566 quae
1386 1528 1471 1561 sunt,
1495 1532 1560 1555 non
1573 1523 1673 1554 videri
1696 1521 1769 1562 (11).
1783 1533 1796 1549 ››
1813 1520 1874 1551 Sed

245 1580 366 1620 nequit,
387 1589 453 1612 non
476 1581 519 1612 ita
538 1584 648 1619 mutat,
662 1585 697 1613 ut
713 1582 762 1618 sit,
777 1581 832 1612 sed
846 1584 880 1611 ut
893 1579 1035 1611 videatur
1047 1583 1069 1612 C
1085 1577 1239 1618 exempla,
1250 1585 1357 1616 magos
1372 1575 1548 1616 praestigiis
1559 1573 1712 1609 effecisse,
1727 1575 1763 1603 ut
1776 1571 1874 1602 homo

246 1634 365 1663 tantum
385 1640 468 1672 equa
481 1640 561 1663 esse.
570 1632 662 1673 Apud
675 1635 796 1663 veteres
806 1631 945 1662 ethnicas
960 1639 1035 1669 gen-

245 1684 294 1714 tes
307 1681 453 1722 legimus,
469 1682 613 1714 homines
623 1682 778 1724 quosdam
789 1682 824 1713 in
837 1680 982 1713 animalia
992 1680 1035 1712 ita

281 1758 322 1795 (l)
343 1759 374 1788 C.
392 1759 464 1787 infra
479 1759 568 1796 Caput
580 1759 614 1788 lll
629 1760 655 1797 ς.
670 1759 716 1788 20.

282 1804 322 1841 (2)
341 1805 371 1833 S.
397 1805 535 1841 Eugeniae
560 1807 616 1834 vita
635 1813 696 1841 cap.
721 1807 748 1838 1,
780 1804 827 1832 νγ
847 1803 920 1832 .PP.
943 1804 1037 1831 Rnsw.

247 1860 276 1888 p.
292 1852 356 1884 510,
371 1852 397 1881 1.

284 1897 326 1934 (5)
345 1897 399 1925 Tit.
411 1897 480 1926 Cod.
488 1897 523 1926 de
530 1897 662 1926 maleﬁcis
672 1902 699 1925 et
708 1893 972 1929 mathematicis(lX,
983 1894 1038 1930 18).

284 1944 324 1980 (ι)
344 1943 400 1975 Lex
413 1944 430 1972 5
444 1944 512 1972 Cod.
527 1944 545 1972 l.
561 1945 581 1972 l.

284 1989 323 2024 (ὅ)
344 1989 375 2017 S.
399 1988 547 2027 liilarionis
565 1990 622 2018 vita
643 1997 704 2026 cap.
730 1988 775 2024 ﬂ,
792 1987 849 2015 VV.
866 1986 919 2016 PP.
944 1987 1037 2015 Itosw.

249 2043 278 2072 p.
296 2035 340 2069 78,
357 2037 376 2063 2
392 2044 454 2072 sqq.

285 2080 324 2117 (6)
343 2080 441 2116 Odyss.
460 2080 495 2114 Χ,
522 2080 575 2114 229
596 2088 679 2115 sqq.;
699 2079 778 2109 Ovid.
801 2080 909 2108 Metam.
926 2079 974 2106 lib.
993 2079 1038 2110 Ill,

250 2125 303 2154 195
330 2133 410 2163 sqq.;
436 2125 563 2166 Aeschyl.
595 2125 795 2163 Prometheus;
822 2124 902 2153 Ovid.
930 2124 1038 2152 Metam.

249 2171 298 2202 lib.
316 2172 337 2204 I,
353 2171 415 2200 610.

284 2218 324 2254 (τ)
344 2218 445 2247 Herod.
460 2218 506 2253 ιγ,
522 2218 584 2247 105.

284 2265 326 2301 (8)
344 2264 448 2293 Grimm
464 2265 629 2305 Mythologie
648 2264 699 2292 Ed.
715 2263 726 2290 l
740 2271 767 2299 p.
785 2262 848 2291 625.
863 2261 915 2290 Ubi
931 2261 973 2289 vir
988 2261 1040 2289 do-

249 2316 311 2340 ctus
325 2319 380 2339 non
392 2311 506 2339 omnino
521 2318 584 2339 vere
596 2310 700 2338 dixisse
715 2310 842 2343 videtur;
856 2316 919 2336 nam
935 2308 963 2335 in
977 2307 1040 2335 Tri-

249 2357 347 2387 themii
375 2357 480 2385 Chron.
511 2356 640 2392 Hirsaug.
665 2356 711 2384 ed.
740 2354 870 2385 Francof.
899 2353 967 2382 1601
1005 2353 1039 2381 ad
1056 2376 1078 2404 υ

249 2413 276 2433 a.
289 2404 358 2433 1010
371 2404 405 2433 de
417 2405 515 2432 iuvene
529 2411 544 2431 a
556 2404 665 2431 duabus
677 2402 779 2431 vetulis
794 2402 823 2430 in
836 2401 954 2429 formam
967 2400 1040 2429 asini

250 2454 357 2481 mutato
383 2450 491 2486 legitur.
512 2448 556 2477 Cf.
580 2448 658 2477 Vinc.
682 2448 785 2476 Bellov.
810 2447 891 2484 Spec.
914 2446 976 2474 Nat.
993 2446 1039 2479 Ill,

251 2497 314 2526 109.
335 2496 500 2528 Heliodorus
525 2495 651 2532 quemvis
672 2495 812 2523 hominem
839 2495 869 2522 in
898 2493 1041 2529 quodlibet

251 2543 352 2584 animal
374 2546 479 2570 mutare
504 2545 620 2578 poterat.
646 2540 689 2569 Cf.
709 2539 809 2568 Fazelli
819 2547 910 2568 rerum
935 2539 1041 2567 Sicula-

251 2595 312 2616 rum
332 2587 415 2617 decas
441 2587 452 2616 l
471 2588 520 2616 lib.
535 2587 579 2621 ιιι,
596 2587 622 2622 1,
639 2586 674 2614 59
698 2594 758 2622 sqq.
781 2585 885 2613 Grimm
906 2585 982 2613 illum
1000 2585 1041 2612 lo-

251 2641 315 2673 cum
333 2630 397 2662 libri
411 2634 455 2662 sui
471 2633 530 2669 ipse
543 2634 597 2661 iam
611 2633 775 2672 reprobasse
789 2632 914 2671 videtur;
929 2639 992 2659 nam
1012 2631 1039 2658 in

251 2671 340 2708 altera
358 2680 479 2708 editione
501 2688 556 2708 non
577 2669 704 2708 habetur.
755 2669 757 2671 I
910 2669 912 2671 ν

290 2726 331 2761 (9)
352 2725 468 2762 Apolog.
487 2734 548 2762 cap.
563 2725 609 2754 22.
625 2726 671 2754 25.

289 2772 346 2808 (l0)
365 2772 454 2807 Divin.
473 2773 560 2811 instit.
574 2772 608 2815 ll,
626 2773 660 2801 15
675 2773 703 2800 S.
716 2772 794 2804 Lact.
811 2771 880 2808 Opp.
895 2770 940 2801 ed.
953 2769 1042 2806 Migne

255 2817 287 2846 τ.
304 2818 313 2845 1
329 2826 357 2853 p.
374 2818 434 2847 552.

291 2864 348 2899 (11)
369 2858 498 2892 Octavius
511 2872 572 2898 cap.
584 2864 632 2897 9-6,
652 2863 720 2891 Bibl.
748 2862 861 2890 Patrum
888 2861 962 2889 Eccl.
981 2861 1041 2888 Lat.

255 2911 351 2940 select.
373 2919 398 2939 c.
426 2911 559 2940 Gersdorf
582 2911 640 2939 Vol.
669 2909 724 2937 Xlll
751 2909 824 2944 Lips.
856 2908 922 2937 i842
946 2916 972 2943 p.
996 2909 1041 2940 57,

1086 1629 1324 1669 conspiceretur
1336 1626 1463 1664 animal,
1481 1626 1578 1657 multa
1592 1623 1725 1656 inveniri
1738 1623 1789 1653 vix
1804 1630 1875 1653 cre—

1087 1677 1283 1719 diderim(12)
1290 1679 1483 1717 .Quanquam
1492 1676 1552 1707 alia
1561 1674 1725 1707 oculorum
1741 1671 1876 1703 ludibria

1089 1756 1178 1791 Migne
1195 1755 1298 1784 Patrol.
1317 1755 1349 1783 Τ.
1367 1754 1401 1782 lll
1415 1762 1442 1789 ρ.
1458 1754 1521 1782 522.

1122 1803 1178 1838 (12)
1196 1803 1226 1831 S.
1257 1802 1428 1837 Augustinus
1453 1799 1487 1828 de
1510 1799 1566 1827 civ.
1584 1797 1629 1826 Dei
1641 1795 1780 1830 XVlll,lS
1794 1805 1800 1822 ε
1816 1803 1826 1820 ε
1840 1793 1874 1821 Et

1090 1856 1166 1882 nos.)
1191 1847 1290 1883 inquit,
1305 1856 1314 1873 ι
1331 1855 1393 1875 cum
1409 1852 1532 1874 essemus
1547 1845 1574 1872 in
1590 1841 1875 1875 ltalia,-audiebamus

1088 1896 1155 1922 talia
1163 1895 1196 1923 de
1205 1893 1322 1930 quadam
1335 1892 1562 1929 regioneillarum
1579 1889 1709 1925 partium,
1718 1888 1764 1915 ubi
1781 1887 1876 1915 stabu-

1089 1941 1173 1969 larias
1186 1940 1325 1970 mulieres,
1343 1938 1465 1966 imbutas
1475 1937 1518 1965 his
1532 1936 1611 1963 malis
1623 1934 1739 1965 artibus,
1757 1933 1783 1959 in
1796 1939 1877 1959 caseo

1089 1987 1156 2014 dare
1180 1987 1270 2015 solere
1291 1985 1429 2016 dicebant,
1454 1982 1680 2019 quibus.vellent
1698 1987 1745 2008 seu
1767 1982 1878 2014 possent

1089 2034 1250 2066 viatoribus,
1270 2031 1343 2060 unde
1360 2031 1387 2058 in
1405 2031 1527 2058 iumenta
1553 2028 1627 2056 illico
1644 2031 1825 2058 verterentur,
1849 2028 1878 2051 et

1090 2078 1246 2107 necessaria
1270 2083 1395 2113 quaeque
1418 2078 1569 2111 portarent,
1595 2077 1711 2109 postque
1732 2070 1876 2108 perfuncta

1090 2131 1173 2160 opera
1196 2124 1295 2152 iterum
1318 2122 1351 2150 ad
1380 2130 1410 2150 se
1431 2121 1567 2152 redirent,
1593 2127 1643 2147 nec
1669 2125 1760 2146 tamen
1786 2117 1814 2144 in
1838 2117 1879 2144 eis

1090 2173 1207 2198 mentem
1225 2169 1284 2196 ﬁeri
1298 2168 1450 2201 bestialem,
1468 2167 1516 2195 sed
1534 2165 1695 2194 rationalem
1714 2164 1878 2191 humanam-

1090 2224 1143 2252 que
1165 2216 1278 2247 servari,
1304 2215 1376 2243 sicut
1392 2214 1524 2250 Apuleius
1541 2213 1568 2240 in
1591 2212 1679 2243 libris,
1703 2219 1774 2246 quos
1799 2209 1877 2237 Asini

1091 2263 1167 2290 aurei
1181 2262 1261 2290 titulo
1278 2261 1430 2296 inscripsit,
1452 2260 1504 2288 sibi
1526 2259 1579 2295 ipsi
1597 2258 1744 2290 accidisse,
1759 2261 1789 2284 ut
1802 2264 1878 2283 acce-

1091 2313 1138 2344 pto
1162 2314 1277 2340 veneno,
1305 2307 1423 2334 humano
1450 2305 1542 2332 animo
1569 2308 1758 2339 permanente,
1781 2301 1878 2329 asinus

1092 2354 1179 2387 ﬁeret,
1200 2356 1247 2380 aut
1268 2352 1410 2384 indicavit,
1427 2354 1474 2378 aut
1501 2350 1577 2377 tinxit
1593 2359 1615 2376 ι.
1636 2348 1805 2384 Augustinus
1829 2346 1879 2373 ad-

1093 2399 1133 2427 dit
1149 2407 1156 2426 :
1174 2408 1184 2424 (
1199 2398 1271 2426 Haec
1285 2397 1328 2425 vel
1351 2397 1419 2424 falsa
1445 2400 1520 2430 sunt,
1533 2396 1576 2423 vel
1599 2401 1656 2422 tam
1679 2394 1819 2425 inusitata,
1847 2397 1879 2419 ut

1093 2445 1192 2473 merito
1211 2451 1267 2472 non
1285 2443 1432 2471 credantur
1450 2451 1473 2469 ι.
1496 2440 1525 2468 S.
1543 2442 1613 2476 Aug.
1638 2439 1707 2475 Opp.
1724 2439 1768 2467 ed.
1790 2438 1880 2473 Migne

1094 2491 1127 2520 Τ.
1141 2490 1187 2519 Vll
1198 2490 1312 2527 [PatroL
1327 2488 1397 2525 XLI]
1408 2496 1435 2524 p.
1453 2487 1516 2516 574.
1526 2487 1694 2514 Trithemius
1708 2485 1756 2513 l.l.
1768 2494 1775 2512 :
1787 2494 1796 2511 ι
1811 2485 1880 2513 Con-

1094 2538 1179 2576 tigit,»
1210 2536 1310 2571 inquit,
1330 2545 1340 2561 ‹
1357 2535 1431 2563 circa
1448 2534 1515 2562 haec
1534 2538 1657 2568 tempora
1670 2531 1779 2560 Henrici
1797 2531 1881 2566 impe-

1093 2584 1192 2613 ratoris
1210 2583 1334 2611 mirabile
1353 2581 1465 2609 factum.
1482 2580 1589 2608 Iuvenis
1610 2578 1720 2614 quidam
1745 2577 1881 2605 maleﬁcio

1093 2631 1211 2659 duarum
1229 2629 1382 2657 vetularum
1405 2628 1433 2655 in
1449 2627 1564 2655 formam
1586 2625 1657 2653 asini
1682 2627 1805 2652 mutatus
1826 2625 1880 2654 est.

1093 2676 1131 2703 ita
1146 2679 1176 2703 ut
1192 2674 1320 2703 omnibus
1345 2673 1500 2701 videntibus
1520 2672 1615 2698 asinus
1633 2672 1787 2706 appareret,
1807 2667 1881 2704 quod

1094 2722 1187 2749 multis
1199 2720 1369 2756 impossibile
1383 2720 1490 2748 videtur
1501 2726 1555 2746 non
1571 2715 1796 2752 intelligentibus,
1807 2714 1879 2750 quod

1093 2767 1275 2803 permissione
1288 2766 1381 2794 divina
1398 2766 1513 2802 spiritus
1527 2764 1664 2799 malignus
1681 2762 1776 2790 oculos
1790 2760 1879 2788 homi-

1094 2821 1159 2841 num
1175 2813 1308 2840 mirandis
1318 2811 1551 2840 ludilicationibus
1562 2809 1676 2837 illuderc
1690 2811 1790 2843 potest.
1809 2817 1818 2833 ι
1833 2805 1878 2834 Cf.

1094 2859 1172 2887 Vinc.
1187 2859 1288 2887 Bellov.
1302 2859 1320 2887 ι.
1337 2859 1355 2888 l.
1370 2863 1397 2886 et
1405 2857 1505 2885 Fazelli
1520 2857 1537 2884 Ι.
1555 2857 1573 2884 l.
1584 2857 1613 2883 In
1625 2855 1753 2883 Clu‘onici
1767 2853 1880 2880 Hirsau-

1098 2906 1199 2943 giensis
1216 2906 1337 2934 editione
1362 2905 1445 2933 altera
1469 2903 1656 2939 locupletiore,
1674 2901 1704 2929 S.
1719 2900 1787 2929 Galli
1810 2898 1880 2927 1690
