2060 3153
195 152 231 180 l5
946 149 1050 177 \‘ITAE
1058 168 1066 176 .
1783 147 1820 174 ιδ

188 218 208 241 a
235 208 333 248 magis
361 207 440 239 facta
463 207 569 238 medio
588 215 665 238 aevo
687 215 782 247 saepe
804 208 978 238 narrantur.
994 214 1017 238 Α
1031 205 1123 236 vertit
1149 205 1203 246 (3).
1223 207 1321 245 Atque
1342 205 1464 237 incolae
1480 202 1583 235 Siwah
1598 207 1683 236 Uasrs
1705 202 1818 234 hodie-

190 260 330 295 Faustus,
357 261 392 288 ut
418 266 518 289 unum
544 261 664 288 tantum
687 257 831 298 prodam,
850 266 976 288 currum

189 308 284 340 foeno
302 311 467 339 oneratum
481 307 632 338 devorare
648 316 685 338 ac
706 310 815 347 postea
832 315 977 338 evomere

189 358 321 395 videtur,
351 358 434 395 vina,
464 366 544 397 quae
577 361 778 398 compotores
811 360 932 397 optant,
959 365 977 388 e

188 417 297 440 mensa
309 408 404 446 elicit,
417 402 585 448 efﬁcitque,
596 411 631 439 ut
639 408 773 448 quisque
789 416 882 439 nares
896 410 977 439 cete-

188 467 296 491 rorum
310 466 370 498 pro
383 458 452 489 uvis
462 458 574 489 habeat
593 457 774 499 (1).Neque,
785 461 890 488 utrum
903 457 978 488 dae-

190 509 292 540 monis
313 516 374 548 ope
394 516 504 546 magus
527 507 697 547 Aegyptius
716 515 816 546 equae
838 505 977 546 Speciem

190 557 379 598 suggesserit
400 557 548 594 feminae,
568 565 587 588 a
604 556 741 588 Palladio
763 559 794 588 et
821 555 902 586 libro
924 563 976 586 se-

190 609 295 640 cundo
309 608 479 639 edocemur
509 606 562 647 (2).
589 607 625 637 In
640 605 823 645 apocrypha
839 605 871 635 S.
889 604 977 636 Basi-

190 659 224 690 lii
238 659 299 689 vita
318 675 354 680 ——
375 657 501 689 saeculo
515 660 569 696 45
589 664 659 687 mea
677 655 805 695 quidem
824 654 978 686 sententia

191 712 302 740 octavo
315 707 362 738 vel
377 715 463 738 nono
471 707 648 746 conscripta
662 723 699 727 —
713 705 753 736 de
767 707 905 736 amatore
919 707 978 734 tra-

192 761 287 797 ditur,
311 760 367 800 qui
392 759 541 790 suadente
567 765 659 796 mago
683 755 843 787 diabolum
873 755 978 794 ipsum

193 811 268 847 adit,
281 809 365 849 apud
383 817 477 849 quem
507 816 565 848 per
585 806 694 838 literas
710 805 830 836 Christo
857 812 976 835 renun-

193 861 261 898 tiat,
277 859 332 891 sed
342 859 457 900 nuptiis
467 857 555 890 factis
568 856 608 888 ad
623 855 847 897 poenitentiam
856 862 889 886 se
904 861 978 885 con-

195 970 225 998 T.
247 970 296 1005 lp.
316 969 377 1003 l55,
395 969 502 1000 eadem.
524 972 555 995 ut
577 967 694 1000 videtur,
717 965 917 994 historiuncula
942 963 977 991 ad
996 954 1017 982 Β

194 1025 220 1044 a.
243 1017 313 1044 1015
330 1017 397 1043 haec
412 1015 531 1042 traditur
551 1024 558 1042 :
580 1024 589 1040 ε
608 1014 689 1041 Circa
713 1013 781 1040 haec
796 1016 919 1046 tempora
935 1017 980 1037 res

191 1063 315 1090 miranda
339 1061 491 1097 contigisse
512 1061 541 1088 iu
557 1060 715 1096 Burgundia
737 1059 853 1094 legitur,
874 1057 908 1084 de
926 1063 979 1091 qua

191 1108 269 1135 inulti
305 1107 444 1142 sapientes
470 1105 656 1133 diversimode
687 1104 846 1139 opinantur.
881 1101 980 1129 Mulier

191 1154 324 1188 quaedam
347 1159 432 1187 saga,
460 1151 555 1186 quales
575 1151 658 1186 vulgo
680 1153 754 1177 recte
779 1148 915 1176 maleticas
932 1154 980 1182 ap—

190 1199 340 1234 pellamus.
360 1198 486 1225 iuvenem
497 1196 633 1233 quendam
653 1195 752 1232 poculo
765 1197 909 1222 excantata
921 1193 981 1220 dia-

192 1245 289 1272 bolicis
313 1251 368 1271 non
390 1243 503 1271 dubium
522 1242 692 1271 carminibus
713 1242 740 1268 in
765 1240 880 1268 bestiam
905 1245 980 1266 com-

192 1294 314 1318 mutasse
332 1291 392 1318 visa
416 1293 468 1322 est,
493 1289 532 1317 ita
549 1289 623 1325 quod
644 1288 772 1316 omnibus
783 1306 790 1319 ,
806 1286 852 1322 qui
868 1292 928 1313 eam
945 1284 982 1311 vi-

193 1336 301 1368 derant,
316 1344 371 1364 non
389 1336 481 1369 homo,
497 1335 546 1363 sed
562 1335 657 1363 asinus
670 1333 829 1370 apparebat.
847 1331 924 1365 Quae
938 1338 982 1358 res

194 1391 276 1418 quam
293 1383 329 1411 sit
347 1382 434 1410 facilis
447 1382 619 1418 permittente
636 1381 701 1413 Deo,
726 1387 758 1407 ac
781 1386 862 1414 sagae
882 1384 983 1412 coepe-

195 1432 273 1456 rante
301 1427 428 1461 diabolo,
455 1427 509 1454 iam
545 1425 648 1454 dudum
676 1424 811 1453 sententia
840 1424 981 1450 doctorum

195 1475 366 1509 exploratum
378 1473 528 1507 ,habemus,
548 1473 596 1508 qui
609 1471 785 1502 conﬁrmant,
804 1470 914 1497 diabolo
929 1475 983 1495 non

197 1528 258 1548 esse
273 1520 391 1552 difficile,
410 1519 492 1547 modo
508 1519 701 1554 cunctipotens
720 1515 875 1552 permiserit
898 1513 982 1546 Deus.

195 1565 335 1592 hominum
351 1565 477 1600 decipere
490 1572 613 1592 sensus.»

229 1611 268 1647 (1)
293 1611 341 1639 Die
363 1611 433 1647 Sage
454 1619 508 1639 von
537 1610 639 1638 Doctor
659 1609 798 1637 Johannes
822 1607 907 1635 Faust
930 1614 981 1634 un-

193 1662 259 1685 ters.
275 1665 328 1684 von
343 1656 375 1684 H.
394 1657 513 1684 Diintzcr
526 1656 595 1684 1846
608 1664 635 1691 p.
652 1655 714 1683 177.
729 1655 793 1682 205.
810 1654 854 1681 70.
873 1652 981 1680 Similia

195 1702 317 1738 prodigia
340 1702 367 1729 in
395 1701 496 1736 oppido
524 1700 688 1729 Crucenaco‘
711 1699 843 1735 magister
870 1697 982 1725 Theodo

195 1747 289 1782 Magus
304 1746 379 1774 fecit.
398 1746 434 1773 De
451 1753 506 1781 quo
525 1745 693 1773 Trithemius
718 1744 744 1771 in
771 1743 868 1771 chron.
892 1742 982 1777 Span-

194 1792 277 1823 lieim.
295 1793 327 1820 ad
344 1800 369 1820 a.
386 1791 456 1819 1262
467 1792 510 1819 ed.
526 1790 653 1818 Francof.
673 1798 698 1818 a.
718 1789 783 1817 1601
803 1797 829 1824 p.
844 1788 898 1815 284
915 1788 983 1815 haec

194 1843 288 1866 narrat
301 1847 307 1865 :
325 1847 334 1865 ι
348 1839 427 1866 Anno
441 1837 555 1867 Joannis
566 1837 672 1864 abbatis
683 1836 764 1863 huius
775 1834 935 1862 monasterii
946 1832 982 1864 Χ,

195 1885 270 1912 venit
288 1883 399 1919 quidam
426 1884 507 1911 homo
535 1892 570 1914 ex
595 1882 719 1918 partibus
745 1880 921 1909 inferioribus
948 1879 983 1907 ad

195 1936 286 1958 terras
304 1931 379 1961 istas,
397 1929 444 1966 qui
460 1929 608 1957 vocabatur
626 1928 756 1963 magister
777 1926 900 1958 Theodo.
920 1932 982 1952 ma-

195 1983 246 2009 gus
261 1979 288 2002 et
305 1975 494 2010 praestigiator
514 1974 697 2006 admirabilis,
716 1972 764 2008 qui
786 1972 871 1999 multa
893 1974 921 1998 et
939 1970 982 1997 in-

195 2021 341 2049 credibilia
361 2020 425 2048 fecit
440 2020 574 2056 prodigia.
590 2019 659 2047 Nam
682 2019 710 2046 in
733 2018 834 2054 oppido
849 2017 983 2044 Creutze-

197 2068 281 2096 naclit
301 2074 393 2094 coram
418 2067 492 2095 omni
516 2066 618 2102 populo
639 2065 747 2101 publice
767 2064 795 2091 in
819 2063 879 2091 foro
901 2065 984 2097 caput

197 2113 291 2140 famuli
306 2114 348 2140 sui
364 2112 528 2147 amputavit,
544 2109 616 2146 quod
628 2113 689 2145 post
705 2109 825 2144 spatium
842 2107 925 2135 unius
943 2106 984 2133 di-

197 2159 296 2186 midiae
311 2158 395 2186 horae
407 2157 517 2193 corpori
532 2156 649 2184 iacentis
666 2154 798 2183 restituit.
820 2153 889 2181 Cum
905 2152 984 2181 cani-

197 2206 249 2233 bus
268 2206 294 2232 in
319 2212 381 2233 aere
400 2204 479 2240 quasi
496 2203 530 2231 ad
545 2202 701 2230 venandum
716 2200 856 2228 ambulare
873 2199 986 2226 videba—

196 2257 251 2284 tur,
273 2251 425 2279 ascendens
447 2254 530 2285 atque
554 2247 736 2279 descendens,
759 2251 787 2275 et
813 2246 937 2274 clamans
956 2244 984 2271 in

1029 252 1103 283 dum
1118 260 1226 291 magos
1242 252 1301 282 sibi
1318 260 1456 283 amorem
1472 251 1637 282 mulierum
1650 249 1818 281 conciliare

1027 310 1121 342 posse
1142 302 1273 333 credunt
1292 301 1345 341 (4).

1068 354 1124 390 46
1133 353 1211 390 Iam,
1224 351 1385 392 quomodo
1395 352 1545 383 Macarius
1558 351 1708 383 feminam
1721 360 1740 383 a
1749 360 1817 383 ma-

1030 402 1061 441 gi
1074 403 1251 442 praestigiis
1264 402 1374 440 solvat,
1384 401 1609 434 animadverte!
1621 401 1819 433 Orationibus

1028 452 1068 484 ad
1081 452 1180 484 Deum
1198 452 1376 492 praemissis
1389 452 1546 484 infelicem
1562 461 1643 492 aqua
1651 452 1816 484 benedicta

1030 511 1048 534 a
1073 511 1194 534 summo
1215 503 1291 534 inde
1310 503 1427 535 vertice
1451 503 1561 543 capitis
1583 503 1760 541 madefacit,
1782 505 1819 534 ut

1028 553 1184 585 Palladius
1214 557 1328 592 narrat,
1354 554 1426 586 oleo
1451 557 1558 585 sancto
1590 554 1745 594 perungit,
1773 557 1819 586 te-

1028 605 1128 634 stante
1135 602 1214 635 libro
1228 603 1381 635 secundo.
1395 603 1484 640 Quod
1498 603 1626 644 quidem
1638 606 1816 643 utrumque,

1029 655 1060 683 et
1066 651 1171 684 oleum
1179 655 1209 683 et
1218 661 1299 693 aqua
1308 653 1484 691 benedicta,
1500 653 1583 694 apud
1589 662 1680 684 senes
1688 654 1820 693 Aegypti

1026 702 1061 733 in
1074 711 1135 733 usu
1159 702 1219 734 fuit
1238 703 1279 733 ad
1301 712 1467 742 magorum
1480 703 1617 735 fallacias
1625 703 1818 734 evertendas.

1028 752 1094 783 Oiei
1106 762 1182 784 usus
1198 754 1237 785 ad
1258 754 1415 786 curandos
1427 755 1580 792 infirmos,
1601 763 1702 795 aquae
1720 754 1819 785 bene-

1028 803 1129 835 dictae
1149 807 1187 836 ad
1214 813 1378 844 magorum
1406 805 1634 838 incantationes
1657 805 1821 837 solvendas

1028 853 1226 895 frequentior
1240 855 1337 887 fuisse
1351 856 1484 888 videtur.
1504 858 1591 897 Aqua
1608 856 1773 888 benedicta
1791 858 1821 887 et

1032 963 1075 991 cia
1091 965 1199 993 occulta
1219 969 1284 994 sunt
1309 966 1406 999 multa,
1426 967 1530 995 iniusta
1555 967 1642 996 nulla.
1666 966 1723 997 Nec
1751 975 1819 996 sane

1031 1009 1178 1043 daemones
1198 1017 1311 1041 naturas
1331 1017 1436 1046 creant,
1458 1013 1481 1041 si
1506 1013 1608 1048 aliquid
1629 1013 1683 1041 tale
1699 1013 1817 1046 faciunt,

1031 1055 1065 1083 de
1078 1057 1205 1091 qualibus
1219 1057 1298 1086 factis
1320 1058 1371 1086 ista
1394 1059 1509 1087 vertitur
1522 1060 1666 1095 quaestio;
1690 1060 1739 1088 sed
1756 1068 1821 1095 spe-

1031 1101 1073 1129 cie
1087 1107 1176 1135 lenus,
1190 1111 1262 1138 quae
1272 1112 1287 1132 a
1301 1112 1366 1132 vero
1377 1104 1434 1132 Deo
1446 1108 1510 1132 sunt
1521 1109 1623 1138 creata,
1635 1109 1817 1138 commutant,

1031 1152 1062 1176 ut
1074 1148 1218 1177 videantur
1229 1157 1291 1178 esse
1303 1150 1377 1186 quod
1394 1159 1449 1178 non
1463 1155 1537 1178 sunt.
1549 1151 1609 1179 Non
1621 1152 1713 1186 itaque
1727 1152 1819 1180 solum

1032 1194 1164 1227 animum,
1183 1196 1230 1223 sed
1246 1203 1297 1223 nec
1311 1204 1413 1231 corpus
1427 1197 1538 1231 quidem
1555 1196 1611 1224 ulla
1634 1197 1741 1225 ratione
1758 1204 1821 1225 cre-

1005 1264 1008 1267 .
1032 1239 1148 1267 diderim
1159 1239 1322 1268 daemonum
1340 1245 1398 1269 arte
1410 1242 1453 1268 vel
1467 1245 1599 1277 potestate
1612 1242 1639 1269 in
1653 1243 1775 1270 membra
1791 1247 1819 1270 et

1033 1284 1198 1313 lineamenta
1217 1286 1343 1314 bestialia
1365 1287 1498 1315 veraciter
1514 1295 1595 1322 posse
1610 1289 1746 1321 conveni,
1767 1289 1816 1316 sed

1033 1330 1233 1365 phantasticum
1251 1332 1380 1365 hominis,
1398 1333 1471 1368 quod
1487 1333 1570 1360 etiam
1591 1333 1740 1369 cogitando
1763 1335 1822 1363 sive

1033 1377 1195 1405 somniando
1209 1386 1258 1413 per
1271 1386 1361 1406 rerum
1378 1379 1590 1406 innumerabilia
1609 1387 1709 1414 genera
1725 1380 1814 1407 varia.

1033 1428 1088 1456 tur,
1106 1429 1133 1451 et
1153 1433 1216 1451 cum
1241 1432 1341 1460 corpus
1363 1432 1418 1452 non
1441 1425 1487 1457 sit,
1506 1432 1653 1460 corporum
1672 1429 1763 1453 tamen
1784 1426 1822 1454 si-

1033 1471 1112 1499 miles
1139 1471 1207 1497 mira
1236 1471 1375 1499 celeritate
1404 1471 1506 1500 formas
1534 1472 1622 1507 capit,
1652 1471 1748 1507 sopitis
1774 1477 1822 1501 aut

1033 1517 1174 1552 oppressis
1192 1517 1332 1552 corporeis
1350 1517 1470 1546 hominis
1495 1518 1634 1550 sensibus,
1651 1517 1685 1545 ad
1705 1518 1823 1545 aliorum

1035 1571 1146 1591 sensum
1163 1564 1257 1591 nescio
1273 1571 1328 1599 quo
1347 1563 1477 1592 ineffabili
1491 1564 1573 1591 modo
1589 1564 1674 1599 ﬁgura
1689 1571 1822 1599 corporea

1035 1615 1117 1643 posse
1136 1608 1259 1646 perduci,
1283 1610 1321 1636 ita
1338 1614 1368 1637 ut
1391 1617 1508 1645 corpora
1527 1611 1586 1646 ipsa
1609 1610 1749 1638 hominum
1773 1610 1823 1637 ali-

1033 1653 1096 1681 cubi
1115 1654 1233 1687 iaceant,
1251 1655 1372 1682 viventia
1386 1655 1510 1691 quidem,
1538 1657 1585 1684 sed
1610 1656 1696 1684 multo
1711 1656 1823 1691 gravius

1036 1703 1119 1735 atque
1134 1700 1326 1730 vehementius
1340 1709 1424 1737 quam
1439 1709 1536 1730 somno
1553 1701 1612 1729 suis
1629 1701 1757 1729 sensibus
1774 1702 1824 1729 ob-

1034 1746 1149 1780 seratis;
1172 1746 1374 1782 phantasticnm
1398 1751 1488 1775 autem
1506 1747 1572 1775 illud
1593 1747 1676 1775 veluti
1691 1755 1823 1783 corpora-

1033 1795 1092 1819 tum
1108 1793 1136 1821 in
1152 1793 1268 1821 alicuius
1293 1793 1421 1822 animalis
1442 1793 1529 1829 efﬁgie
1551 1798 1681 1829 appareat
1696 1794 1824 1822 sensibus

1034 1837 1140 1870 alienis,
1166 1839 1285 1874 talisque
1308 1840 1390 1867 etiam
1413 1840 1466 1867 sibi
1492 1841 1573 1867 homo
1602 1847 1663 1868 esse
1686 1839 1823 1873 videatur,

1033 1883 1105 1912 sicut
1118 1885 1180 1913 talis
1199 1885 1252 1913 sibi
1266 1886 1351 1913 videri
1367 1890 1460 1921 posset
1480 1886 1510 1914 in
1529 1887 1646 1919 somnis,
1664 1891 1691 1914 et
1704 1890 1820 1920 portate

1033 1937 1134 1963 onera;
1148 1938 1218 1966 quae
1231 1939 1326 1964 onera,
1341 1933 1363 1959 si
1378 1940 1442 1960 vera
1455 1936 1521 1960 sunt
1535 1939 1662 1967 corpora,
1678 1936 1824 1968 portantur

1034 1984 1049 2004 a
1062 1977 1253 2011 daemonibus,
1271 1982 1300 2006 ut
1315 1979 1444 2006 illudatur
1457 1979 1626 2011 hominibus,
1639 1979 1738 2014 partim
1757 1987 1823 2007 vera

1033 2029 1147 2050 onerum
1161 2030 1289 2058 corpora,
1303 2025 1403 2059 partim
1422 2025 1608 2052 iumentorum
1621 2025 1690 2053 falsa
1703 2033 1822 2053 cernen-

1033 2068 1118 2096 tibus.
1137 2078 1146 2095 ι
1169 2068 1197 2096 S.
1209 2069 1279 2105 Aug.
1295 2069 1364 2106 Opp.
1383 2070 1425 2098 etl.
1443 2070 1531 2106 Migne
1544 2070 1576 2097 T.
1599 2069 1646 2098 VII
1660 2079 1687 2106 p.
1706 2071 1760 2099 57$
1778 2078 1823 2107 sq.

1070 2113 1109 2150 (5)
1129 2111 1192 2142 Vita
1215 2114 1244 2142 S.
1267 2115 1376 2149 Basilii,
1398 2116 1537 2151 scriptore
1555 2115 1825 2152 Pseudo-Amphilo-

1034 2159 1109 2193 chio,
1125 2168 1186 2196 cap.
1203 2160 1231 2194 8,
1243 2160 1301 2188 νγ.
1319 2161 1372 2189 ΡΡ.
1385 2161 1477 2190 Rosw.
1494 2170 1519 2197 p.
1535 2162 1598 2195 156,
1613 2163 1626 2189 1
1641 2170 1701 2198 sqq.
1714 2162 1751 2190 ει
1767 2162 1824 2190 AA.

1037 2204 1087 2233 SS.
1104 2205 1172 2235 Boil.
1191 2206 1266 2235 Junii
1289 2206 1320 2234 T.
1338 2206 1359 2234 ll
1372 2215 1400 2242 p.
1421 2208 1472 2235 507
1495 2215 1555 2243 sqq.
1581 2207 1640 2237 Hoc
1660 2208 1825 2243 antiquissi-

1036 2259 1111 2279 mum
1137 2253 1210 2287 pacti
1236 2260 1298 2280 cum
1324 2252 1433 2280 diabolo
1455 2253 1515 2280 initi
1542 2254 1699 2289 ereinplum
1723 2258 1776 2286 est,
1800 2254 1825 2281 si

197 2296 338 2324 altissimis
366 2296 446 2331 quasi
476 2303 492 2322 a
518 2295 642 2323 remotis.
671 2294 817 2320 Armatum
842 2291 983 2319 hominem
1003 2295 1368 2332 DPseudo-Amphilochius
1391 2297 1523 2330 fabulam,
1541 2306 1627 2333 quam
1640 2298 1675 2326 ab
1696 2297 1821 2326 Helladio

198 2341 347 2370 devorasse
374 2341 531 2376 putabatur.
562 2339 669 2368 Currus
697 2345 807 2376 quoque
831 2337 913 2373 lignis
938 2344 988 2364 seu

200 2388 279 2415 foeno
294 2391 425 2415 oneratos
439 2394 501 2413 cum
514 2386 592 2422 equis
604 2385 755 2417 devoravit,
776 2384 848 2412 sicut
861 2382 989 2411 nescien-

199 2438 241 2461 tes
258 2434 368 2461 modum
390 2433 534 2468 putabant.
554 2432 614 2459 Alia
630 2439 741 2467 quoque
762 2428 897 2464 stupenda
913 2427 987 2461 fecit,

199 2487 269 2515 quae
283 2479 367 2507 scribi
386 2479 439 2506 hoc
456 2478 484 2505 in
501 2477 560 2505 loco
573 2478 741 2512 superﬂuum
754 2477 830 2504 duxi.
849 2484 859 2500 ι

237 2524 276 2559 (‘2)
306 2523 398 2559 Magos
423 2524 478 2551 vim
501 2531 579 2551 suam
607 2523 640 2550 ad
669 2523 794 2558 prodigia
819 2522 943 2550 facienda
971 2530 986 2549 a

200 2569 333 2597 daemone
345 2573 470 2604 repetere
488 2569 562 2597 credi
580 2569 659 2596 solet.
676 2568 715 2596 De
732 2569 866 2604 prodigiis
882 2572 986 2601 autem,

200 2621 270 2648 quae
284 2613 424 2642 daemonis
432 2621 484 2650 ope
491 2613 586 2646 edunt,
598 2612 626 2641 S.
636 2613 806 2648 Augustinus
817 2614 834 2640 l.
845 2614 864 2640 l.
881 2623 887 2641 :
907 2623 917 2640 ἰ
929 2613 989 2651 Fir-

202 2660 323 2688 missime
335 2664 452 2695 tamen,»
499 2660 598 2695 inquit,
617 2669 627 2686 ‹
642 2659 810 2687 credendum
826 2665 880 2694 est,
897 2660 989 2687 omni-

202 2708 339 2740 potentem
359 2703 441 2731 Deum
456 2704 550 2732 omnia
573 2712 654 2740 posse
671 2703 760 2732 facere
772 2713 843 2740 quae
858 2705 986 2738 voluerit,

201 2751 260 2778 sive
282 2750 458 2784 vindicando,
482 2751 540 2778 sive
561 2751 737 2785 praestando,
764 2759 816 2779 nec
842 2751 990 2779 daemones

203 2797 305 2832 aliquid
319 2797 426 2832 operari
445 2797 597 2825 secundum
613 2802 728 2825 naturae
743 2806 809 2826 suae
826 2798 987 2833 potentiam,

203 2842 267 2876 quia
284 2847 312 2870 et
328 2842 385 2878 ipsa
401 2842 524 2878 angelica
538 2847 665 2871 creatura
678 2847 730 2876 est,
744 2843 807 2871 licet
821 2843 934 2880 proprio
953 2843 988 2870 sit

203 2888 272 2918 vitio
286 2890 415 2925 maligna,
433 2891 485 2918 nisi
499 2891 572 2926 quod
583 2890 628 2920 ille
642 2890 808 2928 permiserit,
824 2890 904 2919 cuius
917 2889 990 2919 iudi-

1037 2340 1129 2368 Basilii
1144 2342 1270 2369 ministro
1295 2349 1325 2369 se
1341 2342 1482 2376 accepisse
1499 2342 1594 2375 refert,
1619 2349 1715 2370 revera
1734 2350 1750 2369 e
1765 2343 1820 2369 vita

1038 2382 1067 2410 S.
1084 2383 1188 2415 Basilii,
1209 2392 1289 2419 quam
1310 2383 1450 2413 llelladius
1465 2385 1588 2420 scripsit,
1610 2389 1751 2412 mutuatus
1767 2387 1822 2411 est.

1037 2429 1206 2457 Foederibus
1232 2428 1376 2466 Theophili
1398 2430 1564 2459 vicedomini
1586 2430 1654 2464 (AA.
1679 2429 1728 2457 SS.
1755 2429 1824 2457 Boll.

1038 2473 1118 2503 Febr.
1131 2474 1164 2503 T.
1182 2475 1231 2510 lp.
1247 2475 1309 2503 184.
1330 2475 1400 2508 888;
1420 2476 1540 2504 Sommcr
1553 2475 1588 2503 de
1601 2475 1746 2511 Theophili
1762 2483 1826 2504 cum

1037 2522 1146 2549 diabolo
1160 2522 1267 2550 foedere
1279 2523 1366 2550 Berol.
1383 2523 1473 2553 1844),
1488 2522 1609 2549 Militarii
1622 2521 1712 2557 (Mone
1727 2522 1827 2550 Anzei-

1037 2575 1083 2603 ger
1102 2568 1172 2595 i854
1185 2576 1211 2603 p.
1237 2568 1291 2595 266
1313 2569 1398 2604 sqq.),
1421 2569 1560 2596 lleliodori
1577 2568 1643 2604 (Vit.
1670 2568 1700 2596 S.
1725 2567 1827 2597 Leonis

1038 2614 1167 2642 Cataniae
1183 2614 1272 2650 Episc.
1290 2615 1344 2642 AA.
1359 2615 1408 2642 SS.
1426 2615 1493 2642 Boll.
1514 2614 1594 2642 Febr.
1608 2614 1640 2641 T.
1658 2614 1691 2641 Ill
1706 2623 1734 2650 p.
1746 2615 1826 2650 εει).

1039 2661 1155 2687 aliorum
1171 2668 1233 2687 cum
1253 2661 1361 2688 diabolo
1385 2661 1446 2688 ictis
1467 2669 1522 2688 non
1539 2668 1616 2688 amor
1638 2661 1745 2696 puellae
1764 2661 1827 2688 inii-
1851 2671 1857 2679 -

1040 2705 1165 2738 ciendus,
1182 2706 1231 2733 sed
1243 2706 1372 2739 honores,
1388 2706 1509 2738 divitiae,
1524 2711 1599 2734 artes
1609 2707 1733 2742 magicae
1742 2714 1826 2742 expc-

1042 2755 1147 2779 ιιιηιυῐ.

1077 2798 1115 2833 (4)
1136 2797 1168 2826 ν,
1188 2797 1322 2829 Minutoli,
1343 2797 1423 2826 Reise
1444 2807 1506 2825 zum
1522 2798 1634 2835 Tcmpcl
1654 2799 1702 2828 des
1715 2799 1825 2835 Jupiter

1041 2843 1158 2871 Ammon
1172 2844 1198 2872 in
1219 2844 1267 2872 der
1279 2844 1419 2879 libyschen
1435 2845 1828 2884 WiisteundnachObcracgy-

1042 2894 1118 2926 pten,
1131 2890 1257 2926 herausg.
1271 2897 1322 2918 von
1335 2889 1381 2917 Dr.
1395 2889 1525 2921 Toelken,
1538 2889 1628 2918 Berlin
1642 2890 1709 2918 1824
1720 2898 1747 2925 p.
1761 2889 1825 2918 179.
