2060 3153
253 138 288 168 87
349 148 367 167 ι

666 143 716 173 SS.
737 144 970 175 MACARIORUM
989 145 1149 174 AEGYPTII
1168 146 1213 174 ET
1229 147 1464 177 ALEXANDRINI
1840 151 1877 182 ‘8

253 195 326 227 oleo
341 200 448 229 sancto
457 198 607 230 Macarius
620 200 846 246 Aleiandrinus
861 203 1040 235 daemonia—
1053 205 1074 233 A
1089 204 1174 244 typis
1191 205 1332 236 nondum
1350 205 1473 246 vulgata
1488 208 1544 243 est,
1561 206 1630 238 fuse
1650 209 1788 239 narrant.
1804 209 1876 240 Cas-

254 254 327 277 cum
353 251 441 278 curat
456 247 510 288 (1).
531 250 619 289 Aqua
630 249 683 281 illa
702 251 734 283 S.
749 241 1037 285 Hilarionincanta—

253 296 356 328 tiones
385 306 545 337 magorum
575 308 594 330 a
615 300 737 332 stabulo
758 302 826 333 Itali
848 303 958 334 avertit
980 303 1034 344 (2),

253 348 452 386 Macedonius
462 349 623 382 mulierem
635 351 788 385 daemone
802 353 951 394 ingluviei
960 354 1037 386 libe-

253 401 300 429 rat
343 398 396 438 (3),
428 399 557 431 insanae
598 401 743 434 medetur
780 402 834 444 (4),
868 404 1036 444 Aphraates

253 456 368 487 equum
402 449 603 489 Imperatoris
632 456 719 484 sanat
746 454 800 495 (5),
824 453 959 486 locustas
984 464 1035 487 ar-

252 501 302 528 cet
317 496 370 538 (6).
386 500 473 539 Aqua
494 508 512 531 a
531 501 660 534 senibus
688 503 854 536 benedicta
870 517 885 533 α
902 505 1037 538 salutare

251 545 454 586 pharmacum
466 560 481 577 υ
491 554 627 588 vocatur,
639 560 702 591 quo
717 556 748 583 et
757 553 860 585 morbi
874 554 1036 595 depellun-

251 598 313 633 tur,
330 599 360 627 et
375 597 543 630 daemones
562 599 672 639 fugere
701 605 855 641 coguntur
866 602 919 643 (7).
934 604 1034 635 Exor-

252 645 366 677 cismos
381 649 485 679 tamen
501 657 519 680 a
535 649 663 683 senibus
682 652 721 683 ad
740 652 926 686 daemonem
945 663 1034 687 emo-

251 696 387 728 vendum
400 697 556 731 adhibitos
566 708 634 732 esse
647 710 713 732 non
723 703 838 742 reperi.

289 747 387 779 Porro
405 757 541 788 causam,
557 759 614 782 cur
635 760 745 791 magus
764 753 899 785 feminae
922 763 1038 787 nocere

253 798 401 846 potuerit,
408 799 558 832 Macarius
572 800 653 833 hanc
663 802 790 841 indicat,
800 803 886 844 quOd
896 805 1038 846 quinque

252 854 288 878 ea
302 845 551 905 hebdomadibus
569 859 633 883 non
656 854 824 884 accesserit
841 854 880 885 ad
902 855 1035 887 inteme-
1053 875 1074 905 Β

251 899 316 929 rata
332 897 442 930 Christi
455 901 612 940 mysteria.
632 903 749 940 Quibus
774 905 877 937 verbis
898 906 1038 938 euchari-

251 945 341 977 stiam
353 947 495 988 intelligi,
507 950 559 980 vix
572 952 730 991 ambigere
741 954 869 994 poteris.
886 955 1036 987 Euchari-

251 996 309 1028 stia
324 1001 428 1030 autem
447 999 609 1032 illusiones
624 1002 812 1035 daemonum
822 1006 922 1036 arceri
931 1009 994 1043 aut,
1011 1007 1037 1037 si

249 1046 407 1080 adhibitae
428 1053 512 1088 sunt,
537 1051 666 1089 destrui,
699 1054 882 1094 saepissime
912 1055 1034 1094 legitur.

250 1097 424 1136 Cassianus,
435 1103 470 1130 ut
480 1108 578 1132 unum
592 1109 610 1132 e
631 1102 737 1134 multis
757 1105 936 1145 exemplum
957 1106 1035 1137 affe-

249 1155 365 1186 ramus,
378 1148 668 1191 iuvenem,sumpto
682 1161 763 1193 pane
773 1155 910 1193 caelesti,
926 1156 965 1187 ab
975 1156 1035 1187 im-

249 1196 365 1237 pudica
386 1197 575 1230 daemonum
597 1200 743 1234 illusione
770 1202 936 1236 liberatum
967 1213 1036 1235 esse

248 1247 343 1279 tradit
360 1248 414 1288 (8).
429 1251 529 1290 Atque
548 1249 608 1282 alia
632 1252 787 1292 exempla,
799 1254 914 1293 quibus
924 1255 1038 1287 eucha-

249 1298 336 1331 ristia
353 1300 536 1340 praestigias
556 1301 745 1334 daemonum
760 1303 877 1335 solutas
894 1313 962 1336 esse
977 1307 1036 1337 do-

249 1357 369 1387 cemur,
385 1350 488 1382 Deli-io
502 1352 670 1390 congessit,
689 1352 729 1383 ad
750 1354 839 1385 cuius
853 1354 967 1386 librum
979 1356 1035 1386 de—

248 1407 389 1438 regamus
406 1399 458 1440 (9).
483 1400 515 1431 Si
528 1409 602 1432 vero
628 1401 736 1434 intima
761 1411 833 1434 cum
847 1404 900 1440 47
916 1405 1036 1437 Christo

249 1449 484 1481 consociatione
504 1453 535 1482 et
551 1451 662 1483 crebro
676 1452 715 1483 ad
737 1453 805 1484 eius
819 1456 967 1494 mysteria
981 1464 1035 1486 ac-

249 1507 341 1531 cessu
356 1499 497 1531 fallaciae
521 1501 710 1534 daemonum
732 1502 901 1542 eliduntur,
917 1508 1035 1545 quanto

249 1549 349 1590 magis
370 1551 557 1591 praestigiae
574 1552 751 1591 hominum,
771 1554 886 1594 quibus
901 1555 1035 1587 daemon
1049 1546 1070 1576 (ἶ

249 1599 312 1631 vim
328 1601 463 1632 nocendi
474 1602 664 1642 suppeditat,
687 1603 846 1635 diluentur
861 1602 869 1634 l

290 1650 304 1689 ἦ
318 1649 364 1683 14.
376 1651 436 1682 Sed
446 1654 640 1683 transeamus
649 1652 688 1685 ad
699 1657 813 1691 cetera,
823 1662 904 1694 quae
915 1654 954 1686 de
969 1656 1033 1686 Ma-

251 1699 335 1733 cario
349 1702 502 1742 Aegyptio
516 1702 672 1735 Palladius
686 1704 802 1735 retulit.
827 1705 870 1736 De
887 1705 1034 1737 cuniculo

250 1758 269 1782 a
290 1751 424 1783 Macario
447 1755 530 1790 acto,
549 1762 607 1794 per
625 1762 731 1793 quem.
752 1755 777 1786 si
792 1755 848 1795 qui
866 1755 895 1786 ei
911 1756 1035 1787 molesti

250 1803 349 1839 erant,
359 1801 393 1832 in
405 1801 589 1842 speluncam
604 1804 719 1842 abibat,
730 1805 814 1845 apud
824 1805 925 1836 solum
933 1806 1033 1837 Palla-

249 1850 337 1884 dium
350 1851 494 1892 legimus.
510 1853 554 1885 De
581 1857 705 1886 mortuo
723 1863 809 1893 vero,
833 1865 926 1896 quem
947 1866 1035 1888 resu—

249 1901 379 1941 scitavit,’
390 1906 424 1934 ut
432 1902 589 1936 haeretico
599 1906 861 1938 resurrectionem
869 1916 1037 1948 corporum

250 1955 1035 2000 persuaderet,libersecundus(10),Cassianus(11).

249 2011 309 2035 nec
322 2011 388 2042 non
409 2005 569 2045 appendix
588 2006 627 2038 ad
649 2007 933 2048 Apophthegmata,
954 2018 1035 2050 quae

283 2088 323 2124 (1)
341 2088 384 2117 Cf.
399 2089 473 2117 intra
494 2089 583 2126 Caput
601 2090 646 2121 lli.

285 2133 326 2169 (Ξ)
343 2134 406 2162 Vita
427 2135 457 2163 ὃ.
479 2135 611 2166 Hilarion.
636 2146 698 2174 cap.
718 2139 763 2171 14,
788 2138 843 2166 νν.
863 2139 916 2166 PP.
941 2138 1034 2167 Bosw.

250 2188 279 2216 p.
298 2180 344 2214 79,
359 2181 386 2208 1.

284 2225 325 2263 (δ)
350 2226 409 2257 vv.
428 2227 481 2256 PP.
495 2228 588 2261 Rosvv.
599 2230 648 2259 1ib.
663 2229 700 2264 ix
715 2237 775 2266 cap.
791 2230 825 2258 ιδ
839 2238 866 2266 ι).
878 2229 942 2263 830,
960 2229 984 2258 1.

285 2273 325 2310 (ι)
344 2273 413 2303 Ibid.

282 2319 326 2356 (5)
345 2319 414 2353 ibid.
431 2328 493 2357 cap.
509 2321 526 2350 8
543 2329 571 2358 p.
587 2322 650 2357 821,
668 2324 694 2351 1.

285 2366 326 2402 (6)
344 2365 412 2395 Ibid.
426 2375 453 2403 ν.
468 2367 531 2400 ssi,
544 2368 572 2396 2.

285 2413 325 2449 (π)
344 2412 415 2443 ibid.
430 2421 491 2449 cap.
504 2413 536 2441 ει
552 2422 580 2450 ρ.
598 2414 662 2447 tuo,
677 2415 706 2441 2.

285 2459 325 2495 (8)
342 2459 439 2488 Collat.
466 2459 537 2488 XXII
558 2469 618 2496 cap.
640 2461 668 2488 6.
692 2461 819 2491 Cassiani
841 2460 911 2498 Opp.
926 2460 970 2490 ed.
984 2460 1038 2488 ϐω

251 2512 334 2535 lacus
347 2514 376 2542 p.
390 2507 454 2539 581.
475 2506 566 2543 Migne
578 2516 606 2543 p.
619 2507 699 2543 1225.

286 2552 325 2587 (9)
344 2551 488 2588 Disquisit.
515 2554 614 2588 magic.
643 2553 691 2581 lib.
715 2552 750 2581 VI
778 2561 838 2589 cap.
862 2552 885 2580 ll
911 2551 984 2581 Sect.
1006 2551 1040 2581 Ill

251 2597 284 2631 ρ.
295 2598 313 2626 5
323 2598 366 2626 ed.
381 2597 454 2634 Mog.
467 2598 537 2626 1624
549 2606 576 2634 p.
594 2598 647 2627 985
659 2607 721 2636 sqq.

286 2643 344 2679 (10)
363 2644 431 2680 Cap.
445 2644 480 2672 es
494 2643 552 2672 vv.
566 2644 619 2677 pp.
636 2644 728 2677 nosw.
744 2654 771 2682 p.
789 2646 852 2678 iso,
869 2645 896 2673 ε.

226 2692 236 2703 '
288 2690 349 2726 (11)
376 2689 507 2719 COILXV
532 2699 593 2727 cap.
620 2692 647 2720 3.
665 2692 790 2721 Cassiani
809 2693 879 2728 Opp.
902 2691 946 2720 ed.
973 2691 1039 2720 Gal.

252 2744 280 2772 Γ.
295 2736 359 2769 468,
375 2736 464 2772 Migne
475 2745 502 2773 p.
517 2737 580 2765 995.

288 2783 345 2818 (12)
370 2783 520 2812 Eunomius
535 2792 651 2820 corpora
678 2789 867 2813 resurrectura
892 2793 955 2813 esse
981 2793 1036 2813 non

253 2829 379 2864 negavit;
390 2836 453 2856 nam
466 2829 494 2857 in
505 2829 567 2858 ﬁdei
578 2830 753 2859 confessione
764 2839 814 2858 sua
824 2840 830 2858 :
846 2840 855 2856 ι
867 2829 1034 2861 Ροεῑὶιδθε,ι

252 2876 353 2912 inquit,
368 2885 378 2903 ι
390 2875 528 2905 credimus
545 2876 574 2905 in
585 2885 657 2913 eam,
669 2885 740 2915 quae
753 2885 802 2914 per
811 2876 982 2906 Salvatorem
995 2877 1039 2904 tu-

1091 255 1180 286 siano
1203 256 1333 296 quidem
1352 265 1419 287 rem
1439 269 1454 285 «
1482 256 1716 296 antiquissimus
1743 258 1878 291 anacho-

1090 308 1157 336 reta
1170 317 1184 334 n
1199 306 1348 338 Nesteros
1358 308 1514 348 exposuit,
1525 311 1559 340 ut
1575 308 1878 353 ostenderet,_patres

1091 365 1157 387 non
1187 357 1249 388 nisi
1278 360 1416 389 extrema
1438 361 1470 389 et
1493 358 1664 389 inevitabili
1691 359 1877 390 necessitate

1090 410 1216 438 coactos
1231 408 1320 445 signa
1331 408 1456 440 fecisse.
1470 411 1512 440 Ac
1519 410 1667 441 Nesteros
1685 409 1876 441 haereticum

1087 457 1254 497 appellavit
1264 458 1409 490 Eunomii
1421 462 1606 491 sectatorem
1615 468 1623 496 ;
1632 459 1712 490 liber
1721 459 1877 490 secundus

1089 519 1104 536 «
1120 508 1318 546 Hieracitam,
1332 509 1418 549 quod
1429 517 1527 548 genus
1539 509 1705 540 haereseos
1719 509 1877 540 invenitur

1088 558 1172 598 apud
1188 560 1365 599 Aegyptum
1381 570 1396 587 in
1412 561 1512 590 vocat.
1527 559 1670 598 Eumque
1688 558 1876 589 Hieracitam

1088 607 1197 646 fuisse,
1220 608 1294 648 quia
1319 607 1584 639 resurrectionem
1607 607 1710 639 carnis
1740 606 1875 645 negavit,

1089 657 1281 698 probabilius
1296 661 1354 696 est,
1374 656 1586 694 Eunomianis,
1606 660 1717 697 utpote
1743 656 1875 687 Ariano-

1088 716 1158 739 rum
1166 707 1304 745 asseclis,
1313 707 1353 738 de
1366 707 1505 738 trinitate
1523 707 1698 739 errantibus
1711 707 1784 748 (12).
1797 708 1877 738 Hae-

1088 759 1214 796 reticus,
1226 762 1291 790 arte
1305 758 1466 790 dialectica
1481 767 1568 794 usus,
1584 757 1794 789 sinceritatem
1804 757 1877 788 ﬁdei

1088 807 1261 840 catholicae
1274 808 1458 839 subvertere
1468 806 1640 838 conabatur
1655 810 1686 838 et
1701 818 1715 834 ιι
1731 814 1876 845 magnam

1087 857 1150 889 iam
1173 857 1404 889 multitudinem
1427 856 1594 887 hominum
1613 855 1790 896 deceperat,
1809 867 1823 883 ι)
1843 857 1877 886 ut

1088 908 1262 945 Cassianus,
1275 919 1289 936 α
1302 916 1360 948 per
1372 907 1501 939 multam
1516 907 1668 946 loquendi
1687 909 1787 938 artem
1803 906 1875 946 plu-

1087 959 1184 990 rimos
1197 958 1339 996 fratrum,
1351 958 1405 999 qui
1422 957 1602 990 habitabant
1612 957 1646 988 in
1662 966 1781 995 eremo,
1796 966 1875 989 con—

1087 1009 1237 1047 turbarat,
1251 1021 1266 1038 »
1288 1012 1322 1040 ut
1337 1008 1417 1040 liber
1427 1008 1586 1040 secundus
1599 1007 1755 1048 perhibet.
1772 1008 1874 1039 Maca-

1087 1061 1151 1092 rius
1165 1060 1271 1100 igitur,
1288 1068 1306 1091 a
1319 1059 1481 1091 catholicis
1494 1059 1580 1096 viris,
1597 1058 1652 1099 qui
1667 1058 1756 1089 ruina
1772 1061 1877 1089 tantae

1087 1111 1299 1142 subversionis
1309 1109 1489 1150 gravissime
1503 1109 1721 1146 movebantur,
1735 1111 1876 1148 rogatus,

1086 1164 1122 1191 ut
1136 1161 1296 1201 simplices
1305 1164 1361 1200 48
1374 1160 1496 1193 animos
1513 1159 1609 1191 totius
1623 1159 1757 1199 Aegypti
1774 1159 1814 1190 ab
1824 1159 1875 1190 in-

1088 1211 1242 1242 ﬁdelitatis
1258 1211 1419 1250 naufragio
1428 1210 1585 1248 liberaret,
1594 1211 1719 1242 advenit
1731 1210 1804 1250 (13),
1812 1218 1876 1250 quo

1087 1265 1254 1300 praesente
1274 1261 1450 1293 haereticus
1465 1269 1592 1302 pravam
1612 1261 1705 1292 ﬁdem
1721 1269 1809 1292 suam
1828 1260 1878 1291 iti-

1086 1311 1159 1342 dem
1181 1320 1320 1343 asserere
1342 1320 1437 1343 ausus
1468 1314 1515 1343 est
1544 1311 1618 1351 (14).
1645 1312 1723 1342 Tum
1750 1314 1877 1342 sanctus

1087 1373 1102 1390 α
1120 1362 1323 1393 Aristotelicis
1349 1362 1449 1402 spinis
1471 1373 1485 1390 io
1508 1362 1679 1402 impeditus
1703 1361 1777 1401 (15),
1794 1369 1876 1401 quo-

1085 1411 1170 1442 niam
1184 1411 1277 1442 verba
1291 1411 1444 1451 simplicia
1459 1411 1579 1442 callidis
1593 1411 1786 1451 argumentis
1802 1411 1877 1442 elidi

1085 1464 1117 1492 et
1132 1461 1226 1492 ﬁdem
1240 1460 1370 1492 fratrum
1384 1461 1556 1501 periclitari
1569 1461 1689 1492 videret
1701 1461 1776 1502 (16),
1793 1461 1875 1492 mul-

1085 1510 1217 1550 tiloquio
1240 1509 1390 1541 haeretici
1408 1510 1580 1550 apostolica
1607 1511 1756 1542 brevitate
1781 1512 1877 1542 finem

1088 1559 1256 1599 imponens
1280 1558 1340 1599 (17)
1362 1559 1476 1597 :Quid,
1495 1559 1611 1599 inquit,
1635 1568 1717 1600 opus
1739 1563 1796 1597 est,
1818 1569 1878 1591 nos

1088 1609 1191 1640 verbis
1214 1608 1406 1640 contendere
1423 1609 1462 1640 ad
1485 1609 1722 1641 subversionem
1742 1611 1876 1642 audien-

1087 1659 1164 1690 tium
1173 1658 1187 1689 Ῥ
1196 1659 1349 1690 Exeamus
1356 1658 1396 1690 ad
1405 1658 1572 1698 sepulchra
1582 1662 1612 1690 et
1623 1668 1738 1690 nomen
1754 1660 1878 1692 Domini

1088 1717 1184 1750 super
1199 1711 1370 1746 mortuum,
1386 1709 1441 1749 qui
1462 1709 1582 1749 primus
1601 1709 1746 1741 inventus
1768 1710 1876 1749 fuerit,

1086 1760 1271 1791 invocemus
1286 1762 1327 1797 et,
1339 1759 1391 1790 cui
1405 1762 1548 1790 nostrum
1563 1761 1755 1791 concesserit
1768 1760 1875 1791 Domi-

1088 1819 1159 1849 nus,
1175 1810 1325 1842 suscitare
1343 1814 1513 1847 mortuum,
1535 1811 1634 1842 sciant
1658 1819 1779 1849 omnes,
1802 1811 1876 1851 quia

1087 1860 1171 1892 illius
1199 1861 1276 1892 ﬁdes
1302 1861 1453 1902 probatur
1469 1870 1487 1892 a
1511 1861 1576 1892 Deo
1602 1861 1749 1902 (18).Qui
1771 1870 1876 1893 sermo

1089 1910 1248 1948 omnibus,
1264 1910 1320 1951 qui
1336 1911 1476 1948 aderant,
1494 1910 1642 1942 fratribus
1663 1911 1790 1952 placuit.
1812 1912 1877 1942 Iam

1085 1970 1160 1993 vero
1179 1962 1315 1993 narratio
1330 1960 1463 1992 Cassiani
1479 1960 1596 1991 differt.
1619 1961 1712 1992 Libro
1727 1961 1811 1992 enim
1825 1969 1876 1991 se—

1085 2011 1192 2044 eundo
1213 2010 1363 2042 Macarius
1377 2018 1448 2041 cum
1466 2009 1622 2042 Hieracita
1644 2011 1758 2048 statim,
1772 2015 1808 2042 ut
1829 2011 1877 2042 vi-

1090 2099 1150 2122 tura
1168 2099 1222 2126 est,
1236 2093 1466 2122 resurrectionem
1481 2101 1639 2129 corporum,
1653 2093 1751 2122 borum
1772 2095 1877 2123 scilicet

1090 2141 1213 2175 ipsorum
1222 2147 1292 2175 quae
1299 2140 1432 2168 dissoluta
1442 2143 1516 2172 sunt,
1531 2147 1586 2167 una
1594 2147 1655 2167 cum
1663 2141 1783 2176 propriis
1792 2149 1877 2169 mem-

1089 2185 1147 2214 bris
1155 2193 1188 2213 ac
1194 2186 1328 2222 partibus,
1336 2186 1413 2214 nullo
1423 2185 1568 2214 deﬁciente
1578 2189 1625 2213 aut
1634 2186 1779 2214 immutato
1787 2195 1819 2215 ex
1832 2187 1876 2221 iis,

1054 2233 1075 2260 D
1089 2240 1159 2267 quae
1171 2233 1388 2268 'uniuscuiusque
1399 2240 1500 2268 corpus
1508 2234 1719 2268 componebant.
1731 2233 1795 2262 dum
1806 2234 1877 2262 vive—

1089 2282 1129 2305 ret
1142 2287 1164 2304 ι.
1177 2278 1299 2314 Basnage
1308 2278 1381 2305 lecti.
1392 2278 1496 2313 antiqq.
1507 2276 1540 2305 T.
1550 2277 1570 2309 1.
1582 2278 1641 2305 180.
1653 2277 1689 2307 De
1697 2278 1831 2306 Eunomio
1837 2279 1875 2306 cf.

1089 2325 1154 2353 ibid.
1169 2333 1195 2359 p.
1209 2324 1261 2352 172
1274 2332 1336 2360 sqq.
1351 2323 1544 2352 Tillemontius
1556 2323 1711 2357 (Mémoires
1726 2325 1770 2352 ed.
1790 2324 1873 2352 Brux.

1089 2371 1160 2398 1719
1173 2371 1203 2398 T.
1221 2371 1254 2399 ΙΙΙ
1270 2371 1300 2398 Ρ.
1318 2370 1350 2397 ιιι
1364 2378 1391 2406 p.
1408 2370 1472 2406 998;
1490 2375 1594 2403 monet,
1609 2370 1771 2402 Hieracitas,
1785 2370 1833 2405 qui
1847 2375 1876 2398 et

1089 2416 1265 2451 deTrinitate
1275 2417 1344 2445 falsa
1360 2418 1516 2449 docuerint,
1537 2416 1724 2444 Eunomianos
1743 2417 1875 2451 appellari

1091 2470 1181 2499 posse.
1202 2462 1254 2490 Sed
1269 2463 1315 2491 hic
1326 2463 1360 2491 de
1377 2463 1518 2491 haeretico
1548 2462 1649 2499 agitur,
1664 2462 1711 2497 qui
1727 2469 1875 2498 corponim

1091 2510 1325 2536 resurrectionem
1348 2509 1467 2545 negarit.
1486 2508 1560 2543 quod
1577 2515 1660 2543 quum
1683 2508 1711 2535 in
1731 2507 1875 2536 Eunomia-

1089 2561 1140 2582 nos
1155 2562 1210 2581 non
1227 2554 1318 2588 cadat,
1337 2555 1383 2584 ille
1403 2555 1558 2584 haereticus
1575 2553 1762 2582 Eunomianus
1784 2554 1874 2582 vocari

1089 2608 1203 2637 prorsus
1217 2600 1320 2636 nequit.

1125 2647 1182 2684 (15)
1199 2646 1276 2676 Cass.

1124 2694 1182 2729 (11)
1199 2692 1261 2721 Lib.
1277 2701 1332 2722 sec.

1124 2739 1181 2775 (15)
1200 2739 1281 2767 Cass.

1123 2786 1180 2820 (16)
1199 2784 1259 2813 Lib.
1271 2793 1328 2814 sec.

1123 2831 1180 2866 (17)
1200 2831 1279 2859 Cass.

1127 2877 1184 2913 (18)
1202 2876 1262 2905 Lib.
1280 2885 1335 2910 sec.
