2060 3153
189 166 224 195 49
942 165 970 194 Vl

1021 166 1057 193 Ε.
1775 172 1813 201 ω

185 221 290 258 detur,
301 219 340 252 ad
354 220 522 261 sepulchra
539 221 636 258 venit,
659 230 796 262 eumque
819 222 972 261 hortatur,
988 229 1010 258 Λ
1024 225 1085 255 tios
1107 223 1233 255 demum
1250 224 1325 257 inde
1347 233 1366 256 a
1384 225 1416 256 S.
1433 224 1571 257 Antonio
1593 225 1740 263 ottinuit,
1755 236 1812 267 qui

186 274 222 302 ut
239 274 397 303 mortuum
414 271 447 302 in
467 272 596 303 nomine
615 272 738 303 Domini
774 277 892 304 evocet.
912 274 973 305 Sed

187 321 341 352 Hieracita
357 330 364 352 :
383 323 440 358 Tu,
465 321 578 362 inquit,
595 322 650 362 qui
669 323 871 363 proposuisti,
886 325 974 365 prior

187 380 294 403 evoca.
317 372 468 403 Macarius
497 372 603 412 igitur,
638 372 672 404 in
701 373 875 405 orationem
900 378 974 407 ante

186 422 282 453 Deum
293 425 479 462 prostratus,
486 426 654 463 postquam
664 422 854 455 sufﬁcienter
863 425 972 463 oravit,

186 471 312 503 elevatis
335 481 458 503 sursum
482 472 581 504 oculis
607 482 614 503 :
638 473 781 511 Domine,
814 475 874 512 ait,
903 475 974 516 quis

186 526 327 553 nostrum
343 525 460 554 rectam
471 523 564 554 ﬁdem
579 526 696 561 teneat,
708 525 837 556 ostende
853 525 972 557 elevato

187 570 247 602 hoc
261 575 397 602 mortuo.
408 571 443 603 Id
457 580 530 603 cum
540 571 789 610 dixisset,fratris
798 574 971 613 cuiusdam,

186 621 240 660 qui
259 630 362 661 nuper
383 622 526 661 sepultus
546 625 624 660 erat,
641 631 758 655 nomen
772 628 891 656 evocat.
905 626 973 662 Quo

185 669 225 700 de
251 670 373 702 tumulo
401 671 625 712 respondente,
652 673 837 705 accedentes
862 673 973 705 fratres

185 721 351 758 continuo,
363 730 444 761 quae
458 723 656 763 superposita
666 723 800 761 fuerant,
814 724 971 762 auferunt,

187 771 219 800 et
232 769 379 802 eductum
394 780 412 802 e
423 772 590 812 sepulchro
603 773 705 805 vivum
720 774 880 805 exhibent.
894 775 971 806 Hie-

187 819 283 852 racita
300 829 385 859 vero,
405 823 458 853 ubi
477 822 556 854 haec
578 823 662 861 vidit,
681 825 918 864 obstupefactus
938 825 972 856 in

187 868 294 909 fugam
305 871 432 903 vertitur
441 875 472 903 et
480 881 499 904 a
513 872 659 905 fratribus
670 875 790 906 cunctis
801 875 971 915 insequen-

188 919 271 950 tibus
286 924 370 952 extra
390 922 543 954 terminos
559 926 660 954 terrae
678 923 762 955 illius
778 924 969 956 exturbatur.

187 972 276 1012 Apud
293 973 472 1005 Cassianum
486 983 561 1006 vero
581 984 631 1006 res
650 975 739 1007 aliter
752 985 786 1007 se
804 975 910 1007 habet.
927 975 973 1007 Ibi

188 1022 269 1053 enim
287 1032 352 1054 non
367 1024 470 1055 statim
481 1025 521 1056 ad
535 1025 700 1066 sepulchra
714 1026 901 1066 procedunt,
916 1026 972 1057 sed

185 1071 372 1111 haereticus,
384 1083 483 1114 quum
498 1074 549 1107 illa
566 1075 625 1106 sibi
634 1084 652 1106 a
666 1076 800 1107 Macario
810 1076 972 1116 proposita

184 1126 266 1155 esset
280 1123 442 1156 doctrinae
456 1126 612 1166 probatio,
633 1135 738 1158 coram
753 1126 972 1158 circumstante

184 1173 278 1214 plebe
293 1175 415 1214 pudore
434 1176 621 1208 constrictus
632 1176 774 1208 assentiri
784 1186 818 1207 se
835 1176 970 1214 simulat,

183 1232 282 1263 seque
298 1225 434 1256 crastino
455 1225 506 1256 die
526 1225 706 1258 adfuturum
724 1226 887 1266 promittit.
908 1226 970 1257 Po-

184 1274 291 1305 stridie
297 1278 400 1307 autem
411 1276 667 1316 exspectantibus
674 1276 831 1313 omnibus,
841 1277 973 1316 quispe-

184 1324 298 1355 ctaculi
316 1325 483 1365 cupiditate
497 1325 553 1363 49
565 1326 713 1357 commoti
727 1326 766 1357 ad
774 1326 878 1358 locum
892 1335 970 1358 con-

185 1373 304 1404 dictum
339 1374 508 1406 studiosius
537 1376 764 1414 conﬂuxerant,
795 1377 875 1408 mala
898 1385 972 1408 con-

184 1422 315 1453 scientia
328 1423 519 1456 inﬁdelitatis
531 1434 605 1457 suae
620 1425 785 1457 exterritus
799 1426 919 1466 aufugit
933 1435 970 1458 ac

185 1472 328 1511 protinus
346 1481 364 1503 e
379 1477 464 1505 terra
478 1474 610 1515 Aegypti
622 1474 765 1507 decessit.
787 1476 885 1512 Quem
898 1476 970 1516 qui-

185 1522 255 1553 dem
275 1523 435 1562 Macarius,
455 1534 556 1565 usque
575 1525 614 1558 ad
632 1525 742 1558 horam
765 1535 881 1560 nonam
899 1536 970 1558 cum

1024 274 1186 315 pulverem
1196 274 1316 314 pulveri
1324 275 1520 307 reddendum
1540 284 1609 306 esse
1622 276 1744 306 censuit
1756 276 1808 315 (1).

1024 325 1188 355 Praeterea
1215 325 1332 356 mumia
1357 325 1421 364 illa,
1445 329 1613 366 postquam
1629 325 1732 357 locuta
1753 330 1815 365 est,

1023 375 1129 406 denuo
1144 374 1269 413 dormit,
1285 383 1303 407 a
1318 376 1451 407 Domino
1468 376 1680 408 resuscitanda
1699 376 1731 407 in
1747 377 1810 407 ﬁne

1023 428 1224 466 temporum;
1247 425 1342 457 frater
1367 434 1442 457 vero
1465 425 1539 457 libri
1563 426 1705 463 secundi,
1728 430 1810 457 terra

1024 475 1157 513 detecta,
1174 476 1283 515 surgit,
1300 476 1415 517 prodit,
1437 485 1496 508 nec
1519 485 1591 508 eum
1601 477 1634 507 in
1656 476 1810 508 tumulum

1023 527 1186 558 revertisse
1213 526 1357 567 legimus.
1376 526 1495 558 Deinde
1521 528 1607 567 quod
1634 526 1810 558 haereticus

1023 577 1107 617 apud
1131 578 1310 608 Cassianum
1335 580 1458 609 secreto
1477 577 1608 616 aufugit,
1632 577 1712 608 libro
1735 586 1809 609 vero

1023 627 1164 658 secundo
1180 636 1199 658 a
1212 627 1345 658 Macario
1357 627 1519 659 convictus
1534 627 1671 667 fugatur,
1683 628 1809 659 levioris

1022 677 1174 708 momenti
1189 677 1364 708 differentia
1383 680 1441 708 est.

1061 726 1124 757 Sed
1143 726 1373 757 narrationibus
1391 726 1464 757 libri
1477 726 1609 758 secundi
1624 729 1655 758 et
1674 727 1809 758 Cassiani

1021 775 1116 815 longe
1138 776 1297 816 copiosior
1313 779 1360 808 est
1378 776 1444 815 illa,
1463 785 1544 817 quae
1559 777 1592 808 in
1612 777 1671 808 ista
1684 777 1812 818 Apoph-

1021 823 1215 863 thegmatum
1232 821 1407 865 appendice
1421 825 1506 866 typis
1521 825 1663 856 nondum
1686 825 1811 865 vulgata

1022 877 1133 906 exstat.
1147 876 1255 912 Quam,
1272 875 1330 907 etsi
1343 874 1438 914 longa
1451 875 1490 905 sit
1505 878 1535 905 et
1547 875 1745 915 ampliﬁcata,
1760 878 1810 906 ta-

1023 933 1096 955 men
1119 924 1173 960 50
1194 933 1292 964 quum
1321 924 1474 964 quaedam
1499 923 1613 955 habeat
1635 927 1811 955 memoratu

1023 972 1128 1012 digna,
1157 969 1253 1004 latine
1281 973 1434 1005 redditam
1462 973 1616 1013 integram
1647 982 1811 1014 apponere

1022 1022 1140 1063 placuit
1154 1032 1162 1054 ε

1064 1084 1079 1100 α
1096 1073 1199 1104 Senex
1212 1073 1338 1105 tradidit
1352 1073 1391 1105 de
1401 1074 1511 1106 abbate
1520 1074 1666 1105 Macario.
1682 1075 1718 1106 In
1728 1077 1811 1106 terra

1021 1124 1184 1155 Arsenoita
1193 1124 1367 1156 monachus
1379 1125 1506 1165 quidam
1518 1125 1657 1162 sedebat,
1669 1125 1723 1165 qui
1733 1125 1812 1156 mul-

1021 1177 1071 1206 tos
1085 1183 1184 1206 annos
1198 1175 1293 1207 vitam
1308 1179 1486 1206 sanctorum
1503 1179 1619 1214 egerat.
1635 1175 1700 1212 Cui,
1712 1184 1810 1215 quum

1022 1226 1140 1266 gloriae
1162 1227 1295 1266 cupidus
1307 1230 1400 1263 esset,
1416 1230 1546 1266 propter
1560 1226 1728 1265 superbam
1743 1226 1809 1257 ela-

1021 1275 1139 1307 tionem
1155 1278 1186 1306 et
1198 1276 1404 1307 temeritatem
1419 1276 1546 1316 spiritus
1560 1275 1710 1316 pythonis
1723 1275 1808 1306 inse-

1022 1325 1077 1363 dit,
1095 1326 1149 1366 qui
1159 1326 1295 1366 primum
1311 1334 1329 1357 a
1343 1334 1415 1357 vera
1429 1325 1490 1356 fide
1505 1334 1578 1356 eum
1596 1325 1727 1365 depulit,
1742 1329 1808 1355 tum

1021 1376 1060 1407 ad
1075 1376 1248 1408 doctrinam
1259 1384 1380 1413 eorum,
1392 1376 1447 1416 qui
1458 1375 1633 1406 Hieracitae
1644 1378 1807 1411 vocantur,

1021 1426 1160 1457 adduxit.
1184 1428 1285 1466 Atque
1305 1425 1340 1456 hi
1361 1425 1548 1456 Salvatorem
1574 1424 1742 1455 humanam
1763 1432 1811 1454 as-

1021 1477 1191 1517 sumpsisse
1214 1484 1352 1512 carnem,
1377 1478 1595 1514 nostrumque,
1622 1482 1686 1513 quo
1708 1472 1810 1503 vestiti

1022 1536 1140 1565 sumus,
1161 1536 1276 1568 corpus
1296 1525 1475 1558 resuscitari
1497 1527 1622 1564 negant.
1647 1524 1717 1554 Tria
1740 1530 1810 1554 esse

183 1573 382 1606 multitudine
409 1576 627 1616 praestolatus,
657 1586 756 1617 quum
796 1578 1004 1616 declinasseC
1021 1579 1176 1620 principia
1198 1579 1292 1611 iidem
1311 1578 1430 1613 dicunt,
1460 1577 1570 1613 Deum,
1596 1574 1757 1605 materiam
1779 1576 1811 1604 et

182 1623 311 1662 videret,
323 1629 483 1666 assumpta
493 1626 585 1666 plebe
594 1626 632 1658 ad
643 1627 808 1667 sepulchra
819 1628 967 1668 perrexit,

184 1677 215 1706 ct
244 1678 402 1706 mortuum
434 1684 451 1707 e
478 1676 674 1716 temporibus
704 1676 903 1708 Pharaonum
929 1677 969 1708 ad

184 1724 440 1763 respondendum
467 1726 527 1756 sibi
556 1725 705 1763 evocavit,
731 1734 824 1766 quem
855 1725 969 1757 deinde

182 1782 256 1806 cum
280 1775 393 1806 ceteris
414 1775 448 1807 in
475 1784 553 1816 pace
581 1776 718 1807 dormire
746 1776 843 1807 iussit.
869 1778 970 1816 Atque

184 1825 330 1857 Ncsteros
357 1826 442 1857 addit
459 1837 467 1857 :
486 1839 500 1855 α
517 1828 601 1858 Haec
624 1827 718 1866 igitur
734 1827 802 1858 eius
823 1827 968 1866 [Macarii]

184 1875 280 1906 virtus
294 1879 325 1907 et
336 1877 444 1915 gratia,
460 1881 613 1917 quantum
632 1877 665 1908 in
679 1877 748 1917 ipso
762 1876 830 1913 fuit,
844 1885 970 1917 semper

183 1925 315 1957 fortasse
335 1926 486 1964 latuisset,
507 1927 567 1958 nisi
588 1935 661 1958 eum
681 1926 849 1957 necessitas
875 1926 969 1957 totius

183 1976 364 2017 provinciae
378 1977 592 2018 periclitantis,
611 1981 641 2009 et
655 1986 726 2016 erga
738 1977 889 2008 Christum
904 1976 971 2016 ple-

185 2035 224 2057 na
243 2026 368 2059 devotio
392 2036 542 2068 amorque
564 2028 705 2059 sincerus
718 2027 802 2058 istud
822 2035 970 2058 exercere

184 2076 367 2108 miraculum
381 2078 596 2118 compulisset.
613 2078 701 2114 Quod
712 2078 823 2118 utique
835 2081 870 2109 ut
880 2077 919 2108 ab
931 2085 969 2108 eo

184 2126 284 2165 ﬁeret,
296 2137 360 2159 non
368 2129 532 2160 ostentatio
541 2128 669 2168 gloriae,
685 2128 740 2159 sed
754 2128 864 2159 caritas
885 2127 972 2158 Chri-

183 2177 222 2208 sti
237 2181 267 2208 et
278 2178 372 2210 totius
388 2179 489 2219 plebis
502 2179 630 2210 extorsit
642 2178 770 2216 utilitas;
788 2181 824 2209 ut
843 2178 969 2210 beatum

1017 1628 1147 1665 malum,
1171 1628 1287 1668 quibus
1316 1627 1449 1667 quisque
1473 1628 1682 1661 construatur,
1703 1632 1809 1663 neque

1018 1679 1119 1710 Deum
1133 1679 1270 1709 Verbum
1285 1677 1446 1708 hominem
1464 1684 1532 1707 esse
1551 1675 1666 1706 factum
1683 1674 1811 1714 perfcc-
1830 1687 1833 1690 ν

1017 1732 1148 1769 tumque
1159 1728 1320 1759 hominem
1330 1727 1549 1767 assumpsisse,
1560 1734 1666 1765 neque
1677 1724 1811 1755 omnino

1018 1779 1134 1811 servari
1159 1787 1285 1811 causam
1313 1777 1455 1809 omnium
1477 1785 1582 1808 rerum
1603 1775 1806 1806 etl‘ectricem.

1017 1830 1063 1860 Ita
1076 1838 1151 1860 vero
1166 1829 1234 1869 ipse
1250 1837 1417 1869 perversus
1438 1828 1558 1859 animas
1572 1825 1696 1857 seduxit
1714 1825 1809 1865 quin-

1018 1882 1138 1919 gentas.
1164 1879 1254 1917 Quod
1277 1879 1383 1911 effecit
1403 1878 1501 1909 multa
1515 1877 1622 1908 multis
1636 1879 1666 1907 et
1680 1875 1809 1915 quidem

1017 1930 1109 1961 variis
1123 1938 1250 1970 prorsus
1266 1929 1369 1960 modis
1385 1927 1558 1968 loquendo,
1569 1926 1726 1958 interitum
1746 1925 1809 1956 sci-

1017 1980 1103 2018 licet,
1118 1981 1254 2018 inventa,
1266 1980 1439 2019 mortisque
1450 1978 1645 2018 despectum.
1660 1977 1725 2007 Nec
1742 1983 1810 2007 non

1019 2031 1184 2063 daemonia
1204 2030 1334 2062 eiecisse
1356 2029 1514 2060 ferebatur
1538 2027 1713 2059 secundum
1731 2025 1811 2057 illud

1017 2081 1052 2112 in
1070 2080 1238 2121 evangeliis
1257 2089 1264 2111 :
1279 2080 1372 2120 Signa
1382 2079 1497 2110 facient
1508 2080 1539 2109 et
1552 2077 1707 2117 prodigia,
1718 2080 1762 2112 ut,
1782 2076 1809 2107 si

1020 2131 1085 2162 ﬁeri
1103 2131 1213 2171 possit,
1230 2130 1323 2161 etiam
1343 2129 1435 2161 electi
1454 2128 1655 2160 seducantur.
1678 2126 1810 2157 Multum

1020 2182 1104 2213 enim
1124 2181 1284 2222 principes
1298 2180 1485 2212 daemonum
1502 2179 1535 2209 in
1548 2178 1608 2209 hoc
1620 2185 1736 2217 genere
1753 2184 1808 2207 va-

184 2236 311 2268 quoque
329 2228 449 2260 Heliam
464 2229 575 2261 fecisse
583 2231 699 2268 Regum
717 2229 811 2260 lectio
835 2229 968 2260 manife—
987 2257 1008 2270 η
1020 2230 1086 2262 lent
1097 2230 1136 2262 ad
1146 2230 1197 2262 illa
1208 2230 1355 2261 nimirum
1365 2230 1433 2270 ipsa
1444 2227 1616 2264 abolenda;
1630 2235 1701 2257 nam
1710 2225 1812 2256 liben-

183 2281 254 2316 stat,
267 2279 322 2318 qui
332 2279 438 2318 ignem
451 2280 490 2310 de
505 2279 593 2311 caelo
608 2288 703 2320 super
711 2279 827 2311 hostias
838 2279 970 2320 imposi-

182 2331 230 2360 tas
249 2338 326 2370 pure
341 2329 459 2361 idcirco
477 2330 669 2362 descendere
684 2330 861 2370 postulavit,
872 2333 906 2361 ut
916 2339 972 2370 pe-

182 2379 371 2411 riclitantem
381 2380 731 2421 PseudOprophetarum
742 2380 918 2421 praestigiis
931 2380 970 2411 fi-

184 2429 255 2461 dem
265 2431 360 2462 totius
370 2430 482 2471 populi
490 2431 646 2462 liberaret.
656 2443 670 2460 »
681 2432 728 2462 En
739 2431 813 2462 satis
826 2439 970 2471 magnam

183 2478 412 2512 differentiam!
435 2481 528 2512 Libro
553 2482 636 2512 enim
647 2482 788 2513 secundo
810 2485 856 2512 est
867 2481 970 2512 fratris

183 2529 343 2562 cuiusdam
366 2540 482 2571 corpus
499 2530 672 2569 humatum,
697 2531 783 2572 quod
810 2535 968 2568 evocatur,

183 2581 266 2620 apud
297 2581 476 2612 Cassianum
499 2581 627 2621 antiqua
648 2582 764 2614 mumia
791 2589 809 2612 e
825 2584 970 2622 tempore

183 2631 392 2663 Pharaonum.
407 2633 472 2669 Qua
486 2631 569 2663 idem
586 2632 751 2664 occasione
766 2632 837 2663 data
849 2634 972 2672 Aegyp-

183 2681 298 2713 tiorum
308 2691 440 2720 morem,
453 2683 494 2714 ob
510 2682 571 2714 Nili
584 2682 820 2713 inundationem
835 2690 968 2722 corpora

184 2731 402 2764 defunctorum
422 2733 591 2773 pigmentis
611 2732 823 2764 redolentibus
844 2733 969 2764 condita

185 2779 368 2812 editioribus
376 2781 497 2813 cellulis
506 2781 844 2818 recondendi,uberius
854 2782 969 2814 descri-

184 2829 240 2862 bit.
257 2831 333 2863 Nam
351 2840 419 2862 mos
430 2841 563 2873 corpora
581 2831 732 2863 humandi
746 2832 828 2872 apud
843 2835 967 2873 Aegyp-

1020 2285 1068 2312 ter
1079 2281 1281 2312 consentiunt
1296 2281 1328 2311 in
1347 2279 1507 2310 interitum
1526 2277 1711 2309 animarum.
1735 2275 1809 2306 Loci

1020 2331 1115 2370 igitur
1129 2331 1298 2371 episcOpus
1312 2339 1383 2361 cum
1395 2329 1479 2361 clero
1491 2337 1548 2360 suo
1563 2328 1661 2358 virum
1676 2326 1731 2356 Dei
1749 2326 1810 2355 Ma-

1021 2382 1141 2413 carium
1156 2381 1300 2413 abbatem
1311 2381 1397 2417 adiit,
1411 2388 1474 2420 quo
1493 2387 1615 2410 summa
1631 2385 1704 2408 cum
1724 2383 1811 2406 reve-

1020 2432 1122 2464 rentia
1137 2431 1270 2463 salutato
1285 2439 1293 2461 :
1312 2430 1344 2461 Si
1358 2430 1416 2467 vis,
1430 2429 1543 2469 inquit,
1563 2427 1635 2459 veni
1653 2425 1809 2464 nobisque

1023 2490 1183 2513 succurre.
1208 2482 1286 2512 Nam
1298 2480 1324 2511 si
1335 2483 1364 2511 te
1373 2479 1541 2520 superstite
1549 2477 1738 2508 vicinitatem
1753 2483 1812 2506 no-

1023 2536 1117 2563 stram
1128 2541 1193 2563 non
1207 2539 1388 2572 purgamus,
1404 2538 1515 2561 omnes
1528 2528 1571 2559 illi
1583 2526 1808 2563 adhaerebunt,

1024 2587 1054 2614 et
1069 2582 1214 2613 facillime
1225 2583 1288 2620 ﬁet,
1299 2584 1334 2612 ut
1347 2581 1454 2622 plures
1468 2579 1572 2616 etiam,
1585 2587 1679 2618 quam
1690 2577 1808 2608 hucus-

1023 2641 1097 2674 que,
1118 2633 1216 2664 errori
1236 2632 1368 2664 subiecti
1389 2632 1588 2662 seducantur.
1609 2629 1663 2660 Cui
1684 2629 1737 2660 ille
1756 2637 1808 2660 re-

1023 2682 1159 2723 spondet
1172 2683 1266 2714 :Ecce
1281 2690 1339 2719 ego
1355 2681 1496 2721 plebeius
1515 2679 1610 2711 homo
1624 2679 1700 2720 quid
1715 2679 1744 2710 ei
1761 2679 1809 2710 fa-

1022 2731 1122 2765 ciam?
1131 2733 1304 2774 Episcopus
1317 2734 1419 2763 autem
1429 2730 1561 2771 perstitit
1569 2729 1810 2761 venerabundus

1022 2787 1053 2814 et
1069 2792 1076 2813 :
1094 2784 1150 2821 Ita,
1166 2782 1279 2823 inquit,
1295 2781 1432 2819 conﬁdo,
1450 2781 1478 2812 si
1497 2784 1532 2812 tu
1556 2780 1690 2818 veneris,
1710 2780 1811 2811 Deum

1022 2834 1256 2873 paciﬁcaturum
1275 2831 1446 2864 Ecclesiam
1465 2838 1572 2868 suam;
1601 2839 1696 2870 saepe
1724 2830 1807 2861 enim

221 2910 261 2946 (ι)
274 2910 326 2939 Vit.
343 2911 372 2939 8.
386 2913 486 2941 Anton.
503 2921 563 2949 cap.
579 2913 624 2947 90,
640 2913 669 2942 S.
684 2913 783 2941 Athan.
808 2911 876 2949 Opp.
904 2914 923 2941 ι.
945 2915 963 2941 ι.
984 2921 1010 2949 p.
1023 2912 1084 2942 680.
