2060 3153
257 163 290 193 51
692 166 744 195 SS.
765 166 996 198 MACARIORUM
1014 171 1174 201 AEGYPTII
1195 173 1240 202 ET
1252 172 1488 202 ALEXANDRINI
1853 174 1889 202 5‘!

257 231 290 252 ιιι
304 222 322 252 h
345 231 584 263 proposueram,
596 230 636 253 au
644 225 676 253 te
691 223 859 262 proﬁcisci,
872 225 927 256 scd
942 226 1049 266 prohi—
1062 239 1085 265 Α
1099 229 1261 261 bilitatem.
1276 229 1351 260 Post
1366 229 1444 260 haec
1467 229 1618 261 Macarius
1635 229 1794 263 haeretica
1810 239 1817 262 :
1831 232 1886 263 Vi-

259 272 326 303 buit
346 273 459 310 clerus,
476 281 516 303 ne
540 272 706 304 mundanis
726 273 907 306 hominibus
931 276 1049 308 derisui

261 322 379 353 ﬁerem.
396 324 461 354 Iam
483 332 557 354 vero
577 332 642 354 non
663 324 798 364 amplius
811 325 917 357 ferens
938 327 1050 368 populi

261 373 495 412 corruptionem
519 377 549 404 et
569 374 661 404 etiam
680 375 746 411 Dei,
761 375 816 415 qui
839 376 904 407 ait:
921 377 1050 416 Sangui-

261 431 332 453 nem
344 423 442 462 ipsius
457 433 604 464 quaeram
618 433 635 456 e
646 434 741 456 manu
751 430 864 464 vestra,
877 429 1050 460 accusatio-

263 480 334 501 nem
357 472 469 503 timens
489 476 520 504 te
543 473 616 511 adii,
631 475 745 505 missus
763 484 782 506 a
805 476 881 507 Deo.
904 477 982 508 Tum
997 478 1051 510 ille

262 522 406 559 surrexit,
423 531 559 563 eumque
573 524 610 554 ad
626 525 825 557 seductorem
843 531 969 559 secutus
991 532 1048 560 est.

261 572 358 608 Quem
375 573 425 603 ubi
442 573 527 611 vidit,
545 575 696 615 episcopo
716 584 723 606 :
747 577 817 615 Hic,
832 577 945 618 inquit,
960 580 1052 619 spiri-

261 626 327 653 tum
342 623 517 664 principem
536 625 640 663 habet,
666 635 802 668 eumque
827 628 973 660 eiiciendi
998 632 1049 667 51

261 681 365 703 meum
378 682 459 713 opus
474 683 539 706 non
560 684 628 706 esse
650 677 745 714 scito;
768 686 840 709 nam
866 683 974 711 contra
992 679 1052 712 hos

261 723 388 764 spiritus
411 725 553 756 nondum
573 727 703 758 omnino
724 729 849 759 certavi.
875 729 942 761 Duo
967 730 1052 762 enim

261 774 385 812 agmina
404 775 594 807 daemonum
619 786 688 809 esse
713 779 812 810 sancti
833 779 931 818 aiunt,
953 789 1052 812 unum

262 832 385 863 comm,
403 826 458 866 qui
473 826 620 859 libidines
634 829 761 868 corpori
775 829 956 868 infundunt,
973 831 1051 862 alte-

262 887 331 909 rum
352 888 473 918 eorum,
488 881 544 921 qui
565 881 742 921 spirituales
760 882 895 914 afferunt
917 892 1050 915 errores.

1099 279 1167 317 des,
1189 279 1302 319 inquit,
1324 279 1399 320 quid
1420 280 1512 311 dicat.
1534 281 1563 310 Is
1595 288 1669 311 vero
1692 281 1885 321 respondet:

1099 329 1174 360 Mihi
1197 330 1325 370 quidem
1343 338 1361 361 e
1378 330 1480 361 verbis
1499 329 1565 361 noli
1581 330 1675 362 ﬁdem
1690 332 1743 368 52
1761 332 1887 368 aﬂ‘erre,

1099 376 1155 407 sed
1178 384 1287 407 eamus
1304 376 1343 407 ad
1363 376 1546 417 sepulchra;
1570 377 1597 407 si
1617 386 1715 408 unum
1732 386 1770 408 ex
1784 377 1827 409 ibi
1842 378 1889 409 ia-

1100 426 1244 458 centibus
1258 426 1465 464 suscitaveris,
1479 427 1575 459 sciam
1588 435 1643 458 vos
1658 427 1740 458 bene
1757 428 1889 463 sentire;

1101 477 1171 518 ipse
1195 485 1255 516 ego
1270 477 1406 508 animam
1424 477 1492 508 sine
1512 485 1646 518 corpore
1661 477 1800 508 afferam.
1816 478 1891 508 San-

1101 531 1169 558 ctus
1187 535 1261 558 vero
1279 527 1431 558 Macarius
1443 527 1482 558 ad
1497 527 1681 567 episeopum
1701 536 1889 559 conversus:

1101 577 1244 614 Multum,
1255 578 1368 618 inquit,
1381 577 1469 609 nefas
1479 587 1565 616 sane,
1576 579 1675 610 Deum
1685 582 1818 616 tentare,
1831 587 1889 609 ne-

1102 632 1164 664 que
1179 623 1377 663 dignaturum
1393 632 1462 655 esse
1477 633 1551 656 eum
1564 628 1695 665 propter
1703 634 1802 656 unum
1821 625 1892 656 dae-

1102 674 1280 706 moniacum
1308 677 1429 706 tantum
1465 674 1569 706 facere
1599 675 1724 713 signum
1751 676 1889 707 conﬁdo.

1102 725 1286 765 Respondet
1302 727 1472 766 episcopus
1488 735 1495 756 :
1512 726 1651 764 Minime,
1663 729 1762 766 pater,
1774 735 1891 757 verun-

1103 778 1208 806 tamen
1223 779 1354 816 propter
1368 780 1465 808 totam
1480 776 1682 808 vicinitatem.
1701 778 1789 808 Tunc
1802 777 1891 808 abie-

1104 828 1176 856 runt
1193 825 1231 856 ad
1248 825 1426 866 sepulchra.
1447 827 1561 867 Incipit
1576 827 1732 858 Hieracita
1746 826 1892 859 invocare

1104 875 1303 913 daemonem,
1326 876 1381 907 sed
1403 876 1533 907 minime
1557 877 1658 917 potuit
1672 877 1807 908 animam
1825 885 1894 908 evo-

262 928 351 964 Quod
373 929 499 969 quidem
515 930 648 962 alterum
667 940 767 971 genus
790 933 915 964 diﬂicile
938 937 985 964 est
1012 934 1051 965 ad
1069 923 1089 951 Β
1104 935 1175 958 081⁸6
1197 931 1326 958 tenuem
1350 935 1386 958 ac
1414 926 1541 958 Πυάδω-
1573 928 1675 964 Quum
1698 927 1794 966 igitur
1816 926 1895 958 Nihil

262 978 483 1018 subigendum.
495 981 556 1011 Eos
571 981 654 1012 enim
665 985 788 1013 satanas
803 982 940 1014 immittit
954 984 1053 1022 magis

262 1032 293 1059 ct
318 1029 536 1061 seductor-ibus
554 1033 585 1062 et
607 1030 834 1063 haeresiarchis
853 1036 885 1064 et
905 1033 1053 1065 veneﬁcis

262 1083 293 1110 et
310 1079 337 1110 si
355 1080 409 1119 qui
429 1079 481 1111 alii
501 1081 532 1112 id
558 1081 682 1120 generis
703 1086 785 1113 sunt.
807 1085 845 1113 At
859 1083 1050 1124 episcopus:

261 1129 340 1165 Quid
359 1138 446 1169 ergo,
462 1130 575 1171 inquit,
597 1131 772 1163 faciemus?
790 1133 976 1173 Respondet
1001 1142 1052 1164 se-

261 1188 324 1210 nex
342 1189 348 1210 :
363 1180 512 1211 Precibus
526 1189 607 1221 opus
621 1184 682 1218 est;
695 1190 768 1212 nam
783 1191 888 1214 sermo
901 1191 967 1214 non
978 1191 1052 1223 pro-

262 1230 336 1261 ﬁcit.
353 1231 466 1261 Iubent
484 1231 578 1270 igitur
592 1231 766 1271 procedere
781 1232 994 1272 seductorem,
1009 1233 1054 1264 is-

262 1289 325 1320 que
334 1280 374 1311 ad
391 1289 446 1312 eos
464 1289 608 1320 egressus
622 1285 681 1313 est.
694 1283 793 1319 Quem
810 1283 915 1314 statim
929 1283 1054 1323 episco-

262 1343 322 1374 pus
335 1333 442 1373 lingua
455 1334 602 1365 adortus:
619 1335 690 1372 Cur,
702 1334 817 1375 inquit,
830 1338 919 1366 tanto
933 1338 1056 1375 tempo-

263 1384 305 1415 ris
334 1384 436 1424 spatio
454 1384 620 1415 nobiscum
637 1392 701 1414 non
718 1384 980 1416 communicasti?
1001 1385 1056 1416 Cui

261 1434 315 1465 ille
332 1444 339 1465 :
359 1435 446 1474 Quia,
472 1434 586 1474 inquit,
613 1442 679 1464 non
703 1438 787 1465 recte
819 1435 951 1465 sentitis.
977 1436 1055 1465 Tum

263 1487 389 1515 sanctus
407 1483 560 1515 Macarius
582 1492 589 1514 :
612 1484 700 1514 Tune
719 1483 823 1523 igitur,
844 1484 957 1524 inquit,
970 1488 1056 1516 recte

263 1534 360 1564 sentis
369 1532 384 1564 ?
392 1534 472 1567 Sane
483 1533 683 1573 quidem,ille
695 1534 876 1574 respondet.
883 1534 1034 1566 Macarius
1046 1543 1053 1566 :

1104 977 1258 1009 effecisset
1269 996 1299 1000 —
1320 978 1382 1018 ipsi
1401 979 1484 1009 enim
1495 986 1602 1009 revera
1617 977 1813 1018 repugnabat
1828 978 1896 1018 Spi-

1103 1029 1181 1060 ritus
1203 1032 1328 1060 sanctus
1344 1047 1381 1052 —
1395 1029 1434 1061 iis
1451 1038 1457 1059 :
1473 1030 1606 1071 Propter
1629 1028 1894 1065 incredulitatem,

1102 1079 1217 1119 inquit,
1234 1082 1366 1110 vestram
1377 1088 1441 1111 non
1455 1088 1585 1120 possum
1601 1079 1737 1111 animam
1752 1087 1893 1110 evocare.

1104 1130 1213 1161 Statim
1226 1130 1377 1161 Macarius
1390 1130 1571 1170 indignatus
1582 1139 1684 1170 genua
1693 1130 1802 1167 ﬂectit,
1816 1129 1896 1161 nihil

1104 1189 1179 1212 vero
1193 1181 1348 1221 promisit,
1360 1184 1391 1212 et
1407 1191 1506 1222 quum
1525 1190 1621 1213 unam
1641 1181 1752 1213 horam
1771 1181 1804 1212 in
1823 1189 1896 1212 ora-

1104 1231 1191 1263 tione
1215 1236 1461 1272 perseverasset,
1489 1233 1523 1264 in
1555 1236 1729 1273 conspectu
1755 1233 1896 1264 omnium

1105 1283 1251 1320 surrexit,
1276 1286 1308 1314 et
1334 1283 1504 1324 sepulchro
1532 1283 1637 1324 palma
1655 1284 1829 1324 pulsato—
1843 1285 1898 1316 ba-

1106 1333 1169 1364 culi
1198 1334 1293 1371 enim,
1327 1334 1442 1374 quibus
1469 1334 1618 1366 monachi
1649 1335 1733 1367 illius
1759 1335 1897 1375 regionis

1105 1388 1248 1422 utuntur,
1272 1385 1350 1416 rami
1378 1385 1554 1426 palmarum
1582 1389 1656 1417 sunt
1679 1404 1717 1409 —
1736 1386 1898 1418 hominem

1106 1435 1234 1466 suscitat
1251 1443 1317 1465 non
1339 1434 1372 1465 in
1389 1438 1472 1467 terra
1496 1435 1668 1473 defossum,
1685 1445 1788 1477 nuper
1812 1445 1897 1467 mor-

1106 1484 1270 1521 tuum,sed
1285 1493 1323 1515 ex
1337 1484 1473 1524 antiquis
1488 1484 1637 1524 aliquem.
1650 1487 1728 1516 Tum
1741 1486 1902 1518 Hieracita

1106 1537 1217 1566 vocato
1232 1543 1239 1564 :
1252 1535 1382 1571 Quaere,
1401 1534 1518 1575 inquit,
1532 1544 1571 1566 ex
1586 1535 1658 1573 hoc,
1676 1544 1751 1567 num
1765 1537 1897 1568 suscite-

265 1584 344 1621 Quid
373 1593 447 1615 vero
475 1587 532 1624 est,
562 1584 649 1626 quod
676 1588 711 1615 tu
735 1584 853 1616 sentis?
876 1585 932 1616 Ille
949 1594 956 1615 :
974 1586 1056 1616 Num
1070 1591 1093 1623 c
1108 1586 1158 1615 tur
1168 1592 1294 1624 corpus.
1307 1584 1364 1621 Qui
1377 1587 1464 1615 tanto
1480 1585 1571 1624 signo
1586 1585 1792 1623 exanimatus,
1808 1589 1898 1626 post-

263 1638 349 1666 rccte
363 1634 511 1672 creditur,
525 1643 653 1666 carnem
673 1638 704 1666 et
721 1643 793 1666 ossa
803 1635 968 1667 suscitari?
982 1636 1058 1667 San-

264 1690 332 1717 ctus
352 1686 523 1726 respondet
543 1695 549 1716 :
566 1686 598 1716 Si
614 1694 654 1717 ex
675 1686 767 1718 nobis
782 1686 953 1727 loquimur,
974 1686 1057 1718 bene

263 1736 415 1776 loqueris.
433 1737 487 1768 Sin
508 1737 621 1768 veritas
639 1737 672 1768 id
691 1736 800 1775 voluit,
816 1737 891 1778 quid
906 1737 1059 1778 obloque-

265 1787 329 1819 ris?
357 1788 419 1819 Sed
437 1797 478 1820 ne
501 1788 600 1819 multa
622 1789 717 1819 verba
748 1788 930 1829 perdamus,
955 1787 1057 1820 dicam

264 1838 332 1876 tibi,
357 1837 434 1878 quid
462 1838 652 1876 sentiamus;
681 1838 796 1878 quibus
814 1838 841 1869 si
863 1839 1056 1876 assentieris,

264 1891 347 1923 bene
366 1891 480 1930 facies;
497 1891 547 1923 sin
567 1892 685 1929 minus,
700 1891 765 1923 Deo
779 1899 950 1931 repugnas,
967 1892 1058 1923 cuius

264 1943 411 1982 dogmata
434 1942 568 1983 spernis.
590 1944 628 1974 At
647 1942 703 1974 ille
719 1951 727 1973 ε
745 1943 823 1983 Ego.
837 1943 952 1984 inquit,
968 1943 1058 1984 prior

265 1993 360 2024 ﬁdem
375 2002 475 2025 meam
489 2002 656 2034 exponam.
671 1994 750 2025 Tum
765 1993 934 2026 Macarius:
947 1994 1056 2032 Prava,

264 2045 319 2081 ait,
337 2045 415 2076 ﬁdes
425 2054 465 2076 ne
480 2045 671 2083 nominetur,
687 2045 744 2076 sed
761 2045 904 2076 dicamus
927 2045 1058 2076 catholi-

265 2104 333 2125 cam
342 2095 498 2127 Ecclesiae
509 2095 659 2127 ﬁdem.Et
669 2096 770 2127 statim
782 2095 1055 2135 innuitepiscopo,

264 2148 299 2177 ut
318 2153 387 2176 eam
404 2145 597 2185 proﬁteatur.
619 2145 678 2182 Qui
698 2145 919 2177 circumstante
935 2145 1056 2185 populo

264 2195 375 2235 incipit
394 2195 488 2226 ﬁdem
511 2195 554 2227 ita
577 2204 738 2236 exponere
754 2204 762 2226 :
777 2196 876 2227 Credo
899 2195 933 2226 in
955 2203 1056 2226 unum

264 2246 375 2284 Deum,
395 2246 518 2277 Patrem
537 2247 798 2287 omnipotentem,
811 2249 841 2277 et
858 2245 892 2276 in
909 2253 1056 2276 eoessen-
1071 2264 1093 2291 ι)

264 2296 339 2328 tiale
369 2297 436 2328 eius
463 2297 613 2334 Verbum,
650 2306 708 2338 per
744 2296 832 2336 quod
864 2304 940 2327 aeva
970 2295 1055 2334 fecit,

264 2347 351 2387 quod
370 2348 403 2378 in
425 2347 696 2379 consummatione
713 2349 892 2386 temporum
906 2345 939 2376 in
954 2345 1056 2377 aboli-

263 2401 383 2432 tionem
410 2400 530 2441 peccati
553 2399 699 2440 apparuit
723 2399 758 2430 in
783 2407 889 2436 carne,
912 2407 1007 2439 quam
1039 2407 1056 2430 e

264 2455 372 2482 sancta
387 2451 481 2482 Maria
491 2450 611 2490 virgine
627 2453 820 2490 susceperat,
833 2449 920 2489 quod
931 2449 1055 2480 cruciﬁ-

264 2511 351 2539 xum,
366 2505 524 2532 mortuum
539 2504 569 2533 et
585 2500 744 2541 sepultum
767 2504 825 2538 est,
838 2502 869 2531 et
889 2499 1058 2531 resurrexit

263 2554 355 2585 tertia
365 2553 428 2591 die,
438 2552 633 2593 sedetquead
643 2553 783 2584 dextram
793 2551 901 2589 Patris,
908 2560 944 2583 ac
951 2550 1056 2582 denuo

264 2607 431 2634 venturum
442 2607 488 2634 est
498 2603 532 2634 in
542 2606 686 2643 tempore
695 2601 959 2639 futuro,iudicare
970 2601 1057 2632 vivos

266 2657 297 2684 et
320 2656 478 2690 mortuos;
507 2655 538 2684 et
561 2652 595 2683 in
616 2651 766 2692 Spiritum
789 2653 944 2688 sanctum,
973 2650 1056 2681 Patri

265 2704 397 2744 eiusque
407 2704 509 2736 Verbo
523 2701 781 2739 coessentialem;
797 2701 892 2733 credo
907 2701 941 2732 in
955 2709 1057 2732 resur-

266 2754 440 2786 rectionem
464 2762 594 2794 quoque
611 2753 734 2784 animae
756 2755 787 2783 et
805 2751 960 2792 corporis,
977 2751 1058 2782 sicut

267 2804 436 2845 Apostolus
464 2804 526 2835 ait:
557 2803 735 2835 Seminatur
759 2811 875 2842 corpus
900 2801 1055 2839 naturale,

267 2855 434 2887 suscitatur
448 2864 564 2895 corpus
579 2853 752 2894 spirituale,
768 2856 798 2884 et
813 2862 920 2884 rursus
937 2862 943 2883 :
960 2853 1058 2892 Opor-

268 2909 312 2939 tot
325 2906 410 2938 enim
425 2905 628 2948 corruptibile
648 2904 709 2936 hoc
724 2903 855 2935 induere
870 2903 1058 2943 incorrupti-

1108 1643 1202 1674 quam
1213 1634 1348 1666 daemon
1363 1634 1402 1665 ab
1417 1642 1455 1665 eo
1466 1634 1620 1672 discessit,
1632 1635 1670 1666 ad
1687 1635 1787 1676 pedes
1800 1635 1899 1667 sancti

1107 1685 1292 1726 provolutus
1302 1688 1349 1716 est
1358 1693 1431 1717 cum
1439 1688 1554 1716 cuncto
1568 1685 1700 1726 populo.
1711 1686 1813 1722 Quum
1823 1695 1899 1717 vero

1108 1743 1181 1766 eum
1195 1736 1339 1768 occidere
1356 1739 1556 1776 quaererent,
1573 1737 1725 1768 Macarius
1747 1745 1802 1768 eos
1826 1746 1899 1777 pro-

1108 1786 1220 1825 hibuit,
1235 1790 1331 1827 atque
1345 1787 1379 1818 in
1394 1795 1536 1821 eremum
1554 1795 1625 1819 eum
1641 1787 1782 1819 abduxit.
1796 1788 1898 1818 Susci-

1107 1839 1189 1868 tatus
1204 1841 1320 1875 autem,
1331 1837 1551 1877 interrogatus,
1563 1845 1640 1868 num
1655 1837 1809 1869 Christum
1824 1846 1901 1878 pro-.

1108 1887 1260 1926 ﬁteretur,
1269 1889 1383 1920 dixisse
1392 1888 1501 1926 fertur,
1509 1896 1543 1920 se
1554 1897 1594 1919 ne
1604 1888 1758 1920 audivisse
1769 1888 1899 1933 quidem

1109 1938 1148 1970 de
1157 1947 1196 1970 eo
1203 1939 1237 1970 in
1245 1939 1306 1970 vita
1314 1947 1380 1970 sua.
1392 1939 1565 1970 Pharaonis
1573 1938 1658 1970 enim
1666 1938 1747 1978 regis
1755 1941 1899 1978 tempore

1108 1997 1142 2020 se
1153 1989 1269 2020 obiisse
1278 1989 1366 2026 dixit,
1377 1989 1514 2029 ideoque
1525 1992 1599 2020 ante
1608 1989 1779 2020 adventum
1788 1989 1900 2023 Christi

1107 2039 1195 2070 vixit.
1206 2040 1304 2076 Quem
1314 2048 1412 2079 quum
1425 2039 1613 2080 baptizasset
1621 2039 1784 2077 Macarius,
1791 2048 1900 2071 secum

1107 2089 1217 2121 habuit
1238 2093 1302 2120 tres
1325 2098 1437 2127 annos,
1454 2089 1569 2130 quibus
1588 2089 1703 2130 elapsis
1721 2099 1825 2122 veram
1846 2090 1903 2122 ille

1107 2139 1330 2171 dormitionem
1345 2140 1500 2178 dormivit,
1517 2141 1571 2178 ita,
1587 2144 1623 2172 ut
1641 2141 1671 2172 ei
1689 2145 1815 2182 aptetur
1828 2151 1897 2173 ver-

1106 2191 1182 2222 bum
1196 2191 1339 2222 Domini:
1355 2191 1466 2231 Neque
1486 2191 1538 2223 hic
1553 2192 1704 2233 peccavit,
1718 2201 1823 2232 neque
1840 2201 1898 2233 pa-

1107 2244 1213 2272 rentes
1231 2241 1308 2278 eius,
1327 2241 1382 2272 sed
1396 2243 1431 2272 ut
1441 2240 1597 2272 reveletur
1611 2241 1709 2282 gloria
1719 2242 1785 2273 Dei.
1802 2243 1900 2273 Inter-

1107 2292 1227 2331 rogavit
1247 2295 1352 2323 autem
1371 2292 1541 2333 episcopus
1561 2296 1704 2324 sanctum
1717 2294 1896 2330 Macarium,

1107 2349 1147 2372 an
1161 2349 1226 2372 non
1235 2341 1334 2381 gloria
1347 2341 1381 2372 in
1391 2350 1447 2372 cor
1458 2341 1526 2372 eius
1543 2342 1731 2379 ascenderit,
1746 2344 1809 2372 tam
1820 2341 1899 2372 mul-

1106 2393 1146 2423 tis
1166 2396 1240 2424 ante
1264 2401 1336 2424 eum
1356 2392 1638 2433 procumbentibus
1660 2393 1700 2424 ob
1720 2395 1839 2423 tantum
1858 2392 1899 2423 si-

1107 2452 1215 2483 gnum.
1232 2443 1288 2474 Cui
1302 2443 1473 2484 respondet
1490 2453 1496 2474 :
1513 2444 1605 2475 Cuius
1621 2453 1676 2475 cor
1690 2443 1788 2474 otium
1803 2443 1899 2475 habet

1107 2493 1238 2533 gloriam
1251 2493 1415 2525 hominum
1430 2494 1632 2534 respiciendi,
1652 2494 1679 2525 is
1697 2494 1796 2525 Deum
1819 2503 1899 2525 non-

1107 2544 1182 2575 dum
1195 2543 1352 2582 cognovit.
1368 2544 1398 2574 Is
1415 2543 1510 2580 enim,
1527 2542 1681 2583 quidquid
1698 2543 1780 2580 facit,
1797 2542 1898 2573 homi-

1107 2595 1200 2625 nibus
1213 2594 1296 2625 facit.
1312 2594 1370 2631 Qui
1383 2603 1456 2625 vero
1465 2594 1578 2633 dignus
1590 2597 1636 2624 est
1651 2593 1775 2624 habitus
1792 2593 1896 2625 aﬁlatu

1107 2647 1173 2684 Dei,
1190 2647 1218 2678 is
1236 2647 1270 2678 in
1291 2647 1389 2678 multo
1409 2646 1579 2678 certamine
1594 2649 1745 2683 versatur,
1755 2646 1844 2685 quasi
1861 2645 1896 2676 in

1107 2698 1259 2730 novacula
1291 2702 1397 2735 staret,
1423 2698 1549 2734 timens,
1579 2706 1619 2728 ne
1647 2697 1781 2728 decidat.
1814 2697 1896 2727 Talis

1107 2760 1206 2783 unum
1229 2751 1330 2782 solum
1359 2750 1454 2781 habet
1478 2750 1680 2788 desiderium,
1712 2748 1896 2788 egrediendi

1108 2804 1160 2841 53
1174 2801 1292 2832 scilicet
1309 2810 1326 2832 e
1347 2809 1491 2840 corpore.
1509 2800 1596 2837 Quod
1611 2809 1685 2831 vero
1704 2799 1742 2830 ad
1763 2799 1895 2838 gloriam

1108 2852 1228 2888 attinet,
1242 2851 1319 2882 haec
1333 2851 1362 2881 ei
1381 2858 1419 2881 ne
1443 2850 1474 2880 in
1498 2853 1633 2880 mentem
1655 2849 1782 2889 quidem
1799 2849 1891 2880 venit.

1108 2903 1195 2934 llanc
1209 2906 1313 2934 autem
1327 2901 1355 2933 ei
1375 2901 1548 2932 doctrinam
1563 2901 1667 2932 dedit:
1684 2900 1790 2932 Adnue
1802 2898 1893 2932 mihi.
