2060 3153
171 183 207 213 55
937 179 1053 207 vma.
1771 178 1807 209 53

168 238 285 280 inquit,
306 238 442 278 aliquem
462 238 496 269 in
519 239 597 270 mari
616 240 828 272 ambulantem
843 244 873 272 et
891 249 963 272 coe-
977 243 998 269 Δ
1012 248 1072 280 pus
1092 239 1233 279 exponit,
1259 239 1320 271 [ide
1342 247 1382 270 ne
1404 248 1504 270 unum
1529 239 1658 279 quidem
1678 239 1804 280 legitur,

171 289 237 320 lum
251 298 357 320 versus
371 288 481 320 oculos
499 289 533 320 in
554 289 665 328 solem,
682 291 771 322 cuius
788 290 883 322 radiis
899 299 965 322 sus-

172 343 320 378 tentetur,
351 339 557 378 deﬁgentem;
570 341 619 372 cui
638 341 709 381 quis
724 341 895 382 praecipiat
911 350 918 372 :
933 341 965 372 Si

170 390 287 428 locum,
304 390 338 421 in
347 398 412 430 quo
427 390 580 428 ambulas,
594 391 741 431 adspicis,
752 392 786 423 in
797 401 883 423 mare
893 391 965 424 sub-

171 440 335 479 mergeris,
345 441 422 480 quid
433 441 462 471 ei
475 440 608 478 accidet,
616 442 642 472 si
654 442 841 474 inobediens
852 441 965 474 fuerit?

171 491 226 527 Ita,
235 491 289 531 qui
298 491 331 521 in
342 491 474 530 gloriam
482 491 538 522 Dei
546 492 656 523 oculos
665 492 809 530 intendit,
820 493 962 532 gloriam,

171 550 252 581 quae
269 541 308 572 ab
324 541 508 572 hominibus
523 542 679 582 provenit,
696 542 830 583 pedibus
853 543 961 574 calcat.

171 593 258 622 Ilane
273 595 378 622 autem
394 591 420 623 si
438 592 580 632 respicit,
592 592 632 623 ab
650 592 702 623 illa
721 592 848 624 decidit.
863 595 888 624 A
901 602 963 633 qua

171 642 198 672 si
228 642 390 679 deciderit,
406 642 512 673 multis
539 641 608 673 aliis
632 643 796 674 affectibus
818 643 962 681 agitatur.

172 694 281 724 Cetera
299 701 375 724 vero
398 693 493 724 huius
519 693 629 731 sancti,
664 703 758 734 quam
786 694 963 725 misericors

172 743 268 774 fuerit
283 747 314 774 et
328 744 494 781 fraternus,
511 747 541 775 et
560 748 709 784 quantam
731 744 875 776 habuerit
896 745 962 775 dis-

174 794 386 825 cretionemin
394 795 639 835 operibus,nunc
649 794 960 836 quidemsilebo(1).n

213 846 299 876 Haec
316 845 409 884 igitur
430 846 565 876 narratio
582 854 600 876 a
617 845 739 877 duabus
747 839 832 884 istis,
851 855 928 886 quas
945 855 963 878 e

176 895 256 926 libro
280 895 417 927 secundo
437 898 467 926 et
482 903 500 926 e
517 896 662 927 Cassiano
675 905 770 937 supra
789 897 960 935 attulimus,

176 955 215 977 eo
233 946 428 987 potissimum
452 945 567 983 differt,
589 947 674 986 quod
702 947 919 979 resuscitatum
943 957 961 979 a

175 995 306 1027 Macario
330 995 522 1036 baptizatum
540 1003 609 1026 esse
636 999 667 1027 et
688 996 788 1028 tribus
813 997 903 1029 annis
927 997 961 1028 in

175 1054 280 1077 eremo
300 1046 462 1077 transactis
481 1046 587 1077 denuo
613 1046 728 1077 obiisse
753 1046 856 1085 docet,
875 1047 960 1088 quod

173 1094 252 1126 liber
264 1096 424 1127 secundus
439 1104 502 1127 non
521 1095 614 1126 habet
635 1099 665 1127 et
677 1097 839 1128 Cassianus
853 1101 961 1137 aperte

173 1150 276 1184 negat.
297 1146 427 1186 Quando
441 1145 520 1177 vela
534 1155 598 1186 quo
618 1147 754 1178 narratio
771 1147 886 1187 scripta
910 1148 959 1184 sit,

173 1204 277 1235 neque
296 1204 335 1227 ex
350 1205 387 1227 ea
400 1196 591 1236 ipsa,neque
599 1196 726 1228 aliunde
737 1198 810 1228 satis
826 1201 959 1229 constat.

172 1245 274 1283 Fides,
306 1255 400 1286 quam
440 1247 610 1286 episcopus
647 1248 788 1288 exponit,
812 1248 961 1288 Spiritum

173 1298 315 1326 sanctum
341 1295 425 1326 Patri
447 1299 477 1326 et
491 1295 568 1328 Filio
595 1301 757 1335 ὁμοούσιον
774 1301 874 1329 vocat.
897 1299 962 1334 Qua

173 1352 251 1375 voce
264 1344 404 1384 synodus
415 1345 758 1385 Constantinopolitana
774 1349 805 1377 et
819 1346 962 1386 symbola

175 1393 250 1424 fidei
271 1394 311 1425 de
323 1393 439 1434 Spiritu
460 1398 568 1426 sancto
587 1403 651 1426 non
675 1398 805 1426 utuntur
828 1395 880 1436 (2).
900 1395 961 1427 Sed

175 1443 325 1482 Spiritum
339 1443 421 1474 Patri
436 1446 466 1473 et
476 1443 553 1474 Filio
565 1449 728 1483 ὀμοούσιον
741 1444 802 1475 iam
819 1445 850 1475 S.
865 1445 960 1476 Atha-

175 1492 280 1524 nasius
295 1493 432 1533 appellat
455 1493 508 1533 (3).
533 1493 587 1529 54
607 1495 697 1526 Unde
714 1495 881 1527 verisimile
903 1498 960 1534 est,

175 1552 243 1574 eam
259 1553 366 1575 vocem
382 1544 416 1575 in
430 1546 655 1585 Aegyptiorum
669 1545 813 1577 formulis
826 1546 899 1578 tidei
909 1555 963 1578 an-

1014 289 1182 321 formulam
1208 293 1370 329 totamque
1389 290 1490 327 istam,
1516 290 1567 322 cui
1595 290 1712 321 inserta
1740 295 1804 331 est,

1014 341 1226 372 narrationem
1244 340 1318 372 satis
1332 341 1491 381 antiquam
1504 350 1573 372 esse
1591 341 1682 373 facile
1700 344 1804 374 credi-

1015 392 1108 423 deris.
1137 391 1308 423 Hieracitas
1338 392 1599 423 resurrectionem
1634 401 1805 433 corporum

1014 451 1145 482 negasse
1172 443 1203 473 S.
1229 441 1424 482 Epiphanius
1439 441 1542 479 docet,
1558 443 1613 482 qui
1629 443 1804 475 doctrinam

1014 502 1124 525 eorum
1142 493 1227 532 large
1246 492 1389 532 exposuit
1405 491 1457 531 (4).
1482 492 1590 532 Neque
1601 502 1674 524 vero
1689 494 1719 523 S.
1732 494 1806 534 Epi-

1013 544 1160 584 phanius,
1180 551 1285 583 neque
1312 543 1343 573 S.
1367 543 1503 573 Hilarius
1525 543 1580 583 (5),
1603 552 1708 583 neque
1725 544 1805 575 alius

1014 594 1193 634 quisquam,
1209 596 1362 633 quantum
1384 593 1523 630 invenio,
1540 593 1652 630 retulit,
1669 594 1807 625 Hieraci-

1013 647 1060 674 tas
1087 644 1146 674 tria
1157 652 1262 674 rerum
1287 643 1442 683 principia
1462 643 1626 682 agnovisse
1645 647 1686 681 et,
1707 644 1805 675 Deum

1012 694 1151 725 Verbum
1175 694 1337 725 hominem
1363 693 1476 726 factum
1508 702 1586 730 esse,
1618 702 1806 734 causamque

1014 745 1155 776 omnium
1176 753 1281 776 rerum
1301 744 1493 775 effectricem
1516 744 1643 781 servari,
1658 744 1807 776 inﬁtiatos

1014 803 1095 826 esse.
1116 795 1204 826 Unde
1231 794 1318 826 hisce
1343 803 1422 826 neva
1449 794 1553 834 aliqua
1577 793 1616 825 de
1643 793 1807 830 Hieracitis

1014 844 1314 885 edocemur,quibus
1324 843 1528 875 fundamenta
1534 843 1807 884 doctrinae,quam

1013 895 1251 934 proﬁtebantur,
1282 894 1450 926 dilucidius
1485 897 1733 932 cognoscuntur.
1762 894 1807 924 Ad

1013 945 1091 977 illud
1105 953 1178 977 vero
1193 946 1390 976 enuntiatum
1405 944 1541 982 Macarii,
1560 953 1594 975 se
1609 947 1718 975 contra
1732 943 1806 974 dae-

1012 1005 1124 1028 mones
1146 996 1307 1036 principes
1324 995 1403 1026 nihil
1421 995 1537 1032 valere,
1563 994 1650 1034 quod
1674 997 1806 1034 spectat,

1011 1047 1096 1078 idem
1122 1047 1153 1078 S.
1172 1046 1327 1078 Antonius
1347 1053 1476 1086 quoque
1492 1044 1652 1085 professus
1667 1047 1713 1075 est
1728 1047 1808 1076 teste

1012 1097 1150 1129 Palladio
1164 1097 1217 1138 (6).
1233 1098 1388 1128 Mortuum
1404 1096 1443 1127 ad
1459 1094 1718 1136 respondendum
1730 1103 1806 1125 evo-

1013 1151 1115 1178 catum
1128 1155 1196 1178 esse
1211 1146 1343 1186 legimus
1354 1146 1387 1177 in
1399 1146 1480 1176 libro
1495 1145 1649 1176 Samuelis
1665 1145 1719 1184 (7).
1731 1145 1807 1175 Um-
1851 1170 1860 1178 ,

1012 1197 1087 1228 brae
1112 1200 1308 1227 mortuorum
1333 1199 1480 1227 evocatae
1505 1204 1574 1226 esse
1600 1195 1748 1225 dicuntur
1772 1195 1807 1225 in

1012 1248 1142 1279 Homeri
1164 1253 1276 1285 Νεκυίᾳ
1288 1246 1342 1287 (8),
1358 1245 1443 1286 apud
1461 1247 1620 1276 Lucanum
1640 1245 1694 1284 (9),
1715 1244 1805 1275 Taci-

1011 1301 1078 1329 tum
1105 1296 1185 1338 (10),
1205 1296 1342 1327 Plinium
1367 1295 1443 1335 (11),
1475 1295 1699 1325 Philostratum
1726 1293 1804 1334 (12;,

1012 1349 1144 1380 Dionem
1175 1347 1315 1378 Cassium
1339 1345 1414 1387 (13),
1443 1344 1497 1380 55
1520 1345 1598 1375 alios
1617 1343 1692 1385 (14).
1715 1343 1806 1384 Apud

1013 1408 1093 1439 quos
1104 1398 1235 1430 umbrae
1248 1397 1459 1435 interrogatae
1472 1399 1526 1426 aut
1537 1394 1742 1434 respondent,
1753 1397 1807 1425 aut

1012 1448 1206 1490 respondere
1228 1447 1419 1484 detrectant;
1440 1445 1555 1477 deinde
1567 1445 1607 1476 ad
1620 1444 1739 1476 inferos
1753 1453 1806 1475 re-

1012 1503 1175 1532 vertuntur
1194 1497 1266 1539 (15).
1287 1498 1402 1534 Moses,
1418 1504 1458 1527 ne
1479 1495 1587 1527 Iudaei
1609 1504 1729 1534 magos,
1751 1494 1807 1535 qui

1012 1553 1225 1590 νεκρομαντεῐα
1238 1547 1368 1584 faciunt,
1385 1546 1518 1584 adirent,
1534 1545 1604 1585 lege
1620 1545 1717 1576 vetuit
1731 1543 1804 1585 (16).

175 1594 262 1635 tiquo
274 1605 332 1626 usu
349 1599 507 1636 receptam
520 1596 628 1627 fuisse.
644 1597 720 1633 Quia
733 1605 808 1628 vero
819 1597 958 1634 everbis,

1012 1604 1230 1640 Νεκρομαντεῖα
1250 1597 1466 1638 superstitiosa
1486 1605 1554 1628 esse
1572 1596 1679 1627 Cicero
1698 1598 1806 1626 osten-

174 1645 289 1684 quibus
316 1646 496 1685 symbolum
521 1647 900 1688 Constantinopolitanum
920 1648 960 1679 de

174 1694 290 1734 Spiritu
300 1698 409 1726 sancto
431 1695 583 1734 loauitur,
595 1696 628 1727 in
645 1696 708 1735 illa,
726 1706 821 1738 quam
836 1698 960 1739 episco-

209 1781 247 1819 (1)
266 1782 368 1812 Textus
383 1791 499 1819 graecus
511 1784 611 1821 legitur
625 1785 695 1814 infra
710 1787 738 1814 in
758 1787 855 1816 harum
876 1795 961 1824 quae-

175 1829 294 1858 stionum
306 1829 462 1865 Appendice
474 1832 564 1866 priore
575 1832 627 1860 sub
640 1831 671 1860 V.
933 1861 935 1863 .

209 1873 248 1909 (2)
274 1874 432 1910 Symbolum
461 1876 570 1904 concilii
599 1876 897 1913 Constantinopolitani
926 1879 961 1908 de

175 1918 279 1952 Spiritu
296 1923 391 1946 sancto
405 1920 470 1947 haec
482 1920 581 1949 habet:
609 1931 618 1947 σ
639 1922 693 1949 Καὶ
715 1921 902 1960 [πιστεύομεν]
920 1924 961 1956 εἰς

173 1961 205 1989 τὸ
223 1962 332 1998 πνεῦμα
341 1963 370 1990 τὸ
383 1964 469 1998 ἅγιον,
487 1966 518 1992 τὸ
537 1967 643 2002 κύριον,
659 1967 689 1994 τὸ
714 1966 855 2001 ζωοποιὺν,
881 1969 911 1996 τδ
930 1970 962 1996 ὲκ

174 2008 220 2035 τοῦ
238 2009 341 2045 πατρὸς
363 2011 588 2047 ἐκπορευόμενον,
614 2013 645 2040 τὸ
670 2013 718 2041 σὺν
737 2014 821 2049 πατρὶ
842 2015 890 2041 καὶ
911 2014 962 2050 υἱῷ

175 2056 464 2092 συμπροσκυνούμενον
475 2058 523 2084 καὶ
542 2058 778 2094 συνδοξαζόμενον,
793 2059 824 2086 τὸ
837 2059 959 2094 λαλῆσαν

173 2100 216 2127 διὰ
226 2101 279 2128 τῶν
289 2102 435 2139 προφητῶν
452 2113 475 2131 ι.
496 2103 583 2132 Mansi
599 2104 684 2132 Cone.
698 2105 788 2140 Ampi.
798 2105 867 2133 Coll.
881 2105 915 2133 Τ.
926 2105 960 2133 IlI

175 2156 201 2183 p.
219 2149 281 2177 565.
296 2150 394 2178 Iisdem
412 2150 469 2179 fere
480 2151 571 2180 verbis
584 2152 618 2180 de
633 2151 736 2188 Spiritu
753 2157 850 2181 sancto
867 2158 960 2182 cetera

173 2202 281 2230 quoque
298 2195 359 2223 Iidei
370 2197 493 2232 symbola
509 2196 668 2232 loquuntur.

209 2240 247 2275 (5)
268 2249 278 2267 ι
293 2241 347 2269 Καὶ
358 2242 408 2269 οὐκ
430 2243 536 2279 ἄδηλον,
548 2243 646 2270 ὅτιούκ
661 2243 719 2271 ἐστι
740 2243 793 2272 τῶν
808 2244 914 2272 πολλῶν
927 2244 960 2272 τὸ

172 2287 296 2324 πνεῦμα,
321 2289 379 2316 ἀλλ’
398 2290 458 2317 οὐδὲ
482 2291 606 2326 ἄγγελος,
629 2291 687 2318 ἀλλ’
709 2291 745 2318 ἒνι
756 2291 796 2321 ὅν.
815 2292 915 2326 μᾶλλον
931 2292 960 2319 δὲ

172 2334 219 2362 τοῦ
237 2335 316 2369 λόγου
334 2336 394 2368 ἑνὸς
407 2336 483 2369 ὄντος
501 2337 575 2371 ἴδιον,
592 2338 640 2365 καὶ
657 2338 704 2365 τοῦ
723 2338 784 2365 θεοῦ
806 2338 864 2371 ἑνὸς
885 2338 962 2371 ὄντος

172 2381 238 2408 ζδιον
260 2382 308 2409 καὶ
331 2382 472 2416 ὁμοούσιόν
491 2384 574 2412 ἐστι.»
608 2383 638 2411 S.
651 2384 752 2412 Athan.
764 2384 812 2420 Ep.
827 2385 861 2412 ad
881 2385 962 2412 Sera-

173 2426 246 2460 pion.
259 2434 318 2462 cap.
333 2427 379 2455 27.
393 2426 423 2455 S.
435 2428 534 2455 Athan.
555 2428 623 2464 Opp.
639 2430 683 2457 ed.
702 2429 795 2458 Petav.
809 2430 878 2457 1777
905 2430 936 2457 Τ.
953 2431 961 2458 Ι

172 2471 203 2499 P.
219 2472 238 2500 II
253 2481 280 2509 p.
296 2473 358 2502 540.
372 2474 400 2502 S.
421 2474 587 2503 Athanasius
599 2475 731 2511 Spiritum
752 2481 876 2504 sanctum
899 2485 960 2505 cum

171 2520 252 2548 Patre
264 2525 291 2548 et
302 2520 370 2548 Filio
383 2521 505 2549 eiusdem
517 2522 747 2558 substantiaehﬁq
758 2522 843 2558 αὐτῆς
857 2523 961 2559 οὐσίας)

171 2574 232 2597 esse
243 2566 290 2594 ait.
303 2567 340 2594 De
355 2567 462 2594 Incarn.
474 2570 571 2594 contra
585 2567 677 2594 Arian.
700 2575 760 2603 cap.
778 2568 804 2596 9.
824 2568 868 2596 19.
890 2569 959 2605 Opp.

172 2612 202 2640 S.
213 2613 315 2641 Athan.
331 2614 349 2640 ι.
363 2614 380 2641 l.
393 2621 420 2649 p.
435 2614 497 2642 701.
509 2613 571 2641 708.
582 2613 713 2649 Spiritum
726 2621 852 2643 sanctum
867 2616 914 2643 σὺν
923 2615 962 2650 τῷ

171 2660 255 2696 πατρὶ
267 2660 313 2687 καὶ
323 2659 362 2695 τῷ
374 2659 424 2695 υἱῷ
438 2660 487 2694 τῆς
506 2661 571 2696 μιᾶς
585 2661 633 2686 καὶ
652 2661 700 2695 τῆς
718 2661 803 2696 αὐτῆς
821 2661 914 2693 οὐσίας
931 2670 961 2688 τε

171 2706 218 2735 καὶ
229 2705 352 2738 ἐξουσίας
368 2714 430 2734 esse
444 2707 524 2734 docet
539 2706 672 2734 Damasus
687 2714 755 2742 papa
777 2707 918 2742 (566-584)
933 2708 959 2734 in

170 2752 296 2787 cpistola,
322 2759 404 2788 quam
438 2753 549 2788 scripsit
574 2752 688 2781 Paulino
711 2754 840 2789 episcopo
864 2755 957 2782 Antio-

170 2799 270 2826 cheno.
293 2797 380 2826 Mansi
409 2798 495 2826 Conc.
523 2799 614 2834 Ampl.
640 2799 708 2826 Coll.
736 2799 768 2828 T.
796 2799 829 2827 Ill
851 2809 877 2836 p.
896 2801 957 2830 488.

172 2845 299 2871 Sanctam
310 2844 460 2871 trinitatem
471 2844 732 2872 consubstantialem
747 2845 898 2881 (ὁμοούσιον
909 2848 959 2883 τὴν

169 2891 252 2925 ἁγίαν
277 2891 383 2926 τριάδα)
399 2891 539 2926 praedicat
555 2885 682 2918 Mcletius
698 2892 845 2927 cpiscopus
860 2893 942 2921 Antio

166 2937 285 2966 Alienus.
299 2936 366 2965 Ibid.
380 2945 406 2974 p.
421 2937 482 2966 359.
497 2937 539 2966 Cf.
557 2938 586 2966 S.
597 2938 730 2974 Epiphan.
745 2939 822 2967 hacr.
838 2939 870 2967 76
885 2944 911 2968 ct
929 2941 956 2969 in

1010 1652 1055 1683 dit
1067 1651 1141 1692 (17).
1160 1649 1372 1681 Tertullianus
1389 1647 1459 1679 illas
1474 1647 1613 1678 manium
1636 1645 1808 1686 apparitio-

1011 1712 1067 1735 nes
1090 1702 1229 1734 fallacias
1248 1700 1440 1732 daemonum
1465 1697 1604 1738 appellat
1623 1696 1696 1738 (18).
1716 1696 1806 1733 Quod

1011 1790 1159 1817 Ancorato.
1185 1788 1304 1824 Spiritus
1325 1787 1399 1815 Patri
1424 1795 1434 1813 (
1454 1785 1698 1814 consubstantialis
1714 1793 1724 1810 ι
1751 1785 1806 1811 iam

1010 1839 1124 1862 vocatur
1137 1835 1164 1861 in
1181 1834 1291 1868 liturgia
1301 1832 1331 1860 S.
1346 1831 1436 1859 Iacobi
1450 1830 1544 1859 fratris
1559 1830 1677 1863 Domini,
1691 1829 1728 1857 cf.
1740 1829 1806 1857 Bitt-

1010 1881 1089 1909 terim
1102 1878 1372 1915 Denkwurdigkeitcn
1392 1877 1424 1906 T.
1442 1877 1476 1905 IV
1491 1877 1521 1906 Ρ.
1535 1877 1557 1904 II
1569 1885 1597 1913 p.
1610 1877 1671 1904 149.

1050 1932 1089 1967 (Δ)
1102 1932 1181 1960 Haer.
1201 1932 1247 1959 67.

1048 1985 1086 2021 (5)
1100 1983 1220 2012 Hilarius
1235 1984 1268 2011 de
1284 1983 1399 2011 Hieraca
1415 1983 1537 2018 disputat
1551 1982 1588 2010 De
1608 1981 1685 2010 Trin.
1697 1981 1747 2009 lib.
1759 1979 1806 2014 VI.

1016 2027 1062 2055 12.
1079 2027 1108 2055 S.
1121 2027 1204 2054 Hilar.
1218 2027 1288 2063 Opp.
1299 2035 1359 2055 cur.
1379 2027 1469 2062 Migne
1483 2027 1516 2054 T.
1531 2026 1550 2054 ll
1563 2035 1589 2062 p.
1606 2027 1657 2054 165
1673 2034 1734 2062 sqq.

1047 2079 1087 2116 (6)
1102 2080 1170 2109 Hist.
1183 2080 1265 2108 Laus.
1281 2088 1342 2117 cap.
1358 2080 1394 2108 29
1405 2079 1475 2116 Opp.
1488 2080 1589 2109 Meurs.
1604 2080 1622 2108 ι.
1635 2081 1653 2108 I.
1669 2088 1697 2116 p.
1712 2079 1777 2107 45⁵5.

1048 2135 1088 2170 (7)
1100 2134 1174 2162 Sam.
1190 2135 1211 2167 t,
1225 2134 1270 2162 28.

1048 2181 1086 2216 (8)
1099 2181 1150 2208 0d.
1166 2180 1212 2212 XI.
1224 2181 1260 2208 ‘25
1274 2188 1335 2216 sqq.

1047 2228 1086 2263 (9)
1098 2227 1194 2256 Phars.
1209 2226 1255 2261 Vl,
1271 2227 1323 2255 632
1339 2234 1401 2263 sqq.

1048 2273 1105 2308 (10)
1117 2273 1214 2300 Annal.
1229 2273 1264 2306 II,
1277 2273 1323 2300 28.

1048 2320 1105 2355 (It)
1117 2319 1180 2346 Nat.
1193 2319 1260 2347 Hist.
1271 2318 1357 2350 XXX.
1371 2318 1398 2347 6.

1049 2367 1105 2403 (i2)
1117 2366 1170 2394 Vit.
1183 2367 1268 2402 Apoll.
1285 2366 1372 2401 Tyan.
1386 2364 1430 2399 ιν,
1441 2366 1485 2393 us.

1050 2413 1105 2449 (15)
1119 2413 1188 2441 Hist.
1202 2413 1281 2440 Itom.
1297 2411 1427 2442 LXXVII.
1443 2412 1485 2439 15.

1052 2458 1075 2493 (1
1083 2459 1110 2493 Δ)
1129 2457 1195 2485 Hor.
1217 2462 1269 2485 sat.
1279 2456 1300 2491 I,
1312 2457 1339 2490 8,
1354 2457 1400 2484 41.
1416 2457 1498 2484 Plura
1511 2457 1634 2492 exempla
1646 2457 1727 2484 habet
1744 2456 1806 2484 Del-

1013 2504 1055 2531 rio
1069 2504 1211 2538 Disquisit.
1232 2504 1333 2538 magir.
1353 2502 1385 2536 Il,
1404 2503 1437 2536 Q.
1452 2503 1498 2530 26.

1049 2556 1105 2592 (15)
1120 2556 1280 2591 Apollonius
1288 2556 1370 2592 (apud
1387 2555 1578 2583 I‘hilostratum
1591 2554 1609 2581 l.
1623 2554 1693 2589 l.)de
1708 2554 1803 2582 umbra

1011 2602 1134 2636 Achillis,
1147 2610 1228 2637 quam
1242 2607 1370 2630 evocarat
1387 2611 1394 2630 :
1414 2611 1423 2628 ι
1445 2601 1738 2636 Ταῦτα,ῑιι‹ιιιίι,εἱπὼν
1757 2624 1763 2629 .
1778 2622 1802 2630 ..

1012 2648 1118 2683 ἀπῆλθε
1133 2648 1180 2682 ξὺν
1191 2649 1317 2684 ἀστραπῇ
1328 2648 1435 2684 μετρίᾳ,
1443 2648 1491 2675 καὶ
1501 2647 1555 2683 γὰρ
1565 2647 1596 2683 δὴ
1606 2647 1653 2674 καὶ
1661 2648 1805 2684 ἀλεκτρυό-

1011 2702 1055 2725 νες
1073 2693 1123 2729 ἤδη
1137 2693 1208 2729 ᾠδῆς
1224 2694 1349 2729 ἥπτοντο.
1372 2693 1420 2721 Ed.
1443 2692 1543 2720 Olearii
1563 2691 1638 2728 Lips.
1663 2693 1730 2722 1709
1753 2693 1801 2723 fol.

1011 2747 1038 2775 p.
1057 2739 1120 2767 151.

1047 2791 1104 2826 (16)
1117 2789 1140 2818 ν
1157 2790 1224 2818 Mos.
1243 2789 1338 2823 XVIII,
1355 2789 1440 2818 11.111
1457 2791 1524 2819 Mos.
1546 2791 1617 2826 XIX,
1634 2791 1678 2820 3|.

1047 2844 1102 2878 (I7)
1115 2843 1198 2871 Tusc.
1212 2843 1282 2878 disp.
1295 2842 1317 2875 I,
1334 2842 1378 2870 16.

1047 2898 1102 2933 (18)
1115 2897 1174 2925 Lib.
1204 2896 1238 2924 de
1268 2896 1357 2924 anima
1382 2904 1442 2932 cap.
1469 2898 1514 2925 57.
1533 2898 1647 2926 Tertull.
1664 2899 1723 2934 Opp
1751 2900 1794 2928 ed.

1011 2944 1113 2972 Scnilcr
1133 2943 1164 2972 'I‘.
1186 2943 1217 2971 IV
1238 2951 1265 2978 p.
1283 2943 1335 2970 281
1347 2952 1418 2981 sqq.,
1445 2944 1533 2980 Migne
1561 2945 1661 2974 Patrol.
1698 2946 1729 2972 '1‘.
1763 2945 1795 2971 ll.
