  <div class='ocr_page' id='page_1' title='image "/cluster/home/n/w/nwhite01/storage/ocr_20150623/34/njp.32101077772547/041.png"; bbox 0 0 2060 3153; ppageno 0'>
   <div class='ocr_carea' id='block_1_1' title="bbox 283 148 1907 186">
    <p class='ocr_par' dir='ltr' id='par_1_1' title="bbox 283 148 1907 186">
     <span class='ocr_line' id='line_1_1' title="bbox 283 148 1907 186; baseline -0.006 0"><span class='ocrx_word' id='word_1_1' title='bbox 283 157 318 186; x_wconf 85' lang='grc'><strong>55</strong></span> <span class='ocrx_word' id='word_1_2' title='bbox 715 153 768 183; x_wconf 83' lang='lat' dir='ltr'>SS.</span> <span class='ocrx_word' id='word_1_3' title='bbox 786 152 1018 182; x_wconf 72' lang='lat' dir='ltr'>MACARIORUM</span> <span class='ocrx_word' id='word_1_4' title='bbox 1037 149 1201 181; x_wconf 73' lang='lat' dir='ltr'>AEGYPTII</span> <span class='ocrx_word' id='word_1_5' title='bbox 1220 149 1265 178; x_wconf 80' lang='grc' dir='ltr'>ΕΤ</span> <span class='ocrx_word' id='word_1_6' title='bbox 1283 149 1517 178; x_wconf 76' lang='lat' dir='ltr'>ALEXANDBINI</span> <span class='ocrx_word' id='word_1_7' title='bbox 1872 148 1907 176; x_wconf 59' lang='grc' dir='ltr'>Η</span> 
     </span>
    </p>
   </div>
   <div class='ocr_carea' id='block_1_2' title="bbox 279 205 1906 253">
    <p class='ocr_par' dir='ltr' id='par_1_2' title="bbox 279 205 1906 253">
     <span class='ocr_line' id='line_1_2' title="bbox 279 205 1906 253; baseline -0.005 -9"><span class='ocrx_word' id='word_1_8' title='bbox 279 211 366 245; x_wconf 77' lang='lat' dir='ltr'>idem</span> <span class='ocrx_word' id='word_1_9' title='bbox 380 211 446 244; x_wconf 82' lang='lat' dir='ltr'>fere</span> <span class='ocrx_word' id='word_1_10' title='bbox 464 213 630 243; x_wconf 85' lang='lat' dir='ltr'>senserunt</span> <span class='ocrx_word' id='word_1_11' title='bbox 643 212 675 242; x_wconf 92' lang='lat' dir='ltr'>S.</span> <span class='ocrx_word' id='word_1_12' title='bbox 691 211 941 253; x_wconf 87' lang='lat' dir='ltr'>Chrysostomus,</span> <span class='ocrx_word' id='word_1_13' title='bbox 959 212 990 242; x_wconf 93' lang='lat' dir='ltr'>S.</span> <span class='ocrx_word' id='word_1_14' title='bbox 1003 213 1066 242; x_wconf 89' lang='lat' dir='ltr'>Au-</span> <span class='ocrx_word' id='word_1_15' title='bbox 1081 213 1105 242; x_wconf 80' lang='grc' dir='ltr'>Α</span> <span class='ocrx_word' id='word_1_16' title='bbox 1119 208 1382 240; x_wconf 80' lang='lat' dir='ltr'>resurrectionem</span> <span class='ocrx_word' id='word_1_17' title='bbox 1407 207 1583 239; x_wconf 84' lang='lat' dir='ltr'>Hieracitac</span> <span class='ocrx_word' id='word_1_18' title='bbox 1613 205 1772 247; x_wconf 82' lang='lat' dir='ltr'>probaret,</span> <span class='ocrx_word' id='word_1_19' title='bbox 1801 213 1906 246; x_wconf 84' lang='lat' dir='ltr'>neque</span> 
     </span>
    </p>
   </div>
   <div class='ocr_carea' id='block_1_3' title="bbox 281 261 1067 302">
    <p class='ocr_par' dir='ltr' id='par_1_3' title="bbox 281 261 1067 302">
     <span class='ocr_line' id='line_1_3' title="bbox 281 261 1067 302; baseline -0.001 -10"><span class='ocrx_word' id='word_1_20' title='bbox 281 262 434 300; x_wconf 75' lang='lat' dir='ltr'>gustinus,</span> <span class='ocrx_word' id='word_1_21' title='bbox 446 261 498 292; x_wconf 84' lang='lat' dir='ltr'>alii</span> <span class='ocrx_word' id='word_1_22' title='bbox 517 261 571 301; x_wconf 91' lang='lat'>(1).</span> <span class='ocrx_word' id='word_1_23' title='bbox 588 262 652 292; x_wconf 88' lang='lat' dir='ltr'>Nec</span> <span class='ocrx_word' id='word_1_24' title='bbox 674 261 778 293; x_wconf 84' lang='lat' dir='ltr'>minus</span> <span class='ocrx_word' id='word_1_25' title='bbox 798 264 926 302; x_wconf 88' lang='lat' dir='ltr'>postero</span> <span class='ocrx_word' id='word_1_26' title='bbox 938 269 1067 301; x_wconf 88' lang='lat' dir='ltr'>quoque</span> 
     </span>
    </p>
   </div>
   <div class='ocr_carea' id='block_1_4' title="bbox 281 312 1067 352">
    <p class='ocr_par' dir='ltr' id='par_1_4' title="bbox 281 312 1067 352">
     <span class='ocr_line' id='line_1_4' title="bbox 281 312 1067 352; baseline -0.001 -9"><span class='ocrx_word' id='word_1_27' title='bbox 281 320 358 343; x_wconf 90' lang='lat' dir='ltr'>aevo</span> <span class='ocrx_word' id='word_1_28' title='bbox 376 312 527 351; x_wconf 77' lang='lat' dir='ltr'>imagines</span> <span class='ocrx_word' id='word_1_29' title='bbox 548 315 743 344; x_wconf 90' lang='lat' dir='ltr'>mortuorum</span> <span class='ocrx_word' id='word_1_30' title='bbox 762 321 781 344; x_wconf 88' lang='lat' dir='ltr'>a</span> <span class='ocrx_word' id='word_1_31' title='bbox 801 312 898 352; x_wconf 85' lang='lat' dir='ltr'>magis</span> <span class='ocrx_word' id='word_1_32' title='bbox 917 312 1067 343; x_wconf 77' lang='lat' dir='ltr'>excitatae</span> 
     </span>
    </p>
   </div>
   <div class='ocr_carea' id='block_1_5' title="bbox 281 361 1067 402">
    <p class='ocr_par' dir='ltr' id='par_1_5' title="bbox 281 361 1067 402">
     <span class='ocr_line' id='line_1_5' title="bbox 281 361 1067 402; baseline 0 -10"><span class='ocrx_word' id='word_1_33' title='bbox 281 370 350 393; x_wconf 88' lang='lat' dir='ltr'>esse</span> <span class='ocrx_word' id='word_1_34' title='bbox 371 361 527 400; x_wconf 82' lang='lat' dir='ltr'>leguntur.</span> <span class='ocrx_word' id='word_1_35' title='bbox 554 362 615 399; x_wconf 89' lang='lat' dir='ltr'>Sic,</span> <span class='ocrx_word' id='word_1_36' title='bbox 634 365 669 393; x_wconf 90' lang='lat' dir='ltr'>ut</span> <span class='ocrx_word' id='word_1_37' title='bbox 688 361 766 393; x_wconf 89' lang='lat' dir='ltr'>haec</span> <span class='ocrx_word' id='word_1_38' title='bbox 782 365 902 393; x_wconf 87' lang='lat' dir='ltr'>tantum</span> <span class='ocrx_word' id='word_1_39' title='bbox 922 361 1067 402; x_wconf 84' lang='lat' dir='ltr'>exempla</span> 
     </span>
    </p>
   </div>
   <div class='ocr_carea' id='block_1_6' title="bbox 280 411 1065 453">
    <p class='ocr_par' dir='ltr' id='par_1_6' title="bbox 280 411 1065 453">
     <span class='ocr_line' id='line_1_6' title="bbox 280 411 1065 453; baseline 0 -11"><span class='ocrx_word' id='word_1_40' title='bbox 280 412 424 453; x_wconf 80' lang='lat' dir='ltr'>prodam,</span> <span class='ocrx_word' id='word_1_41' title='bbox 441 412 554 443; x_wconf 78' lang='lat' dir='ltr'>Basilio</span> <span class='ocrx_word' id='word_1_42' title='bbox 568 412 750 452; x_wconf 84' lang='lat' dir='ltr'>imperatori</span> <span class='ocrx_word' id='word_1_43' title='bbox 764 411 820 443; x_wconf 84' lang='lat' dir='ltr'>ﬁlii</span> <span class='ocrx_word' id='word_1_44' title='bbox 834 411 945 443; x_wconf 89' lang='lat' dir='ltr'>umbra</span> <span class='ocrx_word' id='word_1_45' title='bbox 955 420 971 443; x_wconf 87' lang='lat' dir='ltr'>a</span> <span class='ocrx_word' id='word_1_46' title='bbox 987 412 1065 442; x_wconf 89' lang='lat' dir='ltr'>San-</span> 
     </span>
    </p>
   </div>
   <div class='ocr_carea' id='block_1_7' title="bbox 281 462 1066 503">
    <p class='ocr_par' dir='ltr' id='par_1_7' title="bbox 281 462 1066 503">
     <span class='ocr_line' id='line_1_7' title="bbox 281 462 1066 503; baseline -0.001 -10"><span class='ocrx_word' id='word_1_47' title='bbox 281 463 429 493; x_wconf 88' lang='lat' dir='ltr'>tabareno</span> <span class='ocrx_word' id='word_1_48' title='bbox 447 462 603 494; x_wconf 84' lang='lat' dir='ltr'>monacho</span> <span class='ocrx_word' id='word_1_49' title='bbox 631 462 805 493; x_wconf 81' lang='lat' dir='ltr'>ostenditur</span> <span class='ocrx_word' id='word_1_50' title='bbox 830 462 888 503; x_wconf 75' lang='lat'>(2);</span> <span class='ocrx_word' id='word_1_51' title='bbox 915 471 932 492; x_wconf 89' lang='lat' dir='ltr'>a</span> <span class='ocrx_word' id='word_1_52' title='bbox 954 463 1066 492; x_wconf 88' lang='lat' dir='ltr'>Fausto</span> 
     </span>
    </p>
   </div>
   <div class='ocr_carea' id='block_1_8' title="bbox 278 512 1067 544">
    <p class='ocr_par' dir='ltr' id='par_1_8' title="bbox 278 512 1067 544">
     <span class='ocr_line' id='line_1_8' title="bbox 278 512 1067 544; baseline 0 -1"><span class='ocrx_word' id='word_1_53' title='bbox 278 513 398 544; x_wconf 80' lang='lat' dir='ltr'>Helena</span> <span class='ocrx_word' id='word_1_54' title='bbox 408 513 633 544; x_wconf 87' lang='lat' dir='ltr'>formosissima</span> <span class='ocrx_word' id='word_1_55' title='bbox 641 512 756 544; x_wconf 82' lang='lat' dir='ltr'>femina</span> <span class='ocrx_word' id='word_1_56' title='bbox 770 512 965 544; x_wconf 89' lang='lat' dir='ltr'>scholaribus</span> <span class='ocrx_word' id='word_1_57' title='bbox 976 520 1067 543; x_wconf 92' lang='lat' dir='ltr'>mon-</span> 
     </span>
    </p>
   </div>
   <div class='ocr_carea' id='block_1_9' title="bbox 279 561 1066 603">
    <p class='ocr_par' dir='ltr' id='par_1_9' title="bbox 279 561 1066 603">
     <span class='ocr_line' id='line_1_9' title="bbox 279 561 1066 603; baseline -0.004 -9"><span class='ocrx_word' id='word_1_58' title='bbox 279 566 393 594; x_wconf 84' lang='lat' dir='ltr'>stratur</span> <span class='ocrx_word' id='word_1_59' title='bbox 414 562 467 603; x_wconf 88' lang='lat'>(3).</span> <span class='ocrx_word' id='word_1_60' title='bbox 486 563 531 594; x_wconf 83' lang='lat' dir='ltr'><strong>Ab</strong></span> <span class='ocrx_word' id='word_1_61' title='bbox 554 563 604 593; x_wconf 90' lang='lat' dir='ltr'>his</span> <span class='ocrx_word' id='word_1_62' title='bbox 629 563 722 602; x_wconf 78' lang='lat' dir='ltr'>igitur</span> <span class='ocrx_word' id='word_1_63' title='bbox 748 570 912 601; x_wconf 78' lang='lat' dir='ltr'>magorum</span> <span class='ocrx_word' id='word_1_64' title='bbox 936 561 1066 592; x_wconf 80' lang='lat' dir='ltr'>fallaciis</span> 
     </span>
    </p>
   </div>
   <div class='ocr_carea' id='block_1_10' title="bbox 278 610 1063 651">
    <p class='ocr_par' dir='ltr' id='par_1_10' title="bbox 278 610 1063 651">
     <span class='ocr_line' id='line_1_10' title="bbox 278 610 1063 651; baseline -0.005 -7"><span class='ocrx_word' id='word_1_65' title='bbox 278 617 331 645; x_wconf 88' lang='lat' dir='ltr'>aut</span> <span class='ocrx_word' id='word_1_66' title='bbox 345 613 487 644; x_wconf 90' lang='lat' dir='ltr'>ludibriis</span> <span class='ocrx_word' id='word_1_67' title='bbox 503 611 651 643; x_wconf 89' lang='lat' dir='ltr'>miracula</span> <span class='ocrx_word' id='word_1_68' title='bbox 665 620 776 643; x_wconf 91' lang='lat' dir='ltr'>senum</span> <span class='ocrx_word' id='word_1_69' title='bbox 791 611 885 651; x_wconf 87' lang='lat' dir='ltr'>plane</span> <span class='ocrx_word' id='word_1_70' title='bbox 903 610 1063 641; x_wconf 69' lang='lat' dir='ltr'>differunt.</span> 
     </span>
    </p>
   </div>
   <div class='ocr_carea' id='block_1_11' title="bbox 277 661 1065 702">
    <p class='ocr_par' dir='ltr' id='par_1_11' title="bbox 277 661 1065 702">
     <span class='ocr_line' id='line_1_11' title="bbox 277 661 1065 702; baseline -0.004 -9"><span class='ocrx_word' id='word_1_71' title='bbox 277 663 337 699; x_wconf 88' lang='lat' dir='ltr'>Qui</span> <span class='ocrx_word' id='word_1_72' title='bbox 359 671 425 694; x_wconf 89' lang='lat' dir='ltr'>non</span> <span class='ocrx_word' id='word_1_73' title='bbox 447 671 612 702; x_wconf 79' lang='lat' dir='ltr'>magorum</span> <span class='ocrx_word' id='word_1_74' title='bbox 636 662 734 693; x_wconf 89' lang='lat' dir='ltr'>instar</span> <span class='ocrx_word' id='word_1_75' title='bbox 761 661 914 700; x_wconf 83' lang='lat' dir='ltr'>imagines</span> <span class='ocrx_word' id='word_1_76' title='bbox 942 663 1065 691; x_wconf 88' lang='lat' dir='ltr'>tantum</span> 
     </span>
    </p>
   </div>
   <div class='ocr_carea' id='block_1_12' title="bbox 278 710 1066 752">
    <p class='ocr_par' dir='ltr' id='par_1_12' title="bbox 278 710 1066 752">
     <span class='ocr_line' id='line_1_12' title="bbox 278 710 1066 752; baseline -0.003 -9"><span class='ocrx_word' id='word_1_77' title='bbox 278 712 425 750; x_wconf 82' lang='lat' dir='ltr'>eﬂ‘erunt,</span> <span class='ocrx_word' id='word_1_78' title='bbox 440 712 496 744; x_wconf 88' lang='lat' dir='ltr'>sed</span> <span class='ocrx_word' id='word_1_79' title='bbox 510 712 622 743; x_wconf 87' lang='lat' dir='ltr'>Christi</span> <span class='ocrx_word' id='word_1_80' title='bbox 636 720 710 752; x_wconf 86' lang='lat' dir='ltr'>Ope,</span> <span class='ocrx_word' id='word_1_81' title='bbox 725 714 761 742; x_wconf 87' lang='lat' dir='ltr'>ut</span> <span class='ocrx_word' id='word_1_82' title='bbox 778 711 881 742; x_wconf 88' lang='lat' dir='ltr'>anima</span> <span class='ocrx_word' id='word_1_83' title='bbox 898 710 932 741; x_wconf 91' lang='lat' dir='ltr'>in</span> <span class='ocrx_word' id='word_1_84' title='bbox 949 718 1066 750; x_wconf 89' lang='lat' dir='ltr'>corpus</span> 
     </span>
    </p>
   </div>
   <div class='ocr_carea' id='block_1_13' title="bbox 275 760 1064 803">
    <p class='ocr_par' dir='ltr' id='par_1_13' title="bbox 275 760 1064 803">
     <span class='ocr_line' id='line_1_13' title="bbox 275 760 1064 803; baseline -0.004 -9"><span class='ocrx_word' id='word_1_85' title='bbox 275 762 396 801; x_wconf 88' lang='lat' dir='ltr'>redeat,</span> <span class='ocrx_word' id='word_1_86' title='bbox 418 766 567 803; x_wconf 91' lang='lat' dir='ltr'>totusque</span> <span class='ocrx_word' id='word_1_87' title='bbox 593 762 690 794; x_wconf 92' lang='lat' dir='ltr'>homo</span> <span class='ocrx_word' id='word_1_88' title='bbox 713 762 885 799; x_wconf 82' lang='lat' dir='ltr'>reviviscat,</span> <span class='ocrx_word' id='word_1_89' title='bbox 915 760 1064 792; x_wconf 80' lang='lat' dir='ltr'>efﬁciunt.</span> 
     </span>
    </p>
   </div>
   <div class='ocr_carea' id='block_1_14' title="bbox 278 811 1067 854">
    <p class='ocr_par' dir='ltr' id='par_1_14' title="bbox 278 811 1067 854">
     <span class='ocr_line' id='line_1_14' title="bbox 278 811 1067 854; baseline -0.001 -11"><span class='ocrx_word' id='word_1_90' title='bbox 278 813 464 845; x_wconf 89' lang='lat' dir='ltr'>Submersos</span> <span class='ocrx_word' id='word_1_91' title='bbox 483 813 625 854; x_wconf 87' lang='lat' dir='ltr'>quidem,</span> <span class='ocrx_word' id='word_1_92' title='bbox 648 813 816 844; x_wconf 86' lang='lat' dir='ltr'>suﬂ&#39;ocatos</span> <span class='ocrx_word' id='word_1_93' title='bbox 835 815 866 843; x_wconf 95' lang='lat' dir='ltr'>et</span> <span class='ocrx_word' id='word_1_94' title='bbox 880 812 948 843; x_wconf 88' lang='lat' dir='ltr'>sine</span> <span class='ocrx_word' id='word_1_95' title='bbox 966 811 1067 852; x_wconf 89' lang='lat' dir='ltr'>bapti-</span> 
     </span>
    </p>
   </div>
   <div class='ocr_carea' id='block_1_15' title="bbox 277 861 1101 913">
    <p class='ocr_par' dir='ltr' id='par_1_15' title="bbox 277 861 1101 913">
     <span class='ocr_line' id='line_1_15' title="bbox 277 861 1101 913; baseline 0 -21"><span class='ocrx_word' id='word_1_96' title='bbox 277 871 345 893; x_wconf 91' lang='lat' dir='ltr'>smo</span> <span class='ocrx_word' id='word_1_97' title='bbox 361 867 503 894; x_wconf 91' lang='lat' dir='ltr'>mortuos</span> <span class='ocrx_word' id='word_1_98' title='bbox 512 872 622 894; x_wconf 88' lang='lat' dir='ltr'>senum</span> <span class='ocrx_word' id='word_1_99' title='bbox 635 872 696 903; x_wconf 90' lang='lat' dir='ltr'>ope</span> <span class='ocrx_word' id='word_1_100' title='bbox 710 862 758 893; x_wconf 87' lang='lat' dir='ltr'>vel</span> <span class='ocrx_word' id='word_1_101' title='bbox 773 862 915 893; x_wconf 89' lang='lat' dir='ltr'>oratione</span> <span class='ocrx_word' id='word_1_102' title='bbox 930 861 1064 893; x_wconf 89' lang='lat' dir='ltr'>resusci-</span> <span class='ocrx_word' id='word_1_103' title='bbox 1082 886 1101 913; x_wconf 76' lang='grc' dir='ltr'><strong><em>Β</em></strong></span> 
     </span>
    </p>
   </div>
   <div class='ocr_carea' id='block_1_16' title="bbox 277 913 1060 955">
    <p class='ocr_par' dir='ltr' id='par_1_16' title="bbox 277 913 1060 955">
     <span class='ocr_line' id='line_1_16' title="bbox 277 913 1060 955; baseline 0.001 -12"><span class='ocrx_word' id='word_1_104' title='bbox 277 916 356 944; x_wconf 88' lang='lat' dir='ltr'>tatos</span> <span class='ocrx_word' id='word_1_105' title='bbox 384 922 463 950; x_wconf 89' lang='lat' dir='ltr'>esse,</span> <span class='ocrx_word' id='word_1_106' title='bbox 489 914 608 945; x_wconf 85' lang='lat' dir='ltr'>centies</span> <span class='ocrx_word' id='word_1_107' title='bbox 628 914 741 953; x_wconf 82' lang='lat' dir='ltr'>legitur</span> <span class='ocrx_word' id='word_1_108' title='bbox 767 914 820 955; x_wconf 81' lang='grc'><strong>(4).</strong></span> <span class='ocrx_word' id='word_1_109' title='bbox 844 915 869 944; x_wconf 90' lang='grc' dir='ltr'>Ε</span> <span class='ocrx_word' id='word_1_110' title='bbox 893 914 1009 954; x_wconf 87' lang='lat' dir='ltr'>quibus</span> <span class='ocrx_word' id='word_1_111' title='bbox 1028 913 1060 951; x_wconf 88' lang='lat' dir='ltr'>ii,</span> 
     </span>
    </p>
   </div>
   <div class='ocr_carea' id='block_1_17' title="bbox 276 963 1060 1005">
    <p class='ocr_par' dir='ltr' id='par_1_17' title="bbox 276 963 1060 1005">
     <span class='ocr_line' id='line_1_17' title="bbox 276 963 1060 1005; baseline 0.003 -11"><span class='ocrx_word' id='word_1_112' title='bbox 276 963 328 1004; x_wconf 85' lang='lat' dir='ltr'>qui</span> <span class='ocrx_word' id='word_1_113' title='bbox 355 964 588 1002; x_wconf 88' lang='lat' dir='ltr'>resuscitantur,</span> <span class='ocrx_word' id='word_1_114' title='bbox 616 968 650 996; x_wconf 91' lang='lat' dir='ltr'>ut</span> <span class='ocrx_word' id='word_1_115' title='bbox 677 965 866 1005; x_wconf 88' lang='lat' dir='ltr'>baptismum</span> <span class='ocrx_word' id='word_1_116' title='bbox 895 965 1060 1005; x_wconf 87' lang='lat' dir='ltr'>accipiant,</span> 
     </span>
    </p>
   </div>
   <div class='ocr_carea' id='block_1_18' title="bbox 275 1013 1061 1056">
    <p class='ocr_par' dir='ltr' id='par_1_18' title="bbox 275 1013 1061 1056">
     <span class='ocr_line' id='line_1_18' title="bbox 275 1013 1061 1056; baseline 0.003 -12"><span class='ocrx_word' id='word_1_117' title='bbox 275 1013 324 1044; x_wconf 91' lang='lat' dir='ltr'>vel</span> <span class='ocrx_word' id='word_1_118' title='bbox 339 1014 423 1046; x_wconf 87' lang='lat' dir='ltr'>aliud</span> <span class='ocrx_word' id='word_1_119' title='bbox 435 1014 512 1054; x_wconf 90' lang='lat' dir='ltr'>ipsis</span> <span class='ocrx_word' id='word_1_120' title='bbox 525 1015 631 1046; x_wconf 84' lang='lat' dir='ltr'>aliisve</span> <span class='ocrx_word' id='word_1_121' title='bbox 645 1015 720 1046; x_wconf 85' lang='lat' dir='ltr'>utile</span> <span class='ocrx_word' id='word_1_122' title='bbox 731 1024 813 1056; x_wconf 91' lang='lat' dir='ltr'>opus</span> <span class='ocrx_word' id='word_1_123' title='bbox 827 1018 988 1056; x_wconf 87' lang='lat' dir='ltr'>peragant,</span> <span class='ocrx_word' id='word_1_124' title='bbox 1006 1023 1061 1046; x_wconf 76' lang='lat' dir='ltr'>ex-</span> 
     </span>
    </p>
   </div>
   <div class='ocr_carea' id='block_1_19' title="bbox 275 1063 1061 1104">
    <p class='ocr_par' dir='ltr' id='par_1_19' title="bbox 275 1063 1061 1104">
     <span class='ocr_line' id='line_1_19' title="bbox 275 1063 1061 1104; baseline 0.001 -9"><span class='ocrx_word' id='word_1_125' title='bbox 275 1063 361 1104; x_wconf 89' lang='lat' dir='ltr'>pleto</span> <span class='ocrx_word' id='word_1_126' title='bbox 380 1064 441 1096; x_wconf 91' lang='lat' dir='ltr'>hoc</span> <span class='ocrx_word' id='word_1_127' title='bbox 463 1073 594 1096; x_wconf 90' lang='lat' dir='ltr'>munere</span> <span class='ocrx_word' id='word_1_128' title='bbox 609 1066 712 1096; x_wconf 83' lang='lat' dir='ltr'>statim</span> <span class='ocrx_word' id='word_1_129' title='bbox 727 1066 832 1098; x_wconf 88' lang='lat' dir='ltr'>denuo</span> <span class='ocrx_word' id='word_1_130' title='bbox 842 1066 922 1096; x_wconf 91' lang='lat' dir='ltr'>mori</span> <span class='ocrx_word' id='word_1_131' title='bbox 938 1065 1061 1102; x_wconf 87' lang='lat' dir='ltr'>solent;</span> 
     </span>
    </p>
   </div>
   <div class='ocr_carea' id='block_1_20' title="bbox 275 1115 1062 1156">
    <p class='ocr_par' dir='ltr' id='par_1_20' title="bbox 275 1115 1062 1156">
     <span class='ocr_line' id='line_1_20' title="bbox 275 1115 1062 1156; baseline 0 -10"><span class='ocrx_word' id='word_1_132' title='bbox 275 1115 373 1146; x_wconf 86' lang='lat' dir='ltr'>ceteri</span> <span class='ocrx_word' id='word_1_133' title='bbox 398 1124 492 1156; x_wconf 84' lang='lat' dir='ltr'>saepe</span> <span class='ocrx_word' id='word_1_134' title='bbox 520 1119 574 1156; x_wconf 74' lang='lat'>56</span> <span class='ocrx_word' id='word_1_135' title='bbox 594 1115 725 1156; x_wconf 88' lang='lat' dir='ltr'>longum</span> <span class='ocrx_word' id='word_1_136' title='bbox 751 1117 845 1148; x_wconf 90' lang='lat' dir='ltr'>etiam</span> <span class='ocrx_word' id='word_1_137' title='bbox 868 1119 994 1156; x_wconf 87' lang='lat' dir='ltr'>tempus</span> <span class='ocrx_word' id='word_1_138' title='bbox 1015 1115 1062 1146; x_wconf 90' lang='lat' dir='ltr'>vi-</span> 
     </span>
    </p>
   </div>
   <div class='ocr_carea' id='block_1_21' title="bbox 275 1166 1062 1207">
    <p class='ocr_par' dir='ltr' id='par_1_21' title="bbox 275 1166 1062 1207">
     <span class='ocr_line' id='line_1_21' title="bbox 275 1166 1062 1207; baseline 0.003 -12"><span class='ocrx_word' id='word_1_139' title='bbox 275 1170 352 1196; x_wconf 87' lang='lat' dir='ltr'>vunt</span> <span class='ocrx_word' id='word_1_140' title='bbox 380 1166 433 1207; x_wconf 84' lang='lat'>(5).</span> <span class='ocrx_word' id='word_1_141' title='bbox 474 1167 536 1198; x_wconf 88' lang='lat' dir='ltr'>Sed</span> <span class='ocrx_word' id='word_1_142' title='bbox 563 1171 705 1198; x_wconf 90' lang='lat' dir='ltr'>mortuos</span> <span class='ocrx_word' id='word_1_143' title='bbox 733 1167 773 1198; x_wconf 90' lang='lat' dir='ltr'>ad</span> <span class='ocrx_word' id='word_1_144' title='bbox 804 1167 1062 1207; x_wconf 89' lang='lat' dir='ltr'>respondendum</span> 
     </span>
    </p>
   </div>
   <div class='ocr_carea' id='block_1_22' title="bbox 275 1217 1062 1256">
    <p class='ocr_par' dir='ltr' id='par_1_22' title="bbox 275 1217 1062 1256">
     <span class='ocr_line' id='line_1_22' title="bbox 275 1217 1062 1256; baseline 0.001 -10"><span class='ocrx_word' id='word_1_145' title='bbox 275 1220 421 1247; x_wconf 88' lang='lat' dir='ltr'>evocatos</span> <span class='ocrx_word' id='word_1_146' title='bbox 431 1225 499 1248; x_wconf 89' lang='lat' dir='ltr'>esse</span> <span class='ocrx_word' id='word_1_147' title='bbox 514 1225 583 1248; x_wconf 89' lang='lat' dir='ltr'>raro</span> <span class='ocrx_word' id='word_1_148' title='bbox 591 1217 760 1248; x_wconf 84' lang='lat' dir='ltr'>invenitur.</span> <span class='ocrx_word' id='word_1_149' title='bbox 773 1217 924 1248; x_wconf 85' lang='lat' dir='ltr'>Macarius</span> <span class='ocrx_word' id='word_1_150' title='bbox 937 1218 1062 1256; x_wconf 83' lang='lat' dir='ltr'>Aegyp-</span> 
     </span>
    </p>
   </div>
   <div class='ocr_carea' id='block_1_23' title="bbox 273 1265 1062 1307">
    <p class='ocr_par' dir='ltr' id='par_1_23' title="bbox 273 1265 1062 1307">
     <span class='ocr_line' id='line_1_23' title="bbox 273 1265 1062 1307; baseline 0 -11"><span class='ocrx_word' id='word_1_151' title='bbox 273 1265 335 1296; x_wconf 85' lang='lat' dir='ltr'>tius</span> <span class='ocrx_word' id='word_1_152' title='bbox 351 1266 432 1298; x_wconf 88' lang='lat' dir='ltr'>duos</span> <span class='ocrx_word' id='word_1_153' title='bbox 443 1266 522 1298; x_wconf 89' lang='lat' dir='ltr'>alios</span> <span class='ocrx_word' id='word_1_154' title='bbox 532 1266 709 1304; x_wconf 85' lang='lat' dir='ltr'>defunctos,</span> <span class='ocrx_word' id='word_1_155' title='bbox 726 1275 791 1298; x_wconf 90' lang='lat' dir='ltr'>non</span> <span class='ocrx_word' id='word_1_156' title='bbox 806 1266 946 1307; x_wconf 84' lang='lat' dir='ltr'>quidem,</span> <span class='ocrx_word' id='word_1_157' title='bbox 962 1269 998 1297; x_wconf 92' lang='lat' dir='ltr'>ut</span> <span class='ocrx_word' id='word_1_158' title='bbox 1010 1274 1062 1296; x_wconf 87' lang='lat' dir='ltr'>re-</span> 
     </span>
    </p>
   </div>
   <div class='ocr_carea' id='block_1_24' title="bbox 274 1317 1064 1356">
    <p class='ocr_par' dir='ltr' id='par_1_24' title="bbox 274 1317 1064 1356">
     <span class='ocr_line' id='line_1_24' title="bbox 274 1317 1064 1356; baseline 0 -9"><span class='ocrx_word' id='word_1_159' title='bbox 274 1321 450 1356; x_wconf 84' lang='lat' dir='ltr'>surgerem,</span> <span class='ocrx_word' id='word_1_160' title='bbox 477 1317 533 1349; x_wconf 91' lang='lat' dir='ltr'>sed</span> <span class='ocrx_word' id='word_1_161' title='bbox 552 1321 587 1349; x_wconf 93' lang='lat' dir='ltr'>ut</span> <span class='ocrx_word' id='word_1_162' title='bbox 612 1326 630 1349; x_wconf 89' lang='lat' dir='ltr'>e</span> <span class='ocrx_word' id='word_1_163' title='bbox 653 1318 775 1349; x_wconf 89' lang='lat' dir='ltr'>tumulo</span> <span class='ocrx_word' id='word_1_164' title='bbox 795 1318 855 1349; x_wconf 84' lang='lat' dir='ltr'>sibi</span> <span class='ocrx_word' id='word_1_165' title='bbox 872 1317 911 1349; x_wconf 88' lang='lat' dir='ltr'>ad</span> <span class='ocrx_word' id='word_1_166' title='bbox 930 1317 1064 1348; x_wconf 89' lang='lat' dir='ltr'>interro-</span> 
     </span>
    </p>
   </div>
   <div class='ocr_carea' id='block_1_25' title="bbox 274 1364 1060 1406">
    <p class='ocr_par' dir='ltr' id='par_1_25' title="bbox 274 1364 1060 1406">
     <span class='ocr_line' id='line_1_25' title="bbox 274 1364 1060 1406; baseline -0.004 -9"><span class='ocrx_word' id='word_1_167' title='bbox 274 1369 344 1405; x_wconf 86' lang='lat' dir='ltr'>gata</span> <span class='ocrx_word' id='word_1_168' title='bbox 362 1366 601 1406; x_wconf 86' lang='lat' dir='ltr'>responderent,</span> <span class='ocrx_word' id='word_1_169' title='bbox 614 1367 755 1406; x_wconf 87' lang='lat' dir='ltr'>coegisse</span> <span class='ocrx_word' id='word_1_170' title='bbox 769 1365 825 1406; x_wconf 73' lang='lat'>(6),</span> <span class='ocrx_word' id='word_1_171' title='bbox 840 1368 934 1405; x_wconf 89' lang='lat' dir='ltr'>atque</span> <span class='ocrx_word' id='word_1_172' title='bbox 955 1364 1060 1402; x_wconf 89' lang='lat' dir='ltr'>etiam,</span> 
     </span>
    </p>
   </div>
   <div class='ocr_carea' id='block_1_26' title="bbox 273 1415 1062 1456">
    <p class='ocr_par' dir='ltr' id='par_1_26' title="bbox 273 1415 1062 1456">
     <span class='ocr_line' id='line_1_26' title="bbox 273 1415 1062 1456; baseline -0.003 -9"><span class='ocrx_word' id='word_1_173' title='bbox 273 1420 308 1446; x_wconf 90' lang='lat' dir='ltr'>ut</span> <span class='ocrx_word' id='word_1_174' title='bbox 317 1417 457 1447; x_wconf 89' lang='lat' dir='ltr'>cranium</span> <span class='ocrx_word' id='word_1_175' title='bbox 471 1416 602 1447; x_wconf 86' lang='lat' dir='ltr'>alicuius</span> <span class='ocrx_word' id='word_1_176' title='bbox 613 1416 764 1452; x_wconf 80' lang='lat' dir='ltr'>defuncti,</span> <span class='ocrx_word' id='word_1_177' title='bbox 774 1415 860 1456; x_wconf 87' lang='lat' dir='ltr'>quod</span> <span class='ocrx_word' id='word_1_178' title='bbox 875 1423 970 1456; x_wconf 84' lang='lat' dir='ltr'>super</span> <span class='ocrx_word' id='word_1_179' title='bbox 980 1417 1062 1445; x_wconf 81' lang='lat' dir='ltr'>terra</span> 
     </span>
    </p>
   </div>
   <div class='ocr_carea' id='block_1_27' title="bbox 273 1463 1060 1506">
    <p class='ocr_par' dir='ltr' id='par_1_27' title="bbox 273 1463 1060 1506">
     <span class='ocr_line' id='line_1_27' title="bbox 273 1463 1060 1506; baseline -0.003 -10"><span class='ocrx_word' id='word_1_180' title='bbox 273 1465 404 1504; x_wconf 89' lang='lat' dir='ltr'>invenit,</span> <span class='ocrx_word' id='word_1_181' title='bbox 415 1466 474 1497; x_wconf 88' lang='lat' dir='ltr'>sibi</span> <span class='ocrx_word' id='word_1_182' title='bbox 489 1466 528 1497; x_wconf 89' lang='lat' dir='ltr'>de</span> <span class='ocrx_word' id='word_1_183' title='bbox 540 1466 651 1506; x_wconf 87' lang='lat' dir='ltr'>poenis</span> <span class='ocrx_word' id='word_1_184' title='bbox 661 1465 777 1497; x_wconf 86' lang='lat' dir='ltr'>inferni</span> <span class='ocrx_word' id='word_1_185' title='bbox 791 1465 976 1505; x_wconf 85' lang='lat' dir='ltr'>loqueretur</span> <span class='ocrx_word' id='word_1_186' title='bbox 1003 1463 1060 1505; x_wconf 90' lang='lat'>(7),</span> 
     </span>
    </p>
   </div>
   <div class='ocr_carea' id='block_1_28' title="bbox 275 1516 1059 1554">
    <p class='ocr_par' dir='ltr' id='par_1_28' title="bbox 275 1516 1059 1554">
     <span class='ocr_line' id='line_1_28' title="bbox 275 1516 1059 1554; baseline -0.003 -8"><span class='ocrx_word' id='word_1_187' title='bbox 275 1516 417 1547; x_wconf 76' lang='lat' dir='ltr'>effecisse</span> <span class='ocrx_word' id='word_1_188' title='bbox 443 1516 552 1547; x_wconf 83' lang='lat' dir='ltr'>fertur.</span> <span class='ocrx_word' id='word_1_189' title='bbox 582 1517 722 1548; x_wconf 86' lang='lat' dir='ltr'>Mortuus</span> <span class='ocrx_word' id='word_1_190' title='bbox 739 1524 814 1547; x_wconf 89' lang='lat' dir='ltr'>vero</span> <span class='ocrx_word' id='word_1_191' title='bbox 831 1516 870 1546; x_wconf 88' lang='lat' dir='ltr'>ad</span> <span class='ocrx_word' id='word_1_192' title='bbox 889 1522 1059 1554; x_wconf 89' lang='lat' dir='ltr'>corporum</span> 
     </span>
    </p>
   </div>
   <div class='ocr_carea' id='block_1_29' title="bbox 1118 256 1905 299">
    <p class='ocr_par' dir='ltr' id='par_1_29' title="bbox 1118 256 1905 299">
     <span class='ocr_line' id='line_1_29' title="bbox 1118 256 1905 299; baseline -0.005 -9"><span class='ocrx_word' id='word_1_193' title='bbox 1118 257 1246 299; x_wconf 83' lang='lat' dir='ltr'>quando</span> <span class='ocrx_word' id='word_1_194' title='bbox 1256 260 1286 289; x_wconf 92' lang='lat' dir='ltr'>et</span> <span class='ocrx_word' id='word_1_195' title='bbox 1299 267 1362 299; x_wconf 90' lang='lat' dir='ltr'>qua</span> <span class='ocrx_word' id='word_1_196' title='bbox 1376 257 1480 289; x_wconf 87' lang='lat' dir='ltr'>oblata</span> <span class='ocrx_word' id='word_1_197' title='bbox 1494 257 1661 289; x_wconf 86' lang='lat' dir='ltr'>occasione</span> <span class='ocrx_word' id='word_1_198' title='bbox 1677 256 1709 287; x_wconf 91' lang='lat' dir='ltr'>id</span> <span class='ocrx_word' id='word_1_199' title='bbox 1722 256 1837 287; x_wconf 90' lang='lat' dir='ltr'>factum</span> <span class='ocrx_word' id='word_1_200' title='bbox 1855 257 1905 294; x_wconf 85' lang='lat' dir='ltr'>sit,</span> 
     </span>
    </p>
   </div>
   <div class='ocr_carea' id='block_1_30' title="bbox 1116 306 1906 346">
    <p class='ocr_par' dir='ltr' id='par_1_30' title="bbox 1116 306 1906 346">
     <span class='ocr_line' id='line_1_30' title="bbox 1116 306 1906 346; baseline -0.005 -6"><span class='ocrx_word' id='word_1_201' title='bbox 1116 308 1214 346; x_wconf 86' lang='lat' dir='ltr'>addit,</span> <span class='ocrx_word' id='word_1_202' title='bbox 1235 307 1416 346; x_wconf 84' lang='lat' dir='ltr'>credideris,</span> <span class='ocrx_word' id='word_1_203' title='bbox 1432 307 1532 339; x_wconf 87' lang='lat' dir='ltr'>varias</span> <span class='ocrx_word' id='word_1_204' title='bbox 1549 306 1588 338; x_wconf 92' lang='lat' dir='ltr'>de</span> <span class='ocrx_word' id='word_1_205' title='bbox 1604 306 1665 338; x_wconf 91' lang='lat' dir='ltr'>hoc</span> <span class='ocrx_word' id='word_1_206' title='bbox 1683 306 1828 346; x_wconf 88' lang='lat' dir='ltr'>prodigio</span> <span class='ocrx_word' id='word_1_207' title='bbox 1845 306 1906 336; x_wconf 90' lang='lat' dir='ltr'>iam</span> 
     </span>
    </p>
   </div>
   <div class='ocr_carea' id='block_1_31' title="bbox 1116 356 1908 397">
    <p class='ocr_par' dir='ltr' id='par_1_31' title="bbox 1116 356 1908 397">
     <span class='ocr_line' id='line_1_31' title="bbox 1116 356 1908 397; baseline -0.003 -9"><span class='ocrx_word' id='word_1_208' title='bbox 1116 357 1179 388; x_wconf 90' lang='lat' dir='ltr'>illis</span> <span class='ocrx_word' id='word_1_209' title='bbox 1190 356 1319 388; x_wconf 87' lang='lat' dir='ltr'>Palladii</span> <span class='ocrx_word' id='word_1_210' title='bbox 1330 356 1525 397; x_wconf 88' lang='lat' dir='ltr'>temporibus</span> <span class='ocrx_word' id='word_1_211' title='bbox 1543 356 1697 387; x_wconf 80' lang='lat' dir='ltr'>exstitisse</span> <span class='ocrx_word' id='word_1_212' title='bbox 1713 356 1908 386; x_wconf 87' lang='lat' dir='ltr'>narrationes</span> 
     </span>
    </p>
   </div>
   <div class='ocr_carea' id='block_1_32' title="bbox 1117 406 1907 449">
    <p class='ocr_par' dir='ltr' id='par_1_32' title="bbox 1117 406 1907 449">
     <span class='ocr_line' id='line_1_32' title="bbox 1117 406 1907 449; baseline -0.005 -9"><span class='ocrx_word' id='word_1_213' title='bbox 1117 417 1310 449; x_wconf 85' lang='lat' dir='ltr'>magnopere</span> <span class='ocrx_word' id='word_1_214' title='bbox 1318 408 1400 439; x_wconf 90' lang='lat' dir='ltr'>inter</span> <span class='ocrx_word' id='word_1_215' title='bbox 1414 416 1447 439; x_wconf 90' lang='lat' dir='ltr'>se</span> <span class='ocrx_word' id='word_1_216' title='bbox 1463 407 1688 447; x_wconf 87' lang='lat' dir='ltr'>discrepantes.</span> <span class='ocrx_word' id='word_1_217' title='bbox 1702 407 1786 443; x_wconf 89' lang='lat' dir='ltr'>Quae</span> <span class='ocrx_word' id='word_1_218' title='bbox 1800 406 1826 436; x_wconf 89' lang='lat' dir='ltr'>si</span> <span class='ocrx_word' id='word_1_219' title='bbox 1841 414 1907 436; x_wconf 90' lang='lat' dir='ltr'>non</span> 
     </span>
    </p>
   </div>
   <div class='ocr_carea' id='block_1_33' title="bbox 1117 457 1908 499">
    <p class='ocr_par' dir='ltr' id='par_1_33' title="bbox 1117 457 1908 499">
     <span class='ocr_line' id='line_1_33' title="bbox 1117 457 1908 499; baseline -0.005 -7"><span class='ocrx_word' id='word_1_220' title='bbox 1117 461 1317 498; x_wconf 82' lang='lat' dir='ltr'>exstitissent,</span> <span class='ocrx_word' id='word_1_221' title='bbox 1329 459 1483 492; x_wconf 86' lang='lat' dir='ltr'>Palladius</span> <span class='ocrx_word' id='word_1_222' title='bbox 1496 458 1657 490; x_wconf 87' lang='lat' dir='ltr'>historiam</span> <span class='ocrx_word' id='word_1_223' title='bbox 1672 457 1809 499; x_wconf 79' lang='lat' dir='ltr'>prodigii</span> <span class='ocrx_word' id='word_1_224' title='bbox 1824 457 1908 488; x_wconf 88' lang='lat' dir='ltr'>haud</span> 
     </span>
    </p>
   </div>
   <div class='ocr_carea' id='block_1_34' title="bbox 1117 511 1284 542">
    <p class='ocr_par' dir='ltr' id='par_1_34' title="bbox 1117 511 1284 542">
     <span class='ocr_line' id='line_1_34' title="bbox 1117 511 1284 542; baseline 0 0"><span class='ocrx_word' id='word_1_225' title='bbox 1117 511 1284 542; x_wconf 79' lang='lat' dir='ltr'>omisisset.</span> 
     </span>
    </p>
   </div>
   <div class='ocr_carea' id='block_1_35' title="bbox 1157 559 1907 601">
    <p class='ocr_par' dir='ltr' id='par_1_35' title="bbox 1157 559 1907 601">
     <span class='ocr_line' id='line_1_35' title="bbox 1157 559 1907 601; baseline -0.003 -9"><span class='ocrx_word' id='word_1_226' title='bbox 1157 563 1171 599; x_wconf 68' lang='grc' dir='ltr'>ς</span> <span class='ocrx_word' id='word_1_227' title='bbox 1191 561 1237 592; x_wconf 90' lang='grc'>15.</span> <span class='ocrx_word' id='word_1_228' title='bbox 1256 562 1300 592; x_wconf 89' lang='lat' dir='ltr'>De</span> <span class='ocrx_word' id='word_1_229' title='bbox 1323 560 1379 592; x_wconf 93' lang='lat' dir='ltr'>illo</span> <span class='ocrx_word' id='word_1_230' title='bbox 1401 560 1613 598; x_wconf 89' lang='lat' dir='ltr'>adolescente,</span> <span class='ocrx_word' id='word_1_231' title='bbox 1629 559 1684 601; x_wconf 90' lang='lat' dir='ltr'>qui</span> <span class='ocrx_word' id='word_1_232' title='bbox 1706 563 1769 591; x_wconf 87' lang='lat' dir='ltr'>tam</span> <span class='ocrx_word' id='word_1_233' title='bbox 1790 559 1907 592; x_wconf 90' lang='lat' dir='ltr'>multos</span> 
     </span>
    </p>
   </div>
   <div class='ocr_carea' id='block_1_36' title="bbox 1117 610 1905 652">
    <p class='ocr_par' dir='ltr' id='par_1_36' title="bbox 1117 610 1905 652">
     <span class='ocr_line' id='line_1_36' title="bbox 1117 610 1905 652; baseline -0.004 -9"><span class='ocrx_word' id='word_1_234' title='bbox 1117 619 1215 652; x_wconf 88' lang='lat' dir='ltr'>panes</span> <span class='ocrx_word' id='word_1_235' title='bbox 1223 611 1409 643; x_wconf 89' lang='lat' dir='ltr'>comedebat</span> <span class='ocrx_word' id='word_1_236' title='bbox 1417 611 1568 651; x_wconf 86' lang='lat' dir='ltr'>cibosque</span> <span class='ocrx_word' id='word_1_237' title='bbox 1576 619 1720 643; x_wconf 88' lang='lat' dir='ltr'>comesos</span> <span class='ocrx_word' id='word_1_238' title='bbox 1730 610 1905 647; x_wconf 87' lang='lat' dir='ltr'>evomebat,</span> 
     </span>
    </p>
   </div>
   <div class='ocr_carea' id='block_1_37' title="bbox 1116 660 1907 701">
    <p class='ocr_par' dir='ltr' id='par_1_37' title="bbox 1116 660 1907 701">
     <span class='ocr_line' id='line_1_37' title="bbox 1116 660 1907 701; baseline -0.003 -9"><span class='ocrx_word' id='word_1_239' title='bbox 1116 669 1135 692; x_wconf 88' lang='lat' dir='ltr'>a</span> <span class='ocrx_word' id='word_1_240' title='bbox 1158 661 1292 692; x_wconf 87' lang='lat' dir='ltr'>Macario</span> <span class='ocrx_word' id='word_1_241' title='bbox 1320 661 1475 701; x_wconf 80' lang='lat' dir='ltr'>Aegyptio</span> <span class='ocrx_word' id='word_1_242' title='bbox 1503 664 1611 692; x_wconf 87' lang='lat' dir='ltr'>sanato</span> <span class='ocrx_word' id='word_1_243' title='bbox 1639 660 1725 691; x_wconf 92' lang='lat' dir='ltr'>solus</span> <span class='ocrx_word' id='word_1_244' title='bbox 1750 660 1907 691; x_wconf 89' lang='lat' dir='ltr'>Palladius</span> 
     </span>
    </p>
   </div>
   <div class='ocr_carea' id='block_1_38' title="bbox 1116 710 1955 751">
    <p class='ocr_par' dir='ltr' id='par_1_38' title="bbox 1116 710 1955 751">
     <span class='ocr_line' id='line_1_38' title="bbox 1116 710 1955 751; baseline -0.001 -9"><span class='ocrx_word' id='word_1_245' title='bbox 1116 711 1220 742; x_wconf 85' lang='lat' dir='ltr'>tradit.</span> <span class='ocrx_word' id='word_1_246' title='bbox 1236 711 1405 742; x_wconf 89' lang='lat' dir='ltr'>Hominem</span> <span class='ocrx_word' id='word_1_247' title='bbox 1419 710 1585 749; x_wconf 85' lang='lat' dir='ltr'>illustrem,</span> <span class='ocrx_word' id='word_1_248' title='bbox 1601 711 1685 751; x_wconf 88' lang='lat' dir='ltr'>quia</span> <span class='ocrx_word' id='word_1_249' title='bbox 1695 711 1848 742; x_wconf 84' lang='lat' dir='ltr'>daemone</span> <span class='ocrx_word' id='word_1_250' title='bbox 1860 710 1909 741; x_wconf 90' lang='lat' dir='ltr'>fu-</span> <span class='ocrx_word' id='word_1_251' title='bbox 1948 710 1955 715; x_wconf 81' lang='grc'><strong>’</strong></span> 
     </span>
    </p>
   </div>
   <div class='ocr_carea' id='block_1_39' title="bbox 1116 761 1907 803">
    <p class='ocr_par' dir='ltr' id='par_1_39' title="bbox 1116 761 1907 803">
     <span class='ocr_line' id='line_1_39' title="bbox 1116 761 1907 803; baseline 0 -10"><span class='ocrx_word' id='word_1_252' title='bbox 1116 761 1201 794; x_wconf 87' lang='lat' dir='ltr'>rioso</span> <span class='ocrx_word' id='word_1_253' title='bbox 1211 762 1263 798; x_wconf 85' lang='lat'><strong>57</strong></span> <span class='ocrx_word' id='word_1_254' title='bbox 1273 765 1445 803; x_wconf 87' lang='lat' dir='ltr'>occupatus</span> <span class='ocrx_word' id='word_1_255' title='bbox 1458 762 1575 803; x_wconf 89' lang='lat' dir='ltr'>pariter</span> <span class='ocrx_word' id='word_1_256' title='bbox 1584 762 1713 803; x_wconf 89' lang='lat' dir='ltr'>propria</span> <span class='ocrx_word' id='word_1_257' title='bbox 1723 761 1907 794; x_wconf 86' lang='lat' dir='ltr'>comedebat</span> 
     </span>
    </p>
   </div>
   <div class='ocr_carea' id='block_1_40' title="bbox 1117 811 1908 852">
    <p class='ocr_par' dir='ltr' id='par_1_40' title="bbox 1117 811 1908 852">
     <span class='ocr_line' id='line_1_40' title="bbox 1117 811 1908 852; baseline 0.001 -10"><span class='ocrx_word' id='word_1_258' title='bbox 1117 815 1329 850; x_wconf 79' lang='lat' dir='ltr'>excrementa,</span> <span class='ocrx_word' id='word_1_259' title='bbox 1352 811 1471 843; x_wconf 91' lang='lat' dir='ltr'>sanavit</span> <span class='ocrx_word' id='word_1_260' title='bbox 1492 812 1523 843; x_wconf 94' lang='lat' dir='ltr'>S.</span> <span class='ocrx_word' id='word_1_261' title='bbox 1540 813 1694 843; x_wconf 87' lang='lat' dir='ltr'>Antonius</span> <span class='ocrx_word' id='word_1_262' title='bbox 1718 811 1773 852; x_wconf 86' lang='lat'>(9).</span> <span class='ocrx_word' id='word_1_263' title='bbox 1797 813 1908 843; x_wconf 88' lang='lat' dir='ltr'>Mulier</span> 
     </span>
    </p>
   </div>
   <div class='ocr_carea' id='block_1_41' title="bbox 1116 861 1905 902">
    <p class='ocr_par' dir='ltr' id='par_1_41' title="bbox 1116 861 1905 902">
     <span class='ocr_line' id='line_1_41' title="bbox 1116 861 1905 902; baseline 0.001 -10"><span class='ocrx_word' id='word_1_264' title='bbox 1116 861 1282 900; x_wconf 86' lang='lat' dir='ltr'>quaedam,</span> <span class='ocrx_word' id='word_1_265' title='bbox 1299 871 1380 902; x_wconf 90' lang='lat' dir='ltr'>quae</span> <span class='ocrx_word' id='word_1_266' title='bbox 1402 862 1542 902; x_wconf 91' lang='lat' dir='ltr'>quotidie</span> <span class='ocrx_word' id='word_1_267' title='bbox 1562 862 1687 902; x_wconf 81' lang='lat' dir='ltr'>triginta</span> <span class='ocrx_word' id='word_1_268' title='bbox 1705 862 1835 902; x_wconf 84' lang='lat' dir='ltr'>gallinas</span> <span class='ocrx_word' id='word_1_269' title='bbox 1850 871 1905 893; x_wconf 90' lang='lat' dir='ltr'>co-</span> 
     </span>
    </p>
   </div>
   <div class='ocr_carea' id='block_1_42' title="bbox 1114 912 1906 954">
    <p class='ocr_par' dir='ltr' id='par_1_42' title="bbox 1114 912 1906 954">
     <span class='ocr_line' id='line_1_42' title="bbox 1114 912 1906 954; baseline 0.001 -11"><span class='ocrx_word' id='word_1_270' title='bbox 1114 912 1261 943; x_wconf 84' lang='lat' dir='ltr'>medebat</span> <span class='ocrx_word' id='word_1_271' title='bbox 1284 922 1389 953; x_wconf 87' lang='lat' dir='ltr'>neque</span> <span class='ocrx_word' id='word_1_272' title='bbox 1410 913 1472 944; x_wconf 92' lang='lat' dir='ltr'>cibi</span> <span class='ocrx_word' id='word_1_273' title='bbox 1494 913 1672 944; x_wconf 85' lang='lat' dir='ltr'>aviditatem</span> <span class='ocrx_word' id='word_1_274' title='bbox 1697 913 1825 954; x_wconf 82' lang='lat' dir='ltr'>explere</span> <span class='ocrx_word' id='word_1_275' title='bbox 1846 921 1906 953; x_wconf 92' lang='lat' dir='ltr'>po-</span> 
     </span>
    </p>
   </div>
   <div class='ocr_carea' id='block_1_43' title="bbox 1113 961 1906 1004">
    <p class='ocr_par' dir='ltr' id='par_1_43' title="bbox 1113 961 1906 1004">
     <span class='ocr_line' id='line_1_43' title="bbox 1113 961 1906 1004; baseline 0.003 -12"><span class='ocrx_word' id='word_1_276' title='bbox 1113 964 1207 1000; x_wconf 89' lang='lat' dir='ltr'>terat,</span> <span class='ocrx_word' id='word_1_277' title='bbox 1231 965 1338 994; x_wconf 86' lang='lat' dir='ltr'>sanata</span> <span class='ocrx_word' id='word_1_278' title='bbox 1359 965 1436 994; x_wconf 86' lang='lat' dir='ltr'>esta</span> <span class='ocrx_word' id='word_1_279' title='bbox 1451 962 1673 994; x_wconf 86' lang='lat' dir='ltr'>S.Macedonio</span> <span class='ocrx_word' id='word_1_280' title='bbox 1692 961 1766 1004; x_wconf 92' lang='lat'>(10).</span> <span class='ocrx_word' id='word_1_281' title='bbox 1790 963 1906 994; x_wconf 90' lang='lat' dir='ltr'>Adole-</span> 
     </span>
    </p>
   </div>
   <div class='ocr_carea' id='block_1_44' title="bbox 1113 1012 1905 1054">
    <p class='ocr_par' dir='ltr' id='par_1_44' title="bbox 1113 1012 1905 1054">
     <span class='ocr_line' id='line_1_44' title="bbox 1113 1012 1905 1054; baseline 0.001 -11"><span class='ocrx_word' id='word_1_282' title='bbox 1113 1012 1213 1044; x_wconf 91' lang='lat' dir='ltr'>scenti</span> <span class='ocrx_word' id='word_1_283' title='bbox 1235 1013 1287 1044; x_wconf 91' lang='lat' dir='ltr'>isti</span> <span class='ocrx_word' id='word_1_284' title='bbox 1301 1014 1445 1046; x_wconf 89' lang='lat' dir='ltr'>morbum</span> <span class='ocrx_word' id='word_1_285' title='bbox 1460 1014 1574 1054; x_wconf 87' lang='lat' dir='ltr'>ingerit</span> <span class='ocrx_word' id='word_1_286' title='bbox 1592 1014 1727 1046; x_wconf 89' lang='lat' dir='ltr'>daemon</span> <span class='ocrx_word' id='word_1_287' title='bbox 1745 1014 1905 1054; x_wconf 87' lang='lat' dir='ltr'>ingluviei,</span> 
     </span>
    </p>
   </div>
   <div class='ocr_carea' id='block_1_45' title="bbox 1113 1061 1903 1104">
    <p class='ocr_par' dir='ltr' id='par_1_45' title="bbox 1113 1061 1903 1104">
     <span class='ocr_line' id='line_1_45' title="bbox 1113 1061 1903 1104; baseline 0.001 -12"><span class='ocrx_word' id='word_1_288' title='bbox 1113 1061 1169 1102; x_wconf 80' lang='lat' dir='ltr'>qui</span> <span class='ocrx_word' id='word_1_289' title='bbox 1188 1071 1227 1093; x_wconf 78' lang='lat' dir='ltr'>ex</span> <span class='ocrx_word' id='word_1_290' title='bbox 1244 1063 1354 1094; x_wconf 89' lang='lat' dir='ltr'>ordine</span> <span class='ocrx_word' id='word_1_291' title='bbox 1372 1066 1418 1094; x_wconf 91' lang='lat' dir='ltr'>est</span> <span class='ocrx_word' id='word_1_292' title='bbox 1434 1072 1556 1101; x_wconf 88' lang='lat' dir='ltr'>eorum,</span> <span class='ocrx_word' id='word_1_293' title='bbox 1573 1063 1627 1104; x_wconf 85' lang='lat' dir='ltr'>qui</span> <span class='ocrx_word' id='word_1_294' title='bbox 1642 1063 1727 1103; x_wconf 83' lang='lat' dir='ltr'>ignei</span> <span class='ocrx_word' id='word_1_295' title='bbox 1742 1067 1903 1095; x_wconf 88' lang='lat' dir='ltr'>vocantur.</span> 
     </span>
    </p>
   </div>
   <div class='ocr_carea' id='block_1_46' title="bbox 1112 1112 1905 1154">
    <p class='ocr_par' dir='ltr' id='par_1_46' title="bbox 1112 1112 1905 1154">
     <span class='ocr_line' id='line_1_46' title="bbox 1112 1112 1905 1154; baseline 0.005 -12"><span class='ocrx_word' id='word_1_296' title='bbox 1112 1113 1149 1143; x_wconf 74' lang='grc' dir='ltr'>Ιιι</span> <span class='ocrx_word' id='word_1_297' title='bbox 1163 1112 1225 1143; x_wconf 88' lang='lat' dir='ltr'>vita</span> <span class='ocrx_word' id='word_1_298' title='bbox 1242 1113 1272 1144; x_wconf 91' lang='lat' dir='ltr'>S.</span> <span class='ocrx_word' id='word_1_299' title='bbox 1296 1113 1435 1151; x_wconf 87' lang='lat' dir='ltr'>Antonii,</span> <span class='ocrx_word' id='word_1_300' title='bbox 1461 1114 1514 1145; x_wconf 89' lang='lat' dir='ltr'>ubi</span> <span class='ocrx_word' id='word_1_301' title='bbox 1537 1113 1577 1145; x_wconf 91' lang='lat' dir='ltr'>de</span> <span class='ocrx_word' id='word_1_302' title='bbox 1598 1113 1805 1146; x_wconf 89' lang='lat' dir='ltr'>daemonibus</span> <span class='ocrx_word' id='word_1_303' title='bbox 1820 1114 1905 1154; x_wconf 82' lang='lat' dir='ltr'>large</span> 
     </span>
    </p>
   </div>
   <div class='ocr_carea' id='block_1_47' title="bbox 1113 1162 1906 1204">
    <p class='ocr_par' dir='ltr' id='par_1_47' title="bbox 1113 1162 1906 1204">
     <span class='ocr_line' id='line_1_47' title="bbox 1113 1162 1906 1204; baseline 0.004 -11"><span class='ocrx_word' id='word_1_304' title='bbox 1113 1162 1276 1194; x_wconf 76' lang='lat' dir='ltr'>disseritur</span> <span class='ocrx_word' id='word_1_305' title='bbox 1285 1163 1358 1204; x_wconf 89' lang='lat'>(11),</span> <span class='ocrx_word' id='word_1_306' title='bbox 1373 1163 1452 1195; x_wconf 90' lang='lat' dir='ltr'>ordo</span> <span class='ocrx_word' id='word_1_307' title='bbox 1461 1164 1590 1204; x_wconf 92' lang='lat' dir='ltr'>quidem</span> <span class='ocrx_word' id='word_1_308' title='bbox 1602 1164 1769 1204; x_wconf 89' lang='lat' dir='ltr'>igneorum</span> <span class='ocrx_word' id='word_1_309' title='bbox 1781 1164 1906 1196; x_wconf 90' lang='lat' dir='ltr'>daemo-</span> 
     </span>
    </p>
   </div>
   <div class='ocr_carea' id='block_1_48' title="bbox 1113 1214 1904 1255">
    <p class='ocr_par' dir='ltr' id='par_1_48' title="bbox 1113 1214 1904 1255">
     <span class='ocr_line' id='line_1_48' title="bbox 1113 1214 1904 1255; baseline 0.003 -11"><span class='ocrx_word' id='word_1_310' title='bbox 1113 1222 1190 1244; x_wconf 90' lang='lat' dir='ltr'>num</span> <span class='ocrx_word' id='word_1_311' title='bbox 1205 1222 1270 1245; x_wconf 91' lang='lat' dir='ltr'>non</span> <span class='ocrx_word' id='word_1_312' title='bbox 1284 1214 1496 1255; x_wconf 87' lang='lat' dir='ltr'>distinguitur.</span> <span class='ocrx_word' id='word_1_313' title='bbox 1515 1216 1559 1246; x_wconf 94' lang='lat' dir='ltr'>De</span> <span class='ocrx_word' id='word_1_314' title='bbox 1580 1215 1728 1255; x_wconf 86' lang='lat' dir='ltr'>gradibus</span> <span class='ocrx_word' id='word_1_315' title='bbox 1740 1224 1814 1246; x_wconf 90' lang='lat' dir='ltr'>vero</span> <span class='ocrx_word' id='word_1_316' title='bbox 1829 1215 1904 1247; x_wconf 90' lang='lat' dir='ltr'>dae-</span> 
     </span>
    </p>
   </div>
   <div class='ocr_carea' id='block_1_49' title="bbox 1113 1267 1903 1304">
    <p class='ocr_par' dir='ltr' id='par_1_49' title="bbox 1113 1267 1903 1304">
     <span class='ocr_line' id='line_1_49' title="bbox 1113 1267 1903 1304; baseline -0.001 -7"><span class='ocrx_word' id='word_1_317' title='bbox 1113 1275 1244 1298; x_wconf 76' lang='lat' dir='ltr'>monum</span> <span class='ocrx_word' id='word_1_318' title='bbox 1258 1267 1399 1298; x_wconf 88' lang='lat' dir='ltr'>scribens</span> <span class='ocrx_word' id='word_1_319' title='bbox 1410 1268 1601 1299; x_wconf 89' lang='lat' dir='ltr'>Trithemius</span> <span class='ocrx_word' id='word_1_320' title='bbox 1616 1276 1624 1298; x_wconf 91' lang='lat'>:</span> <span class='ocrx_word' id='word_1_321' title='bbox 1642 1279 1656 1296; x_wconf 84' lang='lat'><strong>«</strong></span> <span class='ocrx_word' id='word_1_322' title='bbox 1670 1267 1766 1299; x_wconf 88' lang='lat' dir='ltr'>Multa</span> <span class='ocrx_word' id='word_1_323' title='bbox 1779 1267 1874 1304; x_wconf 86' lang='lat' dir='ltr'>enim,</span> <span class='ocrx_word' id='word_1_324' title='bbox 1889 1279 1903 1296; x_wconf 75' lang='grc' dir='ltr'><strong><em>ιι</em></strong></span> 
     </span>
    </p>
   </div>
   <div class='ocr_carea' id='block_1_50' title="bbox 1112 1316 1907 1357">
    <p class='ocr_par' dir='ltr' id='par_1_50' title="bbox 1112 1316 1907 1357">
     <span class='ocr_line' id='line_1_50' title="bbox 1112 1316 1907 1357; baseline 0.003 -10"><span class='ocrx_word' id='word_1_325' title='bbox 1112 1316 1226 1357; x_wconf 84' lang='lat' dir='ltr'>inquit,</span> <span class='ocrx_word' id='word_1_326' title='bbox 1239 1329 1254 1346; x_wconf 88' lang='lat'><strong>«</strong></span> <span class='ocrx_word' id='word_1_327' title='bbox 1263 1321 1336 1348; x_wconf 92' lang='lat' dir='ltr'>sunt</span> <span class='ocrx_word' id='word_1_328' title='bbox 1350 1327 1465 1357; x_wconf 89' lang='lat' dir='ltr'>genera</span> <span class='ocrx_word' id='word_1_329' title='bbox 1473 1318 1676 1356; x_wconf 91' lang='lat' dir='ltr'>daemonum,</span> <span class='ocrx_word' id='word_1_330' title='bbox 1687 1321 1717 1350; x_wconf 90' lang='lat' dir='ltr'>et</span> <span class='ocrx_word' id='word_1_331' title='bbox 1725 1317 1907 1350; x_wconf 88' lang='lat' dir='ltr'>certisinter</span> 
     </span>
    </p>
   </div>
   <div class='ocr_carea' id='block_1_51' title="bbox 1113 1367 1905 1407">
    <p class='ocr_par' dir='ltr' id='par_1_51' title="bbox 1113 1367 1905 1407">
     <span class='ocr_line' id='line_1_51' title="bbox 1113 1367 1905 1407; baseline 0.001 -10"><span class='ocrx_word' id='word_1_332' title='bbox 1113 1374 1148 1397; x_wconf 85' lang='lat' dir='ltr'>se</span> <span class='ocrx_word' id='word_1_333' title='bbox 1165 1367 1312 1405; x_wconf 85' lang='lat' dir='ltr'>gradibus</span> <span class='ocrx_word' id='word_1_334' title='bbox 1329 1367 1455 1405; x_wconf 87' lang='lat' dir='ltr'>distant,</span> <span class='ocrx_word' id='word_1_335' title='bbox 1470 1368 1591 1399; x_wconf 89' lang='lat' dir='ltr'>ratione</span> <span class='ocrx_word' id='word_1_336' title='bbox 1605 1367 1760 1406; x_wconf 84' lang='lat' dir='ltr'>locorum,</span> <span class='ocrx_word' id='word_1_337' title='bbox 1776 1368 1809 1398; x_wconf 91' lang='lat' dir='ltr'>in</span> <span class='ocrx_word' id='word_1_338' title='bbox 1824 1376 1905 1407; x_wconf 87' lang='lat' dir='ltr'>quae</span> 
     </span>
    </p>
   </div>
   <div class='ocr_carea' id='block_1_52' title="bbox 1113 1415 1906 1457">
    <p class='ocr_par' dir='ltr' id='par_1_52' title="bbox 1113 1415 1906 1457">
     <span class='ocr_line' id='line_1_52' title="bbox 1113 1415 1906 1457; baseline 0.004 -11"><span class='ocrx_word' id='word_1_339' title='bbox 1113 1415 1261 1448; x_wconf 87' lang='lat' dir='ltr'>cadentes</span> <span class='ocrx_word' id='word_1_340' title='bbox 1284 1425 1303 1448; x_wconf 92' lang='lat' dir='ltr'>a</span> <span class='ocrx_word' id='word_1_341' title='bbox 1327 1417 1485 1457; x_wconf 87' lang='lat' dir='ltr'>principio</span> <span class='ocrx_word' id='word_1_342' title='bbox 1515 1420 1589 1449; x_wconf 86' lang='lat' dir='ltr'>sunt</span> <span class='ocrx_word' id='word_1_343' title='bbox 1612 1418 1742 1449; x_wconf 88' lang='lat' dir='ltr'>detrusi.</span> <span class='ocrx_word' id='word_1_344' title='bbox 1767 1419 1906 1450; x_wconf 85' lang='lat' dir='ltr'>Primum</span> 
     </span>
    </p>
   </div>
   <div class='ocr_carea' id='block_1_53' title="bbox 1112 1464 1903 1506">
    <p class='ocr_par' dir='ltr' id='par_1_53' title="bbox 1112 1464 1903 1506">
     <span class='ocr_line' id='line_1_53' title="bbox 1112 1464 1903 1506; baseline 0.004 -11"><span class='ocrx_word' id='word_1_345' title='bbox 1112 1464 1240 1504; x_wconf 87' lang='lat' dir='ltr'>quidem</span> <span class='ocrx_word' id='word_1_346' title='bbox 1259 1473 1360 1504; x_wconf 91' lang='lat' dir='ltr'>genus</span> <span class='ocrx_word' id='word_1_347' title='bbox 1373 1465 1564 1497; x_wconf 92' lang='lat' dir='ltr'>daemonum</span> <span class='ocrx_word' id='word_1_348' title='bbox 1575 1467 1753 1506; x_wconf 89' lang='lat' dir='ltr'>appellatur</span> <span class='ocrx_word' id='word_1_349' title='bbox 1764 1467 1903 1506; x_wconf 85' lang='lat' dir='ltr'>igneum.</span> 
     </span>
    </p>
   </div>
   <div class='ocr_carea' id='block_1_54' title="bbox 1112 1514 1903 1557">
    <p class='ocr_par' dir='ltr' id='par_1_54' title="bbox 1112 1514 1903 1557">
     <span class='ocr_line' id='line_1_54' title="bbox 1112 1514 1903 1557; baseline 0.004 -12"><span class='ocrx_word' id='word_1_350' title='bbox 1112 1514 1202 1550; x_wconf 89' lang='lat' dir='ltr'>Quod</span> <span class='ocrx_word' id='word_1_351' title='bbox 1229 1515 1312 1546; x_wconf 89' lang='lat' dir='ltr'>circa</span> <span class='ocrx_word' id='word_1_352' title='bbox 1338 1515 1535 1555; x_wconf 88' lang='lat' dir='ltr'>superiorem</span> <span class='ocrx_word' id='word_1_353' title='bbox 1566 1520 1753 1557; x_wconf 84' lang='lat' dir='ltr'>pervagatur</span> <span class='ocrx_word' id='word_1_354' title='bbox 1781 1526 1903 1554; x_wconf 87' lang='lat' dir='ltr'>aerem,</span> 
     </span>
    </p>
   </div>
   <div class='ocr_carea' id='block_1_55' title="bbox 272 1559 1905 1607">
    <p class='ocr_par' dir='ltr' id='par_1_55' title="bbox 272 1559 1905 1607">
     <span class='ocr_line' id='line_1_55' title="bbox 272 1559 1905 1607; baseline 0.002 -11"><span class='ocrx_word' id='word_1_355' title='bbox 272 1566 535 1598; x_wconf 85' lang='lat' dir='ltr'>resurrectionem</span> <span class='ocrx_word' id='word_1_356' title='bbox 552 1567 748 1607; x_wconf 86' lang='lat' dir='ltr'>probandam</span> <span class='ocrx_word' id='word_1_357' title='bbox 771 1565 971 1597; x_wconf 89' lang='lat' dir='ltr'>resuscitatus</span> <span class='ocrx_word' id='word_1_358' title='bbox 990 1571 1059 1594; x_wconf 91' lang='lat' dir='ltr'>esse</span> <span class='ocrx_word' id='word_1_359' title='bbox 1073 1559 1094 1589; x_wconf 85' lang='lat' dir='ltr'>C</span> <span class='ocrx_word' id='word_1_360' title='bbox 1111 1572 1170 1595; x_wconf 85' lang='lat' dir='ltr'>nec</span> <span class='ocrx_word' id='word_1_361' title='bbox 1193 1573 1334 1605; x_wconf 90' lang='lat' dir='ltr'>unquam</span> <span class='ocrx_word' id='word_1_362' title='bbox 1357 1569 1430 1597; x_wconf 87' lang='lat' dir='ltr'>ante</span> <span class='ocrx_word' id='word_1_363' title='bbox 1454 1565 1564 1598; x_wconf 90' lang='lat' dir='ltr'>iudicii</span> <span class='ocrx_word' id='word_1_364' title='bbox 1587 1567 1670 1598; x_wconf 90' lang='lat' dir='ltr'>diem</span> <span class='ocrx_word' id='word_1_365' title='bbox 1695 1567 1735 1598; x_wconf 90' lang='lat' dir='ltr'>ad</span> <span class='ocrx_word' id='word_1_366' title='bbox 1754 1567 1905 1600; x_wconf 89' lang='lat' dir='ltr'>inferiora</span> 
     </span>
    </p>
   </div>
   <div class='ocr_carea' id='block_1_56' title="bbox 272 1612 1060 1657">
    <p class='ocr_par' dir='ltr' id='par_1_56' title="bbox 272 1612 1060 1657">
     <span class='ocr_line' id='line_1_56' title="bbox 272 1612 1060 1657; baseline -0.006 -10"><span class='ocrx_word' id='word_1_367' title='bbox 272 1615 306 1647; x_wconf 91' lang='lat' dir='ltr'>in</span> <span class='ocrx_word' id='word_1_368' title='bbox 333 1617 394 1648; x_wconf 89' lang='lat' dir='ltr'>vita</span> <span class='ocrx_word' id='word_1_369' title='bbox 415 1617 446 1647; x_wconf 91' lang='lat' dir='ltr'>S.</span> <span class='ocrx_word' id='word_1_370' title='bbox 474 1617 599 1649; x_wconf 87' lang='lat' dir='ltr'>Patricii</span> <span class='ocrx_word' id='word_1_371' title='bbox 621 1625 750 1657; x_wconf 88' lang='lat' dir='ltr'>quoque</span> <span class='ocrx_word' id='word_1_372' title='bbox 781 1616 875 1656; x_wconf 90' lang='lat' dir='ltr'>plane</span> <span class='ocrx_word' id='word_1_373' title='bbox 904 1612 1060 1646; x_wconf 90' lang='lat' dir='ltr'>consimili</span> 
     </span>
    </p>
   </div>
   <div class='ocr_carea' id='block_1_57' title="bbox 272 1665 1057 1707">
    <p class='ocr_par' dir='ltr' id='par_1_57' title="bbox 272 1665 1057 1707">
     <span class='ocr_line' id='line_1_57' title="bbox 272 1665 1057 1707; baseline -0.004 -11"><span class='ocrx_word' id='word_1_374' title='bbox 272 1666 368 1697; x_wconf 89' lang='lat' dir='ltr'>modo</span> <span class='ocrx_word' id='word_1_375' title='bbox 393 1666 526 1698; x_wconf 90' lang='lat' dir='ltr'>traditur</span> <span class='ocrx_word' id='word_1_376' title='bbox 564 1666 618 1707; x_wconf 89' lang='lat'>(8).</span> <span class='ocrx_word' id='word_1_377' title='bbox 651 1667 729 1703; x_wconf 89' lang='lat' dir='ltr'>Quia</span> <span class='ocrx_word' id='word_1_378' title='bbox 754 1665 911 1697; x_wconf 89' lang='lat' dir='ltr'>Palladius</span> <span class='ocrx_word' id='word_1_379' title='bbox 942 1665 1057 1700; x_wconf 88' lang='lat' dir='ltr'>narrat,</span> 
     </span>
    </p>
   </div>
   <div class='ocr_carea' id='block_1_58' title="bbox 272 1713 1059 1748">
    <p class='ocr_par' dir='ltr' id='par_1_58' title="bbox 272 1713 1059 1748">
     <span class='ocr_line' id='line_1_58' title="bbox 272 1713 1059 1748; baseline -0.004 -2"><span class='ocrx_word' id='word_1_380' title='bbox 272 1719 468 1747; x_wconf 88' lang='lat' dir='ltr'>constantem</span> <span class='ocrx_word' id='word_1_381' title='bbox 481 1716 514 1747; x_wconf 93' lang='lat' dir='ltr'>in</span> <span class='ocrx_word' id='word_1_382' title='bbox 525 1716 693 1748; x_wconf 88' lang='lat' dir='ltr'>solitudine</span> <span class='ocrx_word' id='word_1_383' title='bbox 701 1716 815 1747; x_wconf 88' lang='lat' dir='ltr'>famam</span> <span class='ocrx_word' id='word_1_384' title='bbox 823 1715 919 1746; x_wconf 89' lang='lat' dir='ltr'>fuisse</span> <span class='ocrx_word' id='word_1_385' title='bbox 927 1713 966 1745; x_wconf 91' lang='lat' dir='ltr'>de</span> <span class='ocrx_word' id='word_1_386' title='bbox 977 1721 1059 1744; x_wconf 87' lang='lat' dir='ltr'>mor-</span> 
     </span>
    </p>
   </div>
   <div class='ocr_carea' id='block_1_59' title="bbox 272 1765 1059 1805">
    <p class='ocr_par' dir='ltr' id='par_1_59' title="bbox 272 1765 1059 1805">
     <span class='ocr_line' id='line_1_59' title="bbox 272 1765 1059 1805; baseline -0.003 -9"><span class='ocrx_word' id='word_1_387' title='bbox 272 1767 339 1802; x_wconf 86' lang='lat' dir='ltr'>tuo,</span> <span class='ocrx_word' id='word_1_388' title='bbox 355 1774 450 1805; x_wconf 87' lang='lat' dir='ltr'>quem</span> <span class='ocrx_word' id='word_1_389' title='bbox 460 1767 611 1798; x_wconf 89' lang='lat' dir='ltr'>Macarius</span> <span class='ocrx_word' id='word_1_390' title='bbox 627 1765 828 1803; x_wconf 87' lang='lat' dir='ltr'>resuscitarit,</span> <span class='ocrx_word' id='word_1_391' title='bbox 842 1767 878 1796; x_wconf 90' lang='lat' dir='ltr'>ut</span> <span class='ocrx_word' id='word_1_392' title='bbox 888 1771 1059 1804; x_wconf 90' lang='lat' dir='ltr'>corporum</span> 
     </span>
    </p>
   </div>
   <div class='ocr_carea' id='block_1_60' title="bbox 272 1835 1066 1872">
    <p class='ocr_par' dir='ltr' id='par_1_60' title="bbox 272 1835 1066 1872">
     <span class='ocr_line' id='line_1_60' title="bbox 272 1835 1066 1872; baseline 0 -9"><span class='ocrx_word' id='word_1_393' title='bbox 272 1844 301 1872; x_wconf 92' lang='lat' dir='ltr'>p.</span> <span class='ocrx_word' id='word_1_394' title='bbox 318 1836 368 1863; x_wconf 66' lang='lat' dir='ltr'>7L7</span> <span class='ocrx_word' id='word_1_395' title='bbox 387 1844 447 1872; x_wconf 85' lang='lat' dir='ltr'>sqq.</span> <span class='ocrx_word' id='word_1_396' title='bbox 462 1835 535 1864; x_wconf 88' lang='lat' dir='ltr'>Sauli</span> <span class='ocrx_word' id='word_1_397' title='bbox 552 1836 703 1864; x_wconf 86' lang='lat' dir='ltr'>Samuelem</span> <span class='ocrx_word' id='word_1_398' title='bbox 715 1844 778 1865; x_wconf 76' lang='lat' dir='ltr'>vere</span> <span class='ocrx_word' id='word_1_399' title='bbox 794 1836 954 1872; x_wconf 85' lang='lat' dir='ltr'>apparuisse</span> <span class='ocrx_word' id='word_1_400' title='bbox 970 1835 1066 1864; x_wconf 83' lang='lat' dir='ltr'>docuit</span> 
     </span>
    </p>
   </div>
   <div class='ocr_carea' id='block_1_61' title="bbox 271 1881 1009 1917">
    <p class='ocr_par' dir='ltr' id='par_1_61' title="bbox 271 1881 1009 1917">
     <span class='ocr_line' id='line_1_61' title="bbox 271 1881 1009 1917; baseline 0.001 -8"><span class='ocrx_word' id='word_1_401' title='bbox 271 1881 372 1910; x_wconf 82' lang='lat' dir='ltr'>Justin.</span> <span class='ocrx_word' id='word_1_402' title='bbox 390 1881 472 1917; x_wconf 77' lang='lat' dir='ltr'>Resp.</span> <span class='ocrx_word' id='word_1_403' title='bbox 489 1883 523 1910; x_wconf 87' lang='lat' dir='ltr'>ad</span> <span class='ocrx_word' id='word_1_404' title='bbox 535 1882 646 1916; x_wconf 86' lang='lat' dir='ltr'>Quaest.</span> <span class='ocrx_word' id='word_1_405' title='bbox 662 1883 697 1910; x_wconf 74' lang='grc'><strong>52</strong></span> <span class='ocrx_word' id='word_1_406' title='bbox 713 1882 837 1916; x_wconf 83' lang='lat' dir='ltr'>Quaestt.</span> <span class='ocrx_word' id='word_1_407' title='bbox 859 1882 1009 1910; x_wconf 87' lang='lat' dir='ltr'>Christian.</span> 
     </span>
    </p>
   </div>
   <div class='ocr_carea' id='block_1_62' title="bbox 308 1927 1061 1964">
    <p class='ocr_par' dir='ltr' id='par_1_62' title="bbox 308 1927 1061 1964">
     <span class='ocr_line' id='line_1_62' title="bbox 308 1927 1061 1964; baseline 0.001 -10"><span class='ocrx_word' id='word_1_408' title='bbox 308 1927 346 1963; x_wconf 97' lang='grc'>(1)</span> <span class='ocrx_word' id='word_1_409' title='bbox 363 1927 392 1955; x_wconf 81' lang='lat' dir='ltr'>S.</span> <span class='ocrx_word' id='word_1_410' title='bbox 409 1927 552 1964; x_wconf 86' lang='lat' dir='ltr'>Cbrysost.</span> <span class='ocrx_word' id='word_1_411' title='bbox 574 1928 669 1956; x_wconf 89' lang='lat' dir='ltr'>bomil.</span> <span class='ocrx_word' id='word_1_412' title='bbox 694 1928 729 1956; x_wconf 67' lang='lat'>29</span> <span class='ocrx_word' id='word_1_413' title='bbox 753 1928 781 1955; x_wconf 90' lang='lat' dir='ltr'>in</span> <span class='ocrx_word' id='word_1_414' title='bbox 797 1927 905 1960; x_wconf 81' lang='lat' dir='ltr'>Matth.,</span> <span class='ocrx_word' id='word_1_415' title='bbox 927 1927 998 1963; x_wconf 91' lang='lat' dir='ltr'>Opp.</span> <span class='ocrx_word' id='word_1_416' title='bbox 1016 1927 1061 1955; x_wconf 87' lang='lat' dir='ltr'>ed.</span> 
     </span>
    </p>
   </div>
   <div class='ocr_carea' id='block_1_63' title="bbox 275 1973 1063 2011">
    <p class='ocr_par' dir='ltr' id='par_1_63' title="bbox 275 1973 1063 2011">
     <span class='ocr_line' id='line_1_63' title="bbox 275 1973 1063 2011; baseline 0.003 -11"><span class='ocrx_word' id='word_1_417' title='bbox 275 1973 452 2001; x_wconf 82' lang='lat' dir='ltr'>Montfaucon</span> <span class='ocrx_word' id='word_1_418' title='bbox 460 1974 491 2001; x_wconf 93' lang='lat' dir='ltr'>T.</span> <span class='ocrx_word' id='word_1_419' title='bbox 504 1973 549 2001; x_wconf 83' lang='lat' dir='ltr'>VII</span> <span class='ocrx_word' id='word_1_420' title='bbox 564 1982 591 2010; x_wconf 91' lang='lat' dir='ltr'>p.</span> <span class='ocrx_word' id='word_1_421' title='bbox 604 1974 657 2002; x_wconf 79' lang='lat'>566</span> <span class='ocrx_word' id='word_1_422' title='bbox 670 1983 743 2010; x_wconf 81' lang='lat' dir='ltr'>sqq.,</span> <span class='ocrx_word' id='word_1_423' title='bbox 754 1973 784 2002; x_wconf 90' lang='lat' dir='ltr'>S.</span> <span class='ocrx_word' id='word_1_424' title='bbox 795 1975 864 2011; x_wconf 82' lang='lat' dir='ltr'>Aug.</span> <span class='ocrx_word' id='word_1_425' title='bbox 876 1975 911 2002; x_wconf 90' lang='lat' dir='ltr'>de</span> <span class='ocrx_word' id='word_1_426' title='bbox 924 1975 1006 2003; x_wconf 90' lang='lat' dir='ltr'>Civit.</span> <span class='ocrx_word' id='word_1_427' title='bbox 1014 1975 1063 2003; x_wconf 88' lang='lat' dir='ltr'>Dei</span> 
     </span>
    </p>
   </div>
   <div class='ocr_carea' id='block_1_64' title="bbox 273 2018 1064 2056">
    <p class='ocr_par' dir='ltr' id='par_1_64' title="bbox 273 2018 1064 2056">
     <span class='ocr_line' id='line_1_64' title="bbox 273 2018 1064 2056; baseline 0.004 -11"><span class='ocrx_word' id='word_1_428' title='bbox 273 2019 323 2046; x_wconf 51' lang='lat' dir='ltr'>lib.</span> <span class='ocrx_word' id='word_1_429' title='bbox 333 2018 367 2051; x_wconf 79' lang='grc' dir='ltr'>Χ,</span> <span class='ocrx_word' id='word_1_430' title='bbox 382 2019 399 2046; x_wconf 88' lang='lat'><strong>9</strong></span> <span class='ocrx_word' id='word_1_431' title='bbox 414 2027 473 2054; x_wconf 77' lang='lat' dir='ltr'>sqq.</span> <span class='ocrx_word' id='word_1_432' title='bbox 488 2023 514 2046; x_wconf 87' lang='lat' dir='ltr'>et</span> <span class='ocrx_word' id='word_1_433' title='bbox 525 2021 638 2054; x_wconf 88' lang='lat' dir='ltr'>passim.</span> <span class='ocrx_word' id='word_1_434' title='bbox 654 2020 697 2048; x_wconf 85' lang='lat' dir='ltr'>Cf.</span> <span class='ocrx_word' id='word_1_435' title='bbox 716 2020 817 2051; x_wconf 87' lang='lat' dir='ltr'>Justin.</span> <span class='ocrx_word' id='word_1_436' title='bbox 831 2021 910 2056; x_wconf 82' lang='lat' dir='ltr'>Apol.</span> <span class='ocrx_word' id='word_1_437' title='bbox 927 2021 950 2048; x_wconf 89' lang='lat' dir='ltr'>ll</span> <span class='ocrx_word' id='word_1_438' title='bbox 965 2029 1027 2056; x_wconf 91' lang='lat' dir='ltr'>cap.</span> <span class='ocrx_word' id='word_1_439' title='bbox 1047 2021 1064 2048; x_wconf 82' lang='lat'><strong>5</strong></span> 
     </span>
    </p>
   </div>
   <div class='ocr_carea' id='block_1_65' title="bbox 273 2064 1063 2102">
    <p class='ocr_par' dir='ltr' id='par_1_65' title="bbox 273 2064 1063 2102">
     <span class='ocr_line' id='line_1_65' title="bbox 273 2064 1063 2102; baseline 0.005 -12"><span class='ocrx_word' id='word_1_440' title='bbox 273 2072 334 2099; x_wconf 75' lang='lat' dir='ltr'>oqq.</span> <span class='ocrx_word' id='word_1_441' title='bbox 349 2065 392 2091; x_wconf 90' lang='lat' dir='ltr'>ed.</span> <span class='ocrx_word' id='word_1_442' title='bbox 418 2064 506 2092; x_wconf 82' lang='lat' dir='ltr'>Paris.</span> <span class='ocrx_word' id='word_1_443' title='bbox 528 2065 597 2093; x_wconf 82' lang='grc'>1658</span> <span class='ocrx_word' id='word_1_444' title='bbox 615 2074 642 2101; x_wconf 88' lang='lat' dir='ltr'>p.</span> <span class='ocrx_word' id='word_1_445' title='bbox 664 2067 698 2094; x_wconf 80' lang='lat'>65</span> <span class='ocrx_word' id='word_1_446' title='bbox 724 2075 798 2102; x_wconf 80' lang='lat' dir='ltr'>sqq.,</span> <span class='ocrx_word' id='word_1_447' title='bbox 822 2067 867 2094; x_wconf 90' lang='lat' dir='ltr'>ed.</span> <span class='ocrx_word' id='word_1_448' title='bbox 897 2067 961 2094; x_wconf 88' lang='lat' dir='ltr'>Otto</span> <span class='ocrx_word' id='word_1_449' title='bbox 983 2067 1063 2095; x_wconf 84' lang='lat' dir='ltr'>lenae</span> 
     </span>
    </p>
   </div>
   <div class='ocr_carea' id='block_1_66' title="bbox 273 2108 1063 2147">
    <p class='ocr_par' dir='ltr' id='par_1_66' title="bbox 273 2108 1063 2147">
     <span class='ocr_line' id='line_1_66' title="bbox 273 2108 1063 2147; baseline 0.006 -12"><span class='ocrx_word' id='word_1_450' title='bbox 273 2108 342 2135; x_wconf 72' lang='grc'><strong>1812</strong></span> <span class='ocrx_word' id='word_1_451' title='bbox 355 2108 405 2137; x_wconf 89' lang='grc' dir='ltr'>Τ.1</span> <span class='ocrx_word' id='word_1_452' title='bbox 420 2117 446 2144; x_wconf 91' lang='lat' dir='ltr'>p.</span> <span class='ocrx_word' id='word_1_453' title='bbox 464 2109 517 2137; x_wconf 74' lang='lat'>295</span> <span class='ocrx_word' id='word_1_454' title='bbox 530 2118 608 2146; x_wconf 86' lang='lat' dir='ltr'>sqq.;</span> <span class='ocrx_word' id='word_1_455' title='bbox 624 2111 698 2147; x_wconf 79' lang='lat' dir='ltr'>Orig.</span> <span class='ocrx_word' id='word_1_456' title='bbox 713 2117 808 2139; x_wconf 86' lang='lat' dir='ltr'>contra</span> <span class='ocrx_word' id='word_1_457' title='bbox 819 2111 927 2140; x_wconf 89' lang='lat' dir='ltr'>Celsum</span> <span class='ocrx_word' id='word_1_458' title='bbox 943 2112 964 2147; x_wconf 88' lang='grc' dir='ltr'><strong>Ι,</strong></span> <span class='ocrx_word' id='word_1_459' title='bbox 986 2113 1021 2140; x_wconf 86' lang='grc'>68</span> <span class='ocrx_word' id='word_1_460' title='bbox 1035 2115 1063 2140; x_wconf 85' lang='lat' dir='ltr'>et</span> 
     </span>
    </p>
   </div>
   <div class='ocr_carea' id='block_1_67' title="bbox 292 2162 385 2182">
    <p class='ocr_par' dir='ltr' id='par_1_67' title="bbox 292 2162 385 2182">
     <span class='ocr_line' id='line_1_67' title="bbox 292 2162 385 2182; baseline 0 -1"><span class='ocrx_word' id='word_1_461' title='bbox 292 2162 385 2182; x_wconf 70' lang='lat' dir='ltr'>assum.</span> 
     </span>
    </p>
   </div>
   <div class='ocr_carea' id='block_1_68' title="bbox 273 2162 1058 2238">
    <p class='ocr_par' dir='ltr' id='par_1_68' title="bbox 273 2162 1058 2238">
     <span class='ocr_line' id='line_1_68' title="bbox 339 2163 385 2181; baseline 0.043 -2"><span class='ocrx_word' id='word_1_462' title='bbox 339 2163 346 2179; x_wconf 91' lang='lat' dir='ltr'><strong>l</strong></span> <span class='ocrx_word' id='word_1_463' title='bbox 378 2174 385 2181; x_wconf 77' lang='grc' dir='ltr'>ι</span> 
     </span>
     <span class='ocr_line' id='line_1_69' title="bbox 273 2162 1058 2238; baseline 0.004 -11"><span class='ocrx_word' id='word_1_464' title='bbox 273 2162 487 2236; x_wconf 39' lang='lat' dir='ltr'>pa($9.5)mMichael</span> <span class='ocrx_word' id='word_1_465' title='bbox 513 2201 612 2238; x_wconf 87' lang='lat' dir='ltr'>Glycas</span> <span class='ocrx_word' id='word_1_466' title='bbox 634 2202 727 2231; x_wconf 87' lang='lat' dir='ltr'>annal.</span> <span class='ocrx_word' id='word_1_467' title='bbox 749 2201 817 2230; x_wconf 80' lang='lat' dir='ltr'>Pars</span> <span class='ocrx_word' id='word_1_468' title='bbox 844 2201 879 2230; x_wconf 86' lang='lat' dir='ltr'>IV</span> <span class='ocrx_word' id='word_1_469' title='bbox 910 2202 955 2231; x_wconf 85' lang='lat' dir='ltr'>ed.</span> <span class='ocrx_word' id='word_1_470' title='bbox 971 2201 1058 2230; x_wconf 85' lang='lat' dir='ltr'>Bonn.</span> 
     </span>
    </p>
   </div>
   <div class='ocr_carea' id='block_1_69' title="bbox 293 2246 376 2273">
    <p class='ocr_par' dir='ltr' id='par_1_69' title="bbox 293 2246 376 2273">
     <span class='ocr_line' id='line_1_70' title="bbox 293 2246 376 2273; baseline 0 0"><span class='ocrx_word' id='word_1_471' title='bbox 293 2267 300 2273; x_wconf 95' lang='lat'>.</span> <span class='ocrx_word' id='word_1_472' title='bbox 315 2246 376 2273; x_wconf 76' lang='grc'><strong>550.</strong></span> 
     </span>
    </p>
   </div>
   <div class='ocr_carea' id='block_1_70' title="bbox 273 2254 1058 2329">
    <p class='ocr_par' dir='ltr' id='par_1_70' title="bbox 273 2254 1058 2329">
     <span class='ocr_line' id='line_1_71' title="bbox 293 2254 376 2273; baseline 0 0"><span class='ocrx_word' id='word_1_473' title='bbox 293 2267 300 2273; x_wconf 87' lang='grc'>.</span> <span class='ocrx_word' id='word_1_474' title='bbox 315 2254 349 2272; x_wconf 74' lang='lat' dir='ltr'>an</span> <span class='ocrx_word' id='word_1_475' title='bbox 369 2266 376 2273; x_wconf 86' lang='grc'><strong>.</strong></span> 
     </span>
     <span class='ocr_line' id='line_1_72' title="bbox 273 2254 1058 2329; baseline 0.001 -10"><span class='ocrx_word' id='word_1_476' title='bbox 273 2254 290 2281; x_wconf 67' lang='lat' dir='ltr'><strong>p</strong></span> <span class='ocrx_word' id='word_1_477' title='bbox 305 2254 404 2328; x_wconf 60' lang='lat' dir='ltr'>(3)0H.</span> <span class='ocrx_word' id='word_1_478' title='bbox 428 2292 548 2321; x_wconf 75' lang='lat' dir='ltr'>Dﬁntzer</span> <span class='ocrx_word' id='word_1_479' title='bbox 563 2293 612 2321; x_wconf 89' lang='lat' dir='ltr'>Die</span> <span class='ocrx_word' id='word_1_480' title='bbox 635 2292 704 2329; x_wconf 74' lang='lat' dir='ltr'>Sage</span> <span class='ocrx_word' id='word_1_481' title='bbox 721 2301 775 2321; x_wconf 81' lang='lat' dir='ltr'>von</span> <span class='ocrx_word' id='word_1_482' title='bbox 798 2292 898 2320; x_wconf 87' lang='lat' dir='ltr'>Doctor</span> <span class='ocrx_word' id='word_1_483' title='bbox 918 2292 1058 2321; x_wconf 88' lang='lat' dir='ltr'>Johannes</span> 
     </span>
    </p>
   </div>
   <div class='ocr_carea' id='block_1_71' title="bbox 271 2339 1068 2377">
    <p class='ocr_par' dir='ltr' id='par_1_71' title="bbox 271 2339 1068 2377">
     <span class='ocr_line' id='line_1_73' title="bbox 271 2339 1068 2377; baseline -0.001 -10"><span class='ocrx_word' id='word_1_484' title='bbox 271 2339 356 2368; x_wconf 85' lang='lat' dir='ltr'>Faust</span> <span class='ocrx_word' id='word_1_485' title='bbox 371 2348 398 2375; x_wconf 92' lang='lat' dir='ltr'>p.</span> <span class='ocrx_word' id='word_1_486' title='bbox 415 2340 481 2376; x_wconf 70' lang='lat'>175;</span> <span class='ocrx_word' id='word_1_487' title='bbox 493 2340 530 2369; x_wconf 87' lang='lat' dir='ltr'>cf.</span> <span class='ocrx_word' id='word_1_488' title='bbox 547 2341 614 2369; x_wconf 87' lang='lat' dir='ltr'>ibid.</span> <span class='ocrx_word' id='word_1_489' title='bbox 635 2349 662 2377; x_wconf 92' lang='lat' dir='ltr'>p.</span> <span class='ocrx_word' id='word_1_490' title='bbox 675 2340 726 2368; x_wconf 81' lang='grc'>159</span> <span class='ocrx_word' id='word_1_491' title='bbox 742 2348 803 2376; x_wconf 79' lang='lat' dir='ltr'>sqq.</span> <span class='ocrx_word' id='word_1_492' title='bbox 817 2340 906 2369; x_wconf 85' lang='lat' dir='ltr'>Delrio</span> <span class='ocrx_word' id='word_1_493' title='bbox 926 2341 1068 2377; x_wconf 86' lang='lat' dir='ltr'>Disquisit.</span> 
     </span>
    </p>
   </div>
   <div class='ocr_carea' id='block_1_72' title="bbox 271 2386 436 2422">
    <p class='ocr_par' dir='ltr' id='par_1_72' title="bbox 271 2386 436 2422">
     <span class='ocr_line' id='line_1_74' title="bbox 271 2386 436 2422; baseline -0.006 -8"><span class='ocrx_word' id='word_1_494' title='bbox 271 2386 370 2422; x_wconf 76' lang='lat' dir='ltr'>magic.</span> <span class='ocrx_word' id='word_1_495' title='bbox 385 2386 403 2413; x_wconf 95' lang='lat' dir='ltr'>l.</span> <span class='ocrx_word' id='word_1_496' title='bbox 416 2386 436 2414; x_wconf 90' lang='lat' dir='ltr'>l.</span> 
     </span>
    </p>
   </div>
   <div class='ocr_carea' id='block_1_73' title="bbox 305 2432 1053 2467">
    <p class='ocr_par' dir='ltr' id='par_1_73' title="bbox 305 2432 1053 2467">
     <span class='ocr_line' id='line_1_75' title="bbox 305 2432 1053 2467; baseline 0.004 -8"><span class='ocrx_word' id='word_1_497' title='bbox 305 2433 343 2467; x_wconf 67' lang='grc' dir='ltr'>(ὦ)</span> <span class='ocrx_word' id='word_1_498' title='bbox 355 2432 384 2460; x_wconf 86' lang='lat' dir='ltr'>In</span> <span class='ocrx_word' id='word_1_499' title='bbox 400 2433 487 2461; x_wconf 78' lang='lat' dir='ltr'>indice</span> <span class='ocrx_word' id='word_1_500' title='bbox 498 2433 595 2460; x_wconf 79' lang='lat' dir='ltr'>morali</span> <span class='ocrx_word' id='word_1_501' title='bbox 613 2433 736 2461; x_wconf 78' lang='lat' dir='ltr'>cuiusvis</span> <span class='ocrx_word' id='word_1_502' title='bbox 758 2433 816 2462; x_wconf 81' lang='lat' dir='ltr'>fere</span> <span class='ocrx_word' id='word_1_503' title='bbox 836 2433 903 2461; x_wconf 92' lang='lat' dir='ltr'>tomi</span> <span class='ocrx_word' id='word_1_504' title='bbox 924 2433 981 2461; x_wconf 87' lang='lat' dir='ltr'><strong>AA.</strong></span> <span class='ocrx_word' id='word_1_505' title='bbox 1002 2432 1053 2462; x_wconf 88' lang='lat' dir='ltr'>SS.</span> 
     </span>
    </p>
   </div>
   <div class='ocr_carea' id='block_1_74' title="bbox 269 2477 985 2515">
    <p class='ocr_par' dir='ltr' id='par_1_74' title="bbox 269 2477 985 2515">
     <span class='ocr_line' id='line_1_76' title="bbox 269 2477 985 2515; baseline 0.004 -11"><span class='ocrx_word' id='word_1_506' title='bbox 269 2477 337 2505; x_wconf 85' lang='lat' dir='ltr'>Boll.</span> <span class='ocrx_word' id='word_1_507' title='bbox 355 2487 379 2506; x_wconf 91' lang='lat' dir='ltr'>s.</span> <span class='ocrx_word' id='word_1_508' title='bbox 396 2487 423 2507; x_wconf 91' lang='lat' dir='ltr'>v.</span> <span class='ocrx_word' id='word_1_509' title='bbox 435 2484 556 2506; x_wconf 80' lang='lat' dir='ltr'>mortuus</span> <span class='ocrx_word' id='word_1_510' title='bbox 566 2479 682 2514; x_wconf 88' lang='lat' dir='ltr'>plurima</span> <span class='ocrx_word' id='word_1_511' title='bbox 694 2479 816 2515; x_wconf 84' lang='lat' dir='ltr'>exempla</span> <span class='ocrx_word' id='word_1_512' title='bbox 829 2479 985 2508; x_wconf 86' lang='lat' dir='ltr'>laudantur.</span> 
     </span>
    </p>
   </div>
   <div class='ocr_carea' id='block_1_75' title="bbox 305 2522 1054 2559">
    <p class='ocr_par' dir='ltr' id='par_1_75' title="bbox 305 2522 1054 2559">
     <span class='ocr_line' id='line_1_77' title="bbox 305 2522 1054 2559; baseline 0.004 -9"><span class='ocrx_word' id='word_1_513' title='bbox 305 2522 342 2558; x_wconf 81' lang='lat'>(5)</span> <span class='ocrx_word' id='word_1_514' title='bbox 358 2522 481 2551; x_wconf 83' lang='lat' dir='ltr'>Mortuus</span> <span class='ocrx_word' id='word_1_515' title='bbox 493 2523 657 2555; x_wconf 85' lang='lat' dir='ltr'>monachus,</span> <span class='ocrx_word' id='word_1_516' title='bbox 673 2531 689 2550; x_wconf 87' lang='lat' dir='ltr'>a</span> <span class='ocrx_word' id='word_1_517' title='bbox 702 2523 732 2552; x_wconf 92' lang='lat' dir='ltr'>S.</span> <span class='ocrx_word' id='word_1_518' title='bbox 748 2524 888 2559; x_wconf 78' lang='lat' dir='ltr'>Comgallo</span> <span class='ocrx_word' id='word_1_519' title='bbox 905 2525 1054 2553; x_wconf 86' lang='lat' dir='ltr'>resuscita-</span> 
     </span>
    </p>
   </div>
   <div class='ocr_carea' id='block_1_76' title="bbox 268 2569 1052 2606">
    <p class='ocr_par' dir='ltr' id='par_1_76' title="bbox 268 2569 1052 2606">
     <span class='ocr_line' id='line_1_78' title="bbox 268 2569 1052 2606; baseline 0.006 -10"><span class='ocrx_word' id='word_1_520' title='bbox 268 2574 324 2602; x_wconf 87' lang='lat' dir='ltr'>tus,</span> <span class='ocrx_word' id='word_1_521' title='bbox 339 2569 496 2604; x_wconf 86' lang='lat' dir='ltr'>quindecim</span> <span class='ocrx_word' id='word_1_522' title='bbox 511 2574 608 2606; x_wconf 84' lang='lat' dir='ltr'>postea</span> <span class='ocrx_word' id='word_1_523' title='bbox 624 2578 714 2599; x_wconf 86' lang='lat' dir='ltr'>annos</span> <span class='ocrx_word' id='word_1_524' title='bbox 733 2571 812 2599; x_wconf 75' lang='lat' dir='ltr'>vixit.</span> <span class='ocrx_word' id='word_1_525' title='bbox 831 2570 888 2599; x_wconf 82' lang='lat' dir='ltr'><strong>AA.</strong></span> <span class='ocrx_word' id='word_1_526' title='bbox 912 2570 962 2600; x_wconf 88' lang='lat' dir='ltr'>SS.</span> <span class='ocrx_word' id='word_1_527' title='bbox 982 2571 1052 2602; x_wconf 88' lang='lat' dir='ltr'>Boll.</span> 
     </span>
    </p>
   </div>
   <div class='ocr_carea' id='block_1_77' title="bbox 267 2614 579 2651">
    <p class='ocr_par' dir='ltr' id='par_1_77' title="bbox 267 2614 579 2651">
     <span class='ocr_line' id='line_1_79' title="bbox 267 2614 579 2651; baseline 0.01 -9"><span class='ocrx_word' id='word_1_528' title='bbox 267 2614 331 2643; x_wconf 73' lang='lat' dir='ltr'>Mai.</span> <span class='ocrx_word' id='word_1_529' title='bbox 347 2615 378 2643; x_wconf 82' lang='grc' dir='ltr'>Τ.</span> <span class='ocrx_word' id='word_1_530' title='bbox 395 2615 416 2643; x_wconf 83' lang='grc' dir='ltr'>ιι</span> <span class='ocrx_word' id='word_1_531' title='bbox 433 2623 461 2651; x_wconf 84' lang='lat' dir='ltr'>p.</span> <span class='ocrx_word' id='word_1_532' title='bbox 476 2616 579 2649; x_wconf 72' lang='lat' dir='ltr'>581.d.</span> 
     </span>
    </p>
   </div>
   <div class='ocr_carea' id='block_1_78' title="bbox 303 2661 742 2698">
    <p class='ocr_par' dir='ltr' id='par_1_78' title="bbox 303 2661 742 2698">
     <span class='ocr_line' id='line_1_80' title="bbox 303 2661 742 2698; baseline 0.002 -9"><span class='ocrx_word' id='word_1_533' title='bbox 303 2661 343 2697; x_wconf 83' lang='grc'><strong>(6)</strong></span> <span class='ocrx_word' id='word_1_534' title='bbox 357 2661 399 2689; x_wconf 86' lang='lat' dir='ltr'>Cf.</span> <span class='ocrx_word' id='word_1_535' title='bbox 416 2661 488 2689; x_wconf 89' lang='lat' dir='ltr'>infra</span> <span class='ocrx_word' id='word_1_536' title='bbox 501 2662 596 2698; x_wconf 89' lang='lat' dir='ltr'>Capita</span> <span class='ocrx_word' id='word_1_537' title='bbox 610 2662 645 2690; x_wconf 78' lang='lat' dir='ltr'>IV</span> <span class='ocrx_word' id='word_1_538' title='bbox 659 2667 687 2691; x_wconf 84' lang='lat' dir='ltr'>et</span> <span class='ocrx_word' id='word_1_539' title='bbox 697 2661 742 2690; x_wconf 82' lang='lat' dir='ltr'>Vl.</span> 
     </span>
    </p>
   </div>
   <div class='ocr_carea' id='block_1_79' title="bbox 302 2707 649 2743">
    <p class='ocr_par' dir='ltr' id='par_1_79' title="bbox 302 2707 649 2743">
     <span class='ocr_line' id='line_1_81' title="bbox 302 2707 649 2743; baseline 0.009 -10"><span class='ocrx_word' id='word_1_540' title='bbox 302 2707 343 2740; x_wconf 80' lang='lat'>(7)</span> <span class='ocrx_word' id='word_1_541' title='bbox 357 2707 400 2735; x_wconf 84' lang='lat' dir='ltr'>Cl&#39;.</span> <span class='ocrx_word' id='word_1_542' title='bbox 416 2707 488 2735; x_wconf 87' lang='lat' dir='ltr'>infra</span> <span class='ocrx_word' id='word_1_543' title='bbox 501 2707 589 2743; x_wconf 88' lang='lat' dir='ltr'>Caput</span> <span class='ocrx_word' id='word_1_544' title='bbox 604 2707 649 2736; x_wconf 80' lang='lat' dir='ltr'>Vl.</span> 
     </span>
    </p>
   </div>
   <div class='ocr_carea' id='block_1_80' title="bbox 301 2753 1050 2794">
    <p class='ocr_par' dir='ltr' id='par_1_80' title="bbox 301 2753 1050 2794">
     <span class='ocr_line' id='line_1_82' title="bbox 301 2753 1050 2794; baseline 0.005 -13"><span class='ocrx_word' id='word_1_545' title='bbox 301 2753 340 2789; x_wconf 86' lang='lat'>(8)</span> <span class='ocrx_word' id='word_1_546' title='bbox 356 2753 485 2786; x_wconf 87' lang='lat' dir='ltr'>Patricio.</span> <span class='ocrx_word' id='word_1_547' title='bbox 501 2755 649 2784; x_wconf 82' lang='lat' dir='ltr'>Hiberniae</span> <span class='ocrx_word' id='word_1_548' title='bbox 662 2756 799 2792; x_wconf 84' lang='lat' dir='ltr'>apostolo,</span> <span class='ocrx_word' id='word_1_549' title='bbox 822 2757 944 2794; x_wconf 73' lang='lat' dir='ltr'>regulus,</span> <span class='ocrx_word' id='word_1_550' title='bbox 969 2765 1050 2793; x_wconf 88' lang='lat' dir='ltr'>quem</span> 
     </span>
    </p>
   </div>
   <div class='ocr_carea' id='block_1_81' title="bbox 266 2801 1051 2839">
    <p class='ocr_par' dir='ltr' id='par_1_81' title="bbox 266 2801 1051 2839">
     <span class='ocr_line' id='line_1_83' title="bbox 266 2801 1051 2839; baseline 0.006 -12"><span class='ocrx_word' id='word_1_551' title='bbox 266 2801 418 2835; x_wconf 85' lang='lat' dir='ltr'>baptizarat</span> <span class='ocrx_word' id='word_1_552' title='bbox 434 2811 442 2830; x_wconf 87' lang='lat'>:</span> <span class='ocrx_word' id='word_1_553' title='bbox 461 2801 540 2833; x_wconf 69' lang='lat' dir='ltr'>(Sin</span> <span class='ocrx_word' id='word_1_554' title='bbox 568 2803 667 2839; x_wconf 87' lang='lat' dir='ltr'>inquit,</span> <span class='ocrx_word' id='word_1_555' title='bbox 684 2813 694 2829; x_wconf 85' lang='grc'><strong><em>‹</em></strong></span> <span class='ocrx_word' id='word_1_556' title='bbox 710 2811 790 2831; x_wconf 83' lang='lat' dir='ltr'>avum</span> <span class='ocrx_word' id='word_1_557' title='bbox 810 2811 902 2832; x_wconf 90' lang='lat' dir='ltr'>meum</span> <span class='ocrx_word' id='word_1_558' title='bbox 922 2812 937 2831; x_wconf 91' lang='lat' dir='ltr'>a</span> <span class='ocrx_word' id='word_1_559' title='bbox 955 2804 1051 2832; x_wconf 86' lang='lat' dir='ltr'>diebus</span> 
     </span>
    </p>
   </div>
   <div class='ocr_carea' id='block_1_82' title="bbox 267 2847 1050 2878">
    <p class='ocr_par' dir='ltr' id='par_1_82' title="bbox 267 2847 1050 2878">
     <span class='ocr_line' id='line_1_84' title="bbox 267 2847 1050 2878; baseline 0.006 -5"><span class='ocrx_word' id='word_1_560' title='bbox 267 2848 361 2875; x_wconf 83' lang='lat' dir='ltr'>multis</span> <span class='ocrx_word' id='word_1_561' title='bbox 378 2847 560 2876; x_wconf 87' lang='lat' dir='ltr'>incineratum</span> <span class='ocrx_word' id='word_1_562' title='bbox 579 2850 789 2878; x_wconf 77' lang='lat' dir='ltr'>resuscitavcris</span> <span class='ocrx_word' id='word_1_563' title='bbox 814 2850 841 2877; x_wconf 89' lang='lat' dir='ltr'>in</span> <span class='ocrx_word' id='word_1_564' title='bbox 861 2850 962 2878; x_wconf 81' lang='lat' dir='ltr'>virtute</span> <span class='ocrx_word' id='word_1_565' title='bbox 985 2850 1050 2878; x_wconf 84' lang='lat' dir='ltr'>Jcsu</span> 
     </span>
    </p>
   </div>
   <div class='ocr_carea' id='block_1_83' title="bbox 265 2891 1050 2929">
    <p class='ocr_par' dir='ltr' id='par_1_83' title="bbox 265 2891 1050 2929">
     <span class='ocr_line' id='line_1_85' title="bbox 265 2891 1050 2929; baseline 0.005 -8"><span class='ocrx_word' id='word_1_566' title='bbox 265 2891 379 2929; x_wconf 76' lang='lat' dir='ltr'>Christi,</span> <span class='ocrx_word' id='word_1_567' title='bbox 407 2894 520 2924; x_wconf 76' lang='lat' dir='ltr'>firmiter</span> <span class='ocrx_word' id='word_1_568' title='bbox 540 2895 650 2924; x_wconf 82' lang='lat' dir='ltr'>credam</span> <span class='ocrx_word' id='word_1_569' title='bbox 673 2896 903 2925; x_wconf 82' lang='lat' dir='ltr'>resurrectionem</span> <span class='ocrx_word' id='word_1_570' title='bbox 928 2901 1050 2925; x_wconf 89' lang='lat' dir='ltr'>mortuo-</span> 
     </span>
    </p>
   </div>
   <div class='ocr_carea' id='block_1_84' title="bbox 1112 1613 1905 1659">
    <p class='ocr_par' dir='ltr' id='par_1_84' title="bbox 1112 1613 1905 1659">
     <span class='ocr_line' id='line_1_86' title="bbox 1112 1613 1905 1659; baseline 0.008 -15"><span class='ocrx_word' id='word_1_571' title='bbox 1112 1613 1315 1655; x_wconf 89' lang='lat' dir='ltr'>demergitur,</span> <span class='ocrx_word' id='word_1_572' title='bbox 1331 1617 1386 1648; x_wconf 92' lang='lat' dir='ltr'>sed</span> <span class='ocrx_word' id='word_1_573' title='bbox 1399 1617 1549 1649; x_wconf 89' lang='lat' dir='ltr'>continuo</span> <span class='ocrx_word' id='word_1_574' title='bbox 1565 1618 1623 1649; x_wconf 94' lang='lat' dir='ltr'>sub</span> <span class='ocrx_word' id='word_1_575' title='bbox 1638 1617 1820 1657; x_wconf 88' lang='lat' dir='ltr'>regionibus</span> <span class='ocrx_word' id='word_1_576' title='bbox 1834 1628 1905 1659; x_wconf 89' lang='lat' dir='ltr'>per-</span> 
     </span>
    </p>
   </div>
   <div class='ocr_carea' id='block_1_85' title="bbox 1110 1665 1902 1700">
    <p class='ocr_par' dir='ltr' id='par_1_85' title="bbox 1110 1665 1902 1700">
     <span class='ocr_line' id='line_1_87' title="bbox 1110 1665 1902 1700; baseline 0.006 -6"><span class='ocrx_word' id='word_1_577' title='bbox 1110 1668 1274 1697; x_wconf 87' lang='lat' dir='ltr'>manentes</span> <span class='ocrx_word' id='word_1_578' title='bbox 1290 1666 1452 1698; x_wconf 89' lang='lat' dir='ltr'>lunaribus</span> <span class='ocrx_word' id='word_1_579' title='bbox 1468 1665 1591 1697; x_wconf 89' lang='lat' dir='ltr'>nullum</span> <span class='ocrx_word' id='word_1_580' title='bbox 1613 1666 1731 1698; x_wconf 89' lang='lat' dir='ltr'>habent</span> <span class='ocrx_word' id='word_1_581' title='bbox 1749 1676 1821 1698; x_wconf 91' lang='lat' dir='ltr'>cum</span> <span class='ocrx_word' id='word_1_582' title='bbox 1842 1668 1902 1700; x_wconf 90' lang='lat' dir='ltr'>ho-</span> 
     </span>
    </p>
   </div>
   <div class='ocr_carea' id='block_1_86' title="bbox 1110 1713 1904 1757">
    <p class='ocr_par' dir='ltr' id='par_1_86' title="bbox 1110 1713 1904 1757">
     <span class='ocr_line' id='line_1_88' title="bbox 1110 1713 1904 1757; baseline 0.006 -13"><span class='ocrx_word' id='word_1_583' title='bbox 1110 1713 1248 1747; x_wconf 89' lang='lat' dir='ltr'>minibus</span> <span class='ocrx_word' id='word_1_584' title='bbox 1258 1715 1291 1747; x_wconf 92' lang='lat' dir='ltr'>in</span> <span class='ocrx_word' id='word_1_585' title='bbox 1305 1719 1386 1748; x_wconf 93' lang='lat' dir='ltr'>terra</span> <span class='ocrx_word' id='word_1_586' title='bbox 1396 1717 1717 1757; x_wconf 77' lang='lat' dir='ltr'>commercium(12).»</span> <span class='ocrx_word' id='word_1_587' title='bbox 1730 1718 1827 1754; x_wconf 88' lang='lat' dir='ltr'>Quam</span> <span class='ocrx_word' id='word_1_588' title='bbox 1838 1719 1904 1750; x_wconf 87' lang='lat' dir='ltr'>Tri-</span> 
     </span>
    </p>
   </div>
   <div class='ocr_carea' id='block_1_87' title="bbox 1111 1763 1904 1808">
    <p class='ocr_par' dir='ltr' id='par_1_87' title="bbox 1111 1763 1904 1808">
     <span class='ocr_line' id='line_1_89' title="bbox 1111 1763 1904 1808; baseline 0.005 -12"><span class='ocrx_word' id='word_1_589' title='bbox 1111 1763 1223 1797; x_wconf 89' lang='lat' dir='ltr'>themii</span> <span class='ocrx_word' id='word_1_590' title='bbox 1248 1766 1494 1808; x_wconf 89' lang='lat' dir='ltr'>descriptionem</span> <span class='ocrx_word' id='word_1_591' title='bbox 1521 1767 1688 1807; x_wconf 83' lang='lat' dir='ltr'>igneorum</span> <span class='ocrx_word' id='word_1_592' title='bbox 1712 1768 1904 1800; x_wconf 89' lang='lat' dir='ltr'>daemonum</span> 
     </span>
    </p>
   </div>
   <div class='ocr_carea' id='block_1_88' title="bbox 1116 1837 1903 1876">
    <p class='ocr_par' dir='ltr' id='par_1_88' title="bbox 1116 1837 1903 1876">
     <span class='ocr_line' id='line_1_90' title="bbox 1116 1837 1903 1876; baseline 0.005 -12"><span class='ocrx_word' id='word_1_593' title='bbox 1116 1844 1190 1865; x_wconf 86' lang='lat' dir='ltr'>rum.</span> <span class='ocrx_word' id='word_1_594' title='bbox 1208 1847 1218 1864; x_wconf 82' lang='grc'><strong>›</strong></span> <span class='ocrx_word' id='word_1_595' title='bbox 1239 1837 1377 1868; x_wconf 85' lang='lat' dir='ltr'>Patricius</span> <span class='ocrx_word' id='word_1_596' title='bbox 1392 1846 1454 1868; x_wconf 91' lang='lat' dir='ltr'>cum</span> <span class='ocrx_word' id='word_1_597' title='bbox 1468 1840 1563 1875; x_wconf 78' lang='lat' dir='ltr'>regulo</span> <span class='ocrx_word' id='word_1_598' title='bbox 1575 1844 1602 1868; x_wconf 91' lang='lat' dir='ltr'>et</span> <span class='ocrx_word' id='word_1_599' title='bbox 1613 1840 1692 1876; x_wconf 89' lang='lat' dir='ltr'>plebe</span> <span class='ocrx_word' id='word_1_600' title='bbox 1705 1840 1790 1868; x_wconf 87' lang='lat' dir='ltr'>multa</span> <span class='ocrx_word' id='word_1_601' title='bbox 1807 1841 1841 1869; x_wconf 90' lang='lat' dir='ltr'>ad</span> <span class='ocrx_word' id='word_1_602' title='bbox 1858 1845 1903 1869; x_wconf 94' lang='lat' dir='ltr'>tu-</span> 
     </span>
    </p>
   </div>
   <div class='ocr_carea' id='block_1_89' title="bbox 1112 1883 1903 1922">
    <p class='ocr_par' dir='ltr' id='par_1_89' title="bbox 1112 1883 1903 1922">
     <span class='ocr_line' id='line_1_91' title="bbox 1112 1883 1903 1922; baseline 0.005 -12"><span class='ocrx_word' id='word_1_603' title='bbox 1112 1883 1217 1911; x_wconf 91' lang='lat' dir='ltr'>mulum</span> <span class='ocrx_word' id='word_1_604' title='bbox 1233 1886 1362 1913; x_wconf 82' lang='lat' dir='ltr'>accessit.</span> <span class='ocrx_word' id='word_1_605' title='bbox 1378 1885 1463 1919; x_wconf 83' lang='lat' dir='ltr'>Quem</span> <span class='ocrx_word' id='word_1_606' title='bbox 1476 1893 1539 1913; x_wconf 92' lang='lat' dir='ltr'>cum</span> <span class='ocrx_word' id='word_1_607' title='bbox 1563 1885 1662 1914; x_wconf 88' lang='lat' dir='ltr'>baculo</span> <span class='ocrx_word' id='word_1_608' title='bbox 1679 1885 1744 1914; x_wconf 76' lang='lat' dir='ltr'>Iesu</span> <span class='ocrx_word' id='word_1_609' title='bbox 1767 1886 1903 1922; x_wconf 81' lang='lat' dir='ltr'>signasset</span> 
     </span>
    </p>
   </div>
   <div class='ocr_carea' id='block_1_90' title="bbox 1114 1929 1901 1967">
    <p class='ocr_par' dir='ltr' id='par_1_90' title="bbox 1114 1929 1901 1967">
     <span class='ocr_line' id='line_1_92' title="bbox 1114 1929 1901 1967; baseline 0.004 -10"><span class='ocrx_word' id='word_1_610' title='bbox 1114 1929 1285 1967; x_wconf 86' lang='lat' dir='ltr'>humumque</span> <span class='ocrx_word' id='word_1_611' title='bbox 1300 1933 1359 1960; x_wconf 90' lang='lat' dir='ltr'>erui</span> <span class='ocrx_word' id='word_1_612' title='bbox 1375 1932 1499 1965; x_wconf 81' lang='lat' dir='ltr'>fecisset,</span> <span class='ocrx_word' id='word_1_613' title='bbox 1517 1931 1589 1960; x_wconf 81' lang='lat' dir='ltr'>facta</span> <span class='ocrx_word' id='word_1_614' title='bbox 1612 1932 1737 1960; x_wconf 88' lang='lat' dir='ltr'>oratione</span> <span class='ocrx_word' id='word_1_615' title='bbox 1762 1932 1901 1960; x_wconf 86' lang='lat' dir='ltr'>hominem</span> 
     </span>
    </p>
   </div>
   <div class='ocr_carea' id='block_1_91' title="bbox 1113 1976 1903 2006">
    <p class='ocr_par' dir='ltr' id='par_1_91' title="bbox 1113 1976 1903 2006">
     <span class='ocr_line' id='line_1_93' title="bbox 1113 1976 1903 2006; baseline 0.003 -2"><span class='ocrx_word' id='word_1_616' title='bbox 1113 1976 1141 2004; x_wconf 91' lang='lat' dir='ltr'>in</span> <span class='ocrx_word' id='word_1_617' title='bbox 1167 1977 1376 2006; x_wconf 78' lang='lat' dir='ltr'>admirationem</span> <span class='ocrx_word' id='word_1_618' title='bbox 1397 1979 1519 2006; x_wconf 91' lang='lat' dir='ltr'>omnium</span> <span class='ocrx_word' id='word_1_619' title='bbox 1538 1982 1566 2006; x_wconf 88' lang='lat' dir='ltr'>et</span> <span class='ocrx_word' id='word_1_620' title='bbox 1586 1978 1821 2006; x_wconf 85' lang='lat' dir='ltr'>conﬁrmationem</span> <span class='ocrx_word' id='word_1_621' title='bbox 1842 1979 1903 2006; x_wconf 85' lang='lat' dir='ltr'>[idei</span> 
     </span>
    </p>
   </div>
   <div class='ocr_carea' id='block_1_92' title="bbox 1113 2023 1902 2058">
    <p class='ocr_par' dir='ltr' id='par_1_92' title="bbox 1113 2023 1902 2058">
     <span class='ocr_line' id='line_1_94' title="bbox 1113 2023 1902 2058; baseline 0.001 -8"><span class='ocrx_word' id='word_1_622' title='bbox 1113 2023 1263 2050; x_wconf 85' lang='lat' dir='ltr'>catholicae</span> <span class='ocrx_word' id='word_1_623' title='bbox 1278 2024 1462 2051; x_wconf 89' lang='lat' dir='ltr'>resuscitavit.</span> <span class='ocrx_word' id='word_1_624' title='bbox 1479 2023 1530 2056; x_wconf 85' lang='lat' dir='ltr'>Qui</span> <span class='ocrx_word' id='word_1_625' title='bbox 1547 2030 1651 2058; x_wconf 89' lang='lat' dir='ltr'>poenas</span> <span class='ocrx_word' id='word_1_626' title='bbox 1664 2023 1763 2051; x_wconf 82' lang='lat' dir='ltr'>inferni</span> <span class='ocrx_word' id='word_1_627' title='bbox 1780 2029 1902 2056; x_wconf 83' lang='lat' dir='ltr'>enarrat,</span> 
     </span>
    </p>
   </div>
   <div class='ocr_carea' id='block_1_93' title="bbox 1113 2068 1904 2106">
    <p class='ocr_par' dir='ltr' id='par_1_93' title="bbox 1113 2068 1904 2106">
     <span class='ocr_line' id='line_1_95' title="bbox 1113 2068 1904 2106; baseline 0.004 -12"><span class='ocrx_word' id='word_1_628' title='bbox 1113 2068 1267 2102; x_wconf 87' lang='lat' dir='ltr'>baptizatur</span> <span class='ocrx_word' id='word_1_629' title='bbox 1279 2073 1307 2097; x_wconf 89' lang='lat' dir='ltr'>et</span> <span class='ocrx_word' id='word_1_630' title='bbox 1326 2069 1492 2097; x_wconf 90' lang='lat' dir='ltr'>eucharistia</span> <span class='ocrx_word' id='word_1_631' title='bbox 1508 2073 1637 2104; x_wconf 83' lang='lat' dir='ltr'>percepta</span> <span class='ocrx_word' id='word_1_632' title='bbox 1657 2069 1684 2096; x_wconf 91' lang='lat' dir='ltr'>in</span> <span class='ocrx_word' id='word_1_633' title='bbox 1698 2069 1793 2097; x_wconf 85' lang='lat' dir='ltr'>eodem</span> <span class='ocrx_word' id='word_1_634' title='bbox 1814 2070 1904 2106; x_wconf 88' lang='lat' dir='ltr'>sepul-</span> 
     </span>
    </p>
   </div>
   <div class='ocr_carea' id='block_1_94' title="bbox 1112 2113 1901 2150">
    <p class='ocr_par' dir='ltr' id='par_1_94' title="bbox 1112 2113 1901 2150">
     <span class='ocr_line' id='line_1_96' title="bbox 1112 2113 1901 2150; baseline 0.003 -10"><span class='ocrx_word' id='word_1_635' title='bbox 1112 2113 1180 2141; x_wconf 89' lang='lat' dir='ltr'>chro</span> <span class='ocrx_word' id='word_1_636' title='bbox 1199 2114 1227 2141; x_wconf 87' lang='lat' dir='ltr'>in</span> <span class='ocrx_word' id='word_1_637' title='bbox 1249 2113 1364 2142; x_wconf 89' lang='lat' dir='ltr'>Domino</span> <span class='ocrx_word' id='word_1_638' title='bbox 1382 2115 1494 2142; x_wconf 87' lang='lat' dir='ltr'>dormit.</span> <span class='ocrx_word' id='word_1_639' title='bbox 1523 2113 1618 2150; x_wconf 87' lang='lat' dir='ltr'>Neque</span> <span class='ocrx_word' id='word_1_640' title='bbox 1629 2115 1774 2150; x_wconf 90' lang='lat' dir='ltr'>quisquam</span> <span class='ocrx_word' id='word_1_641' title='bbox 1794 2124 1901 2149; x_wconf 89' lang='lat' dir='ltr'>eorum,</span> 
     </span>
    </p>
   </div>
   <div class='ocr_carea' id='block_1_95' title="bbox 1111 2159 1902 2198">
    <p class='ocr_par' dir='ltr' id='par_1_95' title="bbox 1111 2159 1902 2198">
     <span class='ocr_line' id='line_1_97' title="bbox 1111 2159 1902 2198; baseline 0.006 -12"><span class='ocrx_word' id='word_1_642' title='bbox 1111 2159 1157 2194; x_wconf 92' lang='lat' dir='ltr'>qui</span> <span class='ocrx_word' id='word_1_643' title='bbox 1175 2159 1299 2194; x_wconf 88' lang='lat' dir='ltr'>aderant,</span> <span class='ocrx_word' id='word_1_644' title='bbox 1318 2161 1352 2189; x_wconf 92' lang='lat' dir='ltr'>de</span> <span class='ocrx_word' id='word_1_645' title='bbox 1365 2161 1570 2190; x_wconf 85' lang='lat' dir='ltr'>resurrectione</span> <span class='ocrx_word' id='word_1_646' title='bbox 1591 2167 1762 2190; x_wconf 88' lang='lat' dir='ltr'>mortuorum</span> <span class='ocrx_word' id='word_1_647' title='bbox 1785 2163 1902 2198; x_wconf 85' lang='lat' dir='ltr'>amplius</span> 
     </span>
    </p>
   </div>
   <div class='ocr_carea' id='block_1_96' title="bbox 1112 2204 1900 2243">
    <p class='ocr_par' dir='ltr' id='par_1_96' title="bbox 1112 2204 1900 2243">
     <span class='ocr_line' id='line_1_98' title="bbox 1112 2204 1900 2243; baseline 0.005 -12"><span class='ocrx_word' id='word_1_648' title='bbox 1112 2204 1255 2233; x_wconf 87' lang='lat' dir='ltr'>dubitavit.</span> <span class='ocrx_word' id='word_1_649' title='bbox 1272 2205 1328 2233; x_wconf 85' lang='lat' dir='ltr'><strong>AA.</strong></span> <span class='ocrx_word' id='word_1_650' title='bbox 1346 2205 1397 2234; x_wconf 91' lang='lat' dir='ltr'>SS.</span> <span class='ocrx_word' id='word_1_651' title='bbox 1410 2206 1478 2234; x_wconf 89' lang='lat' dir='ltr'>Boll.</span> <span class='ocrx_word' id='word_1_652' title='bbox 1494 2206 1573 2234; x_wconf 82' lang='lat' dir='ltr'>Mart.</span> <span class='ocrx_word' id='word_1_653' title='bbox 1591 2206 1623 2234; x_wconf 87' lang='lat' dir='ltr'>T.</span> <span class='ocrx_word' id='word_1_654' title='bbox 1637 2206 1659 2235; x_wconf 91' lang='lat' dir='ltr'>ll</span> <span class='ocrx_word' id='word_1_655' title='bbox 1682 2216 1710 2243; x_wconf 94' lang='lat' dir='ltr'>p.</span> <span class='ocrx_word' id='word_1_656' title='bbox 1726 2208 1790 2239; x_wconf 83' lang='lat'>557,</span> <span class='ocrx_word' id='word_1_657' title='bbox 1812 2215 1837 2235; x_wconf 90' lang='lat' dir='ltr'>e.</span> <span class='ocrx_word' id='word_1_658' title='bbox 1856 2208 1900 2240; x_wconf 89' lang='lat' dir='ltr'>At,</span> 
     </span>
    </p>
   </div>
   <div class='ocr_carea' id='block_1_97' title="bbox 1074 2251 1900 2289">
    <p class='ocr_par' dir='ltr' id='par_1_97' title="bbox 1074 2251 1900 2289">
     <span class='ocr_line' id='line_1_99' title="bbox 1074 2251 1900 2289; baseline 0.004 -12"><span class='ocrx_word' id='word_1_659' title='bbox 1074 2252 1099 2282; x_wconf 87' lang='lat' dir='ltr'><strong>D</strong></span> <span class='ocrx_word' id='word_1_660' title='bbox 1112 2251 1229 2286; x_wconf 87' lang='lat' dir='ltr'>inquies,</span> <span class='ocrx_word' id='word_1_661' title='bbox 1241 2253 1377 2287; x_wconf 88' lang='lat' dir='ltr'>quomodo</span> <span class='ocrx_word' id='word_1_662' title='bbox 1385 2252 1475 2286; x_wconf 91' lang='lat' dir='ltr'>homo,</span> <span class='ocrx_word' id='word_1_663' title='bbox 1485 2253 1641 2289; x_wconf 87' lang='lat' dir='ltr'>quipoenas</span> <span class='ocrx_word' id='word_1_664' title='bbox 1649 2253 1749 2281; x_wconf 84' lang='lat' dir='ltr'>inferni</span> <span class='ocrx_word' id='word_1_665' title='bbox 1760 2254 1900 2287; x_wconf 83' lang='lat' dir='ltr'>sustinuit,</span> 
     </span>
    </p>
   </div>
   <div class='ocr_carea' id='block_1_98' title="bbox 1112 2297 1902 2336">
    <p class='ocr_par' dir='ltr' id='par_1_98' title="bbox 1112 2297 1902 2336">
     <span class='ocr_line' id='line_1_100' title="bbox 1112 2297 1902 2336; baseline 0.004 -11"><span class='ocrx_word' id='word_1_666' title='bbox 1112 2297 1257 2333; x_wconf 83' lang='lat' dir='ltr'>baptizari,</span> <span class='ocrx_word' id='word_1_667' title='bbox 1275 2298 1469 2327; x_wconf 85' lang='lat' dir='ltr'>eucharistiam</span> <span class='ocrx_word' id='word_1_668' title='bbox 1483 2299 1625 2336; x_wconf 85' lang='lat' dir='ltr'>percipere</span> <span class='ocrx_word' id='word_1_669' title='bbox 1635 2303 1663 2328; x_wconf 87' lang='lat' dir='ltr'>et</span> <span class='ocrx_word' id='word_1_670' title='bbox 1674 2300 1775 2328; x_wconf 87' lang='lat' dir='ltr'>salvari</span> <span class='ocrx_word' id='word_1_671' title='bbox 1791 2305 1881 2335; x_wconf 82' lang='lat' dir='ltr'>potest</span> <span class='ocrx_word' id='word_1_672' title='bbox 1889 2301 1902 2328; x_wconf 81' lang='lat'><strong>?</strong></span> 
     </span>
    </p>
   </div>
   <div class='ocr_carea' id='block_1_99' title="bbox 1110 2343 1899 2379">
    <p class='ocr_par' dir='ltr' id='par_1_99' title="bbox 1110 2343 1899 2379">
     <span class='ocr_line' id='line_1_101' title="bbox 1110 2343 1899 2379; baseline 0.003 -7"><span class='ocrx_word' id='word_1_673' title='bbox 1110 2343 1211 2373; x_wconf 86' lang='lat' dir='ltr'>Eadem</span> <span class='ocrx_word' id='word_1_674' title='bbox 1235 2345 1382 2373; x_wconf 83' lang='lat' dir='ltr'>difﬁcultas</span> <span class='ocrx_word' id='word_1_675' title='bbox 1402 2346 1485 2374; x_wconf 85' lang='lat' dir='ltr'>etiam</span> <span class='ocrx_word' id='word_1_676' title='bbox 1510 2346 1538 2373; x_wconf 91' lang='lat' dir='ltr'>in</span> <span class='ocrx_word' id='word_1_677' title='bbox 1559 2347 1716 2374; x_wconf 91' lang='lat' dir='ltr'>narratione</span> <span class='ocrx_word' id='word_1_678' title='bbox 1744 2346 1778 2374; x_wconf 88' lang='lat' dir='ltr'>de</span> <span class='ocrx_word' id='word_1_679' title='bbox 1792 2347 1899 2379; x_wconf 88' lang='lat' dir='ltr'>cranio,</span> 
     </span>
    </p>
   </div>
   <div class='ocr_carea' id='block_1_100' title="bbox 1110 2390 1898 2428">
    <p class='ocr_par' dir='ltr' id='par_1_100' title="bbox 1110 2390 1898 2428">
     <span class='ocr_line' id='line_1_102' title="bbox 1110 2390 1898 2428; baseline 0.003 -10"><span class='ocrx_word' id='word_1_680' title='bbox 1110 2391 1184 2426; x_wconf 88' lang='lat' dir='ltr'>quod</span> <span class='ocrx_word' id='word_1_681' title='bbox 1198 2390 1315 2419; x_wconf 78' lang='lat' dir='ltr'>Macario</span> <span class='ocrx_word' id='word_1_682' title='bbox 1328 2391 1461 2428; x_wconf 77' lang='lat' dir='ltr'>Aegyptio</span> <span class='ocrx_word' id='word_1_683' title='bbox 1480 2392 1513 2420; x_wconf 91' lang='lat' dir='ltr'>de</span> <span class='ocrx_word' id='word_1_684' title='bbox 1537 2393 1632 2428; x_wconf 88' lang='lat' dir='ltr'>poenis</span> <span class='ocrx_word' id='word_1_685' title='bbox 1650 2392 1749 2420; x_wconf 87' lang='lat' dir='ltr'>inferni</span> <span class='ocrx_word' id='word_1_686' title='bbox 1767 2393 1898 2428; x_wconf 81' lang='lat' dir='ltr'>loquitur.</span> 
     </span>
    </p>
   </div>
   <div class='ocr_carea' id='block_1_101' title="bbox 1108 2437 1899 2474">
    <p class='ocr_par' dir='ltr' id='par_1_101' title="bbox 1108 2437 1899 2474">
     <span class='ocr_line' id='line_1_103' title="bbox 1108 2437 1899 2474; baseline 0.003 -9"><span class='ocrx_word' id='word_1_687' title='bbox 1108 2437 1240 2465; x_wconf 88' lang='lat' dir='ltr'>occurrit.</span> <span class='ocrx_word' id='word_1_688' title='bbox 1256 2437 1294 2465; x_wconf 89' lang='lat' dir='ltr'>De</span> <span class='ocrx_word' id='word_1_689' title='bbox 1306 2445 1360 2473; x_wconf 85' lang='lat' dir='ltr'>qua</span> <span class='ocrx_word' id='word_1_690' title='bbox 1375 2438 1446 2465; x_wconf 86' lang='lat' dir='ltr'>infra</span> <span class='ocrx_word' id='word_1_691' title='bbox 1460 2438 1526 2474; x_wconf 85' lang='lat' dir='ltr'>Cap.</span> <span class='ocrx_word' id='word_1_692' title='bbox 1544 2438 1585 2465; x_wconf 86' lang='lat' dir='ltr'>Vl.</span> <span class='ocrx_word' id='word_1_693' title='bbox 1608 2437 1662 2466; x_wconf 91' lang='lat' dir='ltr'>Sed</span> <span class='ocrx_word' id='word_1_694' title='bbox 1678 2438 1789 2466; x_wconf 87' lang='lat' dir='ltr'>Patricii</span> <span class='ocrx_word' id='word_1_695' title='bbox 1807 2439 1899 2474; x_wconf 56' lang='lat' dir='ltr'>prodi.</span> 
     </span>
    </p>
   </div>
   <div class='ocr_carea' id='block_1_102' title="bbox 1107 2483 1898 2519">
    <p class='ocr_par' dir='ltr' id='par_1_102' title="bbox 1107 2483 1898 2519">
     <span class='ocr_line' id='line_1_104' title="bbox 1107 2483 1898 2519; baseline 0.004 -10"><span class='ocrx_word' id='word_1_696' title='bbox 1107 2483 1182 2518; x_wconf 77' lang='lat' dir='ltr'>gium</span> <span class='ocrx_word' id='word_1_697' title='bbox 1196 2483 1246 2515; x_wconf 89' lang='lat' dir='ltr'>illi,</span> <span class='ocrx_word' id='word_1_698' title='bbox 1261 2483 1334 2519; x_wconf 88' lang='lat' dir='ltr'>quod</span> <span class='ocrx_word' id='word_1_699' title='bbox 1359 2484 1387 2511; x_wconf 91' lang='lat' dir='ltr'>in</span> <span class='ocrx_word' id='word_1_700' title='bbox 1414 2484 1604 2512; x_wconf 86' lang='lat' dir='ltr'>resuscitando</span> <span class='ocrx_word' id='word_1_701' title='bbox 1634 2489 1741 2512; x_wconf 87' lang='lat' dir='ltr'>mortuo</span> <span class='ocrx_word' id='word_1_702' title='bbox 1762 2485 1898 2513; x_wconf 87' lang='lat' dir='ltr'>Macarius</span> 
     </span>
    </p>
   </div>
   <div class='ocr_carea' id='block_1_103' title="bbox 1106 2526 1890 2562">
    <p class='ocr_par' dir='ltr' id='par_1_103' title="bbox 1106 2526 1890 2562">
     <span class='ocr_line' id='line_1_105' title="bbox 1106 2526 1890 2562; baseline 0.006 -7"><span class='ocrx_word' id='word_1_703' title='bbox 1106 2527 1201 2562; x_wconf 88' lang='lat' dir='ltr'>edidit,</span> <span class='ocrx_word' id='word_1_704' title='bbox 1216 2529 1382 2556; x_wconf 89' lang='lat' dir='ltr'>simillimum</span> <span class='ocrx_word' id='word_1_705' title='bbox 1397 2533 1448 2557; x_wconf 89' lang='lat' dir='ltr'>est.</span> <span class='ocrx_word' id='word_1_706' title='bbox 1877 2526 1890 2545; x_wconf 76' lang='grc'>⁸</span> 
     </span>
    </p>
   </div>
   <div class='ocr_carea' id='block_1_104' title="bbox 1143 2574 1894 2612">
    <p class='ocr_par' dir='ltr' id='par_1_104' title="bbox 1143 2574 1894 2612">
     <span class='ocr_line' id='line_1_106' title="bbox 1143 2574 1894 2612; baseline 0.003 -11"><span class='ocrx_word' id='word_1_707' title='bbox 1143 2574 1182 2610; x_wconf 79' lang='grc'><strong>(9)</strong></span> <span class='ocrx_word' id='word_1_708' title='bbox 1201 2574 1255 2602; x_wconf 76' lang='lat' dir='ltr'>Vit.</span> <span class='ocrx_word' id='word_1_709' title='bbox 1269 2574 1299 2602; x_wconf 92' lang='lat' dir='ltr'>s.</span> <span class='ocrx_word' id='word_1_710' title='bbox 1317 2575 1441 2608; x_wconf 81' lang='lat' dir='ltr'>Antonii,</span> <span class='ocrx_word' id='word_1_711' title='bbox 1457 2575 1513 2602; x_wconf 91' lang='lat' dir='ltr'>vv.</span> <span class='ocrx_word' id='word_1_712' title='bbox 1530 2575 1582 2603; x_wconf 78' lang='lat' dir='ltr'>rp.</span> <span class='ocrx_word' id='word_1_713' title='bbox 1601 2575 1694 2605; x_wconf 82' lang='lat' dir='ltr'>ROsw.</span> <span class='ocrx_word' id='word_1_714' title='bbox 1713 2583 1775 2612; x_wconf 85' lang='lat' dir='ltr'>cap.</span> <span class='ocrx_word' id='word_1_715' title='bbox 1793 2576 1839 2610; x_wconf 81' lang='lat'>56,</span> <span class='ocrx_word' id='word_1_716' title='bbox 1865 2575 1894 2603; x_wconf 91' lang='lat' dir='ltr'>s.</span> 
     </span>
    </p>
   </div>
   <div class='ocr_carea' id='block_1_105' title="bbox 1104 2619 1533 2656">
    <p class='ocr_par' dir='ltr' id='par_1_105' title="bbox 1104 2619 1533 2656">
     <span class='ocr_line' id='line_1_107' title="bbox 1104 2619 1533 2656; baseline 0 -8"><span class='ocrx_word' id='word_1_717' title='bbox 1104 2620 1206 2648; x_wconf 84' lang='lat' dir='ltr'>Athan.</span> <span class='ocrx_word' id='word_1_718' title='bbox 1223 2619 1293 2655; x_wconf 92' lang='lat' dir='ltr'>Opp.</span> <span class='ocrx_word' id='word_1_719' title='bbox 1306 2627 1364 2655; x_wconf 89' lang='lat' dir='ltr'>cap.</span> <span class='ocrx_word' id='word_1_720' title='bbox 1381 2620 1416 2648; x_wconf 64' lang='lat'>64</span> <span class='ocrx_word' id='word_1_721' title='bbox 1431 2629 1458 2656; x_wconf 91' lang='lat' dir='ltr'>p.</span> <span class='ocrx_word' id='word_1_722' title='bbox 1472 2621 1533 2648; x_wconf 74' lang='grc'><strong>6⁵14.</strong></span> 
     </span>
    </p>
   </div>
   <div class='ocr_carea' id='block_1_106' title="bbox 1141 2665 1832 2703">
    <p class='ocr_par' dir='ltr' id='par_1_106' title="bbox 1141 2665 1832 2703">
     <span class='ocr_line' id='line_1_108' title="bbox 1141 2665 1832 2703; baseline 0.001 -10"><span class='ocrx_word' id='word_1_723' title='bbox 1141 2665 1196 2701; x_wconf 90' lang='grc'><strong>(10)</strong></span> <span class='ocrx_word' id='word_1_724' title='bbox 1212 2665 1270 2693; x_wconf 79' lang='lat' dir='ltr'>VV.</span> <span class='ocrx_word' id='word_1_725' title='bbox 1283 2665 1335 2693; x_wconf 87' lang='lat' dir='ltr'>PP.</span> <span class='ocrx_word' id='word_1_726' title='bbox 1345 2666 1437 2695; x_wconf 81' lang='lat' dir='ltr'>Rosw.</span> <span class='ocrx_word' id='word_1_727' title='bbox 1453 2667 1499 2694; x_wconf 90' lang='lat' dir='ltr'>lib.</span> <span class='ocrx_word' id='word_1_728' title='bbox 1519 2665 1555 2694; x_wconf 81' lang='lat' dir='ltr'>lX</span> <span class='ocrx_word' id='word_1_729' title='bbox 1565 2674 1625 2702; x_wconf 88' lang='lat' dir='ltr'>cap.</span> <span class='ocrx_word' id='word_1_730' title='bbox 1636 2667 1669 2695; x_wconf 76' lang='grc'><strong>15</strong></span> <span class='ocrx_word' id='word_1_731' title='bbox 1681 2675 1708 2703; x_wconf 93' lang='lat' dir='ltr'>p.</span> <span class='ocrx_word' id='word_1_732' title='bbox 1726 2668 1789 2700; x_wconf 82' lang='lat'>830,</span> <span class='ocrx_word' id='word_1_733' title='bbox 1806 2668 1832 2695; x_wconf 91' lang='grc'><strong>1.</strong></span> 
     </span>
    </p>
   </div>
   <div class='ocr_carea' id='block_1_107' title="bbox 1139 2712 1893 2750">
    <p class='ocr_par' dir='ltr' id='par_1_107' title="bbox 1139 2712 1893 2750">
     <span class='ocr_line' id='line_1_109' title="bbox 1139 2712 1893 2750; baseline 0.008 -10"><span class='ocrx_word' id='word_1_734' title='bbox 1139 2713 1198 2749; x_wconf 77' lang='lat' dir='ltr'>(ii)</span> <span class='ocrx_word' id='word_1_735' title='bbox 1212 2712 1273 2740; x_wconf 81' lang='lat' dir='ltr'>Vita</span> <span class='ocrx_word' id='word_1_736' title='bbox 1285 2712 1445 2746; x_wconf 88' lang='lat' dir='ltr'>S.Antonii,</span> <span class='ocrx_word' id='word_1_737' title='bbox 1457 2712 1486 2740; x_wconf 88' lang='lat' dir='ltr'>S.</span> <span class='ocrx_word' id='word_1_738' title='bbox 1499 2713 1599 2740; x_wconf 85' lang='lat' dir='ltr'>Athan.</span> <span class='ocrx_word' id='word_1_739' title='bbox 1614 2713 1683 2749; x_wconf 89' lang='lat' dir='ltr'>Opp.</span> <span class='ocrx_word' id='word_1_740' title='bbox 1697 2723 1757 2750; x_wconf 90' lang='lat' dir='ltr'>cap.</span> <span class='ocrx_word' id='word_1_741' title='bbox 1776 2717 1893 2747; x_wconf 67' lang='lat'>22—43.</span> 
     </span>
    </p>
   </div>
   <div class='ocr_carea' id='block_1_108' title="bbox 1140 2759 1894 2796">
    <p class='ocr_par' dir='ltr' id='par_1_108' title="bbox 1140 2759 1894 2796">
     <span class='ocr_line' id='line_1_110' title="bbox 1140 2759 1894 2796; baseline 0.008 -10"><span class='ocrx_word' id='word_1_742' title='bbox 1140 2760 1196 2796; x_wconf 74' lang='lat' dir='ltr'>(t2)</span> <span class='ocrx_word' id='word_1_743' title='bbox 1207 2759 1249 2788; x_wconf 85' lang='lat' dir='ltr'>Jo.</span> <span class='ocrx_word' id='word_1_744' title='bbox 1264 2759 1408 2788; x_wconf 86' lang='lat' dir='ltr'>Trithemii</span> <span class='ocrx_word' id='word_1_745' title='bbox 1418 2759 1478 2787; x_wconf 86' lang='lat' dir='ltr'>Lib.</span> <span class='ocrx_word' id='word_1_746' title='bbox 1485 2766 1548 2787; x_wconf 79' lang='lat' dir='ltr'>octo</span> <span class='ocrx_word' id='word_1_747' title='bbox 1558 2761 1749 2795; x_wconf 85' lang='lat' dir='ltr'>quaestionum</span> <span class='ocrx_word' id='word_1_748' title='bbox 1763 2764 1796 2790; x_wconf 84' lang='lat' dir='ltr'>ad</span> <span class='ocrx_word' id='word_1_749' title='bbox 1809 2763 1894 2792; x_wconf 74' lang='lat' dir='ltr'>Maxi-</span> 
     </span>
    </p>
   </div>
   <div class='ocr_carea' id='block_1_109' title="bbox 1102 2806 1895 2844">
    <p class='ocr_par' dir='ltr' id='par_1_109' title="bbox 1102 2806 1895 2844">
     <span class='ocr_line' id='line_1_111' title="bbox 1102 2806 1895 2844; baseline 0.004 -10"><span class='ocrx_word' id='word_1_750' title='bbox 1102 2807 1246 2834; x_wconf 90' lang='lat' dir='ltr'>milianum</span> <span class='ocrx_word' id='word_1_751' title='bbox 1258 2806 1402 2834; x_wconf 88' lang='lat' dir='ltr'>Caesarem</span> <span class='ocrx_word' id='word_1_752' title='bbox 1419 2815 1447 2843; x_wconf 90' lang='lat' dir='ltr'>q.</span> <span class='ocrx_word' id='word_1_753' title='bbox 1465 2807 1507 2834; x_wconf 77' lang='lat' dir='ltr'>Vl.</span> <span class='ocrx_word' id='word_1_754' title='bbox 1525 2807 1565 2836; x_wconf 79' lang='lat' dir='ltr'>Cf.</span> <span class='ocrx_word' id='word_1_755' title='bbox 1579 2809 1669 2840; x_wconf 87' lang='lat' dir='ltr'>Delrio</span> <span class='ocrx_word' id='word_1_756' title='bbox 1677 2809 1820 2844; x_wconf 85' lang='lat' dir='ltr'>Disquisit.</span> <span class='ocrx_word' id='word_1_757' title='bbox 1832 2819 1895 2839; x_wconf 79' lang='lat' dir='ltr'>mu-</span> 
     </span>
    </p>
   </div>
   <div class='ocr_carea' id='block_1_110' title="bbox 1108 2852 1476 2890">
    <p class='ocr_par' dir='ltr' id='par_1_110' title="bbox 1108 2852 1476 2890">
     <span class='ocr_line' id='line_1_112' title="bbox 1108 2852 1476 2890; baseline 0 -10"><span class='ocrx_word' id='word_1_758' title='bbox 1108 2853 1161 2890; x_wconf 76' lang='lat' dir='ltr'>gic.</span> <span class='ocrx_word' id='word_1_759' title='bbox 1174 2853 1222 2882; x_wconf 88' lang='lat' dir='ltr'>lib.</span> <span class='ocrx_word' id='word_1_760' title='bbox 1235 2852 1257 2881; x_wconf 80' lang='grc' dir='ltr'>ιι</span> <span class='ocrx_word' id='word_1_761' title='bbox 1268 2852 1300 2887; x_wconf 84' lang='lat' dir='ltr'>o.</span> <span class='ocrx_word' id='word_1_762' title='bbox 1312 2853 1348 2881; x_wconf 76' lang='lat'><strong>27</strong></span> <span class='ocrx_word' id='word_1_763' title='bbox 1359 2852 1433 2882; x_wconf 84' lang='lat' dir='ltr'>Sect.</span> <span class='ocrx_word' id='word_1_764' title='bbox 1448 2853 1476 2880; x_wconf 71' lang='grc' dir='ltr'>«ξ.</span> 
     </span>
    </p>
   </div>
  </div>
