2060 3153
138 192 171 220 57
907 183 1021 212 VITAE.
1741 182 1775 210 58

138 248 274 280 maxima
290 255 327 278 ex
342 249 431 287 parte
445 245 554 278 falsam
571 254 640 278 esse
655 245 737 277 bene
751 244 855 277 Delrio
867 244 933 276 ani-
947 246 970 274 A
984 247 1015 274 te
1031 241 1105 283 (10).
1117 242 1294 282 Evagrium,
1310 241 1342 273 in
1364 244 1470 282 monte
1481 241 1598 272 Nitriae
1608 247 1706 280 quum
1716 239 1775 270 ha-

138 298 315 335 madvertit,
330 298 384 338 qui
409 301 515 329 tamen
543 296 705 334 concedit,
727 296 838 335 igneos
859 295 933 326 ideo

139 349 244 381 vocari
258 349 440 384 daemones,
458 347 531 387 quia
545 347 578 378 in
597 347 677 378 aeris
692 346 821 385 regione
836 354 932 386 supe-

139 400 222 430 riore
242 401 391 429 maneant
407 397 461 437 (1).
481 397 540 427 Sed
561 396 717 427 Palladius
734 395 932 434 daemonem,

140 450 192 489 qui
207 448 443 479 adolescentem
458 447 550 478 istum
562 447 707 486 agitabat,
717 446 846 486 igneum
860 446 933 477 ideo

139 501 240 535 vocat,
258 497 331 537 quia
354 497 428 533 cibi,
450 504 531 536 quos
550 496 661 527 infelix
679 496 739 527 iste
757 496 932 532 evomebat,

140 552 288 588 tanquam
300 549 374 587 igne
387 547 672 584 consumebantur;
688 554 784 586 quare
799 545 934 576 daemon

141 599 193 630 ille
209 602 338 639 propter
352 601 495 629 naturam
510 607 610 635 suam,
626 606 708 638 quae
721 597 787 636 igni
803 605 933 636 compa-

141 649 201 680 rari
217 652 332 689 potest,
349 657 454 688 neque
467 651 600 688 propter
612 656 700 678 suam
715 647 749 678 in
763 655 836 678 aere
848 646 936 678 habi-

140 700 292 730 tationem
312 699 426 738 igneus
444 701 583 729 vocatur.
598 697 790 729 Adolescens
802 696 934 728 vinculis

141 750 309 780 adstrictus
331 749 371 780 ad
389 748 558 780 Macarium
581 747 720 785 ducitur;
740 746 936 778 daemoniaci

142 800 239 836 enim,
265 808 307 830 ne
331 802 475 837 noceant,
499 798 632 831 vinculis
654 798 826 838 constringi
850 798 934 830 sole-

142 851 219 884 bant
237 850 292 890 (2).

185 903 200 939 ς
217 900 263 931 16.
275 901 298 931 E
312 900 413 932 verbis
429 899 566 940 denique
582 899 722 937 Palladii,
738 899 852 940 quibus
867 909 936 931 nar-

144 952 296 982 rationem
310 951 364 982 ille
380 951 419 982 de
439 950 574 982 Macario
589 950 744 990 Aegyptio
765 949 936 988 concludit,

145 1002 271 1042 quando
285 1002 336 1033 hic
350 1001 505 1032 Macarius
518 1003 662 1032 mortuus
677 1000 726 1038 sit,
739 1000 937 1032 deﬁniamus.

144 1053 317 1084 Palladius:
332 1064 346 1081 (ι
360 1053 439 1092 Ego,
454 1063 468 1082 in
483 1052 597 1093 inquit,
616 1064 630 1080 «ι
643 1055 786 1083 sanctum
795 1051 866 1092 ipse
885 1050 940 1086 58

143 1111 208 1134 non
221 1102 372 1140 conveni;
383 1111 468 1133 anno
482 1102 578 1140 enim,
595 1105 763 1142 antequam
777 1101 810 1132 in
827 1100 938 1132 solitu-

143 1153 250 1184 dinem
260 1152 473 1192 ingrediebar,
483 1151 603 1183 obierat
612 1151 664 1192 (3).
675 1162 689 1180 ››
701 1152 794 1190 Ergo,
810 1150 936 1190 quando

143 1202 303 1233 Palladius
313 1201 516 1233 solitudinem
531 1202 691 1241 ingressus
702 1202 751 1239 sit,
767 1202 938 1241 quaeritur.

143 1253 215 1292 Ipse
240 1260 274 1282 se
300 1251 520 1282 Alexandriam
543 1251 667 1282 venisse
682 1250 778 1282 refert
800 1251 940 1282 secundo

145 1301 311 1333 consulatu
330 1301 500 1333 Theodosii
523 1301 626 1341 Magni
650 1301 703 1341 (4).
721 1302 817 1338 Quem
847 1300 941 1339 gessit

144 1352 354 1389 Theodosius,
371 1352 457 1383 fastis
474 1352 693 1383 consularibus
710 1352 852 1389 testibus,
873 1351 940 1383 col-

145 1403 216 1442 lega
230 1403 273 1433 F1.
289 1403 438 1443 Cynegio,
454 1411 539 1434 anno
555 1402 625 1433 Chr.
643 1402 700 1432 388
716 1402 770 1444 (5).
785 1401 942 1433 Palladius

147 1453 187 1484 ab
206 1453 326 1484 Isidoro
351 1452 540 1484 xenodocho
562 1452 712 1484 Dorothei
728 1453 823 1490 senis,
841 1460 942 1493 pr0pe

147 1503 366 1535 Alexandriam
393 1503 579 1541 habitantis,
604 1503 789 1544 disciplinae
810 1502 942 1534 traditus

148 1557 205 1592 est,
222 1563 317 1595 quam
328 1563 394 1586 non
409 1558 492 1586 totos
505 1558 568 1586 tres
579 1563 680 1586 annos
695 1553 853 1591 sustinuit,
869 1554 943 1594 quia

986 295 1116 326 bitasset
1131 293 1306 330 biennium,
1318 294 1410 324 tertio
1421 301 1506 324 anno
1517 293 1696 332 ingressum
1707 299 1778 323 esse

986 344 1079 376 tradit
1094 343 1295 375 solitudinem
1309 342 1382 384 (11).
1404 343 1494 374 Unde
1506 343 1590 378 inter
1610 342 1776 373 adventum

986 394 1020 425 in
1036 397 1143 425 monte
1163 397 1193 424 et
1208 394 1376 424 adventum
1389 392 1423 423 in
1437 391 1605 423 solitudine
1621 391 1778 422 Palladius

986 443 1056 484 ipse
1070 444 1262 482 distinguere
1276 443 1409 474 videtur.
1424 442 1513 479 Quod
1529 441 1699 473 Bollandus
1713 444 1777 473 sta-

986 495 1044 526 tuit
1051 494 1110 535 (12)
1117 519 1124 531 ,
1130 494 1348 525 Tillemontius
1357 494 1390 524 in
1396 494 1542 532 ambiguo
1550 493 1728 534 relinquere
1734 493 1779 523 vi-

988 545 1141 585 detur(13)
1148 544 1390 576 .AcBollandum
1396 545 1496 575 secuti
1505 545 1696 582 suntCaveus
1705 544 1729 585 (1
1736 544 1777 584 4),

986 594 1384 635 Possinus(15),Fabricius
1394 594 1467 636 (16),
1475 595 1530 630 59
1540 595 1579 626 de
1587 595 1692 625 Nessel
1704 595 1764 636 (17)
1771 618 1778 632 ,

986 646 1098 677 Pritius
1114 645 1187 686 (18).
1205 646 1266 677 Sed
1279 655 1355 677 num
1369 649 1454 677 recte
1470 645 1599 677 omnino
1614 645 1778 682 senserint,

987 697 1124 735 ambigo.
1138 696 1198 727 Vix
1215 696 1300 727 enim
1316 696 1446 727 dubium
1467 705 1536 728 esse
1555 695 1688 733 videtur,
1704 696 1780 735 quin

987 747 1145 779 Palladius
1168 748 1274 779 dicere
1299 748 1445 786 voluerit,
1482 748 1652 780 Macarium
1678 749 1781 787 Aegy-

987 798 1089 839 ptium
1102 808 1183 829 anno
1198 804 1364 839 antequam
1378 800 1443 839 ipse
1450 798 1669 838 illasregioncs
1684 807 1782 828 acces-

989 850 1066 880 serit
1083 849 1210 880 obiisse.
1225 851 1327 889 Atque
1341 857 1434 880 mons
1447 849 1563 882 Nitriae
1578 849 1658 880 Sceti
1675 848 1784 880 solitu-

989 899 1053 930 dini
1063 899 1273 940 propinquior
1285 899 1355 938 fuit,
1371 908 1465 940 quam
1480 899 1615 931 Cellulae
1630 899 1708 939 (19);
1724 908 1782 930 ne-

989 958 1067 990 que,
1093 959 1149 981 cur
1170 950 1326 982 Palladius
1346 960 1463 982 annum
1489 951 1600 982 mortis
1621 950 1745 981 Macarii
1765 959 1782 981 a

989 1003 1133 1041 tempore
1149 1002 1300 1033 adventus
1315 1002 1364 1033 sui
1376 1003 1410 1033 in
1422 1001 1548 1033 Cellulis
1560 1001 1726 1037 deﬁnierit,
1737 1001 1784 1031 in-

989 1051 1150 1091 telligitur.
1168 1053 1306 1090 Accedit,
1323 1053 1408 1093 quod
1424 1052 1580 1083 Palladius
1593 1052 1676 1082 inter
1689 1060 1783 1082 mon-

989 1105 1053 1133 tem
1068 1103 1183 1134 Nitriae
1199 1106 1230 1134 et
1244 1104 1388 1135 intimam
1399 1104 1598 1135 solitudinem
1610 1102 1783 1142 distinguit,

991 1159 1089 1191 quare
1104 1153 1239 1184 adventu
1253 1154 1286 1185 in
1302 1154 1473 1185 solitudine
1492 1154 1660 1185 adventum
1679 1153 1713 1184 in
1728 1154 1783 1184 Ni-

990 1201 1049 1232 tria
1072 1201 1241 1241 significari
1263 1204 1428 1244 probabile
1452 1206 1508 1235 est.
1530 1204 1594 1234 Nec
1613 1203 1784 1234 Palladium

991 1251 1097 1283 dicere
1120 1252 1273 1290 voluisse,
1296 1254 1464 1284 Macarium
1487 1254 1677 1294 Aegyptium
1699 1263 1784 1286 anno

991 1307 1160 1343 antequam
1179 1304 1249 1344 ipse
1272 1303 1307 1334 in
1328 1303 1529 1334 solitudinem
1547 1305 1647 1335 Scetis
1667 1305 1786 1336 venerit

991 1369 1030 1374 —-
1040 1361 1113 1383 nam
1124 1354 1280 1385 Palladius
1290 1353 1491 1385 solitudinem
1507 1354 1606 1385 Scetis
1621 1354 1667 1385 bis
1681 1355 1786 1386 invisit

992 1421 1030 1426 ~—
1041 1404 1170 1442 obiisse,
1185 1404 1277 1436 facile
1292 1404 1418 1441 credes;
1433 1404 1466 1435 id
1482 1405 1566 1435 enim
1580 1404 1709 1436 Palladii
1720 1414 1788 1436 ver-

992 1453 1042 1485 bis
1056 1463 1122 1485 non
1139 1454 1232 1486 inest.

1033 1506 1134 1542 Quare
1148 1505 1345 1546 probabilior
1358 1504 1514 1536 sententia
1523 1504 1602 1536 haec
1616 1513 1686 1536 esse
1698 1504 1787 1536 vide-

993 1558 1060 1593 tur,
1091 1556 1261 1587 Macarium
1291 1555 1481 1595 Aegyptium
1507 1563 1591 1586 anno
1618 1558 1788 1595 antequam

147 1606 180 1636 in
201 1606 349 1637 morbum
372 1605 594 1638 vehementem
622 1605 732 1637 incidit
754 1604 808 1646 (6).
831 1605 943 1636 Tribus
956 1602 977 1631 C
994 1605 1151 1636 Palladius
1164 1605 1198 1635 in
1212 1608 1354 1636 montem
1375 1605 1491 1636 Nitriae
1505 1605 1602 1642 venit,
1618 1604 1640 1635 i.
1657 1613 1686 1635 e.
1704 1613 1788 1635 anno

148 1666 221 1688 vero
236 1657 327 1689 annis
343 1657 377 1688 in
395 1656 605 1694 monasteriis,
625 1664 706 1696 quae
730 1656 849 1687 circum
869 1655 942 1687 Ale-

151 1706 309 1738 xandriam
324 1709 425 1744 erant,
436 1706 572 1747 peractis
585 1706 618 1737 in
632 1708 773 1737 montem
784 1705 899 1736 Nitriae
909 1714 943 1736 se

149 1755 293 1793 contulit,
306 1755 362 1787 ubi
375 1764 494 1787 annum
509 1755 666 1795 integrum
679 1755 775 1795 degit.
792 1755 871 1785 Tum
885 1755 942 1786 de-

149 1815 236 1837 mum
249 1807 283 1838 in
301 1807 445 1838 intimam
465 1807 678 1844 solitudinem,
701 1814 764 1845 qua
781 1805 875 1836 Cellia
888 1813 945 1836 seu

149 1856 283 1888 Cellulae
297 1855 514 1896 signiﬁcantur
530 1856 585 1898 (7),
596 1856 682 1887 venit
694 1855 748 1896 (8).
761 1856 853 1895 Ergo,
867 1865 944 1887 num

149 1907 231 1938 inter
244 1906 374 1938 Palladii
388 1906 557 1938 adventum
570 1907 604 1937 in
619 1911 760 1938 montem
776 1909 806 1937 et
819 1906 853 1937 in
867 1906 944 1937 soli-

149 1958 290 1989 tudinem
306 1956 562 1996 distinguendum
581 1958 631 1995 sit,
653 1957 823 1998 quaeritur.
840 1956 943 1988 Palla-

150 2009 220 2040 dius
234 2008 274 2040 de
288 2008 481 2040 habitatione
496 2017 552 2040 sua
567 2009 602 2039 in
615 2012 718 2039 monte
734 2016 829 2048 saepe
841 2007 943 2048 loqui-

150 2062 200 2089 tur
215 2059 270 2100 (9).
283 2059 453 2090 Nathanael
469 2067 579 2091 senem
594 2059 710 2090 obiisse
725 2061 829 2090 narrat
846 2058 941 2099 quin-

151 2110 254 2141 decim
275 2119 376 2142 annos
393 2113 466 2141 ante
488 2118 580 2141 suum
600 2109 769 2142 adventum
794 2109 828 2140 in
845 2118 939 2142 mon—

187 2204 225 2239 (1)
237 2204 327 2231 Deli-io
336 2203 458 2239 Disquis.
474 2202 573 2238 magic.
593 2203 613 2229 l.
625 2202 644 2231 l.

187 2251 226 2285 (2)
242 2249 439 2277 Daemoniacos
453 2249 558 2277 catenis
569 2251 698 2276 oneratos
711 2247 810 2276 adduci
824 2247 892 2284 legis
911 2247 941 2276 in

151 2296 212 2324 Vita
222 2295 370 2324 Hilarionis
383 2303 461 2331 capp.
471 2295 515 2330 12,
527 2295 562 2323 13
571 2315 579 2328 ,
589 2300 617 2323 et
626 2295 780 2323 innumeris
792 2295 853 2324 aliis
864 2295 944 2324 locis.
960 2302 983 2331 ι)

188 2343 226 2378 (5)
239 2342 329 2377 Supra
340 2350 368 2377 p.
386 2342 431 2369 41.

187 2389 225 2424 (4)
247 2388 316 2417 Hist.
347 2387 435 2416 Laus.
465 2387 509 2416 ed.
530 2387 632 2416 Meurs.
651 2395 713 2424 cap.
726 2387 740 2415 1
757 2386 827 2424 Opp.
842 2387 944 2417 Meurs.

153 2435 171 2463 1.
187 2436 205 2463 1.
219 2444 247 2471 μ.
261 2436 324 2464 διε.

188 2482 228 2517 (5)
250 2482 292 2510 Ab
319 2481 479 2509 Almeloven
498 2479 574 2508 Fasti
590 2479 671 2508 Rom.
692 2480 808 2509 Consul.
825 2479 860 2508 ad
876 2487 943 2509 ann.

152 2527 218 2555 Chr.
239 2527 292 2556 588
314 2528 357 2556 ed.
377 2527 399 2555 ll
424 2526 578 2554 Amstelod.
600 2526 670 2554 1740
688 2534 716 2561 p.
742 2526 804 2554 166.
829 2525 946 2555 Relandi

151 2573 227 2601 Fasti
263 2573 378 2602 Consul.
405 2573 439 2601 ad
457 2581 523 2600 ann.
548 2572 613 2600 Chr.
629 2572 681 2600 388
694 2572 769 2601 Trai.
789 2572 850 2600 Bat.
876 2572 946 2600 1715

152 2628 180 2648 ιι.
195 2620 259 2647 495.
278 2619 346 2647 Tab.
357 2619 524 2654 Chronolog.
542 2622 619 2645 auct.
632 2618 667 2645 de
679 2617 820 2646 Graveson
841 2618 869 2645 in
885 2618 946 2646 eius

153 2667 224 2694 llist.
237 2665 305 2693 eccl.
320 2665 365 2694 ed.
382 2665 469 2693 Mansi
489 2664 521 2692 T.
543 2663 578 2692 IX
591 2663 698 2699 (Venet.
715 2663 795 2698 1761)
812 2671 839 2699 p.
855 2663 900 2696 84,
917 2663 945 2692 2.

187 2712 228 2748 (6)
244 2711 314 2739 Hist.
333 2711 418 2739 Laus.
438 2711 483 2739 ed.
508 2710 610 2738 Meurs.
629 2716 690 2745 cap.
712 2709 731 2736 2
753 2708 823 2745 Opp.
843 2708 944 2738 Meurs.

153 2759 172 2789 I.
190 2761 209 2787 l.
232 2767 258 2796 p.
271 2759 335 2788 569.

188 2806 227 2842 (7)
245 2805 314 2834 Ibid.
327 2813 387 2841 cap.
400 2804 431 2832 21
450 2804 521 2840 Opp.
532 2804 634 2832 Meurs.
647 2803 665 2830 Ι.
679 2803 698 2830 l.
719 2811 747 2838 p.
763 2802 826 2830 396.

188 2852 227 2887 (8)
246 2851 313 2880 Ibid.
330 2859 391 2886 cap.
407 2851 424 2878 8
436 2850 505 2886 Opp.
519 2851 619 2878 Meurs.
640 2849 660 2876 l.
683 2849 702 2876 l.
718 2857 746 2884 p.
766 2848 831 2877 560.
845 2848 908 2877 361.

190 2900 227 2934 (ει)
244 2898 310 2926 ιιήά.
325 2906 385 2933 cap.
406 2898 448 2925 10.
466 2898 510 2925 11.
528 2897 572 2924 ιε.
591 2897 632 2924 15.

191 2947 247 2982 (10)
259 2944 326 2973 lbid.
338 2952 402 2980 cap.
412 2944 442 2971 21
462 2943 530 2980 Opp.
546 2943 644 2972 Meurs.
659 2943 677 2970 l.
690 2942 708 2969 I.
721 2949 748 2977 p.
762 2940 824 2969 585.

996 1655 1052 1686 390
1071 1655 1130 1696 (20)
1145 1663 1254 1686 mense
1275 1654 1477 1692 Januario,ut
1491 1654 1711 1695 Martyrologia
1724 1659 1788 1686 tra-

970 1700 976 1713 ⁸
996 1706 1075 1737 dunt
1091 1706 1165 1747 (21),
1180 1708 1339 1737 mortuum
1349 1714 1429 1737 esse.
1440 1706 1528 1737 Unde
1541 1710 1631 1737 natus
1645 1709 1692 1737 est
1705 1715 1789 1736 anno

995 1757 1065 1787 Chr.
1083 1756 1152 1794 300,
1169 1759 1200 1787 et
1221 1764 1362 1787 eremum
1378 1755 1504 1787 intravit
1521 1764 1606 1787 anno
1626 1755 1698 1787 Chr.
1720 1756 1787 1787 330.

995 1808 1073 1838 Nam
1087 1807 1120 1839 in
1132 1806 1335 1838 solitudinem
1346 1806 1431 1837 venit
1440 1806 1565 1846 triginta
1575 1815 1675 1838 annos
1685 1810 1788 1845 natus,

994 1857 1027 1889 in
1039 1867 1101 1898 qua
1112 1858 1273 1898 sexaginta
1283 1866 1384 1890 annos
1394 1866 1495 1898 usque
1506 1857 1545 1888 ad
1556 1860 1690 1889 mortem
1702 1867 1790 1889 suam

996 1906 1142 1947 explevit.

1036 1959 1049 1996 ς
1065 1957 1112 1989 17.
1128 1959 1287 1990 Hactenus
1301 1966 1349 1996 ea,
1368 1967 1451 1999 quae
1469 1959 1509 1990 ad
1522 1958 1651 1990 Palladii
1666 1958 1706 1989 de
1723 1959 1789 1989 Ma-

996 2008 1082 2039 cario
1097 2009 1252 2049 Aegyptio
1270 2009 1479 2041 narrationem
1497 2012 1585 2040 erant
1597 2009 1787 2041 annotanda.

994 2059 1113 2097 Restat,
1124 2063 1159 2090 ut
1169 2060 1341 2097 videamus,
1353 2060 1514 2100 quomodo
1528 2069 1576 2099 ea,
1589 2069 1669 2101 quae
1685 2060 1789 2092 adhuc

994 2117 1012 2140 e
1031 2110 1192 2143 codicibus
1211 2111 1509 2143 Vindobonensibus
1531 2111 1734 2152 protulimus,
1756 2111 1790 2143 in

1033 2204 1089 2240 (11)
1100 2204 1170 2233 Ibid.
1184 2212 1244 2242 cap.
1259 2205 1294 2234 88
1303 2205 1373 2242 Opp.
1386 2206 1487 2235 Meurs.
1500 2207 1519 2234 l.
1532 2206 1552 2235 1.
1565 2215 1592 2243 p.
1603 2207 1665 2235 555.

1033 2253 1090 2288 (η)
1102 2252 1160 2282 AA.
1173 2252 1223 2282 ss.
1237 2253 1300 2282 Jan.
1317 2254 1349 2282 T.
1362 2254 1372 2282 1
1387 2262 1414 2290 p.
1432 2254 1512 2282 1007.

1032 2298 1089 2335 (13)
1104 2299 1168 2328 Not.
1180 2299 1196 2326 7
1208 2300 1243 2328 de
1262 2300 1365 2330 Macar.
1385 2301 1466 2337 Aeg.,
1488 2300 1634 2329 Mémoires
1648 2300 1693 2328 ed.
1706 2300 1789 2329 Brux.

998 2344 1031 2372 Τ.
1043 2344 1188 2373 v1111>.111
1200 2354 1227 2382 ρ.
1240 2346 1320 2376 1123.

997 2392 1091 2455 ﬂigi)
1108 2391 1224 2428 Scriptt.
1240 2393 1343 2421 eccles.
1364 2392 1437 2422 Hist.
1450 2393 1505 2421 litt.
1518 2401 1542 2421 ε.
1559 2400 1586 2421 v.
1605 2391 1741 2420 Macarius
1753 2399 1791 2419 u-

1034 2473 1089 2509 (15)
1101 2473 1182 2502 Thes.
1195 2477 1286 2503 Ascet.
1298 2473 1388 2502 Paris.
1402 2474 1474 2502 1681
1484 2474 1591 2510 Proleg.
1608 2473 1622 2510 δ
1641 2473 1676 2501 V.

1033 2519 1089 2554 (16)
1101 2519 1170 2547 Bibl.
1183 2519 1278 2548 Graec.
1292 2520 1335 2549 ed.
1349 2519 1460 2549 Harles.
1474 2521 1506 2548 T.
1518 2520 1575 2547 Vlll
1587 2528 1613 2555 p.
1631 2519 1693 2547 561.

1035 2565 1090 2601 (17)
1107 2565 1248 2601 Supplem.
1263 2566 1450 2594 Commentar.
1457 2563 1709 2593 'LambecNindob.
1720 2563 1790 2592 1690

998 2612 1031 2639 Τ.
1044 2612 1067 2640 ll
1080 2612 1108 2640 in
1120 2612 1211 2640 indice
1223 2612 1397 2648 alphabetico
1411 2620 1434 2641 s.
1449 2621 1476 2641 ν.
1490 2612 1627 2640 Macarius
1638 2611 1790 2647 cognomine

998 2658 1025 2687 Η
1029 2667 1122 2695 agnus.

1034 2705 1090 2740 (18)
1102 2704 1213 2732 Macarii
1224 2704 1455 2741 AegyptiiOpusc.
1467 2703 1698 2740 etApophthegm.
1712 2703 1786 2740 Lips.

999 2752 1067 2780 1699
1077 2751 1168 2780 Praef.
1189 2751 1202 2788 ξ
1218 2751 1262 2778 ιν.

1035 2799 1093 2831 (19)
1104 2797 1147 2825 C1.
1161 2805 1245 2833 supra
1262 2805 1289 2832 p.
1300 2797 1329 2824 5.

1036 2845 1094 2880 (20)
1111 2844 1149 2872 De
1159 2848 1213 2872 tem
1217 2851 1292 2879 pore,
1305 2851 1361 2878 quo
1371 2842 1510 2873 Palladius
1518 2844 1546 2873 in
1556 2843 1673 2872 Nitriam
1683 2842 1790 2873 venerit

1000 2891 1036 2920 cf.
1049 2890 1119 2918 infra
1131 2889 1219 2926 Caput
1230 2889 1263 2917 ΙΙΙ
1277 2889 1290 2925 §
1304 2889 1351 2916 21.

1037 2937 1093 2973 (21)
1105 2936 1148 2966 Cl'.
1164 2936 1235 2965 infra
1249 2936 1336 2970 Caput
1352 2936 1420 2965 V‘lll.
