2060 3153
261 162 298 193 5|
681 159 732 188 SS.
751 158 980 190 MACABIOI‘UM
997 161 1160 191 AEGYPTII
1180 161 1224 190 ET
1242 160 1474 189 ALEXANDRINI
1845 163 1881 192 60

262 220 393 261 singulis
406 219 596 252 editionibus
612 219 767 251 Historiae
782 220 947 252 Lausiaeae
961 220 1047 252 exhi-
1060 224 1084 252 Δ
1097 221 1199 254 carius
1219 221 1298 252 dixit
1314 230 1327 252 :
1336 221 1369 252 Si
1382 229 1453 252 vere
1468 219 1626 251 desideras
1649 228 1688 251 ex
1701 222 1768 252 toto
1786 221 1881 252 corde

262 272 406 303 beantur.

303 323 325 352 E
340 322 454 362 quibus
471 329 581 360 graeca
596 320 720 352 Meursii
736 321 833 352 editio
847 324 877 352 et
896 321 1048 360 interpre-

263 374 338 404 tatio
356 373 480 404 Herveti
496 381 513 403 a
532 376 639 403 nostro
658 372 802 404 codicum
820 372 1046 403 Vindobonen-

263 424 344 454 sium
355 427 440 455 textu
456 432 525 454 raro
537 427 631 463 atque
645 423 809 454 levissimis
821 427 942 454 tantum
953 423 1047 454 rebus

264 474 422 504 ditl‘erunt.
439 475 548 514 Neque
565 474 598 504 in
614 474 771 511 Paradiso,
796 473 952 506 Heraclidi
973 481 1047 513 per-

262 532 370 563 peram
392 525 519 561 tributo,
544 524 605 556 ulla
624 525 744 564 gravior
767 524 941 555 differentia
958 524 1047 554 inve-

263 574 357 604 nitur.
373 573 468 607 Multo
481 575 536 610 60
550 578 653 605 autem
674 573 862 614 locupletior
882 573 993 604 ceteris
1015 573 1048 604 in

262 622 324 655 hoc
349 625 449 664 capite
476 628 523 655 est
543 625 671 664 antiqua
693 625 751 656 ista
775 624 887 661 versio,
912 632 992 664 quae
1014 624 1047 654 in

262 673 416 704 Rosweidi
427 674 601 714 appendice
613 676 722 704 exstat.
735 674 821 710 Quae
831 673 967 713 primum
977 677 1048 713 post

261 722 346 753 illam
370 723 409 754 de
425 723 541 754 femina
563 724 595 754 in
612 732 726 763 equam
748 727 865 755 mutata
887 723 1054 755 historiam-

262 771 343 803 hanc
357 772 396 803 de
413 773 516 812 puella
530 773 615 804 addit
632 781 639 803 :

302 833 317 848 «
334 822 400 852 Alia
416 831 545 862 quoque
564 822 669 862 puella
685 822 724 853 ad
745 831 818 854 eum
838 821 970 853 deducta
989 825 1046 859 est,

261 872 351 902 cuius
375 872 532 903 obseoena
553 872 695 912 corporis
721 872 762 903 ita
786 881 824 903 ex
848 872 934 903 omni
959 876 1048 912 parte

261 927 528 962 computruerant,
547 926 581 954 ut
598 923 792 963 consumptis
808 923 953 954 carnibus
969 923 1048 953 inte-

261 973 344 1004 riora
359 982 487 1014 quoque
502 977 532 1004 et
547 973 716 1004 secretiora
739 976 867 1004 naturae
888 973 1046 1004 nudaren—

260 1027 322 1060 tur,
333 1033 369 1055 ae
384 1024 534 1055 vermium
548 1024 622 1055 inde
635 1023 779 1054 ebulliret
792 1024 956 1054 innumera
970 1023 1049 1054 mul-

261 1073 373 1111 titudo,
387 1074 429 1105 ita
441 1077 476 1105 ut
490 1083 554 1105 non
568 1073 731 1105 accederet
745 1073 910 1113 quisquam
923 1073 962 1104 ad
979 1082 1047 1104 eam

262 1133 337 1164 prae
352 1124 480 1155 foetoris
497 1124 637 1155 horrore.
658 1125 741 1155 Haec
763 1133 834 1155 cum
854 1123 943 1155 allata
957 1133 975 1155 a
989 1134 1046 1165 pa-

262 1174 401 1205 rentibus
423 1179 454 1205 et
476 1174 616 1214 proiecta
637 1173 746 1205 fuisset
768 1177 840 1205 ante
863 1174 947 1206 fores
967 1175 1046 1212 eius,

260 1226 411 1256 miserans
439 1225 567 1264 virginis
599 1225 754 1256 cruciatus
777 1233 783 1255 :
806 1226 916 1265 Aequo
941 1226 1046 1257 animo

261 1279 339 1312 esto,
356 1274 468 1314 inquit,
486 1274 565 1311 ﬁlia;
581 1273 658 1305 haec
672 1273 728 1304 tibi
747 1274 786 1305 ad
801 1273 933 1305 salutem
945 1275 1048 1306 Domi-

260 1334 331 1362 nus,
346 1334 411 1356 non
425 1324 464 1356 ad
476 1324 636 1355 interitum
650 1323 744 1355 dedit.
764 1324 853 1355 Unde
876 1324 1046 1364 providen-

260 1375 334 1406 dum
351 1379 398 1406 est
414 1375 523 1414 magis,
538 1377 573 1405 ut
586 1374 700 1406 sanitas
713 1378 766 1405 tua
788 1375 909 1406 nullum
920 1375 976 1406 tibi
995 1384 1049 1415 pe-

260 1424 394 1455 riculum
414 1424 537 1456 inferat.
553 1424 590 1454 Et
609 1433 681 1455 cum
700 1425 835 1456 stetisset
849 1425 882 1455 in
896 1425 1047 1456 orationi-

260 1474 318 1505 bus
336 1482 393 1514 per
408 1476 528 1513 septem
547 1473 713 1504 continuos
727 1473 804 1511 dies,
821 1477 852 1504 et
869 1473 974 1504 oleum
989 1474 1046 1506 be-

260 1524 410 1556 nedicens
423 1524 457 1555 in
471 1524 599 1556 nomine
612 1524 736 1555 Domini
749 1528 937 1564 perungeret
951 1533 1048 1556 mem-

260 1575 315 1606 bra
330 1574 407 1612 eius,
427 1574 470 1605 ita
486 1583 556 1606 eam
571 1583 677 1606 sanam
698 1574 841 1613 reddidit,
859 1579 895 1606 ut
913 1579 943 1606 et
957 1584 1047 1615 repa—
1059 1566 1082 1595 ο

260 1627 325 1656 rata
343 1626 470 1655 naturae
485 1624 618 1665 qualitas
641 1627 670 1655 et
686 1624 824 1664 perfecta
838 1625 998 1656 muliebris
1013 1625 1047 1655 in

260 1682 298 1705 ea
319 1674 440 1714 species
462 1678 638 1714 appareret,
657 1678 802 1715 essetque
826 1674 855 1705 ei
879 1675 918 1706 de
941 1678 1048 1705 cetero

259 1725 341 1756 inter
365 1725 508 1756 homines
535 1725 729 1757 conversatio
752 1726 871 1766 absque
894 1725 1047 1765 pristinae

259 1774 447 1806 inﬁrmitatis
461 1775 623 1806 obstaculo
645 1773 698 1815 (1).
716 1786 731 1803 ι)
1018 1785 1022 1790 -

299 1826 383 1857 Haec
403 1826 538 1857 narratio
555 1825 648 1856 etiam
669 1825 749 1856 libro
773 1824 912 1856 secundo
935 1824 1047 1856 iisdem

260 1876 362 1907 verbis
375 1876 499 1915 legitur,
513 1884 616 1916 neque
626 1884 700 1906 vero
711 1884 779 1906 eam
793 1876 867 1907 alibi
878 1876 981 1916 reperi
993 1875 1045 1916 (2).

260 1927 345 1964 Quae
361 1927 488 1967 antiqua
502 1926 605 1957 versio
624 1926 663 1957 de
679 1927 915 1958 resuscitatione
932 1926 1049 1958 mortui

261 1977 364 2015 habet,
377 1986 449 2009 cum
464 1977 641 2008 narratione
651 1976 722 2008 libri
736 1977 867 2008 secundi
881 1977 997 2018 pariter
1009 1977 1048 2008 ad

259 2028 390 2059 verbum
408 2027 609 2058 conveniunt.
625 2028 660 2058 In
681 2028 743 2058 ﬁne
759 2031 863 2058 autem
884 2028 994 2067 capitis
1008 2027 1048 2059 de

261 2076 393 2107 Macario
408 2076 572 2116 Aegyptio,
588 2080 754 2116 postquam
769 2077 885 2108 dictum
901 2081 958 2114 est,
975 2085 1046 2107 eum

261 2134 344 2157 anno
359 2129 526 2166 antequam
548 2126 702 2157 Palladius
725 2126 925 2158 solitudinem
949 2127 1046 2157 intra-

260 2178 349 2215 verit,
364 2177 489 2215 obiisse,
501 2179 627 2218 antiqua
640 2178 698 2209 ista
711 2179 813 2209 versio
827 2178 953 2217 longam
966 2178 1047 2210 hanc

1097 272 1276 302 renuntiare
1296 272 1368 303 huic
1386 273 1524 308 saeculo,
1545 270 1652 308 ﬁliole,
1667 274 1698 302 et
1711 270 1882 302 adhaerere

1097 321 1230 352 Domino
1260 321 1426 359 Salvatori,
1449 321 1529 353 sicut
1562 321 1637 353 dicit
1664 321 1820 362 Propheta
1849 322 1883 353 in

1097 370 1218 411 psalmo
1236 380 1243 402 :
1259 371 1406 403 Adhaesit
1419 372 1522 402 anima
1535 380 1605 402 mea
1619 374 1691 412 post
1705 375 1746 408 te,
1764 380 1816 402 me
1830 380 1884 402 au-

1096 425 1160 452 tem
1188 422 1326 462 suscepit
1354 422 1462 453 dextra
1490 425 1708 462 tua—parata
1729 422 1813 453 enim
1837 425 1883 453 est

1097 471 1205 503 dextra
1219 472 1353 510 Domini,
1368 472 1584 512 confugientes
1605 472 1644 503 ad
1667 481 1700 503 se
1722 473 1883 512 suscipere

1098 540 1135 544 —
1145 526 1270 562 oportet
1283 526 1312 553 te
1325 523 1503 554 renuntiare
1518 522 1590 554 huic
1602 522 1719 554 mundo
1732 526 1762 553 et
1772 531 1883 553 omnes

1097 577 1184 604 actus
1196 573 1264 604 eius
1277 573 1425 611 abiicere,
1441 573 1521 604 sicut
1537 573 1611 604 dicit
1622 573 1790 613 Apostolus
1803 574 1882 604 scri-

1097 623 1175 654 bens
1189 623 1229 654 ad
1243 623 1442 654 Colossenses
1459 631 1467 653 :
1483 623 1595 654 Mortui
1616 624 1700 654 enim
1720 624 1792 655 estis
1809 623 1882 655 huic

1097 673 1232 711 mundo,
1255 677 1286 705 et
1310 674 1372 705 vita
1395 677 1496 705 vestra
1526 665 1708 705 abscondita
1736 677 1782 705 est
1811 682 1884 705 cum

1097 724 1216 755 Christo
1231 724 1264 755 in
1279 725 1354 755 Deo.
1371 725 1446 755 Cum
1460 724 1544 755 enim
1558 723 1695 755 Christus
1705 724 1884 764 apparuerit

1097 774 1157 805 vita
1177 777 1290 810 vestra,
1312 777 1386 805 tunc
1401 777 1432 805 et
1447 783 1501 805 vos
1519 773 1710 814 apparebitis
1727 782 1796 804 cum
1813 773 1882 813 ipso

1097 821 1130 852 in
1156 821 1263 861 gloria.
1285 823 1369 854 Haec
1389 822 1521 853 audiens
1536 822 1645 862 junior
1668 821 1767 852 dixit:
1787 821 1883 853 Crede

1098 871 1187 909 mihi,
1198 872 1375 904 beatissime
1388 875 1486 913 pater,
1498 872 1571 912 quia
1587 875 1617 903 et
1630 876 1766 904 mentem
1781 881 1882 904 meam

1097 921 1228 953 alienavi
1248 923 1287 954 ab
1305 922 1366 954 hoc
1389 923 1507 954 mundo
1529 926 1559 954 et
1573 923 1612 954 ab
1629 923 1786 960 omnibus,
1803 931 1883 963 quae

1095 970 1130 1001 in
1145 980 1183 1002 eo
1196 975 1279 1009 sunt,
1291 975 1326 1003 ut
1339 972 1400 1002 iam
1414 973 1562 1012 tanquam
1575 976 1716 1004 mortuus
1728 972 1839 1011 degam
1850 973 1883 1005 in

1097 1019 1191 1052 huius
1205 1022 1355 1062 temporis
1379 1022 1450 1053 vita.
1469 1022 1605 1061 Cognovi
1622 1022 1716 1059 enim,
1734 1023 1883 1062 quoniam

1096 1071 1282 1111 temporalia
1302 1075 1333 1103 et
1358 1072 1535 1104 transitoria
1555 1076 1649 1113 atque
1669 1073 1884 1113 corruptibilia
1926 1114 1929 1115 ν

1097 1126 1170 1153 sunt
1183 1123 1300 1160 omnia,
1312 1131 1393 1163 quae
1403 1123 1436 1154 in
1449 1122 1510 1155 hoc
1525 1124 1643 1155 mundo
1656 1123 1801 1154 videntur
1815 1132 1883 1155 esse

1097 1172 1192 1204 bona.
1207 1173 1294 1204 Tunc
1315 1173 1391 1205 dicit
1412 1174 1440 1205 ei
1458 1174 1564 1205 senior
1580 1183 1587 1205 :
1603 1173 1682 1205 Audi
1702 1183 1764 1211 me,
1782 1166 1836 1211 ﬁli,
1853 1178 1884 1205 et

1097 1222 1175 1254 vade
1190 1223 1229 1253 ad
1244 1223 1410 1263 sepulchra
1429 1227 1636 1261 mortuorum,
1650 1227 1680 1255 et
1694 1224 1885 1264 quampluri-

1096 1273 1157 1304 mis
1177 1272 1314 1311 iniuriis,
1336 1273 1441 1304 multis
1461 1273 1610 1305 conviciis
1637 1283 1673 1305 ac
1694 1273 1882 1312 maledictis,

1097 1323 1192 1354 etiam
1211 1327 1242 1354 et
1255 1324 1411 1364 lapidibus
1425 1332 1480 1355 eos
1497 1324 1662 1360 detestare,
1675 1328 1710 1355 ut
1724 1324 1884 1364 provocati

1096 1372 1257 1404 irritentur
1267 1374 1415 1405 adversus
1427 1378 1468 1405 te.
1480 1375 1535 1405 His
1547 1375 1659 1405 auditis
1669 1375 1773 1406 iunior
1783 1375 1883 1405 statim

1096 1424 1234 1463 perrexit
1247 1424 1287 1454 ad
1300 1428 1504 1456 monumenta
1521 1429 1729 1456 mortuorum.
1745 1426 1884 1465 Cumque

1097 1473 1271 1504 secundum
1290 1477 1494 1514 praeceptum
1517 1475 1599 1505 beati
1624 1475 1757 1505 senioris
1779 1476 1885 1506 multis

1098 1531 1163 1559 eos,
1178 1526 1212 1552 ut
1225 1523 1364 1562 putabat,
1374 1522 1496 1554 iniuriis
1510 1523 1675 1560 aﬂ‘ecissct,
1687 1532 1830 1555 reversus
1845 1524 1884 1555 ad

1097 1576 1239 1604 sanctum
1253 1573 1419 1604 Macarium
1435 1573 1512 1604 dixit
1533 1574 1562 1604 ei
1577 1573 1663 1613 quod
1684 1574 1801 1606 fecerat
1817 1584 1823 1605 :
1838 1575 1886 1606 in-

1097 1622 1326 1662 terrogavitque
1342 1631 1414 1653 eum
1427 1622 1543 1659 senior,
1560 1622 1587 1653 si
1608 1623 1686 1653 nihil
1707 1623 1737 1653 ei
1751 1632 1883 1664 respon-

1097 1672 1215 1703 dissent
1226 1672 1271 1703 illi
1281 1671 1464 1704 mortuiTEt
1478 1672 1673 1712 respondens
1688 1673 1784 1704 dixit:
1801 1674 1883 1705 Nihil

1097 1723 1223 1764 penitus
1233 1723 1389 1760 dixerunt,
1400 1722 1538 1754 domine.
1550 1724 1667 1754 Iterum
1679 1727 1784 1755 autem
1796 1733 1885 1763 prae-

1097 1775 1181 1816 cepit
1195 1775 1224 1806 ei
1238 1775 1345 1806 dicens
1361 1783 1367 1804 :
1382 1775 1481 1813 Perge
1495 1774 1629 1805 crastino
1648 1774 1711 1812 die,
1734 1778 1764 1805 et
1779 1775 1884 1806 multis

1097 1825 1274 1866 praeconiis
1288 1824 1430 1856 collauda
1446 1828 1476 1856 et
1491 1824 1630 1864 gloriﬁea
1647 1833 1712 1855 eos.
1729 1825 1810 1855 Abiit
1822 1825 1883 1856 ite-

1097 1886 1166 1908 rum
1181 1876 1277 1907 frater
1288 1875 1327 1907 ad
1340 1875 1507 1916 sepulchra
1519 1878 1727 1912 mortuorum,
1739 1878 1769 1905 et
1780 1876 1884 1915 coepit

1097 1926 1224 1958 laudare
1242 1925 1487 1965 honoriﬁcisque
1504 1925 1702 1956 sermonibus
1712 1924 1884 1964 gloriﬁcare

1098 1986 1153 2008 eos
1174 1976 1282 2008 dicens
1299 1984 1306 2005 :
1321 1976 1384 2006 Vos
1401 1974 1507 2014 magni
1527 1974 1612 2011 estis,
1629 1977 1660 2005 et
1675 1975 1785 2012 sancti,
1799 1978 1830 2006 et
1840 1975 1883 2006 si-

1098 2026 1188 2057 miles
1198 2025 1377 2066 apostolicis
1392 2025 1476 2061 viris,
1493 2028 1524 2054 et
1537 2024 1653 2055 iustitia
1667 2033 1778 2063 magna
1790 2025 1822 2056 in
1833 2034 1886 2056 vo-

1097 2077 1145 2109 bis
1159 2079 1215 2108 est.
1229 2077 1266 2106 Et
1286 2075 1361 2106 alias
1376 2074 1621 2115 quamplurimas
1636 2074 1745 2107 laudes
1759 2085 1831 2107 cum
1845 2077 1884 2107 ad

1097 2136 1152 2158 eos
1167 2127 1306 2162 dixisset,
1323 2134 1464 2156 reversus
1476 2125 1514 2156 ad
1529 2124 1638 2156 cellam
1654 2125 1731 2156 dixit
1745 2126 1860 2157 seniori
1875 2136 1883 2157 :

1096 2178 1177 2208 Ecce
1200 2176 1372 2207 secundum
1402 2178 1605 2216 praeceptum
1628 2179 1733 2213 tuum,
1757 2175 1885 2207 domine

261 2227 421 2259 historiam
442 2227 539 2266 addit,
558 2236 652 2268 quam
672 2228 715 2258 ita
735 2228 949 2259 adumbratam
969 2237 1045 2259 nus-
1063 2235 1085 2263 ι)
1100 2230 1199 2268 pater,
1219 2226 1341 2258 laudavi
1364 2230 1395 2257 et
1413 2225 1581 2265 gloriﬁcavi
1595 2225 1667 2257 illos
1684 2230 1837 2265 mor-tuos,
1854 2231 1885 2259 et

261 2279 344 2319 piam
361 2278 487 2310 invenio
507 2287 514 2309 :

301 2341 316 2358 α
334 2329 473 2366 Quodam
496 2331 639 2369 tempore
653 2337 724 2359 curn
743 2327 782 2359 ad
804 2328 929 2359 beatum
944 2330 1046 2360 Maea-

262 2380 343 2412 rium
364 2379 491 2420 quidam
506 2379 653 2416 venisset,
677 2378 858 2410 desiderans
875 2378 909 2409 in
926 2387 1045 2419 propo-

262 2431 321 2462 sito
344 2430 571 2462 monachorum
594 2429 710 2461 servire
733 2429 866 2468 Christo,
885 2433 915 2461 et
937 2431 1048 2471 depre-

261 2485 384 2513 caretur
399 2484 538 2512 sanctum
558 2488 677 2517 senem,
692 2482 728 2511 ut
742 2480 908 2511 instrueret
924 2489 996 2512 eum
1011 2490 1046 2513 ac

262 2532 400 2570 doceret,
415 2535 445 2562 et
459 2540 497 2562 ex
511 2531 598 2562 fonte
619 2531 779 2562 doctrinae
799 2530 951 2569 salutaris,
966 2541 1047 2572 quae

261 2583 295 2614 in
311 2591 349 2614 eo
366 2592 424 2623 per
437 2583 568 2622 Spiritus
582 2582 634 2617 61
653 2582 752 2613 sancti
769 2582 897 2621 gratiam
911 2582 1050 2614 abunda-

262 2635 330 2670 bat,
353 2633 551 2665 conﬁrmaret
573 2636 618 2670 et,
641 2632 774 2672 qualiter
795 2636 901 2672 posset
921 2633 1047 2666 iuvante

263 2685 396 2716 Domino
407 2683 535 2715 insidias
548 2686 641 2723 atque
654 2683 906 2723 impugnationes
920 2684 1048 2723 maligni

263 2735 406 2771 evadere,
420 2737 649 2774 praemoneret,
661 2733 856 2773 respondens
867 2734 975 2766 beatus
987 2736 1048 2766 Ma-

298 2827 337 2862 (Ι)
350 2826 407 2855 VV.
425 2826 477 2854 PP.
490 2826 582 2855 Rosw.
604 2835 632 2862 p.
644 2826 706 2860 989,
723 2826 750 2855 2.

299 2870 337 2908 (Ξ)
360 2872 499 2909 Virginem
524 2873 605 2901 simili
628 2872 723 2900 merbo
750 2871 916 2909 laborantem
944 2872 1050 2901 sanavit

1098 2277 1176 2308 nihil
1205 2277 1283 2308 mihi
1312 2276 1437 2316 penitus
1457 2276 1614 2307 dixerunt.
1637 2277 1725 2308 Tunc
1746 2277 1823 2308 dixit
1855 2278 1884 2308 ei

1098 2333 1222 2360 sanctus
1242 2330 1393 2360 Macarius
1414 2337 1421 2359 :
1445 2327 1625 2366 Considera,
1646 2329 1702 2364 ﬁli.
1722 2331 1883 2369 quoniam,

1097 2379 1178 2410 sicut
1197 2379 1319 2419 injuriis
1339 2382 1370 2409 et
1384 2378 1583 2409 contumeliis
1602 2379 1796 2419 exprobrasti
1813 2379 1885 2411 illos

1097 2432 1250 2466 mortuos,
1258 2429 1312 2465 62
1322 2431 1352 2460 et
1362 2428 1440 2459 nihil
1452 2429 1507 2460 tibi
1516 2429 1614 2460 lo'cuti
1624 2432 1707 2466 sunt,
1718 2429 1761 2460 ita
1771 2438 1846 2469 ergo
1855 2434 1886 2461 et

1099 2482 1150 2518 tu,‘
1160 2480 1186 2511 si
1203 2479 1250 2510 vis
1267 2479 1370 2510 salvus
1392 2487 1461 2510 esse
1483 2482 1514 2510 et
1534 2479 1569 2510 in
1593 2482 1700 2511 sancto
1721 2481 1886 2520 proposito

1100 2532 1225 2572 placere
1240 2530 1389 2561 Salvatori
1402 2532 1521 2567 nostro,
1532 2530 1653 2561 imitare
1666 2530 1770 2571 ipsum
1785 2531 1888 2562 Domi-

1101 2591 1177 2613 num
1192 2581 1444 2621 Salvatoremque
1460 2586 1613 2618 nostrum,
1628 2582 1707 2613 sicut
1721 2582 1795 2613 dicit
1810 2583 1886 2614 bea-

1099 2637 1149 2665 tus
1159 2635 1296 2664 Joannes
1306 2632 1468 2673 apostolus
1479 2636 1510 2664 et
1519 2633 1707 2671 evangelista
1717 2643 1724 2664 :
1733 2634 1790 2670 Qui
1799 2634 1885 2671 dicit,

1100 2693 1134 2715 se
1148 2685 1181 2715 in
1198 2684 1318 2715 Christo
1341 2692 1480 2721 manere,
1497 2683 1601 2721 debet,
1621 2685 1887 2724 quemadmodum

1098 2735 1152 2766 ille
1171 2734 1350 2772 ambulavit,
1372 2738 1403 2765 et
1423 2735 1491 2774 ipse
1512 2734 1682 2765 ambulare.
1695 2734 1783 2766 Unde
1802 2739 1833 2766 et
1853 2736 1887 2767 in

1103 2829 1132 2857 S.
1148 2829 1292 2858 Antonius.
1304 2829 1359 2858 Vit.
1377 2829 1405 2858 S.
1416 2829 1524 2857 Antonii
1535 2837 1594 2865 cap.
1607 2829 1652 2864 58,
1665 2830 1693 2858 S.
1703 2830 1802 2858 Athan.
1816 2831 1886 2867 Opp.

1102 2883 1129 2910 p.
1148 2875 1199 2904 670
1212 2884 1272 2912 sqq.
