2060 3153
177 167 208 196 GI
940 176 1052 207 vme.
1761 194 1798 221 σει

175 227 345 267 Evangelia
357 230 483 270 quidem
497 231 639 271 legimus,
654 235 802 273 quoniam
817 236 876 276 ipsi
890 245 962 276 per-
980 240 1003 268 Α
1018 238 1099 277 gelio
1119 239 1157 271 de
1180 239 1218 271 iis
1233 242 1286 282 qui
1307 243 1414 275 Iaudes
1435 244 1598 279 hominum
1613 254 1767 288 quaerunt
1788 262 1795 284 :

176 277 318 309 ﬁdissimi
340 283 464 312 nostrae
487 281 559 312 ﬁdei
582 284 696 314 aemuli
721 286 830 316 Judaei
849 287 962 318 multas

173 329 315 367 iniurias,
330 329 497 370 instigante
509 331 637 364 humani
652 335 775 373 generis
789 335 878 367 hoste
892 337 959 367 dia-

173 378 259 415 bolo,
276 380 308 410 in
332 380 499 412 Dominum
520 386 660 414 nostrum
680 385 786 416 Jesum
807 386 960 418 Christum

172 429 361 461 Salvatorern
386 432 554 464 dixerunt:
573 434 798 467 Samaritanum
824 446 904 475 esse,
929 442 960 469 et

172 479 372 511 daemonium
390 481 569 520 habentem,
587 488 618 515 et
632 485 666 516 in
684 486 858 519 Beelzebub
870 489 959 528 prin-

172 530 240 570 cipe
252 531 491 564 daemoniorum
504 534 680 566 eiicientem
695 537 873 575 daemonia;
885 547 958 570 nam

172 584 202 610 et
216 580 414 612 seductorem
433 590 504 613 eum
519 584 588 614 ausi
603 589 676 616 sunt
695 586 818 618 dicere:
835 592 866 618 et
880 588 957 620 haec

169 631 274 661 omnia
300 631 456 671 patienter
482 633 551 672 ipse
582 635 653 674 pius
676 636 825 668 Dominus
850 642 957 670 noster

167 681 258 712 Jesus
273 682 410 713 Christus
429 683 519 720 caeli,
535 687 635 717 terrae
651 689 681 717 et
694 688 798 725 maris,
815 689 956 721 omnium

168 740 296 772 quoque
312 741 434 770 eorum,
450 743 531 773 quae
545 735 578 766 in
593 736 638 768 eis
661 741 743 776 sunt,
761 743 883 771 creator
905 750 956 772 su-

168 782 292 820 stinuit,
310 785 346 813 ut
362 783 453 814 nobis
475 785 644 824 patientiae
658 795 733 819 suae
744 812 752 825 ,
766 788 902 821 lenitatis
924 793 955 821 et

166 831 349 865 humilitatis
367 835 532 874 praeberet
548 838 738 878 exemplum.
761 840 838 871 Nam
855 841 881 871 si
897 850 952 873 vo-

1012 290 1111 320 Amen
1130 290 1200 322 dico
1215 292 1314 330 vobis,
1331 294 1404 333 quia
1419 301 1606 336 receperunt
1619 301 1798 333 mercedem

1011 347 1111 369 suam.
1120 341 1156 371 Et
1165 341 1223 372 alia
1234 342 1330 374 multa
1341 348 1422 382 sunt,
1433 355 1513 385 quae
1524 347 1562 378 de
1574 350 1710 381 cavenda
1720 361 1797 384 vana

1011 388 1109 427 gloria
1123 394 1247 422 sanctae
1265 393 1440 433 Seripturae
1460 396 1628 429 admonere
1643 408 1707 430 non
1727 410 1796 432 ces-

1010 443 1089 471 sant.
1107 442 1182 472 Cave
1200 451 1286 482 ergo,
1311 452 1330 474 o
1353 444 1407 482 ﬁIi,
1423 448 1454 476 et
1468 455 1571 487 neque
1588 449 1626 480 ad
1647 449 1797 491 irrogatas

1008 490 1137 522 iniurias
1157 494 1339 526 exardescat
1351 495 1384 526 in
1401 495 1560 529 iracundia
1576 500 1697 532 animus
1710 490 1794 540 tuus,

1009 543 1040 571 et
1050 541 1075 571 si
1089 541 1248 574 incitatum
1261 544 1354 575 fuerit
1368 554 1423 576 cor
1436 550 1535 585 tuum,
1547 548 1614 588 ipse
1631 554 1735 582 tamen
1749 552 1796 583 di-

1007 591 1111 623 stricte
1128 592 1160 623 in
1175 593 1285 625 timore
1302 595 1423 627 Domini
1442 597 1564 629 refrena
1582 600 1620 630 ab
1634 600 1794 634 iracundia

1007 642 1144 673 animum
1153 646 1253 681 tuum,
1262 648 1295 675 ut
1306 645 1407 684 possis
1416 646 1558 677 virtutem
1569 647 1749 681 humilitatis
1757 660 1794 682 ac

1006 692 1173 732 patientiae
1182 695 1353 733 custodire;
1363 700 1393 727 et
1401 699 1474 728 tunc
1482 699 1633 729 veraciter
1643 701 1792 738 ostendis,

1006 743 1091 782 quod
1101 744 1270 783 promisisti
1281 744 1401 783 dicens,
1410 746 1483 786 quia
1492 749 1640 787 tanquam
1651 752 1794 781 mortuus

1005 793 1100 832 degas
1117 793 1151 824 in
1165 793 1226 825 hoc
1242 795 1372 832 mundo,
1388 796 1413 826 si
1426 796 1503 827 nihil
1519 797 1731 832 turbulentum
1746 808 1794 831 re-

1004 844 1160 883 spondeas
1170 845 1208 876 iis
1218 845 1272 885 qui
1280 845 1337 876 tibi
1344 846 1474 877 iniurias
1485 847 1634 886 irrogant,
1644 849 1723 880 sicut
1734 859 1793 882 nec

166 882 276 914 luisset
287 885 456 923 potentiam
471 895 546 918 suae
559 888 728 920 maiestatis
742 890 907 922 ostendere
922 894 953 922 et
969 909 989 936 Β
1002 882 1048 925 illi
1062 894 1101 925 de
1115 882 1327 927 monumentis
1337 897 1464 934 mortui,
1475 897 1508 928 in
1520 882 1600 937 quos
1613 882 1728 930 multas
1740 899 1791 930 in-

165 931 293 971 injurias
309 933 477 972 vindicare,
491 943 617 966 omnem
632 936 735 968 subito
750 938 903 970 mundum
918 939 951 970 in

166 981 261 1013 chaos
278 983 458 1022 deduceret,
474 988 504 1016 et
514 994 573 1017 nec
587 995 685 1025 genus
698 987 874 1026 hominum,
892 998 951 1021 nec

165 1029 232 1069 ipse
253 1031 362 1062 saltem
388 1037 555 1073 appareret
576 1036 724 1073 mundus,
749 1038 804 1068 sed
827 1038 860 1069 in
880 1047 949 1070 mo-

162 1084 270 1111 mento
295 1082 400 1114 omnia
419 1083 591 1115 interirent.
614 1085 834 1118 Verumtamen
851 1089 951 1121 noluit

162 1129 239 1162 haec
262 1131 366 1163 facere
384 1133 601 1166 inenarrabilis
616 1135 726 1167 Christi
741 1137 864 1169 Domini
879 1140 949 1179 pie-

161 1184 208 1212 tas
230 1182 388 1221 bonitatis,
406 1185 459 1224 qui
474 1194 538 1229 non
558 1186 597 1217 ad
618 1187 825 1227 puniendum,
841 1190 895 1220 sed
909 1191 948 1221 ad

161 1231 343 1264 salvandum
372 1238 499 1266 venerat
520 1237 682 1268 mundum.
698 1238 773 1269 Ideo
789 1240 872 1270 enim
890 1249 948 1280 pa-

160 1281 275 1313 tienter
288 1284 393 1314 omnia
409 1285 568 1323 sustinuit,
584 1289 619 1316 ut
633 1287 725 1318 nobis
739 1289 882 1329 exempla
896 1299 950 1330 pa-

159 1332 288 1378 tientiae
300 1336 331 1368 et
348 1333 529 1367 humilitatis
544 1337 734 1370 ostenderet.
751 1339 841 1370 Unde
855 1343 886 1370 et
895 1349 947 1371 se-

160 1384 332 1423 quentibus
353 1393 387 1416 se
410 1385 572 1426 discipulis
592 1388 691 1419 dixit:
711 1390 824 1421 Discite
840 1399 858 1421 a
879 1400 946 1428 me,

159 1434 234 1474 quia
249 1435 332 1466 mitis
345 1444 413 1467 sum
428 1440 459 1467 et
473 1437 599 1470 humilis
613 1439 719 1478 corde,
738 1444 770 1472 et
783 1441 948 1475 invenietis

160 1485 299 1524 requiem
310 1485 474 1518 animabus
483 1489 602 1519 vestris.
614 1490 673 1521 Sed
685 1494 715 1521 et
725 1500 835 1523 omnes
845 1501 862 1523 a
876 1501 946 1524 sae-

159 1535 231 1567 culo
255 1537 368 1574 sancti,
393 1540 456 1568 tam
478 1539 652 1579 prophetae
676 1550 771 1581 quam
793 1543 945 1582 apostoli,

159 1586 337 1625 opprobriis
356 1590 387 1618 et
405 1588 529 1620 iniuriis
550 1599 586 1621 ac
603 1590 731 1623 diversis
754 1593 856 1624 aﬁlicti
877 1597 945 1625 tor-

158 1637 270 1667 mentis
281 1646 406 1678 semper
417 1639 611 1671 immobilem
622 1641 766 1673 virtutem
777 1643 944 1682 patientiae

158 1687 189 1714 et
202 1684 386 1718 humilitatis
405 1690 584 1725 tenuerunt,
609 1692 640 1720 et
661 1699 860 1731 nequaquam
883 1692 944 1724 hu-

157 1735 256 1765 manis
267 1735 411 1768 laudibus
421 1741 494 1768 sunt
504 1738 640 1779 decepti.
652 1741 850 1780 Respuentes
859 1752 945 1775 nam-

157 1793 218 1824 que
233 1786 334 1817 inanis
354 1786 472 1826 gloriae
492 1790 665 1828 praesentis
679 1791 760 1822 vitae
778 1801 875 1824 vanos
888 1803 943 1824 ru-

155 1836 356 1871 mores,illam
366 1837 464 1868 solam
473 1839 637 1870 caelestem
646 1844 868 1882 aeternamque
879 1843 944 1882 glo-

155 1885 233 1916 riam
248 1888 487 1926 concupiscunt,
503 1890 559 1929 qui
576 1890 697 1922 Christo
719 1891 842 1932 placere
858 1893 942 1925 desi-

155 1934 275 1973 derant,
293 1946 373 1977 quae
389 1947 428 1968 ex
447 1939 511 1970 Deo
533 1943 580 1972 est
596 1943 626 1972 et
646 1946 810 1981 permanet
832 1943 865 1974 in
887 1952 941 1975 ae-

153 1988 299 2024 ternum;
328 1987 417 2020 cuius
448 1989 594 2021 claritatis
623 1991 826 2031 splendorem
856 1994 941 2025 nulla

153 2034 290 2068 humana
312 2037 418 2077 lingua
442 2042 545 2079 potest
564 2049 735 2081 exponere.
758 2043 842 2074 Haec
866 2053 940 2083 ergo

153 2086 297 2126 exempla
309 2087 477 2126 patientiae
492 2092 522 2120 et
536 2089 717 2122 humilitatis
727 2092 939 2132 considerans,

153 2135 258 2173 ﬁliole,
271 2137 297 2167 si
307 2138 433 2177 quando
443 2138 598 2178 irrogatae
605 2140 661 2171 tibi
670 2141 788 2173 fuerint
794 2143 938 2182 iniuriae,

151 2185 320 2218 fortissime
343 2188 487 2219 virtutem
509 2189 677 2230 patientiae
703 2195 734 2223 et
757 2192 940 2225 humilitatis

999 943 1098 984 jurias
1109 946 1289 977 etcenvicia
1308 947 1423 985 dixisti,
1447 951 1477 978 et
1495 947 1573 978 nihil
1590 949 1645 980 tibi
1667 950 1793 989 penitus

1002 995 1245 1034 responderunt.
1273 997 1413 1037 Ideoque
1438 1001 1578 1038 oportet,
1609 1002 1645 1030 ut
1671 1000 1792 1031 fortiter

1002 1046 1214 1078 custodiamus
1238 1048 1383 1079 virtutem
1403 1048 1584 1081 humilitatis
1608 1059 1644 1081 ac
1665 1050 1790 1091 patien-

1000 1094 1073 1132 tiae,
1096 1099 1250 1135 quatenus
1268 1099 1425 1138 possimus
1442 1099 1480 1130 ad
1496 1099 1641 1132 caelestia
1651 1102 1791 1142 praemia

1001 1146 1032 1173 et
1044 1144 1082 1174 ad
1097 1148 1242 1176 aeternae
1262 1146 1342 1177 vitae
1363 1147 1493 1186 gloriam
1511 1150 1686 1189 pervenire,
1710 1151 1790 1182 sicut

1000 1192 1074 1223 dicit
1088 1193 1120 1224 in
1131 1195 1318 1235 Apocalypsi
1333 1197 1482 1228 Dominus
1495 1207 1503 1228 :
1517 1199 1612 1235 Tene,
1629 1200 1714 1239 quod
1729 1200 1788 1232 ha-

999 1242 1066 1279 bes,
1082 1251 1122 1274 ne
1136 1244 1215 1274 alius
1233 1245 1366 1285 accipiat
1383 1254 1532 1277 coronam
1548 1251 1632 1278 tuam
1655 1248 1707 1289 (1).
1727 1261 1741 1277 »

1037 1293 1122 1324 Haec
1142 1292 1236 1333 longa
1253 1295 1292 1325 ad
1312 1295 1440 1326 fratrem
1461 1296 1634 1329 admonitio
1649 1308 1720 1330 cum
1737 1300 1787 1331 in-

998 1341 1092 1380 genio
1105 1344 1135 1372 et
1148 1342 1255 1374 indole
1274 1343 1474 1375 homiliarum
1492 1345 1617 1377 Macarii
1643 1343 1788 1388 Aegyptii

997 1393 1060 1422 tam
1073 1392 1198 1431 egregie
1212 1393 1361 1431 concinit,
1379 1397 1414 1424 ut
1431 1403 1501 1426 eam
1516 1403 1533 1426 e
1547 1395 1685 1427 homiliis
1698 1406 1786 1428 com-

998 1441 1124 1481 pilatam
1139 1445 1170 1473 et
1184 1442 1331 1474 historiae
1345 1443 1392 1474 illi
1407 1443 1446 1474 de
1461 1444 1555 1476 fratre
1565 1445 1652 1477 iussu
1664 1448 1787 1479 Macarii

997 1491 1165 1531 sepulchra
1184 1493 1320 1524 adeunte
1344 1493 1481 1525 additam
1497 1503 1565 1526 esse
1589 1495 1670 1527 haud
1694 1506 1786 1537 aegre

998 1541 1180 1573 credideris.
1199 1543 1283 1579 Quae
1297 1542 1438 1582 historia,
1456 1545 1579 1576 omissis
1597 1546 1654 1577 ista
1670 1547 1785 1579 exhor-

997 1591 1115 1623 tatione
1125 1595 1156 1623 et
1170 1593 1332 1631 doctrinis,
1344 1594 1377 1625 in
1390 1594 1671 1635 Apophthegmatis
1687 1601 1787 1629 exstat

996 1640 1046 1672 his
1070 1641 1136 1673 fere
1160 1642 1287 1674 verbis:
1310 1655 1324 1671 «
1344 1645 1450 1687 Frater
1473 1646 1618 1677 convenit
1640 1647 1784 1679 abbatem

994 1692 1163 1723 Macarium
1177 1693 1376 1733 Aegyptium,
1393 1694 1443 1725 cui
1457 1703 1464 1724 ε
1491 1695 1590 1734 Abba,
1604 1696 1718 1736 inquit,
1734 1698 1785 1730 dic

994 1741 1072 1773 mihi
1095 1743 1236 1781 verbum,
1261 1744 1422 1784 quomodo
1446 1744 1555 1776 salver.
1582 1745 1629 1775 Ait
1654 1755 1750 1777 senex
1776 1757 1783 1779 :

993 1792 1080 1823 Vade
1091 1793 1123 1823 in
1138 1793 1340 1833 sepulchrum
1351 1798 1382 1825 et
1395 1794 1567 1826 maledictis
1578 1799 1718 1827 mortuos
1728 1797 1786 1828 im-

994 1845 1078 1881 pete.
1094 1842 1209 1873 Abiens
1229 1843 1323 1882 igitur
1336 1843 1430 1874 frater
1445 1852 1499 1874 eos
1516 1844 1665 1875 conviciis
1685 1848 1716 1875 et
1730 1848 1785 1884 64.

993 1890 1150 1931 lapidibus
1161 1893 1304 1932 appetiit,
1318 1902 1524 1933 reversusque
1534 1895 1728 1926 annuntiavit
1736 1905 1784 1927 se-

993 1940 1036 1972 ni.
1055 1941 1113 1978 Qui
1127 1942 1167 1973 ab
1181 1951 1219 1973 eo
1232 1943 1354 1982 quaerit
1371 1952 1378 1973 :
1398 1943 1523 1974 Nihilne
1537 1944 1594 1975 tibi
1613 1946 1782 1985 responde-

991 1990 1084 2021 runt?
1094 1990 1150 2022 Ille
1165 2000 1172 2021 :
1188 1991 1284 2022 Nihil.
1299 1992 1378 2022 Turn
1394 2000 1510 2023 senex:
1525 1994 1652 2030 Iterum,
1665 1994 1780 2034 inquit,

991 2041 1191 2081 proﬁciscere
1206 2050 1285 2079 cras,
1301 2050 1420 2082 eosque
1434 2042 1579 2074 laudibus
1595 2044 1683 2076 effer.
1709 2046 1782 2077 Per-

991 2098 1068 2130 gens
1096 2091 1201 2132 itaque
1227 2091 1323 2123 frater
1343 2091 1530 2123 collaudavit
1555 2101 1610 2124 eos
1633 2103 1749 2126 vocans
1770 2107 1779 2127 :

990 2140 1145 2180 Apostoli,
1161 2141 1272 2178 sancti,
1284 2141 1368 2172 iusti.
1380 2142 1458 2172 Tum
1475 2141 1550 2173 adiit
1565 2151 1673 2175 Senem
1691 2144 1782 2176 dixit-

991 2199 1054 2231 quc
1072 2200 1078 2222 :
1097 2191 1245 2222 Laudavi.
1264 2191 1321 2228 Qui
1338 2200 1345 2222 :
1365 2191 1503 2231 Nihilne,
1520 2192 1633 2233 inquit,
1653 2194 1709 2225 tibi
1733 2204 1781 2226 re-

151 2238 284 2274 custOdi,
296 2238 420 2270 imitans
432 2239 621 2279 Prophetam
633 2242 688 2281 qni
704 2242 781 2273 dixit
793 2252 800 2273 :
811 2244 876 2282 Ego
888 2253 942 2275 au-
955 2255 978 2282 ι)
992 2242 1208 2282 sponderunt?
1220 2243 1346 2274 Frater:
1362 2242 1456 2274 Nihil.
1469 2244 1557 2275 Tunc
1572 2252 1669 2275 senex
1685 2245 1754 2276 inﬁt
1769 2255 1777 2276 :

151 2289 213 2318 tem
224 2292 372 2328 tanquam
382 2289 494 2321 surdus
505 2299 570 2322 non
579 2291 745 2323 audiebam
753 2293 807 2328 63
818 2296 848 2324 et
861 2294 940 2325 sicut

151 2341 254 2368 mutus
270 2347 335 2369 non
346 2339 490 2378 aperiens
500 2349 536 2371 os
546 2349 649 2379 suum,
663 2345 693 2372 et
703 2342 802 2373 factus
813 2352 881 2373 sum
895 2344 952 2376 sic-

149 2391 185 2418 ut
211 2387 306 2420 homo
324 2397 388 2420 non
403 2389 545 2428 audiens,
565 2394 595 2422 et
610 2400 674 2423 non
693 2392 813 2423 habens
830 2393 864 2424 in
884 2402 940 2425 ore

149 2446 208 2470 suo
219 2439 466 2478 redargutiones.
481 2441 570 2476 Quod
583 2445 667 2473 certe
679 2442 718 2473 ad
731 2450 940 2474 commonen-

148 2488 224 2519 dum
235 2497 361 2520 sensum
377 2493 519 2521 nostrum
531 2491 671 2530 quotidie
685 2491 716 2522 in
731 2492 841 2532 synaxi
857 2493 939 2532 psal-

147 2537 231 2569 litur.
243 2540 321 2570 Cave
332 2540 435 2576 etiam,
449 2549 489 2571 ne
503 2549 582 2571 vana
598 2540 696 2580 gloria
708 2541 864 2582 Iaudeque
876 2542 936 2573 ho-

148 2588 269 2619 minum
280 2589 455 2628 delecteris,
466 2594 497 2622 et
510 2590 623 2630 perdas
634 2592 749 2629 omnia,
762 2601 843 2633 quae
852 2592 939 2624 labo-

148 2638 248 2669 rando
264 2639 297 2669 in
316 2640 407 2671 bonis
422 2641 571 2681 operibus
588 2641 781 2682 acquisieris,
798 2643 935 2674 fructus-

148 2696 210 2728 que
226 2689 335 2720 ieiunii
347 2693 378 2721 et
390 2691 596 2723 abstinentiae
610 2695 681 2723 tuae
696 2692 934 2733 vigiliarumque

149 2740 180 2768 et
196 2738 372 2770 orationum
392 2741 570 2772 mercedem
590 2741 624 2772 in
642 2745 768 2773 aeterna
787 2743 848 2773 vita
868 2751 934 2774 non

147 2790 352 2829 consequaris
361 2791 533 2828 a.Domino,
545 2791 618 2832 quia
626 2792 695 2832 ipse
706 2792 782 2823 dixit
793 2793 826 2824 in
837 2794 935 2824 Evan-

184 2873 222 2905 (ιδ
243 2871 300 2900 νγ.
318 2873 369 2902 PP.
391 2873 481 2903 Rosw.
494 2883 522 2910 p.
540 2874 603 2906 990.
622 2875 649 2902 2.

183 2919 223 2955 (2)
237 2918 354 2948 Coteler.
374 2919 447 2948 Eccl.
465 2920 560 2948 Graec.
576 2920 648 2948 Mon.
669 2920 701 2948 T.
718 2919 726 2947 I
745 2928 771 2956 p.
787 2920 839 2949 538
857 2929 880 2949 ε.
901 2929 926 2949 v.

991 2293 1090 2329 Nosti,
1112 2293 1237 2333 quantis
1258 2301 1313 2324 eos
1335 2293 1533 2324 contumeliis
1550 2295 1704 2332 aﬁ‘eceris,
1720 2305 1778 2327 nec

987 2343 1160 2383 quidquam
1182 2342 1414 2383 responderunt
1433 2343 1500 2380 tibi,
1517 2346 1547 2374 et
1561 2345 1685 2384 quantis
1705 2353 1778 2376 eos-

988 2392 1060 2423 dem
1075 2392 1220 2424 laudibus
1240 2393 1409 2430 ornaveris,
1434 2393 1576 2433 nihilque
1592 2394 1631 2425 ad
1651 2398 1681 2425 te
1700 2403 1778 2434 pro-

987 2442 1085 2474 l'ocuti
1105 2446 1188 2474 sunt.
1203 2443 1249 2473 Ita
1263 2446 1295 2474 et
1314 2446 1359 2481 tu,
1380 2443 1407 2475 si
1433 2443 1542 2474 salvari
1559 2444 1659 2484 cupis,
1690 2453 1777 2476 mor-
1819 2443 1829 2475 ι’

987 2495 1060 2523 tuus
1075 2493 1141 2530 ﬁas,
1154 2500 1261 2532 neque
1275 2492 1403 2524 iniurias
1418 2493 1581 2524 hominum
1596 2501 1654 2524 nec
1668 2493 1777 2525 laudes

989 2552 1098 2574 eorum
1121 2543 1240 2582 cogites
1258 2543 1357 2574 instar
1383 2547 1602 2574 mortuorum:
1627 2543 1670 2574 sic
1692 2544 1776 2575 enim

987 2593 1105 2634 poteris
1127 2593 1230 2625 salvus
1252 2594 1318 2625 ﬁeri
1340 2593 1394 2634 (2).
1411 2605 1426 2622 ››
1448 2593 1588 2624 Eandem
1614 2593 1774 2625 historiam

988 2643 1134 2683 nuspiam
1149 2643 1223 2674 alibi
1236 2643 1354 2673 inveni.

1025 2693 1160 2733 Antiqua
1183 2696 1288 2724 autem
1308 2691 1410 2722 versio
1436 2691 1551 2722 deinde
1575 2691 1655 2723 hanc
1683 2692 1774 2724 aliam

985 2744 1071 2775 addit
1084 2744 1209 2775 Macarii
1224 2742 1369 2783 Aegyptii
1389 2741 1582 2773 doctrinam:
1607 2755 1620 2771 α
1643 2744 1773 2776 Sanctus

985 2793 1082 2824 abbas
1096 2792 1247 2824 Macarius
1259 2791 1481 2823 commonebat
1495 2800 1588 2832 saepe
1602 2791 1773 2833 discipulos

974 2874 1115 2902 Macarius
1127 2875 1269 2911 Aegyptius
1282 2873 1296 2909 ς
1309 2873 1407 2909 XXIII;
1424 2873 1451 2902 in
1463 2874 1558 2903 harum
1572 2876 1767 2910 Quaestionum

981 2921 1137 2957 Appendice
1153 2921 1237 2949 altera
1253 2920 1305 2948 sub
1318 2919 1361 2948 III.
