2060 3153
247 198 284 226 0‘5
649 190 700 219 SS.
721 188 955 218 MACARIORUM
976 188 1138 216 AFGYPTII
1158 189 1202 216 ET
1222 187 1460 216 ALEXANDRINI
1842 185 1878 214 ϐοὶ

247 261 322 285 suos
339 253 370 282 et
383 250 514 282 docebat
532 255 587 279 eos
607 246 736 278 dicens:
752 246 941 276 Mementote
953 253 1035 275 sem-
1051 253 1073 282 Α
1088 253 1144 276 nes
1167 245 1391 284 versionesque
1409 243 1538 280 habent,
1563 242 1629 273 sola
1651 241 1790 273 exhibet.
1814 242 1878 274 P0-

246 311 316 343 per,
337 301 411 342 quia
428 301 499 330 ante
521 299 727 337 conspectum
747 295 872 326 Domini
887 293 1035 334 omnipo-

247 352 341 383 tentis
368 347 609 384 convcrsamini,
637 346 692 386 qui
721 344 874 385 prospicit
896 345 1037 375 omnium

245 401 411 433 hominum
435 397 641 437 cogitationes
671 399 702 427 et
727 395 921 434 singulorum
943 395 1037 426 corda

247 454 416 483 scrutatur.
439 448 529 485 Quod
553 447 646 478 etiam
663 449 693 477 et
711 449 836 477 sanctae
859 445 1037 485 Seripturae

247 503 411 537 testantur,
428 502 459 530 et
478 497 645 538 Apostolus
663 497 756 527 docet
777 499 808 526 et
832 495 907 527 dicit
922 504 928 525 :
945 495 1038 525 Vivus

248 555 296 583 est
311 551 395 582 enim
413 557 516 580 sermo
532 547 588 577 Dei
604 550 634 578 et
648 547 758 578 eﬂicax
774 549 805 577 et
820 546 940 577 acutior
952 546 1039 576 omni

247 602 352 641 gladio
367 599 495 640 ancipiti
511 602 541 629 et
552 598 735 638 pertingens
748 605 849 637 usque
862 596 901 628 ad
915 596 1038 628 animae

248 652 432 684 divisionem
448 659 483 681 ac
503 649 632 689 Spiritus
648 657 836 688 compagum
861 656 990 687 quoque
1009 651 1039 678 et

246 702 468 737 medullarum,
485 700 639 731 discretor
654 698 878 738 cogitationum
889 701 920 728 et
932 697 1038 728 inten—

246 755 369 785 tionum
388 752 507 789 cordis;
523 757 554 783 et
570 761 634 783 non
657 755 702 782 est
722 751 785 782 ulla
800 754 941 782 creatura
957 750 1038 781 invi-

248 803 346 834 sibilis
361 803 395 834 in
415 806 590 842 conspectu
605 802 691 839 eius;
709 801 814 832 omnia
829 804 932 833 autem
956 801 1040 832 nuda

248 857 280 884 et
301 857 407 894 aperta
432 856 506 884 sunt
528 853 628 884 oculis
652 853 729 883 eius.
754 853 894 892 Ideoque
914 853 940 883 si
967 861 1038 890 nos,

246 903 369 939 fratres,
386 903 555 943 pulsaverit
574 902 738 933 delectatio
757 903 858 933 carnis
880 906 910 933 et
926 911 1041 933 concu-

246 952 401 991 piscentia
428 951 656 988 fornicationis,
678 951 863 983 festinemus
886 952 1040 992 repellere

249 1005 280 1033 et
295 1002 431 1034 abiieere
446 1001 485 1033 de
504 1002 601 1034 corde
616 1005 725 1034 nostro
749 1002 995 1034 sordidissimam
1010 1005 1041 1034 et

248 1053 418 1094 pessimam
437 1053 671 1092 cogitationem,
696 1052 877 1084 invocantes
900 1053 1042 1084 intentis—

248 1104 327 1134 sime
352 1103 542 1135 adiutorium
566 1103 691 1134 Domini
713 1103 812 1134 nostri
833 1104 906 1134 Jesu
930 1103 1042 1135 Christi

247 1153 282 1184 in
298 1154 492 1185 orationibus
502 1163 538 1185 ac
551 1154 690 1192 ieiuniis,
703 1157 739 1185 ut
752 1154 864 1185 virtute
881 1155 1042 1195 potentiae

248 1211 323 1234 suae
340 1203 451 1243 eripiat
466 1211 525 1233 nos
542 1206 571 1234 et
593 1206 738 1243 protegat
752 1207 783 1234 et
798 1207 939 1236 conterat
953 1206 1040 1236 Sata-

249 1262 322 1284 nam
343 1254 401 1284 sub
428 1253 563 1294 pedibus
587 1254 715 1285 nostris.
744 1255 874 1294 Oportet
896 1264 983 1295 ergo,
1009 1259 1043 1287 ut

250 1306 342 1336 etiam
365 1305 578 1345 nosmetipsos
603 1306 797 1346 poenitendo
821 1309 851 1337 et
866 1315 884 1337 a
906 1307 1043 1347 peccatis

250 1356 437 1387 abstinendo
456 1356 675 1396 corripiamus,
697 1357 901 1397 dicamusque
919 1358 958 1388 ad
973 1358 1042 1388 ani-

251 1414 334 1436 mam
363 1409 521 1437 nostram:
548 1406 699 1443 Quoniam
724 1407 890 1438 delectatio
915 1407 1043 1447 quidem

251 1456 403 1495 corporis,
419 1464 500 1497 quae
520 1459 550 1487 te
564 1456 646 1487 male
663 1456 809 1494 oblectat,
829 1457 869 1488 ad
883 1457 1043 1489 modicum

250 1509 376 1545 tempus
398 1508 463 1543 est;
483 1514 556 1537 nam
581 1509 738 1538 tormenta
758 1510 789 1538 et
811 1507 864 1542 65
888 1507 1043 1538 cruciatus

251 1555 372 1586 animae
388 1558 418 1586 et
433 1556 576 1596 corporis
593 1555 626 1587 in
644 1556 719 1595 igne
735 1560 864 1588 aeterno
879 1556 1043 1596 gehennae

251 1606 285 1637 in
301 1610 469 1647 perpetuas
485 1611 673 1647 permanent
695 1617 827 1648 poenas.
849 1607 929 1638 Illud
950 1608 1042 1639 etiam

251 1657 458 1688 admonentes
486 1658 622 1688 animam
652 1662 791 1689 nostram
816 1658 983 1689 dicamus:
1012 1657 1044 1687 Si

253 1706 411 1737 erubescis
427 1706 572 1738 homines
590 1707 708 1738 similes
729 1708 776 1738 tui
791 1711 984 1747 peccatores,
1004 1714 1044 1738 ne

252 1755 378 1786 videant
393 1759 423 1787 te
439 1760 635 1796 peccantem,
651 1766 748 1797 quare
764 1766 829 1788 non
843 1757 941 1795 magis
954 1764 1043 1787 reve-

253 1805 316 1836 reri
332 1808 362 1836 et
376 1806 486 1837 timere
501 1806 597 1838 debes
616 1807 811 1838 maiestatem
825 1807 880 1837 Dei
894 1806 1042 1846 omnipo-

252 1856 357 1892 tentis,
373 1856 426 1896 qui
445 1857 586 1888 omnium
609 1861 729 1889 secreta
743 1858 886 1889 cordium
901 1857 1045 1888 conside-

253 1909 312 1942 rat,
341 1905 421 1937 sicut
448 1910 479 1938 et
504 1908 673 1947 Apostolus
688 1908 751 1940 ait:
778 1908 887 1939 Omnia
911 1908 995 1939 nuda
1014 1911 1046 1939 et

253 1958 361 1995 aperta
372 1958 444 1986 sunt
455 1956 555 1987 oculis
569 1957 647 1988 eius.
661 1957 787 1988 Talibus
802 1965 876 1997 ergo
887 1957 1046 1997 cogitatio-

254 2006 346 2036 nibus
372 2006 398 2036 si
419 2006 619 2046 inerepamus
645 2007 870 2048 nosmetipsos,
895 2009 1045 2040 continuo

253 2055 347 2086 timor
356 2055 480 2086 Domini
489 2057 573 2088 venit
586 2058 619 2088 in
635 2058 731 2089 corde
742 2061 863 2095 nostro,
875 2062 906 2090 et
915 2059 949 2089 in
961 2068 1046 2090 amo-

255 2114 320 2136 rem
336 2106 484 2137 castitatis
494 2107 697 2138 conﬁrmatur
705 2108 810 2139 anima
819 2111 936 2144 nostra,
952 2109 1045 2139 etiam

255 2158 286 2186 et
299 2155 338 2186 ad
355 2156 459 2187 omnia
481 2161 650 2197 praecepta
671 2157 796 2188 Domini
809 2157 953 2188 facienda
969 2158 1047 2188 inci-

254 2207 366 2240 tamur,
379 2205 544 2237 adiuvante
559 2215 618 2238 nos
633 2207 731 2246 gratia
746 2207 870 2238 Domini
884 2207 983 2238 nostri
997 2208 1047 2239 Je-

1086 294 1199 325 sterior
1223 293 1418 332 exhortatio,
1445 302 1539 334 quam
1562 292 1739 328 attulimus,
1766 295 1831 324 tota
1861 301 1880 324 θ

1087 347 1193 376 mente
1220 344 1346 376 Macarii
1376 343 1532 384 Aegyptii,
1562 351 1643 383 quae
1677 351 1716 373 ex
1741 341 1880 373 homiliis

1088 396 1299 435 cognoscitur,
1321 399 1474 436 concepta
1497 398 1554 425 est.
1584 392 1748 425 Humilitas
1776 396 1879 424 autem

1088 445 1210 482 cordis,
1245 445 1340 475 timor
1377 444 1522 482 Domini,
1561 443 1697 474 studium
1720 441 1880 477 castitatis,

1088 494 1258 534 praecipua
1293 493 1420 524 illorum
1452 492 1679 524 monachorum
1713 494 1880 533 praecepta

1088 542 1216 573 fuerunt
1234 541 1287 583 (2).
1302 543 1344 574 Ac
1359 542 1564 583 peccantibus
1579 541 1678 581 magis
1693 541 1881 573 erubescen-

1089 591 1164 622 dum
1199 599 1269 622 esse
1295 595 1426 632 propter
1455 591 1555 622 Deum
1581 591 1878 630 omnipraesentem,

1089 651 1185 682 quam
1201 646 1332 683 pr0pter
1342 642 1499 680 homines,
1512 642 1708 673 meretricem
1724 641 1881 681 quandam

1089 692 1245 733 Ephraem
1259 694 1356 733 Syrus
1369 693 1486 733 insigni
1498 691 1594 723 modo
1610 692 1736 723 edocuit
1755 691 1811 732 (3).

1130 745 1249 781 Restat,
1265 747 1300 774 ut
1315 743 1502 775 sententiam
1519 742 1656 780 Macarii,
1675 750 1756 782 quae
1772 740 1881 773 ultimo

1090 795 1238 835 antiquae
1253 794 1406 826 versionis
1429 794 1531 834 capite
1546 793 1672 833 legitur,
1688 792 1769 824 hanc
1783 791 1881 823 adda-

1090 854 1161 876 mus
1175 854 1181 875 :
1195 857 1209 872 α
1227 845 1311 876 Dixit
1323 845 1418 875 abbas
1432 844 1583 875 Macarius
1599 852 1606 874 :
1623 843 1654 874 Si
1664 842 1802 883 aliquem
1815 851 1883 874 cor-

1091 895 1226 936 ripueris
1240 898 1417 927 commotus
1438 895 1478 926 ad
1498 894 1704 931 iracundiam,
1722 894 1882 934 propriam

1091 944 1271 984 passionem
1286 943 1451 984 adimples.
1469 944 1532 974 Nec
1548 944 1645 981 enim,
1659 946 1694 974 ut
1708 943 1802 974 alium
1820 942 1883 974 sal-

1091 1003 1156 1032 ves,
1172 995 1309 1035 teipsum
1328 994 1462 1035 perdere
1477 994 1584 1025 debes.
1600 995 1683 1024 Erue
1704 994 1883 1034 proximum

1091 1048 1179 1076 tuum
1194 1054 1211 1076 a
1226 1045 1364 1085 peccatis
1381 1045 1448 1076 sine
1463 1044 1670 1084 improperio,
1684 1044 1717 1075 in
1731 1048 1884 1084 quantum

1092 1096 1263 1136 praevales,
1280 1096 1355 1136 quia
1370 1095 1409 1127 ad
1424 1105 1458 1127 se
1482 1096 1564 1126 Deus
1586 1098 1804 1126 convertentes
1819 1104 1883 1127 non

1092 1147 1228 1187 proiicit.
1245 1147 1354 1178 Sermo
1370 1150 1474 1178 autem
1491 1145 1628 1177 malitia'e
1651 1155 1717 1177 non
1735 1145 1883 1177 demore-

1092 1202 1144 1230 tur
1156 1199 1189 1229 in
1207 1198 1303 1230 corde
1325 1202 1379 1229 tuo
1404 1201 1512 1229 contra
1527 1206 1611 1234 eum,
1628 1201 1662 1228 ut
1678 1197 1781 1237 possis
1794 1196 1883 1228 dice-

1092 1259 1147 1281 re:
1165 1249 1290 1280 Dimitte
1306 1249 1398 1280 nobis
1412 1249 1517 1280 debita
1532 1252 1649 1285 nostra,
1669 1248 1749 1279 sicut
1770 1251 1800 1278 et
1825 1256 1885 1278 nos

1093 1301 1278 1332 dimittimus
1298 1300 1493 1331 debitoribus
1510 1300 1635 1330 nostris.
1650 1299 1705 1330 Dei
1720 1303 1822 1330 autem
1839 1302 1885 1330 est

1093 1351 1249 1382 dimittere
1274 1354 1304 1381 et
1328 1350 1515 1382 conﬁrmare
1541 1350 1597 1386 66
1616 1349 1800 1390 petitionem
1824 1356 1884 1379 no-

1093 1405 1187 1433 stram
1209 1400 1265 1441 (lt).
1292 1412 1307 1429 ι›
1332 1401 1425 1431 Cuius
1452 1400 1580 1440 quidem
1603 1400 1776 1431 sententiae
1800 1399 1886 1439 prior

1084 1458 1167 1490 .pars
1188 1449 1221 1480 in
1247 1449 1442 1480 collectionis
1465 1448 1620 1489 Rosweidi
1642 1448 1724 1480 libro
1743 1449 1836 1479 tertio
1855 1451 1886 1480 et

1094 1499 1205 1539 quinto
1222 1502 1315 1538 atque
1338 1498 1373 1528 in
1394 1497 1678 1538 Apophthcgmatis
1693 1507 1710 1528 a
1731 1497 1886 1529 Cotelerio

1094 1548 1185 1580 editis
1210 1547 1325 1586 legitur
1353 1547 1406 1587 (5),
1437 1555 1570 1587 eamque
1594 1547 1719 1578 Macarii
1742 1548 1886 1588 Aegyptii

1057 1596 1080 1627 C
1094 1599 1280 1630 sententiam
1296 1606 1377 1635 esse,
1393 1607 1410 1629 e
1432 1598 1513 1629 libro
1529 1597 1641 1638 quinto
1663 1598 1703 1638 (6)
1721 1598 1885 1630 collectio-

1095 1650 1144 1680 nis
1158 1653 1253 1689 patet.

1134 1701 1194 1731 Sed
1212 1701 1274 1731 iam
1287 1700 1337 1738 iis,
1353 1707 1434 1740 quae
1447 1698 1570 1738 singula
1589 1698 1744 1730 Historiae
1758 1699 1885 1731 Lausia-

1095 1759 1151 1782 cae
1173 1750 1365 1791 exemplaria
1388 1749 1428 1781 de
1452 1749 1586 1780 Macario
1612 1748 1765 1788 Aegyptio
1791 1757 1885 1789 prae-

1095 1801 1182 1837 bent,
1195 1800 1338 1839 cognitis,
1355 1799 1394 1830 ad
1406 1807 1454 1836 ea,
1466 1807 1547 1839 quae
1559 1799 1598 1830 de
1608 1798 1741 1830 Macario
1756 1797 1887 1829 Alexan-

1096 1850 1187 1881 drino
1202 1859 1220 1881 a
1233 1850 1371 1882 Palladio
1392 1852 1570 1887 narrantur,
1587 1847 1813 1880 transeundum
1827 1851 1883 1879 est.

1392 1910 1515 1941 CAPUT
1535 1910 1589 1941 III.

1096 1969 1268 1992 PALLADIUS
1288 1970 1330 1991 DE
1350 1969 1468 1992 SANCTO
1491 1970 1627 1991 MACARIO
1648 1967 1885 1992 ALEXANDRINO.

1136 2013 1150 2049 §
1173 2011 1220 2042 18.
1244 2011 1381 2042 Historia
1393 2011 1553 2049 Lausiaca,
1575 2019 1657 2051 quae
1670 2011 1703 2042 in
1726 2011 1888 2042 codicibus

1095 2061 1397 2092 Vindobonensibus
1410 2060 1536 2099 legitur,
1553 2063 1722 2100 postquam
1736 2060 1775 2091 de
1790 2062 1890 2092 Maca-

1096 2111 1143 2142 rio
1162 2110 1316 2150 Aegyptio
1338 2110 1391 2141 illa
1411 2109 1529 2148 retulit,
1544 2109 1587 2141 ita
1609 2110 1714 2150 pergit
1736 2119 1863 2141 narrare
1880 2119 1885 2140 :

1097 2174 1112 2190 «ι
1127 2162 1274 2193 Sanctum
1287 2170 1362 2193 vero
1376 2161 1545 2194 Macarium
1558 2161 1802 2194 Alexandrinum
1814 2171 1890 2193 con-

1096 2212 1180 2249 veni,
1198 2213 1253 2252 qui
1270 2212 1436 2253 presbyter
1452 2216 1517 2244 erat
1539 2212 1718 2249 Celliorum,
1739 2222 1820 2253 quae
1838 2213 1886 2244 di—

256 2263 293 2286 su
307 2255 429 2293 Christi,
455 2257 510 2296 qui
528 2257 734 2288 servientibus
758 2257 819 2288 sibi
835 2257 868 2287 in
885 2257 1045 2288 sanctitate
1059 2273 1084 2303 D
1097 2265 1221 2294 cuntur,
1239 2264 1273 2294 In
1289 2272 1369 2304 quae
1386 2271 1445 2303 ego
1461 2271 1575 2294 novem
1590 2271 1690 2294 annos
1705 2263 1831 2301 secessi,
1850 2272 1890 2294 ex

256 2309 287 2336 et
302 2306 440 2337 castitate
462 2307 606 2347 promisit
627 2308 773 2339 caelestia
793 2311 823 2339 et
842 2311 970 2339 aeterna
985 2307 1044 2338 do-

255 2365 331 2388 nare
352 2357 385 2388 in
399 2357 452 2388 illa
467 2357 603 2397 gloriosa
625 2357 720 2389 futuri
741 2357 857 2389 saeculi
877 2357 950 2395 vita,
974 2366 1045 2388 cum

255 2406 376 2445 angelis
392 2408 507 2438 sanctis
521 2407 555 2438 in
567 2407 714 2447 perpetui
733 2406 861 2438 luminis
876 2406 1046 2447 splendOre

256 2464 383 2496 semper
397 2456 534 2495 gaudere
551 2456 605 2496 (l).
625 2467 640 2485 »

298 2517 334 2546 Et
350 2516 428 2548 haec
443 2516 572 2556 quidem
593 2516 721 2557 antiqua
734 2516 836 2548 versio
859 2516 898 2548 de
913 2517 1047 2548 Macario

257 2567 412 2606 Aegyptio
433 2570 558 2607 praeter
577 2576 625 2604 ea,
649 2575 731 2607 quae
751 2566 877 2598 codices
890 2567 1050 2599 Vindobo—

258 2626 373 2649 nenses
397 2621 428 2649 et
441 2621 566 2650 ceterae
578 2618 733 2650 Historiae
753 2618 920 2649 Lausiacae
935 2617 1048 2649 editio-

294 2708 333 2743 (I)
349 2707 406 2735 vv.
423 2707 476 2735 rp.
492 2707 586 2736 Rosw.
600 2716 628 2744 ι).
647 2708 710 2741 991,
728 2708 753 2736 ι.

293 2754 333 2790 (2)
354 2754 396 2782 Cl'.
423 2753 522 2790 Evagr.
543 2754 639 2790 Capita
657 2755 789 2790 practica.
811 2754 900 2782 initio.
920 2753 1045 2781 Galland.

258 2799 329 2830 Bibl.
341 2799 394 2828 PP.
409 2800 441 2828 T.
463 2800 508 2828 VII
524 2809 552 2836 p.
566 2801 629 2829 555.

293 2847 333 2883 (ὅ)
348 2846 407 2876 νγ.
425 2847 477 2874 PP.
492 2847 584 2875 Rosw.
599 2848 646 2875 lib.
663 2847 685 2874 V
701 2854 762 2883 cap.
774 2846 805 2874 21
825 2854 850 2882 p.
866 2846 928 2873 598.

294 2893 333 2928 (ι)
350 2892 417 2928 Cap.
435 2893 481 2926 22,
503 2893 536 2920 Π
548 2892 605 2920 vv.
623 2893 674 2920 PP.
691 2893 783 2920 Rosw.
799 2900 825 2927 p.
844 2892 924 2919 tota.

294 2939 333 2976 (5)
349 2938 410 2969 Lib.
423 2939 457 2967 lll
475 2947 536 2976 cap.
552 2940 606 2973 87;
622 2940 669 2967 lib.
689 2939 709 2966 ν
723 2939 806 2967 libell.
819 2938 846 2971 4,
862 2938 907 2966 28.
927 2937 1043 2966 Cotelcr.

1097 2316 1214 2357 quibus
1244 2321 1308 2348 tres
1338 2325 1463 2348 mecum
1495 2317 1570 2347 vixit
1596 2316 1649 2347 ille
1675 2316 1826 2348 Macarius
1855 2316 1889 2347 in

1096 2366 1204 2407 quiete
1229 2367 1358 2406 degens.
1382 2369 1482 2406 Atque
1507 2366 1566 2398 alia
1590 2366 1718 2406 quidem
1740 2366 1808 2406 ipse
1825 2365 1890 2396 vidi

1097 2416 1181 2456 apud
1196 2425 1269 2447 eum
1280 2417 1417 2456 optimae
1433 2417 1500 2448 eius
1511 2417 1634 2448 vivendi
1649 2416 1777 2448 rationis
1792 2425 1888 2456 opera

1099 2470 1130 2498 et
1143 2467 1244 2506 signa,
1260 2467 1319 2498 alia
1332 2468 1373 2498 ab
1387 2467 1438 2504 iis,
1450 2467 1505 2508 qui
1518 2476 1580 2498 una
1595 2475 1667 2498 cum
1680 2475 1718 2497 eo
1732 2466 1887 2503 vixerunt,

1098 2517 1206 2554 didici,
1229 2517 1289 2548 alia
1305 2517 1444 2557 denique
1467 2526 1485 2548 a
1509 2517 1724 2557 compluribus
1744 2517 1814 2548 aliis
1830 2526 1888 2548 au-

1099 2567 1173 2598 divi.
1189 2567 1375 2599 Exercitatio
1397 2567 1491 2607 igitur
1505 2567 1627 2598 Macarii
1648 2567 1764 2606 magni,
1780 2571 1815 2598 ut
1830 2576 1889 2607 ego

1101 2623 1132 2649 et
1154 2619 1245 2650 multi
1266 2619 1351 2659 apud
1375 2627 1448 2650 eum
1468 2618 1645 2656 didicimus,
1666 2618 1745 2649 haec
1763 2617 1832 2649 fuit.
1857 2619 1890 2648 SI

1099 2708 1174 2736 Eccl.
1190 2708 1289 2736 Graec.
1310 2707 1385 2736 Mon.
1405 2708 1437 2736 T.
1463 2707 1471 2734 Ι
1490 2716 1517 2743 p.
1530 2707 1582 2735 586
1598 2715 1621 2734 ε.
1637 2716 1664 2735 v.
1682 2707 1819 2735 Macarius
1837 2707 1888 2735 Ac-

1097 2754 1200 2789 gyptius
1219 2753 1233 2790 §
1252 2753 1341 2787 XVII;
1356 2754 1383 2781 in
1402 2754 1499 2780 harum
1519 2752 1716 2786 Quaestionum
1732 2753 1889 2789 Appendice

1100 2800 1183 2826 altera
1197 2799 1249 2827 sub
1267 2798 1311 2825 Ill.

1134 2845 1172 2881 (6)
1188 2845 1247 2872 Lib.
1262 2843 1285 2871 V
1297 2845 1383 2872 libell.
1398 2845 1425 2875 4,
1440 2843 1475 2872 28
1489 2844 1557 2879 legis
1571 2853 1577 2871 :
1596 2853 1605 2869 ι
1628 2843 1698 2870 Dixit
1713 2844 1775 2871 flent
1796 2843 1888 2871 Maca-

1098 2892 1175 2923 rius;
1189 2899 1199 2915 ι
1218 2891 1265 2918 sed
1281 2891 1370 2926 capite
1387 2890 1566 2919 antecedente
1579 2890 1613 2918 de
1631 2901 1639 2917 ι
1657 2889 1775 2918 Macario
1789 2890 1890 2918 maiora

1099 2939 1125 2965 in
1140 2936 1223 2965 Scit/li
1242 2947 1250 2962 ι
1268 2941 1404 2964 narratur.
