2060 3153
159 175 194 202 65

911 166 1025 197 ἮΤΑΕ.

1734 172 1768 200 6-‘3

164 228 250 270 quod
278 238 359 269 opus
385 229 615 261 exercitationis
642 229 789 269 aliquem.
804 235 942 269 unquam
957 228 979 257 Δ
994 230 1176 268 potestatem
1198 227 1231 259 in
1251 229 1403 268 Aegypto,
1428 231 1570 269 tempore
1591 228 1671 261 vitae
1696 238 1772 261 suae

163 280 274 311 fecisse
296 279 446 316 audierat,
466 280 551 310 idem
576 279 700 311 efficere
719 279 863 310 ardenter
884 281 946 309 stu-

163 329 239 361 duit.
253 330 311 360 Hic
326 329 420 368 igitur
433 333 570 367 sanctus,
594 338 693 370 quum
709 329 868 366 audiisset,
883 329 944 359 Ta-

162 379 361 411 bennesiotas
375 387 433 419 per
451 382 547 411 totam
570 379 839 420 quadragesimam
861 378 945 411 nulla

162 437 196 460 re
215 429 311 466 vesci,
336 437 418 468 quae
438 429 506 468 igni
526 430 651 460 admota
674 433 766 465 esset,
788 429 894 460 statuit
914 432 945 460 et

161 479 230 519 ipse
244 479 411 518 septennio
425 479 516 516 nihil,
533 479 621 519 quod
641 487 697 519 per
715 480 819 518 ignem
841 482 944 511 trans-

163 530 259 566 iisset,
275 528 453 566 comedere,
470 532 501 559 et
521 533 641 568 septem
660 529 750 560 annis
773 527 850 559 nihil
861 528 945 560 aliud

164 579 305 619 gustavit,
320 579 379 609 nisi
393 578 489 610 cruda
503 579 598 615 olera,
616 582 648 610 et
666 579 692 609 si
709 587 788 618 quae
801 578 880 609 forte
894 578 944 609 in-

163 629 297 661 venisset
319 628 477 666 legumina
494 627 682 660 humectata.
695 628 739 659 De
755 627 818 659 alio
834 627 944 658 audie-

163 683 219 717 rat,
242 680 296 720 qui
310 679 420 710 libram
436 679 526 719 panis
542 679 739 716 comederet;
765 689 862 720 quare
880 679 945 712 fre-

163 731 219 770 git,
234 739 315 770 quae
325 730 443 767 habuit,
458 729 631 760 buccellata
645 732 676 760 et
688 730 721 760 in
734 729 876 769 lagenam
891 730 947 762 im~

166 779 259 816 misit,
283 782 420 810 statuens
443 782 563 810 tantum
587 779 767 816 comedere,
795 783 946 819 quantum

165 838 277 860 manus
300 828 397 868 ipsius
419 837 542 859 sursum
556 828 689 860 tulisset.
713 830 822 868 Magna
842 832 946 862 autem

166 877 244 909 haec
270 885 395 917 quoque
420 877 480 909 fuit
502 878 706 910 continentia.
737 879 814 910 Nam
837 878 980 924 festiven

167 927 259 959 nobis
272 928 434 958 narrabat:
457 927 549 958 Plura
568 927 697 966 quidem
713 927 811 958 frusta
833 935 946 967 appre-

166 977 351 1014 bendebam,
366 977 421 1008 sed
435 977 547 1008 eﬂ‘erre
561 985 627 1008 non
641 980 781 1017 poteram
795 977 837 1008 ob
850 986 947 1017 angu-

167 1028 255 1059 stiam
283 1026 454 1057 foraminis.
485 1026 674 1057 Publicanus
701 1026 796 1064 enim,
831 1026 946 1066 inquit,

165 1077 242 1109 mihi
258 1086 323 1109 non
340 1076 538 1116 permittebat
559 1076 688 1108 omnino
703 1076 757 1112 67
771 1085 836 1108 non
850 1077 945 1109 vesci.

163 1128 214 1159 Sic
227 1127 321 1167 igitur
334 1130 399 1158 tres
411 1135 512 1158 annos
527 1126 658 1167 peregit,
675 1130 808 1166 quatuor
819 1128 946 1167 quidem

164 1178 213 1209 vel
238 1178 378 1218 quinque
408 1177 516 1208 uncias
542 1177 712 1208 comedens
734 1179 766 1207 et
788 1177 947 1209 modicum

164 1236 265 1268 aquae
290 1227 413 1258 bibens.
448 1225 516 1257 Olei
555 1229 661 1257 autem
688 1225 856 1257 sextarium
879 1230 946 1258 toto

163 1286 248 1309 anno
268 1277 302 1308 in
321 1277 503 1308 alimentum
527 1275 742 1307 consumebat.
766 1275 876 1306 Statuit
887 1275 946 1307 ali-

166 1328 292 1369 quando
307 1335 454 1367 superare
470 1335 625 1363 somnum,
644 1329 678 1357 ut
691 1326 759 1366 ipse
774 1326 865 1357 nobis
878 1335 947 1357 nar-

167 1378 244 1409 ravit
266 1387 272 1408 :
297 1377 383 1408 Totis
404 1377 511 1416 viginti
535 1377 645 1409 diebus
669 1379 701 1407 et
719 1377 862 1408 noctibus
888 1377 947 1408 sub

167 1431 284 1460 tectum
300 1436 364 1459 non
381 1436 449 1458 sum
469 1427 638 1467 ingressus,
659 1427 797 1458 interdiu
820 1427 947 1468 quidem

166 1482 256 1510 aestu
267 1478 389 1515 urebar,
404 1482 499 1509 noctu
512 1487 586 1509 vero
600 1477 680 1509 febri
694 1478 843 1517 rigebam.
859 1478 947 1514 Quod

168 1529 228 1560 nisi
242 1532 357 1559 tectum
373 1528 464 1559 citius
476 1537 576 1559 essem
589 1528 759 1567 ingressus,
773 1528 946 1568 inquiebat,

167 1581 200 1609 et
213 1585 322 1608 somno
336 1585 414 1608 usus
428 1585 540 1613 essem,
560 1577 722 1608 cerebrum
740 1576 784 1608 ita
799 1577 875 1608 mihi
895 1585 946 1608 es—

169 1631 216 1658 set
231 1626 412 1663 arefactum,
428 1629 472 1663 ut,
484 1626 561 1666 quin
574 1626 607 1657 in
615 1627 747 1658 ecstasin
763 1635 881 1666 agerer,
895 1635 949 1667 pa-

168 1686 238 1707 rum
252 1678 385 1708 abesset.
401 1678 438 1708 Et
451 1680 614 1717 quantum,
628 1677 742 1717 inquit,
760 1677 795 1708 in
808 1686 858 1708 me
878 1677 948 1714 fuit,

168 1727 228 1758 vici
254 1736 418 1765 somnum,
446 1730 596 1768 quantum
623 1735 703 1767 opus
732 1730 793 1763 est,
821 1730 949 1759 naturae

167 1777 357 1808 concedens.

210 1838 224 1854 α
239 1827 338 1862 Quum
355 1826 406 1857 hic
423 1828 546 1856 sanctus
561 1832 653 1855 mane
669 1825 703 1855 in
722 1823 800 1855 cella
814 1824 948 1863 sederet,

169 1876 203 1906 in
222 1875 304 1916 pede
322 1884 395 1907 eum
409 1875 498 1906 culex
514 1875 657 1915 pupugit,
672 1883 777 1914 quem,
799 1875 950 1913 sanguine

169 1928 351 1962 saturatum,
376 1925 483 1956 dolore
505 1928 606 1956 tactus
629 1933 724 1954 manu
741 1924 831 1955 elisit.
854 1924 948 1955 Dein-

168 1984 245 2015 ceps
259 1984 332 2006 vero
353 1983 387 2006 se
410 1974 619 2014 reprehendit,
643 1973 697 2014 qui
721 1982 754 2004 se
777 1973 844 2013 ipse
868 1972 950 2004 ultus

169 2027 264 2061 esset,
288 2033 384 2064 seque
404 2024 631 2060 condemnavit,
648 2027 682 2054 ut
704 2023 825 2054 sederet
847 2023 950 2054 nudus

170 2084 226 2105 sex
251 2084 375 2106 menses
400 2075 433 2105 in
463 2074 578 2115 palude
606 2074 714 2112 Scetis,
743 2082 823 2114 quae
850 2077 896 2105 est
916 2074 950 2104 in

169 2129 254 2156 vasta
268 2125 445 2156 solitudine.
462 2125 520 2155 Ubi
532 2124 647 2155 culices
660 2127 790 2164 possunt
798 2124 846 2154 vel
861 2132 951 2164 apro-

171 2184 240 2206 rum
250 2175 349 2214 pelles
364 2174 515 2211 sauciare,
534 2182 631 2213 quum
651 2174 712 2204 sint
729 2181 829 2212 aeque
846 2173 951 2212 magni

995 286 1033 309 ex
1065 278 1224 318 quadratis
1248 277 1404 319 lapidibus
1429 283 1669 312 construxerunt
1692 280 1771 311 illud

995 337 1087 368 opus,
1103 329 1135 359 in
1150 337 1213 368 quo
1225 332 1462 360 monumentum
1476 329 1628 367 fecerunt,
1647 333 1678 361 et
1689 330 1771 362 mul-

994 381 1060 409 tum
1079 379 1146 410 auri
1164 379 1389 419 deposuerunt,
1405 379 1507 410 omnis
1524 388 1650 420 quoque
1673 388 1772 420 gene-

995 428 1037 459 ris
1050 429 1179 460 arbores
1187 428 1375 468 plantarunt,
1390 431 1422 459 et
1430 431 1558 468 puteum
1569 437 1667 469 aquae
1677 431 1774 462 maxi-

995 487 1080 510 mum
1108 478 1265 515 foderunt,
1290 481 1451 518 sperantes
1480 479 1606 518 quidem
1630 480 1709 517 fore,
1736 484 1775 512 ut

994 531 1067 568 post
1089 536 1180 558 suum
1199 525 1273 558 hinc
1295 527 1369 559 illuc
1397 528 1566 559 discessum
1595 529 1774 560 fruerentur

995 577 1114 608 deliciis
1126 577 1160 608 in
1174 577 1235 608 hoc
1252 577 1407 618 paradiso.
1429 578 1540 608 Servus
1553 576 1647 616 igitur
1662 579 1773 611 Christi

994 627 1146 658 Macarius
1164 636 1261 667 quum
1276 627 1367 664 viam,
1390 636 1471 667 quae
1485 627 1523 658 ad
1544 626 1628 659 hunc
1648 628 1774 660 hortum

995 676 1090 715 ducit,
1112 677 1279 716 ignoraret,
1300 676 1366 707 sola
1387 677 1567 716 conjectura
1588 681 1711 709 secutus
1727 683 1775 709 est

995 729 1086 764 astra,
1108 727 1188 758 sicut
1211 731 1338 764 nautae,
1364 727 1418 766 qui
1436 727 1532 758 maria
1551 727 1772 759 transmittunt.

995 776 1045 807 Sic
1068 779 1165 808 totam
1186 776 1323 817 pervasit
1349 777 1558 808 solitudinem.
1581 777 1774 809 Fasciculum

995 836 1069 859 vero
1091 827 1279 859 arundinum
1299 827 1410 864 tenuit,
1429 834 1468 858 ex
1489 823 1603 867 quibus
1623 837 1718 859 unam
1741 829 1774 860 in

995 885 1189 917 unoquoque
1201 878 1258 913 88
1275 877 1399 908 milliari
1416 880 1564 918 tanquam
1579 878 1701 917 signum
1719 887 1776 919 po-

995 927 1075 964 suit,
1102 926 1191 958 cuius
1220 934 1284 967 ope
1312 929 1474 958 remearet.
1511 927 1629 958 Novem
1663 927 1776 959 diebus

995 984 1095 1016 prope
1114 976 1204 1007 illum
1227 975 1354 1008 hortum
1367 976 1462 1012 venit,
1484 980 1516 1007 et
1533 981 1626 1008 nocte
1646 985 1775 1018 Oppreso

995 1034 1048 1056 sus
1064 1035 1175 1066 parum
1196 1026 1350 1057 dormivit.
1369 1027 1533 1067 Improbus
1548 1035 1622 1058 vero
1641 1027 1777 1059 daemon.

996 1076 1164 1107 arundines
1178 1076 1247 1107 illas
1260 1076 1405 1108 collectas
1419 1077 1458 1108 ad
1473 1080 1566 1117 caput
1580 1077 1646 1108 eius
1658 1078 1775 1118 posuit,

995 1125 1125 1157 fortasse
1157 1126 1212 1157 Dei
1239 1126 1394 1166 permissu
1425 1126 1465 1158 ad
1494 1127 1644 1158 maiorem
1677 1127 1775 1158 sancti

997 1177 1265 1214 exercitationem,
1291 1185 1331 1209 ne
1357 1177 1391 1208 in
1417 1177 1620 1209 arundinibus
1645 1178 1777 1209 ducibus

996 1235 1085 1266 spem
1099 1235 1186 1257 suam
1203 1226 1345 1264 haberet,
1366 1227 1423 1258 sed
1435 1227 1534 1266 magis
1549 1227 1582 1258 in
1597 1228 1694 1266 gratia
1707 1229 1773 1265 Dei,

997 1275 1052 1315 qui
1064 1285 1121 1315 per
1135 1275 1312 1308 columnam
1327 1277 1409 1316 ignis
1423 1280 1454 1308 et
1467 1277 1559 1309 nubis
1573 1278 1774 1318 quadraginta

996 1334 1096 1356 annos
1117 1325 1149 1355 in
1163 1325 1220 1356 ista
1244 1325 1412 1356 solitudine
1435 1325 1586 1366 p0pulum
1604 1327 1696 1358 Israel
1711 1336 1775 1358 non

997 1377 1195 1408 obedientem
1210 1380 1241 1407 et
1253 1380 1478 1417 repugnantem
1489 1377 1625 1408 deduxit.
1640 1378 1776 1417 Surgens

996 1426 1090 1466 igitur
1117 1426 1285 1458 arundines
1309 1426 1466 1465 colligatas
1490 1426 1618 1458 invenit.
1647 1428 1776 1459 Sanctus

997 1479 1100 1507 autem
1117 1486 1124 1507 ε
1144 1477 1214 1514 Ubi,
1238 1475 1351 1516 inquit,
1376 1476 1415 1507 ad
1429 1476 1554 1507 hortum
1577 1477 1707 1517 propius
1722 1486 1776 1509 ac-

998 1527 1089 1564 cessi,
1112 1535 1151 1558 ex
1170 1535 1209 1558 eo
1233 1526 1351 1566 egressi
1374 1529 1447 1557 sunt
1470 1526 1610 1566 mihique
1630 1536 1776 1559 occurre-

999 1580 1072 1607 runt
1088 1576 1283 1616 septuaginta
1297 1576 1362 1608 fere
1383 1576 1553 1607 daemones
1565 1576 1656 1608 variis
1669 1576 1778 1608 formis

997 1627 1140 1667 praediti,
1155 1627 1207 1658 alii
1222 1627 1349 1666 quidem
1370 1626 1548 1663 clamantes,
1565 1626 1617 1657 alii
1631 1635 1704 1658 vero
1721 1635 1776 1658 ex-

998 1677 1147 1715 silientes,
1163 1677 1215 1708 alii
1230 1686 1301 1708 cum
1319 1685 1433 1716 magno
1448 1676 1573 1708 fremitu
1585 1677 1618 1707 in
1632 1685 1682 1708 me
1698 1677 1776 1708 den-

997 1727 1081 1758 tibus
1099 1727 1276 1758 stridentes.
1296 1727 1395 1758 Ceteri
1411 1730 1557 1767 tanquam
1573 1727 1658 1758 corvi
1674 1727 1778 1758 volan-

997 1778 1046 1807 tes
1067 1777 1222 1808 audebant
1242 1777 1341 1808 vultui
1362 1785 1434 1808 meo
1449 1776 1597 1808 insultare
1615 1777 1775 1808 dicentes:

999 1827 1077 1863 Quid
1092 1827 1146 1863 vis,
1161 1827 1283 1864 Macari,
1300 1827 1427 1858 tentatio
1441 1825 1685 1858 monachorum?
1700 1827 1778 1863 Quid

999 1877 1038 1907 ad
1054 1886 1111 1908 nos
1127 1876 1305 1908 accessisti?
1319 1879 1365 1908 An
1379 1885 1438 1908 nos
1453 1886 1580 1917 quoque
1601 1880 1708 1908 contra
1724 1877 1778 1908 ali-

1000 1935 1080 1966 quos
1108 1926 1333 1958 monachorum
1358 1927 1528 1958 machinati
1548 1925 1674 1957 sumus?
1696 1928 1778 1964 Quae

999 1980 1105 2008 nostra
1121 1980 1202 2014 sunt,
1217 1977 1315 2008 habes
1326 1977 1390 2008 illic
1407 1986 1479 2008 cum
1493 1978 1537 2007 tui
1551 1977 1713 2013 similibus,
1730 1985 1780 2007 so-

999 2026 1162 2057 litudinem
1186 2026 1268 2063 dico,
1294 2035 1313 2057 e
1331 2035 1392 2066 qua
1417 2030 1566 2065 cognatos
1584 2030 1709 2057 nostros
1727 2026 1779 2058 fu-

1000 2076 1134 2115 gavistis.
1156 2077 1272 2107 Tecum
1303 2075 1382 2106 nihil
1409 2084 1576 2107 commune
1602 2075 1778 2107 habemus:

1000 2125 1075 2164 quid
1091 2128 1197 2156 nostra
1211 2125 1280 2156 loca
1294 2124 1485 2164 ingrederis?
1498 2125 1692 2157 Anachoreta
1706 2136 1780 2158 con-

1000 2177 1103 2206 tentus
1117 2178 1184 2206 esto
1199 2175 1377 2206 solitudine.
1395 2175 1452 2211 Qui
1466 2175 1549 2207 hunc
1569 2175 1673 2207 locum
1693 2177 1779 2207 aedi-

171 2229 206 2256 ut
219 2233 340 2265 vespae.
357 2225 401 2255 Ab
414 2224 451 2255 iis
465 2224 559 2263 igitur
571 2227 654 2254 totus
667 2223 709 2254 ita
722 2223 875 2254 sauciatus
890 2226 948 2260 est,
965 2225 989 2254 Β
1003 2225 1144 2263 ﬁcamnt,
1161 2234 1233 2256 eum
1245 2226 1336 2256 nobis
1352 2225 1564 2264 adsignarunt.
1579 2226 1649 2257 Non
1664 2227 1779 2266 poteris

171 2278 207 2306 ut
221 2279 251 2306 et
265 2274 365 2306 aculei
377 2274 411 2305 in
421 2278 486 2305 toto
501 2282 634 2313 corpore
648 2274 745 2313 ipsius
760 2272 949 2310 viderentur,

171 2334 207 2357 ac
223 2324 367 2355 nonnulli
388 2323 562 2361 crederent,
589 2322 794 2362 elephantiasi
808 2330 880 2353 eum
903 2322 949 2354 la-

171 2374 293 2405 borare.
311 2374 483 2403 Reversum
500 2380 573 2403 vero
590 2371 625 2402 in
647 2371 789 2402 cellulam
805 2380 893 2402 suam
913 2380 952 2403 ex

172 2424 237 2456 sola
251 2432 326 2455 voce
344 2426 557 2462 cognoverunt
570 2422 736 2453 Macarium
753 2429 832 2452 esse.

212 2485 226 2502 α
244 2473 344 2513 Cupiit
359 2471 539 2512 aliquando,
560 2474 596 2502 ut
610 2472 699 2502 nobis
718 2472 786 2511 ipse
807 2471 950 2508 narravit,

170 2523 292 2561 ingredi
316 2525 569 2558 monumentum,
593 2521 677 2561 quod
701 2521 812 2552 dicitur
836 2521 952 2556 κηποτά-

172 2581 233 2607 φιον
246 2575 360 2604 Jannes
375 2575 406 2603 et
417 2571 557 2603 Jambres
572 2579 744 2609 magorum,
760 2571 814 2611 qui
827 2571 953 2603 fuerunt

172 2629 314 2664 tempore
334 2621 515 2658 Pharaonis,
534 2620 658 2651 videndi
679 2629 781 2658 causa,
804 2624 857 2651 aut
876 2621 950 2652 dae—

172 2683 295 2710 mones,
311 2672 366 2713 qui
379 2672 424 2702 ibi
436 2675 518 2708 sunt,
533 2670 750 2702 conveniendi.
765 2670 953 2701 Dicebantur

173 2726 258 2756 enim
275 2723 364 2755 multi
378 2723 464 2762 iique
479 2722 600 2752 feroces
616 2721 657 2751 ibi
674 2721 712 2751 ab
731 2720 791 2750 illis
810 2721 952 2752 collocati

174 2785 242 2807 esse
255 2775 425 2806 daemones
444 2781 500 2812 per
518 2771 732 2804 excellentiam
750 2771 886 2810 magicae
901 2781 951 2802 ar-

173 2827 222 2863 tis,
244 2834 306 2865 qua
330 2824 445 2864 primas
469 2830 596 2863 qquue
615 2821 669 2852 illo
688 2825 830 2861 tempore
850 2826 952 2862 partes

174 2876 256 2915 apud
281 2875 472 2905 Pharaonem
496 2873 682 2903 habuerunt.
715 2871 772 2907 Qui
801 2872 842 2902 ita
871 2873 952 2903 nacti

321 2932 456 2973 Ρλτιιοιζ
478 2941 536 2972 Gn.
557 2941 702 2971 xxxn‘.

1000 2274 1051 2306 hic
1077 2283 1216 2306 manere.
1250 2274 1328 2312 Quid
1355 2274 1479 2314 quaeris
1511 2275 1633 2313 ingredi
1664 2275 1778 2312 locum,

1001 2333 1096 2365 quem
1117 2334 1210 2357 nemo
1227 2324 1400 2361 hominum,
1421 2325 1475 2364 qui
1490 2325 1643 2362 vixerunt,
1664 2334 1703 2356 ex
1717 2335 1778 2365 quo

1001 2378 1143 2414 tempore
1173 2374 1294 2410 fratres,
1325 2374 1379 2414 qui
1408 2382 1479 2405 eum
1509 2375 1728 2412 condiderunt,
1765 2384 1779 2406 δ

1001 2425 1093 2455 nobis
1116 2424 1167 2455 hic
1191 2424 1303 2464 sepulti
1329 2428 1413 2462 sunt,
1438 2427 1485 2455 est
1510 2424 1687 2463 ingressus?
1709 2426 1781 2456 Sanv

1002 2478 1068 2505 ctus
1085 2483 1092 2504 :
1110 2475 1220 2511 Quum,
1243 2474 1355 2511 aiebat,
1379 2473 1509 2504 multum
1528 2474 1657 2514 insuper
1675 2475 1778 2506 turba-
1793 2487 1797 2507 ι

1003 2527 1071 2555 rent
1094 2524 1401 2563 lamentarenturque
1416 2524 1596 2561 daemones,
1622 2523 1707 2554 dixi:
1729 2525 1779 2555 In-

1002 2575 1125 2614 gred-iar
1151 2578 1282 2612 tantum,
1312 2574 1435 2610 videbo,
1467 2577 1498 2604 et
1527 2574 1599 2604 hinc
1628 2574 1782 2605 recedam.

1002 2626 1197 2655 Daemones:
1224 2623 1302 2662 Hoc,
1330 2624 1486 2663 inquiunt,
1521 2623 1611 2654 nobis
1637 2623 1785 2662 promitte

1002 2675 1035 2705 in
1057 2673 1248 2705 conscientia
1273 2677 1335 2704 tua.
1350 2674 1386 2703 Et
1408 2682 1505 2712 quum
1527 2672 1697 2704 dixissem:
1717 2674 1784 2705 Hoc

1002 2724 1124 2760 faciam,
1145 2723 1309 2754 confestim
1324 2725 1527 2753 evanuerunt.
1543 2723 1703 2761 Ingressus
1723 2723 1781 2761 igi-

1003 2778 1064 2811 tur,
1092 2773 1205 2809 aiebat,
1230 2773 1293 2803 vidi
1320 2773 1436 2803 omnia.
1468 2772 1526 2803 Ubi
1548 2772 1653 2803 inveni
1673 2773 1785 2807 cadum

1004 2831 1148 2859 aeneum,
1163 2826 1273 2853 catena
1294 2821 1394 2852 ferrea
1410 2821 1598 2861 pendentem
1623 2831 1661 2853 ex
1676 2826 1784 2862 puteo,

1007 2873 1061 2904 sed
1086 2877 1228 2914 tempore
1252 2876 1485 2912 consumptum,
1500 2877 1531 2904 et
1550 2872 1670 2903 fructus
1690 2871 1783 2903 malo

1596 2941 1615 2969 3
