2060 3153
277 170 312 200 ΰτ
688 167 736 195 SS.
755 166 988 194 MACARIORL‘M
1007 165 1168 194 AEGYPTII
1188 166 1232 194 ΕΤ
1247 166 1484 195 ALEXANDRINI
1855 168 1890 195 68

278 236 349 259 rum
363 225 525 263 siccarum,
541 233 621 266 quae
635 224 824 256 intrinsecus
835 233 949 256 vacuae
963 226 1062 255 erant.
1078 226 1102 255 Δ
1114 225 1208 256 misit.
1224 226 1308 262 Quae
1322 226 1460 266 propriis
1475 225 1607 266 pedibus
1621 234 1772 265 regressa,
1787 225 1894 265 copio-

269 277 410 317 _Sanctus
436 276 530 316 igitur
557 284 654 316 quum
680 275 798 315 absque
827 274 1061 315 perturbatione

256 363 257 366 η
277 327 364 359 illinc
386 326 574 364 recessisset,
599 334 657 366 per
680 325 789 365 viginti
811 324 878 356 dies
901 325 1059 356 remeavit.

278 377 475 417 Consumptis
501 385 575 408 vero
603 377 725 408 cibariis
754 376 955 407 solitudinem
974 384 1063 416 pera-

278 436 371 468 grans
390 435 491 467 paene
504 427 582 457 nihil
596 427 725 458 omnino
741 425 884 465 gustavit,
908 426 993 466 quod
1011 435 1061 457 res

277 484 407 516 quoque
430 475 586 515 probavit;
602 479 696 515 atque
710 478 826 506 tentata
840 479 886 506 est
900 475 1061 506 tolerantia

278 526 357 557 eius.
383 528 484 563 Quum
509 535 584 557 vero
606 526 669 557 iam
691 534 803 566 parum
829 526 964 563 abesset,
984 526 1061 565 quin

278 577 497 614 collaberetur,
515 577 543 608 ei
565 577 629 607 visa
650 579 696 607 est
719 585 815 607 unum
837 575 902 607 fere
928 576 1061 607 stadium

278 627 396 658 distans
409 627 514 668 puella
525 627 678 666 quaedam
689 627 744 662 69
753 626 869 657 munda
883 626 966 657 linea
979 631 1061 658 veste

278 678 398 715 induta,
420 686 500 718 quae
520 686 631 708 urnam
647 677 772 707 tenebat
792 685 873 715 aqua
894 675 1061 706 stillantem

278 732 373 768 atque
397 737 469 759 eum
493 727 694 768 provocabat.
709 729 785 758 Tres
807 727 901 765 igitur
922 726 989 757 dies
1013 726 1061 756 in-

278 786 402 817 gressus
421 786 490 808 eam
504 777 590 815 vidit,
607 785 709 817 neque
724 776 847 816 assequi
864 776 982 816 potuit;
1004 784 1060 816 spe

278 832 383 859 autem
421 827 550 859 bibendi
584 827 767 866 languorem
799 826 955 858 sustinuit.
987 827 1061 857 Post

279 887 373 919 quam
398 879 541 919 apparuit
561 877 726 909 multitudo
745 877 946 913 bubalorum;
972 885 1061 917 repe-

278 931 401 961 riuntur
424 929 508 961 enim
530 929 564 960 in
585 929 646 960 illis
670 928 861 968 regionibus.
889 928 912 958 E
933 928 1058 967 quibus,

278 981 390 1019 aiebat,
405 990 468 1012 una
489 980 619 1011 vitulum
641 979 759 1010 habens
778 977 855 1008 mihi
877 985 916 1008 ex
931 977 1059 1008 adverso

279 1032 372 1062 stetit.
396 1031 487 1062 Cuius
504 1033 627 1061 uterum
651 1037 748 1069 quum
767 1028 847 1059 lacte
867 1028 963 1059 ﬂuere
979 1027 1061 1058 vide-

279 1089 357 1118 rem,
374 1080 502 1117 accessi,
519 1083 549 1110 et
563 1088 662 1119 usque
678 1078 717 1110 ad
735 1078 907 1109 satietatem
929 1078 1060 1108 nutritus

279 1140 358 1162 sum.
380 1133 422 1162 Ac
437 1130 540 1161 divino
562 1129 660 1160 iussui
685 1136 799 1168 parens
821 1135 872 1158 me
895 1130 999 1158 secuta
1014 1129 1061 1157 est

280 1190 380 1221 usque
393 1180 433 1211 ad
448 1179 570 1217 cellam,
592 1182 622 1209 et
637 1186 686 1208 me
703 1178 831 1218 quidem
849 1176 986 1214 nutrivit,
1002 1185 1058 1207 ne-

279 1239 341 1271 que
356 1239 429 1262 vero
444 1229 572 1260 vitulum
592 1237 683 1259 suum
700 1227 824 1259 admisit

318 1315 333 1331 ‹‹
357 1303 476 1333 Rursus
502 1301 577 1332 alias
604 1300 655 1331 hic
683 1299 795 1330 virtute
821 1298 980 1339 praeditus
1002 1298 1059 1336 vir,

279 1361 377 1392 quum
401 1360 502 1392 prope
525 1351 599 1382 folia
623 1354 654 1381 et
675 1353 830 1381 sarmenta
852 1353 981 1390 puteum
1009 1349 1059 1380 fo-

279 1403 366 1434 deret
377 1401 409 1431 in
420 1401 645 1432 recreationem
655 1398 893 1436 monachorum,
905 1398 944 1429 ab
953 1398 1061 1438 aspide

278 1460 403 1482 morsus
418 1454 474 1481 est.
489 1449 578 1486 Quod
594 1448 708 1480 animal
729 1448 822 1479 letale
836 1456 992 1479 venenum
1009 1447 1063 1479 ha-

278 1501 342 1532 bet.
359 1499 593 1540 Apprehensam
615 1499 708 1538 igitur
728 1507 746 1529 a
759 1498 901 1529 faucibus
920 1499 1061 1538 aspidem

279 1554 403 1583 sanctus
433 1550 583 1581 ambabus
612 1549 756 1580 manibus
786 1548 966 1589 discerpsit,
999 1553 1030 1580 ct
1053 1558 1095 1595 ξε

279 1602 391 1638 Quum,
406 1600 519 1640 inquit,
535 1603 567 1630 te
584 1607 648 1630 non
662 1599 781 1630 miserit
797 1599 945 1630 Dominus
958 1607 1059 1637 meus,

280 1651 440 1692 quomodo
459 1658 533 1681 ausa
548 1658 581 1680 es
594 1649 633 1680 ad
648 1657 698 1680 me
714 1648 885 1681 accedere?

319 1734 335 1752 ι
351 1723 408 1754 Hic
431 1722 581 1753 Macarius
602 1728 734 1760 magnus
756 1719 892 1751 diversas
915 1719 1009 1751 cellas
1027 1720 1060 1750 in

279 1772 447 1804 solitudine
460 1771 579 1808 habuit,
589 1771 622 1801 in
633 1770 746 1810 quibus
761 1770 929 1801 certamina
942 1769 1061 1801 virtutis

279 1823 400 1864 peregit
417 1832 423 1853 :
440 1831 534 1853 unam
554 1821 682 1861 quidem
703 1820 736 1850 in
753 1821 854 1858 Scete,
875 1829 955 1860 quae
974 1820 1061 1859 regio

280 1878 327 1905 est
341 1874 375 1904 in
390 1873 539 1904 interiore
558 1874 639 1902 vasta
654 1870 833 1907 solitudine,
847 1880 942 1902 unam
957 1871 989 1901 in
1009 1871 1060 1901 Li—

278 1927 340 1964 bya
362 1927 396 1954 in
425 1924 539 1960 Celliis,
566 1931 646 1962 quae
674 1923 831 1958 dicuntur,
856 1927 887 1952 et
913 1927 1005 1952 aliam
1028 1924 1062 1952 in

279 1978 387 2005 monte
403 1974 529 2009 Nitriae.
547 1974 591 2004 Ex
610 1973 724 2013 quibus
746 1974 824 2004 aliae
839 1972 965 2013 quidem
982 1971 1062 2002 ostio

279 2024 438 2060 carebant,
454 2023 486 2054 in
511 2023 625 2063 quibus
644 2023 794 2054 Macarius
812 2021 973 2053 dicebatur
987 2023 1064 2051 tem-

279 2079 357 2111 pore
376 2071 633 2110 quadragesimae
653 2071 763 2102 sedere
784 2071 817 2101 in
840 2071 989 2101 tenebris.
1009 2069 1062 2099 Al-

278 2124 345 2152 tera
359 2123 462 2151 autem
475 2120 554 2151 cella
568 2120 667 2151 multo
684 2121 843 2160 angustior
856 2124 921 2151 erat
939 2120 1061 2156 ceteris,

278 2171 312 2201 in
327 2179 389 2210 qua
403 2179 462 2201 nec
486 2170 600 2210 pedem
623 2171 792 2202 extendere
815 2173 946 2210 poterat.
962 2169 1063 2199 Tertia

279 2228 353 2250 vero
368 2219 502 2259 amplior
515 2223 592 2256 erat,
614 2220 648 2250 in
666 2229 728 2260 qua
748 2220 840 2251 etiam
866 2228 921 2250 eos
945 2227 1060 2251 conve-
1077 2239 1099 2268 υ

280 2270 394 2307 niebat,
412 2270 464 2310 qui
480 2270 519 2301 ad
533 2270 637 2310 ipsum
652 2269 852 2301 ventitabant.

320 2355 335 2372 α
355 2344 413 2375 Hic
426 2344 472 2374 vir
490 2346 613 2375 sanctus
633 2346 748 2374 tantam
768 2342 998 2373 multitudinem
1018 2351 1065 2373 sa-

279 2395 363 2426 navit
378 2403 499 2431 eorum,
521 2394 576 2433 qui
600 2402 617 2424 a
640 2393 847 2424 daemonibus
860 2393 1062 2432 vexabantur,

279 2451 314 2477 ut
329 2455 384 2477 eos
410 2444 604 2476 numerando
628 2443 711 2475 haud
734 2444 824 2475 facile
848 2452 1062 2484 percenseres.

280 2497 380 2532 Quum
395 2503 453 2526 nos
466 2495 656 2531 adessemus,
673 2494 711 2525 ad
723 2494 807 2525 hunc
822 2498 963 2525 sanctum
977 2494 1063 2533 virgo

279 2546 499 2577 Thessalonica
523 2545 665 2581 oriunda,
693 2544 808 2576 nobilis
831 2553 946 2584 genere
976 2549 1006 2576 et
1031 2545 1064 2576 in

279 2595 339 2627 hac
361 2595 422 2626 vita
449 2595 546 2632 dives,
569 2598 734 2635 apportata
763 2598 821 2633 est,
852 2603 934 2635 quae
959 2595 1064 2626 multis

279 2645 370 2677 annis
391 2645 526 2685 paralysi
549 2645 720 2676 laborabat.
743 2648 844 2686 Atque
862 2646 901 2677 ad
918 2655 990 2677 eum
1012 2647 1065 2677 ad-

279 2696 373 2727 ducta
393 2704 493 2736 prope
517 2695 627 2727 cellam
649 2697 747 2728 sancti
766 2696 905 2737 proiecta
927 2700 982 2727 est.
1007 2697 1064 2733 Qui

279 2745 492 2777 misericordia
507 2748 683 2777 commotus
699 2755 795 2786 quum
810 2755 920 2787 preces
930 2746 1064 2777 fundens

280 2799 312 2826 et
338 2795 410 2827 oleo
438 2799 546 2827 sancto
574 2805 642 2827 eam
666 2797 803 2837 propriis
832 2797 896 2828 suis
919 2796 1064 2827 manibus

278 2855 402 2886 ungens
424 2846 532 2885 viginti
555 2847 666 2879 diebus
690 2856 785 2888 super
806 2857 874 2879 eam
902 2847 1010 2878 sedulo
1028 2856 1064 2878 ac

278 2897 410 2929 multum
428 2901 555 2936 orasset,
580 2907 686 2930 sanam
711 2899 742 2930 in
757 2898 910 2930 civitatem
933 2899 1001 2929 eius
1017 2898 1063 2929 di-

1111 283 1177 305 sam
1199 276 1313 306 sanctis
1326 275 1520 307 oblationem
1534 276 1627 306 misit.

1151 348 1165 363 ιί
1190 336 1248 367 Hic
1274 345 1406 375 magnus
1431 336 1582 368 Macarius
1609 344 1706 375 quum
1733 335 1892 372 audiisset,

1110 385 1353 417 Tabennesiotas
1372 386 1569 426 praeclarum
1585 385 1701 416 habere
1715 385 1793 415 vitae
1808 384 1895 414 insti-

1110 439 1222 473 tutum,
1243 439 1360 467 mutata
1383 439 1470 467 veste
1494 439 1525 466 et
1547 436 1711 475 adsumpto
1733 435 1893 464 mundano

1111 486 1247 526 operarii
1261 486 1379 524 habitu,
1394 487 1496 527 spatio
1513 486 1691 526 quindecim
1705 486 1759 521 70
1771 485 1893 516 dierum

1110 536 1143 567 in
1170 537 1372 575 Thebaidem,
1403 545 1463 577 per
1489 536 1690 568 solitudinem
1721 535 1893 575 profectus,

1111 587 1262 627 pervenit.
1282 587 1338 618 Ubi
1362 596 1461 627 quum
1482 587 1515 617 in
1535 586 1759 617 monasterium
1776 584 1896 615 Taben-

1111 637 1300 668 nesiotarum
1320 638 1467 674 venisset,
1491 636 1692 668 Pachomium
1715 643 1824 666 eorum
1847 642 1895 665 ar-

1111 686 1349 717 chimandritam
1377 687 1549 727 quaesivit,
1580 686 1679 716 virum
1710 684 1893 724 probatissi-

1110 746 1208 774 mum,
1229 737 1284 776 qui
1302 734 1432 776 gratiam
1458 736 1644 777 prophetiae
1670 735 1815 767 habebat.
1840 735 1895 765 Cui

1109 789 1214 818 tamen
1233 787 1400 818 Macarium
1422 795 1571 826 magnum
1593 795 1662 817 esse
1684 784 1896 817 abscondeba-

1110 839 1171 866 tur.
1191 837 1269 867 Eum
1290 836 1384 875 igitur
1407 845 1480 867 cum
1503 837 1653 868 Macarius
1672 835 1868 867 convenisset
1884 843 1891 864 :

1074 898 1096 928 Β
1110 885 1170 917 Oro
1184 889 1226 923 te,
1240 886 1351 926 inquit,
1369 886 1508 923 domine,
1525 886 1650 926 suscipe
1662 894 1713 917 me
1728 886 1761 916 in
1783 892 1893 916 mona-

1110 936 1238 967 sterium
1252 940 1353 974 tuum,
1370 940 1403 967 ut
1419 936 1591 968 monachus
1606 937 1688 968 ﬁam.
1704 936 1759 966 Cui
1772 935 1894 967 Pacho-

1110 987 1211 1018 mius:
1227 989 1333 1018 Aetate
1353 991 1416 1018 tam
1435 991 1602 1027 provectus
1619 987 1674 1027 qui
1691 987 1841 1026 deinceps
1864 983 1894 1016 t'e

1109 1045 1257 1069 exercere
1271 1038 1412 1078 poteris?
1426 1039 1548 1069 Fratres
1560 1047 1577 1069 a
1590 1038 1749 1069 iuventute
1764 1046 1798 1068 se
1808 1045 1897 1068 exer-

1110 1093 1192 1126 cent,
1211 1093 1242 1120 et
1259 1089 1293 1120 in
1313 1089 1474 1121 laboribus
1489 1089 1704 1126 adoleverunt,
1722 1096 1826 1128 neque
1845 1087 1893 1118 fee

1109 1144 1182 1171 runt
1196 1139 1348 1172 laborem.
1364 1141 1411 1171 Tu
1427 1148 1502 1172 vero
1526 1139 1583 1172 hac
1603 1143 1702 1171 aetate
1719 1148 1782 1172 non
1804 1141 1894 1179 potes

1109 1191 1264 1223 sustinere
1285 1192 1473 1223 tentationes
1487 1191 1727 1223 exercitationis.
1747 1191 1892 1222 Offende-

1110 1242 1163 1280 ris,
1179 1243 1279 1274 exibis
1290 1246 1321 1274 et
1332 1242 1500 1274 maledices
1509 1243 1727 1282 nobis.Neque
1738 1251 1808 1273 eum
1821 1251 1891 1273 sus-

1110 1293 1206 1332 cepit.
1235 1292 1291 1323 Ille
1310 1297 1415 1323 autem
1432 1293 1563 1332 perstitit
1583 1301 1619 1323 ac
1635 1292 1761 1323 ieiunus
1775 1301 1893 1323 reman—

1109 1343 1150 1374 sit
1174 1347 1296 1384 septem
1319 1343 1398 1374 dies.
1425 1343 1543 1375 Deinde
1566 1344 1716 1375 Macarius
1742 1351 1893 1382 magnus.

1110 1393 1170 1429 Me,
1185 1393 1298 1433 inquit,
1314 1394 1450 1433 suscipe,
1468 1393 1559 1430 abba,
1580 1397 1610 1423 et
1625 1393 1685 1424 nisi
1702 1393 1892 1430 ieiunavero,

1110 1442 1191 1473 sicut
1210 1442 1267 1480 illi,
1289 1446 1320 1473 et
1339 1446 1486 1482 operatus
1498 1442 1600 1479 fuero,
1617 1451 1698 1482 quae
1714 1446 1894 1482 operantur,

1111 1494 1177 1522 tum
1193 1491 1266 1522 iube
1281 1500 1331 1523 me
1347 1491 1417 1522 eiici
1434 1500 1451 1522 e
1466 1492 1667 1522 monasterio.
1691 1493 1820 1531 Magnus
1833 1492 1894 1531 igi-

1111 1545 1162 1573 tur
1189 1541 1375 1573 Pachomius
1397 1542 1543 1573 fratribus
1569 1543 1736 1582 persuadet
1763 1546 1797 1574 ut
1822 1552 1895 1574 eum

1111 1592 1293 1632 suscipiant.
1309 1593 1484 1624 Conventus
1500 1596 1604 1624 autem
1618 1593 1702 1624 illius
1714 1593 1895 1625 monasterii

1110 1645 1232 1673 constat
1254 1642 1596 1682 mille-quadringentis
1612 1643 1686 1674 viris
1708 1643 1742 1673 in
1766 1643 1894 1674 hodier-

1111 1701 1186 1723 num
1212 1701 1312 1733 usque
1336 1692 1430 1723 diem.
1459 1693 1525 1723 Hoc
1552 1693 1646 1731 igitur
1673 1693 1895 1724 monasterium

1110 1743 1260 1774 Macarius
1279 1751 1410 1782 magnus
1433 1742 1565 1774 intravit.
1582 1742 1671 1774 Brevi
1692 1746 1794 1773 autem
1814 1746 1895 1773 tem-

1111 1802 1190 1833 pore
1214 1796 1285 1834 post
1309 1797 1375 1825 erat
1403 1793 1648 1834 quadragesima.
1675 1795 1718 1824 Ac
1745 1793 1896 1824 Macarius

1111 1853 1255 1883 magnus,
1282 1853 1379 1884 quum
1409 1844 1535 1875 vidisset
1565 1852 1822 1883 unumquemque
1844 1843 1894 1875 di-

1112 1904 1200 1926 versa
1224 1895 1399 1935 suscepisse
1417 1894 1540 1926 vivendi
1553 1895 1703 1932 instituta,
1719 1894 1814 1925 alium
1823 1894 1894 1934 qui-

1112 1945 1185 1976 dem
1204 1955 1346 1986 vespere,
1367 1945 1462 1976 alium
1484 1950 1556 1985 post
1583 1946 1678 1983 duos,
1704 1944 1798 1976 alium
1825 1948 1897 1984 post

1113 1996 1253 2036 quinque
1279 1996 1345 2026 dies
1367 1995 1548 2032 comedere,
1575 1995 1670 2026 alium
1697 1995 1790 2026 etiam
1817 1999 1898 2025 stare

1113 2054 1172 2085 per
1187 2048 1284 2076 totam
1309 2048 1444 2081 noctem,
1465 2044 1603 2074 interdiu
1625 2047 1730 2074 autem
1754 2044 1792 2075 ad
1817 2053 1898 2084 opus

1113 2095 1242 2125 sedere:
1274 2094 1352 2133 ipse,
1384 2102 1481 2133 quum
1510 2102 1613 2124 ramos
1637 2093 1697 2124 sibi
1724 2094 1897 2134 palmarum

1113 2145 1228 2176 multos
1255 2144 1487 2181 madefecisset,
1512 2144 1545 2174 in
1573 2144 1687 2183 angulo
1715 2153 1780 2175 uno
1803 2145 1896 2182 stetit,

1114 2203 1230 2234 neque,
1246 2194 1347 2225 donec
1365 2193 1600 2233 quadragesima
1617 2193 1746 2233 impleta
1768 2197 1849 2224 esset
1867 2197 1897 2224 et

1114 2244 1230 2285 pascha
1250 2244 1434 2281 advenisset,
1451 2252 1563 2284 panem
1578 2252 1681 2284 neque
1696 2252 1808 2283 aquam
1824 2244 1900 2274 teti-

1113 2295 1168 2334 git,
1194 2303 1298 2335 neque
1322 2303 1405 2334 genu
1427 2294 1523 2331 ﬂexit,
1550 2303 1654 2334 neque
1677 2294 1768 2331 sedit,
1793 2302 1898 2334 neque

1113 2345 1268 2383 accubuit,
1288 2354 1392 2385 neque
1408 2345 1536 2376 omnino
1552 2344 1635 2375 aliud
1651 2345 1820 2385 quidquam
1839 2353 1896 2383 gu-

1114 2397 1214 2434 stavit,
1230 2397 1290 2427 nisi
1305 2397 1401 2427 cruda
1415 2396 1556 2427 crambes
1571 2391 1656 2433 folia,
1671 2404 1751 2436 quae
1765 2397 1899 2436 sumpsit

1115 2447 1165 2478 die
1184 2447 1351 2484 dominica,
1373 2451 1407 2478 ut
1429 2447 1586 2478 videretur
1606 2447 1771 2478 comedere
1793 2456 1898 2488 neque

1113 2497 1145 2528 in
1155 2497 1291 2537 aliquam
1300 2497 1339 2528 de
1352 2506 1384 2527 se
1392 2497 1574 2537 opinionem
1581 2497 1744 2528 incideret.
1753 2499 1864 2537 Atque,
1872 2497 1898 2528 si

1115 2547 1241 2587 quando
1260 2550 1390 2587 propter
1414 2547 1627 2578 necessitatem
1644 2555 1730 2578 suam
1754 2547 1897 2585 egredie-

1114 2597 1215 2636 batur,
1233 2597 1323 2629 citius
1341 2597 1521 2636 regrediens
1538 2597 1619 2627 stetit
1632 2596 1671 2627 ad
1693 2606 1773 2637 opus
1787 2606 1897 2628 manus

1114 2657 1201 2685 suae,
1229 2656 1334 2688 neque
1365 2656 1400 2678 os
1426 2647 1557 2687 aperuit,
1583 2655 1641 2678 nec
1660 2656 1758 2687 pauca
1776 2647 1897 2678 locutus

1114 2707 1173 2729 nec
1198 2699 1306 2735 multa,
1321 2699 1376 2729 sed
1400 2698 1482 2729 stetit
1509 2697 1614 2728 silens.
1640 2698 1748 2737 Neque
1768 2707 1897 2738 prorsus

1114 2748 1197 2778 aliud
1208 2748 1390 2788 quidquam,
1406 2748 1464 2778 nisi
1480 2747 1652 2778 orationem
1667 2747 1729 2787 egit
1742 2748 1774 2779 in
1788 2749 1895 2785 corde,

1115 2802 1146 2829 et
1166 2807 1269 2829 ramos
1289 2799 1429 2830 tractavit
1446 2807 1525 2838 quos
1540 2798 1672 2829 habebat
1687 2799 1720 2829 in
1740 2799 1895 2831 manibus.

1114 2850 1197 2880 Haec
1211 2853 1315 2880 autem
1330 2858 1439 2880 omnes
1454 2848 1672 2880 exercitatores
1686 2848 1768 2880 illius
1782 2858 1894 2880 mona-

1117 2899 1201 2931 sterii
1221 2909 1318 2940 quum
1337 2900 1503 2938 vidissent,
1527 2900 1762 2931 insurrexerunt
1784 2900 1894 2933 adver-
