2060 3153
142 194 178 224 69

901 187 1013 218 VITAE.

1720 187 1756 218 το

143 261 197 284 sus
206 251 397 293 praefectum
408 257 498 281 suum
509 254 601 289 atque
614 257 621 279 :
633 246 684 284 71
693 247 867 285 Undenam,
878 248 925 279 in—
939 252 960 279 Α
975 257 1043 279 sum
1054 258 1090 280 os
1103 252 1202 282 totum
1212 254 1376 292 appareret
1390 251 1422 282 in
1433 249 1558 282 vertice.
1569 249 1678 288 Neque
1684 256 1755 279 eum

143 302 268 343 quiunt,
288 300 379 331 nobis
393 298 549 330 adduxisti
566 297 650 329 hunc
671 297 830 328 hominem
851 299 922 328 tan-

143 360 236 392 quam
258 351 326 381 sine
347 357 441 380 carne
460 348 626 387 degentem
645 346 682 377 ad
699 349 836 377 nostram
850 354 924 377 con-

142 399 398 433 demnationem?
414 401 473 430 Aut
487 407 558 430 eum
575 397 649 428 hinc
672 397 762 433 eiice,
777 399 830 427 aut
843 396 925 427 bene

141 453 231 489 scito,
248 460 307 482 nos
321 459 432 482 omnes
448 449 522 480 hinc
540 447 635 479 hodie
649 456 718 479 esse
733 455 923 478 recessuros.

142 503 224 539 Quae
247 509 346 542 quum
371 499 558 531 Pachomius
577 507 709 538 magnus
730 506 749 528 a
775 497 924 528 fratribus

143 553 301 587 audiisset,
313 550 488 582 sciscitatus
502 552 548 580 est
561 549 601 579 de
616 557 666 579 eo.
682 549 718 578 Et
732 555 829 587 quum
843 547 925 578 didi-

143 604 236 635 cisset
247 603 314 633 eius
322 601 403 632 vitae
413 600 563 636 instituta,
571 600 670 629 Deum
685 598 846 635 oravit,'ut,
855 597 926 637 quis

143 656 234 689 esset,
250 652 309 683 sibi
326 650 525 682 revelaretur.
541 648 723 680 Revelatum
736 651 782 678 est
797 647 836 683 ei,
860 648 926 678 Ma-

143 704 261 735 carium
274 701 462 733 monachum
473 700 639 731 esse.Tum
656 697 926 729 dominusl’acho-

144 754 224 784 mius
248 754 315 784 eius
338 759 462 783 manum
489 749 656 790 prehendit
680 757 815 788 eumque
844 748 926 778 foras

145 803 268 839 eduxit;
291 804 383 842 atque
397 809 494 841 quum
508 800 541 830 in
560 799 688 830 domum
712 798 850 835 oratorii,
872 798 928 828 ubi

146 857 193 885 est
216 853 323 889 altare,
348 860 418 882 eum
433 850 613 881 deduxisset
626 849 852 889 amplexusque
876 857 927 878 es-

147 907 195 934 set
208 912 214 933 :
228 904 324 938 Tune,
341 901 394 938 ait,
411 910 444 932 es
467 899 643 931 venerande
657 898 775 930 senex?
789 899 876 928 Tune
893 907 927 928 es

146 953 306 989 Macarius,
329 951 424 991 idque
445 950 564 987 celasti,
582 958 640 980 nec
658 948 735 979 mihi
754 948 928 979 manifesta-

147 1002 208 1034 sti?
228 1003 272 1033 Ex
296 1001 402 1032 multis
425 1000 516 1032 annis
535 999 619 1040 cupii
638 1002 669 1030 te
692 999 808 1035 videre,
830 1007 927 1038 quum

147 1054 186 1085 de
203 1056 234 1084 te
246 1051 398 1084 audirem.
417 1051 524 1081 Habeo
539 1049 595 1080 tibi
621 1049 742 1089 gratias,
758 1048 842 1088 quod
857 1049 929 1079 sub-

147 1103 246 1144 egeris
269 1103 350 1134 ﬁlios
369 1111 468 1139 meos,
491 1110 531 1132 ne
551 1100 611 1132 alte
634 1100 769 1131 sentiant
782 1099 821 1130 de
838 1108 927 1130 exer-

145 1154 291 1185 citatione
324 1161 390 1184 sua.
418 1152 508 1190 Rogo
532 1153 583 1187 te,
618 1149 730 1180 recede
757 1149 792 1180 in
824 1149 929 1180 locum

145 1207 250 1241 tuum;
271 1212 329 1234 nos
353 1202 437 1233 enim
460 1201 533 1232 satis
557 1200 740 1237 aedificasti;
761 1203 855 1239 atque
875 1208 930 1230 ora

144 1263 203 1295 pro
222 1254 325 1285 nobis.
342 1251 460 1284 Deinde
477 1251 516 1283 ab
538 1259 576 1282 eo
594 1254 732 1289 rogatus,
752 1250 929 1290 petentibus

146 1313 274 1345 quoque
289 1304 434 1336 omnibus
448 1302 605 1339 fratribus,
622 1301 762 1332 recessit.

186 1361 305 1391 Rursus
319 1359 392 1402 alias
406 1359 457 1390 hic
471 1358 517 1389 vir
530 1357 710 1398 impatibilis
725 1357 816 1388 nobis
827 1365 930 1387 narra-

146 1411 190 1442 vit
200 1421 207 1442 :
216 1411 326 1447 Omne,
333 1410 444 1451 inquit,
452 1410 531 1440 vitae
537 1407 738 1440 monachicae
744 1408 929 1445 institutum,

148 1461 236 1501 quod
260 1460 454 1501 expetebam,
469 1463 617 1500 expertus
637 1458 675 1489 ad
698 1458 781 1489 aliud
805 1459 930 1489 tandem

149 1510 309 1552 spirituale
337 1510 526 1542 desiderium
552 1509 636 1541 veni.
660 1509 756 1540 Statui
783 1509 867 1540 enim
891 1509 930 1540 ad

149 1561 210 1592 tale
225 1570 356 1602 operum
374 1560 564 1592 desiderium
583 1561 744 1592 accedere.
764 1560 866 1597 Volui,
885 1560 932 1591 in-

150 1613 226 1654 quit,
240 1612 379 1652 quinque
394 1611 461 1642 dies
477 1611 575 1643 solam
591 1615 729 1643 mentem
739 1620 842 1642 meam
858 1611 930 1642 red-
943 1605 965 1634 (ἶ

151 1664 224 1694 dere
237 1672 254 1694 a
269 1664 333 1694 Deo
342 1663 656 1702 individuam,neque
666 1662 748 1693 aliud
761 1662 932 1702 quidquam

152 1713 280 1744 omnino
291 1713 439 1752 cogitare,
455 1712 511 1743 sed
532 1713 560 1743 ei
575 1713 634 1743 soli
644 1712 824 1744 adhaerere.
843 1711 933 1748 Quod

152 1771 248 1802 quum
257 1763 340 1802 apud
352 1771 401 1793 me
411 1761 597 1800 statuissem,
606 1761 714 1793 cellam
727 1771 828 1793 meam
838 1765 933 1802 atque

152 1813 342 1844 extrinsecus
360 1812 462 1844 aulam
481 1812 588 1849 clausi,
608 1815 642 1843 ut
662 1812 740 1843 nulli
757 1813 934 1844 advenienti

151 1871 337 1902 responsum
344 1863 461 1894 darem.
468 1865 510 1894 Ac
516 1863 745 1903 stetiincipiens
755 1872 773 1894 a
783 1863 932 1901 secunda,

151 1913 249 1944 menti
271 1921 361 1944 meae
379 1913 576 1953 praecipiens
597 1917 628 1944 et
646 1914 753 1944 dicens
771 1922 778 1943 :
797 1913 874 1944 Vide
894 1922 934 1944 ne

151 1962 324 1994 descendas
341 1970 359 1993 e
379 1963 490 2000 coelis;
513 1963 557 1994 ibi
574 1963 702 2002 angelos
722 1963 818 1994 habes
840 1967 871 1994 et
883 1972 932 1994 ar-

152 2013 334 2052 changelos,
355 2022 507 2054 supernas
523 2018 703 2054 potestates,
720 2014 883 2045 Cberubim
898 2024 934 2046 ac

154 2064 329 2104 Seraphim,
344 2065 442 2095 Deum
456 2064 568 2096 horum
585 2065 725 2096 omnium
741 2065 933 2096 effectorem.

151 2114 218 2145 Illic
234 2123 364 2146 versare.
377 2116 423 2146 Ne
437 2115 495 2146 sub
507 2115 629 2147 coelum
640 2116 828 2152 descendas;
841 2124 880 2147 ne
890 2115 936 2146 in-

153 2164 238 2195 cidas
257 2165 290 2195 in
309 2165 481 2197 mundanas
495 2166 711 2204 cogitationes.
736 2166 796 2201 Sic.
821 2166 933 2206 inquit,

154 2223 250 2254 quum
261 2215 383 2246 duobus
399 2216 509 2246 diebus
524 2225 559 2247 ac
571 2215 691 2246 duabus
701 2217 846 2247 noctibus
861 2226 934 2256 per—

154 2265 408 2302 severassem,ita
421 2265 608 2296 daemonem
621 2265 747 2300 irritavi,
765 2270 798 2296 ut
809 2267 932 2297 ﬂamma
949 2275 972 2303 ι)

153 2315 233 2354 ignis
251 2316 350 2352 fieret,
367 2315 509 2354 mihique
528 2315 643 2352 omnia,
670 2324 750 2355 quae
772 2316 805 2346 in
823 2316 934 2347 cellula

154 2369 252 2403 erant,
264 2366 473 2402 combureret,
489 2365 528 2396 ita
540 2369 574 2396 ut
586 2366 679 2397 etiam
694 2369 808 2403 storea,
823 2367 856 2398 in
874 2377 934 2408 qua

153 2417 283 2452 stabam,
299 2419 562 2452 coneremaretur,
577 2420 608 2447 et
621 2417 664 2447 sic
680 2426 730 2447 me
744 2425 872 2457 quoque
885 2422 933 2449 to-

154 2469 221 2496 tum
244 2466 333 2497 aduri
354 2465 573 2496 existimarem.
605 2467 800 2498 Postremum
824 2468 935 2499 timore

154 2516 284 2546 ail‘ectus
293 2516 384 2546 tertio
395 2515 445 2546 die
456 2515 560 2546 destiti
571 2515 609 2546 ab
619 2515 678 2547 hoc
691 2518 853 2557 proposito
864 2527 936 2550 meo

154 2568 259 2605 atque,
276 2574 373 2605 quum
390 2569 527 2596 mentem
543 2573 644 2596 meam
656 2566 790 2606 amplius
799 2568 935 2599 indivul-

154 2623 220 2644 sam
235 2618 342 2645 tenere
357 2623 421 2645 non
434 2623 571 2654 possem,
587 2614 734 2646 descendi
746 2616 778 2647 in
793 2620 935 2648 contem-

153 2663 326 2703 plationem
336 2663 429 2694 huius
445 2664 565 2700 mundi,
584 2664 636 2698 72
647 2672 687 2695 ne
702 2664 733 2695 id
750 2665 827 2696 mihi
840 2675 936 2707 repu-

154 2718 270 2744 taretur
280 2713 313 2744 in
324 2714 502 2754 superbiam

195 2786 209 2802 ε
226 2774 387 2811 Quondam
403 2781 499 2815 quum
520 2775 559 2806 ad
579 2773 663 2807 hunc
677 2779 818 2807 sanctum
833 2779 937 2809 venis-

155 2833 233 2862 sem,
252 2829 339 2856 extra
353 2825 462 2856 cellam
484 2825 550 2856 eius
573 2825 726 2857 iacentem
747 2826 852 2858 inveni
879 2829 938 2859 vici

154 2875 315 2906 cuiusdam
338 2876 567 2915 presbyterum,
582 2876 673 2907 cuius
701 2880 794 2916 caput
813 2877 855 2908 ita
873 2883 938 2909 erat

155 2934 283 2957 exesum
308 2927 418 2958 morbo
436 2927 490 2967 qui
509 2935 623 2958 cancer
637 2927 760 2965 dicitur,
784 2931 819 2959 ut
838 2932 869 2960 et
884 2929 934 2969 ip-

944 937 964 964 Β

975 299 1014 330 ad
1029 300 1220 341 colloquium
1243 301 1433 332 admittebat.
1449 299 1566 341 Rogavi
1588 299 1682 338 igitur
1695 307 1731 329 ac
1748 305 1755 327 :

976 349 1101 387 Precor,
1116 351 1256 391 inquam,
1267 351 1415 389 miserere
1426 350 1518 381 huius
1528 349 1645 386 miseri,
1657 351 1688 378 et
1701 347 1759 378 sal-

975 402 1039 430 tem
1053 409 1239 441 responsum
1259 401 1288 432 ei
1301 401 1350 432 da.
1366 401 1540 440 Respondit
1553 399 1630 431 mihi
1646 409 1652 429 :
1670 398 1756 429 lndi-
1776 437 1778 440 ν

977 457 1057 488 gnus
1074 455 1131 488 est,
1148 452 1203 491 qui
1217 454 1354 483 sanetur.
1372 452 1456 482 Haec
1471 451 1553 481 enim
1573 450 1601 480 ei
1620 450 1759 480 immissa

978 504 1024 531 est
1037 501 1211 541 disciplina.
1223 502 1276 533 Sin
1292 511 1364 533 eum
1378 501 1423 531 vis
1439 501 1552 537 sanari,
1563 500 1658 530 suade
1671 499 1710 536 ei,
1725 501 1760 529 ut

978 553 1128 594 deinceps
1141 554 1295 585 abstineat
1311 563 1329 585 a
1343 553 1506 585 sacrificio.
1519 554 1583 591 Ego
1597 561 1604 582 :
1621 553 1691 587 Cur,
1708 551 1758 581 in-

977 612 1082 643 quam,
1093 604 1243 636 obsecro?
1254 604 1436 644 Respondet
1444 613 1450 634 ί
1459 603 1628 634 Fornicans
1638 609 1759 632 sacrum

978 655 1098 693 peregit
1126 655 1354 693 ministerium,
1382 655 1467 685 unde
1493 654 1553 685 iam
1582 653 1758 692 castigatur.

977 705 1093 740 Quodsi
1108 709 1190 736 metu
1205 706 1332 737 desistat
1346 706 1385 736 ab
1401 706 1449 742 iis,
1460 713 1540 745 quae
1551 712 1608 744 per
1623 706 1762 734 contem-

978 759 1064 795 ptum
1078 764 1170 786 ausus
1181 760 1227 786 est
1240 756 1353 792 facere,
1372 756 1452 786 Deus
1467 763 1538 786 eum
1551 754 1682 785 sanabit.
1695 753 1762 784 Hoc

979 806 1019 843 ei,
1032 806 1087 845 qui
1101 806 1304 845 allligebatur,
1316 806 1390 836 dixi.
1399 805 1457 842 Qui
1466 803 1667 835 iureiurando
1677 801 1761 842 apud

978 857 1077 888 Deum
1095 857 1251 897 pollicitus
1266 860 1323 893 est,
1340 866 1373 887 se
1387 864 1450 887 non
1466 854 1600 895 amplius
1614 854 1762 886 sacerdo-

977 907 1018 938 tis
1028 916 1158 938 munera
1173 916 1241 938 esse
1260 907 1427 938 obiturum.
1449 907 1527 936 Tum
1544 913 1615 935 eum
1627 903 1764 943 suscepit

979 958 1090 998 eique:
1105 957 1262 993 Credisne,
1273 957 1386 996 inquit,
1400 965 1468 987 esse
1481 956 1591 991 Deum,
1607 963 1702 994 quem
1714 953 1763 984 ni-

978 1007 1022 1038 hil
1044 1007 1136 1039 latet?
1158 1007 1214 1038 Ille
1237 1006 1409 1047 respondet
1429 1015 1435 1036 :
1452 1005 1596 1042 Maxime,
1620 1012 1697 1043 rogo
1720 1006 1762 1034 te.

978 1057 1096 1088 Deinde
1116 1067 1122 1088 :
1139 1059 1231 1092 Num.
1247 1057 1360 1097 inquit,
1380 1056 1508 1096 potuisti
1528 1055 1660 1086 illudere
1679 1051 1766 1084 Deo?

978 1107 1161 1148 Respondet
1178 1117 1185 1138 :
1201 1109 1270 1139 Non
1282 1107 1380 1148 potui,
1395 1106 1436 1137 mi
1454 1106 1591 1137 domine.
1611 1106 1740 1143 Magnus
1755 1111 1762 1133 :

979 1159 1010 1188 Si
1027 1159 1182 1197 agnoscis,
1201 1158 1314 1198 inquit,
1335 1161 1497 1198 peccatum
1513 1160 1601 1187 tuum
1617 1165 1654 1187 ac
1669 1155 1764 1186 disci-

978 1208 1097 1248 plinam
1109 1209 1175 1245 Dei,
1191 1218 1253 1248 qua
1265 1208 1343 1239 haec
1362 1208 1494 1244 subiisti,
1512 1211 1543 1238 te
1574 1206 1712 1245 corrigas
1732 1205 1766 1235 in

979 1262 1151 1299 posterum.
1168 1259 1226 1295 Qui
1242 1258 1405 1290 confessus
1421 1262 1466 1288 est
1479 1260 1654 1297 peccatum,
1675 1259 1706 1287 et
1727 1256 1764 1286 ﬁ-

981 1309 1052 1340 dem
1063 1308 1159 1345 dedit,
1179 1317 1212 1339 se
1234 1317 1299 1339 non
1319 1308 1454 1348 amplius
1472 1316 1540 1338 esse
1551 1309 1764 1346 peccaturum,

982 1368 1085 1399 neque
1103 1359 1191 1390 altari
1209 1359 1466 1395 ministraturum,
1483 1357 1539 1389 sed
1557 1356 1628 1388 laici
1650 1359 1767 1387 sortem

981 1410 1210 1450 amplexurum.
1226 1409 1344 1440 Deinde
1358 1412 1482 1440 sanctus
1499 1408 1528 1438 ei
1541 1414 1652 1438 manus
1665 1406 1768 1446 impo-

980 1461 1052 1492 suit.
1067 1461 1124 1497 Qui
1142 1461 1249 1500 paucis
1263 1459 1374 1491 diebus
1385 1461 1509 1490 sanatus
1526 1461 1583 1494 est,
1600 1456 1770 1497 capillique

981 1512 1091 1552 capitis
1105 1511 1134 1542 ei
1145 1514 1319 1547 creverunt,
1333 1513 1363 1541 et
1376 1510 1408 1540 in
1422 1509 1550 1540 domum
1565 1516 1653 1538 suam
1669 1515 1770 1539 rever-

981 1571 1034 1594 sus
1059 1561 1239 1601 gloriiicavit
1261 1561 1370 1598 Deum,
1392 1569 1428 1592 ac
1442 1560 1553 1599 gratias
1569 1558 1630 1598 egit
1647 1562 1768 1589 sancto.

1023 1631 1037 1647 α
1050 1620 1173 1650 Rursus
1189 1618 1253 1649 vidi
1266 1618 1305 1649 ad
1320 1626 1393 1649 eum
1404 1617 1517 1649 adduci
1528 1625 1662 1657 puerum
1675 1625 1693 1648 a
1709 1616 1772 1656 spi-

982 1669 1043 1700 ritu
1066 1669 1204 1709 maligno
1225 1671 1382 1699 vexatum.
1408 1668 1462 1699 Cui
1493 1671 1618 1699 sanctus
1642 1676 1771 1698 manum

983 1719 1123 1751 dextram
1137 1720 1171 1750 in
1188 1721 1284 1759 caput
1301 1718 1451 1758 imposuit
1465 1721 1495 1749 et
1505 1718 1661 1749 sinistram
1676 1727 1770 1758 supra

983 1778 1048 1807 cor,
1061 1779 1096 1801 ac
1110 1770 1228 1800 tamdiu
1242 1769 1350 1806 oravit,
1361 1769 1462 1800 donec
1474 1769 1597 1800 fecisset
1607 1776 1678 1800 eum
1690 1777 1770 1809 pen-

983 1820 1058 1851 dere
1068 1820 1101 1851 in
1110 1829 1194 1851 aere.
1208 1821 1290 1851 Puer
1300 1819 1404 1859 igitur,
1415 1820 1495 1850 sicut
1508 1823 1578 1851 uter
1590 1820 1725 1857 inflatus,
1738 1820 1772 1852 in

984 1879 1118 1911 corpore
1128 1871 1342 1910 maximopere
1357 1870 1514 1907 intumuit,
1531 1870 1656 1907 deinde,
1674 1880 1771 1910 quum

984 1921 1088 1952 subito
1105 1920 1318 1957 exclamasset,
1334 1930 1392 1960 per
1405 1929 1516 1951 omnes
1531 1929 1642 1952 sensus
1657 1930 1772 1961 aquam

985 1971 1102 2008 emisit;
1112 1979 1192 2010 quae
1202 1980 1299 2010 quum
1310 1971 1503 2007 desiisset,in
1518 1979 1598 2009 eam,
1611 1981 1672 2011 qua
1681 1972 1771 2003 initio

984 2022 1096 2058 fuerat,
1116 2030 1294 2052 mensuram
1316 2022 1416 2052 rediit.
1428 2022 1570 2061 Eumque
1589 2031 1686 2062 quum
1700 2022 1772 2054 oleo

985 2073 1093 2101 sancto
1105 2070 1246 2101 tinxisset
1256 2074 1286 2101 et
1297 2079 1378 2110 aqua
1393 2071 1557 2102 benedicta
1572 2071 1772 2111 perfudisset,

985 2119 1066 2160 patri
1080 2119 1226 2156 reddidit,
1237 2128 1273 2150 ac
1286 2119 1393 2156 vetuit,
1409 2128 1448 2151 ne
1457 2129 1582 2152 carnem
1594 2131 1653 2154 nec
1665 2123 1772 2155 vinum

985 2169 1151 2208 attingeret
1167 2169 1370 2209 quadraginta
1385 2169 1507 2202 diebus.
1523 2171 1624 2203 Puero
1644 2173 1773 2213 quidem

985 2219 1027 2250 ita
1038 2222 1145 2250 sanato
1161 2227 1216 2250 eos
1230 2219 1357 2250 dimisit.

1026 2293 1040 2309 α
1057 2282 1147 2312 Hunc
1159 2281 1326 2312 Macarium
1342 2291 1489 2322 magnum
1505 2284 1664 2323 quondam
1678 2294 1773 2316 vexa-

985 2335 1057 2362 runt
1071 2332 1277 2371 cogitationes
1291 2341 1389 2363 vanae
1410 2333 1539 2372 gloriae,
1564 2344 1645 2374 quae
1665 2343 1737 2366 eum
1756 2344 1775 2366 e

985 2381 1063 2412 cella
1079 2381 1192 2413 eiicere
1207 2385 1376 2419 tentarunt,
1394 2383 1446 2418 73
1459 2386 1488 2414 et
1499 2389 1720 2423 suggesserunt
1733 2385 1774 2423 ei,

985 2435 1020 2462 ut
1034 2431 1274 2470 dispensationis
1289 2432 1385 2470 gratia
1399 2433 1529 2463 Romam
1544 2435 1700 2472 pergeret,
1713 2433 1776 2464 ius-

986 2485 1113 2521 tamque
1125 2490 1250 2512 causam
1261 2481 1435 2521 allegarunt
1447 2483 1641 2514 sanationem
1652 2469 1785 2519 eorum.‘

987 2530 1043 2570 qui
1062 2530 1106 2561 ibi
1129 2534 1212 2563 sunt.
1236 2532 1443 2563 inﬁrmorum.
1462 2532 1558 2564 Valde
1578 2534 1662 2564 enim
1682 2534 1714 2565 in
1737 2543 1776 2566 eo

987 2580 1136 2612 adversus
1162 2581 1290 2620 spiritus
1313 2583 1500 2623 operabatur
1520 2583 1616 2622 gratia
1639 2585 1774 2615 Domini.

987 2633 1095 2671 Longo
1109 2635 1213 2663 autem
1227 2636 1369 2673 tempore
1387 2634 1426 2665 ab
1440 2634 1478 2664 iis
1494 2637 1658 2672 tentatum,
1678 2645 1776 2675 quum

989 2691 1052 2714 non
1071 2683 1251 2720 obediissct,
1272 2687 1307 2715 ut
1331 2684 1542 2724 egrederetur,
1558 2686 1660 2717 acrius
1677 2686 1776 2725 agita-

988 2735 1071 2762 runt.
1086 2733 1260 2764 Prostratus
1279 2734 1372 2772 igitur
1382 2738 1506 2765 sanctus
1516 2735 1546 2765 in
1558 2727 1671 2766 limine.
1680 2736 1776 2768 cellae

989 2791 1064 2813 suae
1075 2783 1171 2822 pedes
1181 2782 1264 2813 foras
1274 2783 1386 2819 emisit,
1399 2784 1668 2826 daemonibusque
1680 2796 1777 2818 vanae

990 2831 1107 2869 gloriae
1119 2841 1126 2862 :
1137 2832 1273 2869 Trahite,
1284 2833 1396 2872 inquit,
1409 2842 1459 2864 me
1470 2838 1501 2866 et
1514 2835 1629 2872 vellite,
1646 2837 1776 2868 daemo-

991 2890 1058 2917 nes,
1074 2881 1099 2911 si
1118 2882 1257 2921 potestis.
1275 2883 1340 2920 Ego
1358 2884 1442 2914 enim
1461 2884 1539 2916 meis
1554 2886 1687 2926 pedibus
1703 2886 1779 2918 alias

991 2940 1056 2963 non
1069 2932 1173 2964 abibo.
1198 2932 1251 2964 Sin
1275 2934 1405 2973 potestis
1418 2934 1511 2966 talem
1531 2944 1582 2967 me
1601 2937 1777 2976 deportare,
