2060 3153
284 174 316 202 7!
703 174 752 202 SS.
774 174 1002 202 MACARIORUM
1021 173 1177 202 AEGYPT‘II
1197 174 1242 202 ET
1260 174 1493 204 ALEXANDRINI
1866 176 1900 204 72

285 241 349 271 quo
368 232 467 265 dicitis
483 232 671 273 perveniam.
684 235 783 274 Atque
798 234 907 266 iuravit
919 234 958 265 iis
981 243 988 264 :
1005 234 1066 271 Sic,
1082 235 1105 264 A
1118 233 1228 265 Christi
1239 243 1298 273 ego
1309 234 1481 272 observavi,
1491 234 1594 265 Marco
1611 233 1807 264 exercitatori
1821 241 1901 265 nun-

283 284 397 324 inquit,
420 284 530 316 iacebo
544 293 646 324 usque
664 283 703 315 ad
728 294 903 326 vesperam.
930 285 994 316 Nisi
1017 293 1067 317 me

284 334 451 372 moveritis,
463 334 552 366 vobis
561 343 626 366 non
641 335 796 367 obediam.
812 336 912 372 Quum
922 343 996 367 vero
1006 336 1065 366 im-

283 387 386 415 motus
401 384 575 421 mansi-sset,
591 392 662 414 sero
677 385 801 425 vesperi
814 385 942 416 tandem
960 393 1066 416 surre-

283 434 337 464 xit.
367 434 427 464 Sed
449 437 542 465 nocte
568 434 752 466 adventante
768 444 875 468 rursus
885 444 957 467 eum
974 436 1068 467 vehe-

282 483 417 514 mentius
440 484 533 515 etiam
559 484 702 516 insectati
720 489 802 516 sunt.
825 487 926 523 Quare
942 489 1067 518 sanctus

282 535 426 571 surrexit,
438 534 635 575 duorumque
654 535 720 567 fere
733 536 913 568 modiorum
929 540 1066 577 sportam

282 593 376 615 arena
393 585 544 625 implevit,
561 594 622 626 qua
638 586 777 618 humeris
801 587 947 627 imposita
969 591 1066 619 totam

281 635 482 666 solitudinem
492 636 637 675 pervasit.
656 637 711 667 Cui
721 638 857 668 occurrit
872 637 1067 670 Theosebius

281 684 441 715 Cosmetor
453 685 677 724 Antiochenus,
693 690 743 717 et:
759 688 849 725 Quid,
864 689 978 728 inquit,
989 697 1066 729 por-

280 737 338 772 tas,
351 734 454 766 abba?
465 736 546 767 Cede
559 736 637 767 mihi
650 745 743 775 onus,
751 746 830 769 neve
843 738 912 778 ipse
926 739 1065 770 vexerisl

279 785 335 816 Ille
349 789 453 817 autem
469 795 476 817 :
492 787 589 824 Vexo,
605 787 718 828 inquit,
736 796 820 825 eum,
835 789 891 829 qui
905 797 956 820 me
965 792 1065 820 vexat.

280 837 350 876 Ipse
357 837 441 868 enim
451 846 548 877 quum
557 838 690 869 lascivus
700 838 749 876 sit,
762 838 838 869 mihi
846 839 1069 878 peregrinatio-

1119 293 1213 325 quam
1229 293 1279 317 me
1295 286 1418 317 dedisse
1438 285 1640 323 oblationem,
1657 285 1712 316 sed
1729 284 1857 324 angelus
1870 285 1900 317 ei

1117 336 1210 367 dabat
1229 336 1268 368 de
1288 336 1387 368 altari.
1405 338 1471 376 Ego
1485 345 1559 368 vero
1579 336 1679 367 solum
1701 335 1900 375 splendorem

1117 395 1228 418 manus
1243 387 1306 418 vidi
1321 387 1398 424 eius,
1415 387 1468 427 qui
1480 387 1509 418 ei
1527 387 1715 418 oblationem
1726 385 1827 417 dabat.
1842 386 1900 417 Hic

1116 444 1190 467 vero
1214 437 1334 467 Marcus
1349 445 1445 476 quum
1467 436 1573 468 iunior
1590 438 1673 467 esset
1693 435 1744 475 (6),
1758 438 1847 465 vetus
1870 439 1901 466 et

1117 494 1232 517 novum
1250 489 1470 518 testamentum
1491 487 1671 518 memoriter
1691 485 1807 523 didicit,
1824 485 1899 516 fuit-

1117 545 1179 577 que
1192 537 1356 576 insigniter
1369 537 1452 568 mitis
1462 540 1556 576 atque
1566 540 1678 573 castus,
1689 535 1715 566 si
1725 536 1794 575 quis
1808 535 1898 567 alius.

1157 599 1171 616 «
1194 587 1333 624 Quodam
1356 587 1407 618 die
1422 595 1520 627 quum
1539 586 1636 617 otium
1658 585 1734 616 mihi
1753 588 1845 623 esset,
1860 585 1901 616 ad

1118 643 1190 666 eum
1199 635 1233 666 in
1248 639 1386 667 extrema
1401 635 1468 666 eius
1482 638 1642 667 senectute
1655 634 1790 675 perrexi.
1802 635 1901 671 Quem

1117 695 1215 726 quum
1227 695 1298 726 ego,
1315 689 1425 726 utpote
1439 686 1494 726 qui
1509 685 1595 717 rudis
1610 694 1722 722 essem,
1734 694 1829 724 supra
1840 684 1899 716 ho-

1117 737 1234 767 minem
1251 745 1319 768 esse
1330 737 1551 774 existimarem,
1571 739 1606 767 ut
1619 735 1712 766 etiam
1732 735 1802 772 fuit,
1820 735 1901 767 ostio

1117 787 1215 818 cellae
1241 787 1340 828 ipsius
1364 787 1472 818 adsedi
1489 789 1529 824 et,
1545 786 1621 826 quid
1648 785 1830 826 loqueretur
1852 785 1901 816 vel

1117 842 1232 876 ageret,
1257 837 1436 869 auscultavi.
1461 837 1553 868 Solus
1577 837 1672 876 igitur
1698 836 1782 867 intus
1803 844 1901 877 quum

279 895 336 918 nes
346 887 493 927 suggerit.
504 887 552 919 Sic
569 895 643 919 vero
651 897 749 928 quum
759 897 793 919 se
803 889 934 920 multum
944 897 1068 929 permo—
1083 911 1106 941 Β
1117 888 1179 918 iam
1203 892 1328 919 centum
1356 887 1423 919 fere
1450 896 1549 918 annos
1577 886 1707 918 haberet
1728 885 1901 925 dentesque

279 937 385 975 visset,
397 938 430 969 in
440 938 550 970 cellam
561 939 685 970 intravit
696 939 830 971 contrito
839 948 971 979 corpore
983 939 1037 980 (1).
1049 952 1064 968 ››
1083 936 1104 941 ”
1118 938 1280 976 amisisset,
1292 947 1398 970 secum
1409 942 1439 969 et
1452 948 1524 970 cum
1538 937 1663 969 diabolo
1677 936 1825 977 pugnavit
1837 945 1873 968 ac
1892 945 1900 967 :

319 988 333 1024 ᾗ
351 986 396 1017 19.
406 988 491 1019 Haec
500 987 664 1028 hucusque
671 989 807 1020 Historia
814 989 972 1026 Lausiaca,
984 997 1065 1028 quae

278 1036 312 1067 in
322 1037 484 1068 codicibus
496 1038 793 1070 Vindobonensibus
808 1039 931 1078 legitur,
948 1040 1006 1070 sub
1019 1039 1066 1070 in-

279 1086 349 1118 dice
365 1096 372 1117 :
387 1088 431 1119 De
456 1088 591 1120 Macario
618 1088 839 1120 Alexandrino.
864 1089 1011 1128 Sequitur
1032 1089 1065 1121 in

278 1137 388 1169 codice
402 1139 641 1170 membranaceo
658 1139 716 1170 sub
731 1139 835 1170 indice
852 1149 859 1170 :
881 1151 895 1167 ar
916 1139 960 1170 De
983 1141 1064 1170 Mar-

278 1195 317 1218 co
330 1199 344 1215 »
360 1187 413 1227 (2),
425 1188 458 1218 in
473 1188 583 1219 codice
596 1188 760 1220 chartaceo
775 1189 833 1220 sub
847 1189 951 1220 indice
966 1198 972 1219 :
990 1202 1003 1217 α
1022 1190 1066 1221 De

278 1238 381 1269 Marco
397 1238 601 1270 exercitatore
622 1250 636 1267 υ
656 1238 696 1279 (3)
712 1243 806 1279 caput
821 1239 991 1279 quoddam,
1008 1249 1064 1272 cu-

277 1287 327 1318 ius
338 1288 473 1319 maxima
488 1297 560 1329 pars
574 1289 607 1320 in
622 1289 713 1320 editis
729 1290 884 1321 Historiae
900 1291 1066 1322 Lausiacae

279 1339 508 1379 exemplaribus
530 1339 570 1370 de
594 1340 728 1371 Macario
754 1340 963 1371 Alexandrino
990 1341 1063 1380 agit.

279 1389 388 1428 Neque
398 1389 467 1429 ipse
477 1388 577 1420 codex
587 1390 846 1422 membranaceus
862 1391 920 1421 sibi
932 1394 1063 1428 constat,

279 1438 334 1478 qui
354 1446 474 1475 senem,
499 1438 538 1470 de
549 1447 614 1479 quo
628 1443 780 1477 narratur,
799 1440 893 1471 modo
916 1442 1063 1478 Marcum,

279 1489 376 1520 modo
401 1487 570 1519 Macarium
595 1488 723 1520 indicat.
752 1489 936 1521 Chartaceus
961 1494 1064 1522 autem

1116 989 1194 1026 Quid
1206 989 1344 1026 tandem,
1361 989 1474 1029 inquit,
1490 989 1548 1026 vis,
1560 988 1641 1020 male
1657 986 1776 1019 senex?
1790 987 1837 1018 En
1853 987 1902 1018 vi-

1115 1048 1192 1070 num
1201 1039 1305 1071 bibisti
1316 1043 1346 1071 et
1356 1039 1461 1071 oleum
1471 1039 1608 1079 tetigisti.
1621 1038 1699 1076 Quid
1713 1039 1759 1069 vis
1769 1037 1903 1078 amplius

1114 1090 1172 1121 tibi
1187 1090 1310 1128 faciam,
1322 1099 1417 1121 vorax
1436 1090 1469 1120 in
1484 1089 1609 1127 canitie,
1625 1089 1764 1120 serviens
1777 1087 1902 1120 ventri?

1114 1141 1160 1172 Ita
1176 1149 1210 1172 se
1221 1141 1291 1180 ipse
1306 1140 1503 1171 contumeliis
1519 1139 1690 1179 castigavit.
1698 1139 1827 1170 Diabolo
1843 1148 1900 1170 au-

1115 1194 1179 1222 tem
1198 1200 1204 1221 :
1222 1190 1358 1228 Recede,
1378 1190 1490 1230 inquit,
1510 1199 1528 1221 a
1542 1198 1604 1227 me,
1630 1189 1764 1221 diabole.
1789 1191 1903 1221 Conse-

1115 1240 1211 1271 nuisti
1221 1249 1345 1271 mecum
1358 1240 1391 1270 in
1406 1240 1541 1280 pigritia.
1556 1239 1769 1270 Inﬁrmitatem
1784 1247 1900 1279 corpo-

1115 1290 1157 1321 ris
1167 1290 1245 1321 mihi
1258 1290 1409 1321 indixisti.
1432 1290 1547 1321 Vinum
1562 1293 1592 1321 et
1611 1289 1715 1321 oleum
1734 1298 1783 1320 me
1803 1290 1903 1330 perci-

1115 1348 1191 1380 pere
1206 1339 1317 1371 fecisti.
1334 1339 1549 1380 Voluptarium
1575 1348 1626 1371 me
1641 1340 1813 1371 reddidisti.
1824 1341 1901 1377 Qui,

1115 1384 1174 1421 tibi
1183 1391 1313 1430 insuper
1327 1390 1449 1421 debeo?
1464 1390 1546 1422 Nihil
1560 1390 1683 1421 invenis
1696 1391 1728 1421 in
1739 1399 1800 1427 me,
1817 1390 1901 1430 quod

1115 1440 1260 1480 deripere
1277 1439 1364 1470 velis.
1383 1440 1509 1471 Recede
1522 1448 1597 1478 ergo
1606 1448 1623 1470 a
1633 1447 1695 1475 me,
1705 1439 1832 1470 inimice
1847 1439 1903 1470 ho-

1116 1491 1247 1522 minum.
1272 1493 1314 1521 Ac
1337 1490 1434 1521 veluti
1454 1490 1532 1521 latro
1557 1490 1610 1525 75
1638 1489 1697 1520 sibi
1713 1490 1783 1529 ipse
1800 1499 1807 1520 :
1826 1492 1904 1529 Age-

280 1546 406 1578 semper
423 1537 552 1578 quidem
570 1538 708 1570 Marcum
730 1539 882 1577 nominat,
899 1548 993 1580 quem
1015 1543 1063 1572 ta-
1087 1579 1093 1580 7
1117 1541 1202 1578 dum,
1218 1541 1330 1580 inquit,
1347 1544 1491 1579 nugator,
1508 1540 1542 1570 in
1555 1540 1668 1571 canitie
1684 1543 1809 1572 vorator
1825 1543 1856 1572 et
1870 1541 1903 1572 in

280 1596 353 1619 men
367 1596 462 1628 saepe
472 1593 489 1620 δ
501 1592 645 1627 μακάριος
658 1593 772 1628 μάρκος
788 1589 828 1629 (4)
846 1588 901 1625 74
911 1579 1062 1630 appellat.

1118 1579 1298 1622 heluatione
1313 1599 1409 1621 senex
1420 1590 1425 1622 Ι
1437 1590 1591 1627 Quamdiu
1601 1591 1694 1622 etiam
1708 1595 1812 1622 tecum
1829 1590 1904 1623 ero?

280 1638 364 1675 Quae
376 1647 474 1678 quum
485 1639 527 1669 ita
537 1639 609 1677 sint,
616 1638 663 1670 fas
673 1639 743 1676 erit,
752 1639 812 1671 hoc
822 1648 951 1680 quoque
960 1643 1063 1680 caput,

281 1689 369 1729 quod
396 1689 430 1720 in
456 1689 619 1721 codicibus
643 1690 940 1722 Vindobonensibus
959 1699 966 1721 :
989 1702 1004 1719 α
1022 1691 1065 1722 De

279 1740 384 1771 Marco
405 1751 420 1769 »
442 1740 632 1778 inscribitur,
647 1749 810 1780 apponere
823 1744 865 1778 et,
881 1749 957 1772 num
973 1741 1007 1773 in
1026 1750 1065 1773 eo

281 1789 320 1821 de
334 1791 449 1828 Marco,
467 1800 507 1822 an
519 1791 558 1822 de
573 1791 706 1823 Macario
727 1795 879 1829 narretur,
897 1792 1064 1832 dispicere.

281 1840 370 1877 Quod
385 1839 512 1880 quidem
527 1840 570 1871 ita
581 1840 818 1880 praestabimus,
834 1843 869 1872 ut
878 1844 997 1872 textum
1007 1850 1063 1872 co-

280 1889 359 1923 dicis
377 1890 607 1922 membranacei
625 1889 719 1922 latine
742 1891 899 1922 redditum
921 1883 1064 1931 apponal

279 1950 361 1978 mus,
376 1941 529 1972 variantes
539 1944 643 1971 autem
657 1941 793 1972 nominis
806 1941 890 1972 senis
903 1941 986 1972 illius
998 1942 1064 1973 lec-

279 1991 394 2029 tiones,
410 1999 491 2031 quae
513 1991 547 2022 in
574 1990 684 2022 codice
708 1990 872 2023 chartaceo
897 1991 1063 2028 habentur,

280 2042 339 2073 sub
350 2045 439 2073 textu
457 2045 654 2073 annotemus.
674 2042 719 2073 Ita
737 2041 822 2073 enim
837 2042 954 2073 codicis
963 2051 1064 2073 mem-

280 2092 427 2124 branacei
455 2091 589 2123 Historia
609 2092 757 2123 Lausiaca
779 2100 906 2124 narrare
932 2092 1034 2132 pergit
1056 2101 1063 2122 :

282 2152 297 2170 α
313 2140 356 2172 De
372 2141 485 2172 eodem
498 2144 605 2173 sancto
624 2142 727 2173 Marco
748 2149 861 2180 magno
879 2141 1064 2173 exercitato-

281 2199 315 2221 re
324 2190 363 2231 (5)
378 2190 429 2222 hic
440 2190 629 2222 admirabilis
642 2190 793 2222 Macarius
807 2190 867 2222 hoc
880 2190 1064 2223 incredibile

280 2240 372 2271 nobis
385 2241 519 2272 narravit
536 2250 543 2271 :
568 2241 669 2277 Quum
689 2248 789 2277 sacro,
803 2240 916 2280 inquit,
933 2249 1064 2273 munere

1156 1652 1171 1669 α
1194 1640 1387 1680 Paphnutius
1395 1648 1524 1680 quoque
1532 1639 1643 1671 Christi
1651 1649 1757 1671 servus
1769 1644 1800 1671 et
1814 1650 1904 1680 prae-

1115 1691 1190 1723 clari
1201 1691 1293 1722 huius
1305 1691 1363 1721 viri
1374 1691 1546 1730 discipulus
1559 1690 1635 1722 haec
1645 1691 1736 1721 nobis
1747 1691 1900 1722 narravit:

1115 1741 1267 1779 Quodam,
1294 1741 1409 1780 inquit,
1431 1740 1494 1778 die,
1521 1749 1618 1780 quum
1648 1739 1798 1770 Macarius
1816 1739 1901 1770 domi

1114 1791 1148 1821 in
1165 1790 1236 1822 aula
1253 1790 1376 1821 sederet
1397 1790 1437 1831 (7)
1459 1793 1490 1821 et
1508 1789 1646 1821 animum
1662 1789 1725 1820 Deo
1744 1789 1900 1819 intentum

1115 1840 1256 1877 haberet,
1275 1840 1398 1879 hyaena
1413 1839 1549 1871 catulum
1568 1847 1695 1870 caecum
1716 1847 1806 1869 suum
1821 1841 1902 1869 attu-

1115 1889 1160 1927 lit,
1184 1893 1215 1921 et
1232 1890 1313 1921 ostio
1332 1890 1420 1921 aulae
1442 1890 1544 1929 capite
1557 1889 1678 1929 pulsato
1691 1888 1828 1927 ingressa
1842 1890 1900 1924 est,

1114 1939 1169 1971 illo
1180 1940 1274 1971 etiam
1288 1940 1428 1971 sedente.
1438 1941 1530 1970 Cuius
1545 1943 1616 1970 ante
1632 1938 1729 1979 pedes
1738 1946 1810 1969 eum
1824 1946 1901 1978 pro-

1114 1990 1199 2021 iecit.
1210 1991 1340 2021 Sanctus
1362 1990 1457 2029 igitur
1475 1989 1626 2020 Macarius
1646 1997 1744 2027 quum
1766 1987 1903 2019 catulum

1115 2041 1289 2080 accepisset
1302 2039 1342 2079 (8)
1360 2040 1490 2078 eiusque
1504 2039 1537 2069 in
1552 2037 1661 2069 oculos
1675 2037 1821 2077 spuisset,
1837 2047 1905 2069 ora-

1114 2091 1168 2127 vit,
1185 2093 1216 2121 et
1237 2089 1339 2120 statim
1367 2088 1486 2120 catulus
1512 2087 1598 2118 vidit.
1627 2088 1724 2124 Quem
1742 2096 1839 2127 quum
1862 2087 1905 2118 la-

1116 2144 1239 2178 ctasset,
1256 2141 1378 2180 hyaena
1388 2139 1475 2169 abiit.
1493 2138 1549 2169 Die
1559 2141 1663 2168 autem
1678 2137 1825 2178 sequenti
1833 2137 1903 2178 pel-

1115 2191 1177 2222 lem
1203 2198 1334 2229 magnae
1358 2189 1424 2220 ovis
1454 2193 1562 2220 sancto
1585 2190 1689 2220 Marco
1717 2189 1818 2220 attulit
1848 2188 1903 2228 (9),

1118 2249 1213 2281 quam
1242 2239 1370 2279 quidem
1397 2238 1513 2279 pellem
1541 2239 1569 2269 is
1598 2241 1706 2270 sancto
1735 2237 1904 2270 Athanasio

279 2289 590 2331 fungerer,tempore
599 2290 826 2322 distributionis
839 2291 1064 2330 mysteriorum
1081 2298 1102 2325 ι)
1117 2292 1268 2332 episcopo
1287 2289 1430 2330 reliquit;
1450 2289 1540 2320 beata
1559 2292 1664 2320 autem
1681 2288 1813 2320 Melania
1826 2286 1904 2319 mihi

315 2392 354 2428 (l)
367 2392 469 2420 Tcxtus
483 2400 597 2428 graecus
612 2392 712 2427 legitur
727 2392 799 2420 intra
815 2391 843 2420 in
856 2392 952 2419 harum
967 2391 1070 2425 Quaes-

280 2437 385 2464 tionum
403 2437 560 2472 Appendice
571 2437 661 2472 priore
676 2437 727 2464 sub
742 2436 774 2464 ll.
891 2435 897 2440 ’

315 2488 354 2524 (2)
368 2488 470 2516 Graece
483 2498 490 2516 :
503 2489 570 2524 Περὶ
580 2489 702 2524 Μάρκου.
712 2488 754 2515 Cl'.
764 2488 861 2515 harum
871 2488 1068 2522 Quaestionum

279 2534 463 2570 Appendicem
476 2535 593 2570 priorem
612 2535 663 2563 sub
679 2535 699 2561 ll
715 2543 739 2562 c.
756 2539 830 2562 nota.

316 2579 353 2615 (3)
366 2579 468 2607 Graece
476 2580 543 2615 Περὶ
555 2579 602 2607 τοῦ
615 2580 728 2616 Μάρκου
739 2580 786 2607 τοῦ
797 2581 927 2617 ἀσκήτου.
942 2581 985 2609 Cf.
997 2581 1067 2608 infra

279 2626 465 2661 Appendicem
483 2625 501 2652 ι.
521 2625 539 2652 l.

317 2671 354 2707 (4)
369 2671 461 2699 Litera
481 2671 568 2706 prima
586 2671 706 2698 nominis
732 2671 836 2707 proprii
866 2672 894 2699 in
926 2671 1069 2700 codicibus

280 2715 416 2744 Vindobb.
433 2716 587 2744 minuscula
599 2724 660 2744 esse
684 2718 764 2749 solet,
788 2717 860 2744 unde
882 2724 979 2744 nomen
1003 2724 1069 2751 pro-

281 2763 371 2797 prium
387 2762 528 2797 Μακάριος
543 2762 577 2789 ab
589 2762 724 2790 adiectivo
740 2763 873 2798 μάκαριος
883 2763 911 2790 in
935 2762 970 2790 iis
981 2763 1069 2797 scrip-

281 2815 344 2838 tura
359 2818 413 2838 non
429 2809 528 2838 differt.

317 2856 361 2891 (5)
374 2856 442 2891 Περὶ
465 2856 512 2882 τοῦ
531 2855 609 2889 ἁγίου
630 2857 724 2882 τούτου
751 2856 856 2891 μάρκου
879 2855 927 2882 τοῦ
952 2855 1069 2890 μεγάλου

281 2902 412 2938 ἀσκήτου.
427 2901 515 2929 ..Cod.
535 2902 654 2928 chartae.
675 2902 792 2929 rectius:
812 2902 879 2937 Περὶ
895 2902 1001 2938 μάρχου
1020 2901 1066 2928 τοῦ

1122 2393 1172 2429 μὲν
1186 2392 1338 2427 mam...

1156 2438 1194 2473 (6)
1208 2435 1291 2469 Οὗτος
1304 2436 1332 2463 δὲ
1342 2436 1357 2463 ὁ
1373 2435 1478 2472 μάρκος
1489 2435 1620 2470 νεώτερος
1634 2435 1681 2462 ὥν.
1691 2455 1698 2463 .
1708 2454 1716 2462 .
1739 2435 1807 2464 Cod.
1829 2437 1907 2464 char-

1119 2489 1172 2511 tac.
1192 2479 1298 2514 εοῦτος
1310 2481 1338 2508 δὲ
1352 2483 1366 2508 ὁ
1384 2481 1518 2517 μακάριος
1539 2481 1643 2516 μάρκον
1663 2481 1792 2517 νεώτερος
1816 2482 1864 2509 ὢν.
1877 2501 1904 2510 ..

1120 2529 1299 2565 llbi'pdpxov
1327 2528 1445 2563 positum
1473 2535 1535 2555 esse
1557 2535 1606 2562 pro
1627 2527 1740 2562 μὰρκος,
1754 2535 1842 2563 neque
1855 2535 1906 2563 pro

1123 2575 1240 2612 μάρκου,
1258 2581 1286 2602 ut
1296 2574 1433 2610 quispiam
1446 2573 1563 2602 fortasse
1588 2574 1745 2608 crediderit.
1764 2582 1780 2602 θ
1800 2575 1905 2604 codicis

1121 2623 1258 2657 scriptura
1274 2621 1444 2656 intelligitur.

1157 2675 1194 2710 (7)
1213 2694 1220 2701 .
1235 2694 1242 2701 .
1256 2694 1263 2700 .
1279 2672 1461 2708 καθεζομένου
1489 2671 1537 2699 τοῦ
1560 2672 1695 2710 μακαρίου
1720 2672 1805 2700 οἴκου.
1835 2672 1904 2701 Cod.

1121 2721 1208 2748 cliart.
1221 2729 1228 2747 :
1246 2741 1253 2747 .
1265 2740 1272 2747 .
1285 2740 1293 2748 .
1309 2719 1490 2754 καθεζομένου
1507 2718 1552 2745 τοῦ
1566 2719 1698 2754 μακαρίου
1713 2720 1759 2746 καὶ
1772 2720 1906 2746 ἀθανάτου

1122 2765 1238 2801 μάρκου.

1158 2811 1195 2845 (8)
1208 2810 1307 2836 Τοῦτον
1316 2810 1361 2836 τὺν
1377 2809 1494 2844 σκύμνον
1504 2807 1594 2835 λαϐὼν
1614 2809 1628 2835 ὁ
1653 2809 1729 2843 ἅγιος
1751 2810 1905 2846 Μακάριος.

1122 2856 1189 2884 Cod.
1207 2856 1293 2883 chart.
1311 2864 1318 2882 :
1339 2855 1370 2882 Τ.
1380 2863 1405 2881 τ.
1420 2863 1463 2881 σκ.
1476 2854 1500 2881 λ.
1515 2855 1529 2881 ὁ
1543 2854 1621 2888 ἅγιος
1631 2855 1745 2890 μάρκος.

1157 2903 1196 2939 (9)
1213 2904 1330 2937 Ἦνεγκε
1340 2901 1379 2937 τῷ
1393 2901 1463 2936 ἁγίῳ
1478 2901 1577 2937 μάρκῳ
1590 2906 1706 2937 uterque
1725 2902 1821 2930 codex.
