2060 3153
173 159 209 188 75
927 151 1040 181 νιτΑΕ.
1750 154 1785 184 η

172 211 264 250 dixit,
290 219 325 243 se
351 219 369 247 a
394 213 502 242 sancto
530 209 697 242 Athanasio
717 210 803 242 illam
827 210 954 251 pellem,
968 211 993 241 Α
1006 218 1062 241 cus
1074 209 1201 249 pellem,
1215 209 1255 240 ab
1268 209 1390 250 hyaena
1404 208 1463 240 sibi
1473 207 1619 245 oblatam,
1634 205 1696 238 hoc
1711 214 1791 246 prov

173 269 256 302 quae
269 269 383 293 munus
393 261 533 301 hyaenae
548 261 772 301 appellabatur,
785 262 954 302 accepisse.

172 309 210 341 Id
228 313 331 342 autem
350 309 499 340 Dominus
516 309 600 347 fecit,
615 312 649 340 ut
659 308 829 348 gloriosum
843 309 955 340 redde-

172 363 221 391 ret
246 367 370 391 servum
390 367 492 397 suum,
514 359 594 390 sicut
615 358 707 390 etiam
731 358 764 389 in
784 358 848 389 Elia
871 362 902 390 et
923 359 956 390 in

173 410 299 441 Daniele
309 410 394 441 fecit.
588 404 594 412 ”

213 472 227 489 ιι
251 460 416 490 Dicebatur
430 458 480 490 hic
495 462 630 498 sanctus,
647 468 685 492 ex
699 469 763 500 quo
784 460 956 501 baptizatus

174 513 266 547 esset,
283 509 371 541 humi
385 517 451 540 non
464 509 585 549 spuisse
597 518 654 550 per
673 511 830 550 sexaginta
844 520 954 543 annos.

173 562 279 591 Annos
309 559 394 591 enim
429 559 633 599 quadraginta
664 564 755 592 natus
784 561 956 602 baptizatus

174 612 220 639 est
231 607 284 646 (1).
300 608 422 639 Statura
441 610 546 639 autem
567 609 620 640 illa
640 612 740 641 aetate
754 611 828 642 satis
838 612 956 644 minuta

174 667 209 689 ac
221 666 288 689 rara
301 656 380 694 fuit;
400 658 482 698 pilos
497 659 529 689 in
540 658 608 690 solo
623 658 711 691 labro
726 659 844 698 habuit,
863 665 956 701 atque

176 705 209 735 in
233 713 379 745 suprema
400 710 488 745 parte
502 707 600 737 menti
617 707 724 739 habuit
738 717 866 748 paucos.
879 711 956 741 Nam

177 758 307 795 prepter
325 755 437 787 nimios
454 757 683 789 exercitationis
701 758 824 791 labores
847 768 888 791 ne
901 761 957 801 pili

179 804 306 845 quidem
317 806 412 838 menti
425 806 491 837 eius
503 807 584 838 enati
599 810 681 839 sunt.

219 867 234 883 α
257 856 345 886 Hunc
356 861 496 888 sanctum
510 855 560 888 die
574 858 710 898 quodam
727 859 859 891 conveni
869 859 957 892 valde

180 904 289 935 anxius
302 905 405 936 animo
420 908 450 936 et
468 913 476 936 :
496 888 595 944 Abba:
973 888 994 916 Β

181 954 255 994 quid
277 954 404 992 faciam;
430 964 503 986 nam
528 956 667 996 afﬂigunt
687 966 737 988 me
756 958 960 997 cogitationes

180 1004 405 1036 insusurrantes
421 1005 499 1036 mihi
511 1014 518 1036 :
530 1005 613 1036 Nihil
630 1006 724 1044 facis;
744 1008 857 1038 recede
874 1007 958 1039 hinc.

179 1054 394 1086 Sanctissimus
412 1056 533 1086 Marcus
553 1055 629 1087 mihi
651 1057 814 1096 respondit
831 1056 891 1098 (3):
907 1059 960 1089 Dic

178 1108 222 1142 tu,
236 1105 349 1144 inquit,
365 1105 604 1144 cogitationibus
624 1106 703 1138 tuis:
723 1107 855 1148 Propter
880 1107 963 1139 Chri—

179 1159 262 1185 stum
286 1155 420 1195 parietes
446 1154 501 1191 76
519 1156 673 1188 custodio.
693 1157 777 1189 Haec
791 1157 917 1198 quidem
944 1168 962 1190 e

179 1205 284 1236 multis
315 1205 498 1245 magnisque
542 1206 638 1246 signis
665 1215 702 1239 ac
742 1209 963 1240 certaminibus

178 1255 286 1295 inclyti
309 1257 339 1286 et
354 1256 466 1287 virtute
488 1257 589 1287 ornati
611 1257 704 1288 Marci
725 1256 766 1298 (4)
783 1257 927 1289 indicavi.
947 1270 961 1286 »

219 1305 295 1336 Cum
309 1304 431 1336 duobus
442 1305 602 1337 codicibus
616 1306 912 1340 Vindobonensibus
924 1309 964 1340 de

180 1356 241 1387 hoc
257 1355 328 1387 loco
339 1357 577 1396 componendus
588 1363 634 1389 est
642 1359 752 1390 tertius
767 1359 893 1399 quidam
908 1368 962 1391 co-

181 1405 242 1439 dex
255 1406 463 1437 bibliothecae
474 1407 639 1439 Caesareae
652 1408 963 1450 Vindobonensis(5),

181 1455 216 1487 in
242 1465 305 1496 quo
332 1456 486 1497 capitibus
510 1458 651 1489 asceticis
683 1459 842 1490 cuiusdam
872 1461 966 1491 Marci

182 1507 338 1548 inscriptis
353 1517 361 1538 :
377 1511 429 1540 Τοῦ
444 1512 515 1550 ὰββᾶ
531 1513 637 1550 μάρκου
651 1515 716 1550 περὶ
725 1514 770 1541 τοῦ
783 1515 965 1551 πνευματικοῦ

183 1563 264 1597 νόμου
285 1557 324 1599 (6)
347 1560 498 1600 prologus
531 1561 740 1602 praemittitur
761 1561 801 1602 (7)
826 1569 844 1592 e
864 1562 966 1602 capite

182 1608 335 1640 Historiae
352 1610 529 1648 Lausiacae,
548 1610 633 1651 quod
651 1610 821 1648 attulimus,
843 1612 966 1652 compi-

184 1658 273 1689 latus.
295 1659 352 1696 Qui
374 1660 486 1701 incipit
510 1662 613 1693 verbis
627 1671 635 1692 :
651 1663 736 1699 Οὗτος
747 1667 762 1692 ὁ
774 1666 906 1698 ἀθάνατος
919 1666 967 1693 καὶ

186 1709 319 1745 μαοάριος
336 1709 439 1745 μάρκος
456 1710 587 1747 νεώτερος
610 1711 648 1739 ὢν
671 1711 789 1739 παλαιὰν
808 1713 856 1739 καὶ
871 1712 967 1748 καίνην

185 1760 292 1796 γραφὴν
308 1761 544 1797 ἁπεστήθισενι....
561 1759 640 1789 Tum
650 1758 791 1798 sequitur
806 1767 813 1789 :
829 1759 897 1794 Περὶ
908 1759 969 1786 τού-

185 1813 231 1832 του
247 1806 297 1842 ἔφη
310 1808 324 1834 ὁ
338 1808 386 1842 μὲν
402 1808 534 1843 μακάριος
544 1809 559 1835 ὁ
578 1807 776 1844 Ἀλεξάνδρινος
787 1808 968 1844 πρεσβύτερος

186 1849 234 1881 ὢν,
242 1852 282 1878 ὃτι
298 1853 395 1888 μάρκῳ
404 1853 444 1879 τῶ
453 1853 560 1889 annm
577 1853 704 1880 οὐδέποτε
713 1853 802 1880 ἔδωκα
814 1853 869 1888 ἐγὼ
883 1862 969 1890 προσ-

186 1902 307 1938 φοράν...
328 1899 393 1934 Qua
411 1899 587 1930 narratione
613 1899 654 1930 de
682 1899 850 1936 oblatione,
876 1908 969 1939 quam

187 1949 290 1979 Marco
318 1948 386 1979 seni
406 1949 535 1988 angelus
554 1948 686 1987 dederit,
714 1949 812 1986 ﬁnita,
840 1949 970 1981 alteram

188 1996 266 2036 legis
280 1997 319 2028 de
333 1998 436 2029 catulo
451 2007 487 2029 ac
501 1998 585 2039 pelle
598 1998 752 2038 hyaenae,
767 2007 848 2039 quae
861 1999 971 2039 incipit

189 2047 290 2078 verbis
304 2055 311 2077 ε
327 2051 418 2084 οὕτως
431 2053 445 2079 ό
459 2052 544 2087 μέγας
564 2053 611 2079 καὶ
626 2052 757 2084 ἀθάνατος
776 2053 891 2088 μάρχοςο
906 2052 971 2079 ποτὲ

189 2102 369 2138 καθεζομένου
384 2103 414 2129 ὲν
429 2104 461 2139 τῇ
481 2103 549 2139 αὐλῇ
566 2102 617 2138 τῆς
637 2103 736 2138 κέλλης
763 2103 846 2130 αὑτοῦ
866 2102 912 2130 και
933 2102 972 2138 τῷ

190 2152 243 2188 θεῷ
259 2153 485 2189 προσομιλοῦντος
509 2153 588 2181 ὕαινα
604 2154 649 2181 τὸν
669 2154 767 2190 ἑαυτῆς
791 2153 909 2189 σκύμνον
926 2162 973 2180 τυ-

191 2203 255 2238 φλὸν
264 2203 329 2230 ὄντα
342 2204 441 2240 ἦνεγκε
464 2205 513 2231 καὶ
535 2205 625 2240 ῥίπτει
650 2204 730 2231 αὑτὸν
751 2205 791 2236 εἰς
805 2204 868 2236 τοὺς
888 2204 972 2235 πόδας

190 2253 236 2281 τοῦ
249 2254 338 2288 ἁγίου,
350 2254 380 2281 ὃν
390 2255 438 2282 καὶ
448 2254 631 2291 ἐθεράπευσεν
640 2255 655 2282 ὁ
666 2255 753 2290 ἅγιος·
764 2256 797 2290 τῇ
808 2254 871 2290 ἑξῆς
879 2255 972 2291 ἡμέρᾳ

191 2303 285 2332 κώδιον
297 2304 433 2341 προϐάτου
448 2305 563 2340 μεγάλου
578 2306 647 2340 ἁγίῳ
667 2306 776 2341 ἦνεγκε,
789 2305 857 2341 ὅπερ
869 2306 884 2332 ὸ
896 2304 972 2340 ἅγιος

193 2355 296 2390 μάρκος
306 2355 484 2382 καταλέλοιπε
492 2355 530 2391 τῷ
538 2356 607 2391 ἁγίῳ
622 2352 834 2391 μακαρίῳ.‹οιιδ
844 2351 972 2392 quidem

193 2402 368 2433 narratione
383 2401 533 2441 prologus
546 2402 603 2433 iste
624 2402 807 2433 terminatur
820 2401 873 2442 (8).
895 2402 972 2434 Mar-

227 2507 266 2543 (Ι)
277 2506 549 2544 Τεσσαρακονταετὴς
558 2506 613 2542 γὰρ
628 2507 772 2542 ἐσαπισθη.
785 2506 852 2535 Cod.
866 2507 952 2534 chart.
965 2516 972 2534 :

195 2551 226 2579 Τ.
238 2560 265 2586 γ.
277 2551 428 2588 ἐϐαπτίσθη
443 2553 457 2579 ὸ
469 2553 579 2588 γνήσιος
597 2550 644 2578 τοῦ
660 2551 779 2588 Χριστοῦ
790 2551 880 2583 δοῦλος
905 2551 976 2586 μάρ-

284 2644 369 2671 Ἀϐεᾶ
380 2644 476 2680 Μάρκε
490 2647 604 2677 uterque
621 2642 716 2670 codex.

233 2690 271 2726 (3)
292 2689 480 2726 ’Λποκρίνεται
494 2697 538 2725 μοι
551 2690 566 2716 ὸ
580 2687 728 2723 ἁγιώτατος
743 2688 846 2724 μάρκος
863 2691 978 2722 uterque

197 2736 293 2764 codex.

232 2779 271 2816 (ι)
288 2800 296 2807 .
307 2800 314 2807 .
327 2800 335 2808 .
350 2779 398 2806 τοῦ
409 2780 531 2816 ἀοιδίμου
542 2779 589 2807 καὶ
604 2778 731 2815 ἐναρέτου
745 2777 860 2814 μάρκου.
870 2797 877 2806 .
886 2799 893 2804 .
910 2782 981 2805 uter-

199 2834 252 2862 quc
265 2826 361 2854 codex.

239 2872 274 2907 ,5)
301 2872 369 2899 Cod.
400 2880 450 2900 ms.
475 2872 563 2905 tlieol,
582 2879 673 2908 graec.
699 2869 746 2898 Νι.
770 2869 832 2899 2H.
853 2868 917 2896 olim
931 2866 984 2895 258

1008 259 1080 299 logo
1099 262 1188 297 teste,
1213 260 1243 290 S.
1271 259 1402 291 Macario
1425 258 1561 299 reliquit,
1585 266 1604 288 a
1631 266 1695 298 quo
1719 265 1790 289 eam

1008 310 1039 340 S.
1051 309 1182 340 Melania
1192 309 1311 348 accepit
1324 308 1375 348 (9).

1047 359 1128 398 Ergo
1143 359 1177 390 in
1191 359 1312 395 codice,
1329 366 1347 389 e
1360 366 1424 398 quo
1438 356 1587 397 prologus
1600 354 1789 395 compilaba-

1010 410 1068 446 tur,
1079 417 1130 439 res
1139 408 1210 440 illae
1221 416 1285 439 non
1294 408 1397 439 minus
1408 407 1447 438 de
1454 408 1556 438 Marco
1565 411 1706 437 narratae
1720 413 1789 436 essu

1008 459 1163 490 videntur.

1047 509 1126 546 Quid
1139 512 1254 547 autem,
1269 509 1296 540 si
1313 509 1347 540 in
1361 508 1523 540 codicibus
1535 505 1789 538 Vindobonensi-

1008 559 1066 591 bus
1078 559 1113 591 in
1131 559 1186 591 illo
1195 560 1296 600 capite
1313 562 1449 590 erratum
1462 557 1527 589 sit?
1541 557 1630 594 Quid,
1647 557 1673 587 si
1695 556 1789 587 index

1007 609 1061 641 ille
1083 619 1090 640 :
1110 621 1124 638 α
1141 610 1185 641 De
1198 611 1300 640 Marco
1315 621 1330 638 »
1346 608 1478 647 margini
1494 607 1668 646 adscriptus
1679 614 1788 645 reapse

1008 660 1048 690 ad
1062 659 1160 691 solam
1175 659 1386 700 prodigiosam
1399 658 1524 690 Macarii
1538 656 1736 688 Alexandrini
1751 655 1790 686 de

1008 711 1122 747 Marco,
1134 711 1184 741 cui
1194 710 1384 741 oblationem
1394 708 1522 748 angelus
1536 707 1667 743 dederit,
1681 714 1792 737 narra-

1008 759 1125 790 tionem
1139 759 1284 800 pertinet,
1301 767 1337 791 ac
1350 758 1467 790 librarii
1476 758 1545 797 ipso
1556 757 1617 788 hoc
1630 755 1745 792 indice,
1756 758 1791 784 ut

1008 811 1062 839 aut
1078 816 1194 839 nomen
1214 812 1348 848 μακάριος
1365 808 1399 838 in
1417 811 1520 848 μάρκος
1548 809 1714 843 mutarent,
1738 809 1790 839 aut

1009 857 1080 889 voci
1100 862 1233 899 μακάριος
1251 857 1378 889 alteram
1399 862 1502 898 μάρκος
1518 856 1679 892 adderent,
1696 856 1792 887 addu-

1008 907 1049 938 cti
1065 908 1150 940 sunt!
1564 920 1570 926 ·

1049 957 1101 994 77
1117 958 1205 995 Quod
1225 958 1353 999 quidem
1369 967 1439 990 cum
1460 966 1517 998 per
1533 966 1566 988 se
1589 965 1653 988 non
1676 956 1791 987 abhor-

1009 1010 1076 1038 reat
1094 1017 1111 1038 a
1129 1007 1410 1044 verisimilitudine,
1428 1009 1516 1037 textu
1534 1005 1707 1037 editionum
1722 1013 1793 1035 ver-

1011 1057 1197 1098 sionumque
1222 1057 1376 1089 Historiae
1406 1057 1572 1088 Lausiacae
1596 1053 1798 1095 comprobari

1011 1107 1142 1138 videtur.
1162 1108 1196 1138 In
1210 1110 1296 1139 textu
1306 1108 1390 1138 enim
1403 1107 1539 1144 Meursii,
1562 1106 1706 1137 Cotelerii
1720 1105 1794 1146 (10),

1011 1157 1273 1194 Fronto-Ducaei,
1297 1161 1390 1196 atque
1416 1157 1447 1187 in
1478 1156 1620 1187 versione
1650 1155 1794 1191 Herveti,

1013 1207 1142 1237 narratis
1155 1206 1204 1243 iis,
1221 1207 1336 1246 quibus
1350 1207 1382 1237 in
1398 1206 1558 1238 codicibus
1569 1205 1795 1237 Vindobonen-

1013 1256 1098 1287 sibus
1109 1256 1239 1288 historia
1253 1257 1377 1288 Macarii
1389 1256 1588 1287 Alexandrini
1603 1255 1719 1293 ﬁnitur,
1735 1255 1798 1295 pri-

1013 1316 1098 1338 mum
1113 1309 1248 1340 narratio
1262 1308 1429 1349 Paphnutii
1443 1307 1481 1339 de
1495 1307 1598 1339 catulo
1612 1316 1648 1338 ac
1661 1306 1744 1347 pelle
1758 1306 1797 1337 ab

1014 1358 1135 1397 hyaena
1160 1359 1305 1390 Macario
1338 1358 1547 1390 Alexandrino
1569 1358 1700 1395 oblatis,
1730 1359 1798 1388 tum

1014 1412 1128 1446 Cetera,
1146 1418 1226 1449 quae
1242 1410 1275 1440 in
1291 1409 1452 1441 codicibus
1465 1417 1567 1449 usque
1580 1408 1619 1440 ad
1636 1409 1731 1440 ﬁnem
1749 1417 1797 1439 ca-

1015 1459 1087 1499 pitis
1110 1459 1282 1497 habentur,
1313 1459 1553 1499 subiungumur.
1582 1458 1700 1489 Deinde
1728 1462 1800 1498 post

1016 1510 1109 1541 verba
1131 1518 1137 1539 :
1165 1521 1179 1537 ‹‹
1204 1511 1288 1541 Haec
1308 1509 1435 1549 quidem
1459 1517 1477 1540 e
1501 1509 1606 1539 multis
1629 1511 1660 1539 et
1679 1508 1800 1546 magnis

979 1556 1000 1585 C
1017 1559 1112 1598 signis
1128 1568 1163 1591 ac
1175 1559 1396 1591 certaminibus
1407 1558 1517 1599 inclyti
1531 1558 1567 1590 ac
1581 1558 1692 1589 virtute
1706 1566 1798 1598 prae-

1016 1610 1072 1641 diti
1093 1609 1230 1642 Macarii
1249 1609 1418 1649 signiﬁcavi
1433 1621 1447 1638 ››
1465 1610 1604 1640 eiusdem
1624 1608 1748 1640 Macarii
1762 1608 1804 1639 de-

1016 1659 1135 1695 Marco,
1156 1658 1207 1689 cui
1226 1658 1420 1689 oblationem
1432 1657 1562 1697 angelus
1580 1657 1711 1694 dederit,
1726 1654 1800 1687 nar-

1018 1707 1096 1739 ratio
1123 1707 1255 1747 legitur;
1283 1716 1319 1738 ac
1343 1710 1408 1738 tum
1437 1706 1563 1737 demum
1590 1706 1648 1736 sub
1674 1705 1800 1736 indice:

1019 1768 1034 1784 ι
1050 1756 1093 1787 De
1117 1757 1220 1787 Marco
1237 1767 1250 1783 »
1273 1755 1357 1786 hunc
1376 1763 1484 1786 senem
1502 1763 1605 1786 sacras
1632 1753 1803 1793 scripturas

1019 1805 1194 1843 edidicisse,
1212 1805 1346 1846 probum
1357 1808 1388 1836 et
1397 1808 1515 1836 castum
1529 1805 1625 1836 fuisse
1640 1807 1670 1834 et
1687 1805 1801 1840 cetera,

1019 1864 1100 1896 quae
1115 1856 1154 1887 de
1169 1855 1262 1887 Marci
1273 1864 1379 1887 secum
1395 1858 1425 1886 et
1437 1863 1509 1886 cum
1525 1854 1650 1885 diabolo
1665 1853 1804 1884 certami-

1020 1907 1112 1938 nibus
1128 1906 1295 1943 attulimus,
1311 1915 1414 1945 usque
1433 1905 1472 1936 ad
1489 1904 1601 1936 verba:
1625 1916 1639 1932 «
1651 1903 1804 1940 Quamdiu

1020 1957 1114 1988 etiam
1126 1959 1229 1988 tecum
1240 1964 1294 1988 ero
1306 1967 1321 1984 λδ
1332 1958 1516 1996 sequuntur.

1059 2008 1140 2046 Ergo
1160 2007 1193 2038 in
1214 2006 1403 2038 editionibus
1417 2005 1535 2046 graecis
1550 2004 1703 2036 Historiae
1723 2005 1804 2035 Lau-

1021 2057 1122 2088 siacae
1148 2060 1179 2088 et
1201 2056 1234 2087 in
1256 2056 1401 2087 versione
1423 2055 1549 2086 Herveti
1577 2053 1710 2085 maxima
1733 2062 1816 2093 pars.

1022 2106 1144 2147 capitis,
1167 2106 1295 2146 quodin
1310 2105 1490 2137 codicibus:
1515 2116 1528 2132 α
1542 2104 1585 2134 De
1611 2104 1715 2134 Marco
1728 2102 1805 2132 »1η-

1023 2156 1174 2196 scriptum
1187 2158 1245 2192 est,
1260 2155 1300 2186 ad
1317 2154 1484 2186 Macarium
1492 2152 1734 2184 Alexandrinum
1754 2160 1806 2183 re—

988 2224 1009 2252 ι)
1022 2205 1138 2243 fertur;
1162 2205 1282 2246 reliqua
1304 2213 1390 2242 vero,
1415 2213 1497 2244 quae
1515 2203 1555 2234 de
1575 2204 1677 2234 Marco
1699 2205 1817 2241 agunt,_
1850 2199 1852 2201 ⁷

1025 2263 1106 2287 novo
1118 2255 1220 2295 capite
1236 2254 1558 2295 comprehenduntur.

1064 2305 1159 2336 Aliter
1177 2312 1250 2335 vero
1276 2312 1310 2335 se
1329 2303 1422 2335 habet
1441 2303 1474 2333 in
1496 2301 1642 2333 Pura-disc
1660 2303 1753 2340 atque
1775 2299 1808 2328 in

1025 2355 1168 2386 versione
1207 2353 1364 2385 Historiae
1393 2352 1558 2384 Lausiacae
1597 2350 1733 2389 antiqua.
1772 2349 1806 2378 In

1025 2404 1139 2445 quibus
1156 2403 1348 2435 narrationes
1364 2402 1473 2444 capitis
1493 2401 1577 2432 illius
1594 2399 1705 2431 eodem
1721 2406 1809 2439 pror-

1025 2509 1113 2537 charl.

1060 2555 1098 2591 (6)
1117 2555 1225 2583 Excusa
1237 2559 1301 2583 sunt
1320 2556 1347 2582 in
1360 2554 1449 2590 Magn.
1473 2553 1541 2581 Bibl.
1555 2551 1611 2580 νν.
1640 2551 1693 2578 ΡΡ.
1718 2550 1808 2578 Paris.

1024 2601 1056 2629 τ.
1072 2601 1107 2629 x1
1123 2609 1150 2636 p.
1163 2601 1226 2629 888.

1060 2648 1098 2683 (7)
1112 2648 1141 2675 ln
1157 2647 1262 2675 codicis
1274 2647 1322 2675 I‘ol.
1334 2646 1399 2678 247,
1413 2646 1441 2673 2.

1061 2695 1100 2730 (8)
1115 2693 1158 2722 Cf.
1170 2693 1266 2721 harum
1281 2692 1478 2726 Quaestionum
1492 2690 1677 2727 Appandicem
1691 2690 1814 2726 priorem-

1027 2739 1080 2768 sub
1095 2739 1139 2768 IV.

1063 2786 1100 2821 (9)
1117 2786 1160 2814 Cf.
1175 2793 1258 2821 supra
1270 2793 1296 2820 β.
1314 2784 1347 2811 l6
1363 2786 1420 2812 not.
1432 2783 1460 2811 2.

1065 2833 1121 2868 (l0)
1136 2833 1252 2860 Cotclcr.
1269 2830 1340 2858 Eccl.
1358 2829 1452 2858 Graec.
1472 2828 1588 2857 MumT.
1601 2828 1634 2856 Ill
1650 2835 1678 2864 p.
1696 2826 1769 2855 Μελ
