2060 3153
278 173 311 202 75
686 164 736 192 SS.
757 165 985 195 MACARIORUM
1005 166 1164 194 AEGYPTII
1185 166 1228 194 ΕΤ
1254 166 1485 194 ALBXANDRINI
1847 163 1884 193 75

276 235 328 257 sus
359 225 468 257 ordine
500 227 674 264 sequuntur
704 227 797 264 atque
825 225 859 256 in
892 225 1052 258 codicibus
1068 238 1090 266 Α
1103 231 1287 267 sequuntur,
1305 227 1345 259 ad
1361 226 1528 258 Macarium
1542 224 1784 256 Alexandrinum
1798 232 1888 264 spee-

277 276 581 308 Vindobonensibus.
602 276 713 315 Neque
730 283 803 306 vero
823 276 982 307 Paradisus
996 277 1055 308 sibi

276 329 406 362 constat,
424 325 477 364 qui
496 325 611 365 pariter
629 328 723 363 atque
748 324 847 355 codex
862 325 1056 356 membrana-

275 382 350 405 ceus
367 374 617 405 Vindobonensis
632 382 747 404 nomen
766 373 849 404 senis
866 373 961 405 modo
979 375 1055 405 Mar-

275 433 363 460 cum,
391 424 485 454 modo
508 424 673 455 Macarium
698 423 826 454 indicat.
853 424 928 454 Nam
957 433 1054 463 quum

273 472 410 513 primum
427 473 466 504 de
485 474 592 504 Marco
613 477 782 511 narrasset,
799 475 906 513 postea
927 473 1052 504 scribit:

275 535 289 550 οι
306 523 351 554 Ad
364 523 446 554 hunc
463 525 620 562 [Marcum]
642 533 712 555 cum
727 525 880 555 venissem
899 523 1053 555 dicerem-

274 581 350 613 que:
366 573 452 604 Abba
461 574 594 604 Macarz'.
615 597 622 604 .
642 598 648 604 .
667 597 673 604 .
687 585 714 612 ν),
729 578 796 605 tum
809 575 840 604 in
851 574 912 604 ﬁne
923 573 1032 613 capitis
1046 581 1052 603 :

275 634 289 650 «
309 623 392 653 Haec
410 631 507 663 pauca
528 623 567 653 de
582 623 686 653 multis
697 632 734 654 ex
756 622 844 653 factis
861 622 959 653 sancti
980 623 1053 652 Μα-

273 673 354 702 carii
367 673 415 702 vel
425 673 514 703 dictis
525 673 704 712 signiﬁcavi.
717 684 731 700 »
747 674 857 703 Contra
868 672 900 702 in
911 672 1054 702 versione

272 722 426 753 Historiae
448 723 611 754 Lausiacae
633 724 759 763 antiqua
784 727 883 754 totum
903 726 994 763 caput
1015 723 1054 756 ad

271 773 447 803 Macarium
461 773 604 810 refertur,
627 774 681 814 qui
695 773 831 804 Palladio
853 776 924 804 ante
943 772 1053 804 cellam

273 823 341 853 eius
357 824 483 854 sedente
499 827 529 854 et
541 824 733 855 auscultante
747 833 853 854 secum
870 826 980 854 etcum
992 823 1055 853 dia-

273 873 346 904 bolo
361 873 417 904 ista
432 874 647 904 confabulatus
661 874 710 910 sit,
726 876 756 904 et
767 873 816 904 cui
826 873 920 913 plane
936 872 1051 908 omnia,

272 931 354 962 quae
371 923 472 962 capite
486 923 541 953 illo
556 923 719 959 habentur,
732 922 928 953 conveniant.
943 922 1052 961 Neque

271 973 305 1004 in
319 982 355 1004 ea
370 974 462 1004 Marci
477 974 593 1004 mentio
606 974 654 1011 ﬁt,
671 973 730 1004 nisi
744 977 789 1010 ut,
805 981 885 1013 quae
902 973 1053 1004 Macarius

273 1023 312 1054 de
327 1031 364 1054 eo
375 1023 524 1061 retulerit,
541 1026 719 1059 narrentur;
734 1023 848 1063 quibus
861 1022 1050 1061 adiungitur,

271 1074 420 1112 Marcum,
447 1083 543 1113 quum
566 1074 687 1105 iuvenis
711 1077 802 1111 esset,
832 1082 857 1104 s.
885 1073 1052 1112 scripturas

273 1123 446 1161 edidicisse,
457 1128 487 1154 et
498 1124 661 1164 insigniter
677 1128 873 1156 mansuetum
890 1126 920 1154 et
935 1126 1053 1154 castum

271 1173 378 1205 fuisse.

310 1240 366 1276 78
385 1241 464 1277 Quid
495 1240 614 1280 igitur?
640 1242 721 1272 Num
753 1243 941 1275 statuemus,
973 1238 1054 1270 facta

270 1290 366 1322 Marci
391 1291 552 1322 mentione
574 1290 717 1322 librarios
734 1289 880 1320 inductos
903 1295 983 1324 esse,
1008 1290 1052 1324 ut,

271 1349 351 1381 quae
358 1341 489 1372 Macario
496 1340 694 1377 conveniunt,
706 1340 808 1370 Marco
818 1337 990 1374 tribuerint,
1001 1345 1052 1373 an,

271 1391 398 1432 quodin
413 1391 461 1427 iis,
477 1399 557 1431 quae
571 1389 769 1427 antecedunt,
784 1388 823 1419 de
833 1387 965 1418 Macario
980 1396 1053 1417 nar-

271 1445 371 1473 ratum
384 1444 441 1477 est,
458 1441 590 1471 Macario
601 1439 756 1476 tribuisse,
769 1447 849 1478 quae
864 1437 903 1468 ad
917 1438 1054 1468 Marcum

271 1494 413 1532 spectant
423 1490 438 1521 T

310 1561 395 1591 Haec
410 1559 551 1600 quaestio
564 1558 666 1598 primo
678 1558 805 1598 quidem
819 1556 968 1595 adspectu
981 1553 1054 1610 satis
1067 1582 1088 1610 ο

271 1611 422 1651 perplexa
444 1618 512 1640 esse
529 1609 668 1645 videtur;
695 1607 761 1643 sed,
782 1607 808 1638 si
839 1609 981 1637 accurate
1002 1603 1051 1634 di-

273 1661 482 1696 stinxerimus,
499 1660 590 1691 facile
601 1656 859 1690 solvetur.Rulini
874 1656 957 1686 enim
970 1655 1052 1685 Con-

271 1711 444 1743 tinuatione
474 1709 627 1740 Historiae
648 1707 882 1739 Ecclesiasticae
908 1703 1051 1739 Eusebii,

273 1770 353 1802 quae
366 1761 462 1791 multo
480 1764 551 1790 ante
564 1758 730 1790 Historiam
748 1756 925 1788 Lausiacam
940 1754 1053 1792 scripta

274 1814 332 1847 est,
348 1809 526 1844 edocemur,
548 1806 649 1839 catulo
664 1806 804 1845 hyaenae
821 1804 929 1836 oculos
950 1812 967 1833 a
988 1804 1052 1832 Ma-

274 1860 358 1892 cario
374 1858 581 1890 Alexandrino
597 1857 754 1888 restitutos
769 1864 848 1886 esse.
865 1856 940 1885 Nam
955 1853 1051 1891 legis:

274 1923 289 1939 ‹‹
305 1910 392 1942 Idem
405 1910 474 1949 ipse
490 1908 640 1943 Macarius
654 1907 780 1938 leaenae
797 1905 978 1945 speluncam
996 1903 1053 1933 ha-

273 1961 342 2001 buit
368 1959 497 1990 cellulae
523 1960 620 1996 [suae]
635 1957 778 1988 vicinam.
801 1955 982 1995 Iitquadam
1005 1953 1055 1983 die

274 2011 392 2042 catulos
409 2019 482 2041 suos
493 2018 603 2041 caecos
617 2009 655 2039 ad
671 2017 741 2039 eum
755 2007 857 2038 bellua
873 2005 1016 2045 producit
1026 2007 1056 2034 et

274 2063 346 2091 ante
362 2059 458 2099 pedes
471 2059 538 2090 eius
551 2058 648 2098 ponit.
664 2059 700 2087 At
713 2057 765 2087 ille
779 2065 875 2096 quum
889 2054 1057 2085 intellexis-

276 2114 334 2147 set,
357 2118 414 2149 pro
435 2109 582 2140 caecitate
601 2108 763 2138 oculorum
789 2105 919 2137 bestiam
940 2103 1058 2143 suppli-

275 2169 358 2197 care,
374 2160 491 2198 rogavit
505 2159 680 2193 Dominum,
692 2161 726 2188 ut
736 2157 780 2187 eis
789 2156 932 2191 redderet
945 2154 1055 2184 visum.

277 2212 343 2248 Quo
362 2213 490 2248 recepto
517 2211 647 2239 matrem
669 2209 837 2245 sequentes
865 2204 998 2234 redeunt
1019 2203 1057 2233 ad

1107 279 1190 307 tent:
1207 285 1296 314 eum,
1319 285 1357 307 ex
1379 284 1442 316 quo
1461 275 1632 315 baptizatus
1651 274 1703 311 sit,
1728 274 1886 313 sexaginta

1106 330 1205 357 annos
1223 335 1286 357 non
1309 326 1396 356 humi
1410 325 1542 365 spuisse,
1559 333 1659 355 annos
1682 323 1885 363 quadraginta

1105 378 1211 406 natum
1226 375 1413 415 baptizatum
1426 382 1504 410 esse,
1520 377 1634 404 statura
1648 373 1733 403 brevi
1748 373 1843 403 fuisse
1854 376 1885 404 et

1105 429 1218 462 cetera,
1231 434 1310 465 quae
1326 433 1425 464 usque
1436 425 1475 455 ad
1491 425 1584 455 tinem
1602 423 1710 463 capitis
1727 423 1883 461 leguntur.

1105 477 1182 506 Nam
1203 476 1280 507 ordo
1301 475 1395 506 totius
1408 475 1500 505 huius
1519 474 1667 505 orationis
1685 473 1830 513 postulat,
1850 475 1885 503 ut

1104 525 1181 556 haec
1207 526 1246 556 de
1276 525 1387 556 eodem
1414 533 1488 555 sene
1517 523 1747 562 intelligantur,
1775 531 1792 553 a
1820 531 1884 562 quo

1105 575 1187 606 oculi
1201 575 1303 606 catulo
1313 574 1452 614 hyaenae
1467 573 1598 604 restituti
1608 576 1689 604 sunt.
1701 573 1757 604 Illa
1771 581 1844 603 vero
1859 572 1886 603 si

1104 625 1143 656 de
1159 626 1291 656 Macario
1309 625 1510 664 intelligenda
1530 627 1613 661 sunt,
1634 632 1741 654 senem
1756 631 1885 662 quoque

1104 679 1229 707 centum
1252 684 1420 712 annorum,
1445 674 1500 714 qui
1528 682 1561 704 se
1586 677 1615 704 et
1637 673 1795 704 diabolum
1821 676 1886 703 tam

1104 727 1215 758 acerbe
1230 726 1409 766 increpavit,
1424 725 1590 756 Macarium
1609 723 1704 754 fuisse
1719 723 1809 753 facile
1827 725 1887 753 sta-

1103 782 1183 809 tues.
1209 779 1284 809 Nam
1304 777 1506 817 quadraginta
1529 775 1613 813 anni,
1638 783 1718 814 quos
1735 774 1885 805 Macarius

1103 831 1174 858 ante
1184 827 1371 868 baptismum
1386 826 1471 863 vixit,
1486 828 1516 856 et
1527 825 1696 863 sexaginta,
1714 832 1793 864 quos
1812 823 1885 853 virit

1104 880 1233 916 accepto
1255 877 1427 916 baptismo,
1450 875 1477 906 si
1502 877 1733 914 computantur,
1761 876 1885 908 centum

1102 935 1202 958 annos
1212 926 1359 957 efﬁciunt.

1141 992 1195 1027 79
1205 994 1314 1032 Itaque
1331 991 1363 1022 in
1377 991 1442 1022 sola
1456 991 1584 1032 antiqua
1602 991 1745 1022 versione
1768 991 1886 1021 rectam

1101 1042 1233 1073 inveniri
1247 1042 1409 1073 nominum
1422 1042 1605 1082 scripturam
1616 1041 1775 1080 intelligis,
1788 1049 1885 1071 cunc-

1101 1096 1207 1132 taque,
1219 1101 1299 1132 quae
1314 1093 1416 1132 capite
1429 1091 1484 1123 illo
1499 1091 1643 1123 codicum
1659 1091 1884 1122 Vindobonen-

1102 1143 1205 1174 sium:
1233 1150 1249 1170 «
1259 1143 1302 1173 De
1323 1142 1426 1173 Marco
1441 1153 1455 1169 »
1482 1141 1632 1181 inscripto
1656 1140 1820 1177 habentur,
1845 1140 1886 1170 ad

1102 1192 1269 1224 Macarium
1302 1191 1544 1223 Alexandrinum
1576 1194 1717 1231 spectare
1731 1214 1739 1228 ,
1781 1198 1886 1230 neque

1104 1242 1233 1272 omnino
1250 1242 1386 1272 Marcum
1404 1241 1437 1272 in
1456 1241 1557 1281 capite
1576 1241 1746 1277 nominari,
1766 1240 1825 1270 nisi
1850 1242 1886 1270 ut

1103 1291 1146 1328 id,
1163 1292 1248 1331 quod
1259 1291 1298 1322 de
1313 1300 1351 1322 eo
1368 1291 1518 1322 Macarius
1532 1291 1653 1328 dixerit,
1666 1284 1818 1326 narretur,
1834 1290 1885 1320 cui

1105 1342 1232 1382 quidem
1252 1342 1422 1373 narrationi
1434 1342 1601 1378 Palladius,
1615 1343 1762 1377 Marcum,
1787 1349 1886 1380 quum

1104 1393 1224 1424 iuvenis
1236 1396 1326 1429 esset,
1342 1402 1367 1424 s.
1384 1394 1551 1433 scripturas
1561 1393 1735 1429 edidicisse,
1751 1401 1787 1423 ac
1801 1401 1887 1423 sanc—

1104 1444 1189 1474 titate
1203 1447 1234 1474 et
1247 1443 1385 1474 castitate
1399 1443 1554 1482 insignem
1567 1442 1674 1478 fuisse,
1689 1442 1852 1473 addiderit.

1145 1494 1208 1524 Nec
1224 1502 1300 1530 non,
1314 1496 1349 1524 ut
1364 1492 1441 1523 illud
1460 1495 1553 1532 caput
1567 1492 1609 1522 ita
1632 1492 1886 1531 interpretemur,

1106 1544 1197 1574 etiam
1211 1551 1311 1575 nexus
1329 1543 1515 1574 narrationis
1535 1542 1663 1573 Palladii
1688 1542 1726 1573 de
1747 1542 1888 1574 Macariis

1104 1593 1382 1625 suaderevidetur.
1399 1593 1475 1623 Nam
1491 1592 1672 1630 Palladium,
1688 1592 1759 1632 qui,
1775 1602 1887 1632 quam-

1105 1644 1158 1674 diu
1173 1643 1322 1674 Macarius
1336 1642 1505 1682 Aegyptius
1515 1642 1635 1679 vixerit,
1648 1645 1810 1679 memorat,
1829 1651 1888 1681 pa-

1104 1693 1190 1730 riter,
1207 1695 1284 1732 quot
1298 1700 1398 1723 annos
1410 1691 1561 1723 Macarius
1573 1691 1799 1724 Alexandrinus
1821 1692 1889 1722 atti-

1105 1743 1194 1782 gerit,
1217 1743 1370 1773 indicasse
1395 1744 1639 1773 consentaneum
1664 1745 1721 1772 est.
1748 1740 1885 1776 Accedit,

1105 1794 1189 1833 quod
1201 1793 1335 1823 narratio
1343 1791 1471 1822 Palladii
1479 1791 1517 1822 de
1527 1791 1658 1822 Macario
1667 1789 1886 1826 Alexandrino,

1105 1842 1131 1872 si
1145 1842 1220 1872 illud
1242 1845 1335 1881 caput
1349 1841 1388 1871 ad
1403 1842 1538 1871 Marcum
1559 1839 1707 1876 refertur,
1727 1839 1807 1870 iusto
1825 1838 1888 1868 fine

1106 1901 1235 1931 prorsus
1249 1894 1351 1927 caret;
1375 1894 1493 1926 contra,
1514 1889 1540 1920 si
1557 1889 1595 1919 ad
1610 1888 1774 1919 Macarium
1790 1886 1886 1926 perti-

1106 1946 1171 1980 net,
1195 1943 1305 1973 ambae
1329 1941 1368 1971 de
1386 1940 1527 1971 Macariis
1549 1938 1676 1969 Palladii
1697 1937 1890 1969 narrationes

1106 1991 1266 2032 praeclare
1282 1990 1415 2021 invicem
1425 1988 1485 2020 sibi
1500 1987 1702 2027 respondent.

1145 2059 1283 2090 Tertium
1298 2057 1434 2096 denique
1449 2058 1480 2086 et
1497 2054 1706 2085 firmissimum
1722 2061 1890 2092 argumen-

1106 2113 1173 2140 tum
1195 2108 1366 2149 repetimus
1389 2116 1406 2137 a
1420 2107 1605 2142 Sozomeno,
1632 2104 1686 2143 qui
1712 2112 1832 2141 senem,
1851 2104 1891 2134 de

1109 2167 1172 2199 quo
1204 2159 1264 2189 isto
1299 2157 1399 2196 capite
1429 2159 1586 2191 narratur,
1618 2154 1786 2184 Macarium
1822 2161 1891 2183 esse

1110 2212 1216 2248 aperte
1235 2208 1337 2238 docet.
1356 2207 1547 2237 Sozomenus
1566 2205 1669 2235 enim:
1685 2215 1699 2231 «
1713 2203 1796 2234 Alter
1814 2204 1890 2241 [Ma-

276 2261 469 2302 speluncam.
496 2261 531 2289 Et
555 2257 649 2298 paulo
675 2260 746 2295 post
766 2256 833 2295 ipsa
857 2263 927 2286 cum
947 2253 1054 2285 catulis

1108 2258 1209 2289 carius
1227 2255 1462 2293 Alexandrinus]
1485 2263 1558 2285 vero
1576 2267 1603 2291 »,
1626 2255 1739 2294 inquit,
1761 2265 1775 2281 ‹‹
1791 2254 1891 2284 serius

276 2311 340 2343 suis
351 2309 532 2349 regrediens
545 2307 644 2347 pelles
660 2306 762 2337 cvium
778 2306 895 2336 lanatas
909 2304 1058 2344 plurimas

275 2363 360 2394 velut
383 2369 495 2392 munus
519 2367 575 2399 pro
600 2361 743 2396 suscepta
765 2355 860 2395 gratia
883 2355 921 2385 ad
950 2363 1057 2384 senem

276 2414 377 2444 defert
393 2420 499 2442 morsu
517 2409 579 2440 oris
597 2412 732 2443 evectas,
750 2410 780 2437 et
799 2409 870 2437 ante
888 2405 972 2436 fores
991 2405 1058 2435 eius

277 2461 426 2502 depositis
448 2459 586 2491 abscedit
614 2458 667 2498 (1).
689 2469 702 2484 »
728 2457 860 2487 Dubium
887 2464 961 2486 sane
989 2463 1057 2485 esse

275 2512 326 2542 vix
340 2513 453 2551 potest,
469 2509 545 2548 quin
559 2507 689 2538 eandem
710 2507 790 2537 hanc
804 2506 996 2537 sanationem
1007 2513 1058 2535 ca-

276 2560 414 2592 tulorum
436 2558 563 2588 leaenae
591 2565 684 2596 supra
712 2555 866 2586 Palladius
892 2555 1056 2594 signiﬁcet.

276 2609 363 2647 Quod
379 2609 405 2639 si
415 2610 545 2644 constat,
562 2606 695 2637 dubitari
706 2605 840 2645 amplius
847 2605 967 2644 nequit,
980 2604 1057 2644 quin

277 2663 380 2692 cetera
395 2666 535 2698 quoque,
554 2666 634 2697 quae
649 2657 751 2696 capite
765 2656 825 2686 isto
843 2655 969 2686 Palladii
984 2663 1056 2685 nar—

277 2710 429 2741 rationem
445 2708 483 2739 de
497 2708 600 2739 catulo
616 2707 756 2747 hyaenae
773 2707 813 2738 ad
836 2707 929 2737 tinem
955 2713 1055 2748 usque

313 2815 352 2850 (l)
367 2815 432 2842 Ruf.
456 2814 525 2842 llist.
549 2814 622 2843 Eccl.
641 2814 688 2841 lib.
704 2821 726 2840 ιι
737 2820 797 2847 cap.
809 2812 826 2839 4
843 2811 886 2839 ed.
903 2811 985 2839 Basil.
997 2810 1016 2836 l.
1029 2817 1057 2845 p,

278 2862 341 2893 247),
358 2861 446 2888 Ιιυῐίηἱ
466 2860 535 2896 Opp.
547 2861 590 2888 ed.
613 2859 726 2887 Vallarsi
737 2867 764 2899 p.
777 2858 840 2890 272,
852 2858 939 2895 Mignc
956 2856 1056 2883 Palrol.

277 2907 310 2946 Τ,
329 2907 386 2936 xxu
401 2914 428 2951 ρ.
443 2907 505 2943 512.

1107 2308 1233 2347 quidem
1258 2306 1421 2346 presbyter
1442 2305 1541 2336 factus
1569 2308 1624 2335 est.
1658 2304 1718 2335 Sed
1745 2304 1890 2335 omnibus

1106 2357 1171 2387 fere
1186 2355 1325 2386 arctioris
1348 2355 1530 2394 disciplinae
1553 2354 1824 2385 exercitationibus
1843 2357 1891 2384 est

1108 2406 1300 2446 perfunctus,
1318 2414 1449 2445 quarum
1466 2405 1540 2436 alias
1561 2405 1629 2445 ipse
1652 2404 1889 2443 excogitaverat,

1110 2454 1257 2493 quasdam
1268 2454 1306 2484 ab
1321 2453 1388 2484 aliis
1404 2457 1548 2493 acceptas
1568 2456 1652 2484 tanto
1670 2452 1771 2482 studio
1793 2460 1889 2483 exco-

1111 2505 1220 2541 luerat,
1238 2508 1272 2535 ut
1285 2515 1323 2535 ea:
1334 2505 1432 2535 nimia
1446 2505 1526 2535 cutis
1536 2505 1683 2535 ariditate
1701 2504 1760 2544 pili
1775 2503 1890 2534 barbae

1111 2556 1140 2584 εἰ
1163 2564 1227 2584 non
1251 2555 1459 2585 succreverint
1481 2554 1534 2595 (2).
1558 2566 1572 2583 ››
1603 2554 1661 2584 Ubi
1683 2555 1891 2586 Sozomenum

1110 2604 1276 2635 Historiam
1288 2605 1465 2635 Lausiacam
1483 2614 1500 2635 e
1517 2604 1617 2644 capite
1632 2604 1689 2634 isto
1705 2604 1890 2644 compilasse

1111 2654 1308 2685 manifestum
1334 2658 1390 2685 est.
1413 2653 1528 2695 Quodsi
1548 2657 1650 2686 autem
1672 2662 1719 2691 ea,
1748 2662 1829 2694 quae
1851 2653 1891 2684 de

1108 2705 1201 2735 barba
1217 2704 1300 2735 senis
1322 2703 1355 2735 in
1375 2705 1476 2745 capite
1490 2703 1655 2734 Lausiacae
1675 2703 1831 2743 leguntur,
1852 2704 1893 2738 ad

1145 2809 1183 2844 (l)
1196 2808 1303 2837 Sozom.
1316 2808 1382 2836 Hist.
1394 2807 1467 2838 Eccl.
1483 2806 1574 2839 lib,lll
1594 2815 1653 2847 cap.
1666 2807 1699 2836 M
1715 2807 1759 2839 ecl.
1771 2806 1894 2839 Valesius
1915 2784 1916 2790 γ

1111 2864 1136 2896 p.
1151 2855 1211 2887 516,
