2060 3153
184 184 217 210 77
932 175 966 202 \"I

1019 175 1045 203 E.
1760 171 1799 200 78‘

182 233 351 266 Macci-ium
361 236 515 273 spectant,
530 233 612 273 quis,
623 234 700 274 quin
714 243 815 266 cetera
825 243 964 275 quoque,
978 235 1001 264 A
1014 234 1116 266 solum
1127 237 1188 265 tres
1201 235 1338 274 integros
1349 242 1458 271 annos,
1474 233 1530 265 sed
1546 232 1638 264 etiam
1653 234 1715 263 tres
1728 232 1796 264 fere

184 292 265 323 quae
279 282 334 313 illo
350 282 451 323 capite
468 283 679 322 continentur,
698 284 732 314 in
752 284 885 315 eundem
910 293 962 316 ca-

184 333 268 369 dant,
280 332 414 372 amplius
426 331 601 364 dubitabit?

222 383 331 422 Itaque
344 382 548 422 perspicuum
558 385 615 420 est,
629 383 662 414 in
672 383 832 415 codicibus
844 384 963 415 Vindo-

183 431 376 464 bonensibus
397 439 455 472 pro
476 435 608 472 Μακάριος
628 432 706 464 falso
725 433 875 473 scriptum
895 442 965 466 esse

183 485 305 521 Μάρκος.
325 481 383 517 Qui
405 480 530 521 quidem
556 490 642 512 error
663 490 733 512 cum
751 490 789 512 ex
808 482 965 514 adﬁnitate

183 532 350 562 verborum
363 534 430 562 tum
449 540 487 561 ex
500 531 604 561 indice
618 540 624 561 :
646 543 660 560 ‹‹
674 532 718 562 De
731 533 833 563 Marco
847 544 861 561 ι)
875 536 966 564 natus

185 583 241 617 est,
257 588 352 620 quem
363 589 434 611 cum
446 579 589 611 librarius
603 583 655 610 aut
664 580 773 617 lector,
785 580 865 612 facta
873 582 967 613 Marci

184 628 343 659 mentione
359 628 488 667 longum
510 632 603 668 caput
624 629 660 659 de
678 630 829 660 Macariis
846 630 968 661 ﬁnitum

184 687 253 709 esse
270 682 366 715 ratus,
386 678 420 709 in
439 679 577 718 margine
593 679 818 719 adscripsisset,
841 689 969 721 corrup-

185 727 247 758 tela
263 728 462 766 postmodum
482 728 516 758 in
535 731 653 759 textum
666 729 811 760 facillime
832 730 965 769 irrepsit.

224 777 280 811 80
306 777 402 813 Quam
429 778 555 817 quidem
579 779 803 819 corruptelam,
832 780 918 820 quod
936 781 969 811 in

188 825 424 856 membranaceo
452 827 560 857 codice
588 827 683 858 modo
710 832 847 868 Μακάριος
874 829 969 860 modo

189 878 301 915 Μάριος
323 875 445 914 legitur,
470 877 629 916 antiquam
647 886 727 914 esse,
744 878 797 909 sed
808 878 968 918 paullatim

189 925 306 954 tantum
318 925 483 963 genuinam
501 934 629 956 vocem:
651 930 783 967 Μακάριος
807 931 893 958 textu
915 936 967 958 ex-

189 973 313 1011 pulisse,
326 977 360 1004 ut
374 977 420 1004 est
434 974 466 1004 in
480 974 588 1005 codice
599 974 773 1013 chartacco,
784 976 964 1006 credideris.

187 1023 366 1054 Auctoritati
386 1027 489 1054 autem
509 1024 653 1055 codicum
679 1026 966 1056 Vindobonensium

181 1072 348 1104 Lausiacae
358 1072 412 1104 illo
422 1082 528 1104 errore
539 1074 589 1104 vix
599 1073 769 1114 quidquam
786 1075 964 1114 derogatur,

185 1129 319 1161 quorum
346 1123 443 1153 virtus
471 1123 504 1154 in
528 1132 567 1154 eo
595 1124 790 1163 potissimum
818 1125 964 1162 cernitur,

186 1172 271 1211 quod
293 1181 342 1203 res
362 1173 444 1204 iusto
460 1174 568 1204 ordine
579 1173 714 1213 integras
730 1174 864 1210 narrant,
882 1175 967 1214 quod

184 1220 218 1252 in
238 1221 427 1254 editionibus
441 1223 558 1262 graecis
573 1226 604 1254 et
620 1223 653 1254 in
672 1224 797 1254 Herveli
811 1224 965 1263 versione,

184 1275 220 1301 ut
233 1272 425 1311 saepissime,
441 1272 481 1303 ita
495 1272 546 1304 hic
561 1281 699 1313 quoque,
712 1273 914 1304 desideratur.

225 1322 286 1352 Sed
296 1321 386 1360 haec,
398 1326 477 1362 quae
489 1323 642 1354 Palladius
650 1323 688 1354 de
696 1323 828 1354 Macario
839 1323 968 1355 Alexan-

186 1370 277 1402 drino
302 1372 420 1409 retulit,
446 1382 528 1404 nunc
551 1373 678 1413 quidem
698 1374 859 1404 hactenus.
880 1374 966 1405 Reli-

187 1430 283 1461 quum
310 1426 368 1460 est,
392 1427 427 1454 ut
449 1423 488 1454 ad
517 1432 554 1454 ea
571 1423 753 1455 illustranda
774 1432 874 1464 pauca
896 1432 966 1456 mo-

188 1479 327 1501 neamus.

228 1523 253 1559 §.
271 1521 319 1552 20.
338 1524 379 1553 Ac
396 1522 530 1562 primum
551 1523 678 1563 quidem
701 1532 751 1561 eo,
773 1523 858 1563 quod
873 1523 969 1554 Palla-

1013 293 1112 315 annos
1126 284 1264 315 indicare
1278 293 1370 324 posse
1379 284 1430 325 (3).
1442 282 1568 314 Etiamsi
1581 291 1655 312 vero
1662 281 1722 313 hoc
1732 284 1794 312 sta-

1012 336 1145 370 tuamus,
1155 337 1238 365 certe
1246 337 1349 364 tamen
1359 337 1430 365 ante
1443 342 1559 365 annum
1572 331 1627 363 400
1641 331 1796 363 Palladius

1015 391 1053 414 ex
1068 383 1191 414 Cellulis
1205 392 1270 415 non
1280 383 1422 414 decessit.

1053 435 1152 473 Atque
1185 441 1255 464 cum
1286 432 1345 463 hac
1379 436 1555 472 temporum
1587 430 1796 471 descriptione

1015 483 1133 522 optime
1149 482 1337 514 conveniunt
1355 481 1483 512 Palladii
1493 481 1597 517 verba,
1610 480 1713 520 ipsum
1732 483 1795 510 tre-

1016 532 1118 563 decim
1149 541 1249 563 annos
1273 531 1459 563 monachum
1490 530 1601 568 fuisse,
1631 533 1797 569 antequam

1017 582 1184 622 episcopus
1202 583 1288 613 ﬁeret
1308 582 1360 622 (4).
1382 583 1405 612 Ε
1425 580 1549 612 Cellulis
1569 580 1652 611 enim
1666 579 1797 610 afﬂictae

1017 632 1199 663 valetudinis
1230 641 1339 670 causa,
1363 636 1397 663 ut
1420 633 1488 672 ipse
1511 634 1631 667 narrat,
1662 629 1799 660 Alexan-

1017 682 1127 720 driam,
1150 682 1263 714 deinde
1284 683 1476 714 medicorum
1500 680 1630 713 consilio
1648 680 1797 710 Hieroso-

1018 730 1101 770 lyma
1111 732 1209 771 petiit,
1223 732 1305 763 unde
1317 741 1413 772 quum
1421 732 1454 762 in
1464 730 1639 770 Bithyniam
1651 729 1798 765 venisset,

1019 782 1186 822 episcopus
1205 783 1364 814 ordinatus
1380 785 1425 813 est
1446 781 1498 822 (5).
1512 782 1708 820 Quapropter
1726 787 1799 809 eum

1019 841 1102 864 anno
1138 837 1210 873 post
1236 833 1403 865 adventum
1433 841 1522 863 suum
1552 830 1643 861 tertio
1676 829 1800 860 decimo

987 901 1006 928 Β
1019 885 1193 923 Aegyptum
1205 883 1379 923 reliquisse,
1396 885 1426 913 et
1439 889 1522 913 anno
1538 880 1591 912 401
1615 879 1801 920 episcopum

1019 932 1071 967 81
1089 932 1203 963 factum
1214 941 1282 963 esse
1293 934 1537 963 consentaneum
1551 929 1684 960 videtur.
1704 928 1799 958 Prae-

1018 986 1103 1012 terea
1114 990 1198 1012 anno
1214 981 1268 1012 400
1285 981 1456 1012 Palladium
1470 979 1673 1020 Alexandriae
1692 977 1799 1014 fuisse,

1019 1032 1056 1062 iis
1074 1040 1212 1071 quoque,
1229 1040 1309 1071 quae
1328 1031 1367 1062 de
1380 1027 1615 1080 morte‘ﬁvagrii
1628 1029 1696 1069 ipse
1714 1031 1800 1059 retu-

1019 1081 1064 1118 lit,
1081 1081 1243 1122 probabile
1263 1082 1296 1112 lit
1309 1081 1361 1123 (6).

1059 1131 1118 1162 Sed
1134 1131 1301 1171 quominus
1323 1131 1354 1162 id
1375 1133 1555 1165 statuamus,
1579 1128 1739 1169 prohiberi
1753 1128 1800 1158 vi—

1020 1179 1130 1210 demur
1152 1180 1221 1211 loco
1246 1180 1359 1219 dialogi
1386 1180 1424 1211 de
1447 1180 1477 1209 S.
1499 1178 1708 1217 Chrysostomi
1728 1178 1800 1214 vita,

1020 1237 1126 1268 quem,
1150 1229 1280 1260 testibus
1299 1229 1433 1268 Georgio
1450 1228 1657 1259 Alexandrino
1673 1231 1704 1258 et
1717 1226 1800 1257 Pho-

1019 1280 1062 1310 tio
1079 1280 1133 1319 (7),
1158 1279 1311 1311 Palladius
1334 1279 1500 1319 episcopus
1523 1277 1656 1318 scripsit.
1679 1278 1715 1307 In
1741 1276 1802 1307 hoc

1020 1329 1104 1359 enim
1121 1328 1244 1367 dialogo
1258 1328 1382 1367 legitur,
1403 1327 1524 1368 synodo
1540 1325 1802 1365 Constantinopo-

1019 1377 1133 1409 litanae
1143 1377 1313 1409 indictione
1327 1378 1397 1408 XIII
1408 1377 1531 1409 habitae
1542 1375 1718 1408 interfuisse
1732 1375 1811 1405 Ραιι

1021 1426 1138 1458 ladium
1146 1427 1318 1466 episcopum
1324 1425 1522 1466 Helenopolis
1529 1425 1568 1466 (8)
1575 1433 1666 1465 ,quae
1673 1427 1719 1455 est
1727 1424 1802 1454 urbs

1020 1475 1194 1516 Bithyniae.
1218 1475 1283 1506 Viri
1302 1476 1396 1515 igitur
1411 1475 1506 1512 docti,
1531 1474 1684 1514 imprimis
1705 1474 1804 1503 Baro-

1021 1527 1090 1557 nius
1102 1527 1140 1567 (9)
1163 1529 1194 1557 et
1212 1525 1510 1566 Tillemontius(10),
1534 1534 1597 1556 non
1612 1523 1814 1560 dubitarunt,

188 1569 258 1601 dius
284 1575 403 1609 narrat,
426 1581 460 1602 se
490 1581 602 1603 novem
625 1581 723 1603 annos
745 1572 778 1603 in
801 1572 902 1604 Celliis
915 1575 1004 1604 seuC
1021 1575 1105 1607 hunc
1119 1576 1322 1616 Helen0polis
1347 1576 1530 1616 episcopum
1549 1574 1683 1606 eundem
1701 1572 1806 1604 facere

188 1620 310 1651 Cellulis
331 1621 454 1659 vixisse,
479 1621 642 1653 difﬁcultas
656 1622 810 1662 quaedam
837 1622 972 1654 chrono-

189 1670 288 1709 logica
307 1671 453 1702 nascitur.
476 1671 629 1703 Palladius
649 1672 743 1709 enim,
763 1672 818 1712 qui
839 1681 872 1703 se
887 1681 971 1704 anno

190 1719 245 1750 388
265 1721 481 1752 Alexandriam
494 1721 615 1752 venisse
634 1722 703 1761 ipse
717 1724 856 1759 testatur,
878 1722 971 1753 etiam

188 1771 295 1809 tradit,
314 1781 358 1808 se,
376 1775 542 1812 antequam
564 1772 597 1802 in
617 1771 747 1802 Cellulas
768 1772 884 1809 abiret,
908 1775 972 1803 tres

189 1829 287 1852 annos
315 1822 433 1853 circum
461 1821 678 1853 Alexandriam
706 1821 759 1862 (1),
794 1825 825 1852 et
854 1831 972 1853 annum

189 1870 345 1910 integrum
354 1872 386 1903 in
394 1877 498 1904 monte
508 1873 622 1904 Nitriae
631 1872 670 1913 (2)
679 1872 844 1903 habitasse.
857 1873 969 1910 Quare,

190 1921 216 1952 si
237 1922 312 1953 anni
346 1926 575 1963 computantur,
595 1926 666 1954 ante
693 1931 808 1954 annum
830 1922 883 1953 401
905 1922 972 1953 Cel-

190 1969 269 2002 lulas
295 1979 359 2002 non
378 1972 540 2012 reliquisse
558 1972 689 2003 videtur.
706 1974 818 2003 Fateor
831 1972 970 2012 quidem,

191 2021 302 2051 verba:
324 2022 384 2052 ἐπι
397 2025 441 2054 ἔτη
455 2027 529 2063 τρία,
545 2023 659 2063 quibus
682 2022 883 2054 habitationis
897 2031 971 2054 suae

191 2070 307 2102 circum
331 2072 547 2104 Alexandriam
567 2076 692 2113 tempus
713 2073 881 2112 signiﬁcat,
905 2081 971 2104 non

225 2153 262 2189 (1)
279 2153 344 2182 Hist.
355 2154 437 2182 Laus.
449 2155 493 2182 ed.
507 2154 607 2183 “cura.
619 2162 679 2190 cap.
695 2155 712 2182 8
723 2155 792 2190 Opp.
809 2154 906 2183 Meurs.
922 2155 940 2182 I.
954 2154 973 2182 I.

191 2208 219 2236 p.
231 2200 291 2228 560.

227 2247 264 2282 (2)
281 2246 347 2274 Ibid.
362 2255 389 2282 p.
402 2247 464 2274 561.

227 2293 265 2327 (5)
288 2293 416 2320 Matthiae
442 2293 518 2321 Ausl‘.
549 2293 659 2323 Griech.
680 2293 848 2321 Grammatik
872 2293 917 2321 ed.
953 2293 974 2320 II

193 2338 224 2365 τ.
237 2338 256 2365 ιι
270 2338 356 2374 gssc.

227 2384 347 2419 (‘)Hisl.
372 2383 453 2412 Laus.
472 2385 516 2412 ed.
537 2385 636 2413 Meurs.
660 2385 764 2420 prolog.
783 2384 852 2420 Opp.
875 2384 973 2412 Meurs.

193 2429 211 2456 I.
227 2429 246 2456 I.
262 2438 288 2465 p.
304 2430 367 2458 ut).

228 2476 266 2512 (5)
281 2476 347 2504 Ibid.
361 2484 423 2511 cap.
435 2476 469 2503 λιι
484 2476 552 2511 Opp.
566 2476 666 2505 Meurs.
685 2477 705 2504 I.
718 2477 736 2504 ι.
751 2484 778 2512 p.
793 2476 855 2503 I72.

224 2522 264 2558 (υ)
284 2522 350 2550 Ibid.
369 2531 428 2558 cap.
447 2523 482 2551 88
495 2523 565 2558 Opp.
580 2523 681 2551 Meurs.
706 2524 725 2550 I.
748 2524 765 2550 Ι.
783 2531 810 2558 p.
827 2522 880 2550 550
892 2530 952 2557 sqq.
967 2531 974 2555 ;

192 2567 337 2596 Tillemont
357 2569 500 2597 Mémoires
534 2568 567 2596 T.
593 2569 616 2596 Χ
643 2577 670 2604 p.
698 2569 751 2596 568
777 2577 855 2604 δρψ,
877 2576 903 2604 p.
925 2567 975 2595 796

193 2612 255 2640 Not.
282 2614 307 2640 7.

227 2659 265 2694 (7)
285 2660 382 2696 Georg.
409 2660 612 2689 Alexandrinus
637 2661 664 2688 in
688 2660 749 2688 Vita
773 2660 804 2688 S.
824 2659 866 2688 Io.
886 2659 975 2695 Chry-

193 2708 317 2734 sostomi.
341 2706 454 2735 Pliotius
476 2708 505 2735 in
524 2708 593 2735 Bibl.
617 2715 651 2735 ex
678 2714 736 2734 rec.
753 2706 867 2735 Bekker.
884 2706 974 2734 Berol.

194 2751 263 2778 I824
276 2760 303 2786 p.
315 2752 361 2784 78,
377 2753 404 2780 h.
417 2753 459 2780 Cf.
475 2752 504 2780 S.
520 2753 563 2781 ιο.
577 2753 721 2789 Chrysost.
742 2752 812 2788 Opp.
827 2752 871 2780 ed.
887 2752 976 2780 Mont-

196 2796 294 2825 I'aucon
306 2797 339 2825 T.
355 2796 413 2824 XIII
428 2797 517 2825 Praef.
531 2805 558 2833 p.
575 2806 601 2825 ιι
614 2805 657 2832 sq.

231 2844 269 2875 (8)
296 2843 400 2870 Pallad.
424 2843 493 2870 Dial.
520 2845 554 2871 de
581 2843 636 2870 vita
660 2842 690 2870 S.
722 2841 762 2870 lo.
786 2841 976 2877 Chrysostomi

196 2896 258 2922 cap.
284 2889 324 2916 I5.
345 2889 387 2917 M.
408 2889 437 2917 S.
455 2886 497 2917 ἆυ.
521 2889 664 2925 Chrysost.
689 2888 758 2924 Opp.
778 2889 820 2916 rd.
844 2888 975 2915 Monllau-

1005 1634 1094 1676 .cum
1113 1625 1265 1666 scriptore
1280 1626 1435 1657 Historiae
1454 1625 1630 1656 Lausiacae.
1652 1622 1805 1659 Quoniam

1022 1684 1095 1706 vero
1109 1676 1238 1708 indictio
1253 1677 1322 1707 XIII
1332 1677 1443 1708 abVIII
1457 1675 1581 1707 Calend.
1591 1673 1730 1706 Octobris
1742 1673 1762 1703 i.
1775 1681 1804 1703 e.

1022 1726 1115 1756 XXIV
1122 1726 1311 1766 Septembris
1323 1725 1382 1766 (11)
1391 1725 1465 1756 anni
1475 1724 1530 1755 399
1541 1724 1657 1763 incepit
1666 1722 1738 1763 (12),
1747 1721 1811 1752 TiI-.

1022 1773 1202 1811 lemontius,
1212 1774 1481 1812 Montefalconius,
1496 1773 1640 1804 Neander
1651 1772 1806 1812 synodum

1024 1833 1132 1855 mense
1155 1825 1235 1856 Maio
1258 1825 1333 1855 anni
1353 1823 1409 1854 400
1435 1824 1570 1854 habitam
1593 1831 1662 1854 esse
1689 1825 1805 1853 statue-

1024 1877 1095 1904 runt
1107 1873 1179 1913 (I3).
1198 1873 1337 1913 Scriptor
1354 1882 1428 1904 vero
1441 1874 1521 1904 vitae
1534 1874 1564 1903 S.
1583 1871 1806 1911 Chrysostomi,

1025 1931 1105 1962 quae
1118 1922 1150 1953 in
1164 1925 1223 1953 AA.
1239 1924 1292 1953 SS.
1306 1922 1384 1953 Boll.
1399 1922 1566 1958 invenitur,
1581 1929 1689 1951 mense
1698 1919 1807 1951 Martio

1025 1976 1078 2003 aut
1095 1973 1192 2013 Aprili
1206 1974 1280 2004 anni
1300 1972 1355 2003 399
1372 1981 1440 2003 eam
1462 1972 1558 2003 fuisse
1579 1971 1741 2002 arbitratus
1761 1974 1812 2001 est.

1025 2023 1066 2053 ob
1082 2023 1287 2061 difﬁcultates,
1312 2031 1391 2064 quae
1410 2022 1564 2063 synodum
1580 2030 1662 2052 anno
1679 2020 1733 2050 400
1749 2019 1807 2050 ha-

1024 2072 1120 2103 bitam
1135 2081 1203 2104 esse
1219 2081 1283 2103 non
1297 2072 1461 2104 admittunt
1471 2071 1543 2112 (14).

1028 2163 1079 2183 con
1097 2154 1128 2182 T.
1145 2154 1203 2182 XIII
1221 2163 1247 2191 p.
1263 2156 1297 2183 50
1312 2163 1366 2191 sq.,
1382 2154 1508 2182 Galland.
1528 2153 1595 2181 Bibl.
1620 2152 1671 2180 PP.
1698 2151 1731 2179 Τ.
1752 2151 1813 2183 VIII;

1028 2209 1056 2237 ρ.
1071 2201 1134 2229 e93.
1153 2202 1215 2230 δυο.

1063 2248 1102 2281 (9)
1120 2245 1220 2274 Baron.
1238 2245 1338 2274 Annal.
1360 2254 1386 2273 υ.
1406 2245 1467 2273 388.
1492 2244 1554 2272 400.
1579 2243 1641 2272 403.
1661 2243 1722 2271 104.
1743 2243 1806 2270 405.

1061 2338 1118 2374 (10)
1138 2337 1286 2366 Tillemont
1307 2337 1449 2366 Memoires
1466 2336 1497 2363 Τ.
1516 2336 1550 2363 XI
1562 2343 1589 2371 p.
1610 2335 1662 2362 500
1681 2342 1740 2369 sqq.

1061 2385 1118 2420 (11)
1137 2384 1224 2412 Ideler
1247 2384 1346 2411 Lehrb.
1371 2384 1399 2411 d.
1422 2383 1605 2416 Cbronologie
1632 2381 1722 2408 Berlin
1740 2380 1806 2407 I85I

1026 2439 1053 2466 p.
1070 2431 1141 2464 H2;
1168 2429 1209 2457 Du
1224 2429 1316 2464 Gange
1329 2429 1453 2457 Glossar.
1470 2437 1495 2455 s.
1508 2437 1534 2454 ν.
1549 2427 1669 2454 ἱηάίσιίο.

1061 2475 1117 2511 (I2)
1137 2475 1192 2502 AA.
1214 2474 1264 2502 ss.
1279 2474 1346 2501 Boll.
1365 2474 1440 2509 Sept.
1462 2473 1493 2499 τ.
1513 2472 1545 2499 Iv
1563 2480 1590 2506 p.
1608 2471 1670 2502 545,
1687 2471 1712 2498 b.
1726 2469 1809 2497 Tille—

1027 2525 1102 2548 mout
1117 2520 1260 2547 Mémoires
1272 2519 1304 2546 'l'.
1322 2518 1357 2546 XI
1370 2527 1396 2554 p.
1419 2518 1478 2545 I58.
1491 2516 1553 2544 582.

1061 2565 1116 2601 (I3)
1136 2565 1282 2592 Tillemont
1296 2564 1314 2590 I.
1330 2564 1348 2590 l.
1366 2572 1392 2597 p.
1408 2562 1456 2589 58I
1470 2569 1530 2596 ειμι.
1545 2559 1603 2586 Not.
1616 2558 1659 2586 59.
1673 2558 1808 2586 Monlt'au-

1026 2620 1077 2639 con
1096 2613 1122 2638 in
1137 2610 1196 2637 Vita
1217 2609 1246 2637 S.
1263 2609 1306 2636 Jo.
1329 2607 1526 2644 Chrysoslomi,
1546 2606 1575 2633 S.
1599 2605 1641 2633 .I'o.
1661 2605 1808 2641 Chrysost.

1026 2656 1095 2691 Opp.
1113 2655 1157 2683 ed.
1173 2654 1347 2681 Muntl‘aucon
1368 2653 1400 2679 T.
1420 2651 1478 2678 XIII
1492 2651 1576 2686 p.I57
1594 2658 1654 2685 sqq.
1670 2649 1808 2683 Neander,

1026 2701 1079 2728 Der
1096 2702 1122 2728 h.
1138 2700 1200 2727 Joh.
1215 2699 1426 2734 Chrysostomus
1440 2705 1468 2724 u.
1483 2697 1528 2723 die
1545 2696 1645 2723 Kirche
1662 2696 1688 2722 in
1708 2695 1807 2723 desscn

1026 2747 1156 2775 Zcilalter
1171 2745 1262 2772 Berlin
1277 2745 1344 2771 1822
1361 2743 1394 2770 Τ.
1409 2743 1431 2769 ιι
1444 2751 1470 2776 p.
1486 2743 1518 2769 77
1533 2750 1594 2777 sqq.
1785 2774 1791 2780 υ

1062 2793 1118 2827 (14)
1138 2793 1194 2820 AA.
1210 2791 1259 2818 SS.
1277 2790 1344 2817 Boil.
1359 2790 1436 2825 Sept.
1461 2789 1493 2816 Τ.
1511 2789 1544 2816 IV
1561 2798 1588 2824 p.
1610 2789 1662 2816 545
1681 2797 1741 2824 sqq.
1764 2788 1806 2816 Cf.

1029 2840 1101 2867 Cave
1121 2843 1148 2866 et
1164 2838 1264 2866 Omlin.
1278 2845 1300 2864 s.
1314 2844 1338 2862 v.
1354 2835 1570 2871 Clirysoslomus.
1585 2835 1730 2862 Bollandus
1744 2833 1812 2863 Jan.~

1031 2885 1063 2912 Τ.
1077 2885 1086 2911 1
1102 2893 1126 2921 p.
1149 2883 1215 2912 100'!
1228 2882 1361 2919 synodum
1383 2880 1711 2916 Cunslunliuopolitnnam
1734 2885 1815 2906 anno.
