2060 3153
259 156 295 186 79
668 156 718 184 SS.
737 155 965 184 MACAmORUM
984 154 1143 184 AEGYPTII
1162 155 1205 183 ET
1225 154 1454 183 ALEXANDRINI
1830 157 1866 185 80

298 214 353 250 82
377 215 476 255 Atque
496 214 658 250 Baronius,
682 212 909 250 Tillemontius,
933 211 1039 248 ceteri,
1055 215 1078 244 Α
1092 213 1243 253 episcopo
1259 213 1332 244 inde
1345 221 1363 243 a
1379 215 1533 253 tempore,
1554 222 1618 253 quo
1637 214 1670 244 S.
1684 213 1866 254 Chrysosto-

260 268 294 296 ut
315 264 484 295 Palladium
509 264 672 296 Lausiacae
696 263 879 303 scriptorem
903 262 1039 293 eundem

259 312 398 345 facerent
410 322 480 344 cum
493 312 547 344 illo
557 311 761 352 Helenopolis
772 312 934 352 episcOpo,
951 318 1040 351 prae-

260 363 353 402 cipue
376 363 453 393 locis
476 362 664 402 quibusdam
690 362 843 392 Historiae
875 360 1039 392 Lausiacae

260 413 379 444 inducti
400 416 482 449 sunt,
513 421 593 452 quos
613 412 767 451 genuinos
790 419 858 443 esse
879 411 930 442 vix
954 413 1040 442 certo

261 465 391 494 constat.
407 463 430 493 E
444 471 577 504 quorum
592 470 724 494 numero
734 465 780 492 est
789 460 877 492 locus
890 459 1039 497 Paradisi,

260 521 336 551 quo,
364 515 530 553 postquam
550 511 716 552 prophetia
737 511 866 542 Joannis
890 510 923 541 in
943 511 1038 550 Lyco,

259 561 429 593 Palladium
442 562 624 604 episcopum
644 561 724 598 fore,
744 563 864 592 narrata
884 563 942 597 est,
963 559 1041 590 haec

259 611 428 651 leguntur:
447 623 460 640 α
473 613 508 642 In
533 619 597 651 quo
618 610 825 652 [episcopatu]
848 609 1041 649 tempestatis

259 660 354 698 illius,
374 669 455 703 quae
474 661 532 692 sub
549 664 657 692 sancto
675 661 797 691 Joanne
812 662 968 691 commota
983 662 1039 696 est,

258 709 386 740 interfui
395 709 484 741 malis
494 722 507 738 ω
518 709 569 750 (1).
579 709 664 740 Idem
674 708 804 740 habetur
813 708 940 748 quidem
949 708 1041 739 etiam

257 759 292 790 in
317 768 429 799 graeco
451 760 575 791 Meursii
601 762 687 790 textu
716 759 774 799 (2);
809 758 864 789 sed
890 759 1041 789 Hervetus

260 807 336 840 haec
345 809 480 850 profert:
494 821 508 836 σι
522 809 640 848 Dignus
653 808 777 840 habitus
792 817 861 839 sum
875 808 1042 839 ordinatio-

260 866 312 896 ne,
328 867 408 898 quae
417 867 502 890 meas
514 858 592 890 vires
606 861 744 898 superat,
755 858 790 888 in
801 867 869 888 eum
878 867 981 888 casum
995 858 1042 888 in—

259 908 376 946 cidens,
403 918 490 949 quem
515 910 650 940 Ioannes
677 908 722 947 [in
747 909 842 948 Lyco]
870 907 1038 949 praedixe-

258 963 310 988 rat
322 958 374 999 (3).
390 971 404 986 ››
415 960 498 995 Quae
507 958 633 999 quidem
643 957 747 995 lectio,
758 966 854 997 quum
864 960 930 988 toto
941 956 1042 996 capite

258 1008 299 1040 de
309 1009 428 1040 Joanne
442 1008 476 1039 in
488 1010 571 1048 Lyco
585 1011 738 1045 narretur,
747 1006 940 1047 probabilior
953 1006 1040 1038 vide-

259 1061 320 1087 tur.
342 1057 515 1095 (Quomodo
530 1057 654 1088 codices
668 1056 928 1088 Vindobonenses
937 1055 1042 1088 locum

259 1107 438 1144 exhibeant,
445 1116 510 1138 non
519 1107 715 1142 examinavi.)
723 1108 842 1138 Rursus
854 1110 883 1137 et
891 1106 1042 1137 Baronius

258 1159 290 1187 et
305 1157 519 1188 Tillemontius
534 1159 660 1189 tradunt
668 1157 722 1198 (4),
742 1157 926 1197 scriptorem
940 1157 1043 1188 Histo-

259 1206 323 1237 riae
343 1207 508 1238 Lausiacae
526 1209 645 1239 Romae
664 1207 705 1238 ob
720 1215 845 1238 causam
860 1207 891 1237 S.
913 1205 1043 1237 Joannis

259 1257 493 1297 [Chrysostomi]
501 1260 697 1288 morantema
704 1257 834 1288 Piniano
840 1256 990 1287 Melaniae
996 1256 1043 1287 iu—

260 1307 356 1338 nioris
368 1308 479 1338 marito
495 1311 660 1348 exceptum
676 1315 756 1338 esse.
768 1307 856 1344 Quod
866 1307 993 1347 quidem
1009 1307 1042 1337 in

258 1355 396 1387 editione
415 1356 538 1386 Meursii
547 1356 586 1396 (5)
607 1359 638 1386 et
650 1356 684 1387 in
701 1355 847 1387 Paradiso
858 1355 897 1396 (6)
917 1355 1041 1395 legitur,

259 1405 314 1435 scd
336 1407 423 1435 deest
438 1404 471 1435 in
491 1404 652 1436 codicibus
677 1404 974 1436 Vindobonensibus
1001 1403 1042 1444 (7)

260 1457 290 1484 ct
304 1453 337 1483 in
354 1453 479 1493 antiqua
494 1453 649 1484 versione.
671 1453 813 1493 Denique
826 1452 1043 1484 Tillcmontius

259 1504 425 1534 Historiam
449 1504 628 1538 Lausiacam
655 1504 689 1535 in
711 1502 874 1534 codicibus
897 1502 1042 1533 Palladio

1088 271 1158 293 mus
1173 262 1207 293 in
1224 262 1348 293 exilium
1364 263 1477 294 missus
1494 265 1551 301 est,
1575 264 1597 295 i.
1613 271 1643 295 e.
1660 263 1699 295 ab
1712 271 1797 294 anno
1811 263 1868 294 404

1088 311 1238 343 accidisse
1250 311 1390 351 dialogus
1399 313 1503 350 tradit,
1516 312 1550 344 in
1563 312 1728 344 Lausiacae
1740 312 1870 353 scripto-

1089 369 1156 392 rem
1180 361 1297 401 optime
1318 363 1440 394 cadere.
1464 362 1520 394 Ille
1543 363 1625 394 enim
1647 366 1775 404 propter
1792 371 1866 394 cau-

1089 418 1153 441 sam
1186 411 1217 441 S.
1244 410 1453 451 Chrysostomi
1482 413 1614 444 Romam
1642 412 1747 452 petiit,
1783 412 1868 443 unde

1089 459 1189 491 redux
1229 459 1329 493 factus
1358 461 1392 493 in
1418 462 1528 493 urbem
1553 463 1678 502 Syenen
1706 462 1740 493 in
1764 464 1868 501 Aegy-

1090 513 1146 550 pto
1165 519 1266 552 prOpe
1286 511 1462 551 Blemmyes
1483 513 1574 544 sitam
1590 513 1623 544 in
1646 513 1772 545 exilium
1794 513 1869 545 abiit

1090 559 1268 600 multosque
1283 560 1337 592 diu
1354 569 1520 600 perpessus
1534 561 1709 593 estlabores
1724 561 1798 602 (10).
1813 564 1868 592 At-

1091 618 1153 651 que
1168 610 1321 642 Palladius
1334 611 1499 643 Lausiacae
1515 612 1648 652 scriptor
1659 620 1693 642 se
1705 613 1823 643 Romae
1838 614 1870 642 et

1090 660 1212 700 Syenae
1227 659 1323 691 fuisse
1332 660 1401 700 ipse
1410 663 1537 691 testatur
1547 660 1619 700 (11).
1631 660 1767 697 Accedit,
1784 660 1869 700 quod

1090 709 1255 741 Lausiacae
1266 709 1410 749 scriptori
1420 710 1556 740 Joannes
1566 709 1599 739 in
1610 710 1693 748 Lyco
1704 708 1869 748 praedixit,

1090 756 1206 798 ipsum,
1221 758 1248 788 si
1263 758 1430 798 episcopus
1443 758 1541 790 factus
1556 762 1648 795 esset,
1663 757 1871 789 multoslabo-

1091 815 1142 837 res
1176 807 1427 848 calamitatesque
1457 816 1680 848 perpessurum
1703 815 1771 838 esse
1796 806 1869 847 (12).

1091 856 1233 897 Denique
1247 856 1335 894 illud,
1356 858 1442 898 quod
1456 858 1610 889 Palladius
1624 858 1789 889 Lausiacae
1798 857 1872 888 scri-

1091 909 1162 947 ptor
1183 910 1298 944 narrat,
1319 916 1365 945 se,
1397 911 1562 948 postquam
1584 908 1752 948 episcopus
1773 907 1872 939 factus

1090 964 1148 996 per
1156 956 1303 987 undecim
1318 965 1442 988 menses
1454 957 1487 988 in
1502 957 1579 988 cella
1591 957 1757 987 tenebrosa
1771 957 1871 988 latue-

1090 1006 1142 1044 rit,
1166 1007 1364 1038 recordatum
1390 1016 1459 1039 esse
1484 1008 1571 1039 verbi
1594 1008 1675 1038 beati
1698 1007 1825 1039 Joannis
1839 1008 1872 1038 in

1090 1057 1174 1097 Lyco
1186 1057 1259 1097 (13),
1275 1057 1392 1097 optime
1404 1058 1443 1088 de
1458 1057 1542 1088 exilii
1557 1061 1710 1097 tempore,
1727 1065 1791 1098 quo
1807 1058 1873 1088 Pal-

1090 1105 1202 1143 ladius,
1219 1106 1423 1146 Helenopolis
1447 1107 1626 1148 episcopus,
1648 1107 1682 1138 in
1699 1110 1872 1148 Aegyptum

1090 1156 1242 1188 abductus
1257 1161 1315 1195 est,
1330 1157 1393 1189 dici
1406 1161 1517 1198 potest.

1132 1259 1169 1289 At
1182 1257 1253 1295 alia,
1279 1266 1360 1297 quae
1377 1257 1417 1289 de
1437 1257 1574 1289 Palladio
1588 1257 1792 1298 Helenopoiis
1805 1258 1874 1298 epi-

1092 1316 1192 1348 scopo
1210 1307 1244 1338 in
1263 1307 1390 1347 dialogo
1412 1308 1569 1348 leguntur,
1589 1317 1662 1340 eum
1681 1309 1798 1341 scilicet
1820 1318 1873 1349 sy-

1092 1358 1178 1389 nodo
1191 1358 1242 1388 isti
1257 1358 1614 1399 Constantinopolitanae
1629 1360 1817 1398 interfuisse,
1841 1360 1875 1392 in

1091 1405 1258 1437 Lausiacae
1277 1407 1462 1446 scriptorem
1483 1408 1594 1438 cadere
1613 1412 1785 1448 nequeunt.
1806 1409 1874 1440 Pri-

1091 1464 1176 1486 mum
1193 1456 1276 1487 enim
1289 1456 1458 1496 descriptio
1480 1460 1669 1497 temporum,
1690 1467 1750 1498 qua
1770 1459 1820 1490 hic
1842 1459 1876 1490 in

1092 1504 1227 1535 Historia
1239 1504 1386 1536 Lausiaca
1395 1505 1463 1545 ipse
1473 1505 1579 1543 utitur,
1591 1509 1698 1545 aperte
1710 1511 1874 1546 repugnat.

260 1550 458 1590 Helenopolis
483 1552 625 1591 episcopo
649 1551 745 1582 tribui
769 1551 861 1581 docet
877 1550 934 1590 (8),
958 1549 1044 1590 quod
1058 1557 1078 1585 C
1093 1553 1212 1584 Deinde
1238 1554 1394 1586 Palladius
1421 1555 1585 1586 Lausiacae
1607 1557 1750 1596 scriptor,
1777 1566 1875 1596 quum

259 1607 325 1637 non
348 1600 476 1631 omnino
498 1609 607 1631 verum
633 1603 694 1638 est;
726 1609 798 1631 nam
816 1600 942 1631 codices
965 1599 1041 1630 Vin-

259 1651 459 1682 dobonenses
492 1659 560 1682 eam
590 1650 734 1683 Palladia
761 1651 902 1691 episcopo
931 1649 1044 1683 inscri-

260 1701 339 1740 bunt
354 1699 409 1738 (9).

298 1797 353 1833 83
375 1798 486 1835 Fateor
506 1805 555 1835 ea,
582 1806 662 1838 quae
682 1797 820 1829 Palladio
841 1798 1044 1840 Helenopolis

261 1923 310 1955 Mli
330 1923 450 1952 habitam
470 1931 532 1953 esse
543 1925 660 1959 putavit,
675 1925 748 1961 quod
763 1925 874 1961 quidem
883 1934 973 1962 neque
980 1935 1043 1955 cum

263 1971 354 1998 \erbis
374 1970 476 2006 dialogi
493 1971 524 2006 (1.
542 1971 586 2006 1,),
608 1980 664 2007 quo
686 1976 743 1999 tum
761 1972 907 2002 tumultum
933 1978 1044 2009 propter

261 2017 376 2045 Ilainam
393 2017 540 2044 barbarum
558 2017 645 2046 fuisse
659 2018 785 2050 traditur,
801 2027 891 2054 neque
904 2027 968 2047 cum
987 2024 1043 2048 tota

261 2062 322 2095 ejus
337 2062 468 2096 temporis
485 2062 662 2097 chronologia
677 2064 815 2091 convenit.

298 2107 336 2142 (t)
357 2107 454 2137 Parad.
482 2115 542 2142 cap.
562 2108 615 2142 22,
646 2107 702 2135 VV.
721 2108 772 2136 PP.
803 2109 894 2136 Bosw.
927 2117 954 2144 p.
979 2109 1042 2138 966.

263 2151 306 2183 ω.
324 2151 434 2179 Baronii
459 2153 557 2185 Annal.
579 2161 606 2185 a.
630 2154 702 2188 588;
728 2154 875 2183 Tillemout
899 2155 1044 2184 Mémoires

264 2197 296 2224 Τ.
310 2198 345 2224 xr
359 2205 385 2232 ρ.
399 2197 461 2225 516.

1096 1603 1283 1635 Alexandria
1297 1605 1557 1645 proﬁcisceretur,
1571 1605 1733 1646 hydropisi
1749 1607 1874 1638 labora-

1094 1651 1148 1682 bat
1161 1651 1234 1692 (14),
1259 1652 1300 1683 ita
1319 1655 1352 1685 ut
1371 1661 1442 1683 eum
1461 1653 1512 1683 vix
1530 1653 1688 1691 reducem,
1708 1658 1874 1694 postquam

1094 1709 1205 1732 recens
1227 1701 1395 1742 episcopus
1419 1702 1579 1733 ordinatus
1597 1706 1654 1740 est,
1683 1703 1721 1734 ad
1750 1711 1875 1735 causam

1094 1751 1243 1782 Antonini
1264 1751 1380 1791 Ephesi
1403 1752 1544 1792 episcopi
1569 1752 1812 1793 disceptandam,
1842 1753 1876 1784 id

1095 1800 1180 1840 quod
1194 1801 1335 1841 dialogus
1355 1802 1458 1840 tradit,
1477 1811 1496 1834 a
1508 1802 1629 1842 synodo
1644 1802 1776 1834 electum
1794 1811 1873 1836 esse.

1096 1929 1281 1964 πραιποσιτῳ
1302 1929 1398 1963 παρὰ
1417 1929 1640 1957 Παλλαδίου
1660 1929 1876 1956 ἐπισκόπου

1096 1974 1161 2008 περὶ
1182 1975 1255 2006 ,βίου
1280 1974 1428 2008 διαφόρων
1450 1974 1622 2008 dannsz
1643 1974 1691 2001 καὶ
1705 1975 1799 2002 ὁσίων
1820 1983 1877 2000 πα-

1096 2017 1183 2052 τρῶν.
1206 2017 1248 2044 tif.
1266 2017 1385 2044 Palladii
1410 2016 1560 2044 Historiam
1583 2017 1743 2044 Lauriacum
1761 2018 1795 2044 ad
1805 2018 1879 2044 εοάίη

1096 2064 1134 2092 cis
1159 2062 1366 2090 i’indobonensis
1387 2062 1466 2097 ﬁdem
1491 2071 1508 2090 a
1532 2062 1607 2090 nobis
1631 2063 1743 2090 breuiter
1762 2064 1879 2091 delinea-

1097 2113 1152 2135 tam
1166 2108 1237 2135 infra
1252 2109 1270 2135 l.
1285 2108 1303 2134 l.

1131 2152 1188 2186 (I0)
1205 2151 1309 2180 Pallad.
1322 2151 1391 2179 Dial.
1411 2152 1446 2180 de
1455 2152 1511 2179 vita
1522 2151 1550 2180 S.
1566 2151 1608 2179 lo.
1633 2152 1777 2188 Chrysost.
1800 2161 1825 2180 c.
1848 2153 1876 2180 5.

1095 2199 1122 2228 4.
1151 2199 1196 2226 20.
1213 2199 1242 2227 S.
1258 2199 1300 2227 Jo.
1314 2199 1454 2235 Chrysost.
1473 2199 1542 2234 Opp.
1557 2199 1601 2226 ed.
1619 2199 1807 2226 Montfauc.'l'.
1819 2198 1879 2226 XIII

296 2242 339 2278 (2)
356 2242 427 2270 llisl.
441 2242 525 2272 Laus.
548 2243 592 2272 ed.
618 2243 720 2275 Meurs.
737 2252 798 2280 cap.
813 2245 928 2281 “Opp.
944 2245 1046 2275 Meurs.
1061 2241 1084 2269 Ι)
1098 2253 1126 2280 p.
1153 2245 1184 2272 Il
1212 2253 1286 2280 sqq.,
1309 2245 1344 2271 77
1367 2253 1422 2279 sq.,
1441 2244 1567 2273 Galland.
1585 2245 1655 2273 Bibl.
1677 2245 1730 2272 PP.
1756 2245 1789 2272 T.
1820 2244 1875 2270 VIII

266 2289 282 2316 l.
305 2289 322 2316 l.
337 2296 364 2324 ρ.
384 2289 447 2317 ne.

298 2335 337 2369 (5)
356 2335 426 2362 Ibid.
449 2343 477 2372 ι).
491 2336 554 2370 ὁἨ,
572 2335 629 2364 νγ.
646 2335 698 2364 PP.
720 2335 812 2367 Rosw.
830 2337 879 2365 lib.
898 2336 957 2364 Vill
971 2344 997 2365 c.
1011 2337 1046 2366 45

265 2389 291 2417 ι).
312 2380 374 2414 740,
394 2381 422 2408 2.

300 2426 338 2462 (4)
359 2427 459 2455 Baron.
477 2427 578 2455 Annal.
601 2435 627 2456 a.
645 2428 718 2462 588;
739 2428 888 2460 Tillemont
901 2427 1046 2456 Mémoires

264 2469 296 2496 T.
311 2469 347 2497 χι
364 2478 392 2505 p.
410 2471 471 2498 515.

300 2516 339 2550 (5)
359 2515 430 2543 Hist.
449 2516 531 2547 Laus.
549 2517 594 2545 ed.
612 2517 713 2545 Meurs.
727 2524 787 2552 cap.
800 2516 851 2544 ηδ
863 2515 933 2551 Opp.
945 2515 1045 2544 Meurs.

264 2561 284 2593 ι,
297 2562 317 2589 1.
333 2570 360 2596 p.
381 2562 444 2590 604.

299 2607 339 2643 (6)
353 2607 420 2643 Cap.
436 2607 548 2640 MLVV.
564 2607 616 2636 pr.
633 2607 725 2639 κυεην.
738 2616 765 2643 ρ.
779 2607 843 2637 980.
860 2608 887 2635 1.

297 2652 395 2688 (1)Cf.
419 2653 538 2685 Palladii
563 2653 711 2680 Historiam
733 2652 890 2683 Lauriacum
917 2652 951 2678 ad
973 2651 1047 2678 codi-

263 2700 301 2726 ci:
316 2699 523 2727 Vindobonensis
534 2699 611 2734 ﬁdem
629 2708 646 2726 a
663 2699 736 2730 nobis
753 2699 863 2726 breviter
873 2697 1044 2728 delinealam,

265 2743 336 2771 intra
345 2745 409 2772 huic
420 2748 531 2771 nostrae
538 2743 651 2777 editioni
659 2743 795 2777 Historiae
808 2742 958 2777 Lauciacae
969 2750 1047 2777 praes

266 2788 380 2824 positam
385 2807 391 2814 .

301 2833 341 2862 t8)
360 2832 508 2861 Tillemont
518 2832 662 2861 Mémoires
676 2833 694 2860 l.
712 2833 732 2860 l.
747 2839 774 2868 p.
793 2832 855 2860 500.

301 2877 340 2920 (9)
364 2878 557 2917 Ἀντῐγραερον
575 2877 739 2913 ἐπιστολῆς
754 2877 915 2914 παρείσης
935 2875 1045 2913 Auum

1097 2299 1124 2326 p.
1140 2290 1193 2318 267
1209 2299 1270 2326 sqq.
1286 2291 1348 2318 520.
1366 2291 1430 2318 321.

1132 2336 1189 2371 (ll)
1220 2336 1291 2364 llist.
1317 2336 1396 2364 Laus.
1429 2336 1539 2372 Prolog.
1568 2335 1638 2372 Opp.
1672 2335 1774 2364 Meurs.
1807 2336 1826 2363 Ι.
1858 2337 1877 2364 Ι.

1097 2389 1125 2417 p.
1140 2381 1200 2410 559.

1133 2427 1190 2462 (η)
1211 2427 1277 2454 Ibid.
1295 2434 1356 2462 cap.
1372 2427 1407 2455 ιι
1421 2435 1448 2463 ι).
1466 2427 1530 2455 4η.

1132 2473 1188 2507 (is)
1217 2472 1284 2499 Ibid.
1300 2473 1318 2500 ι.
1337 2474 1355 2500 l.

1137 2519 1194 2554 (14)
1213 2517 1352 2546 Palladius
1372 2519 1464 2546 tribus
1479 2525 1559 2547 annis
1580 2523 1724 2554 postquam
1746 2517 1878 2546 Joannem

1097 2565 1126 2592 in
1144 2564 1218 2599 Lyco
1235 2564 1341 2597 invisit,
1355 2565 1374 2591 i.
1389 2572 1414 2592 e.
1428 2569 1547 2592 exeunte
1566 2571 1638 2591 anno
1653 2565 1704 2592 597
1720 2564 1768 2599 (cf.
1795 2572 1878 2598 supra

1098 2619 1126 2647 p.
1141 2611 1199 2645 21),
1223 2611 1318 2644 splene
1341 2615 1369 2638 et
1394 2611 1538 2638 stomacho
1563 2611 1689 2639 laborare
1713 2612 1812 2646 coepit.
1827 2611 1879 2643 Qui

1098 2656 1211 2684 morbus
1225 2656 1324 2683 deinde
1340 2656 1368 2683 in
1381 2656 1544 2692 liydropisin
1556 2657 1648 2690 vertit,
1663 2657 1737 2685 unde
1755 2664 1770 2684 a
1787 2656 1881 2683 fratri-

1099 2702 1151 2730 bus
1164 2701 1360 2729 Alesaudriam
1372 2703 1475 2730 missus
1495 2703 1663 2730 medicorum
1679 2703 1798 2730 consilio
1808 2703 1880 2730 aeris
1917 2697 1923 2704 ’

1099 2747 1254 2774 subtilioris
1282 2748 1369 2782 gratia
1396 2752 1513 2774 exeunte
1533 2755 1607 2775 anno
1621 2747 1686 2780 400,
1716 2753 1746 2774 ut
1765 2747 1877 2782 patebit,

1098 2797 1146 2819 aut
1162 2792 1273 2818 ineunte
1287 2791 1336 2818 401
1366 2791 1554 2828 Hierosolyma
1562 2796 1591 2819 et
1607 2792 1634 2822 in
1648 2792 1802 2828 Bithyniam
1826 2799 1875 2819 ve-

1097 2837 1148 2870 nit.
1159 2836 1228 2869 llisl.
1245 2836 1326 2867 Laus.
1341 2837 1359 2864 Ι.
1375 2837 1393 2865 Ι.
