2060 3153
182 165 213 194 81
928 174 1040 205 νιτΑΕ.
1755 185 1792 213 82

182 222 505 279 aurinstante‘aestate
517 229 580 257 tam
596 226 723 279 longum
734 229 793 260 iter
807 230 964 270 Ephesum
978 239 1002 267 Α
1015 234 1054 266 tis
1089 235 1206 273 nititur,
1237 238 1415 270 coniectura
1442 239 1559 279 Optime
1593 240 1672 272 solvi
1692 241 1789 276 vides.

183 273 358 312 suscepisse
370 274 423 313 (1),
447 283 558 314 parum
575 276 740 309 verisimile
750 279 800 310 sit.
811 280 866 316 84
878 281 961 311 Difﬁ-

183 322 311 353 cultates
324 326 428 354 autem
441 324 629 364 expediendi
643 327 720 358 haec
730 331 824 359 restat
837 329 895 360 via.
908 330 963 361 So-

184 375 281 403 crates
293 372 388 404 refert
403 372 456 413 (2),
483 373 653 406 Palladium
669 376 851 418 episcopum
862 379 956 410 Hele-

185 423 291 463 nopoli
306 425 465 463 Aspunam
483 426 664 458 translatum
684 435 763 458 esse.
779 428 868 466 Quid,
885 430 912 460 si
930 430 962 461 id

181 473 219 504 ad
245 474 416 505 Palladium
450 476 636 516 episcopum
677 477 792 517 dialogi
826 479 963 518 scripto-

180 529 245 552 rem
278 522 451 562 pertineat,
495 532 532 555 ac
561 525 667 564 paullo
700 530 770 566 post
806 528 961 566 synodum

179 571 366 610 Ephesinam
380 580 464 604 anno
478 573 531 605 401
549 573 686 606 habitam
702 575 818 607 factum
833 577 882 613 sit,
896 577 962 607 Pal-

178 621 279 654 ladius
293 632 368 655 vero
381 624 548 656 Lausiacae
566 626 700 665 scriptor
713 626 774 658 hoc
792 627 862 667 ipso
877 635 960 658 anno

176 671 209 702 in
222 672 289 703 eius
303 673 407 704 locum
421 674 460 704 sit
476 674 646 706 suﬂ‘ectus?

216 725 317 762 Atque
333 732 400 754 rem
413 724 456 755 ita
475 733 509 755 se
527 724 643 756 habere
660 725 801 766 dialogus
815 725 867 756 iile
885 734 962 765 quo-

179 772 348 804 dammodo
369 774 513 805 ostendit.
535 775 628 806 Cuius
642 775 775 815 scriptor
796 775 908 806 Photio
930 779 961 807 et

179 823 316 861 Georgio
340 823 548 855 Alexandrino
577 824 707 855 testibus
730 828 778 855 est
798 824 960 856 Palladius

180 870 339 911 episcopus
355 872 408 912 (3),
429 872 463 904 in
484 872 645 904 codicibus
662 873 824 905 Palladius
840 874 959 913 episco-

1048 284 1103 321 85
1117 287 1404 328 Quomodocunque
1423 298 1498 321 vero
1512 299 1562 321 res
1578 298 1612 321 se
1626 290 1730 329 habet,
1751 301 1790 323 ex

1009 335 1059 373 iis,
1087 345 1168 375 quae
1198 337 1431 377 disputavimus,
1455 339 1516 371 hoc
1543 339 1652 379 liquet,
1678 341 1790 372 iustam

1010 394 1134 417 causam
1159 395 1223 418 non
1245 396 1329 424 esse,
1349 396 1405 418 cur
1425 398 1496 420 eum
1515 389 1713 421 Tillemontio
1728 391 1788 432 (10)

1010 434 1223 474 chronologia,
1236 445 1316 476 quae
1327 437 1359 468 in
1369 437 1502 468 Historia
1511 439 1655 470 Lausiaca
1664 439 1788 478 legitur,

1010 483 1116 515 relicta
1138 488 1317 523 statuamus,
1338 486 1509 518 Palladium
1526 488 1689 520 Lausiacae
1709 489 1789 520 scri-

1011 537 1132 573 ptorem
1145 543 1228 566 anno
1244 535 1300 567 399
1313 537 1497 568 Alexandria
1511 537 1685 577 profectum
1706 548 1788 577 esse,

1009 582 1138 614 ineunte
1151 592 1234 615 anno
1248 584 1303 614 400
1315 586 1498 625 episcopum
1517 594 1585 617 esse
1600 587 1787 625 ordinatum,

1011 634 1042 661 et
1061 631 1094 661 in
1114 632 1240 663 Nitriam
1260 642 1343 664 anno
1359 633 1414 663 390
1432 633 1566 664 venisse.
1589 635 1687 666 Immo
1711 636 1788 668 haec

1009 682 1115 721 potius
1128 682 1262 714 tenenda
1275 686 1322 713 est
1337 683 1549 722 chronologia,
1561 684 1730 715 Palladium
1743 694 1790 716 se-

1011 732 1114 763 cundo
1129 732 1295 764 Theodosii
1313 734 1414 772 Magni
1429 733 1603 770 consulatu,
1628 734 1683 773 qui
1699 734 1788 765 ince-

1010 780 1056 820 pit
1067 789 1084 812 a
1097 781 1236 813 Calendis
1245 783 1397 814 Ianuariis
1410 783 1483 814 anni
1498 782 1554 812 388
1570 782 1646 822 (11),
1657 783 1789 814 Alexan-

1010 830 1108 862 driam
1123 832 1291 872 appulisse,
1305 841 1387 864 anno
1399 832 1452 863 391
1465 832 1499 863 in
1510 832 1649 870 Nitriam,
1660 842 1696 864 ac
1713 833 1788 864 sub-

1010 886 1161 922 sequente
1182 883 1216 913 in
1240 883 1372 914 Cellulas
1395 883 1529 920 venisse,
1557 891 1705 922 annoque
1731 883 1786 914 401

177 930 238 972 pus
254 920 538 962 Helenopolitanus,
553 922 592 953 ab
612 923 683 954 aliis
694 924 785 954 etiam
800 924 959 964 episcopus
976 918 996 946 Β
1013 918 1197 971 episcopum
1209 932 1241 962 in
1255 932 1398 972 Bithynia
1413 918 1590 963 ordinatum
1606 918 1686 968 ess-9,,
1704 933 1790 963 unde

178 971 365 1010 Αεροηεωίε
386 972 487 1002 ἀίδια-τ
500 972 552 1013 (4)·
577 973 606 1004 l5
626 973 720 1012 ἱείιυν
735 973 769 1003 in
783 972 907 1012 dialogo
925 982 959 1005 Se
1014 981 1106 1011 etiam
1118 981 1283 1012 Historiam
1296 971 1484 1018 Lausiacam,
1497 985 1532 1012 ut
1546 990 1640 1021 supra
1657 981 1715 1022 (12)
1727 982 1790 1012 iam

177 1022 308 1052 Romam
343 1023 480 1062 Primum
509 1024 632 1055 venisse
661 1024 701 1064 (5)
730 1024 772 1054 δίε
798 1024 958 1064 aliquanto
1012 1030 1188 1067 docuimus,
1211 1039 1294 1061 anno
1312 1030 1367 1062 421
1394 1031 1540 1071 scriptam
1560 1039 1628 1062 esse
1648 1038 1666 1062 e
1685 1031 1789 1062 verbis

177 1074 248 1110 post
263 1071 433 1103 Palladium
445 1073 742 1113 Helenopolitanum
760 1074 955 1114 episcopum,

176 1129 270 1159 quem
285 1121 344 1152 sub
356 1122 540 1154 Innocentio
553 1123 636 1163 Papa
652 1123 695 1153 ibi
709 1123 806 1154 fuisse
821 1123 862 1154 ob
882 1132 957 1155 cau-

175 1177 242 1200 sam
257 1171 289 1200 S.
304 1170 515 1211 Chrysostomi
530 1171 582 1213 (6),
607 1175 638 1203 et
659 1181 698 1204 eo
717 1176 869 1213 tempore,
893 1182 958 1214 quo

176 1216 319 1257 dialogus
335 1218 518 1257 instituitur,
537 1221 622 1260 apud
643 1220 819 1260 Blemmyes
843 1220 878 1251 in
895 1223 956 1252 Ae-

176 1270 273 1306 gypto
288 1267 422 1299 detineri
435 1269 474 1310 (7)
493 1270 610 1301 scribit.
630 1271 728 1301 Porro
747 1270 881 1309 scriptor
894 1270 959 1302 dia-

177 1315 239 1355 logi
255 1325 273 1348 a
288 1317 454 1350 Theodoro
469 1319 615 1357 diacono,
633 1328 770 1359 quocum
783 1319 873 1350 illum
889 1328 956 1351 ser-

176 1375 303 1398 monem
322 1369 492 1407 conseruit,
516 1378 610 1410 saepe
625 1378 682 1409 per
700 1377 797 1400 canos
815 1377 898 1406 suos,
923 1372 958 1400 ut

175 1425 282 1448 verum
297 1417 389 1456 dicat,
411 1428 507 1450 senex
520 1420 700 1451 obsecratur
715 1418 769 1460 (8),
791 1419 877 1459 quod
889 1419 957 1450 sine

176 1466 272 1498 dubio
288 1467 322 1498 in
334 1468 504 1501 Palladium
517 1470 682 1501 Lausiacae
695 1470 891 1510 scriptorem,
902 1469 957 1509 qui

176 1520 241 1548 tum
255 1518 306 1548 vix
318 1527 416 1550 annos
430 1519 634 1560 quadraginta
649 1523 739 1551 natus
752 1523 829 1557 erat,
844 1520 956 1550 cadere

178 1575 240 1599 non
261 1571 375 1608 potest.
398 1570 488 1601 Unde
507 1569 589 1601 inter
608 1570 687 1601 duos
703 1570 788 1600 illius
804 1569 956 1609 temporis

176 1616 328 1649 Palladios
347 1618 550 1659 Helenopolis
573 1619 739 1660 episcopos
759 1619 955 1660 distinguen-

1011 1079 1138 1111 Palladii
1151 1080 1324 1111 conﬁcitur.

1050 1167 1130 1206 εει.
1155 1167 1246 1204 Quod
1271 1167 1297 1198 si
1320 1170 1367 1198 est
1389 1167 1596 1207 exploratum,
1622 1167 1790 1199 Macarium

1010 1216 1250 1248 Alexandrinum
1275 1217 1383 1248 saltem
1406 1225 1506 1256 usque
1532 1217 1570 1248 ad
1589 1225 1705 1248 annum
1732 1217 1789 1247 395

1010 1267 1207 1306 superstitem
1227 1266 1322 1297 fuisse
1349 1270 1488 1306 apparet.
1511 1266 1588 1297 Nam
1607 1270 1667 1297 tres
1689 1275 1789 1298 annos

1010 1325 1082 1348 cum
1103 1316 1239 1347 Palladio
1263 1316 1297 1346 in
1318 1315 1442 1346 Cellulis
1459 1315 1534 1346 vixit
1557 1315 1591 1345 in
1611 1316 1710 1355 quiete
1734 1316 1787 1345 de-

1009 1375 1084 1405 gens
1100 1366 1173 1406 (13).
1198 1368 1296 1406 Atque
1312 1365 1388 1405 quin
1402 1368 1465 1395 tres
1486 1364 1579 1404 primi
1599 1365 1684 1402 anni,
1709 1373 1789 1404 quos

1009 1415 1162 1446 Palladius
1172 1415 1206 1445 in
1219 1414 1342 1445 Cellulis
1352 1413 1551 1452 transigebat,
1563 1414 1789 1453 signiﬁcentur,

1009 1472 1074 1495 non
1083 1463 1174 1495 facile
1183 1463 1348 1495 dubitabis.
1363 1463 1427 1494 Nec
1437 1465 1467 1494 te
1473 1463 1789 1502 Hierosolymitanum

1008 1515 1079 1551 iter,
1107 1514 1193 1554 quod
1212 1513 1367 1545 Palladius
1388 1513 1469 1544 circa
1481 1521 1599 1544 annum
1621 1512 1677 1543 394
1697 1513 1788 1544 insti-

1009 1567 1065 1597 tuit
1085 1565 1157 1607 (14),
1176 1566 1344 1606 quominus
1361 1568 1424 1595 tres
1438 1565 1557 1604 primos
1576 1573 1677 1595 annos
1691 1563 1789 1595 fuisse

1009 1616 1104 1653 dicas,
1124 1615 1286 1655 impediet.
1312 1614 1465 1646 Palladius
1487 1614 1582 1651 enim,
1603 1614 1657 1654 qui
1676 1622 1789 1644 navem

176 1666 251 1697 dum
265 1676 334 1699 esse
352 1668 514 1708 probabile
529 1672 575 1700 est
590 1669 643 1710 (9).
666 1669 755 1706 Quod
778 1669 804 1700 si
823 1672 954 1706 constat,
969 1666 992 1697 C
1007 1675 1117 1703 annos,
1130 1674 1309 1707 quanquam
1324 1665 1507 1705 saepissime
1519 1665 1639 1696 interea
1651 1665 1790 1705 peregri—

175 1716 388 1749 diﬁicultatem
418 1717 491 1756 illa,
530 1727 612 1758 quae
639 1718 821 1750 testimonio
848 1719 958 1749 Socra-

211 1808 250 1843 (I)
266 1808 371 1838 Pallad.
385 1809 520 1845 Dial.cap.
532 1811 576 1838 is.
589 1811 634 1838 ti.
644 1810 674 1838 s.
683 1810 925 1846 Chrysost.0pp.l.
934 1810 954 1837 ι.

177 1861 203 1889 p.
217 1853 331 1889 IOsqq.,
342 1854 467 1882 Gallaud.
479 1855 548 1883 Bibl.
558 1855 643 1883 PP.'I.
657 1857 677 1883 l.
692 1856 791 1891 p.298.
808 1857 870 1885 299.
887 1857 956 1888 .500.

209 1899 248 1934 (2)
269 1898 348 1927 Socr.
378 1899 450 1928 Hist.
475 1900 550 1928 Eccl.
573 1901 622 1929 lib.
645 1901 692 1929 VII
717 1910 779 1938 cap.
807 1903 842 1931 36
866 1903 911 1931 ed.
937 1902 957 1930 ι.

211 1990 251 2025 (5)
266 1989 310 2017 Cf.
328 1998 411 2026 supra
433 1998 461 2027 p.
476 1991 521 2019 81.

210 2035 250 2072 (ι)
269 2036 386 2064 Emerie.
402 2036 490 2072 Bigot.
510 2037 544 2065 de
562 2036 684 2066 Palladio
701 2038 828 2074 episcopo
841 2037 958 2066 Heleno-

177 2082 301 2117 politano
313 2082 401 2110 Praef.
414 2083 441 2110 in
451 2082 653 2111 Bibl.Galland.
661 2084 680 2111 1.
689 2084 707 2111 l.
718 2084 825 2120 Proleg.
839 2091 865 2119 p.
875 2083 956 2111 XXV.

211 2127 250 2163 (5)
265 2127 332 2162 Cap.
350 2127 376 2160 I,
392 2126 421 2156 S.
439 2127 580 2163 Chrysost.
594 2127 662 2163 Opp.
678 2128 697 2157 Ι.
710 2128 729 2157 l.
746 2137 774 2164 p.
792 2130 819 2162 5,
831 2128 956 2157 Galland.

177 2172 246 2200 Bibl.
262 2172 313 2200 PP.
329 2173 347 2202 l.
364 2173 382 2200 ι.
403 2181 430 2208 ρ.
440 2173 504 2200 261.

210 2219 250 2253 (6)
266 2218 333 2254 Cap.
357 2219 390 2252 3,
415 2218 444 2246 S.
460 2218 602 2255 Chrysost.
620 2219 690 2256 Opp.
706 2219 725 2247 Ι.
743 2219 763 2248 1.
780 2227 808 2255 p.
828 2220 858 2248 11
870 2240 879 2254 ,
893 2220 958 2249 Gal<

176 2262 249 2290 land.
261 2263 330 2291 Bibl.
348 2263 400 2290 PP.
415 2263 433 2290 Ι.
446 2264 500 2299 Lp.
513 2264 574 2291 267.

211 2307 249 2343 ('l)
266 2308 332 2342 Cap.
340 2308 386 2339 20.
400 2308 430 2334 ὃ.
441 2308 581 2344 Chrysost.
592 2307 660 2344 Opp.
676 2308 695 2337 l.
705 2307 723 2335 l.
737 2316 766 2343 p.
776 2308 822 2342 '17,
832 2308 956 2339 Galland.

175 2352 244 2380 Bibl.
256 2353 309 2381 PP.
319 2353 338 2380 I.
348 2353 366 2382 l.
374 2361 399 2388 p.
409 2353 471 2380 320.

212 2399 249 2435 (8)
269 2399 336 2435 Cap.
355 2399 382 2430 4,
401 2399 430 2426 S.
455 2399 596 2435 Chrysost.
622 2399 692 2435 Opp.
709 2399 728 2427 l.
741 2399 761 2427 l.
785 2407 812 2434 p.
828 2399 871 2433 16,
893 2399 958 2427 Gal-

176 2445 250 2472 Iand.
265 2444 335 2472 Bibl.
352 2444 405 2472 PP.
426 2445 445 2471 1.
459 2445 478 2472 1.
499 2453 525 2480 p.
542 2445 604 2472 270.
636 2445 700 2478 271,
725 2449 753 2472 et
775 2445 877 2480 passim
905 2452 955 2480 per

176 2490 325 2524 dialogum.

213 2535 252 2569 (9)
279 2533 305 2561 Id
324 2533 473 2569 Gregorius
489 2533 691 2561 Alexandrinus
714 2536 741 2560 et
758 2532 873 2560 Photius
893 2539 957 2560 seno

177 2579 248 2606 sisne
266 2579 404 2610 videatur,
420 2578 468 2613 qui
489 2577 652 2612 scriptorem
672 2577 773 2611 dialogi
796 2576 957 2611 simpliciter

178 2624 330 2651 Palladium
348 2624 496 2658 episcopum
506 2622 612 2650 dicunt.
625 2621 666 2650 Ac
676 2621 791 2650 Pbotius
803 2621 955 2649 Palladium

176 2671 337 2705 episcopum
358 2669 613 2704 llelenopolitanum
632 2671 712 2695 antea
728 2667 810 2702 (Bibl.
836 2675 879 2695 ex.
898 2674 955 2694 rec.

177 2715 289 2743 Bekkeri
304 2723 330 2750 p.
348 2715 390 2748 I8,
405 2716 423 2744 b
437 2715 605 2742 laudaverat.
620 2713 772 2741 Palladium
797 2714 955 2749 episcopum

176 2768 240 2788 cum
263 2761 353 2788 tribus
376 2761 437 2789 aliis
457 2759 594 2795 episcopis
618 2759 647 2786 s.
663 2758 859 2794 Chrysostomo
873 2758 955 2793 pulso

178 2808 290 2834 Romam
310 2807 418 2834 venisse
431 2806 605 2834 innocentius
618 2804 692 2840 Papa
712 2805 787 2832 clero
800 2805 956 2832 Constanti-

177 2852 352 2887 nopolitanae
374 2852 506 2880 ecclesiae
529 2851 653 2886 scripsit.
678 2849 705 2877 S.
723 2849 867 2885 Chrysost.
884 2848 953 2886 Opp.

177 2897 221 2928 ed.
240 2896 414 2928 Montraucon
428 2897 461 2927 Τ.
476 2896 509 2927 Ill
532 2905 557 2934 p.
575 2896 637 2925 524.
656 2894 905 2934 Eundempropter
925 2903 954 2924 se

1009 1719 1099 1746 natus
1115 1714 1171 1749 86
1183 1717 1240 1751 est,
1260 1713 1294 1744 in
1313 1712 1437 1744 Cellulis
1457 1713 1645 1752 transegisse
1666 1721 1700 1743 se
1714 1721 1789 1743 nar-

1008 1810 1036 1836 et
1052 1811 1163 1843 propter
1174 1805 1319 1834 ecclesiam
1334 1805 1473 1834 aerumnis
1487 1805 1556 1833 allici
1575 1805 1635 1842 ipse
1657 1805 1684 1833 S.
1701 1805 1790 1841 Chry-

1007 1855 1147 1878 sostomus
1160 1849 1242 1877 tradit
1256 1849 1283 1876 in
1302 1857 1346 1885 ep.
1362 1849 1413 1877 148
1428 1850 1447 1877 1.
1462 1850 1481 1877 1.
1496 1858 1523 1885 p.
1539 1850 1602 1878 686.
1619 1850 1712 1878 Eidem
1725 1850 1789 1877 Pal-

1007 1896 1081 1924 ladio
1105 1894 1136 1924 S.
1160 1895 1376 1930 Chrysostomus
1403 1895 1496 1929 (annis
1520 1895 1671 1931 404-407)
1690 1895 1791 1930 episto-

1007 1940 1061 1968 lam
1074 1940 1198 1975 scripsit,
1214 1940 1243 1967 in
1257 1940 1401 1974 cujusline
1411 1940 1489 1974 petit,
1506 1945 1535 1967 ut
1546 1941 1635 1975 ipsum
1651 1939 1790 1968 Palladius

1007 1985 1042 2012 de
1059 1985 1216 2012 valetudine
1233 1992 1284 2013 sua
1297 1985 1444 2012 certiorem
1466 1984 1560 2012 faciat.
1582 1985 1632 2020 Ep.
1648 1985 1698 2012 H5
1722 1985 1741 2012 l.
1768 1985 1789 2014 l.

1008 2038 1037 2066 p.
1055 2030 1117 2058 656.
1135 2030 1208 2064 Quae
1223 2030 1331 2065 quidem
1346 2030 1373 2057 iu
1383 2034 1568 2065 aegrotantem
1577 2030 1710 2057 Historiae
1718 2030 1791 2057 Lau-

1008 2077 1099 2104 siacae
1121 2077 1282 2111 scriptorem
1309 2075 1409 2110 optime
1431 2076 1541 2103 cadunt.
1567 2075 1697 2109 Plurima,
1720 2083 1790 2110 quae

1008 2121 1060 2148 viri
1074 2120 1149 2148 docti
1162 2121 1196 2148 de
1204 2120 1325 2148 Palladio
1334 2121 1519 2156 disputarunt,
1530 2121 1597 2156 legis
1608 2121 1676 2156 Opp.
1687 2121 1788 2150 Meurs.

1008 2165 1042 2194 Τ.
1059 2166 1117 2194 VIII
1128 2175 1156 2201 p.
1167 2166 1220 2194 650
1233 2174 1293 2201 sqq.
1315 2165 1359 2193 Cf.
1375 2166 1492 2194 Emeric.
1508 2166 1594 2202 Bigot.
1617 2167 1635 2194 1.
1652 2167 1670 2194 1.

1042 2212 1099 2247 (10)
1127 2212 1273 2240 Tillemout
1308 2211 1453 2240 Mémoires
1485 2212 1517 2241 Τ.
1544 2212 1580 2240 XI
1608 2213 1642 2240 de
1667 2212 1790 2241 Palladio

973 2271 995 2299 ο
1009 2267 1036 2294 p.
1052 2258 1194 2287 τωο-555
1214 2258 1365 2293 etpassim.

1043 2305 1099 2340 (11)
1118 2304 1198 2332 Teste
1213 2303 1378 2332 Cassiodoro
1400 2303 1465 2331 inde
1479 2303 1513 2331 ab
1532 2310 1558 2330 a.
1572 2310 1601 2331 υ.
1624 2303 1672 2331 601
1692 2310 1790 2330 consu-

1007 2351 1080 2378 latus
1095 2357 1110 2376 a
1121 2349 1248 2378 Calendis
1262 2349 1403 2377 Ianuariis
1421 2349 1668 2384 iucepit.Cassioul.
1685 2349 1787 2376 Chron.

1008 2395 1076 2430 Opp.
1092 2394 1218 2422 Cassiod.
1230 2395 1274 2422 ed.
1288 2394 1357 2422 1656
1371 2402 1399 2430 p.
1414 2395 1478 2427 68I,
1492 2394 1536 2422 ed.
1556 2394 1647 2422 Gareti
1672 2402 1700 2429 p.
1724 2394 1788 2427 584,

1007 2439 1096 2476 Migne
1108 2440 1210 2467 Patrol.
1224 2439 1256 2466 Τ.
1275 2438 1357 2466 LXIX
1380 2447 1406 2474 p.
1423 2440 1504 2467 i225.
1519 2439 1562 2467 CI’.
1581 2439 1667 2466 Ideler
1688 2438 1787 2466 Lebrb.

1006 2487 1034 2514 d.
1052 2485 1238 2520 Chronologie
1259 2493 1286 2520 p.
1301 2485 1364 2513 528.
1381 2484 1425 2512 Ei.
1450 2484 1599 2512 Handbuch
1622 2485 1671 2512 der
1688 2484 1790 2512 matbe-

1006 2532 1158 2559 matischeu
1171 2538 1198 2558 u.
1220 2531 1398 2558 teclinischen
1415 2530 1600 2565 Chronologie
1616 2530 1706 2557 Berlin
1720 2530 1788 2557 i825

1006 2575 1039 2604 Τ.
1052 2576 1075 2602 II
1091 2584 1117 2611 p.
1135 2574 1196 2602 149.
1211 2574 1248 2602 De
1262 2583 1336 2602 anno
1352 2574 1404 2601 588
1420 2573 1458 2603 cf.
1484 2582 1568 2608 supra
1585 2581 1613 2609 p.
1627 2573 1664 2601 58
1679 2577 1738 2601 not.
1759 2573 1787 2601 5.

1041 2620 1097 2656 (1⁸2)
1124 2619 1155 2648 Ρ.
1178 2620 1224 2648 24.
1245 2619 1358 2647 Plurimi
1380 2626 1440 2647 eam
1469 2619 1550 2651 falso,
1577 2624 1606 2646 ut
1627 2619 1680 2646 iam
1703 2623 1786 2654 patet,

1008 2674 1080 2694 anno
1095 2665 1147 2693 420
1169 2669 1216 2692 aut
1230 2665 1281 2692 419
1301 2666 1432 2700 scriptam
1459 2672 1520 2692 esse
1543 2668 1718 2698 statuerunt;
1739 2672 1789 2692 an-

1008 2720 1073 2740 num
1088 2711 1138 2739 421
1155 2711 1311 2738 indicarunt
1322 2711 1394 2739 Cave
1407 2715 1437 2738 et
1454 2710 1555 2738 Oudin.
1567 2718 1626 2738 ων.
1637 2709 1788 2744 Palladius,

1006 2761 1034 2786 et
1051 2756 1180 2790 Betlberg
1195 2756 1222 2783 in
1238 2756 1309 2784 libro
1322 2765 1328 2783 :
1344 2756 1417 2791 Allg.
1437 2755 1588 2792 Encvklop.
1609 2763 1637 2783 v.
1656 2754 1744 2783 Erscb
1757 2762 1787 2785 Ic

1006 2803 1112 2832 Gruber
1125 2809 1139 2828 s
1162 2809 1189 2828 ν.
1206 2801 1358 2829 Palladius.

1039 2848 1096 2884 (15)
1114 2845 1159 2874 Cf.
1174 2853 1257 2881 supra
1270 2854 1296 2882 p.
1315 2847 1359 2874 66.

1040 2894 1096 2930 (14)
1106 2891 1158 2923 411³.
1177 2900 1259 2929 supra
1277 2901 1304 2929 ι).
1319 2892 1364 2920 2|.
1377 2892 1423 2920 22.
