2060 3153
253 167 290 196 33
664 168 717 198 ss.
737 168 965 198 MACARIORUM
983 167 1145 196 AEGYP'I’II
1165 167 1208 196 ET
1224 168 1459 197 ALEXANDRINI
1830 163 1865 191 84

251 228 310 262 rat,
329 226 421 258 etiam
438 229 501 258 tres
514 236 547 258 se
564 236 664 259 annos
678 236 749 260 cum
766 228 900 260 Macario
919 228 1031 258 vixisse
1045 230 1068 257 Α
1081 227 1121 258 de
1136 231 1168 258 te
1190 227 1328 258 audirem
1342 239 1356 255 ιο
1380 227 1434 267 (7).
1455 228 1554 263 Quare
1581 229 1653 266 post
1672 230 1790 255 annum
1802 223 1861 256 335

252 275 357 308 dicere
372 277 482 316 potuit,
498 278 556 308 etsi
572 278 626 309 illo
645 282 786 319 tempore
802 279 895 310 breve
909 279 968 309 iter
981 278 1031 309 in-

253 326 396 358 stituerit.
414 328 580 359 Macarium
593 329 627 359 in
641 330 740 369 quiete
755 330 868 360 sedisse
882 330 933 360 vix
950 328 1033 360 aliud

254 375 424 415 quidquam
439 377 602 416 signiﬁcat,
614 379 674 409 nisi
691 387 764 410 eum
778 387 909 410 munere
926 387 1032 410 sacer-

253 425 329 455 dotii
340 426 372 456 in
382 435 472 457 usum
482 428 611 459 fratrum
622 432 750 469 propter
759 433 952 460 senectutem
965 432 1032 460 tum

252 482 317 505 non
337 477 470 516 amplius
493 478 633 509 functum
654 488 724 510 esse
740 479 794 519 (1).
817 479 1033 510 Tillemontius

251 530 270 553 e
291 524 392 554 verbis
415 525 540 556 Palladii
564 527 726 564 conclusit,
748 527 847 558 tribus
861 527 922 558 illis
941 528 1033 559 annis

251 573 365 613 elapsis
377 576 542 606 Macarium
563 577 676 608 obiisse
697 577 750 617 (2),
766 578 850 608 unde
864 587 948 609 mors
965 577 1032 609 eius

250 622 283 653 in
304 632 421 655 annum
449 625 505 656 395
529 627 664 664 caderet,
690 631 720 658 et
743 628 870 668 quidem
900 631 1033 659 testante

250 673 469 713 Martyrologio
489 675 521 706 in
535 677 573 707 IV
586 680 656 707 ante
667 678 746 708 Non.
757 679 927 715 Ianuarias,
936 679 1031 709 Grae-

251 723 295 753 cis
309 725 444 755 Menaeis
463 726 594 756 testibus
613 727 644 757 in
661 728 726 757 XIV
746 731 818 758 ante
834 727 1031 761 Calend.Fe-

251 771 390 804 bruarias
406 773 459 814 (3).
482 776 542 806 Sed
558 785 632 806 num
653 785 670 807 e
692 777 794 808 verbis
810 777 936 808 Palladii
955 777 1032 808 illud

251 826 335 854 recte
356 823 460 863 colligi
478 826 586 865 possit,
602 827 635 858 in
650 827 779 858 dubium
802 828 871 859 iure
891 831 1030 859 vocatur.

249 873 415 905 Macarium
439 876 522 906 enim
545 881 616 917 post
641 878 711 908 illos
729 881 790 909 tres
810 887 910 909 annos
929 879 1030 909 statim
1047 899 1069 929 Β

249 923 383 955 animam
401 925 521 958 efﬂasse
540 927 693 958 Palladius
712 937 774 959 non
794 928 879 965 dicit,
899 929 954 959 sed
970 928 1030 959 hoc

249 972 350 1003 solum
371 975 559 1006 :Macarium
579 977 763 1016 Aegyptium
782 986 864 1008 anno
884 980 955 1008 ante
973 977 1030 1008 ad—

249 1024 375 1051 ventum
391 1022 490 1062 ipsius
506 1024 537 1054 in
555 1025 755 1056 solitudinem
768 1029 927 1057 mortuum
946 1034 1029 1063 esse;

249 1078 321 1101 cum
336 1072 468 1104 Macario
482 1078 587 1105 autem
605 1075 823 1114 Alexandrino,
845 1076 1031 1108 Cellularum

249 1122 445 1162 presbytero,
457 1133 490 1155 se
504 1127 566 1156 tres
581 1134 680 1157 annos
690 1127 814 1158 vixisse.
826 1128 916 1165 Quid,
929 1128 954 1158 si
965 1129 1031 1158 Ma-

248 1171 350 1202 carius
369 1173 607 1213 Alexandrinus,
626 1177 680 1217 qui
698 1177 834 1209 Palladio
852 1182 931 1209 teste
944 1178 984 1219 (4)
998 1179 1032 1209 in

248 1221 345 1254 Nitria
364 1226 394 1254 et
413 1224 446 1255 in
466 1225 614 1258 interiore
635 1231 718 1259 vasta
740 1228 908 1260 solitudine
938 1229 1032 1260 cellas

248 1269 368 1309 habuit,
389 1277 460 1313 post
481 1274 552 1306 illos
571 1279 634 1307 tres
648 1286 748 1308 annos
766 1278 799 1309 in
812 1278 904 1309 aliam
922 1278 1033 1310 cellam

247 1321 346 1353 abiit?
363 1324 441 1360 Quid
459 1325 484 1355 si
503 1328 686 1365 congressui
702 1328 831 1359 fratrum
850 1329 979 1360 omnino
999 1326 1033 1360 se

248 1371 415 1403 subduxit?
430 1374 549 1419 Fateor,
568 1375 757 1408 Tillemontii
773 1378 960 1409 sententiam
977 1386 1031 1408 ve-

248 1419 409 1452 risimilem
426 1423 554 1462 quidem
573 1434 653 1464 esse,
676 1427 731 1458 sed
751 1431 866 1459 certam
886 1437 955 1459 eam
974 1436 1032 1459 ne-

249 1479 409 1510 quaquam
424 1472 567 1504 dixerim.

287 1520 352 1557 Sin,
360 1521 546 1554 Tillemontii
556 1525 737 1564 opinionem
743 1528 851 1565 secuti,
858 1529 1032 1568 statuimus,

247 1572 412 1604 Maearium
425 1573 664 1608 Alexandrinum
676 1586 783 1610 mense
795 1580 940 1612 Januario
960 1581 1034 1612 anni
1047 1569 1068 1598 (ί

249 1619 306 1651 395
322 1621 382 1653 vita
402 1622 584 1662 decessisse,
602 1627 736 1658 eundem
756 1631 828 1660 ante
843 1638 961 1661 annum
977 1630 1034 1662 295

249 1675 367 1710 natum,
376 1677 405 1704 et
411 1678 483 1706 ante
492 1684 609 1707 annum
624 1677 680 1708 335
687 1678 874 1718 baptizatum
886 1690 965 1719 esse,
974 1685 1035 1713 sta-

248 1724 371 1754 tuamus
378 1732 504 1756 necesse
515 1729 570 1757 est.
578 1727 654 1758 Nam
663 1728 799 1760 Palladio
805 1733 930 1762 auctore
936 1740 1036 1763 annos

248 1772 451 1812 quadraginta
462 1779 551 1807 natus
564 1777 751 1817 baptismum
762 1780 910 1820 suscepit,
923 1789 961 1812 ex
970 1790 1034 1821 quo

249 1822 358 1854 saltem
376 1825 535 1864 sexaginta
556 1836 656 1859 annos
677 1829 751 1860 vixit
767 1829 820 1870 (5).
840 1831 963 1862 Macarii
978 1831 1033 1863 illo

249 1872 288 1903 ad
303 1874 547 1907 Tabennesiotas
559 1877 670 1909 itinere
681 1879 861 1917 edocemur,
875 1888 946 1912 eum
959 1884 1033 1913 ante

248 1931 366 1954 annum
380 1924 448 1962 348,
465 1935 529 1966 quo
546 1927 732 1960 Pachomius
748 1929 830 1960 diem
850 1939 1032 1970 supremum

250 1974 328 2005 obiit
343 1974 397 2016 (6),
419 1977 473 2012 87
488 1986 601 2018 magna
617 1979 698 2011 vitae
717 1980 922 2014 monachicae
939 1981 1033 2014 laude

250 2023 410 2062 ﬂoruisse;
435 2027 552 2058 etenim
575 2028 762 2060 Pachomius
782 2029 811 2060 ei
829 2038 835 2059 :
855 2031 992 2061 «Multis
1005 2043 1031 2068 ι),

250 2073 363 2112 inquit,
387 2087 401 2102 (ι
413 2074 525 2107 abhinc
543 2079 633 2108 armis
653 2079 738 2118 cupii
751 2082 782 2110 te
799 2079 914 2116 videre,
935 2090 1033 2120 quum

288 2147 327 2182 (1)
342 2147 429 2175 Simili
445 2149 525 2176 modo
550 2148 682 2183 Ephraem
698 2150 753 2176 τὸν
768 2147 889 2184 ἧάυχον
902 2151 946 2178 ἀεὶ
964 2151 1033 2183 ἑξα-

250 2193 366 2227 cmi-urat
390 2194 463 2225 ,βίον
490 2195 602 2222 dicitur.
629 2195 699 2223 Hist.
735 2196 816 2223 Laus.
848 2196 894 2223 ed.
930 2196 1031 2225 Meurs.

251 2245 312 2274 cap.
325 2239 370 2266 101
388 2238 456 2274 Opp.
473 2239 572 2268 Meurs.
591 2241 609 2268 Ι.
625 2241 643 2269 l.
661 2249 688 2276 p.
702 2242 764 2269 572.

288 2285 326 2321 (Ξ)
346 2285 492 2313 Tillemont
513 2287 657 2316 Mémoires
677 2288 721 2316 ed.
749 2288 891 2316 Bruxelles
919 2287 951 2315 Τ.
974 2288 1031 2316 νιιι

252 2330 284 2358 P.
302 2330 334 2358 ιιι
348 2339 374 2366 p.
395 2331 472 2360 107s.

287 2378 326 2412 (5)
346 2376 390 2404 Cf.
409 2377 478 2404 infra
492 2377 581 2413 Caput
597 2378 664 2406 VIII.

288 2423 325 2457 (4)
347 2423 434 2458 Supra
451 2431 476 2458 p.
491 2423 534 2450 69.

287 2466 326 2502 (5)
355 2466 398 2494 Cf.
413 2475 494 2501 supra
516 2465 529 2501 ξ
545 2466 578 2494 19
590 2475 615 2501 p.
629 2466 664 2493 75
683 2475 743 2502 sqq.

289 2512 327 2546 (ti)
346 2512 401 2538 AA.
416 2511 466 2538 ss.
485 2512 552 2540 Boll.
571 2512 622 2540 Mai
637 2512 668 2539 1‘.
696 2513 728 2540 ιιι
753 2522 780 2548 ρ.
807 2512 860 2540 290
885 2521 970 2550 sqq..
994 2514 1032 2542 cr.

254 2557 402 2585 Tillemont
428 2558 571 2587 Mémoires
592 2559 636 2587 ed.
656 2558 739 2586 Brux.
771 2558 804 2588 Τ.
833 2559 875 2586 VII
894 2559 925 2587 P.
946 2559 979 2587 Ill
1006 2569 1032 2596 p.

253 2605 333 2632 1255.

291 2650 328 2684 (7)
348 2649 392 2678 Cf.
406 2657 487 2684 supra
502 2658 528 2685 p.
543 2650 588 2677 71.

290 2692 329 2727 (8)
349 2692 418 2721 Bibl.
434 2693 529 2721 Graec.
559 2692 604 2721 ed.
622 2692 740 2720 Harless.
753 2692 787 2719 Τ.
807 2691 863 2719 VIII
886 2694 1033 2729 Hamhurg.

255 2739 334 2769 1802.
347 2739 385 2770 ι’.
403 2747 428 2774 p.
441 2739 494 2767 565
505 2747 528 2766 s.
539 2747 565 2766 ν.
575 2738 712 2766 Macarius
726 2739 814 2765 iunior
827 2739 1034 2766 Alexandrinus.

290 2784 328 2818 (9)
345 2783 457 2819 Scriplt.
467 2785 566 2812 eccles.
579 2783 650 2812 Hist.
661 2783 713 2811 litt.
724 2791 781 2811 s.v.
793 2783 1033 2817 Macariusjunior.

289 2830 346 2865 (10)
370 2830 523 2858 Comment.
534 2831 568 2859 de
588 2829 704 2867 Scriptt.
721 2830 820 2861 eccles.
839 2836 864 2856 ε.
880 2837 907 2857 v.
922 2828 1036 2856 Macarii

255 2880 308 2907 νει
322 2876 452 2905 munncln'.

1082 276 1270 316 baptizatum
1285 285 1353 307 esse
1365 285 1437 308 eum
1452 284 1545 315 aegre
1565 273 1745 306 credideris.

1121 325 1279 356 Fabricius
1300 325 1353 366 (8),
1381 327 1496 357 Caveus
1523 324 1586 366 (9),
1620 323 1760 354 Oudinus
1782 321 1862 361 (10),

1082 374 1121 406 de
1137 375 1243 406 Nessel
1259 375 1332 416 (11).
1346 376 1458 407 Pritius
1470 375 1530 416 (12)
1547 374 1654 406 nescio
1666 373 1780 413 quibus
1794 371 1865 402 fulti

1082 425 1255 456 rationibus
1272 425 1408 463 tradunt,
1432 426 1600 456 Macarium
1621 423 1864 455 Alexandrinum

1082 483 1166 505 anno
1189 474 1245 505 404
1263 483 1281 505 e
1298 475 1360 505 vita
1383 474 1565 506 decessisse.
1589 473 1650 505 Sed
1668 473 1718 503 vix
1734 471 1863 503 dubium

1083 528 1140 562 est,
1161 525 1238 565 quin
1256 525 1291 556 in
1313 534 1384 556 eum
1405 533 1541 556 errorem
1560 525 1633 556 ideo
1650 522 1770 554 inducti
1789 521 1862 558 sint,

1082 575 1167 614 quod
1179 575 1212 605 in
1225 578 1310 606 textu
1323 584 1433 614 graeco
1449 575 1574 606 Meursii
1586 574 1658 615 (13),
1673 575 1706 604 in
1719 573 1863 604 versione

1081 625 1206 656 Herveti
1230 625 1288 666 (11)
1314 630 1408 665 atque
1430 625 1464 656 in
1486 625 1632 656 Paradiso
1655 623 1714 665 (15)
1737 623 1862 661 legitur,

1081 676 1248 707 Macarium
1259 675 1501 706 Alexandrinum
1510 676 1642 706 Macario
1655 673 1806 713 Aegyptio
1818 672 1865 702 iu-

1082 726 1204 757 niorem
1214 726 1319 756 fuisse.
1334 726 1369 756 Id
1384 735 1456 757 vero
1468 727 1494 757 si
1508 726 1628 762 fuisset,
1645 734 1715 756 eum
1728 727 1797 764 post
1811 731 1866 754 an-

1082 785 1156 806 num
1177 776 1231 806 300
1259 780 1377 813 natum,
1405 779 1477 816 post
1505 784 1623 807 annum
1651 774 1707 805 340
1726 773 1864 814 baptiza-

1083 829 1147 856 tum
1177 834 1257 863 esse,
1283 829 1314 856 et
1344 829 1415 857 ante
1438 834 1556 857 annum
1578 825 1633 856 348
1658 827 1775 856 tantam
1801 823 1864 853 vir-

1081 876 1155 907 tutis
1168 876 1282 907 famam
1296 875 1401 906 multis
1416 875 1529 907 abhinc
1539 876 1630 906 armis
1648 875 1792 906 habuisse
1806 882 1863 905 nc-

1083 935 1169 958 ccsse
1182 930 1274 964 esset,
1291 927 1377 967 quod
1390 935 1408 958 a
1423 925 1692 957 verisimilitudine
1703 925 1796 965 plane
1807 923 1864 954 ab-

1081 977 1199 1008 horret.
1225 976 1305 1007 Illud
1320 985 1406 1013 vero,
1436 977 1605 1008 Macarium
1623 974 1865 1006 Alexandrinum

1080 1028 1233 1068 Aegyptio
1248 1027 1400 1059 iuniorem
1417 1027 1522 1065 fuisse,
1538 1035 1643 1067 neque
1657 1026 1691 1056 in
1705 1025 1865 1057 codicibus

1080 1077 1386 1115 Vindobonensibus,
1408 1086 1513 1117 neque
1525 1077 1559 1108 in
1580 1076 1707 1116 antiqua
1720 1075 1865 1106 versione

1081 1127 1225 1159 habetur.
1253 1127 1469 1159 Tillemontius
1493 1127 1659 1159 Macarium
1682 1126 1864 1157 Alexandri-

1081 1186 1156 1208 num
1171 1180 1270 1209 aetate
1280 1177 1375 1208 fuisse
1390 1178 1544 1209 minorem
1554 1177 1626 1209 ideo
1636 1177 1764 1217 putavit,
1779 1176 1866 1217 quod

1081 1227 1250 1268 scriptores
1265 1236 1337 1258 eum
1352 1236 1477 1268 semper
1497 1233 1566 1268 post
1583 1228 1748 1258 Macarium
1768 1229 1867 1267 Aegy-

1082 1279 1182 1319 ptium
1197 1279 1510 1310 commemoraverint
1527 1278 1598 1319 (16).
1619 1280 1697 1310 Rem
1717 1280 1865 1310 Sozome-

1082 1337 1142 1359 nus
1155 1327 1301 1369 explicat,
1322 1329 1389 1369 qui,
1411 1332 1578 1369 postquam
1594 1329 1633 1360 de
1652 1329 1783 1360 Macario
1804 1330 1866 1360 Ae—

1083 1379 1190 1418 gyptio
1204 1378 1372 1418 disputavit
1384 1387 1391 1409 :
1409 1390 1423 1406 α
1436 1379 1587 1410 Macarius
1600 1390 1627 1416 »,
1641 1378 1753 1418 inquit,
1769 1390 1783 1406 α
1799 1378 1868 1409 Ale-

1082 1429 1253 1459 xandrinus
1287 1428 1386 1459 serius
1419 1428 1547 1468 quidem
1575 1429 1739 1468 presbyter
1768 1427 1868 1459 factus

1084 1478 1241 1518 est»(17).
1261 1480 1362 1518 Atque
1385 1478 1479 1509 etiam
1501 1478 1666 1508 verisimile
1687 1481 1744 1515 est,
1764 1479 1867 1509 Maca-

1083 1529 1164 1560 rium
1186 1529 1242 1565 88
1263 1528 1508 1560 Alexandrinum
1527 1532 1598 1568 post
1620 1528 1786 1559 Macarium
1806 1530 1868 1559 Ae-

1086 1579 1228 1619 gyptium
1251 1578 1440 1609 monachum
1458 1577 1574 1609 factum
1593 1586 1672 1608 esse.
1700 1577 1869 1608 Macarium

1088 1638 1160 1660 vero
1181 1629 1424 1660 Alexandrinum
1444 1628 1596 1668 Aegyptio
1622 1631 1696 1658 natu
1714 1628 1869 1659 minorem

1087 1680 1194 1717 fuisse,
1218 1681 1280 1711 iam
1305 1680 1388 1720 apud
1407 1680 1586 1711 Makrizium
1603 1679 1679 1717 legis
1699 1677 1773 1718 (18).
1789 1679 1866 1716 Nec,

1088 1730 1172 1761 unde
1189 1738 1277 1761 error
1290 1730 1323 1761 in
1344 1730 1397 1761 illa
1411 1729 1564 1760 Historiae
1581 1728 1747 1759 Lausiacae
1760 1736 1868 1758 exem-

1087 1781 1185 1821 plaria
1210 1781 1382 1821 irrepserit,
1410 1783 1496 1812 certo
1516 1779 1640 1810 dixeris.
1670 1778 1744 1815 Quia
1762 1783 1866 1808 autem

1085 1831 1294 1862 Sozomenum
1304 1839 1352 1867 ea,
1364 1838 1445 1870 quae
1455 1829 1495 1860 de
1506 1828 1645 1860 Macariis
1654 1827 1759 1864 habet,
1771 1835 1788 1857 e
1796 1825 1866 1856 Pal-

1084 1881 1160 1912 ladii
1178 1881 1315 1913 Historia
1332 1881 1481 1912 Lausiaca
1498 1880 1684 1920 compilasse
1703 1877 1866 1909 manifesto

1083 1935 1180 1972 patet,
1189 1931 1615 1967 additamentum,Macarium
1627 1928 1869 1960 Alexandrinum

1084 1982 1183 2013 serius
1194 1981 1411 2021 presbyterum
1421 1988 1489 2010 esse
1499 1979 1692 2016 factum,iam
1704 1977 1870 2008 Sozomeni

1086 2036 1226 2072 tempore
1242 2032 1275 2062 in
1294 2030 1441 2060 Lausiaca
1456 2029 1610 2059 exstitisse
1625 2027 1788 2068 probabile
1810 2031 1866 2057 est.

1125 2084 1138 2120 ᾗ
1153 2082 1200 2112 22.
1227 2080 1288 2112 Sed
1307 2080 1346 2111 ad
1366 2078 1560 2110 narrationes
1577 2078 1661 2118 ipsas
1677 2077 1716 2109 de
1734 2077 1868 2109 Macario

1120 2152 1176 2186 (11)
1198 2150 1338 2186 Supplem.
1359 2149 1511 2177 Comment.
1527 2147 1655 2176 Lambec.
1669 2147 1784 2175 Vindob.
1799 2147 1868 2175 1690

1089 2196 1121 2224 T.
1139 2196 1160 2224 ll
1183 2196 1209 2223 in
1222 2196 1312 2223 indice
1327 2194 1500 2230 alphabetico
1515 2202 1540 2221 s.
1556 2202 1583 2221 v.
1598 2193 1735 2220 Macarius
1747 2194 1850 2228 junior.

1049 2230 1070 2257 θ
1120 2241 1176 2277 (12)
1191 2241 1219 2269 S.
1235 2241 1344 2268 Macarii
1365 2239 1489 2275 Aegyptii
1502 2240 1605 2275 Opusc.
1626 2245 1654 2268 et
1667 2241 1867 2275 Apoplnhegm.

1087 2287 1161 2323 Lips.
1187 2288 1253 2315 1699
1268 2286 1360 2314 Praef.
1381 2285 1461 2322 §Vll.

1121 2335 1177 2368 (15)
1194 2333 1261 2368 Cap.
1275 2333 1311 2360 ‘20
1325 2332 1394 2367 Opp.
1411 2332 1512 2359 Meurs.
1525 2332 1544 2360 l.
1563 2331 1581 2358 1.
1601 2339 1627 2366 p.
1640 2331 1702 2358 389.

1121 2379 1273 2415 (11)Ibid.,
1298 2383 1326 2406 et
1350 2377 1407 2405 VV.
1434 2376 1484 2404 PP.
1501 2376 1593 2404 Rosw.
1609 2377 1656 2404 lib.
1676 2375 1732 2402 VIII
1756 2384 1816 2410 cap.
1835 2375 1868 2403 19

1086 2434 1113 2461 p.
1131 2425 1192 2457 719,
1213 2425 1241 2452 2.

1122 2473 1178 2506 (15)
1193 2470 1251 2499 VV.
1266 2470 1319 2498 PP.
1333 2469 1424 2497 Rosw.
1437 2476 1498 2503 cap.
1514 2467 1530 2495 6
1544 2475 1572 2503 p.
1584 2467 1646 2499 950,
1667 2468 1693 2494 1.

1121 2518 1213 2554 (16)‘I
1241 2517 1319 2544 Celui
1349 2513 1542 2542 d'Alexandrie
1560 2521 1575 2540 a
1602 2512 1644 2540 élé
1666 2517 1870 2548 apparemment

1090 2564 1246 2600 postérieur
1260 2563 1276 2590 ὲ
1288 2562 1357 2590 celui
1374 2561 1505 2596 d‘Egypte
1527 2559 1600 2586 aussi
1632 2559 1696 2586 bien
1710 2567 1780 2594 pour
1801 2559 1870 2587 l'cn-

1087 2609 1147 2637 trée
1174 2609 1244 2636 dans
1271 2607 1296 2635 la
1324 2606 1442 2635 solitude
1475 2612 1529 2640 que
1560 2611 1628 2638 pour
1658 2604 1682 2630 la
1712 2605 1868 2636 naissance,

1088 2655 1233 2690 puisqu'on
1245 2654 1270 2681 le
1284 2657 1339 2680 met
1356 2652 1484 2687 toujours
1499 2649 1581 2685 aprés
1594 2649 1700 2678 l‘autre.
1721 2660 1731 2677 ›
1755 2649 1869 2678 Mémoi-

1091 2710 1136 2729 res
1152 2701 1184 2728 Τ.
1197 2699 1255 2727 VIII
1267 2700 1297 2726 P.
1309 2699 1344 2726 III
1361 2707 1379 2734 p
1407 2698 1486 2726 1043.

1122 2747 1180 2783 (17)
1200 2747 1260 2774 Hist
1284 2746 1357 2774 Eccl.
1371 2746 1417 2773 lib.
1436 2745 1468 2772 Ill
1488 2753 1548 2780 cap.
1564 2745 1597 2771 11
1611 2743 1653 2770 ed.
1674 2743 1690 2769 1.
1710 2751 1736 2777 p.
1752 2741 1814 2769 516.

1129 2794 1185 2828 (18)
1201 2792 1310 2820 Macrizi
1323 2791 1488 2820 Geschichte
1498 2791 1547 2817 der
1561 2791 1666 2824 Copten
1682 2797 1706 2815 v.
1716 2787 1795 2815 Ferit.
1805 2786 1872 2815 Wﬁ-

1091 2839 1206 2868 slenfeld
1222 2839 1342 2875 Gétting.
1362 2838 1433 2866 1845
1448 2846 1475 2873 p.
1492 2837 1554 2864 110.
1579 2836 1640 2863 111.
