2060 3153
175 161 213 191 85
933 172 1047 204 VITAE.

1759 187 1794 216 86

176 223 387 256 Alexandrino
401 232 419 255 e
445 224 580 284 Historia
594 227 740 259 Lausiaca
759 231 895 270 prolatas
908 241 963 263 ve-
977 237 999 265 Α
1014 237 1140 276 sederit,
1154 239 1187 270 in
1200 240 1325 272 Herveti
1342 245 1373 273 et
1385 243 1418 274 in
1432 244 1558 284 antiqua
1572 245 1714 276 versione
1729 254 1794 278 non

177 275 311 307 uicinus.
330 275 463 311 Quarum
481 276 566 307 nulla
578 278 660 317 apud
672 278 766 310 alium
780 281 963 321 scriptorem

179 325 333 358 invenitur
349 329 473 365 praeter
487 327 586 359 solam
605 327 644 359 de
664 338 826 369 magorum
848 341 962 363 monu-

180 379 284 406 mento
307 384 325 406 a
347 377 482 408 Macario
499 377 709 410 Alexandrino
729 381 807 417 viso,
832 391 912 421 quae
930 383 964 414 in

181 424 257 455 libro
281 426 421 457 secundo
450 426 489 467 (1)
520 427 587 460 fere
610 428 671 460 hoc
696 431 790 461 modo
809 431 961 464 habetur:

178 477 345 507 Macarium
356 486 431 517 prae
446 479 558 509 ceteris
567 479 695 510 senibus
708 485 878 512 amatorem
892 491 963 513 ere-

176 526 217 556 mi
231 525 340 563 fuisse,
357 530 387 557 et
402 527 560 558 inaccessa
576 533 801 568 perscrutatum
816 540 885 562 esse
903 532 963 563 de-

176 579 268 606 serta.
289 576 463 616 Aliquando
481 586 553 608 eum
567 579 723 610 invenisse
738 580 842 611 locum
859 582 892 612 in
911 591 962 614 re-

175 625 356 656 motissimis
362 627 458 657 eremi
469 628 607 666 partibus
614 630 748 668 positum
755 632 963 672 omnibusque

176 674 268 706 bonis
280 675 446 715 repletum.
458 677 515 707 Ubi
523 677 602 709 duos
608 678 761 711 habitasse
771 681 893 720 fratres,
908 684 962 722 qui

178 729 308 765 propter
321 726 551 758 multitudinem
572 728 761 761 daemonum
776 731 820 762 ibi
843 732 962 771 degen-

178 775 267 812 tium,
277 785 318 806 ne
331 776 407 807 alios
413 785 450 808 eo
460 779 632 810 monachos
638 780 816 819 deduceret,
824 791 895 812 eum
905 783 962 813 ad-

179 827 367 857 monuerint.
384 828 662 866 Regressusautem
673 839 769 870 quum
781 832 965 871 Opportuni-

180 876 276 905 tatem
288 875 348 905 loci
362 875 506 906 fratribus
523 876 701 914 indicasset,
715 878 884 910 multorum
897 879 964 909 ani-

180 933 251 955 mos
272 925 478 957 inflammatos
504 935 585 964 esse,
609 927 664 958 sed
688 932 809 959 ceteros
827 929 960 960 dixisse:

182 985 195 1001 α
210 974 308 1005 Locus
327 974 385 1005 iste
404 975 430 1006 si
445 984 529 1012 vere,
552 979 588 1006 ut
605 975 747 1014 iactatur,
766 987 784 1008 a
801 978 910 1008 Iamne
932 981 964 1009 et

179 1024 314 1055 Mambre
324 1026 463 1056 consitus
478 1030 535 1063 est,
548 1035 612 1057 non
625 1026 707 1057 aliud
722 1027 761 1058 de
774 1036 812 1058 eo
829 1029 962 1059 creden-

179 1075 252 1106 dum
268 1079 325 1112 est,
342 1076 402 1107 nisi
415 1077 498 1116 quod
515 1077 630 1108 diaboli
642 1086 737 1117 opere
752 1079 790 1109 ad
805 1079 964 1119 deceptio-

178 1134 250 1157 nem
261 1129 398 1157 nostram
410 1132 613 1167 praeparatus
627 1128 675 1158 sit.
693 1128 724 1158 Si
735 1129 819 1159 enim
834 1138 917 1167 vere,
929 1134 963 1161 ut

177 1175 354 1215 perhibent,
380 1176 547 1208 deliciosus
567 1181 614 1208 est
635 1181 666 1208 et
689 1178 862 1216 abundans,
887 1180 962 1219 quid

177 1226 373 1265 sperabimus
390 1226 423 1257 in
447 1227 553 1257 futuro
572 1228 709 1265 saeculo,
730 1229 756 1259 si
773 1228 823 1260 hic
842 1229 963 1262 deliciis

177 1275 353 1307 fruimur?»
368 1277 483 1313 Quibus
497 1279 598 1310 verbis
609 1280 734 1311 tandem
743 1280 898 1312 ferventes
912 1281 962 1312 iu-

179 1334 293 1357 venum
310 1327 431 1359 animos
447 1337 607 1368 repressos
627 1339 706 1361 esse.
732 1333 810 1362 Rem
829 1333 964 1374 scriptor

178 1373 249 1406 libri
270 1376 401 1408 secundi
422 1376 503 1408 fama
523 1382 703 1419 acceperat;
724 1389 797 1412 nam
815 1382 938 1422 scripsit
955 1391 962 1412 ε

180 1435 194 1450 α
207 1424 360 1456 Ferebant
372 1436 442 1458 eum
456 1432 625 1460 amatorem
637 1429 732 1461 fuisse
745 1454 752 1461 .
769 1455 776 1461 .
791 1455 798 1462 .
812 1455 819 1462 .
829 1440 836 1468 ;
847 1443 861 1459 υ
876 1435 963 1463 tum:

182 1484 195 1499 α
211 1473 266 1503 Ubi
283 1474 374 1505 etiam
385 1475 465 1506 duos
475 1476 585 1508 fratres
599 1478 754 1511 invenisse
764 1480 935 1519 ferebatur.
947 1492 961 1509 ιι

180 1524 323 1555 Fortasse
333 1525 424 1556 etiam
430 1526 511 1557 fama
522 1527 560 1558 de
569 1528 692 1560 duobus
702 1530 874 1567 monachis,
884 1539 964 1571 quos

179 1575 330 1605 Macarius
348 1577 519 1616 Aegyptius
532 1578 565 1608 in
584 1579 799 1611 remotissimis
819 1580 964 1611 solitudi-
978 1574 999 1602 (ἶ

180 1625 230 1657 nis
241 1626 380 1666 partibus
399 1628 501 1659 nudos
511 1629 696 1664 89invenit
709 1630 764 1669 (2),
782 1631 816 1661 in
826 1631 966 1662 indolem

181 1674 200 1702 t"
209 1675 251 1705 Jri
262 1676 392 1707 secundi
406 1678 590 1709 narrationis
600 1679 660 1711 vim
669 1679 806 1718 aliquam
815 1681 964 1712 exercuit.

219 1734 266 1766 Ad
294 1735 436 1766 ordinem
469 1736 595 1775 deinde,
621 1748 684 1778 quo
713 1740 907 1771 narrationes
934 1741 967 1771 in

183 1784 272 1815 editis
283 1787 511 1826 exemplaribus
523 1797 555 1819 se
568 1790 738 1829 excipiunt,
749 1791 833 1830 quod
846 1791 965 1829 attinet,

182 1835 344 1867 Paradisus
355 1839 385 1867 et
396 1837 495 1868 versio
509 1839 636 1878 antiqua
652 1848 701 1870 res
717 1841 829 1871 eodem
845 1841 967 1878 ordine,

183 1894 247 1925 quo
270 1888 394 1918 codices
416 1889 687 1927 Vindobonenses,
704 1895 846 1928 narrant;
871 1892 968 1923 altera

183 1937 215 1967 in
239 1937 300 1968 hoc
322 1938 389 1969 solo
413 1939 577 1980 discrepat,
595 1941 680 1980 quod
695 1941 785 1979 illud,
800 1944 968 1974 Macarium

183 1987 243 2018 sibi
266 1989 478 2028 proposuisse,
494 1994 529 2021 ut
551 1991 691 2031 quinque
714 1992 824 2023 diebus
846 1992 879 2023 in
900 1993 968 2024 solo

184 2037 247 2069 Deo
265 2042 402 2070 mentem
418 2040 577 2080 deﬁgerct,
594 2043 708 2074 omisit.
724 2043 819 2082 Magis
833 2047 936 2075 autem
951 2053 970 2074 ει

184 2089 343 2120 codicibus
357 2090 505 2122 differunt
517 2101 646 2131 graecae
661 2094 813 2125 editiones
828 2098 859 2125 et
874 2095 971 2126 inter~

184 2140 316 2178 pretatio
339 2141 474 2172 Herveti.
495 2143 530 2173 In
546 2143 661 2183 quibus
682 2143 721 2174 ab
744 2144 834 2175 initio
860 2145 970 2185 capitis

184 2192 317 2228 quatuor
328 2192 532 2230 narrationes,
540 2202 621 2233 quae
630 2194 663 2224 in
674 2193 835 2225 codicibus
843 2195 968 2232 desunt,

1014 287 1121 319 culicis
1139 289 1238 327 elisio,
1258 291 1313 322 sed
1335 293 1460 332 spiritus
1479 293 1693 326 fornicationis
1711 296 1794 327 indi-

1014 342 1110 369 catur.
1134 340 1169 370 In
1192 340 1307 380 quibus
1329 341 1406 374 haec
1430 343 1529 382 legis:
1547 356 1561 372 α
1576 345 1609 375 Ei
1626 345 1794 385 aliquando

1013 389 1187 420 molestiam
1211 391 1352 422 exhibuit
1374 393 1499 432 spiritus
1521 393 1748 433 fornicationis,
1764 399 1796 426 et

1014 442 1088 470 tunc
1103 440 1319 472 condemnavit
1333 443 1470 482 seipsum
1485 444 1593 476 sedere
1606 445 1723 476 nudum
1739 455 1796 476 sex

1014 498 1137 521 menses
1151 490 1184 521 in
1198 491 1310 531 palude
1325 493 1422 524 Sectis
1435 516 1442 523 .
1457 517 1464 523 .
1478 517 1484 523 .
1500 505 1514 521 ιι
1530 494 1582 533 (3).
1605 496 1700 531 Quam
1720 504 1795 527 eau-

1013 548 1078 570 sam
1094 539 1201 571 falsam
1215 550 1283 572 esse
1297 542 1439 574 existimo
1454 546 1484 573 et
1496 543 1571 574 inde
1587 545 1697 581 ﬁctam,
1709 545 1796 585 quod

1012 590 1088 621 talis
1096 599 1197 631 poena
1215 592 1273 623 soli
1292 593 1401 623 ultioni
1420 593 1527 624 culicis
1548 595 1713 633 pungentis
1731 604 1796 626 non

1014 649 1150 679 congrua
1165 642 1227 672 visa
1243 642 1291 673 sit.
1306 643 1414 673 Versio
1428 644 1553 674 Herveti
1568 644 1703 675 Macario
1722 653 1798 684 qua-

1013 693 1085 720 tuor
1098 690 1203 720 tribuit
1218 691 1344 722 cellulas
1356 691 1388 722 in
1409 693 1509 728 Seete,
1526 693 1632 731 Libya,
1648 692 1750 723 Celliis
1765 696 1796 724 et

1013 742 1119 769 monte
1133 739 1246 770 Nitriae
1261 740 1344 771 sitas.
1357 741 1415 771 Sed
1427 741 1520 772 Cellia
1534 742 1573 772 ad
1586 742 1713 781 Libyam
1728 751 1798 782 per-

1013 789 1182 827 tinuerunt,
1215 799 1318 830 neque
1351 792 1476 823 codices
1509 800 1613 831 neque
1644 792 1797 823 editiones

1014 842 1198 880 ceteraeque
1209 841 1367 872 versiones
1381 841 1450 881 plus
1462 841 1560 872 tribus
1576 842 1698 872 Macarii
1711 841 1798 873 cellis

1014 893 1140 920 norunt.
1156 891 1286 929 Antiqua
1303 891 1403 921 versio
1411 900 1474 922 non
1495 892 1599 928 habet,
1615 892 1796 929 Macarium,

1013 948 1110 979 quum
1124 940 1364 979 cogitationibus
1379 950 1475 972 vanae
1491 942 1607 981 gloriae
1622 945 1795 979 vexaretur,

1012 997 1106 1019 arena
1128 989 1265 1020 humeris
1286 990 1432 1030 imposita
1453 1000 1593 1022 eremum
1612 993 1797 1031 pervasisse,

1012 1039 1067 1070 sed
1087 1049 1094 1070 :
1116 1052 1129 1068 «
1148 1040 1197 1071 Sic
1222 1050 1308 1080 ergo,
1326 1054 1339 1069 »
1355 1042 1468 1082 inquit,
1485 1054 1499 1071 «
1517 1043 1611 1074 iacuit
1631 1052 1733 1082 usque
1759 1043 1799 1074 ad

1012 1099 1189 1130 vesperam;
1202 1092 1402 1131 postmodum
1417 1093 1550 1123 surrexit
1561 1093 1598 1123 ad
1614 1096 1799 1123 consuetum

1013 1148 1093 1180 opus
1117 1141 1239 1172 Domini
1257 1154 1271 1170 ν
1288 1142 1340 1182 (4).
1357 1143 1495 1182 Denique
1518 1143 1551 1173 in
1573 1143 1698 1173 Herveti
1718 1146 1748 1173 et
1765 1142 1800 1173 in

1012 1189 1140 1230 antiqua
1171 1191 1326 1228 versione,
1356 1195 1522 1232 postquam
1556 1195 1714 1222 narratum
1741 1195 1798 1226 est.

1013 1239 1183 1271 daemones
1197 1249 1215 1271 e
1231 1245 1436 1271 monumento
1448 1253 1461 1268 «
1475 1242 1574 1271 Janne
1588 1244 1619 1272 et
1632 1241 1769 1271 Mambre
1784 1252 1799 1269 ι

1012 1298 1174 1329 magorum
1184 1299 1325 1329 egressos
1333 1299 1350 1321 a
1360 1291 1492 1322 Macario
1501 1291 1625 1330 fugatos
1636 1299 1715 1327 esse,
1723 1290 1801 1322 haec

1012 1339 1192 1371 adduntur:
1208 1352 1222 1368 α
1238 1340 1436 1379 Ingrediente
1455 1344 1557 1371 autem
1578 1349 1616 1371 eo
1637 1340 1800 1379 [Macario]

1012 1389 1045 1420 in
1055 1390 1232 1429 paradisum
1245 1391 1273 1421 ei
1284 1391 1419 1421 occurrit
1427 1389 1569 1421 diabolus
1578 1391 1633 1425 90
1643 1399 1714 1421 cum
1728 1390 1802 1421 strio

1014 1443 1062 1471 cta
1069 1439 1272 1480 rhomphaea,
1284 1440 1313 1471 ei
1323 1440 1480 1470 minitans.
1493 1440 1538 1470 Ad
1553 1449 1647 1479 quem
1660 1440 1740 1471 hanc
1750 1448 1804 1471 vo-

1014 1498 1083 1520 cem
1097 1489 1259 1530 respondit
1274 1493 1398 1520 sanctus
1413 1489 1562 1520 Macarius
1580 1499 1586 1520 :
1602 1491 1647 1520 Tu
1660 1490 1746 1520 venis
1762 1489 1803 1521 ad

1014 1547 1066 1569 me
1088 1538 1121 1569 in
1144 1538 1249 1570 stricta
1273 1538 1476 1578 rhompbaea,
1499 1542 1530 1569 et
1558 1547 1617 1580 ego
1641 1543 1749 1570 contra
1771 1543 1803 1571 te

1015 1588 1174 1628 ingrediar
1186 1589 1220 1619 in
1234 1589 1363 1619 nomine
1379 1589 1503 1620 Domini
1521 1589 1669 1626 Sabaoth,
1683 1589 1717 1620 in
1736 1590 1804 1621 acie

1016 1639 1072 1670 Dei
1085 1639 1180 1670 Israel
1196 1639 1249 1679 (5).
1268 1650 1282 1666 in

1055 1691 1092 1720 Et
1105 1685 1182 1720 haec
1198 1689 1325 1728 quidem
1341 1692 1423 1725 sunt,
1435 1688 1549 1728 quibus
1564 1688 1718 1719 editiones
1732 1696 1804 1718 ver-

1017 1739 1185 1779 sionesque
1213 1739 1368 1770 Historiae
1403 1738 1569 1769 Lausiacae
1597 1746 1614 1769 a
1642 1737 1805 1768 codicibus

1018 1790 1176 1820 dilferunt.
1191 1790 1258 1819 Hoc
1272 1789 1373 1820 solum
1388 1788 1519 1825 accedit,
1536 1787 1622 1829 quod
1637 1787 1670 1818 in
1690 1787 1804 1818 editio-

1018 1840 1110 1870 nibus
1130 1839 1248 1878 graecis
1263 1842 1293 1869 et
1308 1839 1341 1869 in
1358 1839 1501 1871 versione
1521 1837 1647 1868 Herveti
1662 1838 1804 1875 traditur,

1018 1890 1184 1921 Maearium
1228 1889 1472 1921 Alexandrinum
1520 1888 1650 1918 bellaria
1694 1887 1804 1918 vendi-

1019 1940 1099 1970 disse
1116 1939 1167 1980 (ὓ).
1187 1939 1246 1970 Ubi
1266 1939 1300 1969 in
1324 1939 1470 1969 Paradiso
1493 1938 1626 1968 habetur
1644 1946 1650 1967 :
1669 1949 1683 1965 ‹‹
1701 1937 1805 1977 Nego-

1019 1991 1116 2020 ιίαιον
1137 1994 1222 2028 erat,
1240 2002 1255 2018 »
1279 1989 1380 2028 glossa
1401 1989 1435 2019 in
1459 1989 1599 2028 margine
1623 1988 1777 2027 adscripta
1797 1995 1805 2017 :

1021 2052 1035 2069 ‹‹
1053 2042 1109 2071 Ms.
1124 2040 1208 2071 addit
1224 2049 1230 2070 :
1247 2040 1301 2080 qui
1316 2048 1408 2079 poma
1422 2038 1469 2068 vel
1484 2038 1641 2079 legumina
1656 2047 1807 2078 nucesque

1019 2089 1170 2121 vendebat
1187 2102 1201 2118 »
1217 2091 1269 2130 (7).
1284 2091 1368 2126 Quae
1392 2088 1514 2128 glussae
1537 2089 1631 2119 verba
1654 2088 1748 2119 etiam
1773 2087 1806 2119 in

1019 2139 1136 2170 codicis
1148 2138 1329 2179 pervetusti,
1339 2147 1433 2178 quem
1445 2138 1563 2168 Romae
1574 2137 1606 2168 in
1618 2136 1807 2167 bibliotheca

1020 2190 1200 2221 monasterii
1227 2189 1459 2220 Yerusalemme
1482 2188 1515 2218 in
1543 2189 1640 2219 Croce
1663 2187 1726 2218 adii
1751 2186 1806 2227 (8),

184 2238 495 2282 inveniuntur,atque
506 2243 654 2275 cellarum
664 2244 789 2275 Macarii
802 2254 966 2276 enumera-

1019 2242 1105 2270 textu
1119 2238 1275 2279 leguntur.
1289 2238 1422 2278 Antiqua
1441 2237 1579 2277 denique
1599 2236 1701 2268 versio
1724 2237 1806 2267 Ros-

185 2290 228 2320 tio
246 2291 435 2331 virginisque
451 2292 670 2324 Thessalonica
685 2293 836 2325 oriundae
849 2293 967 2325 sanatio

186 2343 256 2379 post
274 2339 435 2371 historiam
453 2341 585 2372 infelicis
601 2342 782 2380 sacerdotis,
797 2343 852 2382 qui
867 2342 968 2375 forni-

186 2398 259 2422 cans
273 2399 361 2422 sacra
378 2390 508 2428 obierat,
522 2391 679 2432 leguntur.

224 2439 269 2470 Ad
292 2449 342 2470 res
363 2439 500 2479 denique
522 2441 607 2480 quod
630 2444 759 2481 spectat,
785 2449 888 2478 causa,
913 2450 970 2472 cur

185 2489 335 2521 Macarius
353 2498 409 2521 sex
429 2498 553 2521 menses
571 2491 673 2522 nudus
690 2491 723 2522 in
742 2491 856 2532 palude
869 2491 966 2524 Scetis
982 2503 994 2518 ς

225 2616 340 2653 (I)Cap.
356 2617 402 2649 29,
421 2616 480 2645 νγ.
495 2616 547 2644 PP.
563 2616 655 2645 Rosw.
672 2625 699 2652 p.
716 2617 780 2649 480,
794 2617 812 2644 2
823 2624 884 2652 sqq.

221 2663 260 2698 t2)
277 2662 334 2691 νγ.
346 2662 399 2690 PP.
424 2662 517 2690 Rosw.
534 2663 582 2690 lib.
604 2661 637 2689 Vl
664 2662 747 2689 libell.
765 2662 792 2694 '5,
806 2662 841 2695 4;
859 2660 970 2696 Apoph-

187 2708 289 2743 thegm.
305 2716 329 2736 s.
342 2716 369 2736 ν.
384 2707 519 2736 Macarius
528 2708 668 2744 Aegyptius
683 2704 746 2743 §ll;
761 2708 879 2735 Coteler.
895 2707 970 2735 Eccl.

185 2754 283 2783 Graec.
298 2754 370 2782 Lion.
386 2753 419 2783 T.
438 2754 447 2782 l
461 2763 488 2789 p.
502 2754 554 2782 526
571 2762 632 2789 sqq.
642 2754 685 2781 Cf.
702 2754 771 2781 intra
787 2754 875 2789 Caput
889 2753 934 2781 γι.

219 2799 257 2834 (ὅ)
273 2798 330 2826 νν.
355 2798 408 2826 PP.
426 2799 518 2828 Rosw.
536 2807 563 2835 p.
582 2799 643 2832 722,
660 2799 686 2826 L
702 2800 765 2831 992.
783 2800 809 2827 Ι.

223 2846 264 2879 ιι)
275 2845 342 2881 Cap.
354 2846 398 2879 10,
408 2846 464 2874 νγ.
481 2847 533 2874 PP.
547 2846 747 2882 [ωενιφῶοῶ
760 2847 788 2874 2.

224 2893 261 2929 (5)
286 2891 395 2921 Herveti
427 2893 516 2922 versio
554 2902 615 2931 cap.
650 2893 695 2926 20,
717 2893 773 2922 νγ.
799 2892 850 2921 PP.
875 2893 968 2923 Rosw.

1021 2289 1188 2321 weidianae
1217 2289 1411 2320 collectionis
1436 2288 1532 2325 idem,
1557 2287 1642 2328 quod
1678 2294 1807 2326 graecus

1021 2343 1124 2372 textus
1138 2343 1168 2371 et
1182 2339 1307 2371 Herveti
1326 2339 1440 2376 versio,
1460 2338 1601 2379 profert:
1622 2348 1636 2365 α
1654 2336 1807 2368 Grutaria

1020 2391 1154 2421 vendens
1171 2390 1223 2430 (9).
1239 2401 1253 2417 io
1267 2389 1326 2421 Sed
1343 2397 1447 2429 neque
1464 2388 1624 2420 codicibus
1643 2385 1805 2416 Vindobo-

1021 2441 1171 2473 nensibus
1182 2448 1285 2479 neque
1296 2439 1408 2471 ceteris
1419 2439 1554 2479 antiquis
1564 2436 1713 2472 fontibus,
1725 2443 1806 2474 quos

1020 2489 1434 2527 examinabimus,eiusmodi
1439 2488 1608 2532 quidquam
1615 2485 1802 2517 continetur.

1019 2623 1047 2651 p.
1062 2614 1126 2647 722,
1138 2614 1167 2642 2.
1183 2614 1304 2650 Antiqua
1315 2613 1407 2642 versio
1419 2620 1480 2648 cap.
1499 2612 1544 2643 10,
1565 2610 1632 2639 ibid.
1646 2617 1673 2645 p.
1693 2609 1756 2643 992,
1776 2609 1803 2638 Ι.

1057 2661 1095 2697 (6)
1132 2661 1306 2696 Τρατήματα
1335 2659 1513 2693 πιπράσκων
1544 2656 1615 2684 Hist.
1644 2656 1726 2684 Laus.
1756 2656 1801 2684 ed.

1020 2706 1120 2735 Meurs.
1130 2713 1191 2742 cap.
1211 2706 1248 2734 20
1262 2706 1332 2741 Opp.
1351 2705 1454 2732 Meurs.
1478 2713 1506 2740 p.
1530 2703 1594 2730 389.
1616 2701 1714 2730 νει-δίο
1733 2701 1803 2729 Iler-

1019 2753 1072 2781 veli
1089 2752 1155 2780 ibid.
1170 2760 1197 2787 p.
1212 2752 1265 2780 590
1277 2756 1304 2779 et
1316 2750 1374 2779 νγ.
1388 2749 1440 2779 PP.
1459 2749 1551 2777 Rosw.
1568 2756 1596 2784 ι).
1610 2748 1672 2782 ⁵119,
1692 2747 1721 2775 2.

1058 2799 1097 2834 (7i
1122 2798 1188 2834 Cap.
1205 2798 1231 2831 6,
1248 2797 1304 2825 νγ.
1318 2797 1369 2825 PP.
1387 2795 1479 2824 Βοῦν.
1497 2804 1525 2831 p.
1538 2795 1603 2828 950,
1623 2795 1649 2822 ί.

1057 2845 1097 2880 (8)
1119 2844 1161 2872 Cf.
1183 2851 1264 2880 supra
1281 2851 1307 2878 p.
1326 2843 1370 2870 15.

1058 2892 1098 2927 (tv)
1112 2889 1179 2926 Cap.
1194 2890 1221 2918 9.
1241 2888 1297 2916 νγ.
1312 2888 1363 2917 ΡΡ.
1376 2887 1467 2917 Rosw.
1485 2894 1512 2922 p.
1528 2885 1591 2920 989,
1601 2886 1630 2914 2.
