2060 3153
237 129 271 158 87
653 127 704 156 SS.
721 127 950 156 MACABlORUM
965 128 1123 157 AEGYPTII
1144 129 1188 157 ET
1214 128 1451 158 ALEXANDRINI
1818 127 1853 156 83

238 187 305 218 Hoc
315 185 418 224 etiam,
430 186 513 226 quod
522 186 555 216 in
563 186 680 224 graecis
691 185 888 222 editionibus,
899 187 1023 218 Her-vati
1038 191 1059 219 Δ
1075 187 1169 225 olera,
1185 196 1266 228 quae
1283 191 1395 229 sponte
1411 188 1582 218 nascuntur
1597 186 1630 217 in
1643 188 1736 224 terra,
1751 194 1855 227 tie-pie

241 237 382 267 versione
408 241 438 267 et
462 237 496 267 in
524 236 668 267 Paradiso
696 236 838 274 habetur,
857 237 1023 268 Macarium

239 286 481 317 Alexandrinum
491 285 654 316 virtutibus
664 286 744 317 vitae
753 285 953 317 monachicae
964 287 1024 317 Ma-

241 337 323 367 cario
330 337 468 375 Aegypto
475 336 689 367 antecelluisse
694 334 718 378 (1
724 336 733 377 )
739 336 782 374 ,in
788 336 947 368 codicibus
952 336 1024 367 Vin-

241 386 693 418 dobonensibusetinversione
699 387 825 427 antiqua
831 386 1022 426 nonlegitur.

281 437 295 473 §
316 435 364 466 23.
389 435 432 466 Ad
451 436 588 476 singulas
607 440 711 468 autem
726 436 930 473 narrationes,
947 445 1024 476 quas

242 485 281 516 de
304 486 436 518 Macario
460 487 668 518 Alexandrino
692 496 709 518 e
730 487 877 517 Lausiaca
897 486 1025 517 Palladii

242 535 437 574 protulimus,
452 535 649 566 illustrandas
662 534 740 566 haec
753 534 1025 566 animadvertenda

243 587 327 616 sunt.

282 641 386 672 Primo
402 641 585 672 abstinentia
603 641 725 672 Macarii
739 640 938 672 Alexandrini
958 649 1025 672 ma-

244 698 384 730 gnopere
402 691 607 729 praedicatur.
624 691 682 727 Qui
699 700 791 722 usum
813 691 1025 722 Tabennesio-

245 743 345 771 tarum
361 750 418 780 per
434 745 529 772 totam
548 741 814 781 quadragesimam
834 741 930 772 coctis
949 741 1026 772 cibis

245 798 280 820 se
294 790 514 822 abstinentium
533 794 668 829 secutus,
683 794 804 831 septem
826 791 916 822 annis
936 790 1025 829 nihil,

246 839 332 878 quod
349 839 414 878 igni
433 840 591 872 admotum
612 843 704 879 esset,
720 840 866 879 comedit,
882 834 943 870 sed
961 840 1026 870 sola

246 889 341 919 cruda
357 889 442 920 olera
454 890 505 925 91
519 894 549 921 et
558 889 1025 930 legumina,siquaeforteinve-

246 937 353 975 uisset,
362 938 536 971 humectata
546 940 687 979 gustavit.
694 942 736 971 Ac
745 939 1025 979 quumaudivisset,

246 988 372 1020 fratrem
400 990 556 1030 quendam
586 991 698 1022 libram
730 990 819 1031 panis
848 989 1025 1026 comedere,

247 1038 438 1076 buccellatis,
449 1048 531 1080 quae
548 1040 667 1077 habuit,
680 1040 713 1070 in
727 1040 869 1079 lagenam
878 1038 1026 1069 immissis

246 1088 443 1120 solummodo
468 1093 599 1127 tantum,
621 1093 771 1130 quantum
800 1098 894 1120 manu
917 1089 1029 1120 efferre

247 1141 379 1176 poterat,
408 1139 554 1176 comedit,
580 1140 742 1179 tribusque
775 1139 865 1170 annis
895 1141 1030 1179 quatuor

247 1189 366 1218 tantum
379 1188 427 1218 vel
443 1189 583 1228 quinque
600 1190 762 1220 unciarum
784 1189 860 1220 cibis
876 1198 951 1220 usus
970 1191 1028 1219 est.

247 1236 313 1268 Olei
327 1241 431 1269 autem
445 1239 613 1270 sextarium
623 1248 706 1270 anno
719 1239 752 1270 in
764 1239 944 1271 alimentum
958 1248 1032 1271 con-

248 1287 390 1327 sumpsit.
409 1289 473 1319 Iam
486 1289 525 1320 ad
539 1288 649 1320 libram
663 1289 829 1320 duodecim
846 1289 958 1320 unciae
978 1298 1030 1320 re-

248 1335 345 1367 deunt
357 1336 408 1376 (2).
421 1339 462 1368 Ac
477 1343 577 1378 Ξέστης
590 1348 646 1369 seu
658 1338 827 1369 sextarium
840 1338 902 1370 olei
914 1339 1032 1370 duode‘

248 1385 356 1424 viginti
374 1386 439 1418 fere
452 1389 560 1419 uncias
574 1388 681 1419 habuit
692 1388 746 1428 (3).
766 1389 855 1420 Unde
875 1389 1033 1420 abstinen-

249 1435 323 1466 tiam
353 1437 476 1468 Macarii
507 1439 672 1469 maximam
703 1438 799 1469 fuisse
826 1441 956 1478 apparet
977 1439 1032 1479 (4).

249 1486 313 1516 Nec
324 1486 425 1517 solum
436 1488 506 1519 oleo
517 1497 608 1520 senes
620 1488 654 1518 in
667 1487 860 1526 alimentum,
872 1489 927 1520 sed
941 1492 1032 1520 etiam

1073 246 1199 277 panem,
1214 247 1272 269 nec
1291 238 1449 277 legumen,
1465 245 1568 276 neque
1584 244 1622 267 ex
1636 236 1787 268 fructibus
1803 245 1853 268 ar-

1073 288 1185 319 borum
1204 289 1386 328 quidquam,
1401 296 1507 328 ueque
1525 286 1654 318 omnino
1675 296 1724 324 ea,
1741 288 1855 328 quibus

1072 338 1138 377 igni
1154 338 1286 370 admotis
1299 338 1444 369 homines
1458 341 1637 377 vescuntur,
1654 338 1790 370 comedit
1800 338 1853 380 (9).

1073 389 1226 429 Serapion
1246 389 1408 420 Sindonita
1428 391 1553 428 praeter
1570 397 1684 429 panem
1699 392 1729 420 et
1742 398 1855 430 aquam

1073 438 1151 470 nihil
1165 440 1297 480 sumpsit
1308 438 1381 479 (10).
1396 439 1556 478 Evagrius,
1567 448 1606 470 ex
1619 448 1682 479 quo
1697 440 1730 471 in
1744 440 1854 472 solitu-

1074 488 1180 520 dinem
1190 489 1244 525 92
1255 489 1349 526 venit,
1359 497 1462 529 neque
1471 489 1623 520 lactucam
1635 490 1743 529 tetigit,
1752 499 1856 531 neque

1074 538 1229 569 minutum
1261 538 1342 575 olus,
1370 547 1430 570 nec
1460 538 1559 570 viride
1586 539 1769 579 quidquam,
1796 548 1856 571 nec

1073 587 1220 624 fructum,
1228 596 1287 619 nec
1297 596 1399 624 uvam,
1406 595 1464 619 nec
1474 588 1641 625 lavacrum,
1650 597 1708 619 nec
1718 597 1855 626 carnem,

1075 644 1134 668 nec
1154 646 1279 677 panem,
1290 646 1349 669 nec
1363 637 1480 674 vinum,
1497 646 1600 678 neque
1615 639 1743 669 omnino
1763 639 1856 678 quid-

1075 696 1172 727 quam
1185 696 1224 718 ex
1238 687 1287 725 iis,
1298 696 1378 727 quae
1392 695 1448 727 per
1460 687 1565 727 ignem
1580 692 1750 725 transeunt,
1765 697 1856 728 prae-

1075 740 1124 768 ter
1144 737 1297 776 quaedam
1317 737 1402 768 olera
1419 737 1514 768 cruda
1528 741 1559 768 et
1574 738 1731 768 modicum
1746 747 1856 777 aquae.

1076 786 1294 817 Sextodecimo
1321 790 1426 817 autem
1460 786 1640 818 huiusmodi
1667 788 1747 818 vitae
1775 796 1858 819 anno

1077 837 1175 876 quum
1190 840 1318 876 propter
1332 837 1473 877 corporis
1486 837 1701 877 stomachique
1714 837 1857 869 imbecil-

1076 885 1194 917 litatem
1206 894 1320 926 panem
1333 886 1460 926 quidem
1473 887 1634 926 tetigisset,
1650 890 1738 918 cocta
1754 890 1859 918 tamen

1077 935 1162 966 olera
1185 935 1225 966 ad
1250 939 1384 967 mortem
1411 944 1512 976 usque
1538 944 1603 967 non
1631 936 1761 976 gustavit
1785 936 1858 977 (ll).

1077 985 1275 1016 Philoromus
1301 985 1440 1026 denique
1467 987 1632 1026 presbyter
1658 987 1755 1018 coctis
1781 987 1859 1018 cibis

1077 1035 1289 1074 duodeviginti
1303 1036 1393 1067 annis
1407 1045 1441 1067 se
1456 1036 1603 1067 abstinuit
1616 1036 1688 1077 (12).

1115 1087 1266 1118 Macarius
1303 1087 1541 1124 Alexandrinus,
1568 1091 1603 1118 ut
1636 1088 1765 1119 omnino
1794 1096 1858 1120 non

1077 1137 1162 1168 vesci
1177 1137 1275 1177 cupiit
1289 1138 1376 1178 quod
1392 1141 1497 1169 tamen
1518 1137 1653 1169 humana
1671 1142 1779 1170 natura
1794 1147 1859 1170 non

1079 1187 1275 1225 admittebat,
1289 1186 1333 1219 ita
1346 1187 1439 1219 etiam
1453 1189 1487 1219 in
1497 1197 1608 1219 somno
1619 1189 1771 1220 vincendo
1784 1189 1860 1229 quid

1078 1239 1183 1277 posset
1199 1237 1334 1278 experiri
1348 1238 1463 1275 statuit,
1479 1239 1617 1278 totisque
1629 1239 1736 1278 viginti
1751 1239 1860 1271 diebus

1079 1286 1136 1317 sub
1149 1287 1239 1318 coelo
1254 1287 1372 1326 degens
1386 1288 1466 1318 nihil
1481 1289 1610 1320 omnino
1629 1288 1788 1326 dormivit;
1805 1289 1861 1320 sed

1079 1340 1273 1377 postremum
1287 1341 1416 1369 naturae
1430 1347 1502 1369 eum
1521 1338 1632 1369 cedere
1651 1347 1778 1370 necesse
1791 1338 1859 1369 fuit.

1080 1387 1211 1417 Noctem
1234 1395 1309 1418 vero
1340 1387 1521 1427 saepissime
1549 1387 1746 1427 pervigilasse
1773 1387 1861 1418 multi

1081 1444 1172 1468 senes
1195 1435 1349 1468 feruntur.
1373 1438 1418 1468 Ex
1440 1437 1554 1476 quibus
1580 1437 1763 1474 Dorotheus,
1779 1436 1863 1477 apud

1082 1494 1176 1525 quem
1209 1486 1364 1518 Palladius
1398 1487 1563 1518 Lausiacae
1595 1487 1730 1527 scriptor
1763 1495 1864 1527 prope

249 1535 289 1565 ad
305 1536 487 1574 unguendas
504 1541 535 1568 et
553 1537 737 1569 molliendas
755 1538 793 1569 ab
808 1546 904 1578 opere
923 1546 1033 1569 manus
1046 1546 1067 1574 ο
1085 1535 1300 1567 Alexandriam
1333 1536 1419 1573 vixit,
1449 1545 1467 1568 a
1501 1537 1659 1568 iuventute
1691 1545 1792 1576 usque
1825 1536 1866 1568 ad

251 1584 296 1614 uti
309 1585 451 1616 solebant
466 1585 526 1627 (5);
553 1595 571 1617 a
590 1595 653 1626 quo
672 1595 733 1617 usu
752 1586 814 1617 iam
835 1587 866 1617 S.
880 1586 1032 1618 Antonius

251 1641 285 1663 se
307 1634 454 1666 abstinuit
477 1636 530 1674 (6).
552 1637 595 1666 Ac
619 1636 715 1667 coctis
740 1636 818 1667 cibis
836 1636 923 1667 multi
941 1644 1032 1667 senes

251 1684 300 1714 usi
317 1693 381 1715 non
401 1694 470 1716 esse
491 1685 645 1718 dicuntur.
660 1686 705 1717 Ex
724 1686 837 1726 quibus
851 1687 1033 1717 Ammonius

250 1733 325 1764 inde
338 1743 355 1764 a
368 1734 526 1766 iuventute
538 1744 637 1775 usque
647 1735 686 1766 ad
695 1739 828 1766 mortem
841 1735 916 1767 solis
929 1736 1033 1767 crudis

252 1784 330 1815 cibis
348 1785 539 1823 vescebatur,
552 1794 610 1817 nec
626 1795 777 1826 unquam,
792 1785 876 1826 quod
893 1786 958 1826 igni
976 1785 1031 1816 ad-

252 1836 373 1864 motum
411 1838 509 1873 esset,
535 1835 671 1867 comedit
697 1840 821 1876 praeter
846 1844 960 1876 panem
978 1835 1031 1876 (7).

253 1884 376 1922 Moyses
401 1885 496 1916 abbas
520 1894 560 1916 ex
580 1885 701 1918 latrone
728 1887 900 1918 monachus
922 1886 1032 1924 factus,

254 1942 352 1973 quum
368 1934 538 1974 plurimum
559 1941 741 1977 operaretur
760 1941 791 1969 et
809 1938 1035 1979 quinquaginta

254 1983 411 2015 orationes
437 1985 577 2024 quotidie
602 1990 776 2026 perageret,
800 1987 877 2018 nihil
910 1991 1036 2027 praeter

255 2033 372 2064 siccum
400 2034 566 2066 duodecim
597 2037 758 2068 unciarum
797 2046 911 2077 panem
948 2046 1033 2068 sum-

255 2083 317 2125 psit
340 2083 394 2123 (8).
417 2085 529 2124 Apollo
555 2085 651 2116 abbas
678 2094 743 2117 non
770 2086 905 2126 amplius
941 2094 1034 2125 quam

1083 1589 1276 1617 senectutem
1301 1594 1462 1626 nunquam
1489 1590 1600 1626 sponte
1632 1586 1785 1623 dormivit,
1809 1586 1865 1617 sed

1084 1643 1148 1666 non
1171 1636 1231 1666 nisi
1252 1636 1334 1667 inter
1354 1636 1548 1676 operandum
1569 1635 1616 1666 vel
1637 1635 1866 1667 comedendum

1085 1683 1193 1715 oculos
1213 1693 1325 1715 somno
1348 1693 1458 1724 parum
1481 1685 1665 1716 connivebat
1680 1685 1752 1726 (13).
1769 1686 1866 1716 Porro

1085 1733 1232 1765 Arsenius
1246 1743 1339 1766 unam
1355 1735 1459 1766 somni
1472 1735 1580 1766 horam
1598 1739 1724 1766 strenuo
1743 1735 1864 1766 exerci-

1084 1783 1177 1814 tatori
1211 1783 1356 1816 sufﬁcere
1393 1785 1561 1826 perhibuit.
1586 1789 1679 1825 atque
1708 1785 1776 1825 ipse
1800 1788 1866 1817 tota

1086 1837 1178 1865 nocte
1201 1834 1382 1874 pervigilata
1406 1844 1498 1866 mane
1522 1844 1632 1875 parum
1658 1835 1770 1866 sedens
1791 1836 1865 1867 dor—

1085 1883 1172 1914 mivit
1187 1883 1259 1923 (14).
1282 1884 1313 1914 S.
1336 1885 1489 1915 Antonius
1514 1885 1650 1924 denique
1677 1888 1772 1916 totam
1793 1893 1866 1925 per-

1083 1941 1179 1972 saepe
1189 1937 1315 1964 noctem
1324 1933 1500 1964 insomnem
1512 1933 1678 1974 duxit(15).
1686 1935 1869 1974 Quanquam

1084 1990 1192 2013 senem
1227 1982 1365 2020 aliquem
1398 1990 1510 2012 somno
1544 1982 1600 2020 sic,
1628 1985 1663 2013 ut
1702 1984 1871 2016 Macarium

1084 2029 1340 2067 Alexandrinum,
1355 2031 1540 2061 abstinuisse
1555 2040 1620 2062 non
1633 2031 1751 2063 inveni.

1123 2085 1260 2117 Tertium
1276 2085 1412 2126 denique
1427 2095 1566 2119 summae
1588 2087 1712 2119 Macarii
1733 2089 1868 2121 Alexan-

290 2218 327 2254 (Ι)
348 2218 417 2246 Hist.
430 2218 512 2248 Laus.
543 2220 587 2248 ed.
605 2221 706 2249 Meurs.
727 2221 746 2248 l.
769 2222 785 2248 Ι.
804 2220 901 2248 Versin
924 2220 1032 2248 Herveti
1051 2212 1073 2240 D
1086 2221 1251 2259 Regularum
1266 2225 1309 2253 ed.
1322 2224 1392 2260 Aug.
1405 2223 1539 2254 Vindelic.
1552 2227 1621 2256 i759
1635 2227 1668 2256 Τ.
1683 2228 1692 2255 1
1705 2237 1731 2264 p.
1744 2229 1788 2262 51,
1811 2230 1838 2259 1.

257 2264 275 2292 1.
292 2265 309 2290 Ι.
325 2265 446 2292 Pai'udis.
467 2266 484 2291 Ι.
501 2266 516 2291 l.

291 2311 329 2345 (2)
348 2311 452 2337 Btlet'kll
465 2311 605 2346 liletrolog.
620 2310 870 2346 Untersuchungen
882 2311 951 2339 Berl.
967 2312 1034 2340 1858

255 2361 284 2390 p.
300 2354 351 2381 £60
365 2363 426 2390 sqq.

292 2399 330 2436 (5)
343 2400 409 2428 ibid.
425 2409 452 2437 p.
467 2402 500 2429 i7
511 2410 570 2438 sqq.
582 2401 624 2430 Ct“.
635 2401 821 2438 Steph.'l‘hes.
830 2410 855 2431 ε,
863 2411 906 2430 vv.
921 2402 1037 2438 Ξέστης

256 2449 284 2474 et
303 2447 424 2482 οὺτκια.

293 2492 331 2527 (ι)
363 2492 496 2528 Evagrius
518 2493 729 2529 quatuordecim
751 2495 831 2522 annis
844 2494 940 2522 libram
957 2495 1037 2530 panis

257 2538 378 2572 quotidie
393 2546 425 2566 ac
435 2540 517 2566 tribus
531 2541 664 2567 mensibus
676 2531 825 2568 sextarium
837 2541 890 2568 olei
906 2548 1037 2568 consum-

259 2584 324 2618 psit.
347 2583 418 2612 Hist.
445 2583 528 2615 Laus.
549 2586 593 2613 ed.
609 2585 710 2614 Meurs.
726 2594 788 2622 cap.
805 2587 839 2615 88
852 2587 921 2622 Opp.
934 2585 1036 2616 Meurs.

259 2628 278 2654 ι.
293 2629 310 2654 l.
323 2636 351 2663 p.
367 2628 429 2656 353.
443 2629 594 2659 Dorotliens
605 2638 687 2658 senex
700 2631 824 2666 quotidie
838 2640 884 2659 se:
894 2633 1034 2659 unciamm

259 2681 357 2708 panem
381 2675 498 2702 comedit
524 2683 556 2702 ac
585 2675 720 2703 modicum
741 2683 829 2711 aquae
856 2677 935 2704 bibit.
969 2677 1037 2705 lliid.

260 2725 321 2753 cap.
338 2718 356 2745 9
374 2726 402 2753 p.
428 2719 491 2748 349.
516 2720 608 2748 Abbas
626 2720 708 2754 Elias,
740 2728 822 2750 senex
843 2730 928 2757 quum
955 2727 1037 2756 esset,

260 2764 339 2788 (rium
359 2765 495 2791 unciurum
511 2772 607 2800 panem
620 2770 647 2793 et
660 2769 715 2793 tres
732 2766 808 2794 oleas
817 2767 937 2802 quotidie
949 2774 1039 2795 conie-

260 2808 309 2836 dit.
327 2808 394 2839 Ibid.
411 2817 437 2845 p.
451 2810 514 2839 495.

298 2855 336 2889 (5)
354 2854 455 2890 Regula
486 2856 516 2886 S.
533 2857 671 2887 Pacliomii
691 2867 751 2894 cap.
770 2858 849 2893 XCII,
866 2858 952 2887 llolst.
971 2859 1038 2887 Cod.

1121 2270 1158 2306 (ϐ)
1172 2270 1232 2297 Vita
1255 2270 1284 2298 S.
1302 2271 1416 2298 Antonii
1432 2280 1493 2307 cap.
1511 2273 1538 2305 7,
1558 2273 1586 2300 S.
1602 2273 1702 2301 Athan.
1725 2274 1794 2310 Opp.
1809 2275 1840 2303 T.
1855 2276 1866 2304 l

1087 2315 1117 2345 ι’.
1131 2315 1153 2343 ιι
1166 2325 1193 2352 p.
1204 2317 1267 2345 658.

1121 2364 1158 2399 (7)
1171 2363 1241 2391 Hist.
1252 2363 1334 2392 Laus.
1346 2364 1391 2392 ed.
1410 2364 1511 2393 Meurs.
1543 2372 1606 2400 cap.
1626 2366 1659 2393 Η
1673 2368 1741 2401 Upp.
1765 2365 1866 2394 Mcurs.

1089 2410 1108 2437 l.
1126 2410 1144 2437 l.
1158 2418 1184 2446 p.
1200 2409 1263 2438 577.

1126 2457 1164 2492 (8)
1176 2456 1244 2484 lbid.
1257 2463 1317 2491 cap.
1331 2456 1367 2484 ξιτ»
1379 2465 1405 2491 μ.
1423 2455 1487 2484 ιιθ.

1127 2500 1165 2537 (9)
1185 2500 1253 2528 Ibid.
1266 2509 1325 2536 cap.
1341 2501 1375 2528 53
1392 2509 1418 2536 p.
1433 2501 1497 2529 496.

1125 2547 1182 2582 (10)
1205 2547 1272 2574 Ibid.
1286 2555 1347 2583 cap.
1363 2547 1397 2575 84
1414 2555 1440 2583 p.
1455 2547 1517 2576 542.

1123 2593 1180 2627 (lt)
1200 2593 1267 2621 Ibid.
1277 2600 1338 2628 cap.
1355 2592 1388 2621 88
1401 2601 1428 2628 p.
1444 2593 1509 2622 555.

1122 2637 1188 2672 (12))
1199 2637 1268 2665 Ibid.
1279 2644 1342 2672 cap.
1358 2638 1410 2666 H3
1425 2638 1528 2674 p.581.

1123 2682 1179 2719 (ιδ)
1197 2683 1266 2711 ibid.
1281 2691 1343 2719 cap.
1359 2684 1377 2711 ε
1387 2692 1413 2719 p.
1434 2684 1497 2713 552.

1123 2731 1179 2767 (ιιι)
1191 2730 1248 2759 vv.
1257 2731 1308 2759 PP.
1324 2730 1417 2760 Rosw.
1426 2732 1474 2761 lib.
1485 2730 1508 2759 v
1519 2732 1602 2762 libell.
1615 2733 1643 2765 4.
1658 2733 1685 2761 2.
1699 2734 1726 2761 δ.

1089 2821 1110 2850 Ρ
1124 2776 1180 2849 (1'5)
1194 2775 1256 2849 Véta
1269 2776 1298 2805 S.
1311 2777 1423 2806 Antonii
1435 2785 1496 2814 cap.
1508 2778 1535 2812 7,
1553 2776 1583 2807 S.
1599 2779 1699 2807 Athan.
1718 2779 1787 2814 Opp.
1797 2775 1831 2807 Τ.
1856 2775 1868 2806 I

1112 2822 1148 2850 ,ι
1172 2830 1198 2850 ι).
1230 2822 1276 2850 58.

1112 2841 1120 2850 .
1137 2822 1158 2852 ιι
1172 2830 1198 2858 ρ.
1212 2822 1276 2850 658.
