2060 3153
190 189 225 217 89
948 183 980 212 Vl

1033 184 1064 214 E.
1769 189 1804 217 90

193 245 274 278 drini
287 245 513 277 exercitationis
523 247 740 284 argumentum
750 242 810 275 hoc
821 248 878 281 est,
890 244 976 284 quod
990 248 1013 275 Δ
1026 242 1145 274 veritati
1164 243 1311 274 resistant
1326 243 1380 283 (6).
1404 244 1487 280 Quae
1507 245 1640 284 apostoli
1658 245 1751 277 verba
1765 246 1805 277 ad

194 300 324 336 propter
338 294 436 326 solam
454 293 605 325 ultionem
619 293 726 324 culicis
740 293 908 333 pungentis
920 302 975 324 sex

194 353 318 375 menses
340 343 442 375 nudus
462 343 494 374 in
518 343 633 383 palude
655 342 761 374 Scetis'
777 343 866 374 sedit.
885 343 975 374 Unde

195 402 290 434 quum
305 397 482 431 reverterat,
498 402 516 424 a
531 393 680 424 culicibus
697 397 763 425 toto
783 402 915 434 corpore
932 393 976 424 ita

193 444 371 475 vulneratus
389 443 458 481 fuit,
474 447 509 474 ut
522 452 560 474 ex
575 443 640 474 sola
656 452 731 475 voce
744 446 975 482 agnosceretur,

194 499 225 526 et
239 494 444 534 elephantiasi
472 494 614 525 laborare
642 493 808 537 videretur.
833 494 878 523 Ita
904 501 976 524 vero

194 545 286 576 etiam
319 545 477 583 Evagrius,
502 544 556 583 qui
582 552 600 575 a
629 543 740 583 spiritu
765 542 977 583 blasphemiae

192 595 246 630 93
277 594 437 634 quondam
469 597 597 624 vexatus
631 593 741 624 diebus
775 593 978 634 quadraginta

189 648 309 675 tectum
342 653 407 675 non
443 643 603 682 ingressus
636 646 712 680 erat,
744 646 811 674 toto
846 652 978 683 corpore

193 695 310 725 muscis
328 694 477 725 scatuisse
499 693 629 724 traditur
650 692 705 733 (1).
731 693 882 732 Idemque
900 694 977 724 Eva-

196 744 292 784 grius,
320 753 338 774 a
376 744 527 775 daemone
566 743 780 774 fornicationis
820 743 979 783 quondam

196 797 335 830 vexatus,
351 793 460 825 hiemis
482 796 624 834 tempore
643 796 708 824 tota
728 795 820 824 nocte
834 794 868 824 in
884 798 979 834 puteo

197 844 283 876 stetit
309 843 361 885 (2).
384 844 444 875 Sed
469 852 667 883 nequaquam
692 843 847 875 Palladius
865 844 907 876 ita
928 845 979 876 in—

198 895 383 934 telligendus
398 898 454 931 est,
465 897 500 924 ut
514 894 636 930 dixerit,
646 894 813 925 Macarium
826 903 880 925 sex
894 903 980 926 men-

200 945 283 976 sibus
299 945 331 975 in
349 944 471 985 paludis
485 952 565 984 aqua
579 943 696 975 sedisse
713 952 720 974 :
736 944 803 981 sed,
818 947 852 974 ut
866 948 978 984 sponte
994 941 1115 981 "quod
1142 945 1189 973 est
1215 942 1297 982 apud
1324 942 1492 973 Eusebium
1520 941 1579 982 (9),

200 995 310 1032 elucet,
331 995 414 1035 apud
437 994 568 1034 paludes
581 993 629 1024 vel
655 993 687 1023 in
711 993 779 1034 ripa
806 993 976 1034 paludium.

198 1046 277 1082 Quas
295 1045 439 1084 regiones
459 1043 609 1075 culicibus
627 1043 758 1083 aliisque
777 1043 903 1074 insectis
919 1044 978 1076 ho-

198 1096 325 1128 diedum
353 1095 513 1127 abundare
541 1094 683 1126 Minutoli
708 1094 824 1125 indicat
846 1094 898 1135 (3).
927 1095 978 1126 Li-

197 1144 318 1176 brarius
346 1149 462 1182 autem,
487 1145 542 1185 qui
569 1146 734 1176 Macarium
758 1146 791 1176 in
815 1145 980 1186 paludibus

197 1198 329 1235 propter
359 1195 499 1235 spiritum
529 1195 744 1227 fornicationis
773 1196 890 1227 sedisse
919 1197 978 1228 tin-

198 1244 243 1275 xit
257 1244 312 1286 (Ῐι),
322 1244 493 1276 Palladium
507 1245 585 1276 falso
598 1245 659 1276 isto
679 1245 774 1276 modo
791 1246 980 1278 intellexisse

199 1294 331 1325 videtur.
340 1293 490 1334 Idemque
504 1295 655 1325 Macarius
669 1294 894 1325 Alexandrinus
907 1295 981 1327 alias

201 1343 242 1374 ob
256 1342 347 1374 aliam
362 1352 485 1374 causam
499 1344 531 1374 in
547 1344 644 1374 Sectis
661 1343 792 1383 paludes
804 1344 980 1382 secessisse,

200 1393 283 1424 unde
294 1392 444 1425 culicibus
454 1394 644 1434 perforatum
654 1395 803 1425 Macarius
813 1395 981 1434 Aegyptius

201 1444 240 1475 ad
268 1444 379 1475 fratres
402 1444 569 1483 reduxerit,
594 1445 627 1475 in
647 1444 923 1485 Apophthegmatis
939 1445 979 1486 (5)

202 1493 324 1533 legitur.

240 1544 301 1574 Sed
328 1544 390 1575 iam
417 1543 456 1575 de
482 1544 536 1575 illo
572 1544 760 1586 cepotaphio
796 1545 911 1576 Jannes
952 1548 982 1576 et

1025 292 1138 323 librum
1156 292 1373 333 apocryphum
1390 304 1404 321 α
1420 294 1544 325 Jamnes
1566 298 1597 325 et
1620 296 1772 327 Mambres
1788 307 1803 324 ι

1024 342 1209 383 inscriptum
1236 343 1402 383 respicere,
1421 344 1562 383 Origines
1577 345 1735 384 perhibuit
1748 346 1803 387 (7).

1025 392 1116 424 Unde
1141 396 1236 433 patet,
1254 393 1463 431 traditionem,
1480 403 1540 434 qua
1564 387 1678 426 Jannes
1699 399 1729 427 et
1750 396 1806 432 95

1025 444 1177 474 Mambres
1197 444 1279 483 magi
1302 444 1379 474 Mosi
1395 444 1591 476 adversantes
1603 447 1803 485 vocabantur,

1026 494 1099 525 satis
1121 494 1280 534 antiquam
1300 494 1406 525 fuisse.
1425 496 1523 534 Atque
1547 495 1657 526 eodem
1677 497 1804 528 nomine

1025 544 1109 583 magi
1129 544 1179 575 isti
1191 553 1208 575 a
1223 545 1415 584 Targumista
1433 545 1599 582 Jonathan,
1613 554 1671 577 nec
1689 556 1752 578 non
1770 548 1804 578 in

1025 593 1155 625 Talmud
1165 594 1356 633 Babylonico
1364 594 1404 636 (8)
1415 594 1621 635 appellantur.
1630 596 1691 626 Nec
1703 596 1805 627 solum

1027 644 1110 684 apud
1133 645 1277 682 Iudaeos,
1302 645 1356 676 sed
1380 645 1472 676 etiam
1496 645 1579 685 apud
1610 646 1753 683 Graecos,
1775 650 1806 677 et

1027 695 1109 735 apud
1126 696 1283 727 Romanos
1297 697 1412 726 Jannes
1427 699 1457 726 et
1471 696 1624 727 Mambres
1640 696 1729 727 laude
1744 706 1807 728 ma-

1028 744 1114 783 gicae
1125 745 1198 775 artis
1208 745 1389 775 ﬂoruerunt.
1402 745 1478 775 Nam
1491 745 1604 775 Jannes
1615 748 1646 775 et
1656 745 1807 777 Mambres

1028 802 1134 832 magos
1169 793 1286 824 artibus
1317 794 1444 832 magicis
1475 794 1670 831 excelluisse,
1705 798 1736 825 et
1769 795 1808 826 ab

1028 843 1248 883 Aegyptiorum
1265 843 1382 884 populo
1398 845 1523 875 Musaeo
1535 845 1632 885 (Mosi)
1648 845 1809 884 oppositos

1030 901 1109 930 esse,
1125 893 1296 924 Numenius
1317 893 1547 933 Pythagoraeus
1569 893 1603 924 in
1621 893 1808 932 fragmento,

1608 942 1741 982 scripsit.
1767 944 1809 972 Ac

1028 992 1144 1022 Plinius
1160 991 1219 1031 (10)
1234 1001 1241 1022 :
1258 1003 1272 1020 α
1287 992 1350 1030 Est,
1367 1004 1383 1020 »
1397 992 1515 1031 inquit,
1532 1003 1546 1020 α
1558 995 1589 1022 et
1598 991 1660 1024 alia
1678 992 1810 1031 Magices

1028 1040 1122 1072 factio
1135 1049 1153 1072 a
1165 1042 1252 1072 Mose
1264 1043 1295 1072 et
1307 1042 1416 1072 Iamne
1429 1045 1460 1072 et
1472 1041 1583 1080 Jotape
1594 1041 1719 1072 Judaeis
1734 1049 1813 1081 pen-

1029 1090 1117 1122 dens.
1134 1103 1148 1119 »
1163 1091 1409 1132 Abulpharagius
1428 1091 1462 1122 in
1485 1092 1612 1131 Dynast.
1627 1092 1651 1122 Ι.
1666 1094 1808 1123 Artemo-

1029 1142 1116 1172 nium
1145 1142 1302 1182 quendam
1337 1142 1451 1180 laudat,
1476 1142 1530 1182 qui
1560 1143 1667 1173 Mosen
1700 1142 1810 1173 decem

1029 1201 1128 1223 annos
1143 1196 1249 1223 natum
1263 1201 1280 1224 a
1290 1193 1352 1223 filia
1366 1192 1534 1223 Pharaonis
1545 1193 1660 1223 Jannes
1674 1196 1705 1223 et
1718 1194 1813 1223 Mam-

1029 1242 1101 1272 bres
1122 1241 1314 1282 sapientibus
1335 1241 1559 1272 instituendum
1576 1241 1722 1272 traditum
1742 1250 1811 1272 esse

1030 1292 1171 1323 docuerit
1192 1291 1262 1333 (11).
1285 1294 1385 1331 Atque
1404 1292 1437 1322 in
1464 1295 1568 1323 vetere
1595 1291 1748 1323 Midrasch
1772 1292 1813 1323 ad

1030 1342 1128 1373 Exod.
1148 1342 1212 1379 XV,
1235 1341 1269 1372 10
1287 1354 1301 1370 ι(
1317 1343 1454 1373 Joannes
1474 1346 1505 1374 et
1526 1343 1656 1373 Mamres
1674 1354 1688 1370 »
1704 1350 1812 1381 magos

1031 1393 1209 1423 submersos
1223 1401 1292 1424 esse
1305 1393 1339 1424 in
1353 1393 1432 1424 mari
1448 1393 1543 1424 rubro
1562 1395 1714 1430 narratur,
1730 1401 1811 1432 quo-

1031 1451 1102 1473 cum
1134 1446 1243 1474 catena
1271 1444 1393 1475 arabica
1420 1453 1479 1474 ms.
1507 1443 1540 1474 in
1567 1443 1813 1475 Pentateuchum

1032 1493 1189 1529 convenit.
1203 1492 1237 1523 in
1254 1502 1316 1533 qua
1332 1493 1409 1524 haec
1423 1493 1578 1524 habentur
1592 1503 1598 1524 :
1617 1505 1631 1521 «
1648 1495 1731 1525 Haec
1752 1502 1814 1524 no-

1031 1541 1116 1572 mina
1129 1550 1302 1581 magorum,
1319 1542 1373 1581 qui
1389 1545 1541 1573 steterunt
1555 1546 1662 1574 contra
1681 1544 1788 1574 Mosen
1804 1552 1811 1574 :

201 1593 352 1624 Mambres
378 1603 552 1633 magorum,
578 1596 662 1634 quod
686 1603 704 1625 τι
729 1603 762 1626 se
787 1595 888 1626 visum
914 1603 981 1626 esse
996 1591 1018 1620 (ἶ
1034 1591 1198 1628 Deiannes,
1226 1591 1384 1622 Jambaras
1412 1595 1442 1622 et
1469 1592 1610 1623 Sarudas.
1634 1592 1715 1624 Deus
1740 1601 1814 1624 vero

202 1642 350 1675 Macarius
363 1642 431 1682 ipse
448 1643 584 1674 Palladio
597 1643 713 1681 retulit,
722 1644 925 1683 disputemus.
936 1645 982 1675 Eo

204 1692 285 1722 enim
298 1692 424 1723 nomine
437 1701 454 1723 a
468 1692 593 1723 Judaeis
610 1694 691 1732 magi
708 1693 901 1732 dicebantur,
916 1693 984 1733 qui-

202 1741 334 1772 bUScum
349 1743 450 1772 Moses
463 1745 492 1772 et
503 1744 603 1773 Aaron
619 1736 722 1773 coram
736 1743 897 1774 Pharaone
911 1752 983 1784 pro-

204 1792 294 1832 digiis
322 1795 551 1823 concertarunt.
578 1792 624 1822 Ex
653 1801 715 1831 qua
747 1793 924 1830 traditione,
947 1797 982 1824 ut

204 1846 288 1874 recte
315 1842 407 1872 docet
435 1841 659 1879 Theodoretus,
683 1842 795 1872 Paulus
823 1843 982 1882 apostolus

205 1892 332 1922 nomina
344 1891 395 1922 illa
408 1892 440 1922 in
456 1891 587 1931 epistola
600 1891 638 1922 ad
652 1892 847 1923 Timotheum
861 1893 984 1924 desum-

205 1941 277 1980 psit,
300 1949 409 1971 omnes
433 1941 610 1980 increpans,
631 1941 696 1981 qui,
720 1942 983 1982 quemadmodum

205 1991 320 2022 Jannes
340 1995 371 2022 et
390 1992 542 2022 Mambres
565 1991 643 2022 Mosi
664 1992 843 2030 restiterim,
859 1992 902 2023 ita
924 1992 985 2032 ipsi

242 2073 279 2108 (1)
298 2072 367 2101 list.
385 2072 467 2101 Laus.
484 2072 528 2101 ed.
543 2072 642 2101 Meurs.
652 2081 713 2109 cap.
729 2074 765 2102 88‘
782 2073 850 2110 Opp.
878 2074 979 2104 Πρω-ε.

205 2117 225 2144 ι.
243 2117 262 2144 ι.
280 2125 307 2152 ρ.
322 2117 383 2145 553.

299 2162 401 2234 222:8].
415 2163 476 2234 tum
493 2207 601 2235 Temnel
618 2207 666 2235 des
682 2207 788 2242 Jupiter
813 2207 927 2237 Ammon
955 2209 982 2236 in

1034 1649 1089 1671 eos
1124 1641 1260 1680 perdidit
1289 1641 1322 1672 in
1357 1642 1434 1672 mari
1473 1642 1567 1673 rubro
1589 1641 1661 1683 (12).
1681 1655 1695 1670 ι)
1724 1643 1815 1675 Unde

1033 1690 1231 1722 Hmundo
1247 1691 1307 1731 (13)
1329 1691 1428 1722 visum
1454 1695 1509 1727 est,
1532 1693 1616 1732 apud
1644 1692 1816 1735 Palladium

1034 1750 1092 1782 pro
1116 1746 1283 1782 κηποτάφιον
1305 1741 1473 1780 legendum
1492 1751 1559 1773 esse
1577 1747 1733 1782 κενοτάφιον
1745 1743 1767 1775 i.
1779 1746 1821 1776 e‘.‘

1033 1791 1236 1831 sepulcth
1262 1800 1404 1822 vacuum.
1431 1792 1485 1822 Cui
1517 1785 1645 1823 Palladii
1667 1793 1814 1832 narratio,

1034 1841 1203 1872 daemones
1237 1841 1361 1879 dixisse,
1385 1843 1424 1872 ab
1450 1842 1526 1881 ipsis
1556 1851 1663 1881 magos
1691 1843 1735 1874 ibi
1762 1852 1814 1874 se-

1034 1891 1140 1931 pultos
1160 1900 1238 1929 esse,
1254 1895 1407 1932 repugnat
1425 1892 1498 1932 (14).
1517 1892 1723 1932 Sepulchrum
1740 1903 1814 1926 vero

1034 1941 1067 1972 in
1102 1942 1194 1973 horto
1223 1942 1386 1973 arboribus
1417 1943 1549 1979 consito,
1572 1943 1679 1982 quales
1704 1944 1814 1975 etiam—

1035 1992 1090 2028 95
1113 2001 1198 2023 nunc
1226 1991 1429 2033 pulcherrimi
1452 1991 1486 2023 in
1514 1993 1644 2024 Oasibus
1670 1994 1814 2034 plantan—

1038 2073 1119 2105 18η.
1139 2072 1178 2105 4ο,
1194 2072 1226 2100 τ.
1243 2072 1265 2100 ιι
1282 2081 1309 2108 ρ.
1326 2073 1371 2100 is.

1069 2118 1124 2150 (1οὶ
1138 2117 1197 2145 Nat.
1209 2118 1281 2146 Hist.
1293 2118 1377 2152 XXX,
1394 2119 1422 2151 2,
1435 2118 1480 2146 ed.
1495 2118 1712 2156 deGrandsagne
1726 2121 1815 2151 Paris.

1034 2164 1102 2192 1829
1122 2164 1153 2191 Τ.
1169 2163 1261 2199 Vlllp.
1278 2163 1395 2192 288.Cl'.
1416 2170 1496 2193 notas
1506 2165 1542 2193 ibi
1553 2166 1587 2193 ad
1607 2166 1626 2193 I.
1645 2167 1663 2194 l.
1683 2168 1814 2197 adiectas.

1070 2210 1124 2244 (11)
1139 2209 1327 2238 Bar-Hebraci
1353 2210 1456 2239 Chron.
1473 2211 1542 2248 Dyn.
1557 2212 1601 2241 ed.
1618 2212 1716 2241 Kirsch
1740 2213 1814 2250 Lips.

208 2250 256 2278 der
272 2251 411 2287 libyscben
427 2251 522 2280 Wiste
539 2261 566 2280 u.
579 2253 649 2280 nach
661 2252 863 2288 Oberaegypten
876 2261 902 2289 p.
916 2253 980 2282 205.
999 2266 1021 2294 ι)
1037 2255 1104 2282 1788
1119 2264 1146 2291 p.
1165 2255 1209 2282 Η.

243 2296 283 2332 (Δ)
303 2296 346 2324 Cf.
365 2304 447 2332 supra
463 2305 489 2332 p.
508 2297 553 2325 89.

245 2342 282 2377 (5)
320 2341 350 2369 S.
369 2350 395 2369 v.
421 2341 558 2370 Macarius
583 2343 723 2378 Aegyptius
752 2343 844 2381 §XX|
867 2344 984 2372 Coleler.

209 2387 282 2415 Eccl.
300 2385 396 2415 Graec.
421 2386 493 2415 Mon.
505 2387 538 2415 Τ.
556 2388 566 2415 1
589 2396 618 2424 p.
635 2387 686 2416 557
704 2395 765 2424 sqq.
790 2389 834 2417 Cf.
849 2388 921 2416 infra
936 2388 986 2416 Ca-

210 2436 257 2468 put
272 2432 328 2460 νη.

244 2479 282 2512 (6)
302 2477 324 2505 ll
353 2477 473 2506 Timoth.
487 2478 515 2511 3,
532 2478 558 2506 8.
580 2477 621 2505 Ad
637 2486 718 2514 quem
743 2480 869 2515 Apostoli
895 2479 986 2507 locum

210 2523 397 2552 Thcodoretus
409 2524 476 2552 haec
484 2524 595 2559 scripsit
609 2534 616 2551 :
634 2524 672 2552 Τὰ
681 2524 782 2559 μέντοι
799 2526 913 2553 τούτων
921 2526 988 2555 ὀνό-

208 2579 286 2605 ματα
304 2572 357 2598 οὐκ
369 2571 403 2598 ὲκ
421 2570 476 2605 τῆς
489 2571 568 2604 θείας
583 2571 698 2606 πραςρῆς
707 2572 902 2607 “auriﬂan
911 2572 988 2605 θεῖος

211 2617 391 2650 ἀπόστολος,
408 2617 485 2644 ἀλλ’
496 2616 530 2643 ἐκ
545 2616 601 2651 τῆς
615 2617 747 2652 ἀγράφου
766 2617 823 2644 τῶν
838 2617 989 2644 Ἰουδαίων

211 2661 414 2695 διδασκαλίας.
430 2661 480 2690 Ed.
495 2661 628 2690 Noesselt.
649 2662 731 2691 Halae
744 2662 824 2696 1771,
837 2663 880 2696 8⁸,
899 2661 931 2690 Τ.
955 2662 989 2690 Ill

212 2714 239 2741 p.
256 2707 316 2734 689.

247 2751 285 2786 (7)
306 2751 334 2778 ln
352 2751 446 2780 Matth.
472 2752 578 2780 Comm.
600 2752 691 2780 Series
710 2752 723 2787 §
742 2752 803 2779 H7.
817 2751 893 2789 Orig.
917 2753 986 2788 Opp.

213 2796 255 2823 ed.
271 2795 339 2824 dela
357 2797 415 2825 Rue
435 2797 523 2826 Paris.
539 2798 607 2824 1740
626 2798 658 2825 Τ.
677 2798 708 2825 111
721 2806 747 2832 p.
765 2798 828 2832 916,
839 2799 867 2826 2.

249 2843 287 2876 (8)
309 2842 402 2870 Tract.
427 2843 589 2872 lfemchoth
604 2852 665 2879 cap.
683 2843 730 2871 IX.

249 2888 288 2923 (9)
308 2888 509 2927 Praep.evang.
530 2889 573 2923 IX,
588 2890 616 2924 8,
638 2889 681 2918 ed.
709 2888 859 2918 lleinichen
882 2889 990 2925 Lipsiae

1070 2300 1126 2335 (12)
1142 2299 1224 2327 Henr.
1241 2298 1405 2328 Hammond.
1421 2300 1455 2328 ad
1468 2300 1654 2336 11Timolh.3,
1664 2302 1692 2331 8.

1069 2346 1125 2379 (ιδ)
1135 2344 1211 2380 ,Ibid.

1070 2390 1126 2425 (14)
1156 2389 1298 2425 Magorum
1320 2391 1430 2418 nomina
1459 2391 1530 2427 apud
1560 2392 1652 2420 varios
1669 2393 1818 2428 scriptores

1035 2435 1109 2463 varie
1124 2435 1261 2470 leguntur.
1274 2434 1302 2463 In
1314 2435 1347 2462 Ν.
1365 2435 1398 2463 Τ.
1416 2437 1545 2472 leguntur
1568 2437 1721 2472 Ἰαννῆςει
1738 2439 1817 2472 Ἰαμ-

1033 2479 1126 2514 βρῆς,
1151 2483 1233 2515 atque
1247 2480 1275 2507 in
1292 2480 1359 2508 solis
1382 2481 1490 2509 duobus
1508 2481 1589 2509 codd.
1614 2482 1714 2517 legitur
1734 2483 1819 2516 Μαμ-

1033 2524 1124 2558 βρῆς.
1151 2524 1183 2553 In
1209 2524 1339 2561 Vulgata.
1367 2526 1514 2561 Evangelio
1535 2526 1674 2555 Nicodemi
1694 2532 1722 2555 et
1745 2527 1818 2562 apud

1036 2569 1133 2598 Patres
1162 2570 1278 2599 habetur
1311 2571 1391 2599 lectio
1420 2571 1554 2598 Mambres
1580 2575 1661 2607 atque
1681 2572 1818 2601 interdqu

1037 2613 1159 2642 Janmes.
1174 2615 1203 2643 In
1222 2615 1350 2643 Pes'chito
1364 2622 1496 2644 vocantur
1513 2615 1610 2644 :Jonic
1632 2621 1659 2644 et
1669 2616 1818 2651 Jambaria,

1039 2660 1066 2687 in
1092 2659 1221 2695 Talmud,
1250 2660 1407 2697 Targumim
1433 2667 1460 2689 et
1486 2663 1564 2690 libris
1593 2662 1819 2692 rabbin.:Jum‘s

1039 2705 1209 2739 etJambris,
1232 2706 1352 2740 Jamnes,
1375 2707 1482 2740 Janm's,
1502 2707 1617 2741 Jannoa,
1644 2709 1741 2742 Jonas,
1764 2709 1815 2737 Jo-

1039 2751 1130 2783 clmne,
1142 2751 1252 2784 Jaclme,
1267 2752 1386 2780 Juchana
1404 2759 1430 2780 et
1450 2753 1562 2787 Mamre,
1585 2754 1721 2788 Jambros,
1743 2755 1820 2783 Jom-

1041 2798 1249 2829 brosJambres.
1264 2798 1307 2826 Cf.
1321 2800 1436 2826 Cotelcr.
1458 2799 1552 2829 Patres
1568 2800 1719 2836 Apostolic.
1745 2802 1819 2830 Cen-

1041 2844 1128 2871 stitut.
1146 2844 1241 2879 Apost.
1256 2844 1325 2876 Vlll,
1339 2845 1351 2871 1
1382 2845 1427 2872 ed.
1443 2846 1524 2873 Antv.
1538 2846 1607 2873 1700
1623 2846 1656 2875 T.
1680 2847 1688 2873 Ι
1705 2856 1732 2882 p.
1755 2849 1820 2874 588.

1042 2890 1111 2926 ΑΗΒ.
1130 2889 1276 2927 Encyclop.
1298 2898 1324 2918 v.
1341 2889 1426 2919 Ersch
1450 2900 1477 2919 u.
1494 2891 1603 2921 Gruber
1621 2901 1644 2922 s.
1661 2901 1688 2921 v.
1708 2893 1818 2920 Jumm.
