2060 3153
665 162 716 191 SS.
736 160 965 191 MACARIOBUM
984 161 1143 190 AEGYPTII
1165 161 1210 189 ET
1229 161 1461 190 ALEXANDRINI

1836 163 1871 191 93

263 225 315 253 tur
329 218 383 263 (1),
403 221 538 264 positum
563 229 701 261 saxoque
716 221 878 261 quadrato.
903 230 966 261 quo
983 220 1041 252 ho-
1056 233 1080 260 Α
1093 223 1177 252 ctum
1191 229 1263 252 cum
1280 220 1484 252 daemonibus
1501 219 1582 258 iniit,
1599 219 1655 250 sed
1668 219 1733 256 illa,
1750 221 1785 250 ut
1797 218 1872 250 dae-

264 272 391 303 diedum
406 271 556 311 Aegyptia
573 275 775 302 monumenta
794 274 949 302 exstructa
965 279 1043 302 con-

263 322 438 362 spiciuntur
456 321 509 362 (2),
528 321 722 352 aediﬁcatum
739 321 807 352 fuit.
824 322 887 352 Nec
902 330 966 352 non
983 330 1043 361 pu-

262 373 326 408 teo,
341 372 394 411 qui
406 371 473 402 fere
494 371 526 401 in
540 371 627 402 nullo
649 371 703 402 tali
726 371 857 411 Aegypti
878 370 1044 411 sepulchro

264 421 458 452 desideratur
474 421 528 461 (3),
540 424 681 452 ornatum
692 421 760 458 fuit,
774 421 967 460 multumque
977 421 1045 452 auri

263 470 297 501 in
307 475 511 502 monumento
525 471 700 511 depositum
715 480 783 502 esse
798 471 879 502 fama
892 471 972 501 tulit.
985 473 1045 510 Ap-

264 521 487 561 propinquanti
510 530 583 552 vero
607 521 740 552 Macario
765 521 959 561 septuaginta
977 521 1045 552 fere

264 571 433 602 daemones
467 580 484 601 e
512 576 716 602 monumento
747 571 864 610 egressi
890 571 1044 610 variisque

260 618 372 650 formis
399 619 530 659 praediti
549 623 764 657 occurrerunt,
791 620 842 651 alii
864 620 1043 658 clamantes,

262 669 315 700 alii
326 669 513 705 exsilientes,
527 669 578 700 alii
588 678 701 708 magno
712 670 836 701 fremitu
845 670 877 700 in
888 679 960 700 eum
971 670 1046 700 den-

262 719 345 750 tibus
362 720 545 756 stn’dentes;
566 720 662 751 ceteri
675 723 823 760 tanquam
837 721 922 752 corvi
935 720 1044 751 volan-

263 771 310 799 tes
334 768 400 798 eius
423 768 520 799 vultui
539 769 736 800 insultarunt.
755 769 911 800 Consimili
942 772 1045 800 autem

262 817 358 848 modo
382 818 413 847 S.
447 819 581 849 Antonio
604 819 636 849 in
660 818 827 858 sepulchro
851 819 1044 859 pernoctanti

265 866 436 898 daemones
458 868 490 898 in
516 868 616 899 forma
635 868 774 904 leonum,
798 877 953 905 ursorum,
979 868 1045 899 leo-

1094 276 1205 299 mones
1218 268 1412 305 recederent,
1428 271 1540 308 sponte
1553 267 1706 308 promisit.
1727 267 1875 299 Diabolus

1093 318 1161 354 iste,
1180 318 1234 357 qui
1240 318 1371 349 Macario
1379 322 1617 349 monumentum
1632 318 1758 349 intranti
1768 319 1874 349 stricto

1093 367 1196 406 gladio
1216 367 1336 398 obviam
1350 368 1471 399 venisse
1491 368 1524 398 in
1546 367 1676 405 duabus,
1695 371 1730 398 ut
1748 368 1874 398 monui-

1093 425 1172 453 mus,
1184 416 1348 448 Lausiacae
1358 417 1552 448 versionibus
1561 417 1639 448 falso
1650 417 1790 453 traditur,
1803 417 1875 447 dae.

1092 475 1167 497 mou
1177 466 1325 506 princeps
1339 475 1406 498 esse
1416 467 1547 505 videtur,
1559 468 1614 507 qui
1627 470 1759 498 testante
1773 468 1803 497 S.
1814 470 1875 497 An-

1092 517 1192 553 tonio,
1205 517 1316 547 ceteris
1328 516 1532 548 daemonibus
1543 518 1704 557 superatis,
1716 517 1785 557 ipse
1800 529 1814 545 α
1822 518 1875 548 ad-

1093 567 1177 597 venit
1200 566 1342 597 horribili
1364 567 1475 604 forma,
1495 571 1530 598 ut
1552 571 1701 599 terrorem
1730 568 1872 604 incutiat,

1093 617 1251 656 multaque
1272 617 1397 653 iactitat,
1420 617 1474 648 sed
1494 618 1649 654 mentitur,
1667 626 1725 648 nec
1741 617 1873 648 extime-

1094 668 1228 698 scendus
1242 670 1298 704 est,
1313 667 1384 707 quia
1395 676 1451 707 per
1458 667 1568 698 Christi
1580 667 1706 706 gratiam
1714 676 1791 698 vana
1801 671 1874 698 sunt

1095 717 1233 747 omnium
1243 716 1430 747 daemonum
1442 716 1602 747 molimina
1611 728 1623 744 υ
1633 715 1705 756 (11).
1715 718 1778 747 Res
1787 725 1872 753 vero,

1095 775 1172 806 quas
1189 766 1338 797 Macarius
1355 770 1593 797 monumentum
1615 767 1772 806 ingressus
1785 767 1873 797 inve-

1095 816 1158 852 nit,
1186 815 1297 846 cadum
1315 825 1448 847 aeneum
1469 820 1576 848 catena
1594 817 1695 848 ferrea
1721 826 1760 848 ex
1778 821 1873 857 puteo

1095 866 1296 905 pendentem,
1308 866 1450 906 malaque
1465 867 1651 898 intrinsecus
1666 876 1771 904 vacua,
1783 876 1800 898 a
1810 868 1877 898 Pal-

263 916 443 955 pardorum,
472 920 643 954 taurorum,
669 921 861 957 serpentum,
888 918 1042 958 aspidum,
1059 920 1080 947 Β
1094 915 1175 946 ladio
1187 921 1245 955 ῥόαι
1259 919 1376 952 vocata,
1391 917 1514 956 aliaque
1527 917 1681 948 eiusmodi
1695 918 1728 948 in
1742 918 1874 957 Aegypti

261 967 463 1006 scorpionum
479 971 570 1007 atque
582 968 728 1008 luporum
742 972 955 1008 apparuerunt
969 969 1044 1000 den-

261 1017 407 1057 tibusque
422 1018 454 1048 in
469 1027 539 1049 eum
556 1019 723 1049 striderunt
735 1019 788 1059 (4).
804 1019 975 1058 Eidemque
985 1021 1044 1050 An-

261 1067 349 1097 tonio
376 1067 409 1097 in
432 1067 559 1099 castello
578 1068 713 1107 quodam
729 1069 853 1108 degenti
875 1069 1044 1100 daemones

261 1115 433 1147 clamarunt
449 1126 456 1148 :
473 1129 486 1144 a
503 1118 526 1147 E
541 1118 654 1148 nostris
673 1119 784 1149 recede
803 1118 945 1150 sedibusl
964 1119 1043 1155 Quid

260 1165 316 1196 tibi
331 1175 401 1197 cum
417 1167 543 1198 eremo?
566 1169 692 1199 Nostras
712 1177 872 1208 nunquam
894 1169 975 1199 feres
992 1169 1041 1199 in-

259 1215 353 1246 sidias
366 1228 379 1243 »
394 1216 446 1257 (5).
468 1217 580 1248 Iisdem
597 1218 663 1249 fere
685 1219 786 1249 verbis
804 1218 973 1249 daemones
993 1218 1043 1249 isti

259 1264 425 1295 Macarium
440 1265 682 1296 Alexandrinum
691 1269 893 1306 exceperunt.
905 1268 1042 1303 Quorum

258 1315 386 1354 quidem
401 1324 467 1352 eos,
484 1316 538 1355 qui
549 1316 704 1354 volabant,
717 1325 788 1348 cum
802 1317 913 1353 corvis,
929 1317 1042 1356 qubus

257 1364 311 1396 illa
332 1375 454 1397 eremus
478 1366 647 1398 hodiedum
665 1367 801 1398 abundat
817 1367 868 1407 (6),
892 1367 1042 1398 Macarius

259 1419 430 1454 comparat.
455 1417 555 1455 Atque
582 1424 747 1447 corvorum
772 1416 893 1456 species
912 1416 1039 1447 daemo-

259 1465 351 1495 nibus
361 1465 443 1496 haud
455 1474 525 1496 raro
540 1466 719 1497 tribuuntur
735 1466 787 1507 (7).
802 1466 972 1506 Sepulchra
989 1466 1042 1498 de-

259 1514 355 1554 nique
365 1519 630 1555 monumentaque
638 1516 694 1551 96
704 1515 800 1547 eremi
809 1525 826 1546 a
837 1516 1040 1547 daemonibus

258 1564 424 1595 inhabitari
438 1574 611 1605 eorumque
629 1566 660 1596 in
681 1569 834 1606 potestate
847 1565 967 1603 haberi,
990 1566 1039 1596 Si—
1053 1583 1074 1612 ο

257 1614 325 1644 wah
341 1615 426 1646 Oasis
440 1615 561 1647 incolae
575 1616 752 1648 etiamnunc
766 1616 896 1647 credunt
911 1615 964 1656 (8).
982 1616 1040 1646 Mi-

259 1673 329 1695 rum
342 1668 398 1701 est,
414 1666 498 1705 quod
513 1667 661 1697 Macarius
681 1666 895 1703 daemonibus,
914 1666 1040 1705 cognito

258 1719 462 1746 monumento
476 1724 509 1746 se
521 1725 714 1747 recessurum
725 1726 805 1754 esse,
816 1717 876 1748 ﬁde
890 1717 959 1748 data
968 1725 1040 1756 pro-

259 1765 352 1795 misit.
370 1766 446 1796 Nam
460 1766 629 1797 daemones
645 1767 774 1797 omnino
789 1775 853 1798 non
867 1766 1039 1798 audiendos

258 1824 327 1845 esse
338 1816 368 1845 S.
380 1816 530 1846 Antonius
538 1816 643 1846 docuit
654 1815 705 1855 (9‘.
716 1817 752 1846 In
762 1817 888 1856 antiqua
899 1816 1039 1847 versione

258 1865 409 1896 Macarius
420 1865 496 1897 haec
507 1870 625 1897 tantum
633 1867 727 1897 verba
742 1876 748 1897 :
767 1878 780 1894 «
795 1867 922 1906 Oportet
932 1875 982 1898 me
995 1867 1040 1897 in-

257 1916 345 1954 gredi
352 1919 382 1946 et
389 1917 492 1947 videre
501 1917 728 1956 »respondisse,
738 1917 968 1957 daemonesque
976 1926 1039 1948 non

258 1975 369 1997 curans
388 1967 518 1998 intrasse
541 1967 722 2007 perhibetur
737 1967 808 2008 (10).
825 1968 912 2004 Quod
935 1971 1039 1998 tamen

257 2017 354 2046 textui
370 2017 524 2054 codicum,
542 2018 712 2049 editionum
725 2021 960 2058 ceterarumque
974 2027 1041 2048 ver-

257 2065 382 2097 sionum
402 2069 565 2106 repugnat.
586 2068 694 2107 Neque
715 2068 865 2098 Macarius
885 2075 958 2099 vere
981 2076 1038 2107 pa-

257 2211 288 2240 ln
300 2212 393 2240 codice
404 2213 612 2240 membranaceo
629 2211 700 2239 Vind
708 2211 754 2239 ob.
783 2211 855 2246 magi
878 2210 971 2238 vocari
992 2209 1034 2238 vi-
1051 2206 1072 2233 D

257 2259 355 2286 dentur
372 2268 378 2285 :
397 2258 511 2292 Ἰαννῆς
527 2258 576 2284 καὶ
594 2256 746 2291 Ἰαμβρῆς,
772 2256 799 2284 in
815 2256 910 2283 codice
927 2256 1036 2283 charta-

256 2309 319 2331 taco
334 2309 466 2332 vocantur
483 2303 583 2337 Ἰαννῆ
598 2303 646 2330 καὶ
669 2301 802 2337 Ἰαμβρῆ.
827 2301 864 2328 De
881 2302 935 2329 illis
951 2301 1038 2336 magis

256 2357 327 2383 quae
342 2350 394 2376 viri
423 2349 495 2376 docti
514 2349 699 2383 disputarunt,
719 2347 826 2383 collegit
849 2346 990 2374 Fabricius
1010 2347 1038 2374 in

257 2395 344 2422 libro:
356 2395 425 2422 Cod.
438 2394 633 2429 Pseudoepigr.
650 2394 682 2421 V.
697 2392 730 2422 Τ,
750 2393 847 2420 Hamb.
861 2393 930 2420 1722
944 2401 971 2428 p.
985 2393 1037 2421 815

257 2449 316 2476 sqq.
330 2440 367 2468 De
387 2440 484 2468 iisdem
504 2441 616 2475 scripsit
635 2438 776 2474 Zentgraf.
794 2449 800 2467 :
819 2439 895 2474 Disp.
918 2439 984 2466 hist.
1003 2437 1039 2467 de

255 2486 351 2514 Jamne
367 2490 394 2514 et
409 2485 518 2514 Jambre
531 2485 717 2513 celeberrimis
731 2485 929 2520 Aegyptiorum
948 2485 1037 2520 magis

256 2532 368 2560 Witteb.
383 2532 502 2564 1669,43.
515 2531 539 2559 Ι.
556 2531 588 2559 G.
610 2531 749 2558 Michaelis
761 2540 768 2558 :
779 2530 853 2559 Diss.
869 2529 999 2558 deJanne
1007 2535 1035 2558 et

255 2577 365 2606 Jambre
374 2578 485 2606 famosis
495 2578 686 2614 Aegyptiorum
705 2578 793 2613 magis
808 2577 892 2605 Halae
903 2577 983 2609 11H,
994 2578 1032 2606 ιι.
1069 2609 1073 2614 '

291 2623 329 2660 (1)
350 2623 472 2651 Minutoli
486 2623 566 2652 Reise
583 2632 645 2651 zum
660 2622 770 2659 Tempel
784 2623 833 2651 des
848 2621 954 2658 Jupiter
975 2623 1036 2650 Am-

255 2678 318 2698 mon
333 2670 358 2697 in
375 2670 423 2698 der
438 2670 576 2705 libyscben
594 2669 688 2697 Wuste
699 2678 727 2697 u.
744 2669 813 2697 nach
834 2668 1037 2705 Oberaegyptcn

256 2724 284 2751 p.
300 2715 361 2743 175.
376 2714 418 2742 Cf.
435 2713 511 2750 Sulp.
524 2714 587 2743 Sev.
601 2715 668 2742 Dial.
685 2715 764 2749 lcap.
780 2714 813 2742 15
824 2713 948 2741 Galland.
966 2713 1036 2740 Bibl.

255 2761 307 2789 PP.
320 2761 352 2789 Τ.
367 2760 423 2788 Vlll
436 2769 462 2796 p.
479 2761 540 2793 406,
554 2761 582 2794 2,
596 2760 683 2796 Migne
698 2759 801 2788 Patrol.
812 2759 845 2788 Τ.
860 2758 910 2786 XX
931 2767 958 2792 p.
972 2757 1035 2787 192.

290 2807 328 2842 (2)
349 2806 470 2834 Minutoli
486 2807 505 2833 l.
518 2807 536 2834 l.
552 2815 578 2841 p.
591 2806 636 2834 61.

290 2852 330 2888 (5)
349 2852 416 2879 Ibid.
434 2861 461 2888 p.
475 2853 520 2880 M.
535 2853 580 2880 61.

228 2890 235 2923 1
289 2899 330 2935 ιι)
350 2897 404 2926 Viti
427 2898 456 2927 s.
471 2898 579 2927 Antonii
597 2903 657 2933 cap.
673 2896 700 2931 9,
717 2895 745 2924 s.
765 2896 864 2925 Athan.
876 2895 945 2932 Opp.
958 2893 992 2924 τ.
1013 2894 1034 2924 l.

1094 966 1266 1006 sepulchris
1280 966 1449 998 hodiedum
1466 967 1610 1004 inveniri,
1633 977 1698 998 non
1718 971 1765 998 est
1788 967 1873 1008 quod

1093 1016 1233 1056 pluribus
1244 1016 1355 1047 dicam.
1366 1019 1408 1048 Ac
1418 1017 1502 1048 fraus
1516 1017 1568 1048 illa
1581 1017 1707 1055 diaboli,
1719 1018 1773 1057 qui
1783 1027 1875 1049 arun-

1093 1067 1182 1098 dines
1212 1068 1292 1107 signi
1312 1076 1406 1098 causa
1427 1068 1461 1098 in
1485 1068 1533 1098 via
1556 1068 1671 1107 positas
1694 1068 1872 1107 collegerat,

1092 1118 1242 1157 virgoque
1265 1117 1380 1148 munda
1402 1120 1488 1148 veste
1511 1117 1630 1154 induta,
1657 1126 1737 1156 quae
1763 1127 1873 1149 urnam

1092 1174 1172 1206 aqua
1193 1166 1358 1197 stillantem
1381 1167 1413 1196 in
1428 1166 1529 1206 capite
1550 1169 1672 1206 gestans
1685 1166 1803 1197 fessum
1820 1177 1872 1198 se-

1093 1224 1165 1245 nem
1181 1218 1242 1246 tres
1259 1215 1324 1246 dies
1345 1216 1544 1254 provocabat,
1566 1224 1640 1254 grex
1661 1216 1797 1255 denique
1812 1217 1872 1247 bu-

1092 1265 1246 1301 balorum,
1258 1265 1312 1304 qui
1322 1265 1371 1295 siti
1382 1273 1567 1305 oppressum
1577 1266 1713 1302 nutrivit,
1728 1265 1871 1298 virtutem

1093 1319 1124 1346 et
1145 1315 1349 1346 constantiam
1363 1315 1487 1346 Macarii
1507 1315 1691 1355 divinaeque
1712 1316 1824 1354 gratiae
1843 1316 1872 1347 ei

1091 1365 1268 1405 impertitae
1290 1364 1536 1404 magnitudinem
1563 1365 1740 1396 ostendunt.
1764 1365 1873 1396 Bubali

1096 1419 1199 1445 autem
1214 1415 1331 1446 circum
1346 1414 1461 1445 Nitriae
1480 1414 1610 1454 paludes
1624 1414 1792 1445 hodiedum
1808 1424 1874 1446 cre-

1091 1464 1218 1496 berrimi
1233 1469 1307 1495 sunt
1322 1464 1398 1504 (12).
1414 1463 1553 1494 Narratio
1567 1472 1640 1494 vero
1658 1463 1728 1494 libri
1742 1464 1873 1495 secundi

1091 1514 1131 1545 de
1149 1514 1259 1545 eodem
1281 1516 1485 1545 monumento
1499 1521 1517 1543 a
1537 1513 1669 1544 Macario
1689 1513 1755 1544 viso
1776 1513 1870 1551 fama,

1090 1567 1126 1594 ut
1140 1563 1314 1601 docuimus,
1330 1563 1419 1594 valde
1433 1563 1597 1603 depravata
1620 1562 1748 1593 Palladii
1763 1572 1871 1594 narra-

1092 1615 1171 1645 tioni
1187 1614 1400 1655 posthabenda
1415 1617 1472 1644 est.
1488 1615 1585 1652 Atque
1602 1613 1694 1643 istum
1709 1622 1872 1652 magorum

1092 1664 1218 1695 hortum
1233 1664 1375 1695 manibus
1390 1663 1442 1699 97
1465 1663 1686 1702 Aegyptiorum
1708 1663 1870 1702 iussuque,

1091 1719 1126 1746 ut
1141 1716 1272 1752 videtur,
1284 1714 1453 1745 Pharaonis
1463 1714 1644 1744 adornatum
1658 1713 1763 1749 fuisse,
1776 1722 1793 1744 a
1805 1714 1872 1744 Pal-

1092 1763 1175 1795 ladio
1190 1763 1273 1794 haud
1289 1763 1422 1794 obscure
1436 1763 1602 1799 indicatur;
1618 1771 1714 1802 quare
1723 1763 1762 1792 ab
1772 1761 1870 1792 hortis

1091 1814 1230 1855 magicis,
1238 1813 1290 1853 qui
1299 1813 1379 1844 haud
1388 1821 1457 1843 raro
1464 1813 1617 1852 leguntur,
1624 1812 1676 1843 ille
1682 1812 1870 1851 distinguen-

1092 1867 1150 1898 dus
1160 1874 1228 1898 esse
1245 1864 1364 1894 videtur
1375 1863 1449 1904 (13).
1461 1864 1521 1894 Sed
1536 1863 1575 1894 ad
1590 1866 1691 1894 cetera
1700 1863 1868 1893 veniamus.

1130 1918 1279 1948 Macarius
1298 1914 1449 1953 aspidem,
1471 1923 1489 1944 a
1512 1923 1573 1953 qua
1595 1913 1628 1944 in
1648 1917 1742 1953 puteo
1762 1913 1799 1943 ad
1820 1922 1869 1943 re-

1092 1968 1243 1998 creandos
1257 1968 1366 1998 fratres
1380 1964 1529 1995 fodiendo
1541 1964 1749 2000 mordebatur,
1766 1963 1837 1994 inde
1854 1973 1871 1994 a

1091 2017 1232 2047 faucibus
1247 2025 1375 2056 prorsus
1390 2013 1564 2054 discerpsit.
1590 2014 1682 2055 lsque
1706 2021 1774 2043 mos
1789 2013 1870 2053 apud

1091 2066 1279 2097 Mamelucos
1289 2065 1458 2096 hodiedum
1468 2065 1610 2102 obtinuit,
1620 2065 1698 2105 quia
1705 2066 1870 2106 scorpione

1089 2210 1119 2239 P.
1134 2211 1156 2238 ll
1173 2220 1199 2248 p.
1214 2211 1267 2240 640
1279 2220 1339 2247 sqq.

1127 2257 1165 2290 (5)
1186 2257 1254 2284 lbid.
1271 2265 1332 2292 cap.
1347 2257 1378 2284 l5
1392 2264 1418 2291 p.
1433 2254 1495 2283 642,

1125 2302 1163 2338 (6)
1184 2302 1308 2330 Minutoli
1323 2303 1372 2330 1.1.
1391 2310 1417 2337 p.
1434 2301 1494 2328 186.

1123 2347 1162 2384 (7)
1182 2348 1225 2375 Cf.
1244 2349 1273 2376 S.
1289 2347 1399 2376 Hieron.
1423 2348 1587 2375 Commentt.
1606 2347 1632 2374 in
1647 2348 1693 2375 lib.
1706 2346 1756 2375 Job
1775 2348 1800 2375 in
1817 2348 1869 2376 line

1087 2400 1148 2428 cap.
1161 2393 1206 2420 58.
1220 2393 1322 2420 Grimm
1335 2393 1471 2420 Deutsche
1483 2392 1645 2428 Mytbologie
1661 2393 1711 2420 Ed.
1724 2393 1747 2420 ll
1763 2401 1790 2429 p.
1803 2394 1864 2422 949.

1124 2440 1163 2474 (8)
1183 2439 1304 2467 Minutoli
1319 2440 1337 2466 1.
1354 2440 1372 2466 1.
1387 2448 1411 2474 p.
1430 2439 1476 2466 82.

1122 2484 1161 2521 (9)
1180 2484 1241 2512 Vita
1262 2485 1291 2513 S.
1313 2485 1424 2513 Antonii
1439 2492 1498 2520 cap.
1516 2483 1560 2512 24.
1576 2484 1621 2512 25.
1645 2484 1674 2512 S.
1685 2485 1784 2513 Athan.
1798 2485 1866 2521 Opp.

1087 2529 1107 2558 l.
1119 2529 1137 2556 l.
1155 2538 1180 2564 p.
1194 2529 1247 2557 650
1258 2537 1318 2564 sqq.

1122 2574 1178 2612 (10)
1195 2574 1252 2602 vv.
1267 2574 1319 2602 rp.
1334 2573 1426 2602 Bosw.
1442 2582 1468 2610 p.
1483 2574 1546 2606 992,
1564 2574 1589 2601 l.

1122 2621 1247 2657 (“)Vita
1263 2621 1291 2649 S.
1305 2621 1417 2649 Antonii
1433 2628 1492 2656 cap.
1506 2620 1541 2647 24
1556 2621 1573 2648 Ι.
1587 2621 1605 2647 Ι.
1617 2628 1643 2655 ρ.
1658 2620 1721 2648 650.

1124 2667 1181 2703 (12)
1202 2667 1326 2695 Minutoli
1348 2667 1368 2695 Ι.
1389 2668 1409 2694 l.
1432 2674 1459 2703 p.
1485 2666 1548 2695 206.
1574 2666 1617 2694 Cf.
1643 2666 1713 2694 Hist.
1723 2666 1803 2695 Laus.
1821 2667 1865 2694 ed.

1086 2712 1186 2741 Meurs.
1203 2721 1264 2748 cap.
1278 2713 1323 2741 51.

1122 2759 1177 2794 (13)
1188 2758 1241 2786 Eos
1251 2766 1303 2786 non
1314 2763 1442 2786 acrurate
1449 2758 1617 2792 distinguere
1623 2757 1866 2786 videlurDucntzer

1086 2804 1112 2831 in
1144 2803 1242 2831 libro:
1270 2804 1317 2833 Die
1341 2803 1411 2840 Sage
1439 2811 1502 2832 von.
1531 2802 1577 2831 Dr.
1606 2801 1743 2832 Iohannes
1770 2801 1864 2831 Fausl.

1086 2858 1113 2886 p.
1132 2850 1192 2878 192.
