2060 3153
170 158 206 186 9'5
924 153 1036 183 VlTAE.
1754 159 1789 186 tu

172 216 296 258 puncti,
324 218 360 246 ut
387 213 506 246 vulneri
535 214 729 252 medeantur,
757 214 955 255 scorpionem
971 217 993 244 Δ
1006 214 1101 246 fuisse
1118 215 1172 256 (7).
1188 215 1364 256 Iisoemque
1382 223 1448 248 tere
1462 216 1575 254 verbis,
1595 216 1710 256 quibus
1722 217 1787 246 Ma-

172 266 278 306 ipsum
307 273 403 305 super
429 274 541 297 recens
574 265 687 296 vulnus
711 268 877 296 conterunt
900 264 954 304 (1).

174 315 400 356 Scorpionibus
413 319 517 347 autem
528 324 650 347 eremus
665 316 717 347 illa
736 316 872 347 abundat
903 315 955 356 (2).

216 367 239 397 Ε
253 366 351 397 tribus
367 365 467 403 cellis,
493 375 571 406 quas
589 366 621 396 in
636 367 784 398 interiore
803 370 886 398 vasta
903 376 956 398 so-

173 415 316 454 litudine,
333 415 366 446 in
383 416 485 446 Celliis
502 419 531 447 et
549 416 582 446 in
605 420 711 447 monte
725 417 840 448 Nitriae
855 418 956 448 Maca-

173 466 238 498 rius
263 466 492 498 Alex'andrinus
512 466 631 503 habuit,
657 475 732 504 una,
756 468 789 498 in
815 476 876 507 qua
903 476 958 507 per

173 517 445 557 quadragesimam
457 517 488 548 in
505 517 642 548 tenebris
656 517 793 554 sedebat,
809 518 890 549 ostio
904 526 956 548 ca-

172 567 246 598 ruit.
263 566 364 598 Cellae
378 567 462 597 enim
479 568 739 598 monasteriorum
752 567 835 598 illius
853 567 957 606 regio-

172 617 221 648 nis
235 616 381 648 fenestris
395 617 490 648 hodie
505 626 632 657 quoque
650 621 767 655 carent,
796 618 838 649 ita
852 621 887 649 ut
906 618 959 649 lux

171 670 293 699 tantum
310 676 368 707 per
383 667 498 698 ostium
519 667 614 698 intret
641 666 693 706 (3).
708 668 847 707 Eamque
861 669 960 699 Maca-

174 718 213 749 rii
232 717 377 748 cellulam
391 717 424 748 in
440 717 590 748 interiore
601 720 684 748 vasta
693 717 861 748 solitudine
871 718 959 748 sitam

174 766 274 799 fuisse
296 767 462 802 verisimile
487 770 544 798 est.
566 767 669 798 Altera
683 771 786 798 autem
799 767 832 798 in
845 768 958 806 Celliis,

175 821 212 850 ut
230 817 362 855 videtur,
378 818 434 849 sita
454 818 670 856 angustissima
688 818 758 855 fuit,
777 818 811 848 in
833 827 895 857 qua
906 817 960 849 ille

1007 266 1124 297 carium
1138 266 1336 302 Pachomius,
1360 266 1527 307 aliquando
1541 267 1708 298 Palaemon
1730 267 1788 297 Pa-

1007 315 1166 347 chomium
1185 316 1238 356 (8),
1275 318 1306 347 S.
1335 318 1485 349 Antonius
1512 317 1641 348 Paulum
1668 316 1789 357 simpli-

1008 375 1076 397 cem
1092 365 1131 407 (9)
1147 360 1337 407 repulerant.
1360 367 1544 398 Pachomius
1564 368 1596 398 in
1609 367 1662 398 illa
1681 375 1790 398 narra-

1006 417 1093 448 tione
1121 418 1263 457 spiritum
1288 418 1471 458 prophetiae
1494 417 1640 449 habuisse
1667 417 1790 453 dicitur,

1008 467 1092 506 quod
1103 471 1133 498 et
1143 468 1174 498 in
1181 468 1241 498 vita
1252 468 1319 499 eius
1334 468 1704 508 quodammodotraditur
1714 466 1790 507 (10).

1007 519 1050 548 Ac
1060 518 1206 549 monachi
1220 519 1399 549 monasterii
1415 519 1498 550 illius
1507 527 1609 549 ramos
1619 518 1793 558 palmarum

1008 570 1155 605 tractant,
1172 569 1257 608 quod
1272 569 1304 599 in
1319 569 1515 599 monasteriis
1528 569 1558 598 S.
1573 568 1698 598 Antonii
1713 567 1791 598 alio-

1008 627 1142 658 rumque
1153 627 1262 649 senum
1273 619 1339 650 ﬁeri
1351 619 1469 650 solebat
1481 618 1554 659 (11).
1569 621 1668 657 Atque
1679 618 1711 648 in
1721 618 1794 647 Ter-

1008 668 1118 705 raneh,
1140 677 1220 708 quae
1236 673 1283 700 est
1301 669 1376 700 urbs
1401 677 1501 709 prope
1518 668 1645 699 Nitriam
1665 668 1733 704 sita,
1754 675 1794 697 ex

1008 717 1115 756 iunco,
1131 718 1187 758 qui
1205 718 1238 748 in
1256 718 1322 758 ejus
1333 717 1498 758 paludibus
1512 716 1720 748 creberrimus
1735 719 1793 754 est,

1008 771 1128 808 tapetes
1143 769 1350 800 venustissimi
1364 768 1466 799 adhuc
1483 772 1630 799 texuntur
1641 767 1713 807 (12).

1048 819 1247 858 Propositum
1271 818 1406 855 Macarii,
1431 818 1571 858 quinque
1594 817 1705 848 diebus
1724 825 1796 848 cum

176 877 219 900 ne
236 868 349 908 pedem
363 868 490 908 quidem
508 869 677 899 extendere
697 870 829 909 poterat.
850 869 959 908 Cujus-
976 887 997 914 Β
1011 869 1078 900 solo
1092 870 1155 900 Deo
1171 868 1375 900 conversandi
1388 872 1548 908 totamque
1558 871 1695 898 mentem
1706 867 1740 898 in
1756 875 1796 898 eo

177 920 265 951 modi
279 919 364 950 cellis
377 919 428 950 alii
449 928 574 959 quoque
595 928 686 950 senes
699 920 748 950 usi
762 929 830 951 esse
847 920 959 951 dicun-

179 973 230 1002 tur
253 970 307 1011 (4).
327 971 364 1001 In
387 970 478 1001 tertia
496 970 633 1010 denique
650 970 738 1007 cella,
759 971 880 1002 duabus
899 971 961 1002 illis

178 1020 340 1061 ampliore,
351 1021 502 1051 Macarius
512 1021 713 1052 adventantes
728 1022 862 1062 excepit,
876 1022 961 1062 quod

177 1070 210 1101 in
221 1070 332 1101 cellam
344 1070 458 1101 Nitriae
469 1070 595 1106 montis,
608 1079 703 1110 quem
717 1070 843 1111 plurimi
856 1074 886 1102 et
896 1080 963 1102 mo—

177 1120 271 1152 nachi
285 1124 316 1152 et
326 1121 483 1161 peregrini
497 1121 597 1152 visere
611 1121 765 1158 solebant,
781 1123 898 1162 optime
914 1132 964 1154 ca-

179 1169 233 1200 dit.
249 1171 327 1209 Erga
343 1179 434 1210 quos,
454 1170 481 1201 si
497 1170 535 1201 ad
550 1171 655 1210 ipsum
673 1171 874 1210 accedebant,
897 1173 962 1204 Ma-

178 1220 297 1250 carium
320 1219 564 1251 Alexandrinum
598 1220 777 1253 hilariorem
810 1223 963 1263 Aegyptio

178 1270 314 1301 Macario
328 1270 437 1308 fuisse,
452 1274 545 1311 atque
561 1272 734 1303 urbanitate
759 1273 894 1313 quadam
913 1273 963 1303 iu-

179 1319 285 1351 niores
307 1320 346 1351 ad
365 1320 560 1361 disciplinam
579 1322 794 1354 monachicam
809 1323 962 1362 allexisse,

180 1369 324 1400 Socrates
338 1370 445 1401 nescio
460 1370 544 1401 unde
561 1371 683 1410 accepit
700 1371 752 1411 (5).

220 1419 263 1450 De
273 1420 393 1459 virgine
405 1420 625 1452 Thessalonica
640 1422 782 1459 oriunda,
799 1431 892 1462 quam
905 1424 966 1454 Ma-

181 1474 283 1502 carius
299 1472 526 1503 Alexandrinus
543 1472 614 1503 oleo
632 1476 739 1504 sancto
759 1474 846 1504 unxit
861 1475 965 1514 preci-

181 1520 305 1560 busque
322 1521 429 1560 viginti
444 1520 565 1552 dierum
579 1521 708 1559 sanavit,
733 1530 797 1552 non
816 1526 862 1553 est
879 1522 965 1563 quod

182 1570 390 1610 disputemus.
406 1571 504 1607 Quare
519 1571 558 1602 ad
571 1571 793 1602 monasterium
807 1571 968 1603 Pachomii

181 1628 201 1651 a
213 1620 270 1656 98
283 1621 416 1652 Macario
427 1621 560 1652 invisum
571 1625 774 1663 transeamus.
790 1622 878 1658 Quod
891 1630 965 1661 per-

181 1680 297 1711 magno
315 1680 447 1703 numero
465 1672 692 1703 monachorum
713 1672 869 1703 efﬂuxisse
888 1681 965 1703 con-

182 1724 300 1752 stanter
322 1721 453 1752 traditur
468 1721 521 1762 (6).
546 1722 712 1753 Macarium
732 1722 860 1762 quidem
881 1727 966 1754 veste

182 1772 320 1812 operarii
339 1772 484 1803 indutum
509 1773 696 1804 Pachomius
715 1777 837 1813 septem
856 1773 966 1804 diebus

182 1823 347 1854 admittere
371 1823 480 1854 noluit.
500 1823 559 1854 Ubi
583 1823 819 1860 animadvertas,
845 1823 966 1855 Pacho-

183 1873 239 1903 mii
254 1872 372 1911 regula,
394 1876 430 1904 ut
452 1873 578 1904 saeculo
592 1874 830 1904 renunciaturus
851 1883 968 1914 paucos

184 1926 252 1957 dies
278 1930 350 1958 ante
370 1927 494 1958 ianuam
522 1927 701 1958 monasterii
725 1930 901 1958 remaneret
919 1927 968 1958 di-

185 1986 345 2018 gnumque
373 1986 407 2008 se
434 1986 503 2009 esse
530 1979 719 2016 ostenderet,
741 1977 969 2019 praescriptum

221 2080 260 2116 (1)
280 2079 403 2108 Minutoli
420 2081 438 2108 I.
453 2081 471 2108 l.
489 2089 515 2116 p.
537 2081 580 2109 77.

221 2126 260 2160 (2)
280 2125 347 2153 Ibid.
364 2134 391 2161 ι).
408 2126 471 2154 204.

221 2172 259 2206 (3)
279 2171 462 2199 Tischendorl‘
475 2176 501 2199 et
517 2172 671 2200 Wilkinson
688 2173 707 2200 l.
723 2173 741 2200 l.
757 2181 840 2210 supra
856 2183 882 2209 p.
893 2173 921 2202 2.

1011 919 1079 950 solo
1100 919 1267 959 deﬁgendi,
1290 919 1383 950 tertio
1405 919 1456 950 die
1475 919 1619 955 daemon,
1649 918 1682 949 in
1703 918 1793 948 ﬂam-

1010 978 1093 1000 mam
1108 969 1190 1008 ignis
1206 977 1386 1006 conversus,
1407 969 1526 999 irritum
1546 968 1629 999 fecit.
1652 967 1710 1005 Qui
1728 972 1794 999 sto-

1012 1028 1110 1056 ream,
1123 1019 1155 1050 in
1168 1028 1229 1059 qua
1239 1028 1336 1050 senex
1346 1019 1456 1056 stabat,
1467 1019 1648 1056 combussit,
1660 1027 1797 1058 eumque

1010 1070 1115 1110 ipsum
1131 1070 1262 1101 adurere
1282 1070 1366 1101 visus
1389 1073 1445 1101 est.
1469 1070 1558 1100 Unde
1584 1069 1668 1100 hunc
1691 1069 1798 1108 ignem

1012 1129 1076 1152 non
1088 1121 1272 1161 phantasma
1283 1121 1444 1152 daemonis
1453 1121 1559 1158 fuisse,
1574 1120 1628 1151 sed
1642 1120 1703 1150 vim
1714 1128 1800 1150 com-

1012 1170 1146 1202 burendi
1160 1170 1305 1202 habuisse
1326 1170 1505 1201 credideris.
1523 1170 1695 1200 Daemones
1710 1177 1798 1205 vero,

1013 1220 1069 1260 qui
1091 1221 1191 1251 varias
1210 1221 1339 1251 omnino
1353 1221 1489 1251 induunt
1501 1219 1616 1250 formas
1628 1219 1701 1258 (13),
1716 1219 1800 1258 ignis

1013 1272 1119 1310 specie
1134 1271 1316 1311 apparuisse
1331 1274 1424 1311 atque
1439 1270 1620 1301 inCendium
1635 1269 1799 1306 excitasse,

1014 1322 1088 1353 alibi
1102 1322 1185 1353 haud
1199 1321 1290 1353 facile
1307 1321 1404 1360 leges.

1052 1373 1108 1408 99
1123 1374 1275 1404 Sacerdos
1287 1373 1353 1409 ille,
1368 1372 1423 1412 qui
1438 1371 1597 1402 fornicans
1623 1379 1710 1401 sacra
1729 1378 1802 1410 per-

1016 1427 1132 1462 egerat,
1157 1432 1220 1455 non
1240 1424 1301 1454 nisi
1311 1423 1382 1454 data
1394 1422 1466 1458 ﬁde,
1486 1429 1615 1452 munera
1629 1420 1801 1451 sacerdotis

1016 1481 1050 1503 se
1067 1482 1132 1504 non
1146 1474 1280 1514 amplius
1294 1471 1450 1504 obiturum
1465 1480 1545 1509 esse,
1563 1479 1581 1502 a
1602 1470 1734 1502 Macario
1749 1478 1800 1501 sa-

1017 1528 1119 1555 natur.
1135 1525 1255 1555 Veteris
1269 1524 1353 1555 enim
1374 1522 1524 1554 ecclesiae
1545 1520 1709 1561 disciplina
1729 1520 1801 1557 fuit,

1019 1578 1053 1605 ut
1067 1575 1224 1612 sacerdos,
1252 1574 1306 1614 qui
1330 1573 1432 1604 carnis
1452 1576 1616 1613 peccatum
1640 1574 1693 1602 aut
1717 1570 1802 1604 aliud

1019 1634 1111 1665 grave
1127 1626 1243 1656 crimen
1259 1624 1466 1660 commiserat,
1478 1632 1495 1654 a
1509 1622 1681 1654 ministerio
1698 1621 1803 1654 altaris

1019 1675 1239 1716 prohiberetur
1257 1678 1287 1705 et
1314 1675 1352 1705 ad
1373 1674 1523 1705 laicorum
1546 1673 1802 1704 communionem

1019 1727 1221 1765 redigeretur.
1245 1726 1337 1756 Cuius
1356 1724 1498 1764 exempla
1521 1727 1593 1753 sunt
1615 1722 1648 1752 in
1672 1722 1802 1753 Decreto

1020 1776 1157 1807 Gratiani
1172 1775 1232 1816 (14)
1243 1779 1274 1806 et
1288 1776 1320 1806 in
1331 1775 1418 1806 libris
1432 1773 1709 1814 poenitentialibus
1725 1772 1799 1814 (15).

1018 1827 1168 1858 Macarius
1191 1826 1358 1863 infelicem,
1379 1825 1430 1856 cui
1446 1824 1675 1856 funestissimus
1698 1823 1803 1854 cancri

1018 1878 1147 1909 morbus
1162 1877 1203 1908 ob
1218 1877 1300 1908 istud
1312 1879 1475 1917 peccatum
1491 1879 1556 1906 erat
1564 1875 1711 1911 inﬂictus,
1726 1881 1802 1905 num

1019 1928 1123 1959 credat
1134 1929 1229 1958 Deum
1241 1935 1321 1964 esse,
1338 1935 1433 1966 quem
1451 1925 1529 1956 nihil
1544 1925 1637 1955 lateat
1652 1933 1710 1955 nec
1720 1923 1804 1963 quis-

1019 1987 1113 2018 quam
1124 1977 1255 2009 illudere
1271 1977 1379 2018 possit;
1392 1984 1531 2015 numque
1548 1978 1716 2014 cognoscat
1729 1982 1804 2015 peo-

1019 2084 1146 2112 abscntes
1157 2084 1256 2112 vidisse
1273 2084 1300 2111 in
1310 2084 1369 2111 eius
1377 2083 1432 2110 vita
1446 2082 1549 2118 cappJ
1561 2086 1587 2110 et
1601 2082 1617 2109 6
1632 2082 1651 2108 l.
1668 2081 1686 2108 1.
1703 2080 1802 2116 p.508,

1021 2129 1047 2156 1.
1067 2129 1129 2162 314,
1149 2130 1166 2156 2
1187 2129 1294 2164 legitur.

1056 2174 1183 2208 (Il)llist.
1194 2174 1276 2201 Laus.
1286 2173 1330 2201 ed.
1341 2173 1441 2201 Meurs.
1450 2180 1510 2207 cap.
1518 2172 1563 2199 40.
1571 2171 1616 2199 29.
1626 2171 1643 2198 2
1652 2171 1802 2206 acpassim.

223 2218 259 2252 (4)
279 2217 396 2245 Passim.
424 2218 578 2246 Marcianus
603 2219 631 2245 in
662 2219 730 2246 cella
757 2228 809 2247 non
839 2221 962 2255 amplior:

1057 2220 1113 2254 (12)
1135 2219 1259 2246 Minutoli
1278 2219 1296 2247 1.
1315 2219 1332 2246 l.
1353 2227 1378 2254 p.
1395 2219 1455 2245 189.
1470 2218 1533 2245 202.

187 2271 302 2298 corpore
325 2272 375 2291 suo
394 2271 424 2291 se
449 2264 593 2292 inclusisse
610 2264 708 2300 legitur
722 2264 778 2297 νγ,
798 2265 851 2294 PP.
875 2266 967 2294 ltosw.

188 2308 235 2335 lib.
252 2307 287 2335 IX
300 2316 360 2344 cap.
370 2309 396 2335 5.

225 2354 262 2389 (5)
284 2354 362 2381 Socr.
385 2353 455 2382 Hist.
479 2353 553 2382 Eccl.
577 2353 611 2381 IV
631 2362 692 2390 cap.
713 2355 748 2382 ΞΕ
766 2356 809 2383 θαι.
831 2356 922 2384 Vales.
941 2363 969 2390 p.

187 2400 250 2426 234.

225 2446 263 2482 (ti)
282 2446 353 2474 Hist.
366 2445 448 2473 Laus.
471 2445 514 2473 ed.
534 2445 634 2473 Meurs.
654 2453 714 2482 cap.
733 2446 767 2475 39
782 2447 807 2474 in
824 2447 887 2479 fine,
900 2447 970 2482 Opp.

189 2490 290 2518 Πρω-ε.
315 2491 332 2518 l.
348 2491 366 2518 ι.
383 2499 410 2526 p.
428 2490 490 2517 456.
506 2489 565 2516 Vita
581 2490 609 2516 ἓ.
625 2490 763 2518 Pachomii
786 2499 845 2527 cap.
867 2493 883 2520 5
894 2513 901 2524 ,
914 2493 970 2520 AA.

190 2535 241 2563 SS.
260 2536 326 2562 Bell.
350 2535 412 2562 Mai.
433 2535 464 2563 Τ.
484 2534 515 2561 Ill
535 2543 561 2570 p.
581 2535 643 2562 510.
667 2535 695 2562 S.
712 2536 822 2564 Hieron.
838 2537 927 2565 Praef.
945 2539 971 2565 ill

189 2582 311 2617 regulam
334 2582 364 2609 S.
389 2581 529 2609 Pachomii
554 2580 678 2609 Holsten.
702 2581 770 2609 Cod.
792 2582 887 2618 ltegul.
910 2583 942 2611 Τ.
962 2583 972 2610 l

189 2635 215 2662 p.
232 2627 276 2654 25.

226 2674 263 2708 (7)
283 2673 383 2708 Regula
405 2673 434 2700 S.
459 2672 597 2700 Pachomii
627 2680 688 2708 cap.
709 2673 744 2702 49
769 2673 891 2702 Holsten.
915 2675 934 2702 l.
953 2675 970 2703 l.

189 2726 216 2754 p.
232 2717 278 2745 '28.

225 2764 264 2799 (8)
281 2763 342 2790 Vita
357 2763 385 2790 S.
401 2763 540 2792 Pachomii
556 2772 616 2800 cap.
637 2764 664 2796 1,
676 2764 695 2791 l.
711 2764 729 2791 l.
745 2773 770 2800 p.
790 2765 857 2799 297,
875 2766 903 2794 1.

225 2808 263 2844 (9)
284 2807 353 2835 Hist.
376 2808 456 2837 Laus.
477 2809 521 2837 ed.
538 2809 637 2837 Meuu.
659 2817 720 2844 cap.
735 2810 770 2837 29
784 2809 852 2846 Opp.
871 2811 972 2839 Meurs.

191 2853 210 2881 ι.
222 2853 240 2880 l.
254 2861 280 2888 p.
295 2853 357 2881 429.

227 2898 285 2935 (ω)
304 2899 478 2928 Pachomium
506 2908 550 2929 res
563 2901 687 2930 occultas
707 2901 868 2938 cognovisse
892 2907 973 2938 atque

1058 2266 1114 2297 (1'5)
1135 2265 1232 2300 Specie
1247 2264 1310 2300 galli
1325 2264 1468 2300 gallinacei
1481 2263 1601 2291 adhibita
1616 2262 1739 2290 diabolus
1753 2260 1804 2287 Pa-

1021 2311 1157 2338 chomium
1172 2315 1276 2338 tentare
1288 2314 1409 2337 conatur.
1425 2308 1486 2336 Vita
1498 2308 1526 2337 S.
1542 2308 1679 2335 Pachomii
1698 2315 1758 2341 cap.
1774 2305 1802 2333 Ξ.

1020 2357 1049 2384 ln
1069 2357 1154 2384 forma
1171 2357 1281 2392 vaporis
1304 2356 1441 2383 diabolum
1467 2362 1599 2391 apparere
1614 2353 1697 2380 tradit
1713 2352 1804 2379 Delrio

1022 2402 1140 2437 Disquis.
1158 2403 1256 2437 magic.
1269 2402 1314 2429 lib.
1331 2401 1397 2434 HQ.
1412 2402 1447 2429 28
1465 2400 1521 2428 3.2
1541 2401 1567 2435 p.
1586 2399 1648 2427 502.
1669 2399 1711 2426 ed.
1728 2398 1748 2424 l.

1060 2449 1115 2484 (14)
1130 2449 1198 2476 Can.
1212 2450 1228 2476 9
1243 2448 1310 2476 Dist.
1329 2449 1366 2476 L:
1384 2458 1392 2474 ι
1411 2448 1462 2481 Qui
1486 2447 1568 2482 igitur
1582 2450 1644 2482 post
1661 2447 1803 2479 acceptum

1022 2489 1130 2521 saclum
1146 2493 1268 2520 ordinem
1284 2494 1375 2528 lapsus
1387 2494 1414 2520 in
1439 2497 1578 2527 peccatum
1601 2490 1692 2517 carnis
1711 2489 1802 2520 fuerit,

1021 2547 1100 2567 sacro
1113 2540 1209 2567 ordine
1233 2540 1268 2567 ita
1286 2544 1389 2572 careat,
1407 2545 1435 2566 ut
1457 2539 1488 2566 ad
1504 2537 1598 2565 altaris
1622 2537 1803 2564 ministerium

1022 2586 1138 2613 ulterius
1154 2593 1207 2612 non
1228 2586 1349 2613 accedat.
1370 2595 1379 2611 ι
1398 2585 1466 2612 Tum
1491 2584 1556 2612 ibid.
1580 2590 1642 2611 ean.
1659 2583 1713 2610 10:
1729 2592 1739 2608 ι
1756 2582 1804 2610 Sin

1022 2635 1111 2658 autem
1124 2638 1184 2658 eum
1198 2630 1352 2658 fraternitas
1365 2634 1410 2657 tua
1425 2631 1505 2657 talem
1519 2629 1711 2665 poenitentiam
1726 2636 1806 2664 agere

1022 2676 1189 2710 cognoverit,
1209 2680 1240 2703 ut
1255 2676 1280 2704 ei
1298 2676 1368 2703 iuste
1383 2676 1416 2702 ad
1429 2675 1612 2710 recipiendam
1633 2675 1704 2703 inter
1721 2676 1806 2703 laicos

1022 2722 1242 2750 communionem
1256 2726 1283 2750 et
1299 2726 1363 2749 ante
1374 2723 1476 2749 exitum
1489 2721 1586 2749 debeat
1601 2722 1735 2755 misereri,
1756 2722 1807 2750 hoc

1022 2767 1050 2795 in
1068 2771 1130 2795 tuae
1151 2767 1332 2795 fraternitatis
1342 2767 1468 2802 ponimus
1486 2771 1631 2803 potestate.
1648 2778 1657 2794 ι
1675 2767 1718 2795 Cf.
1737 2767 1804 2796 ibid.

1022 2821 1084 2841 can.
1098 2814 1124 2841 8.
1142 2814 1185 2841 Η.
1204 2813 1246 2840 l2.

1058 2859 1113 2894 (15)
1130 2858 1189 2887 Lib.
1214 2858 1319 2886 Poenit.
1340 2858 1476 2888 Theodori
1493 2860 1622 2890 Cantuar.
1646 2859 1730 2887 XVIII
1747 2861 1760 2895 ξ
1782 2860 1805 2887 1.

1024 2904 1071 2933 Dic
1084 2905 1175 2934 latcin.
1187 2904 1472 2934 Poenitentialltucbcr
1483 2906 1530 2934 der
1539 2907 1741 2943 Angelsaclisen
1754 2913 1807 2932 von
