2060 3153
263 183 298 211 95
668 175 720 204 SS.
741 172 970 202 MACARIORUM
996 171 1157 200 AEGYPTII
1184 170 1229 198 ET
1252 169 1488 199 ALEXANDBINI
1851 167 1886 196 95

263 241 366 270 catum
376 245 480 274 suum,
490 236 673 274 interrogat.
687 236 771 272 Quae
782 242 880 274 quum
890 232 1050 264 annuisset
1065 235 1087 263 Α
1100 232 1151 269 rit,
1166 231 1308 263 invenire
1324 239 1389 262 non
1411 230 1511 271 potui.
1535 228 1590 261 Cui
1608 226 1787 266 Macarium,
1809 227 1886 268 quid

263 292 294 319 et
308 291 435 328 peccata
446 286 607 317 confessus
617 288 709 322 esset,
717 284 828 315 morbo
836 284 983 314 liberatus
990 286 1046 313 est.

263 338 416 378 Equidem
431 336 479 367 his
496 335 619 366 Macarii
640 333 937 372 interrogationibus
960 332 1048 363 ordi-

268 397 341 419 nem
363 387 401 418 ad
422 387 555 418 dandam
571 385 795 426 poenitentiam
815 387 881 415 tum
903 384 1050 414 usitatum

265 438 419 470 contineri
428 437 624 473 crediderim;
632 435 828 466 naminlibro
835 433 1051 474 poenitentiali

264 489 366 519 Bedae
385 487 558 528 presbyteri
571 486 610 528 (1)
627 486 771 517 sacerdos
790 485 944 517 consimili
956 484 1050 515 modo

266 539 481 579 poenitentem
503 538 651 578 primum,
673 545 747 567 num
763 536 795 566 in
814 536 911 566 Deum
932 534 1049 571 credat,

266 589 403 628 denique
415 597 488 619 num
498 591 625 628 peccata
635 587 693 627 ipsi
701 586 820 617 demitti
830 585 1052 620 velit,interro-

267 648 340 677 gare
354 638 488 669 iubetur.
505 637 572 667 Alio
583 633 686 667 cancri
702 637 823 672 morbo,
837 635 891 674 qui
904 639 1053 674 φαγέδαινα

267 689 495 723 nominabatur,
519 687 693 728 Stephanus
710 687 802 726 Libys
819 694 933 725 genere
943 693 1053 725 aegro-

267 741 349 768 tasse
363 737 476 776 legitur
484 736 538 776 (2).

308 788 352 817 De
361 787 474 818 iuvene
490 786 544 829 illo
558 795 576 817 a
586 785 740 816 daemone
750 787 871 822 vexato,
888 793 983 824 quem
993 784 1055 814 Ma-

269 837 370 869 carius
387 837 530 868 manibus
543 837 575 867 in
593 839 687 876 caput
704 840 734 866 et
749 844 804 866 cor
820 836 885 874 ejus
900 834 1054 874 impositis

1102 285 1253 322 portaret,
1267 280 1472 320 interroganti
1486 288 1675 320 responsum
1691 279 1797 310 datum
1812 281 1859 309 est
1877 286 1884 308 :

1100 343 1115 359 ε
1131 331 1219 362 Vexo
1241 339 1324 367 eum,
1344 331 1400 370 qui
1419 338 1471 361 me
1494 333 1623 360 vexat».
1644 327 1811 360 Consimile
1835 336 1885 359 re-

1100 389 1253 421 sponsum
1266 380 1421 412 Palladius
1440 381 1480 412 ab
1494 380 1627 418 Isidoro,
1641 388 1736 420 quem
1750 382 1887 410 interro-

1100 435 1234 471 gaverat,
1246 440 1302 463 cur
1311 434 1408 462 aetate
1419 432 1587 463 admodum
1596 433 1761 471 provectus
1771 438 1886 469 corpu-

1100 483 1222 514 sculum
1233 485 1419 519 contereret,
1427 481 1488 513 hoc
1499 482 1620 522 accepit
1635 490 1643 513 :
1659 492 1674 509 α
1686 480 1721 511 Id
1733 488 1786 511 me
1800 480 1885 511 occi-

1102 533 1157 570 dit,
1174 542 1232 572 ego
1246 533 1349 573 ipsum
1363 532 1502 563 occidam
1517 531 1558 572 (6)
1572 544 1600 562 n.
1624 544 1626 546 ·

1140 584 1191 621 Et,
1216 583 1294 614 haec
1315 582 1444 623 quidem
1467 585 1555 613 erant
1575 581 1753 614 adnotanda
1775 581 1814 612 ad
1837 588 1886 618 ea,

1103 643 1183 673 quae
1198 633 1230 664 in
1244 633 1405 665 codicibus
1420 632 1718 664 Vindobonensibus
1733 644 1748 660 ιι
1762 633 1886 668 DeMa-

1103 683 1186 713 cario
1198 682 1406 714 Alexandrino
1417 694 1430 710 ››
1445 682 1596 722 inscripta
1610 682 1765 721 leguntur.
1781 682 1827 713 Ad
1839 689 1890 712 ce-

1102 734 1179 769 tera,
1200 740 1280 772 quae
1295 732 1353 762 sub
1369 731 1448 762 falso
1462 731 1566 762 indice
1582 740 1589 761 :
1607 731 1674 762 «De
1692 732 1797 762 Marco
1811 742 1825 758 ››
1850 738 1889 761 ex

1102 783 1220 814 iisdem
1235 781 1397 813 codicibus
1424 781 1612 821 protulimus
1638 785 1669 812 et
1687 781 1727 812 ad
1753 780 1889 812 eundem

1104 832 1269 863 Macarium
1280 831 1522 862 Alexandrinum
1533 834 1673 872 spectare
1683 830 1887 868 ostendimus,

270 887 398 924 sanavit,
415 896 479 918 non
495 890 542 917 est
556 887 641 926 quod
656 886 853 917 disseramus.
870 886 981 916 Mirum
996 893 1053 916 au-
1070 904 1092 934 Β
1105 881 1470 934 haeuanimadyet'tenda
1484 884 1568 911 sunt.

269 941 334 967 tem
351 937 394 974 id,
417 936 501 976 quod
517 936 667 976 sequitur,
683 935 818 975 cuipiam
832 935 982 973 videatur,
998 944 1054 966 cur

270 987 403 1017 Macario
426 986 637 1017 Alexandrino
658 986 691 1017 in
711 989 848 1016 mentem
862 986 969 1017 venire
993 994 1054 1025 po-

271 1036 375 1073 tuerit,
402 1035 489 1066 adire
512 1037 644 1066 Romam
668 1039 821 1076 οἱκονομιας
840 1036 948 1074 gratia,
968 1039 1003 1066 ut
1021 1036 1054 1066 in

270 1087 358 1115 textu
372 1093 483 1123 graeco
497 1085 621 1123 legitur.
638 1085 697 1116 Sed
713 1094 730 1117 e
746 1086 778 1116 S.
797 1086 992 1126 Hieronymo
1005 1085 1054 1116 di-

271 1135 399 1172 scimus,
430 1144 469 1166 eo
491 1140 644 1176 tempore,
669 1146 733 1176 quo
749 1140 833 1168 totus
849 1138 958 1168 Oriens
978 1137 1056 1172 100

271 1185 435 1215 monachis
450 1185 605 1222 attinebat,
626 1187 745 1217 Romae
763 1190 858 1226 atque
877 1187 1007 1218 omnino
1022 1187 1055 1217 in

271 1235 438 1266 Occidente
461 1235 677 1267 monachicam
700 1237 793 1267 vitam
818 1237 851 1267 in
876 1237 983 1277 primis
1004 1237 1055 1267 in-

273 1285 436 1316 cunabulis
452 1285 594 1316 iacuisse.
610 1287 692 1323 Quae
705 1287 781 1318 inde
791 1287 830 1318 ab
840 1287 1056 1318 Alexandrinis

273 1333 476 1373 presbyteris,
502 1343 583 1374 papa
603 1335 768 1367 Athanasio
784 1344 821 1367 ac
842 1340 950 1376 postea
964 1337 1056 1368 Peto

273 1382 342 1413 eius
357 1391 549 1420 successore,
566 1383 620 1423 qui
638 1385 755 1416 Romae
773 1386 935 1417 exulantes
948 1387 978 1417 S.
993 1389 1056 1418 An-

273 1431 354 1461 tonii
372 1431 464 1462 vitam
484 1431 691 1470 divulgarunt,
717 1434 817 1473 prima
837 1435 870 1465 in
890 1435 1057 1468 Occidente

273 1481 361 1511 initia
372 1481 465 1520 cepit.
481 1481 557 1512 Nam
573 1482 691 1513 Romae
702 1491 796 1514 nemo
810 1488 939 1524 propter
946 1485 991 1516 rei
1002 1494 1058 1517 no-

274 1531 401 1562 vitatem
414 1531 658 1570 ignominiosum
671 1532 721 1563 vel
729 1536 820 1573 turpe
837 1543 953 1565 nomen
968 1536 1059 1566 adsu-

1145 930 1282 961 Primum
1302 929 1435 960 similem
1455 930 1582 969 gratiam
1609 927 1818 969 perspiciendi
1831 937 1888 960 cu-

1105 981 1201 1012 iusvis
1210 980 1357 1012 monachi
1367 981 1407 1012 ad
1417 984 1608 1012 sacramenta
1619 979 1794 1011 accedentis
1802 988 1890 1010 men-

1105 1034 1170 1062 tem
1183 1031 1331 1070 Eulogius
1348 1031 1514 1071 presbyter
1528 1031 1705 1071 possedisse
1718 1030 1793 1065 ιοι
1809 1029 1888 1068 legi-
1939 1042 1949 1050 -

1107 1085 1157 1112 tur
1173 1081 1226 1122 (7).
1243 1084 1376 1112 Ammon
1390 1090 1530 1122 quoque,
1541 1090 1638 1122 quum
1648 1081 1832 1112 sacriﬁcium
1845 1079 1891 1111 of-

1106 1132 1214 1170 ferret,
1227 1132 1303 1163 vidit
1312 1133 1457 1171 angelum
1467 1136 1599 1163 stantem
1612 1132 1644 1163 in
1655 1132 1762 1162 dextra
1774 1131 1888 1168 altaris,

1107 1182 1279 1222 fratresque
1286 1183 1325 1214 ad
1337 1192 1456 1214 sacram
1470 1183 1722 1214 communionem
1735 1182 1889 1213 acceden-

1108 1237 1156 1264 tes
1177 1234 1211 1264 in
1227 1233 1309 1264 libro
1331 1236 1491 1264 notantem
1507 1233 1561 1274 (8).
1581 1233 1666 1263 Alius
1685 1233 1777 1263 etiam
1795 1239 1892 1262 senex

1108 1284 1295 1315 sacriﬁcanti
1311 1284 1371 1315 sibi
1385 1293 1403 1315 a
1421 1284 1530 1315 dextra
1545 1287 1576 1314 et
1590 1293 1608 1315 a
1626 1283 1749 1314 sinistra
1763 1281 1891 1321 angelos

1109 1335 1265 1367 adstantes
1287 1336 1402 1367 vidisse
1421 1339 1563 1367 narratur
1584 1335 1637 1376 (9).
1660 1337 1703 1366 Ac
1726 1335 1891 1365 Macarium

1109 1386 1290 1424 dignitatem
1308 1385 1356 1416 vel
1369 1385 1584 1425 indignitatem
1596 1394 1716 1422 eorum,
1732 1385 1786 1424 qui
1799 1383 1837 1414 ad
1847 1383 1894 1414 al-

1109 1439 1175 1466 tare
1190 1435 1390 1474 accedebant,
1406 1436 1589 1475 cognovisse
1602 1434 1823 1473 legimuslibro
1841 1441 1894 1463 se-

1110 1486 1214 1517 cundo
1231 1485 1304 1526 (10).
1333 1485 1422 1522 Quod
1436 1486 1518 1516 idem
1542 1485 1581 1515 de
1594 1486 1697 1515 Marco
1708 1492 1783 1515 sene
1796 1485 1893 1515 Sozo-

1110 1544 1222 1566 menus
1248 1535 1308 1575 (11)
1333 1535 1448 1572 retulit,
1464 1534 1635 1566 Palladium
1648 1537 1784 1566 secutus.

275 1589 362 1612 mare
373 1589 411 1611 eo
429 1590 530 1621 usque
544 1590 638 1613 ausus
653 1586 719 1614 erat
730 1583 784 1623 (3).
800 1585 883 1616 Haec
902 1595 999 1625 quum
1018 1586 1056 1618 ita

1150 1586 1220 1616 Istis
1233 1588 1342 1615 autem
1353 1584 1457 1615 verbis
1480 1588 1637 1623 πολιοφάτε,
1653 1589 1731 1624 λῆρε,
1742 1589 1894 1625 φαγόγηρε,

276 1639 311 1662 se
333 1630 479 1668 habeant,
497 1631 625 1662 ubinam
639 1633 789 1664 Macarius
802 1634 980 1666 uberiorem
999 1636 1058 1667 ho-

275 1682 378 1712 mines
398 1682 528 1713 sanandi
549 1685 580 1713 et
597 1683 661 1714 Deo
682 1685 903 1716 reconciliandi
924 1695 1059 1718 messem

275 1731 418 1762 invenire
431 1733 542 1772 potuit,
561 1741 655 1772 quam
669 1735 798 1772 Romae,
816 1735 900 1766 unde
915 1736 1058 1774 Ruﬁnus,

276 1780 308 1810 S.
319 1780 541 1820 Hieronymus,
557 1782 703 1820 Melania,
711 1784 864 1821 Marcella,
881 1785 984 1822 Paula,
995 1786 1059 1824 alii,

277 1834 314 1862 ut
327 1840 438 1862 senum
460 1831 552 1863 vitam
570 1838 795 1872 cognoscerent
810 1838 842 1866 et
854 1835 1059 1873 imitarentur.

275 1882 310 1912 in
319 1885 494 1922 Aegyptum
507 1883 715 1915 ventitabant?
722 1885 821 1916 Verba
831 1892 985 1928 οἰκονομίας
991 1898 1063 1928 gra-

277 1934 324 1964 tia
334 1942 398 1964 non
412 1933 452 1964 ad
462 1934 728 1974 dispensationem
742 1945 846 1968 rerum
856 1939 1060 1977 terrestrium,

277 1992 342 2023 quo
357 1992 452 2014 sensu
468 1993 528 2015 vox
540 1984 594 2015 illa
606 1989 652 2016 est
666 1985 699 2016 in
708 1986 834 2018 Palladii
844 1988 946 2028 capite
961 1989 999 2020 de
1010 1990 1063 2020 Se-

277 2034 420 2074 rapione,
445 2043 521 2065 sene
545 2035 682 2074 regionis
695 2037 865 2068 Arsenoitis
885 2037 937 2078 (4),
953 2031 1008 2069 sed
1023 2039 1062 2070 ad

278 2083 545 2123 dispensationem
557 2084 716 2121 virtutum,
738 2094 816 2125 quas
832 2095 850 2116 a
863 2086 982 2118 Christo
996 2088 1062 2118 Ma-

278 2132 381 2163 carius
394 2135 568 2172 acceperat,
584 2133 754 2163 retulerim.
770 2134 855 2164 Sicut
868 2142 942 2165 vero
958 2136 1060 2166 Maca-

278 2181 344 2212 rius
362 2189 456 2212 arena
467 2180 606 2211 humeris
620 2181 766 2220 imposita
783 2182 987 2220 cogitationes
1004 2191 1062 2213 xe-

1111 1635 1225 1675 quibus
1244 1635 1406 1672 Macarius,
1432 1644 1528 1674 quum
1537 1635 1570 1665 in
1583 1638 1720 1666 extrema
1733 1639 1896 1666 senectute

1109 1686 1143 1717 in
1158 1686 1239 1717 cella
1250 1685 1383 1722 sederet,
1400 1694 1435 1716 se
1451 1685 1519 1725 ipse
1532 1685 1697 1725 increpuit,
1712 1686 1743 1715 S.
1759 1686 1894 1716 Antonio

1111 1738 1142 1766 et
1155 1735 1251 1766 Paulo
1267 1734 1403 1774 simplici
1421 1734 1606 1765 daemonem
1625 1734 1780 1775 quendam
1795 1735 1892 1766 male-

1111 1784 1229 1815 dixisse
1250 1784 1329 1823 legis
1345 1783 1418 1824 (12).
1441 1785 1549 1824 Neque
1570 1784 1741 1823 incongrue
1762 1784 1800 1815 iis
1811 1784 1893 1815 dicta

1111 1835 1350 1871 contumeliosa,
1383 1835 1497 1875 quibus
1525 1844 1646 1866 summa
1669 1835 1893 1866 incontinentia

1111 1885 1316 1924 signiﬁcetur,
1333 1893 1454 1916 cernas.

1150 1935 1194 1965 De
1205 1935 1306 1966 caecis
1315 1934 1457 1974 hyaenae
1471 1934 1520 1965 vel
1534 1934 1663 1965 leaenae
1673 1933 1782 1965 catulis
1791 1943 1808 1965 a
1819 1942 1894 1965 sene

1113 1985 1210 2015 eremi
1231 1984 1347 2015 sanatis
1364 1984 1459 2014 etiam
1475 1983 1625 2023 Sulpitius
1646 1985 1777 2014 Severus
1797 1983 1894 2014 tradi-

1113 2033 1157 2064 dit
1172 2032 1231 2073 (13)
1244 2056 1252 2070 ,
1269 2033 1324 2072 qui
1342 2041 1450 2063 senem
1474 2032 1582 2062 oculos
1596 2040 1705 2062 eorum
1728 2033 1895 2064 restituen-

1112 2086 1175 2113 tem
1204 2091 1270 2113 non
1301 2081 1486 2118 nominavit,
1508 2084 1645 2112 attamen
1682 2091 1750 2111 cum
1777 2082 1896 2113 duobus

1114 2133 1240 2164 Nitriae
1253 2132 1412 2162 monachis
1428 2131 1501 2161 olim
1517 2131 1552 2161 in
1567 2133 1751 2163 monasterii
1765 2142 1894 2163 conver-

1113 2181 1232 2212 satione
1243 2190 1350 2212 carum
1365 2185 1394 2211 et
1402 2180 1592 2220 familiarem
1601 2181 1710 2219 fuisse,
1732 2187 1760 2212 et
1777 2182 1893 2212 duode-

278 2231 434 2263 nodoxiae
448 2232 652 2272 impugnavit,
669 2232 711 2263 ita
726 2233 922 2264 Palaemonis
936 2233 1063 2264 hortatu
1079 2255 1100 2282 Β
1114 2232 1174 2261 cim
1183 2241 1283 2262 annos
1296 2232 1330 2262 in
1341 2236 1476 2261 extremo
1487 2230 1541 2261 illo
1553 2231 1672 2261 deserta
1684 2231 1896 2262 Blembiscom

278 2282 464 2314 Pachomius
472 2292 598 2314 arenam
604 2283 757 2324 portando
764 2283 905 2323 abegisse
915 2291 1060 2314 somnum
1079 2281 1085 2282 ⁷
1114 2282 1199 2321 tiguo
1209 2281 1427 2312 anachoretam
1435 2281 1588 2312 habitasse
1599 2281 1651 2312 ait.
1662 2282 1721 2313 Ubi
1729 2290 1786 2322 pro
1798 2282 1897 2312 Blem—

278 2331 392 2371 legitur
407 2331 460 2373 (5).
472 2332 544 2368 Quis
558 2332 610 2364 ille
623 2332 815 2364 Theosebius
829 2335 985 2363 cosmetor
993 2331 1061 2364 fue-

280 2460 327 2488 ΒΓ.
343 2460 388 2488 Fr.
403 2459 575 2488 Kunslmann
587 2460 675 2488 Mainz
689 2461 758 2489 ιειι
777 2469 803 2496 p.
821 2461 865 2489 56.
879 2460 949 2489 Beda
964 2461 999 2488 de
1016 2468 1059 2488 re-

1114 2332 1161 2364 bis
1174 2332 1208 2364 in
1221 2332 1408 2364 collectione
1429 2333 1583 2364 Rosweidi
1603 2332 1693 2371 falso,
1716 2337 1750 2364 ut
1770 2333 1894 2374 opinor,

1149 2458 1188 2494 (6)
1204 2457 1271 2485 Hist.
1289 2458 1372 2486 Laus.
1395 2458 1441 2486 ed.
1464 2458 1566 2487 Meurs.
1583 2466 1644 2493 cap.
1666 2458 1684 2485 Ξ
1698 2459 1766 2494 Opp.
1794 2459 1893 2487 Meurs.

280 2506 378 2533 mediis
402 2511 588 2541 peccatorum,
603 2507 668 2534 ibid.
690 2514 717 2541 p.
738 2507 800 2534 155.
817 2506 922 2534 Similia
946 2507 974 2535 in
1000 2508 1062 2536 aliis
1112 2505 1132 2532 Ι.
1146 2505 1204 2540 Lp.
1217 2505 1279 2532 569.

280 2551 357 2580 libris
376 2552 614 2586 poenitentialibus
627 2553 763 2588 leguntur.

316 2596 355 2632 (ι)
373 2597 439 2624 Ibid.
453 2605 479 2632 p.
497 2597 558 2626 us.

281 2677 300 2705 δ
316 2642 541 2712 (β)νιὶίᾓοῖλειιθ,
556 2644 601 2673 ed.
624 2643 726 2673 Meurs.
743 2653 804 2681 cap.
818 2645 851 2672 Si
874 2644 943 2681 Opp.
961 2645 1061 2675 Meurs.

317 2724 356 2758 (5)
372 2724 401 2751 S.
419 2724 529 2752 Hieron.
542 2733 584 2760 ep.
601 2725 662 2753 127.

1150 2549 1188 2584 (τ)
1205 2548 1272 2576 Ibid.
1284 2556 1345 2584 cap.
1357 2548 1391 2576 76
1404 2557 1430 2584 p.
1447 2549 1509 2577 557.

1150 2594 1188 2629 (8)
1204 2593 1272 2621 Ibid.
1285 2601 1345 2628 cap.
1359 2593 1395 2620 73
1408 2601 1434 2628 p.
1446 2593 1507 2621 536.

1149 2639 1186 2675 (9)
1203 2638 1260 2667 νγ.
1273 2639 1327 2667 PP.
1339 2639 1433 2667 Rosw.
1445 2640 1493 2667 lib.
1512 2639 1534 2666 X
1550 2647 1610 2675 cap.
1628 2639 1679 2667 199
1693 2648 1720 2676 p.
1735 2640 1798 2674 927,
1808 2641 1835 2669 ἓ.

1150 2685 1207 2722 (10)
1221 2686 1263 2714 Cl‘.
1280 2685 1351 2713 infra
1365 2686 1453 2721 Caput
1469 2685 1512 2713 IV.

1148 2731 1327 2767 (it);Sozom.
1340 2731 1410 2759 Hist.
1426 2731 1533 2758 Eccles.
1544 2731 1591 2758 lib.
1606 2731 1638 2758 VI
1655 2739 1716 2768 cap.
1731 2733 1766 2760 29
1780 2733 1824 2761 ed.
1840 2731 1894 2760 Va-

317 2769 355 2803 (4)
376 2769 446 2797 llist.
467 2769 549 2799 Laus.
561 2771 604 2799 ed.
622 2771 721 2800 Meurs.
744 2780 804 2808 cap.
819 2773 853 2800 77
873 2774 941 2809 Opp.
961 2773 1061 2802 Meurs.
1112 2776 1164 2804 les.
1179 2785 1208 2812 p.
1230 2777 1292 2805 68L

282 2821 309 2850 p.
323 2814 384 2841 531.

318 2860 356 2895 (5)
371 2861 429 2888 Vita
445 2861 472 2889 S.
488 2861 625 2891 Pachomii
642 2870 703 2899 cap.
719 2863 744 2897 Ι,
767 2864 823 2891 AA.
841 2864 890 2893 SS.
908 2865 974 2894 Boil.
998 2866 1058 2894 Mai.

284 2905 317 2933 Τ.
333 2905 365 2934 ιιι
380 2915 403 2942 p,
421 2907 482 2934 297.

1149 2822 1204 2857 (1‘2)
1222 2823 1292 2850 Hist.
1312 2822 1394 2850 Laus.
1411 2822 1455 2850 ed.
1476 2823 1577 2850 Meurs.
1596 2831 1656 2858 cap.
1674 2824 1708 2851 ‘29
1724 2832 1749 2859 p.
1765 2825 1827 2852 456.

1150 2868 1206 2902 (‘15)
1229 2868 1298 2896 Dial.
1316 2868 1323 2895 I
1339 2869 1447 2903 cap.”
1459 2868 1585 2896 Galland.
1601 2869 1669 2896 Bibl.
1687 2870 1736 2898 PP.
1751 2870 1782 2899 T.
1799 2870 1854 2898 VIII
1867 2879 1890 2906 ρ.

1113 2914 1175 2946 407,
1192 2915 1215 2948 t,
1230 2914 1317 2950 Hisne
1332 2914 1433 2942 Patrol.
1450 2914 1481 2941 T.
1498 2914 1546 2941 XX
1560 2922 1586 2949 p.
1605 2916 1664 2943 193.
