2060 3153
158 182 195 212 ﬂ
905 180 937 208 VI

989 179 1017 208 E.
1729 181 1763 210 98

160 239 315 280 Memphis
330 238 370 280 (l)
386 241 447 275 est;
465 245 537 269 nam
547 238 703 270 desertum
717 239 854 279 Memphi
864 247 938 270 con-
951 243 973 271 A
989 238 1189 270 desideraret.
1209 239 1410 270 Postmodum
1426 239 1459 270 in
1477 238 1537 270 hoc
1549 238 1619 270 loco
1635 246 1699 269 non
1718 241 1764 270 est

160 291 282 329 tiguum
291 289 340 320 vix
353 292 525 320 extremum
537 289 705 320 vocaveris.
718 291 760 320 Ac
770 290 939 326 desertum,

160 340 194 370 in
205 349 268 379 quo
274 339 459 370 anachoreta
466 338 597 376 vivebat,
604 340 821 378 aNitrialonge
828 339 941 370 distare

161 399 231 422 cum
248 389 397 429 Sulpitius
412 389 543 419 Severus
564 389 631 429 ipse
648 393 762 426 narrat,
777 393 843 420 tum
866 389 940 420 inde

161 443 253 481 patet,
260 439 345 480 quod
352 439 397 470 illi
403 439 517 470 Nitriae
523 439 669 471 monachi
675 440 807 480 septimo
815 439 940 470 demum

158 499 266 521 mense
279 490 311 521 id
327 490 517 520 invenerunt
527 489 580 529 (2).
596 490 741 521 Blembos
755 498 828 521 vero
841 489 942 528 Sulpi-

157 539 219 570 tius
236 540 370 570 Severus
385 539 561 579 Blemmyes
577 547 689 570 vocare
702 539 833 574 videtur,
855 539 939 568 Stra-

156 589 239 620 bone
253 593 385 621 testante
414 589 454 629 (3)
483 588 670 629 Aethiopum
691 588 840 624 subditos,
863 588 940 623 102

154 639 316 679 Aegyptiis
335 639 493 670 ﬁnitimos.
510 639 633 669 Etenim
648 638 797 678 Sulpitius
809 637 939 670 Severus

155 689 262 728 paullo
284 692 367 728 post,
393 688 625 720 adolescentem
648 688 817 727 quendam,
842 697 939 728 quum

154 738 189 769 in
203 740 346 778 Aegypto
368 739 511 769 tribunus
530 742 623 775 esset,
646 738 859 778 frequentibus
879 740 937 770 ad-

155 798 280 819 versum
290 788 429 818 Blemboa
440 788 690 828 expeditionibus
700 790 853 828 quaedam
867 799 937 821 ere-

157 838 201 869 mi
213 838 282 869 loca
304 839 468 877 contigisse
486 838 540 878 (4),
564 842 678 870 narrat.
699 840 782 875 Quae
807 840 936 879 expedi-

157 888 260 919 tiones
269 888 343 928 quin
353 892 459 919 contra
470 888 646 928 Blemmyes
657 889 816 927 nomades,
829 890 936 920 finium

159 938 289 977 Aegypti
299 937 429 973 accolas,
441 937 540 968 factae
550 938 622 974 sint,
633 938 684 968 vix
692 938 821 969 dubium
829 943 874 970 est
883 940 935 979 (5).

157 987 218 1018 Sed
228 986 390 1017 Macarium
401 986 643 1017 Alexandrinum
658 986 824 1018 duodecim
838 996 938 1019 annos

157 1037 190 1068 in
223 1037 279 1067 ista
304 1037 499 1076 Blemmyum
523 1045 628 1067 eremo
651 1037 869 1068 anachoretam
891 1039 937 1069 vi-

156 1087 248 1123 xisse,
267 1087 298 1117 id
314 1086 400 1125 quod
410 1086 484 1116 alibi
498 1094 563 1117 non
573 1086 715 1122 traditur,
725 1087 793 1117 solo
806 1087 937 1127 Sulpitio

155 1139 232 1167 teste
247 1145 312 1166 non
327 1135 533 1172 crediderim;
550 1136 578 1166 is
597 1136 680 1166 enim
700 1144 765 1166 rem
784 1136 866 1167 fama
883 1145 937 1168 ac-

154 1187 249 1226 cepit,
266 1196 359 1227 quam
372 1186 517 1217 Palladio
530 1186 736 1226 Paphnutius,
751 1187 874 1218 Macarii
888 1187 936 1218 di-

154 1237 304 1277 scipulus,
322 1237 438 1273 retulit,
453 1236 508 1276 qui
524 1236 701 1272 Macarium,
717 1245 814 1275 quum
830 1237 938 1268 catulis

154 1287 264 1318 oculos
277 1286 462 1322 restitueret,
483 1286 565 1316 domi
587 1287 621 1317 in
640 1285 715 1316 aula
730 1285 824 1316 cellae
840 1287 938 1325 ipsius

154 1336 272 1367 sedisse
285 1335 373 1366 dixit.
388 1334 611 1366 Familiaritatis
623 1337 727 1365 autem
741 1343 852 1366 senum
865 1344 937 1366 cum

154 1386 229 1417 feris
243 1385 376 1425 plurima
390 1384 534 1425 exempla
546 1384 747 1416 inveniuntur
760 1384 814 1425 (6).
826 1385 938 1416 Ludol-

154 1435 204 1467 fus
219 1443 346 1476 quoque
357 1444 455 1475 quum
469 1444 550 1466 saec.
562 1435 628 1465 XIV
643 1435 849 1466 Palaestinam
862 1436 939 1467 invi-

155 1489 250 1522 seret,
266 1485 306 1516 de
321 1485 412 1516 terris
424 1485 551 1516 Jordani
565 1485 777 1518 adiacentibus
787 1487 863 1519 haec
874 1492 936 1519 tra-

155 1534 231 1566 didit
248 1543 256 1566 :
276 1547 289 1562 ι
302 1536 402 1575 Supra
420 1535 539 1566 ﬂuxum
556 1536 699 1567 Jordanis
716 1541 788 1568 sunt
806 1538 937 1578 plurima

990 289 1073 320 visus
1086 288 1146 325 leo,
1163 289 1218 319 sed
1228 297 1320 328 quam
1329 289 1462 329 plurima
1472 289 1583 320 damna
1595 288 1696 320 intulit
1709 289 1766 320 ho.

990 339 1124 370 minibus
1134 342 1166 370 et
1173 339 1318 371 iumentis
1345 339 1397 379 (7).
1411 350 1426 367 »

1029 390 1126 420 Porro
1141 398 1276 426 causam,
1297 398 1352 420 cur
1361 389 1522 426 Macarius,
1535 398 1573 419 ex
1584 397 1647 429 quo
1662 390 1763 430 bapti-

990 443 1075 471 zatus
1104 444 1151 471 est
1174 443 1329 480 tempore,
1347 440 1540 480 septuaginta
1568 440 1656 470 annis
1677 439 1764 470 humi

989 498 1054 520 non
1064 490 1193 530 spuerit,
1207 490 1297 521 aliam
1312 490 1412 520 nisiut
1422 489 1642 521 conﬁdentiam
1658 492 1763 520 osten-

990 539 1088 576 deret,
1121 548 1184 571 non
1211 540 1347 570 invenio.
1369 540 1428 570 Sed
1445 539 1501 579 pili
1517 535 1633 570 barbae
1655 539 1695 570 ob
1714 539 1764 570 ni-

989 589 1084 620 miam
1105 590 1357 621 exercitationem
1385 589 1478 620 etiam
1501 589 1611 620 Joanni
1629 589 1661 619 in
1683 590 1765 629 Lyco

989 647 1053 670 non
1075 639 1158 670 enati
1181 648 1248 670 esse
1268 639 1413 678 leguntur
1436 638 1610 678 (8).Ultima
1630 639 1765 678 denique

988 688 1046 718 ista
1061 689 1196 719 narratio
1221 688 1259 719 de
1283 687 1533 726 cogitationibus,
1562 695 1642 726 quae
1665 687 1764 718 Palla-

988 739 1073 769 dium
1083 739 1168 769 abire
1178 738 1335 775 iusserint,
1346 738 1431 778 quod
1443 738 1521 769 nihil
1532 741 1637 777 ageret
1646 738 1678 768 in
1690 738 1764 768 soli-

988 788 1116 825 tudine,
1142 788 1225 819 varie
1257 787 1378 819 exculta
1404 787 1480 819 alibi
1503 796 1629 828 quoque
1653 795 1765 819 occur-

988 839 1027 869 rit
1044 838 1096 878 (9).

1027 890 1041 926 ς
1064 889 1112 919 24.
1124 890 1160 920 Et
1174 888 1251 920 haec
1269 888 1395 929 quidem
1416 888 1454 919 ad
1472 891 1564 928 caput
1586 887 1710 919 Palladii
1727 888 1765 918 de

989 940 1123 971 Macario
1155 939 1363 970 Alexandrino
1387 938 1603 969 illustrandum
1635 937 1765 969 dicenda

991 993 1089 1021 erant.
1101 991 1222 1027 Restat,
1237 992 1271 1020 ut
1289 992 1423 1029 quatuor
1439 987 1642 1024 narrationes,
1654 987 1767 1026 quibus

990 1043 1109 1071 textum
1124 1049 1141 1071 a
1155 1040 1289 1071 Meursio
1308 1039 1424 1070 editum
1445 1037 1632 1077 Hervetique
1647 1037 1765 1068 versio—

990 1099 1063 1121 nem
1080 1091 1113 1121 in
1125 1090 1179 1121 illo
1193 1091 1293 1130 capite
1303 1089 1464 1121 codicibus
1474 1086 1767 1119 Vindobonensibus

991 1141 1164 1180 ceterisque
1179 1140 1372 1171 versionibus
1381 1138 1618 1179 locupletiorem
1631 1145 1698 1168 esse
1708 1137 1764 1167 do-

991 1191 1122 1228 cuimus,
1152 1190 1375 1221 examinemus.
1405 1190 1487 1225 Quae
1509 1187 1635 1227 quidem
1658 1185 1767 1225 capitis

989 1239 1080 1270 initio
1096 1242 1166 1279 post
1180 1238 1307 1270 Palladii
1319 1238 1423 1273 verba,
1433 1236 1552 1267 Macarii
1568 1235 1767 1266 Alexandrini

993 1287 1070 1322 103
1082 1287 1141 1317 alia
1156 1295 1189 1317 se
1203 1287 1306 1326 ipsum
1317 1286 1429 1316 vidisse
1443 1293 1538 1324 opera
1553 1288 1584 1315 et
1599 1285 1696 1323 signa,
1708 1283 1766 1315 alia

991 1345 1024 1368 se
1039 1337 1078 1367 ab
1093 1336 1142 1373 iis,
1160 1337 1213 1376 qui
1225 1345 1288 1367 una
1300 1344 1371 1367 cum
1391 1344 1429 1367 eo
1443 1335 1585 1371 vixerint,
1610 1334 1767 1370 didicisse,

990 1386 1032 1417 ita
1041 1387 1204 1425 leguntur:

1030 1449 1044 1465 α
1062 1438 1092 1468 Is
1106 1445 1203 1476 quum
1218 1435 1300 1476 apud
1312 1439 1431 1475 patrem
1444 1435 1612 1466 Antonium
1622 1443 1767 1474 magnum

991 1487 1108 1519 electos
1131 1487 1290 1527 quondam
1318 1486 1439 1526 palmae
1462 1494 1581 1522 ramos,
1608 1493 1689 1526 quos
1716 1485 1768 1516 ille

989 1538 1149 1574 tractabat,
1175 1537 1311 1574 vidisset,
1336 1545 1433 1567 unum
1455 1536 1494 1566 ab
1518 1543 1556 1567 eo
1575 1535 1768 1575 manipulum

155 1587 343 1617 Graecorum
359 1591 390 1618 et
410 1585 685 1619 SEhismat-icorum
703 1588 889 1619 monasteria
910 1593 939 1619 et
952 1590 973 1619 C
989 1596 1145 1618 ramorum
1161 1587 1260 1627 petiit.
1276 1586 1330 1617 Cui
1346 1587 1496 1617 Antonius
1512 1595 1519 1616 :
1535 1585 1688 1625 Scriptum
1711 1589 1767 1622 est,

155 1637 330 1668 eremitoria
343 1637 486 1676 gratiosa.
497 1638 733 1670 Juxtaeundem
753 1639 872 1670 ﬂuxum
889 1639 938 1670 in—

990 1637 1102 1677 inquit,
1126 1638 1195 1668 Non
1225 1636 1430 1676 concupisces
1457 1644 1507 1666 res
1537 1635 1671 1675 proximi
1705 1635 1763 1666 tui.

154 1686 357 1718 numerabilia
384 1690 553 1718 cernuntur
597 1688 740 1719 animalia
791 1689 941 1720 silvestria
990 1687 1078 1723 Quod
1093 1687 1195 1718 solum
1217 1695 1313 1726 quum
1334 1685 1470 1723 dixisset,
1493 1686 1570 1717 rami
1584 1694 1694 1717 omnes
1706 1688 1768 1716 sta-

155 1745 247 1776 parva
265 1739 295 1767 et
312 1745 424 1775 magna
443 1737 529 1768 omni
544 1745 674 1777 vespere
688 1745 722 1768 se
741 1738 939 1777 adaquantia,

154 1785 332 1826 specialiter
351 1786 471 1823 leones,
491 1785 613 1826 vulpes,
639 1786 787 1826 capreoli,
812 1787 894 1818 cervi
911 1792 942 1818 et

155 1835 290 1875 lepores,
307 1836 393 1876 capri
407 1836 564 1867 silvestres
578 1840 610 1866 et
624 1835 803 1867 huiusmodi
820 1836 939 1867 anima-

990 1737 1045 1768 tim
1060 1741 1208 1776 tanquam
1227 1737 1292 1775 igni
1305 1736 1461 1767 torrefacti
1483 1739 1565 1766 sunt.
1585 1736 1619 1766 ld
1636 1736 1690 1767 ubi
1705 1738 1767 1766 An—

990 1788 1094 1819 tonius
1113 1787 1200 1824 vidit,
1223 1787 1368 1823 Macario,
1396 1787 1486 1822 Ecce,
1507 1786 1619 1825 inquit,
1643 1785 1769 1826 spiritus

990 1837 1142 1877 requievit
1153 1838 1298 1876 superte,
1313 1836 1436 1875 erisque
1447 1834 1522 1865 mihi
1537 1835 1686 1874 deinceps
1699 1834 1770 1865 hac-

155 1886 208 1924 lia,
223 1895 303 1926 quae
315 1887 400 1918 iuxta
418 1887 563 1918 homines
581 1886 732 1918 incedunt
748 1890 782 1917 ut
797 1887 941 1918 animalia
989 1895 1039 1918 res
1050 1887 1196 1917 virtutum
1210 1894 1360 1917 mearum.

156 1936 337 1968 domestica.
358 1938 394 1969 In
419 1938 531 1968 eodem
554 1937 627 1968 loco
646 1937 843 1977 temporibus
862 1937 940 1968 meis

155 1989 240 2018 trans
252 1987 351 2026 ripam
360 1986 504 2018 Iordanis
518 1987 567 2018 leo
583 1987 711 2018 adsidue
730 1995 798 2018 esse
808 1987 938 2024 solebat,

1030 1947 1045 1964 «
1061 1936 1202 1967 Eundem
1218 1943 1350 1975 corpore
1364 1935 1451 1965 valde
1462 1934 1661 1975 defatigatum
1674 1936 1706 1966 in
1721 1943 1770 1966 so-

989 1986 1268 2017 litudinediabolus
1281 1986 1409 2022 invenit,
1419 1985 1510 2026 eique
1525 1995 1532 2016 :
1549 1987 1641 2024 Ecce,
1656 1986 1767 2026 inquit,

157 2040 188 2067 et
200 2036 344 2068 homines
363 2039 560 2067 transeuntes
572 2037 693 2076 aspexit
711 2037 846 2068 etcauda
855 2036 943 2068 blan-
991 2037 1119 2076 gratiam
1145 2036 1270 2067 Antonii
1295 2037 1456 2077 accepisti;
1483 2046 1538 2068 cur
1560 2037 1684 2067 tandem
1706 2046 1769 2068 non

155 2086 245 2117 diens
259 2093 346 2117 more
359 2086 442 2117 canis
456 2090 486 2117 et
502 2095 565 2117 non
579 2086 667 2126 fugit,
685 2095 743 2117 nec
759 2087 798 2117 de
817 2087 867 2117 die
881 2087 940 2117 ali-

155 2134 205 2165 cui
231 2133 347 2173 aliquid
370 2134 474 2165 damni
502 2134 616 2165 intulit.
648 2135 786 2166 Tandem
812 2135 939 2175 quidam

155 2183 327 2222 sagittarius
344 2187 461 2222 noster,
471 2184 579 2215 volens
597 2193 668 2216 eum
688 2188 805 2216 terrere
824 2189 854 2216 et
867 2186 938 2216 irri-

155 2233 230 2268 tare,
256 2233 395 2271 sagittam
422 2232 535 2263 emisit.
559 2234 621 2264 Leo
644 2242 678 2264 se
700 2242 764 2265 non
783 2235 937 2272 movebat,

155 2281 210 2311 sed
225 2281 262 2312 ad
279 2282 420 2321 sagittam
440 2283 599 2320 adorabat,
625 2287 657 2314 et
674 2292 746 2315 cum
764 2284 817 2315 ille
833 2285 936 2316 denuo

155 2332 293 2370 sagittam
318 2333 482 2369 emitteret,
505 2333 555 2364 leo
574 2343 608 2364 se
626 2334 743 2365 directe
759 2338 866 2366 contra
884 2344 935 2366 sa-

154 2380 259 2419 gittam
270 2382 378 2418 erexit,
399 2382 488 2420 quasi
498 2391 552 2413 ore
564 2386 594 2413 et
604 2383 735 2423 pedibus
745 2392 813 2414 eam
823 2392 935 2424 capere

189 2448 227 2484 (t)
248 2448 302 2476 vv.
320 2449 370 2476 rp.
384 2449 474 2477 Rosw.
491 2449 537 2476 lib.
554 2449 587 2477 tv
605 2458 664 2486 cap.
678 2451 695 2478 8
707 2458 735 2486 p.
752 2451 813 2484 ato,
828 2452 854 2478 ε.

190 2495 229 2529 (2)
251 2494 318 2522 Dial.
338 2495 357 2527 I,
371 2496 388 2521 l.
403 2495 420 2522 l.

190 2538 228 2573 ('5)
243 2537 396 2573 Geograplt.
408 2539 455 2566 lih.
472 2538 542 2565 XVII
557 2539 645 2568 initio.

189 2584 227 2618 (4)
254 2583 324 2611 Dial.
343 2583 350 2610 Ι
367 2592 427 2620 cap.
444 2585 479 2611 22
494 2584 619 2612 Galland.
636 2584 705 2612 Bibl.
728 2585 780 2613 PP.
803 2585 821 2612 Ι.
836 2586 855 2612 Ι.
871 2586 934 2618 408,

152 2629 181 2660 2,
200 2629 290 2664 Migne
309 2630 327 2656 |.
347 2630 364 2657 l.
385 2638 409 2665 p.
429 2630 490 2657 19⁵1.

188 2675 226 2710 (5)
241 2675 345 2702 Plinius
360 2676 432 2710 (Nat.
445 2675 516 2704 Hist.
532 2675 565 2708 V,
577 2675 605 2711 8)
621 2675 773 2712 Blemmyas
785 2681 892 2712 gentem
906 2677 934 2704 in

153 2721 307 2749 conﬁnibus
325 2721 437 2757 Aegypti
456 2722 623 2750 habitantem
641 2722 763 2757 perhibet
775 2743 783 2756 ,
806 2732 815 2748 ‹
835 2724 936 2758 quibus

154 2766 298 2794 traduntur
319 2768 408 2802 capita
425 2768 531 2800 abesse,
553 2775 602 2794 ore
620 2771 647 2795 et
669 2767 757 2795 oculis
776 2769 879 2802 pectori
893 2768 935 2795 af-

154 2812 226 2839 ﬁxis.
239 2822 248 2838 ι
265 2811 397 2847 Vopiscus
412 2813 440 2840 in
456 2812 544 2840 Probo
558 2813 608 2839 i7:
624 2822 632 2837 ι
646 2812 822 2848 Blemmyas,»
835 2814 933 2848 inquit,

155 2865 166 2881 ι
179 2857 260 2884 etiam
275 2858 394 2893 subegit,
408 2865 523 2893 quorum
535 2858 659 2893 captivos
675 2857 932 2886 Romamtransmi-

154 2902 200 2929 sit.
222 2901 274 2936 Qui
291 2903 441 2930 mirabilem
457 2903 498 2930 sui
517 2903 605 2930 visum
622 2907 748 2937 stupente
764 2904 864 2938 populo
878 2904 931 2931 lto-

298 2949 423 2981 ΡΔἸἮΟΙ.
450 2951 508 2980 Gn.
523 2951 669 2981 XXXIV.

989 2087 1084 2118 uteris
1101 2087 1260 2126 dignitate,
1285 2089 1378 2126 atque
1395 2095 1413 2118 a
1432 2087 1496 2118 Deo
1517 2087 1621 2118 cibum
1644 2091 1673 2119 et
1690 2089 1770 2120 vires

989 2137 1029 2169 ad
1052 2137 1110 2168 iter
1131 2137 1369 2176 ingrediendum
1392 2136 1491 2177 petis?
1514 2137 1571 2168 Hic
1595 2141 1699 2169 autem
1724 2148 1770 2170 re-

990 2187 1116 2227 spondit
1132 2195 1139 2217 :
1155 2187 1258 2217 Virtus
1284 2195 1353 2217 mea
1378 2190 1408 2217 et
1429 2187 1495 2217 laus
1521 2196 1589 2218 mea
1607 2188 1767 2220 Dominus.

989 2236 1035 2265 Tu
1058 2238 1161 2265 autem
1186 2243 1226 2265 ne
1248 2234 1414 2265 tentaveris
1436 2243 1559 2266 servum
1585 2236 1657 2267 Deil
1686 2238 1769 2268 Fecit

990 2292 1065 2322 ergo
1079 2283 1233 2320 diabolus,
1243 2287 1276 2314 ut
1287 2283 1314 2314 ei
1329 2283 1510 2322 phantasma
1524 2289 1699 2325 appareret,
1715 2295 1768 2316 ca—

989 2333 1088 2364 melus
1105 2342 1200 2364 onera
1224 2332 1364 2364 baiulans
1379 2337 1409 2364 et
1427 2342 1533 2365 errans
1555 2343 1611 2374 per
1626 2335 1765 2366 solitudi-

989 2392 1073 2420 nem,
1089 2383 1208 2415 habens
1218 2383 1321 2414 omnia
1333 2384 1370 2414 ad
1383 2393 1475 2414 usum
1486 2386 1670 2416 necessaria.
1685 2389 1768 2422 Quae

988 2458 1070 2477 mano
1079 2451 1273 2485 praebuerunt.
1290 2461 1299 2477 ι
1316 2451 1359 2478 Cf.
1380 2452 1489 2486 Vopisc.
1507 2453 1646 2480 Aurelian.
1662 2454 1707 2481 55.
1721 2455 1765 2482 41.

1021 2495 1062 2530 (6)
1072 2495 1209 2522 Nonnulla
1225 2496 1293 2530 legis
1309 2496 1334 2522 in
1344 2495 1454 2531 Sulpitii
1471 2496 1561 2524 Severi
1575 2497 1644 2525 Dial.
1655 2499 1675 2526 Ι.
1687 2507 1765 2536 capp.

987 2540 1031 2568 i5.
1050 2540 1093 2567 14.
1111 2541 1171 2568 Alia
1184 2542 1271 2568 multa
1287 2542 1314 2568 in
1331 2541 1386 2569 VV.
1401 2541 1454 2570 PP.
1470 2548 1628 2571 occurrunt.

1021 2586 1059 2622 (7)
1079 2585 1182 2613 Ludolli
1201 2587 1316 2614 rectoris
1336 2588 1464 2615 ecclesiae
1484 2589 1647 2623 parochiaiis
1669 2589 1696 2616 in
1713 2589 1766 2617 Sn-

985 2631 1063 2659 chem
1077 2631 1113 2658 De
1123 2631 1214 2658 itinere
1222 2636 1328 2659 sanctae
1338 2637 1422 2659 terrae
1431 2633 1509 2660 liber.
1517 2632 1591 2660 Nacti
1603 2635 1672 2662 altcn
1681 2635 1767 2662 llaml-

988 2677 1122 2705 scliriftcn
1137 2678 1282 2714 berichtigt
1292 2679 1511 2715 herausgegeben
1522 2688 1574 2707 von
1583 2680 1615 2706 D'
1626 2680 1656 2708 F.
1670 2681 1764 2717 Deyks.

987 2722 1088 2758 Stuttg.
1105 2723 1170 2751 i85i
1188 2732 1214 2758 p.
1228 2724 1262 2752 89
1277 2732 1308 2759 sq

1022 2769 1060 2803 (8)
1077 2768 1146 2806 Hist.
1161 2768 1244 2797 Laus.
1258 2770 1301 2797 ed.
1315 2770 1414 2798 Meurs.
1429 2778 1490 2806 cap.
1503 2770 1538 2798 44
1549 2770 1617 2807 Opp.
1630 2770 1730 2801 Mcurs.
1745 2774 1763 2800 Ι.

986 2814 1007 2841 l.
1024 2821 1051 2848 p.
1065 2813 1127 2840 475.

1024 2859 1061 2894 (9)
1074 2859 1130 2887 VV.
1148 2859 1200 2887 PP.
1220 2860 1310 2888 Rosw.
1329 2861 1375 2888 lib.
1394 2861 1424 2888 Ill
1446 2869 1523 2899 capp.
1544 2863 1605 2891 106.
1624 2862 1763 2895 107.108;

986 2904 1033 2931 lib.
1049 2904 1068 2930 ν
1087 2905 1169 2932 libell.
1187 2907 1212 2938 7,
1230 2907 1273 2934 53.
1659 2911 1662 2914 ’
