  <div class='ocr_page' id='page_1' title='image "/cluster/home/n/w/nwhite01/storage/ocr_20150623/34/njp.32101077772547/063.png"; bbox 0 0 2060 3153; ppageno 0'>
   <div class='ocr_carea' id='block_1_1' title="bbox 281 131 1506 167">
    <p class='ocr_par' dir='ltr' id='par_1_1' title="bbox 281 131 1506 167">
     <span class='ocr_line' id='line_1_1' title="bbox 281 131 1506 167; baseline -0.007 0"><span class='ocrx_word' id='word_1_1' title='bbox 281 137 317 167; x_wconf 68' lang='lat'>9&#39;.)</span> <span class='ocrx_word' id='word_1_2' title='bbox 705 134 755 162; x_wconf 88' lang='lat' dir='ltr'>SS.</span> <span class='ocrx_word' id='word_1_3' title='bbox 776 132 1004 162; x_wconf 77' lang='lat' dir='ltr'>MACARIORUM</span> <span class='ocrx_word' id='word_1_4' title='bbox 1030 131 1188 160; x_wconf 80' lang='lat' dir='ltr'>AEGYPTII</span> <span class='ocrx_word' id='word_1_5' title='bbox 1208 133 1252 160; x_wconf 83' lang='lat' dir='ltr'>ET</span> <span class='ocrx_word' id='word_1_6' title='bbox 1274 132 1506 160; x_wconf 75' lang='lat' dir='ltr'>ALEXANDlthl</span> 
     </span>
    </p>
   </div>
   <div class='ocr_carea' id='block_1_2' title="bbox 1839 133 1891 161">
    <p class='ocr_par' dir='ltr' id='par_1_2' title="bbox 1839 133 1891 161">
     <span class='ocr_line' id='line_1_2' title="bbox 1839 133 1891 161; baseline 0.038 -2"><span class='ocrx_word' id='word_1_7' title='bbox 1839 133 1891 161; x_wconf 73' lang='grc' dir='ltr'>ίοιι</span> 
     </span>
    </p>
   </div>
   <div class='ocr_carea' id='block_1_3' title="bbox 279 192 1890 237">
    <p class='ocr_par' dir='ltr' id='par_1_3' title="bbox 279 192 1890 237">
     <span class='ocr_line' id='line_1_3' title="bbox 279 192 1890 237; baseline -0.002 -9"><span class='ocrx_word' id='word_1_8' title='bbox 279 197 406 237; x_wconf 86' lang='lat' dir='ltr'>quidem</span> <span class='ocrx_word' id='word_1_9' title='bbox 445 204 544 236; x_wconf 81' lang='lat' dir='ltr'>prope</span> <span class='ocrx_word' id='word_1_10' title='bbox 588 194 769 232; x_wconf 87' lang='lat' dir='ltr'>Macarium,</span> <span class='ocrx_word' id='word_1_11' title='bbox 796 203 891 234; x_wconf 84' lang='lat' dir='ltr'>quem</span> <span class='ocrx_word' id='word_1_12' title='bbox 928 194 1057 228; x_wconf 86' lang='lat' dir='ltr'>viderat,</span> <span class='ocrx_word' id='word_1_13' title='bbox 1073 197 1094 224; x_wconf 87' lang='lat' dir='ltr'>A</span> <span class='ocrx_word' id='word_1_14' title='bbox 1110 201 1149 223; x_wconf 91' lang='lat' dir='ltr'>ex</span> <span class='ocrx_word' id='word_1_15' title='bbox 1168 193 1246 223; x_wconf 86' lang='lat' dir='ltr'>urbe</span> <span class='ocrx_word' id='word_1_16' title='bbox 1263 193 1446 225; x_wconf 76' lang='lat' dir='ltr'>Alexandria</span> <span class='ocrx_word' id='word_1_17' title='bbox 1467 192 1630 230; x_wconf 86' lang='lat' dir='ltr'>oriundus,</span> <span class='ocrx_word' id='word_1_18' title='bbox 1648 192 1833 233; x_wconf 80' lang='lat' dir='ltr'>appellatur.</span> <span class='ocrx_word' id='word_1_19' title='bbox 1848 195 1890 225; x_wconf 79' lang='lat' dir='ltr'>Ac</span> 
     </span>
    </p>
   </div>
   <div class='ocr_carea' id='block_1_4' title="bbox 279 242 1062 284">
    <p class='ocr_par' dir='ltr' id='par_1_4' title="bbox 279 242 1062 284">
     <span class='ocr_line' id='line_1_4' title="bbox 279 242 1062 284; baseline -0.006 -6"><span class='ocrx_word' id='word_1_20' title='bbox 279 246 408 278; x_wconf 86' lang='lat' dir='ltr'>adsedit.</span> <span class='ocrx_word' id='word_1_21' title='bbox 430 247 500 284; x_wconf 84' lang='lat' dir='ltr'>Ipse</span> <span class='ocrx_word' id='word_1_22' title='bbox 515 244 697 284; x_wconf 76' lang='lat' dir='ltr'>phantasma</span> <span class='ocrx_word' id='word_1_23' title='bbox 716 252 795 280; x_wconf 91' lang='lat' dir='ltr'>esse,</span> <span class='ocrx_word' id='word_1_24' title='bbox 811 247 845 274; x_wconf 91' lang='lat' dir='ltr'>ut</span> <span class='ocrx_word' id='word_1_25' title='bbox 861 247 936 280; x_wconf 91' lang='lat' dir='ltr'>erat,</span> <span class='ocrx_word' id='word_1_26' title='bbox 958 242 1062 282; x_wconf 90' lang='lat' dir='ltr'>suspi-</span> 
     </span>
    </p>
   </div>
   <div class='ocr_carea' id='block_1_5' title="bbox 279 291 1062 333">
    <p class='ocr_par' dir='ltr' id='par_1_5' title="bbox 279 291 1062 333">
     <span class='ocr_line' id='line_1_5' title="bbox 279 291 1062 333; baseline -0.006 -6"><span class='ocrx_word' id='word_1_27' title='bbox 279 301 365 328; x_wconf 90' lang='lat' dir='ltr'>catus</span> <span class='ocrx_word' id='word_1_28' title='bbox 384 295 518 326; x_wconf 76' lang='lat' dir='ltr'>substitit</span> <span class='ocrx_word' id='word_1_29' title='bbox 538 294 577 325; x_wconf 87' lang='lat' dir='ltr'>ad</span> <span class='ocrx_word' id='word_1_30' title='bbox 601 293 764 331; x_wconf 90' lang='lat' dir='ltr'>orandum,</span> <span class='ocrx_word' id='word_1_31' title='bbox 789 297 883 333; x_wconf 89' lang='lat' dir='ltr'>atque</span> <span class='ocrx_word' id='word_1_32' title='bbox 905 291 1062 332; x_wconf 77' lang='lat' dir='ltr'>extemplo</span> 
     </span>
    </p>
   </div>
   <div class='ocr_carea' id='block_1_6' title="bbox 279 343 740 382">
    <p class='ocr_par' dir='ltr' id='par_1_6' title="bbox 279 343 740 382">
     <span class='ocr_line' id='line_1_6' title="bbox 279 343 740 382; baseline -0.007 -6"><span class='ocrx_word' id='word_1_33' title='bbox 279 344 415 376; x_wconf 86' lang='lat' dir='ltr'>camelus</span> <span class='ocrx_word' id='word_1_34' title='bbox 430 347 510 374; x_wconf 89' lang='lat' dir='ltr'>terra</span> <span class='ocrx_word' id='word_1_35' title='bbox 525 343 671 382; x_wconf 84' lang='lat' dir='ltr'>absorpta</span> <span class='ocrx_word' id='word_1_36' title='bbox 684 346 740 373; x_wconf 85' lang='lat' dir='ltr'>est.</span> 
     </span>
    </p>
   </div>
   <div class='ocr_carea' id='block_1_7' title="bbox 319 391 1062 431">
    <p class='ocr_par' dir='ltr' id='par_1_7' title="bbox 319 391 1062 431">
     <span class='ocr_line' id='line_1_7' title="bbox 319 391 1062 431; baseline 0 -9"><span class='ocrx_word' id='word_1_37' title='bbox 319 405 332 421; x_wconf 74' lang='grc' dir='ltr'><strong>α</strong></span> <span class='ocrx_word' id='word_1_38' title='bbox 345 393 431 423; x_wconf 88' lang='lat' dir='ltr'><strong>Idem</strong></span> <span class='ocrx_word' id='word_1_39' title='bbox 446 393 597 423; x_wconf 86' lang='lat' dir='ltr'>Macarius</span> <span class='ocrx_word' id='word_1_40' title='bbox 607 397 742 428; x_wconf 79' lang='grc' dir='ltr'>πολιτικός</span> <span class='ocrx_word' id='word_1_41' title='bbox 753 392 911 431; x_wconf 89' lang='lat' dir='ltr'>quondam</span> <span class='ocrx_word' id='word_1_42' title='bbox 926 391 1010 422; x_wconf 85' lang='lat' dir='ltr'>venit</span> <span class='ocrx_word' id='word_1_43' title='bbox 1023 391 1062 422; x_wconf 92' lang='lat' dir='ltr'>ad</span> 
     </span>
    </p>
   </div>
   <div class='ocr_carea' id='block_1_8' title="bbox 278 441 1061 482">
    <p class='ocr_par' dir='ltr' id='par_1_8' title="bbox 278 441 1061 482">
     <span class='ocr_line' id='line_1_8' title="bbox 278 441 1061 482; baseline -0.003 -9"><span class='ocrx_word' id='word_1_44' title='bbox 278 443 442 473; x_wconf 86' lang='lat' dir='ltr'>Macarium</span> <span class='ocrx_word' id='word_1_45' title='bbox 462 451 620 482; x_wconf 81' lang='lat' dir='ltr'>magnum.</span> <span class='ocrx_word' id='word_1_46' title='bbox 642 443 741 472; x_wconf 92' lang='lat' dir='ltr'>Ambo</span> <span class='ocrx_word' id='word_1_47' title='bbox 766 450 863 481; x_wconf 89' lang='lat' dir='ltr'>quum</span> <span class='ocrx_word' id='word_1_48' title='bbox 884 441 986 472; x_wconf 88' lang='lat' dir='ltr'>Nilum</span> <span class='ocrx_word' id='word_1_49' title='bbox 1011 449 1061 471; x_wconf 80' lang='lat' dir='ltr'>es-</span> 
     </span>
    </p>
   </div>
   <div class='ocr_carea' id='block_1_9' title="bbox 278 494 1061 533">
    <p class='ocr_par' dir='ltr' id='par_1_9' title="bbox 278 494 1061 533">
     <span class='ocr_line' id='line_1_9' title="bbox 278 494 1061 533; baseline 0 -9"><span class='ocrx_word' id='word_1_50' title='bbox 278 498 347 524; x_wconf 91' lang='lat' dir='ltr'>sent</span> <span class='ocrx_word' id='word_1_51' title='bbox 362 494 580 531; x_wconf 84' lang='lat' dir='ltr'>transmissuri,</span> <span class='ocrx_word' id='word_1_52' title='bbox 600 495 714 531; x_wconf 85' lang='lat' dir='ltr'>evenit,</span> <span class='ocrx_word' id='word_1_53' title='bbox 735 498 769 524; x_wconf 91' lang='lat' dir='ltr'>ut</span> <span class='ocrx_word' id='word_1_54' title='bbox 785 494 953 524; x_wconf 85' lang='lat' dir='ltr'>maximum</span> <span class='ocrx_word' id='word_1_55' title='bbox 978 501 1061 533; x_wconf 92' lang='lat' dir='ltr'>pon-</span> 
     </span>
    </p>
   </div>
   <div class='ocr_carea' id='block_1_10' title="bbox 278 544 1060 584">
    <p class='ocr_par' dir='ltr' id='par_1_10' title="bbox 278 544 1060 584">
     <span class='ocr_line' id='line_1_10' title="bbox 278 544 1060 584; baseline 0 -10"><span class='ocrx_word' id='word_1_56' title='bbox 278 547 382 576; x_wconf 90' lang='lat' dir='ltr'>tonem</span> <span class='ocrx_word' id='word_1_57' title='bbox 399 544 649 583; x_wconf 78' lang='lat' dir='ltr'>ingrederentur,</span> <span class='ocrx_word' id='word_1_58' title='bbox 670 545 703 575; x_wconf 90' lang='lat' dir='ltr'>in</span> <span class='ocrx_word' id='word_1_59' title='bbox 724 552 819 584; x_wconf 90' lang='lat' dir='ltr'>quem</span> <span class='ocrx_word' id='word_1_60' title='bbox 834 544 986 575; x_wconf 87' lang='lat' dir='ltr'>intrarunt</span> <span class='ocrx_word' id='word_1_61' title='bbox 1004 544 1060 574; x_wconf 91' lang='lat' dir='ltr'>tri-</span> 
     </span>
    </p>
   </div>
   <div class='ocr_carea' id='block_1_11' title="bbox 277 593 1062 634">
    <p class='ocr_par' dir='ltr' id='par_1_11' title="bbox 277 593 1062 634">
     <span class='ocr_line' id='line_1_11' title="bbox 277 593 1062 634; baseline -0.001 -9"><span class='ocrx_word' id='word_1_62' title='bbox 277 594 353 625; x_wconf 85' lang='lat' dir='ltr'>buni</span> <span class='ocrx_word' id='word_1_63' title='bbox 369 603 440 625; x_wconf 93' lang='lat' dir='ltr'>cum</span> <span class='ocrx_word' id='word_1_64' title='bbox 456 602 569 632; x_wconf 86' lang='lat' dir='ltr'>magno</span> <span class='ocrx_word' id='word_1_65' title='bbox 582 594 674 631; x_wconf 89' lang='lat' dir='ltr'>fastu,</span> <span class='ocrx_word' id='word_1_66' title='bbox 694 595 749 634; x_wconf 87' lang='lat' dir='ltr'>qui</span> <span class='ocrx_word' id='word_1_67' title='bbox 763 593 890 624; x_wconf 89' lang='lat' dir='ltr'>rhedam</span> <span class='ocrx_word' id='word_1_68' title='bbox 906 593 1062 625; x_wconf 84' lang='lat' dir='ltr'>habebant</span> 
     </span>
    </p>
   </div>
   <div class='ocr_carea' id='block_1_12' title="bbox 277 643 1060 683">
    <p class='ocr_par' dir='ltr' id='par_1_12' title="bbox 277 643 1060 683">
     <span class='ocr_line' id='line_1_12' title="bbox 277 643 1060 683; baseline -0.001 -9"><span class='ocrx_word' id='word_1_69' title='bbox 277 647 373 674; x_wconf 90' lang='lat' dir='ltr'>totam</span> <span class='ocrx_word' id='word_1_70' title='bbox 392 653 534 680; x_wconf 81' lang='lat' dir='ltr'>aeneam,</span> <span class='ocrx_word' id='word_1_71' title='bbox 547 647 581 674; x_wconf 86' lang='lat' dir='ltr'>et</span> <span class='ocrx_word' id='word_1_72' title='bbox 597 652 695 683; x_wconf 88' lang='lat' dir='ltr'>equos</span> <span class='ocrx_word' id='word_1_73' title='bbox 715 643 812 674; x_wconf 79' lang='lat' dir='ltr'>frenis</span> <span class='ocrx_word' id='word_1_74' title='bbox 826 643 928 674; x_wconf 87' lang='lat' dir='ltr'>aureis</span> <span class='ocrx_word' id='word_1_75' title='bbox 944 643 1060 673; x_wconf 90' lang='lat' dir='ltr'>instru-</span> 
     </span>
    </p>
   </div>
   <div class='ocr_carea' id='block_1_13' title="bbox 278 694 1061 734">
    <p class='ocr_par' dir='ltr' id='par_1_13' title="bbox 278 694 1061 734">
     <span class='ocr_line' id='line_1_13' title="bbox 278 694 1061 734; baseline -0.001 -9"><span class='ocrx_word' id='word_1_76' title='bbox 278 699 356 731; x_wconf 88' lang='lat' dir='ltr'>ctos,</span> <span class='ocrx_word' id='word_1_77' title='bbox 371 703 406 725; x_wconf 90' lang='lat' dir='ltr'>ac</span> <span class='ocrx_word' id='word_1_78' title='bbox 421 694 534 725; x_wconf 86' lang='lat' dir='ltr'>milites</span> <span class='ocrx_word' id='word_1_79' title='bbox 548 694 700 734; x_wconf 90' lang='lat' dir='ltr'>quosdam</span> <span class='ocrx_word' id='word_1_80' title='bbox 720 694 866 724; x_wconf 81' lang='lat' dir='ltr'>satellites</span> <span class='ocrx_word' id='word_1_81' title='bbox 883 702 1061 733; x_wconf 80' lang='lat' dir='ltr'>puerosque</span> 
     </span>
    </p>
   </div>
   <div class='ocr_carea' id='block_1_14' title="bbox 275 742 1062 783">
    <p class='ocr_par' dir='ltr' id='par_1_14' title="bbox 275 742 1062 783">
     <span class='ocr_line' id='line_1_14' title="bbox 275 742 1062 783; baseline -0.003 -9"><span class='ocrx_word' id='word_1_82' title='bbox 275 743 440 783; x_wconf 84' lang='lat' dir='ltr'>torquibus</span> <span class='ocrx_word' id='word_1_83' title='bbox 451 747 481 774; x_wconf 90' lang='lat' dir='ltr'>et</span> <span class='ocrx_word' id='word_1_84' title='bbox 493 743 595 774; x_wconf 89' lang='lat' dir='ltr'>aureis</span> <span class='ocrx_word' id='word_1_85' title='bbox 609 743 695 774; x_wconf 89' lang='lat' dir='ltr'>zonis</span> <span class='ocrx_word' id='word_1_86' title='bbox 710 747 847 773; x_wconf 87' lang='lat' dir='ltr'>ornatos.</span> <span class='ocrx_word' id='word_1_87' title='bbox 863 742 991 773; x_wconf 88' lang='lat' dir='ltr'>Tribuni</span> <span class='ocrx_word' id='word_1_88' title='bbox 1006 742 1062 782; x_wconf 89' lang='lat' dir='ltr'>igi-</span> 
     </span>
    </p>
   </div>
   <div class='ocr_carea' id='block_1_15' title="bbox 276 792 1062 832">
    <p class='ocr_par' dir='ltr' id='par_1_15' title="bbox 276 792 1062 832">
     <span class='ocr_line' id='line_1_15' title="bbox 276 792 1062 832; baseline 0 -9"><span class='ocrx_word' id='word_1_89' title='bbox 276 796 327 823; x_wconf 90' lang='lat' dir='ltr'>tur</span> <span class='ocrx_word' id='word_1_90' title='bbox 348 792 520 824; x_wconf 87' lang='lat' dir='ltr'>monachos</span> <span class='ocrx_word' id='word_1_91' title='bbox 535 792 706 832; x_wconf 85' lang='lat' dir='ltr'>conspicati</span> <span class='ocrx_word' id='word_1_92' title='bbox 719 792 875 823; x_wconf 88' lang='lat' dir='ltr'>veteribus</span> <span class='ocrx_word' id='word_1_93' title='bbox 890 793 1002 832; x_wconf 88' lang='lat' dir='ltr'>pannis</span> <span class='ocrx_word' id='word_1_94' title='bbox 1015 793 1062 823; x_wconf 87' lang='lat' dir='ltr'>in-</span> 
     </span>
    </p>
   </div>
   <div class='ocr_carea' id='block_1_16' title="bbox 276 842 1097 891">
    <p class='ocr_par' dir='ltr' id='par_1_16' title="bbox 276 842 1097 891">
     <span class='ocr_line' id='line_1_16' title="bbox 276 842 1097 891; baseline 0.001 -18"><span class='ocrx_word' id='word_1_95' title='bbox 276 842 380 879; x_wconf 89' lang='lat' dir='ltr'>dutos,</span> <span class='ocrx_word' id='word_1_96' title='bbox 398 843 452 882; x_wconf 89' lang='lat' dir='ltr'>qui</span> <span class='ocrx_word' id='word_1_97' title='bbox 467 843 500 873; x_wconf 88' lang='lat' dir='ltr'>in</span> <span class='ocrx_word' id='word_1_98' title='bbox 514 842 627 881; x_wconf 79' lang='lat' dir='ltr'>angulo</span> <span class='ocrx_word' id='word_1_99' title='bbox 648 842 811 879; x_wconf 86' lang='lat' dir='ltr'>sedebant,</span> <span class='ocrx_word' id='word_1_100' title='bbox 832 843 1059 883; x_wconf 88' lang='lat' dir='ltr'>simplicitatem</span> <span class='ocrx_word' id='word_1_101' title='bbox 1076 862 1097 891; x_wconf 73' lang='grc' dir='ltr'><strong>Β</strong></span> 
     </span>
    </p>
   </div>
   <div class='ocr_carea' id='block_1_17' title="bbox 277 891 1060 932">
    <p class='ocr_par' dir='ltr' id='par_1_17' title="bbox 277 891 1060 932">
     <span class='ocr_line' id='line_1_17' title="bbox 277 891 1060 932; baseline 0.003 -10"><span class='ocrx_word' id='word_1_102' title='bbox 277 899 385 923; x_wconf 88' lang='lat' dir='ltr'>eorum</span> <span class='ocrx_word' id='word_1_103' title='bbox 399 892 521 923; x_wconf 85' lang='lat' dir='ltr'>beatam</span> <span class='ocrx_word' id='word_1_104' title='bbox 544 891 774 932; x_wconf 83' lang='lat' dir='ltr'>praedicarunt;</span> <span class='ocrx_word' id='word_1_105' title='bbox 787 901 930 932; x_wconf 90' lang='lat' dir='ltr'>unusque</span> <span class='ocrx_word' id='word_1_106' title='bbox 952 902 989 924; x_wconf 92' lang='lat' dir='ltr'>ex</span> <span class='ocrx_word' id='word_1_107' title='bbox 1004 894 1060 924; x_wconf 90' lang='lat' dir='ltr'>tri-</span> 
     </span>
    </p>
   </div>
   <div class='ocr_carea' id='block_1_18' title="bbox 276 941 1060 982">
    <p class='ocr_par' dir='ltr' id='par_1_18' title="bbox 276 941 1060 982">
     <span class='ocr_line' id='line_1_18' title="bbox 276 941 1060 982; baseline 0.003 -10"><span class='ocrx_word' id='word_1_108' title='bbox 276 941 387 972; x_wconf 89' lang='lat' dir='ltr'>bunis:</span> <span class='ocrx_word' id='word_1_109' title='bbox 412 942 506 979; x_wconf 87' lang='lat' dir='ltr'>Beati,</span> <span class='ocrx_word' id='word_1_110' title='bbox 534 942 647 981; x_wconf 88' lang='lat' dir='ltr'>inquit,</span> <span class='ocrx_word' id='word_1_111' title='bbox 673 950 728 972; x_wconf 93' lang='lat' dir='ltr'>vos</span> <span class='ocrx_word' id='word_1_112' title='bbox 755 941 840 979; x_wconf 87' lang='lat' dir='ltr'>estis,</span> <span class='ocrx_word' id='word_1_113' title='bbox 868 943 922 982; x_wconf 90' lang='lat' dir='ltr'>qui</span> <span class='ocrx_word' id='word_1_114' title='bbox 943 943 1060 974; x_wconf 91' lang='lat' dir='ltr'>mundo</span> 
     </span>
    </p>
   </div>
   <div class='ocr_carea' id='block_1_19' title="bbox 275 991 1060 1032">
    <p class='ocr_par' dir='ltr' id='par_1_19' title="bbox 275 991 1060 1032">
     <span class='ocr_line' id='line_1_19' title="bbox 275 991 1060 1032; baseline 0.001 -10"><span class='ocrx_word' id='word_1_115' title='bbox 275 991 427 1022; x_wconf 90' lang='lat' dir='ltr'>illusistis.</span> <span class='ocrx_word' id='word_1_116' title='bbox 443 991 498 1022; x_wconf 86' lang='lat' dir='ltr'>Cui</span> <span class='ocrx_word' id='word_1_117' title='bbox 511 992 662 1022; x_wconf 82' lang='lat' dir='ltr'>Macarius</span> <span class='ocrx_word' id='word_1_118' title='bbox 677 996 814 1027; x_wconf 76' lang='grc' dir='ltr'>πολιτικός</span> <span class='ocrx_word' id='word_1_119' title='bbox 832 992 994 1032; x_wconf 89' lang='lat' dir='ltr'>respondit</span> <span class='ocrx_word' id='word_1_120' title='bbox 1012 993 1060 1023; x_wconf 92' lang='lat' dir='ltr'>di-</span> 
     </span>
    </p>
   </div>
   <div class='ocr_carea' id='block_1_20' title="bbox 276 1039 1062 1080">
    <p class='ocr_par' dir='ltr' id='par_1_20' title="bbox 276 1039 1062 1080">
     <span class='ocr_line' id='line_1_20' title="bbox 276 1039 1062 1080; baseline 0 -9"><span class='ocrx_word' id='word_1_121' title='bbox 276 1049 370 1072; x_wconf 88' lang='lat' dir='ltr'>cens:</span> <span class='ocrx_word' id='word_1_122' title='bbox 396 1041 460 1071; x_wconf 91' lang='lat' dir='ltr'>Nos</span> <span class='ocrx_word' id='word_1_123' title='bbox 490 1039 617 1080; x_wconf 87' lang='lat' dir='ltr'>quidem</span> <span class='ocrx_word' id='word_1_124' title='bbox 644 1039 761 1070; x_wconf 89' lang='lat' dir='ltr'>mundo</span> <span class='ocrx_word' id='word_1_125' title='bbox 785 1039 948 1076; x_wconf 88' lang='lat' dir='ltr'>illusimus,</span> <span class='ocrx_word' id='word_1_126' title='bbox 974 1040 1062 1071; x_wconf 87' lang='lat' dir='ltr'>vobis</span> 
     </span>
    </p>
   </div>
   <div class='ocr_carea' id='block_1_21' title="bbox 276 1090 1062 1122">
    <p class='ocr_par' dir='ltr' id='par_1_21' title="bbox 276 1090 1062 1122">
     <span class='ocr_line' id='line_1_21' title="bbox 276 1090 1062 1122; baseline 0.001 -1"><span class='ocrx_word' id='word_1_127' title='bbox 276 1094 380 1121; x_wconf 86' lang='lat' dir='ltr'>autem</span> <span class='ocrx_word' id='word_1_128' title='bbox 404 1090 500 1121; x_wconf 87' lang='lat' dir='ltr'>illusit</span> <span class='ocrx_word' id='word_1_129' title='bbox 522 1090 668 1120; x_wconf 91' lang='lat' dir='ltr'>mundus.</span> <span class='ocrx_word' id='word_1_130' title='bbox 693 1090 777 1121; x_wconf 86' lang='lat' dir='ltr'>Scito</span> <span class='ocrx_word' id='word_1_131' title='bbox 802 1093 905 1121; x_wconf 89' lang='lat' dir='ltr'>tamen</span> <span class='ocrx_word' id='word_1_132' title='bbox 921 1099 984 1121; x_wconf 90' lang='lat' dir='ltr'>non</span> <span class='ocrx_word' id='word_1_133' title='bbox 1010 1094 1062 1122; x_wconf 91' lang='lat' dir='ltr'>tua</span> 
     </span>
    </p>
   </div>
   <div class='ocr_carea' id='block_1_22' title="bbox 277 1139 1060 1182">
    <p class='ocr_par' dir='ltr' id='par_1_22' title="bbox 277 1139 1060 1182">
     <span class='ocr_line' id='line_1_22' title="bbox 277 1139 1060 1182; baseline 0 -10"><span class='ocrx_word' id='word_1_134' title='bbox 277 1145 400 1182; x_wconf 89' lang='lat' dir='ltr'>sponte.</span> <span class='ocrx_word' id='word_1_135' title='bbox 418 1140 472 1172; x_wconf 90' lang='lat' dir='ltr'>sed</span> <span class='ocrx_word' id='word_1_136' title='bbox 484 1139 667 1180; x_wconf 90' lang='lat' dir='ltr'>prophetice</span> <span class='ocrx_word' id='word_1_137' title='bbox 684 1143 713 1170; x_wconf 88' lang='lat' dir='ltr'>te</span> <span class='ocrx_word' id='word_1_138' title='bbox 725 1139 785 1170; x_wconf 88' lang='lat' dir='ltr'>hoc</span> <span class='ocrx_word' id='word_1_139' title='bbox 796 1139 929 1177; x_wconf 87' lang='lat' dir='ltr'>dixisse;</span> <span class='ocrx_word' id='word_1_140' title='bbox 946 1141 1060 1173; x_wconf 89' lang='lat' dir='ltr'>etenim</span> 
     </span>
    </p>
   </div>
   <div class='ocr_carea' id='block_1_23' title="bbox 276 1191 1064 1231">
    <p class='ocr_par' dir='ltr' id='par_1_23' title="bbox 276 1191 1064 1231">
     <span class='ocr_line' id='line_1_23' title="bbox 276 1191 1064 1231; baseline 0 -9"><span class='ocrx_word' id='word_1_141' title='bbox 276 1191 368 1222; x_wconf 90' lang='lat' dir='ltr'>ambo</span> <span class='ocrx_word' id='word_1_142' title='bbox 388 1195 525 1231; x_wconf 70' lang='grc' dir='ltr'>Μακάριοι</span> <span class='ocrx_word' id='word_1_143' title='bbox 542 1199 700 1221; x_wconf 89' lang='lat' dir='ltr'>vocamur.</span> <span class='ocrx_word' id='word_1_144' title='bbox 724 1191 790 1226; x_wconf 92' lang='lat' dir='ltr'>Quo</span> <span class='ocrx_word' id='word_1_145' title='bbox 804 1199 950 1221; x_wconf 78' lang='lat' dir='ltr'>Sermone</span> <span class='ocrx_word' id='word_1_146' title='bbox 973 1199 1064 1222; x_wconf 92' lang='lat' dir='ltr'>com-</span> 
     </span>
    </p>
   </div>
   <div class='ocr_carea' id='block_1_24' title="bbox 276 1240 1060 1282">
    <p class='ocr_par' dir='ltr' id='par_1_24' title="bbox 276 1240 1060 1282">
     <span class='ocr_line' id='line_1_24' title="bbox 276 1240 1060 1282; baseline 0 -10"><span class='ocrx_word' id='word_1_147' title='bbox 276 1245 410 1282; x_wconf 79' lang='lat' dir='ltr'>punctus</span> <span class='ocrx_word' id='word_1_148' title='bbox 433 1241 587 1278; x_wconf 84' lang='lat' dir='ltr'>tribunus,</span> <span class='ocrx_word' id='word_1_149' title='bbox 610 1240 796 1281; x_wconf 88' lang='lat' dir='ltr'>simulatque</span> <span class='ocrx_word' id='word_1_150' title='bbox 820 1241 947 1271; x_wconf 90' lang='lat' dir='ltr'>domum</span> <span class='ocrx_word' id='word_1_151' title='bbox 967 1242 1060 1279; x_wconf 89' lang='lat' dir='ltr'>venit,</span> 
     </span>
    </p>
   </div>
   <div class='ocr_carea' id='block_1_25' title="bbox 277 1289 1064 1330">
    <p class='ocr_par' dir='ltr' id='par_1_25' title="bbox 277 1289 1064 1330">
     <span class='ocr_line' id='line_1_25' title="bbox 277 1289 1064 1330; baseline 0 -9"><span class='ocrx_word' id='word_1_152' title='bbox 277 1291 378 1322; x_wconf 86' lang='lat' dir='ltr'>exutis</span> <span class='ocrx_word' id='word_1_153' title='bbox 410 1290 547 1321; x_wconf 84' lang='lat' dir='ltr'>vestibus</span> <span class='ocrx_word' id='word_1_154' title='bbox 574 1290 667 1320; x_wconf 88' lang='lat' dir='ltr'>vitam</span> <span class='ocrx_word' id='word_1_155' title='bbox 703 1289 917 1321; x_wconf 88' lang='lat' dir='ltr'>monachicam</span> <span class='ocrx_word' id='word_1_156' title='bbox 951 1290 1064 1330; x_wconf 80' lang='lat' dir='ltr'>delegit</span> 
     </span>
    </p>
   </div>
   <div class='ocr_carea' id='block_1_26' title="bbox 276 1339 784 1379">
    <p class='ocr_par' dir='ltr' id='par_1_26' title="bbox 276 1339 784 1379">
     <span class='ocr_line' id='line_1_26' title="bbox 276 1339 784 1379; baseline -0.002 -8"><span class='ocrx_word' id='word_1_157' title='bbox 276 1340 452 1379; x_wconf 90' lang='lat' dir='ltr'>multasque</span> <span class='ocrx_word' id='word_1_158' title='bbox 465 1339 539 1370; x_wconf 87' lang='lat' dir='ltr'>fecit</span> <span class='ocrx_word' id='word_1_159' title='bbox 555 1339 784 1379; x_wconf 81' lang='lat' dir='ltr'>eleemosynas.</span> 
     </span>
    </p>
   </div>
   <div class='ocr_carea' id='block_1_27' title="bbox 320 1390 1063 1430">
    <p class='ocr_par' dir='ltr' id='par_1_27' title="bbox 320 1390 1063 1430">
     <span class='ocr_line' id='line_1_27' title="bbox 320 1390 1063 1430; baseline 0.004 -11"><span class='ocrx_word' id='word_1_160' title='bbox 320 1402 334 1419; x_wconf 73' lang='grc' dir='ltr'>ι</span> <span class='ocrx_word' id='word_1_161' title='bbox 352 1390 435 1421; x_wconf 90' lang='lat' dir='ltr'>Alias</span> <span class='ocrx_word' id='word_1_162' title='bbox 458 1390 595 1427; x_wconf 90' lang='lat' dir='ltr'>missam,</span> <span class='ocrx_word' id='word_1_163' title='bbox 621 1398 683 1429; x_wconf 87' lang='lat' dir='ltr'>qua</span> <span class='ocrx_word' id='word_1_164' title='bbox 698 1390 782 1420; x_wconf 90' lang='lat' dir='ltr'>vesci</span> <span class='ocrx_word' id='word_1_165' title='bbox 801 1390 951 1430; x_wconf 88' lang='lat' dir='ltr'>cupierat,</span> <span class='ocrx_word' id='word_1_166' title='bbox 971 1400 1063 1422; x_wconf 85' lang='lat' dir='ltr'>uvam</span> 
     </span>
    </p>
   </div>
   <div class='ocr_carea' id='block_1_28' title="bbox 277 1440 1063 1478">
    <p class='ocr_par' dir='ltr' id='par_1_28' title="bbox 277 1440 1063 1478">
     <span class='ocr_line' id='line_1_28' title="bbox 277 1440 1063 1478; baseline 0.001 -6"><span class='ocrx_word' id='word_1_167' title='bbox 277 1443 448 1477; x_wconf 84' lang='lat' dir='ltr'>recentem,</span> <span class='ocrx_word' id='word_1_168' title='bbox 465 1440 686 1472; x_wconf 88' lang='lat' dir='ltr'>continentiam</span> <span class='ocrx_word' id='word_1_169' title='bbox 714 1440 882 1471; x_wconf 85' lang='lat' dir='ltr'>ostendens</span> <span class='ocrx_word' id='word_1_170' title='bbox 905 1449 1003 1478; x_wconf 89' lang='lat' dir='ltr'>suam,</span> <span class='ocrx_word' id='word_1_171' title='bbox 1023 1441 1063 1473; x_wconf 85' lang='lat' dir='ltr'>ad</span> 
     </span>
    </p>
   </div>
   <div class='ocr_carea' id='block_1_29' title="bbox 276 1490 1063 1530">
    <p class='ocr_par' dir='ltr' id='par_1_29' title="bbox 276 1490 1063 1530">
     <span class='ocr_line' id='line_1_29' title="bbox 276 1490 1063 1530; baseline 0.001 -8"><span class='ocrx_word' id='word_1_172' title='bbox 276 1490 402 1522; x_wconf 79' lang='lat' dir='ltr'>fratrem</span> <span class='ocrx_word' id='word_1_173' title='bbox 413 1490 572 1530; x_wconf 84' lang='lat' dir='ltr'>quendam</span> <span class='ocrx_word' id='word_1_174' title='bbox 581 1493 806 1528; x_wconf 82' lang='lat' dir='ltr'>aegrotantem,</span> <span class='ocrx_word' id='word_1_175' title='bbox 822 1490 876 1530; x_wconf 90' lang='lat' dir='ltr'>qui</span> <span class='ocrx_word' id='word_1_176' title='bbox 888 1492 966 1528; x_wconf 70' lang='grc'>104</span> <span class='ocrx_word' id='word_1_177' title='bbox 978 1492 1063 1523; x_wconf 88' lang='lat' dir='ltr'>idem</span> 
     </span>
    </p>
   </div>
   <div class='ocr_carea' id='block_1_30' title="bbox 277 1540 1064 1581">
    <p class='ocr_par' dir='ltr' id='par_1_30' title="bbox 277 1540 1064 1581">
     <span class='ocr_line' id='line_1_30' title="bbox 277 1540 1064 1581; baseline 0.003 -9"><span class='ocrx_word' id='word_1_178' title='bbox 277 1550 352 1572; x_wconf 88' lang='lat' dir='ltr'>uvas</span> <span class='ocrx_word' id='word_1_179' title='bbox 366 1540 574 1575; x_wconf 82' lang='lat' dir='ltr'>desiderabat,</span> <span class='ocrx_word' id='word_1_180' title='bbox 592 1541 686 1572; x_wconf 82' lang='lat' dir='ltr'>misit.</span> <span class='ocrx_word' id='word_1_181' title='bbox 701 1543 799 1581; x_wconf 89' lang='lat' dir='ltr'>Atque</span> <span class='ocrx_word' id='word_1_182' title='bbox 814 1541 865 1572; x_wconf 91' lang='lat' dir='ltr'>hic</span> <span class='ocrx_word' id='word_1_183' title='bbox 877 1551 966 1573; x_wconf 89' lang='lat' dir='ltr'>uvam</span> <span class='ocrx_word' id='word_1_184' title='bbox 980 1552 1064 1574; x_wconf 87' lang='lat' dir='ltr'>sum-</span> 
     </span>
    </p>
   </div>
   <div class='ocr_carea' id='block_1_31' title="bbox 278 1590 1062 1630">
    <p class='ocr_par' dir='ltr' id='par_1_31' title="bbox 278 1590 1062 1630">
     <span class='ocr_line' id='line_1_31' title="bbox 278 1590 1062 1630; baseline 0.003 -8"><span class='ocrx_word' id='word_1_185' title='bbox 278 1600 329 1622; x_wconf 89' lang='lat' dir='ltr'>ma</span> <span class='ocrx_word' id='word_1_186' title='bbox 342 1600 414 1622; x_wconf 87' lang='lat' dir='ltr'>cum</span> <span class='ocrx_word' id='word_1_187' title='bbox 437 1590 553 1622; x_wconf 88' lang='lat' dir='ltr'>laetitia</span> <span class='ocrx_word' id='word_1_188' title='bbox 575 1594 735 1630; x_wconf 83' lang='lat' dir='ltr'>acceptam</span> <span class='ocrx_word' id='word_1_189' title='bbox 754 1591 806 1622; x_wconf 85' lang='lat' dir='ltr'>alii</span> <span class='ocrx_word' id='word_1_190' title='bbox 820 1591 907 1622; x_wconf 82' lang='lat' dir='ltr'>fratri</span> <span class='ocrx_word' id='word_1_191' title='bbox 927 1593 1062 1624; x_wconf 87' lang='lat' dir='ltr'>eundem</span> 
     </span>
    </p>
   </div>
   <div class='ocr_carea' id='block_1_32' title="bbox 278 1640 1064 1681">
    <p class='ocr_par' dir='ltr' id='par_1_32' title="bbox 278 1640 1064 1681">
     <span class='ocr_line' id='line_1_32' title="bbox 278 1640 1064 1681; baseline 0.003 -9"><span class='ocrx_word' id='word_1_192' title='bbox 278 1641 383 1672; x_wconf 90' lang='lat' dir='ltr'>cibum</span> <span class='ocrx_word' id='word_1_193' title='bbox 407 1641 568 1681; x_wconf 85' lang='lat' dir='ltr'>appetenti</span> <span class='ocrx_word' id='word_1_194' title='bbox 592 1640 713 1671; x_wconf 91' lang='lat' dir='ltr'>obtulit.</span> <span class='ocrx_word' id='word_1_195' title='bbox 740 1641 800 1672; x_wconf 85' lang='lat' dir='ltr'>Sed</span> <span class='ocrx_word' id='word_1_196' title='bbox 827 1644 859 1672; x_wconf 90' lang='lat' dir='ltr'>et</span> <span class='ocrx_word' id='word_1_197' title='bbox 881 1641 943 1680; x_wconf 90' lang='lat' dir='ltr'>hic,</span> <span class='ocrx_word' id='word_1_198' title='bbox 973 1652 1064 1674; x_wconf 81' lang='lat' dir='ltr'>uvam</span> 
     </span>
    </p>
   </div>
   <div class='ocr_carea' id='block_1_33' title="bbox 279 1690 1064 1731">
    <p class='ocr_par' dir='ltr' id='par_1_33' title="bbox 279 1690 1064 1731">
     <span class='ocr_line' id='line_1_33' title="bbox 279 1690 1064 1731; baseline 0.004 -10"><span class='ocrx_word' id='word_1_199' title='bbox 279 1694 398 1728; x_wconf 87' lang='lat' dir='ltr'>nactus,</span> <span class='ocrx_word' id='word_1_200' title='bbox 425 1691 508 1722; x_wconf 88' lang='lat' dir='ltr'>idem</span> <span class='ocrx_word' id='word_1_201' title='bbox 530 1690 614 1727; x_wconf 88' lang='lat' dir='ltr'>fecit,</span> <span class='ocrx_word' id='word_1_202' title='bbox 641 1691 698 1722; x_wconf 87' lang='lat' dir='ltr'>etsi</span> <span class='ocrx_word' id='word_1_203' title='bbox 719 1691 788 1731; x_wconf 90' lang='lat' dir='ltr'>ipse</span> <span class='ocrx_word' id='word_1_204' title='bbox 811 1699 847 1722; x_wconf 84' lang='lat' dir='ltr'>ea</span> <span class='ocrx_word' id='word_1_205' title='bbox 869 1693 952 1723; x_wconf 89' lang='lat' dir='ltr'>vesci</span> <span class='ocrx_word' id='word_1_206' title='bbox 976 1693 1064 1725; x_wconf 82' lang='lat' dir='ltr'>valde</span> 
     </span>
    </p>
   </div>
   <div class='ocr_carea' id='block_1_34' title="bbox 278 1740 1064 1781">
    <p class='ocr_par' dir='ltr' id='par_1_34' title="bbox 278 1740 1064 1781">
     <span class='ocr_line' id='line_1_34' title="bbox 278 1740 1064 1781; baseline 0.004 -10"><span class='ocrx_word' id='word_1_207' title='bbox 278 1740 434 1780; x_wconf 89' lang='lat' dir='ltr'>cupiebat.</span> <span class='ocrx_word' id='word_1_208' title='bbox 450 1741 550 1776; x_wconf 89' lang='lat' dir='ltr'>Quum</span> <span class='ocrx_word' id='word_1_209' title='bbox 566 1748 639 1771; x_wconf 89' lang='lat' dir='ltr'>vero</span> <span class='ocrx_word' id='word_1_210' title='bbox 654 1740 803 1781; x_wconf 88' lang='lat' dir='ltr'>deinceps</span> <span class='ocrx_word' id='word_1_211' title='bbox 817 1741 857 1772; x_wconf 87' lang='lat' dir='ltr'>ad</span> <span class='ocrx_word' id='word_1_212' title='bbox 871 1742 986 1773; x_wconf 89' lang='lat' dir='ltr'>multos</span> <span class='ocrx_word' id='word_1_213' title='bbox 1001 1743 1064 1774; x_wconf 82' lang='lat' dir='ltr'>fra-</span> 
     </span>
    </p>
   </div>
   <div class='ocr_carea' id='block_1_35' title="bbox 279 1789 1063 1829">
    <p class='ocr_par' dir='ltr' id='par_1_35' title="bbox 279 1789 1063 1829">
     <span class='ocr_line' id='line_1_35' title="bbox 279 1789 1063 1829; baseline 0.003 -8"><span class='ocrx_word' id='word_1_214' title='bbox 279 1793 342 1821; x_wconf 90' lang='lat' dir='ltr'>tres</span> <span class='ocrx_word' id='word_1_215' title='bbox 365 1798 443 1821; x_wconf 90' lang='lat' dir='ltr'>uvae</span> <span class='ocrx_word' id='word_1_216' title='bbox 467 1789 692 1829; x_wconf 87' lang='lat' dir='ltr'>pervenissent,</span> <span class='ocrx_word' id='word_1_217' title='bbox 718 1798 776 1821; x_wconf 91' lang='lat' dir='ltr'>nec</span> <span class='ocrx_word' id='word_1_218' title='bbox 791 1790 873 1821; x_wconf 91' lang='lat' dir='ltr'>ullus</span> <span class='ocrx_word' id='word_1_219' title='bbox 896 1800 948 1823; x_wconf 87' lang='lat' dir='ltr'>eas</span> <span class='ocrx_word' id='word_1_220' title='bbox 969 1792 1063 1824; x_wconf 88' lang='lat' dir='ltr'>edere</span> 
     </span>
    </p>
   </div>
   <div class='ocr_carea' id='block_1_36' title="bbox 277 1838 1061 1878">
    <p class='ocr_par' dir='ltr' id='par_1_36' title="bbox 277 1838 1061 1878">
     <span class='ocr_line' id='line_1_36' title="bbox 277 1838 1061 1878; baseline 0.004 -10"><span class='ocrx_word' id='word_1_221' title='bbox 277 1838 436 1874; x_wconf 89' lang='lat' dir='ltr'>voluisset,</span> <span class='ocrx_word' id='word_1_222' title='bbox 454 1838 593 1874; x_wconf 89' lang='lat' dir='ltr'>ultimus,</span> <span class='ocrx_word' id='word_1_223' title='bbox 608 1838 662 1877; x_wconf 91' lang='lat' dir='ltr'>qui</span> <span class='ocrx_word' id='word_1_224' title='bbox 678 1842 853 1878; x_wconf 88' lang='lat' dir='ltr'>acceperat,</span> <span class='ocrx_word' id='word_1_225' title='bbox 875 1848 927 1871; x_wconf 91' lang='lat' dir='ltr'>eas</span> <span class='ocrx_word' id='word_1_226' title='bbox 940 1839 979 1871; x_wconf 91' lang='lat' dir='ltr'>ad</span> <span class='ocrx_word' id='word_1_227' title='bbox 996 1841 1061 1871; x_wconf 88' lang='lat' dir='ltr'>Ma-</span> 
     </span>
    </p>
   </div>
   <div class='ocr_carea' id='block_1_37' title="bbox 278 1888 1062 1927">
    <p class='ocr_par' dir='ltr' id='par_1_37' title="bbox 278 1888 1062 1927">
     <span class='ocr_line' id='line_1_37' title="bbox 278 1888 1062 1927; baseline 0.003 -8"><span class='ocrx_word' id='word_1_228' title='bbox 278 1889 397 1920; x_wconf 83' lang='lat' dir='ltr'>carium</span> <span class='ocrx_word' id='word_1_229' title='bbox 419 1888 548 1924; x_wconf 89' lang='lat' dir='ltr'>remisit,</span> <span class='ocrx_word' id='word_1_230' title='bbox 572 1890 720 1927; x_wconf 84' lang='lat' dir='ltr'>tanquam</span> <span class='ocrx_word' id='word_1_231' title='bbox 734 1897 882 1927; x_wconf 86' lang='lat' dir='ltr'>magnum</span> <span class='ocrx_word' id='word_1_232' title='bbox 897 1889 927 1920; x_wconf 89' lang='lat' dir='ltr'>ei</span> <span class='ocrx_word' id='word_1_233' title='bbox 943 1890 1062 1921; x_wconf 90' lang='lat' dir='ltr'>donum</span> 
     </span>
    </p>
   </div>
   <div class='ocr_carea' id='block_1_38' title="bbox 277 1937 1063 1978">
    <p class='ocr_par' dir='ltr' id='par_1_38' title="bbox 277 1937 1063 1978">
     <span class='ocr_line' id='line_1_38' title="bbox 277 1937 1063 1978; baseline 0.003 -10"><span class='ocrx_word' id='word_1_234' title='bbox 277 1937 454 1976; x_wconf 81' lang='lat' dir='ltr'>largiturus.</span> <span class='ocrx_word' id='word_1_235' title='bbox 469 1937 527 1974; x_wconf 88' lang='lat' dir='ltr'>Qui</span> <span class='ocrx_word' id='word_1_236' title='bbox 542 1937 673 1976; x_wconf 80' lang='lat' dir='ltr'>cognitis</span> <span class='ocrx_word' id='word_1_237' title='bbox 688 1937 755 1968; x_wconf 84' lang='lat' dir='ltr'>uvis</span> <span class='ocrx_word' id='word_1_238' title='bbox 768 1946 867 1978; x_wconf 87' lang='lat' dir='ltr'>reque</span> <span class='ocrx_word' id='word_1_239' title='bbox 881 1939 1003 1970; x_wconf 88' lang='lat' dir='ltr'>curiose</span> <span class='ocrx_word' id='word_1_240' title='bbox 1016 1939 1063 1970; x_wconf 89' lang='lat' dir='ltr'>in-</span> 
     </span>
    </p>
   </div>
   <div class='ocr_carea' id='block_1_39' title="bbox 279 1987 1061 2028">
    <p class='ocr_par' dir='ltr' id='par_1_39' title="bbox 279 1987 1061 2028">
     <span class='ocr_line' id='line_1_39' title="bbox 279 1987 1061 2028; baseline 0.003 -10"><span class='ocrx_word' id='word_1_241' title='bbox 279 1988 392 2028; x_wconf 85' lang='lat' dir='ltr'>quisita</span> <span class='ocrx_word' id='word_1_242' title='bbox 408 1988 536 2018; x_wconf 90' lang='lat' dir='ltr'>miratus</span> <span class='ocrx_word' id='word_1_243' title='bbox 550 1987 663 2026; x_wconf 82' lang='lat' dir='ltr'>gratias</span> <span class='ocrx_word' id='word_1_244' title='bbox 678 1987 742 2018; x_wconf 91' lang='lat' dir='ltr'>Deo</span> <span class='ocrx_word' id='word_1_245' title='bbox 755 1989 796 2019; x_wconf 91' lang='lat' dir='ltr'>ob</span> <span class='ocrx_word' id='word_1_246' title='bbox 809 1991 923 2019; x_wconf 90' lang='lat' dir='ltr'>tantam</span> <span class='ocrx_word' id='word_1_247' title='bbox 938 1989 1061 2020; x_wconf 88' lang='lat' dir='ltr'>illorum</span> 
     </span>
    </p>
   </div>
   <div class='ocr_carea' id='block_1_40' title="bbox 279 2036 1061 2077">
    <p class='ocr_par' dir='ltr' id='par_1_40' title="bbox 279 2036 1061 2077">
     <span class='ocr_line' id='line_1_40' title="bbox 279 2036 1061 2077; baseline 0.004 -9"><span class='ocrx_word' id='word_1_248' title='bbox 279 2037 502 2068; x_wconf 86' lang='lat' dir='ltr'>continentiam</span> <span class='ocrx_word' id='word_1_249' title='bbox 525 2036 599 2075; x_wconf 83' lang='lat' dir='ltr'>egit,</span> <span class='ocrx_word' id='word_1_250' title='bbox 615 2045 673 2068; x_wconf 83' lang='lat' dir='ltr'>nec</span> <span class='ocrx_word' id='word_1_251' title='bbox 694 2037 764 2077; x_wconf 87' lang='lat' dir='ltr'>ipse</span> <span class='ocrx_word' id='word_1_252' title='bbox 786 2038 912 2077; x_wconf 90' lang='lat' dir='ltr'>quidem</span> <span class='ocrx_word' id='word_1_253' title='bbox 933 2047 985 2070; x_wconf 87' lang='lat' dir='ltr'>eas</span> <span class='ocrx_word' id='word_1_254' title='bbox 1005 2048 1061 2071; x_wconf 87' lang='lat' dir='ltr'>c0-</span> 
     </span>
    </p>
   </div>
   <div class='ocr_carea' id='block_1_41' title="bbox 278 2087 420 2118">
    <p class='ocr_par' dir='ltr' id='par_1_41' title="bbox 278 2087 420 2118">
     <span class='ocr_line' id='line_1_41' title="bbox 278 2087 420 2118; baseline -0.028 0"><span class='ocrx_word' id='word_1_255' title='bbox 278 2087 386 2118; x_wconf 88' lang='lat' dir='ltr'>mcdit.</span> <span class='ocrx_word' id='word_1_256' title='bbox 406 2098 420 2114; x_wconf 74' lang='grc' dir='ltr'>ιο</span> 
     </span>
    </p>
   </div>
   <div class='ocr_carea' id='block_1_42' title="bbox 320 2135 1062 2176">
    <p class='ocr_par' dir='ltr' id='par_1_42' title="bbox 320 2135 1062 2176">
     <span class='ocr_line' id='line_1_42' title="bbox 320 2135 1062 2176; baseline 0.003 -10"><span class='ocrx_word' id='word_1_257' title='bbox 320 2136 422 2173; x_wconf 75' lang='lat' dir='ltr'>Vides,</span> <span class='ocrx_word' id='word_1_258' title='bbox 437 2144 477 2166; x_wconf 87' lang='lat' dir='ltr'>ex</span> <span class='ocrx_word' id='word_1_259' title='bbox 491 2138 625 2176; x_wconf 87' lang='lat' dir='ltr'>quatuor</span> <span class='ocrx_word' id='word_1_260' title='bbox 641 2136 726 2166; x_wconf 89' lang='lat' dir='ltr'>hisce</span> <span class='ocrx_word' id='word_1_261' title='bbox 742 2135 971 2167; x_wconf 86' lang='lat' dir='ltr'>narrationibus</span> <span class='ocrx_word' id='word_1_262' title='bbox 985 2136 1062 2168; x_wconf 84' lang='lat' dir='ltr'>duas</span> 
     </span>
    </p>
   </div>
   <div class='ocr_carea' id='block_1_43' title="bbox 1113 243 1891 285">
    <p class='ocr_par' dir='ltr' id='par_1_43' title="bbox 1113 243 1891 285">
     <span class='ocr_line' id='line_1_43' title="bbox 1113 243 1891 285; baseline 0.004 -12"><span class='ocrx_word' id='word_1_263' title='bbox 1113 243 1192 274; x_wconf 86' lang='lat' dir='ltr'>duae</span> <span class='ocrx_word' id='word_1_264' title='bbox 1206 243 1277 274; x_wconf 89' lang='lat' dir='ltr'>illae</span> <span class='ocrx_word' id='word_1_265' title='bbox 1292 244 1411 283; x_wconf 89' lang='lat' dir='ltr'>priores</span> <span class='ocrx_word' id='word_1_266' title='bbox 1425 244 1619 275; x_wconf 88' lang='lat' dir='ltr'>narrationes</span> <span class='ocrx_word' id='word_1_267' title='bbox 1634 243 1707 274; x_wconf 90' lang='lat' dir='ltr'>alibi</span> <span class='ocrx_word' id='word_1_268' title='bbox 1720 252 1784 275; x_wconf 92' lang='lat' dir='ltr'>non</span> <span class='ocrx_word' id='word_1_269' title='bbox 1798 253 1891 285; x_wconf 84' lang='lat' dir='ltr'>repe-</span> 
     </span>
    </p>
   </div>
   <div class='ocr_carea' id='block_1_44' title="bbox 1113 293 1892 334">
    <p class='ocr_par' dir='ltr' id='par_1_44' title="bbox 1113 293 1892 334">
     <span class='ocr_line' id='line_1_44' title="bbox 1113 293 1892 334; baseline 0.003 -10"><span class='ocrx_word' id='word_1_270' title='bbox 1113 293 1248 330; x_wconf 87' lang='lat' dir='ltr'>riuntur;</span> <span class='ocrx_word' id='word_1_271' title='bbox 1268 293 1407 333; x_wconf 89' lang='lat' dir='ltr'>reliquae</span> <span class='ocrx_word' id='word_1_272' title='bbox 1429 302 1502 325; x_wconf 89' lang='lat' dir='ltr'>vero</span> <span class='ocrx_word' id='word_1_273' title='bbox 1518 293 1576 330; x_wconf 90' lang='lat' dir='ltr'>bis,</span> <span class='ocrx_word' id='word_1_274' title='bbox 1595 293 1691 325; x_wconf 84' lang='lat' dir='ltr'>altera</span> <span class='ocrx_word' id='word_1_275' title='bbox 1706 294 1834 334; x_wconf 90' lang='lat' dir='ltr'>quidem</span> <span class='ocrx_word' id='word_1_276' title='bbox 1853 294 1892 326; x_wconf 90' lang='lat' dir='ltr'>de</span> 
     </span>
    </p>
   </div>
   <div class='ocr_carea' id='block_1_45' title="bbox 1113 342 1892 384">
    <p class='ocr_par' dir='ltr' id='par_1_45' title="bbox 1113 342 1892 384">
     <span class='ocr_line' id='line_1_45' title="bbox 1113 342 1892 384; baseline 0.005 -12"><span class='ocrx_word' id='word_1_277' title='bbox 1113 342 1246 373; x_wconf 89' lang='lat' dir='ltr'>tribunis</span> <span class='ocrx_word' id='word_1_278' title='bbox 1260 342 1340 374; x_wconf 88' lang='lat' dir='ltr'>libro</span> <span class='ocrx_word' id='word_1_279' title='bbox 1354 343 1492 374; x_wconf 87' lang='lat' dir='ltr'>secundo</span> <span class='ocrx_word' id='word_1_280' title='bbox 1518 343 1558 384; x_wconf 73' lang='lat'>(2)</span> <span class='ocrx_word' id='word_1_281' title='bbox 1575 347 1605 375; x_wconf 86' lang='lat' dir='ltr'>et</span> <span class='ocrx_word' id='word_1_282' title='bbox 1623 348 1711 375; x_wconf 86' lang='lat' dir='ltr'>sexto</span> <span class='ocrx_word' id='word_1_283' title='bbox 1727 345 1780 384; x_wconf 89' lang='lat'>(3),</span> <span class='ocrx_word' id='word_1_284' title='bbox 1797 346 1892 377; x_wconf 86' lang='lat' dir='ltr'>altera</span> 
     </span>
    </p>
   </div>
   <div class='ocr_carea' id='block_1_46' title="bbox 1113 391 1894 435">
    <p class='ocr_par' dir='ltr' id='par_1_46' title="bbox 1113 391 1894 435">
     <span class='ocr_line' id='line_1_46' title="bbox 1113 391 1894 435; baseline 0.005 -13"><span class='ocrx_word' id='word_1_285' title='bbox 1113 391 1151 422; x_wconf 88' lang='lat' dir='ltr'>de</span> <span class='ocrx_word' id='word_1_286' title='bbox 1167 401 1225 423; x_wconf 86' lang='lat' dir='ltr'>uva</span> <span class='ocrx_word' id='word_1_287' title='bbox 1241 391 1320 423; x_wconf 89' lang='lat' dir='ltr'>libro</span> <span class='ocrx_word' id='word_1_288' title='bbox 1335 393 1472 424; x_wconf 88' lang='lat' dir='ltr'>secundo</span> <span class='ocrx_word' id='word_1_289' title='bbox 1491 393 1530 434; x_wconf 75' lang='lat'>(4)</span> <span class='ocrx_word' id='word_1_290' title='bbox 1547 397 1578 425; x_wconf 87' lang='lat' dir='ltr'>et</span> <span class='ocrx_word' id='word_1_291' title='bbox 1594 395 1685 426; x_wconf 87' lang='lat' dir='ltr'>tertio</span> <span class='ocrx_word' id='word_1_292' title='bbox 1704 394 1743 435; x_wconf 89' lang='lat'>(5)</span> <span class='ocrx_word' id='word_1_293' title='bbox 1760 397 1894 426; x_wconf 78' lang='lat' dir='ltr'>Roswei-</span> 
     </span>
    </p>
   </div>
   <div class='ocr_carea' id='block_1_47' title="bbox 1113 441 1892 483">
    <p class='ocr_par' dir='ltr' id='par_1_47' title="bbox 1113 441 1892 483">
     <span class='ocr_line' id='line_1_47' title="bbox 1113 441 1892 483; baseline 0.005 -11"><span class='ocrx_word' id='word_1_294' title='bbox 1113 441 1222 473; x_wconf 85' lang='lat' dir='ltr'>dianae</span> <span class='ocrx_word' id='word_1_295' title='bbox 1236 443 1430 474; x_wconf 90' lang='lat' dir='ltr'>collectionis</span> <span class='ocrx_word' id='word_1_296' title='bbox 1442 444 1484 474; x_wconf 90' lang='lat' dir='ltr'>ita</span> <span class='ocrx_word' id='word_1_297' title='bbox 1498 444 1652 483; x_wconf 81' lang='lat' dir='ltr'>leguntur,</span> <span class='ocrx_word' id='word_1_298' title='bbox 1669 449 1703 476; x_wconf 88' lang='lat' dir='ltr'>ut</span> <span class='ocrx_word' id='word_1_299' title='bbox 1727 454 1764 476; x_wconf 84' lang='lat' dir='ltr'>ex</span> <span class='ocrx_word' id='word_1_300' title='bbox 1781 446 1892 477; x_wconf 90' lang='lat' dir='ltr'>eodem</span> 
     </span>
    </p>
   </div>
   <div class='ocr_carea' id='block_1_48' title="bbox 1112 492 1892 534">
    <p class='ocr_par' dir='ltr' id='par_1_48' title="bbox 1112 492 1892 534">
     <span class='ocr_line' id='line_1_48' title="bbox 1112 492 1892 534; baseline 0.005 -12"><span class='ocrx_word' id='word_1_301' title='bbox 1112 500 1224 531; x_wconf 87' lang='lat' dir='ltr'>graeco</span> <span class='ocrx_word' id='word_1_302' title='bbox 1239 492 1327 523; x_wconf 83' lang='lat' dir='ltr'>fonte</span> <span class='ocrx_word' id='word_1_303' title='bbox 1350 501 1402 523; x_wconf 90' lang='lat' dir='ltr'>eas</span> <span class='ocrx_word' id='word_1_304' title='bbox 1423 502 1566 524; x_wconf 90' lang='lat' dir='ltr'>manasse</span> <span class='ocrx_word' id='word_1_305' title='bbox 1582 495 1743 534; x_wconf 86' lang='lat' dir='ltr'>probabile</span> <span class='ocrx_word' id='word_1_306' title='bbox 1761 495 1809 526; x_wconf 89' lang='lat' dir='ltr'>sit.</span> <span class='ocrx_word' id='word_1_307' title='bbox 1828 497 1892 526; x_wconf 90' lang='lat' dir='ltr'>No-</span> 
     </span>
    </p>
   </div>
   <div class='ocr_carea' id='block_1_49' title="bbox 1111 541 1895 584">
    <p class='ocr_par' dir='ltr' id='par_1_49' title="bbox 1111 541 1895 584">
     <span class='ocr_line' id='line_1_49' title="bbox 1111 541 1895 584; baseline 0.005 -13"><span class='ocrx_word' id='word_1_308' title='bbox 1111 549 1184 572; x_wconf 87' lang='lat' dir='ltr'>men</span> <span class='ocrx_word' id='word_1_309' title='bbox 1210 542 1336 572; x_wconf 75' lang='lat' dir='ltr'>urbicus</span> <span class='ocrx_word' id='word_1_310' title='bbox 1361 541 1400 582; x_wconf 90' lang='lat'>(6)</span> <span class='ocrx_word' id='word_1_311' title='bbox 1429 543 1561 574; x_wconf 87' lang='lat' dir='ltr'>Macario</span> <span class='ocrx_word' id='word_1_312' title='bbox 1577 553 1641 574; x_wconf 93' lang='lat' dir='ltr'>non</span> <span class='ocrx_word' id='word_1_313' title='bbox 1665 544 1791 584; x_wconf 88' lang='lat' dir='ltr'>quidem</span> <span class='ocrx_word' id='word_1_314' title='bbox 1813 545 1844 575; x_wconf 90' lang='lat' dir='ltr'>in</span> <span class='ocrx_word' id='word_1_315' title='bbox 1860 545 1895 575; x_wconf 91' lang='lat' dir='ltr'>li-</span> 
     </span>
    </p>
   </div>
   <div class='ocr_carea' id='block_1_50' title="bbox 1111 590 1892 630">
    <p class='ocr_par' dir='ltr' id='par_1_50' title="bbox 1111 590 1892 630">
     <span class='ocr_line' id='line_1_50' title="bbox 1111 590 1892 630; baseline 0.005 -9"><span class='ocrx_word' id='word_1_316' title='bbox 1111 591 1168 622; x_wconf 89' lang='lat' dir='ltr'>bro</span> <span class='ocrx_word' id='word_1_317' title='bbox 1182 590 1332 628; x_wconf 63' lang='lat' dir='ltr'>secundo,</span> <span class='ocrx_word' id='word_1_318' title='bbox 1347 592 1402 623; x_wconf 88' lang='lat' dir='ltr'>sed</span> <span class='ocrx_word' id='word_1_319' title='bbox 1419 592 1452 623; x_wconf 90' lang='lat' dir='ltr'>in</span> <span class='ocrx_word' id='word_1_320' title='bbox 1474 592 1555 623; x_wconf 91' lang='lat' dir='ltr'>libro</span> <span class='ocrx_word' id='word_1_321' title='bbox 1570 598 1656 624; x_wconf 83' lang='lat' dir='ltr'>sexto</span> <span class='ocrx_word' id='word_1_322' title='bbox 1678 595 1809 625; x_wconf 88' lang='lat' dir='ltr'>inditum</span> <span class='ocrx_word' id='word_1_323' title='bbox 1828 599 1892 630; x_wconf 87' lang='lat' dir='ltr'>est;</span> 
     </span>
    </p>
   </div>
   <div class='ocr_carea' id='block_1_51' title="bbox 1110 640 1895 681">
    <p class='ocr_par' dir='ltr' id='par_1_51' title="bbox 1110 640 1895 681">
     <span class='ocr_line' id='line_1_51' title="bbox 1110 640 1895 681; baseline 0.005 -10"><span class='ocrx_word' id='word_1_324' title='bbox 1110 640 1143 671; x_wconf 91' lang='lat' dir='ltr'>in</span> <span class='ocrx_word' id='word_1_325' title='bbox 1166 641 1300 673; x_wconf 84' lang='lat' dir='ltr'>Historia</span> <span class='ocrx_word' id='word_1_326' title='bbox 1323 642 1469 674; x_wconf 87' lang='lat' dir='ltr'>Lausiaca</span> <span class='ocrx_word' id='word_1_327' title='bbox 1492 645 1607 681; x_wconf 86' lang='lat' dir='ltr'>autem,</span> <span class='ocrx_word' id='word_1_328' title='bbox 1628 648 1662 674; x_wconf 89' lang='lat' dir='ltr'>ut</span> <span class='ocrx_word' id='word_1_329' title='bbox 1682 654 1755 675; x_wconf 81' lang='lat' dir='ltr'>mox</span> <span class='ocrx_word' id='word_1_330' title='bbox 1780 645 1895 675; x_wconf 86' lang='lat' dir='ltr'>videbi-</span> 
     </span>
    </p>
   </div>
   <div class='ocr_carea' id='block_1_52' title="bbox 1110 694 1893 732">
    <p class='ocr_par' dir='ltr' id='par_1_52' title="bbox 1110 694 1893 732">
     <span class='ocr_line' id='line_1_52' title="bbox 1110 694 1893 732; baseline 0.006 -11"><span class='ocrx_word' id='word_1_331' title='bbox 1110 699 1191 728; x_wconf 89' lang='lat' dir='ltr'>mus,</span> <span class='ocrx_word' id='word_1_332' title='bbox 1204 700 1319 723; x_wconf 91' lang='lat' dir='ltr'>nomen</span> <span class='ocrx_word' id='word_1_333' title='bbox 1334 698 1470 730; x_wconf 78' lang='grc' dir='ltr'>πολιτικός</span> <span class='ocrx_word' id='word_1_334' title='bbox 1482 694 1577 724; x_wconf 85' lang='lat' dir='ltr'>semel</span> <span class='ocrx_word' id='word_1_335' title='bbox 1589 695 1617 725; x_wconf 90' lang='lat' dir='ltr'>ei</span> <span class='ocrx_word' id='word_1_336' title='bbox 1628 694 1782 725; x_wconf 88' lang='lat' dir='ltr'>tribuitur.</span> <span class='ocrx_word' id='word_1_337' title='bbox 1794 697 1893 732; x_wconf 86' lang='lat' dir='ltr'>Quare</span> 
     </span>
    </p>
   </div>
   <div class='ocr_carea' id='block_1_53' title="bbox 1112 742 1895 784">
    <p class='ocr_par' dir='ltr' id='par_1_53' title="bbox 1112 742 1895 784">
     <span class='ocr_line' id='line_1_53' title="bbox 1112 742 1895 784; baseline 0.006 -12"><span class='ocrx_word' id='word_1_338' title='bbox 1112 742 1301 781; x_wconf 89' lang='lat' dir='ltr'>posteriores</span> <span class='ocrx_word' id='word_1_339' title='bbox 1325 743 1404 774; x_wconf 87' lang='lat' dir='ltr'>duae</span> <span class='ocrx_word' id='word_1_340' title='bbox 1422 745 1616 775; x_wconf 87' lang='lat' dir='ltr'>narrationes</span> <span class='ocrx_word' id='word_1_341' title='bbox 1639 745 1715 784; x_wconf 91' lang='lat' dir='ltr'>quin</span> <span class='ocrx_word' id='word_1_342' title='bbox 1735 745 1773 776; x_wconf 90' lang='lat' dir='ltr'>ad</span> <span class='ocrx_word' id='word_1_343' title='bbox 1797 747 1895 777; x_wconf 87' lang='lat' dir='ltr'>Maca-</span> 
     </span>
    </p>
   </div>
   <div class='ocr_carea' id='block_1_54' title="bbox 1111 791 1894 834">
    <p class='ocr_par' dir='ltr' id='par_1_54' title="bbox 1111 791 1894 834">
     <span class='ocr_line' id='line_1_54' title="bbox 1111 791 1894 834; baseline 0.006 -13"><span class='ocrx_word' id='word_1_344' title='bbox 1111 791 1191 822; x_wconf 89' lang='lat' dir='ltr'>rium</span> <span class='ocrx_word' id='word_1_345' title='bbox 1205 791 1445 824; x_wconf 88' lang='lat' dir='ltr'>Alexandrinum</span> <span class='ocrx_word' id='word_1_346' title='bbox 1456 797 1607 834; x_wconf 86' lang='lat' dir='ltr'>spectent,</span> <span class='ocrx_word' id='word_1_347' title='bbox 1623 795 1671 825; x_wconf 81' lang='lat' dir='ltr'>vix</span> <span class='ocrx_word' id='word_1_348' title='bbox 1683 795 1809 826; x_wconf 90' lang='lat' dir='ltr'>dubium</span> <span class='ocrx_word' id='word_1_349' title='bbox 1825 804 1894 826; x_wconf 85' lang='lat' dir='ltr'>esse</span> 
     </span>
    </p>
   </div>
   <div class='ocr_carea' id='block_1_55' title="bbox 1112 842 1895 884">
    <p class='ocr_par' dir='ltr' id='par_1_55' title="bbox 1112 842 1895 884">
     <span class='ocr_line' id='line_1_55' title="bbox 1112 842 1895 884; baseline 0.006 -13"><span class='ocrx_word' id='word_1_350' title='bbox 1112 845 1225 880; x_wconf 90' lang='lat' dir='ltr'>potest,</span> <span class='ocrx_word' id='word_1_351' title='bbox 1242 842 1337 881; x_wconf 90' lang='lat' dir='ltr'>idque</span> <span class='ocrx_word' id='word_1_352' title='bbox 1351 843 1464 880; x_wconf 91' lang='lat' dir='ltr'>solum,</span> <span class='ocrx_word' id='word_1_353' title='bbox 1479 853 1554 874; x_wconf 91' lang='lat' dir='ltr'>num</span> <span class='ocrx_word' id='word_1_354' title='bbox 1569 844 1648 875; x_wconf 85' lang='lat' dir='ltr'>duae</span> <span class='ocrx_word' id='word_1_355' title='bbox 1662 845 1782 884; x_wconf 88' lang='lat' dir='ltr'>priores</span> <span class='ocrx_word' id='word_1_356' title='bbox 1793 845 1831 875; x_wconf 85' lang='lat' dir='ltr'>de</span> <span class='ocrx_word' id='word_1_357' title='bbox 1842 854 1895 876; x_wconf 90' lang='lat' dir='ltr'>eo-</span> 
     </span>
    </p>
   </div>
   <div class='ocr_carea' id='block_1_56' title="bbox 1112 890 1893 934">
    <p class='ocr_par' dir='ltr' id='par_1_56' title="bbox 1112 890 1893 934">
     <span class='ocr_line' id='line_1_56' title="bbox 1112 890 1893 934; baseline 0.008 -14"><span class='ocrx_word' id='word_1_358' title='bbox 1112 890 1183 921; x_wconf 88' lang='lat' dir='ltr'>dem</span> <span class='ocrx_word' id='word_1_359' title='bbox 1202 891 1348 929; x_wconf 86' lang='lat' dir='ltr'>referant,</span> <span class='ocrx_word' id='word_1_360' title='bbox 1373 893 1544 932; x_wconf 86' lang='lat' dir='ltr'>quaeritur.</span> <span class='ocrx_word' id='word_1_361' title='bbox 1564 894 1652 930; x_wconf 88' lang='lat' dir='ltr'>Quod</span> <span class='ocrx_word' id='word_1_362' title='bbox 1675 894 1748 925; x_wconf 91' lang='lat' dir='ltr'>inde</span> <span class='ocrx_word' id='word_1_363' title='bbox 1766 895 1893 934; x_wconf 84' lang='lat' dir='ltr'>pendet,</span> 
     </span>
    </p>
   </div>
   <div class='ocr_carea' id='block_1_57' title="bbox 1111 942 1894 985">
    <p class='ocr_par' dir='ltr' id='par_1_57' title="bbox 1111 942 1894 985">
     <span class='ocr_line' id='line_1_57' title="bbox 1111 942 1894 985; baseline 0.006 -14"><span class='ocrx_word' id='word_1_364' title='bbox 1111 949 1186 972; x_wconf 93' lang='lat' dir='ltr'>num</span> <span class='ocrx_word' id='word_1_365' title='bbox 1201 942 1361 980; x_wconf 87' lang='lat' dir='ltr'>Macarius,</span> <span class='ocrx_word' id='word_1_366' title='bbox 1379 944 1410 974; x_wconf 92' lang='lat' dir='ltr'>S.</span> <span class='ocrx_word' id='word_1_367' title='bbox 1431 944 1555 975; x_wconf 85' lang='lat' dir='ltr'>Antonii</span> <span class='ocrx_word' id='word_1_368' title='bbox 1577 944 1748 985; x_wconf 89' lang='lat' dir='ltr'>discipulus</span> <span class='ocrx_word' id='word_1_369' title='bbox 1763 946 1894 985; x_wconf 86' lang='lat' dir='ltr'>eiusque</span> 
     </span>
    </p>
   </div>
   <div class='ocr_carea' id='block_1_58' title="bbox 1111 990 1895 1030">
    <p class='ocr_par' dir='ltr' id='par_1_58' title="bbox 1111 990 1895 1030">
     <span class='ocr_line' id='line_1_58' title="bbox 1111 990 1895 1030; baseline 0.008 -9"><span class='ocrx_word' id='word_1_370' title='bbox 1111 990 1222 1023; x_wconf 84' lang='lat' dir='ltr'>haeres</span> <span class='ocrx_word' id='word_1_371' title='bbox 1234 992 1392 1030; x_wconf 86' lang='lat' dir='ltr'>virtutum,</span> <span class='ocrx_word' id='word_1_372' title='bbox 1405 1003 1486 1025; x_wconf 89' lang='lat' dir='ltr'>unus</span> <span class='ocrx_word' id='word_1_373' title='bbox 1499 1003 1537 1025; x_wconf 88' lang='lat' dir='ltr'>ex</span> <span class='ocrx_word' id='word_1_374' title='bbox 1551 995 1665 1025; x_wconf 90' lang='lat' dir='ltr'>nostris</span> <span class='ocrx_word' id='word_1_375' title='bbox 1677 995 1816 1026; x_wconf 87' lang='lat' dir='ltr'>Macariis</span> <span class='ocrx_word' id='word_1_376' title='bbox 1827 995 1895 1027; x_wconf 84' lang='lat' dir='ltr'>fue-</span> 
     </span>
    </p>
   </div>
   <div class='ocr_carea' id='block_1_59' title="bbox 1111 1042 1896 1086">
    <p class='ocr_par' dir='ltr' id='par_1_59' title="bbox 1111 1042 1896 1086">
     <span class='ocr_line' id='line_1_59' title="bbox 1111 1042 1896 1086; baseline 0.008 -14"><span class='ocrx_word' id='word_1_377' title='bbox 1111 1042 1161 1072; x_wconf 91' lang='lat' dir='ltr'>rit.</span> <span class='ocrx_word' id='word_1_378' title='bbox 1177 1043 1214 1074; x_wconf 90' lang='lat' dir='ltr'>At</span> <span class='ocrx_word' id='word_1_379' title='bbox 1227 1042 1289 1075; x_wconf 89' lang='lat' dir='ltr'>hoc</span> <span class='ocrx_word' id='word_1_380' title='bbox 1302 1052 1367 1075; x_wconf 90' lang='lat' dir='ltr'>non</span> <span class='ocrx_word' id='word_1_381' title='bbox 1380 1043 1488 1082; x_wconf 90' lang='lat' dir='ltr'>fuisse,</span> <span class='ocrx_word' id='word_1_382' title='bbox 1503 1044 1583 1076; x_wconf 85' lang='lat' dir='ltr'>infra</span> <span class='ocrx_word' id='word_1_383' title='bbox 1600 1044 1735 1077; x_wconf 89' lang='lat' dir='ltr'>dilucide</span> <span class='ocrx_word' id='word_1_384' title='bbox 1750 1046 1896 1086; x_wconf 81' lang='lat' dir='ltr'>probabi-</span> 
     </span>
    </p>
   </div>
   <div class='ocr_carea' id='block_1_60' title="bbox 1111 1094 1893 1135">
    <p class='ocr_par' dir='ltr' id='par_1_60' title="bbox 1111 1094 1893 1135">
     <span class='ocr_line' id='line_1_60' title="bbox 1111 1094 1893 1135; baseline 0.006 -13"><span class='ocrx_word' id='word_1_385' title='bbox 1111 1101 1191 1123; x_wconf 85' lang='lat' dir='ltr'>mus.</span> <span class='ocrx_word' id='word_1_386' title='bbox 1215 1094 1295 1132; x_wconf 84' lang='lat' dir='ltr'>Ergo</span> <span class='ocrx_word' id='word_1_387' title='bbox 1317 1094 1394 1125; x_wconf 91' lang='lat' dir='ltr'>duas</span> <span class='ocrx_word' id='word_1_388' title='bbox 1416 1096 1537 1135; x_wconf 90' lang='lat' dir='ltr'>priores</span> <span class='ocrx_word' id='word_1_389' title='bbox 1559 1096 1753 1127; x_wconf 87' lang='lat' dir='ltr'>narrationes</span> <span class='ocrx_word' id='word_1_390' title='bbox 1775 1096 1814 1127; x_wconf 92' lang='lat' dir='ltr'>ad</span> <span class='ocrx_word' id='word_1_391' title='bbox 1839 1105 1893 1128; x_wconf 41' lang='lat' dir='ltr'>no.</span> 
     </span>
    </p>
   </div>
   <div class='ocr_carea' id='block_1_61' title="bbox 1111 1143 1891 1186">
    <p class='ocr_par' dir='ltr' id='par_1_61' title="bbox 1111 1143 1891 1186">
     <span class='ocr_line' id='line_1_61' title="bbox 1111 1143 1891 1186; baseline 0.006 -14"><span class='ocrx_word' id='word_1_392' title='bbox 1111 1144 1191 1173; x_wconf 91' lang='lat' dir='ltr'>stros</span> <span class='ocrx_word' id='word_1_393' title='bbox 1201 1143 1352 1175; x_wconf 77' lang='lat' dir='ltr'>Macan’os</span> <span class='ocrx_word' id='word_1_394' title='bbox 1371 1153 1435 1176; x_wconf 89' lang='lat' dir='ltr'>non</span> <span class='ocrx_word' id='word_1_395' title='bbox 1448 1145 1605 1184; x_wconf 90' lang='lat' dir='ltr'>pertinere</span> <span class='ocrx_word' id='word_1_396' title='bbox 1617 1145 1657 1186; x_wconf 89' lang='lat'>(7)</span> <span class='ocrx_word' id='word_1_397' title='bbox 1673 1150 1784 1186; x_wconf 90' lang='lat' dir='ltr'>sponte</span> <span class='ocrx_word' id='word_1_398' title='bbox 1797 1149 1891 1186; x_wconf 88' lang='lat' dir='ltr'>patet.</span> 
     </span>
    </p>
   </div>
   <div class='ocr_carea' id='block_1_62' title="bbox 1152 1191 1896 1234">
    <p class='ocr_par' dir='ltr' id='par_1_62' title="bbox 1152 1191 1896 1234">
     <span class='ocr_line' id='line_1_62' title="bbox 1152 1191 1896 1234; baseline 0.005 -11"><span class='ocrx_word' id='word_1_399' title='bbox 1152 1191 1230 1227; x_wconf 76' lang='lat'>105</span> <span class='ocrx_word' id='word_1_400' title='bbox 1241 1195 1254 1230; x_wconf 85' lang='lat'><strong>§</strong></span> <span class='ocrx_word' id='word_1_401' title='bbox 1274 1192 1321 1224; x_wconf 81' lang='lat'>25.</span> <span class='ocrx_word' id='word_1_402' title='bbox 1333 1194 1586 1234; x_wconf 83' lang='lat' dir='ltr'>Hisigitur,quae</span> <span class='ocrx_word' id='word_1_403' title='bbox 1594 1195 1627 1226; x_wconf 90' lang='lat' dir='ltr'>in</span> <span class='ocrx_word' id='word_1_404' title='bbox 1635 1195 1777 1226; x_wconf 90' lang='lat' dir='ltr'>codicum</span> <span class='ocrx_word' id='word_1_405' title='bbox 1789 1205 1825 1227; x_wconf 89' lang='lat' dir='ltr'>ac</span> <span class='ocrx_word' id='word_1_406' title='bbox 1832 1196 1896 1227; x_wconf 88' lang='lat' dir='ltr'>sin-</span> 
     </span>
    </p>
   </div>
   <div class='ocr_carea' id='block_1_63' title="bbox 1112 1243 1892 1282">
    <p class='ocr_par' dir='ltr' id='par_1_63' title="bbox 1112 1243 1892 1282">
     <span class='ocr_line' id='line_1_63' title="bbox 1112 1243 1892 1282; baseline 0.004 -8"><span class='ocrx_word' id='word_1_407' title='bbox 1112 1243 1253 1282; x_wconf 84' lang='lat' dir='ltr'>gularum</span> <span class='ocrx_word' id='word_1_408' title='bbox 1267 1244 1420 1275; x_wconf 84' lang='lat' dir='ltr'>Historiae</span> <span class='ocrx_word' id='word_1_409' title='bbox 1444 1245 1611 1276; x_wconf 88' lang='lat' dir='ltr'>Lausiacae</span> <span class='ocrx_word' id='word_1_410' title='bbox 1629 1246 1800 1276; x_wconf 84' lang='lat' dir='ltr'>editionum</span> <span class='ocrx_word' id='word_1_411' title='bbox 1822 1255 1892 1277; x_wconf 85' lang='lat' dir='ltr'>ver-</span> 
     </span>
    </p>
   </div>
   <div class='ocr_carea' id='block_1_64' title="bbox 1113 1294 1893 1334">
    <p class='ocr_par' dir='ltr' id='par_1_64' title="bbox 1113 1294 1893 1334">
     <span class='ocr_line' id='line_1_64' title="bbox 1113 1294 1893 1334; baseline 0.004 -10"><span class='ocrx_word' id='word_1_412' title='bbox 1113 1294 1299 1334; x_wconf 88' lang='lat' dir='ltr'>sionumque</span> <span class='ocrx_word' id='word_1_413' title='bbox 1321 1294 1442 1334; x_wconf 91' lang='lat' dir='ltr'>capite:</span> <span class='ocrx_word' id='word_1_414' title='bbox 1463 1295 1506 1326; x_wconf 90' lang='lat' dir='ltr'>De</span> <span class='ocrx_word' id='word_1_415' title='bbox 1529 1296 1662 1326; x_wconf 90' lang='lat' dir='ltr'>Macario</span> <span class='ocrx_word' id='word_1_416' title='bbox 1686 1296 1893 1328; x_wconf 81' lang='lat' dir='ltr'>Alexandrino</span> 
     </span>
    </p>
   </div>
   <div class='ocr_carea' id='block_1_65' title="bbox 1112 1343 1893 1385">
    <p class='ocr_par' dir='ltr' id='par_1_65' title="bbox 1112 1343 1893 1385">
     <span class='ocr_line' id='line_1_65' title="bbox 1112 1343 1893 1385; baseline 0.006 -11"><span class='ocrx_word' id='word_1_417' title='bbox 1112 1343 1267 1383; x_wconf 79' lang='lat' dir='ltr'>leguntur,</span> <span class='ocrx_word' id='word_1_418' title='bbox 1276 1345 1309 1375; x_wconf 92' lang='lat' dir='ltr'>in</span> <span class='ocrx_word' id='word_1_419' title='bbox 1320 1345 1457 1376; x_wconf 89' lang='lat' dir='ltr'>medium</span> <span class='ocrx_word' id='word_1_420' title='bbox 1464 1345 1604 1385; x_wconf 86' lang='lat' dir='ltr'>prolatis,</span> <span class='ocrx_word' id='word_1_421' title='bbox 1616 1346 1676 1377; x_wconf 90' lang='lat' dir='ltr'>iam</span> <span class='ocrx_word' id='word_1_422' title='bbox 1684 1350 1718 1377; x_wconf 90' lang='lat' dir='ltr'>ut</span> <span class='ocrx_word' id='word_1_423' title='bbox 1727 1347 1764 1377; x_wconf 87' lang='lat' dir='ltr'>ad</span> <span class='ocrx_word' id='word_1_424' title='bbox 1774 1350 1893 1379; x_wconf 82' lang='lat' dir='ltr'>ceteros</span> 
     </span>
    </p>
   </div>
   <div class='ocr_carea' id='block_1_66' title="bbox 1113 1394 1892 1435">
    <p class='ocr_par' dir='ltr' id='par_1_66' title="bbox 1113 1394 1892 1435">
     <span class='ocr_line' id='line_1_66' title="bbox 1113 1394 1892 1435; baseline 0.005 -11"><span class='ocrx_word' id='word_1_425' title='bbox 1113 1394 1205 1424; x_wconf 91' lang='lat' dir='ltr'>etiam</span> <span class='ocrx_word' id='word_1_426' title='bbox 1226 1394 1392 1425; x_wconf 84' lang='lat' dir='ltr'>Lausiacae</span> <span class='ocrx_word' id='word_1_427' title='bbox 1419 1395 1525 1432; x_wconf 90' lang='lat' dir='ltr'>locos,</span> <span class='ocrx_word' id='word_1_428' title='bbox 1554 1396 1667 1435; x_wconf 87' lang='lat' dir='ltr'>quibus</span> <span class='ocrx_word' id='word_1_429' title='bbox 1689 1397 1892 1428; x_wconf 81' lang='lat' dir='ltr'>Macariorum</span> 
     </span>
    </p>
   </div>
   <div class='ocr_carea' id='block_1_67' title="bbox 1113 1444 1893 1488">
    <p class='ocr_par' dir='ltr' id='par_1_67' title="bbox 1113 1444 1893 1488">
     <span class='ocr_line' id='line_1_67' title="bbox 1113 1444 1893 1488; baseline 0.006 -14"><span class='ocrx_word' id='word_1_430' title='bbox 1113 1444 1230 1475; x_wconf 80' lang='lat' dir='ltr'>mentio</span> <span class='ocrx_word' id='word_1_431' title='bbox 1244 1447 1287 1480; x_wconf 78' lang='lat' dir='ltr'>fit,</span> <span class='ocrx_word' id='word_1_432' title='bbox 1302 1445 1439 1475; x_wconf 89' lang='lat' dir='ltr'>animum</span> <span class='ocrx_word' id='word_1_433' title='bbox 1460 1445 1665 1482; x_wconf 85' lang='lat' dir='ltr'>advertamus,</span> <span class='ocrx_word' id='word_1_434' title='bbox 1690 1447 1767 1477; x_wconf 91' lang='lat' dir='ltr'>ordo</span> <span class='ocrx_word' id='word_1_435' title='bbox 1785 1448 1893 1488; x_wconf 90' lang='lat' dir='ltr'>dispu-</span> 
     </span>
    </p>
   </div>
   <div class='ocr_carea' id='block_1_68' title="bbox 1112 1493 1892 1534">
    <p class='ocr_par' dir='ltr' id='par_1_68' title="bbox 1112 1493 1892 1534">
     <span class='ocr_line' id='line_1_68' title="bbox 1112 1493 1892 1534; baseline 0.003 -10"><span class='ocrx_word' id='word_1_436' title='bbox 1112 1493 1238 1524; x_wconf 86' lang='lat' dir='ltr'>tationis</span> <span class='ocrx_word' id='word_1_437' title='bbox 1252 1494 1409 1533; x_wconf 86' lang='lat' dir='ltr'>postulare</span> <span class='ocrx_word' id='word_1_438' title='bbox 1423 1493 1552 1524; x_wconf 82' lang='lat' dir='ltr'>videtur.</span> <span class='ocrx_word' id='word_1_439' title='bbox 1565 1493 1682 1530; x_wconf 89' lang='lat' dir='ltr'>Quibus</span> <span class='ocrx_word' id='word_1_440' title='bbox 1693 1495 1817 1534; x_wconf 87' lang='lat' dir='ltr'>quidem</span> <span class='ocrx_word' id='word_1_441' title='bbox 1830 1504 1892 1526; x_wconf 92' lang='lat' dir='ltr'>non</span> 
     </span>
    </p>
   </div>
   <div class='ocr_carea' id='block_1_69' title="bbox 1115 1543 1895 1584">
    <p class='ocr_par' dir='ltr' id='par_1_69' title="bbox 1115 1543 1895 1584">
     <span class='ocr_line' id='line_1_69' title="bbox 1115 1543 1895 1584; baseline 0.003 -10"><span class='ocrx_word' id='word_1_442' title='bbox 1115 1543 1264 1575; x_wconf 89' lang='lat' dir='ltr'>Macarius</span> <span class='ocrx_word' id='word_1_443' title='bbox 1278 1544 1458 1584; x_wconf 76' lang='lat' dir='ltr'>Aegyptius,</span> <span class='ocrx_word' id='word_1_444' title='bbox 1481 1544 1534 1575; x_wconf 91' lang='lat' dir='ltr'>sed</span> <span class='ocrx_word' id='word_1_445' title='bbox 1549 1544 1698 1575; x_wconf 87' lang='lat' dir='ltr'>Macarius</span> <span class='ocrx_word' id='word_1_446' title='bbox 1716 1545 1895 1576; x_wconf 80' lang='lat' dir='ltr'>Alexandri-</span> 
     </span>
    </p>
   </div>
   <div class='ocr_carea' id='block_1_70' title="bbox 1115 1593 1647 1624">
    <p class='ocr_par' dir='ltr' id='par_1_70' title="bbox 1115 1593 1647 1624">
     <span class='ocr_line' id='line_1_70' title="bbox 1115 1593 1647 1624; baseline 0 0"><span class='ocrx_word' id='word_1_447' title='bbox 1115 1602 1174 1624; x_wconf 92' lang='lat' dir='ltr'>nus</span> <span class='ocrx_word' id='word_1_448' title='bbox 1186 1593 1275 1624; x_wconf 85' lang='lat' dir='ltr'>aliive</span> <span class='ocrx_word' id='word_1_449' title='bbox 1291 1594 1413 1624; x_wconf 72' lang='lat' dir='ltr'>Macarii</span> <span class='ocrx_word' id='word_1_450' title='bbox 1426 1597 1647 1624; x_wconf 87' lang='lat' dir='ltr'>memorantur.</span> 
     </span>
    </p>
   </div>
   <div class='ocr_carea' id='block_1_71' title="bbox 1153 1643 1892 1683">
    <p class='ocr_par' dir='ltr' id='par_1_71' title="bbox 1153 1643 1892 1683">
     <span class='ocr_line' id='line_1_71' title="bbox 1153 1643 1892 1683; baseline 0.003 -10"><span class='ocrx_word' id='word_1_451' title='bbox 1153 1645 1194 1674; x_wconf 87' lang='lat' dir='ltr'>Ac</span> <span class='ocrx_word' id='word_1_452' title='bbox 1209 1643 1344 1682; x_wconf 90' lang='lat' dir='ltr'>primum</span> <span class='ocrx_word' id='word_1_453' title='bbox 1359 1643 1484 1682; x_wconf 90' lang='lat' dir='ltr'>quidem</span> <span class='ocrx_word' id='word_1_454' title='bbox 1494 1643 1642 1673; x_wconf 89' lang='lat' dir='ltr'>Macarius</span> <span class='ocrx_word' id='word_1_455' title='bbox 1653 1643 1703 1673; x_wconf 92' lang='lat' dir='ltr'>ille</span> <span class='ocrx_word' id='word_1_456' title='bbox 1714 1643 1892 1683; x_wconf 79' lang='lat' dir='ltr'>presbyter,</span> 
     </span>
    </p>
   </div>
   <div class='ocr_carea' id='block_1_72' title="bbox 1113 1692 1892 1733">
    <p class='ocr_par' dir='ltr' id='par_1_72' title="bbox 1113 1692 1892 1733">
     <span class='ocr_line' id='line_1_72' title="bbox 1113 1692 1892 1733; baseline 0 -10"><span class='ocrx_word' id='word_1_457' title='bbox 1113 1692 1347 1733; x_wconf 89' lang='lat' dir='ltr'>ptochotrophii</span> <span class='ocrx_word' id='word_1_458' title='bbox 1369 1692 1567 1724; x_wconf 87' lang='lat' dir='ltr'>Alexandrini</span> <span class='ocrx_word' id='word_1_459' title='bbox 1595 1692 1769 1732; x_wconf 78' lang='lat' dir='ltr'>praefectus</span> <span class='ocrx_word' id='word_1_460' title='bbox 1797 1697 1827 1724; x_wconf 91' lang='lat' dir='ltr'>et</span> <span class='ocrx_word' id='word_1_461' title='bbox 1853 1695 1892 1724; x_wconf 86' lang='lat' dir='ltr'>ab</span> 
     </span>
    </p>
   </div>
   <div class='ocr_carea' id='block_1_73' title="bbox 1113 1742 1892 1783">
    <p class='ocr_par' dir='ltr' id='par_1_73' title="bbox 1113 1742 1892 1783">
     <span class='ocr_line' id='line_1_73' title="bbox 1113 1742 1892 1783; baseline 0 -10"><span class='ocrx_word' id='word_1_462' title='bbox 1113 1742 1322 1774; x_wconf 89' lang='lat' dir='ltr'>adolescentia</span> <span class='ocrx_word' id='word_1_463' title='bbox 1332 1742 1511 1783; x_wconf 88' lang='lat' dir='ltr'>lapidarius,</span> <span class='ocrx_word' id='word_1_464' title='bbox 1529 1742 1566 1773; x_wconf 89' lang='lat' dir='ltr'>de</span> <span class='ocrx_word' id='word_1_465' title='bbox 1582 1751 1645 1782; x_wconf 91' lang='lat' dir='ltr'>quo</span> <span class='ocrx_word' id='word_1_466' title='bbox 1660 1742 1813 1773; x_wconf 89' lang='lat' dir='ltr'>Palladius</span> <span class='ocrx_word' id='word_1_467' title='bbox 1825 1752 1892 1773; x_wconf 84' lang='lat' dir='ltr'>nar-</span> 
     </span>
    </p>
   </div>
   <div class='ocr_carea' id='block_1_74' title="bbox 1113 1792 1894 1834">
    <p class='ocr_par' dir='ltr' id='par_1_74' title="bbox 1113 1792 1894 1834">
     <span class='ocr_line' id='line_1_74' title="bbox 1113 1792 1894 1834; baseline 0 -10"><span class='ocrx_word' id='word_1_468' title='bbox 1113 1797 1160 1824; x_wconf 91' lang='lat' dir='ltr'>rat</span> <span class='ocrx_word' id='word_1_469' title='bbox 1182 1793 1235 1834; x_wconf 90' lang='lat'>(8),</span> <span class='ocrx_word' id='word_1_470' title='bbox 1252 1802 1323 1825; x_wconf 91' lang='lat' dir='ltr'>cum</span> <span class='ocrx_word' id='word_1_471' title='bbox 1339 1793 1454 1824; x_wconf 90' lang='lat' dir='ltr'>nostris</span> <span class='ocrx_word' id='word_1_472' title='bbox 1468 1792 1591 1824; x_wconf 90' lang='lat' dir='ltr'>duobus</span> <span class='ocrx_word' id='word_1_473' title='bbox 1613 1792 1750 1823; x_wconf 89' lang='lat' dir='ltr'>Macariis</span> <span class='ocrx_word' id='word_1_474' title='bbox 1764 1801 1803 1824; x_wconf 89' lang='lat' dir='ltr'>ne</span> <span class='ocrx_word' id='word_1_475' title='bbox 1819 1801 1894 1824; x_wconf 91' lang='lat' dir='ltr'>con-</span> 
     </span>
    </p>
   </div>
   <div class='ocr_carea' id='block_1_75' title="bbox 1112 1842 1890 1882">
    <p class='ocr_par' dir='ltr' id='par_1_75' title="bbox 1112 1842 1890 1882">
     <span class='ocr_line' id='line_1_75' title="bbox 1112 1842 1890 1882; baseline -0.003 -8"><span class='ocrx_word' id='word_1_476' title='bbox 1112 1842 1270 1874; x_wconf 84' lang='lat' dir='ltr'>fundatur.</span> <span class='ocrx_word' id='word_1_477' title='bbox 1286 1843 1350 1873; x_wconf 87' lang='lat' dir='ltr'>Nec</span> <span class='ocrx_word' id='word_1_478' title='bbox 1375 1851 1439 1873; x_wconf 89' lang='lat' dir='ltr'>non</span> <span class='ocrx_word' id='word_1_479' title='bbox 1458 1842 1511 1873; x_wconf 91' lang='lat' dir='ltr'>ille</span> <span class='ocrx_word' id='word_1_480' title='bbox 1530 1842 1634 1872; x_wconf 90' lang='lat' dir='ltr'>iunior</span> <span class='ocrx_word' id='word_1_481' title='bbox 1655 1842 1814 1878; x_wconf 85' lang='lat' dir='ltr'>Macarius,</span> <span class='ocrx_word' id='word_1_482' title='bbox 1837 1843 1890 1882; x_wconf 89' lang='lat' dir='ltr'>qui</span> 
     </span>
    </p>
   </div>
   <div class='ocr_carea' id='block_1_76' title="bbox 1111 1891 1893 1931">
    <p class='ocr_par' dir='ltr' id='par_1_76' title="bbox 1111 1891 1893 1931">
     <span class='ocr_line' id='line_1_76' title="bbox 1111 1891 1893 1931; baseline 0 -8"><span class='ocrx_word' id='word_1_483' title='bbox 1111 1892 1232 1923; x_wconf 90' lang='lat' dir='ltr'>iuvenis</span> <span class='ocrx_word' id='word_1_484' title='bbox 1254 1892 1446 1931; x_wconf 84' lang='lat' dir='ltr'>undeviginti</span> <span class='ocrx_word' id='word_1_485' title='bbox 1473 1901 1626 1922; x_wconf 89' lang='lat' dir='ltr'>annorum</span> <span class='ocrx_word' id='word_1_486' title='bbox 1655 1891 1781 1922; x_wconf 88' lang='lat' dir='ltr'>caedem</span> <span class='ocrx_word' id='word_1_487' title='bbox 1808 1892 1893 1923; x_wconf 81' lang='lat' dir='ltr'>invo—</span> 
     </span>
    </p>
   </div>
   <div class='ocr_carea' id='block_1_77' title="bbox 1111 1941 1890 1982">
    <p class='ocr_par' dir='ltr' id='par_1_77' title="bbox 1111 1941 1890 1982">
     <span class='ocr_line' id='line_1_77' title="bbox 1111 1941 1890 1982; baseline -0.001 -9"><span class='ocrx_word' id='word_1_488' title='bbox 1111 1942 1275 1974; x_wconf 88' lang='lat' dir='ltr'>luntariam</span> <span class='ocrx_word' id='word_1_489' title='bbox 1284 1942 1399 1973; x_wconf 87' lang='lat' dir='ltr'>fecerat</span> <span class='ocrx_word' id='word_1_490' title='bbox 1409 1941 1461 1982; x_wconf 84' lang='lat'>(9),</span> <span class='ocrx_word' id='word_1_491' title='bbox 1474 1941 1512 1973; x_wconf 89' lang='lat' dir='ltr'>ab</span> <span class='ocrx_word' id='word_1_492' title='bbox 1526 1941 1587 1972; x_wconf 88' lang='lat' dir='ltr'>illis</span> <span class='ocrx_word' id='word_1_493' title='bbox 1595 1941 1890 1980; x_wconf 83' lang='lat' dir='ltr'>distinguendusest.</span> 
     </span>
    </p>
   </div>
   <div class='ocr_carea' id='block_1_78' title="bbox 1111 1991 1894 2032">
    <p class='ocr_par' dir='ltr' id='par_1_78' title="bbox 1111 1991 1894 2032">
     <span class='ocr_line' id='line_1_78' title="bbox 1111 1991 1894 2032; baseline -0.003 -8"><span class='ocrx_word' id='word_1_494' title='bbox 1111 1994 1261 2024; x_wconf 85' lang='lat' dir='ltr'>Macarius</span> <span class='ocrx_word' id='word_1_495' title='bbox 1274 1991 1501 2023; x_wconf 90' lang='lat' dir='ltr'>Alexandrinus</span> <span class='ocrx_word' id='word_1_496' title='bbox 1515 1991 1575 2032; x_wconf 89' lang='lat'>(10)</span> <span class='ocrx_word' id='word_1_497' title='bbox 1591 1995 1693 2022; x_wconf 88' lang='lat' dir='ltr'>autem</span> <span class='ocrx_word' id='word_1_498' title='bbox 1705 1995 1894 2026; x_wconf 84' lang='lat' dir='ltr'>memoratur</span> 
     </span>
    </p>
   </div>
   <div class='ocr_carea' id='block_1_79' title="bbox 1111 2039 1894 2080">
    <p class='ocr_par' dir='ltr' id='par_1_79' title="bbox 1111 2039 1894 2080">
     <span class='ocr_line' id='line_1_79' title="bbox 1111 2039 1894 2080; baseline -0.003 -8"><span class='ocrx_word' id='word_1_499' title='bbox 1111 2042 1145 2072; x_wconf 91' lang='lat' dir='ltr'>in</span> <span class='ocrx_word' id='word_1_500' title='bbox 1169 2041 1269 2080; x_wconf 89' lang='lat' dir='ltr'>capite</span> <span class='ocrx_word' id='word_1_501' title='bbox 1295 2044 1361 2079; x_wconf 78' lang='grc' dir='ltr'>Περὶ</span> <span class='ocrx_word' id='word_1_502' title='bbox 1375 2043 1481 2070; x_wconf 80' lang='grc' dir='ltr'>Παύλου</span> <span class='ocrx_word' id='word_1_503' title='bbox 1504 2039 1670 2078; x_wconf 90' lang='lat' dir='ltr'>inscripto,</span> <span class='ocrx_word' id='word_1_504' title='bbox 1696 2040 1781 2079; x_wconf 91' lang='lat' dir='ltr'>quod</span> <span class='ocrx_word' id='word_1_505' title='bbox 1805 2048 1823 2070; x_wconf 90' lang='lat' dir='ltr'>e</span> <span class='ocrx_word' id='word_1_506' title='bbox 1842 2048 1894 2070; x_wconf 90' lang='lat' dir='ltr'>co-</span> 
     </span>
    </p>
   </div>
   <div class='ocr_carea' id='block_1_80' title="bbox 1111 2088 1892 2128">
    <p class='ocr_par' dir='ltr' id='par_1_80' title="bbox 1111 2088 1892 2128">
     <span class='ocr_line' id='line_1_80' title="bbox 1111 2088 1892 2128; baseline -0.003 -6"><span class='ocrx_word' id='word_1_507' title='bbox 1111 2091 1232 2122; x_wconf 88' lang='lat' dir='ltr'>dicibus</span> <span class='ocrx_word' id='word_1_508' title='bbox 1245 2088 1540 2121; x_wconf 85' lang='lat' dir='ltr'>Vindobonensibus</span> <span class='ocrx_word' id='word_1_509' title='bbox 1553 2088 1647 2119; x_wconf 90' lang='lat' dir='ltr'>latine</span> <span class='ocrx_word' id='word_1_510' title='bbox 1665 2089 1819 2120; x_wconf 90' lang='lat' dir='ltr'>redditum</span> <span class='ocrx_word' id='word_1_511' title='bbox 1835 2098 1892 2128; x_wconf 89' lang='lat' dir='ltr'>ap-</span> 
     </span>
    </p>
   </div>
   <div class='ocr_carea' id='block_1_81' title="bbox 1114 2148 1283 2180">
    <p class='ocr_par' dir='ltr' id='par_1_81' title="bbox 1114 2148 1283 2180">
     <span class='ocr_line' id='line_1_81' title="bbox 1114 2148 1283 2180; baseline 0 -10"><span class='ocrx_word' id='word_1_512' title='bbox 1114 2148 1259 2180; x_wconf 84' lang='lat' dir='ltr'>ponimus</span> <span class='ocrx_word' id='word_1_513' title='bbox 1276 2149 1283 2170; x_wconf 87' lang='lat'><strong>:</strong></span> 
     </span>
    </p>
   </div>
   <div class='ocr_carea' id='block_1_82' title="bbox 278 2185 1891 2228">
    <p class='ocr_par' dir='ltr' id='par_1_82' title="bbox 278 2185 1891 2228">
     <span class='ocr_line' id='line_1_82' title="bbox 278 2185 1891 2228; baseline 0.002 -12"><span class='ocrx_word' id='word_1_514' title='bbox 278 2186 400 2226; x_wconf 91' lang='lat' dir='ltr'>priores</span> <span class='ocrx_word' id='word_1_515' title='bbox 414 2185 453 2217; x_wconf 93' lang='lat' dir='ltr'>ad</span> <span class='ocrx_word' id='word_1_516' title='bbox 468 2186 634 2217; x_wconf 88' lang='lat' dir='ltr'>Macarium</span> <span class='ocrx_word' id='word_1_517' title='bbox 663 2186 694 2215; x_wconf 92' lang='lat' dir='ltr'>S.</span> <span class='ocrx_word' id='word_1_518' title='bbox 713 2185 848 2222; x_wconf 90' lang='lat' dir='ltr'>Antonii,</span> <span class='ocrx_word' id='word_1_519' title='bbox 861 2186 949 2217; x_wconf 90' lang='lat' dir='ltr'>cuius</span> <span class='ocrx_word' id='word_1_520' title='bbox 958 2186 1062 2226; x_wconf 90' lang='lat' dir='ltr'>digni-</span> <span class='ocrx_word' id='word_1_521' title='bbox 1079 2195 1100 2221; x_wconf 87' lang='grc' dir='ltr'>ι)</span> <span class='ocrx_word' id='word_1_522' title='bbox 1155 2203 1169 2218; x_wconf 78' lang='grc' dir='ltr'><strong>α</strong></span> <span class='ocrx_word' id='word_1_523' title='bbox 1186 2191 1274 2221; x_wconf 87' lang='lat' dir='ltr'>Mons</span> <span class='ocrx_word' id='word_1_524' title='bbox 1289 2193 1335 2220; x_wconf 84' lang='lat' dir='ltr'>est</span> <span class='ocrx_word' id='word_1_525' title='bbox 1351 2197 1384 2220; x_wconf 81' lang='lat' dir='ltr'>in</span> <span class='ocrx_word' id='word_1_526' title='bbox 1402 2190 1542 2228; x_wconf 85' lang='lat' dir='ltr'>Aegypto</span> <span class='ocrx_word' id='word_1_527' title='bbox 1557 2187 1715 2218; x_wconf 89' lang='lat' dir='ltr'>abducens</span> <span class='ocrx_word' id='word_1_528' title='bbox 1730 2188 1762 2218; x_wconf 91' lang='lat' dir='ltr'>in</span> <span class='ocrx_word' id='word_1_529' title='bbox 1777 2191 1891 2220; x_wconf 87' lang='lat' dir='ltr'>vastam</span> 
     </span>
    </p>
   </div>
   <div class='ocr_carea' id='block_1_83' title="bbox 277 2235 1062 2278">
    <p class='ocr_par' dir='ltr' id='par_1_83' title="bbox 277 2235 1062 2278">
     <span class='ocr_line' id='line_1_83' title="bbox 277 2235 1062 2278; baseline 0.003 -12"><span class='ocrx_word' id='word_1_530' title='bbox 277 2239 372 2267; x_wconf 90' lang='lat' dir='ltr'>tatem</span> <span class='ocrx_word' id='word_1_531' title='bbox 390 2235 479 2276; x_wconf 89' lang='lat' dir='ltr'>quasi</span> <span class='ocrx_word' id='word_1_532' title='bbox 501 2235 708 2267; x_wconf 89' lang='lat' dir='ltr'>haereditarie</span> <span class='ocrx_word' id='word_1_533' title='bbox 730 2239 903 2275; x_wconf 86' lang='lat' dir='ltr'>acceperat,</span> <span class='ocrx_word' id='word_1_534' title='bbox 927 2237 1062 2278; x_wconf 91' lang='lat' dir='ltr'>discipu-</span> 
     </span>
    </p>
   </div>
   <div class='ocr_carea' id='block_1_84' title="bbox 277 2285 1061 2326">
    <p class='ocr_par' dir='ltr' id='par_1_84' title="bbox 277 2285 1061 2326">
     <span class='ocr_line' id='line_1_84' title="bbox 277 2285 1061 2326; baseline 0.003 -10"><span class='ocrx_word' id='word_1_535' title='bbox 277 2285 342 2317; x_wconf 84' lang='lat' dir='ltr'>lum</span> <span class='ocrx_word' id='word_1_536' title='bbox 356 2290 510 2326; x_wconf 90' lang='lat' dir='ltr'>spectare,</span> <span class='ocrx_word' id='word_1_537' title='bbox 525 2290 644 2317; x_wconf 87' lang='lat' dir='ltr'>ceteras</span> <span class='ocrx_word' id='word_1_538' title='bbox 660 2293 732 2316; x_wconf 91' lang='lat' dir='ltr'>vero</span> <span class='ocrx_word' id='word_1_539' title='bbox 748 2285 826 2316; x_wconf 89' lang='lat' dir='ltr'>duas</span> <span class='ocrx_word' id='word_1_540' title='bbox 840 2286 879 2317; x_wconf 92' lang='lat' dir='ltr'>ad</span> <span class='ocrx_word' id='word_1_541' title='bbox 895 2287 1061 2318; x_wconf 88' lang='lat' dir='ltr'>Macarium</span> 
     </span>
    </p>
   </div>
   <div class='ocr_carea' id='block_1_85' title="bbox 277 2334 1061 2376">
    <p class='ocr_par' dir='ltr' id='par_1_85' title="bbox 277 2334 1061 2376">
     <span class='ocr_line' id='line_1_85' title="bbox 277 2334 1061 2376; baseline -0.004 -8"><span class='ocrx_word' id='word_1_542' title='bbox 277 2337 458 2376; x_wconf 78' lang='grc' dir='ltr'>πολιτικόν,ἱ.</span> <span class='ocrx_word' id='word_1_543' title='bbox 470 2343 499 2366; x_wconf 91' lang='lat' dir='ltr'>e.</span> <span class='ocrx_word' id='word_1_544' title='bbox 514 2343 553 2366; x_wconf 85' lang='lat' dir='ltr'>ex</span> <span class='ocrx_word' id='word_1_545' title='bbox 567 2335 645 2366; x_wconf 91' lang='lat' dir='ltr'>urbe</span> <span class='ocrx_word' id='word_1_546' title='bbox 660 2334 839 2373; x_wconf 86' lang='lat' dir='ltr'>oriundum,</span> <span class='ocrx_word' id='word_1_547' title='bbox 855 2345 919 2376; x_wconf 89' lang='lat' dir='ltr'>quo</span> <span class='ocrx_word' id='word_1_548' title='bbox 934 2338 1061 2369; x_wconf 74' lang='lat' dir='ltr'>nomine</span> 
     </span>
    </p>
   </div>
   <div class='ocr_carea' id='block_1_86' title="bbox 277 2385 1058 2426">
    <p class='ocr_par' dir='ltr' id='par_1_86' title="bbox 277 2385 1058 2426">
     <span class='ocr_line' id='line_1_86' title="bbox 277 2385 1058 2426; baseline 0 -8"><span class='ocrx_word' id='word_1_549' title='bbox 277 2387 451 2418; x_wconf 89' lang='lat' dir='ltr'>Sozomeno</span> <span class='ocrx_word' id='word_1_550' title='bbox 476 2389 556 2416; x_wconf 87' lang='lat' dir='ltr'>teste</span> <span class='ocrx_word' id='word_1_551' title='bbox 581 2385 622 2426; x_wconf 91' lang='lat'>(1)</span> <span class='ocrx_word' id='word_1_552' title='bbox 646 2385 797 2417; x_wconf 88' lang='lat' dir='ltr'>Macarius</span> <span class='ocrx_word' id='word_1_553' title='bbox 821 2385 1058 2424; x_wconf 86' lang='lat' dir='ltr'>Alexandrinus,</span> 
     </span>
    </p>
   </div>
   <div class='ocr_carea' id='block_1_87' title="bbox 313 2497 1059 2533">
    <p class='ocr_par' dir='ltr' id='par_1_87' title="bbox 313 2497 1059 2533">
     <span class='ocr_line' id='line_1_87' title="bbox 313 2497 1059 2533; baseline 0.001 -8"><span class='ocrx_word' id='word_1_554' title='bbox 313 2499 352 2533; x_wconf 84' lang='lat' dir='ltr'>(l)</span> <span class='ocrx_word' id='word_1_555' title='bbox 365 2498 474 2525; x_wconf 74' lang='lat' dir='ltr'>Sozom.</span> <span class='ocrx_word' id='word_1_556' title='bbox 491 2497 560 2526; x_wconf 77' lang='lat' dir='ltr'>Hist.</span> <span class='ocrx_word' id='word_1_557' title='bbox 575 2497 648 2525; x_wconf 82' lang='lat' dir='ltr'>Eccl.</span> <span class='ocrx_word' id='word_1_558' title='bbox 671 2498 719 2526; x_wconf 87' lang='lat' dir='ltr'>lib.</span> <span class='ocrx_word' id='word_1_559' title='bbox 732 2497 765 2524; x_wconf 92' lang='lat' dir='ltr'>Ill</span> <span class='ocrx_word' id='word_1_560' title='bbox 780 2505 841 2532; x_wconf 86' lang='lat' dir='ltr'>cap.</span> <span class='ocrx_word' id='word_1_561' title='bbox 857 2497 890 2524; x_wconf 67' lang='lat' dir='ltr'>l4</span> <span class='ocrx_word' id='word_1_562' title='bbox 904 2498 948 2525; x_wconf 90' lang='lat' dir='ltr'>ed.</span> <span class='ocrx_word' id='word_1_563' title='bbox 967 2497 1059 2526; x_wconf 81' lang='lat' dir='ltr'>Vales.</span> 
     </span>
    </p>
   </div>
   <div class='ocr_carea' id='block_1_88' title="bbox 278 2545 381 2580">
    <p class='ocr_par' dir='ltr' id='par_1_88' title="bbox 278 2545 381 2580">
     <span class='ocr_line' id='line_1_88' title="bbox 278 2545 381 2580; baseline -0.019 -8"><span class='ocrx_word' id='word_1_564' title='bbox 278 2552 305 2580; x_wconf 80' lang='grc' dir='ltr'>ι).</span> <span class='ocrx_word' id='word_1_565' title='bbox 318 2545 381 2572; x_wconf 78' lang='grc'>515.</span> 
     </span>
    </p>
   </div>
   <div class='ocr_carea' id='block_1_89' title="bbox 314 2588 913 2625">
    <p class='ocr_par' dir='ltr' id='par_1_89' title="bbox 314 2588 913 2625">
     <span class='ocr_line' id='line_1_89' title="bbox 314 2588 913 2625; baseline -0.003 -9"><span class='ocrx_word' id='word_1_566' title='bbox 314 2589 351 2625; x_wconf 75' lang='lat'>(2)</span> <span class='ocrx_word' id='word_1_567' title='bbox 367 2589 433 2624; x_wconf 87' lang='lat' dir='ltr'>Cap.</span> <span class='ocrx_word' id='word_1_568' title='bbox 451 2589 497 2621; x_wconf 77' lang='lat'>29,</span> <span class='ocrx_word' id='word_1_569' title='bbox 511 2588 566 2616; x_wconf 69' lang='grc' dir='ltr'>νγ.</span> <span class='ocrx_word' id='word_1_570' title='bbox 581 2588 634 2616; x_wconf 83' lang='grc' dir='ltr'>ΡΡ.</span> <span class='ocrx_word' id='word_1_571' title='bbox 652 2588 744 2616; x_wconf 81' lang='lat' dir='ltr'>Rosw.</span> <span class='ocrx_word' id='word_1_572' title='bbox 763 2597 790 2624; x_wconf 92' lang='lat' dir='ltr'>p.</span> <span class='ocrx_word' id='word_1_573' title='bbox 808 2588 872 2621; x_wconf 71' lang='grc'>482,</span> <span class='ocrx_word' id='word_1_574' title='bbox 888 2589 913 2614; x_wconf 80' lang='grc' dir='ltr'>ί.</span> 
     </span>
    </p>
   </div>
   <div class='ocr_carea' id='block_1_90' title="bbox 313 2633 739 2669">
    <p class='ocr_par' dir='ltr' id='par_1_90' title="bbox 313 2633 739 2669">
     <span class='ocr_line' id='line_1_90' title="bbox 313 2633 739 2669; baseline -0.002 -8"><span class='ocrx_word' id='word_1_575' title='bbox 313 2634 352 2669; x_wconf 75' lang='lat'>(5)</span> <span class='ocrx_word' id='word_1_576' title='bbox 368 2633 462 2661; x_wconf 82' lang='lat' dir='ltr'>Libell.</span> <span class='ocrx_word' id='word_1_577' title='bbox 478 2633 522 2666; x_wconf 92' lang='lat' dir='ltr'>Ill,</span> <span class='ocrx_word' id='word_1_578' title='bbox 537 2633 570 2661; x_wconf 83' lang='lat' dir='ltr'>l5</span> <span class='ocrx_word' id='word_1_579' title='bbox 586 2642 612 2668; x_wconf 86' lang='lat' dir='ltr'>p.</span> <span class='ocrx_word' id='word_1_580' title='bbox 631 2634 694 2667; x_wconf 81' lang='lat'>656,</span> <span class='ocrx_word' id='word_1_581' title='bbox 711 2634 739 2660; x_wconf 55' lang='grc' dir='ltr'>θ.</span> 
     </span>
    </p>
   </div>
   <div class='ocr_carea' id='block_1_91' title="bbox 311 2679 635 2716">
    <p class='ocr_par' dir='ltr' id='par_1_91' title="bbox 311 2679 635 2716">
     <span class='ocr_line' id='line_1_91' title="bbox 311 2679 635 2716; baseline -0.003 -9"><span class='ocrx_word' id='word_1_582' title='bbox 311 2680 351 2715; x_wconf 71' lang='grc'><strong>(4)</strong></span> <span class='ocrx_word' id='word_1_583' title='bbox 363 2679 430 2715; x_wconf 88' lang='lat' dir='ltr'>Cap.</span> <span class='ocrx_word' id='word_1_584' title='bbox 444 2680 478 2708; x_wconf 74' lang='grc'>29</span> <span class='ocrx_word' id='word_1_585' title='bbox 493 2688 520 2716; x_wconf 88' lang='lat' dir='ltr'>p.</span> <span class='ocrx_word' id='word_1_586' title='bbox 534 2680 595 2713; x_wconf 79' lang='grc'>481,</span> <span class='ocrx_word' id='word_1_587' title='bbox 612 2679 635 2707; x_wconf 82' lang='grc' dir='ltr'>Ι.</span> 
     </span>
    </p>
   </div>
   <div class='ocr_carea' id='block_1_92' title="bbox 312 2725 641 2761">
    <p class='ocr_par' dir='ltr' id='par_1_92' title="bbox 312 2725 641 2761">
     <span class='ocr_line' id='line_1_92' title="bbox 312 2725 641 2761; baseline -0.003 -8"><span class='ocrx_word' id='word_1_588' title='bbox 312 2725 351 2761; x_wconf 82' lang='lat'>(5)</span> <span class='ocrx_word' id='word_1_589' title='bbox 368 2726 434 2760; x_wconf 82' lang='lat' dir='ltr'>Cap.</span> <span class='ocrx_word' id='word_1_590' title='bbox 449 2726 483 2753; x_wconf 72' lang='lat' dir='ltr'>te</span> <span class='ocrx_word' id='word_1_591' title='bbox 499 2734 525 2761; x_wconf 81' lang='grc' dir='ltr'>ρ.</span> <span class='ocrx_word' id='word_1_592' title='bbox 540 2725 602 2758; x_wconf 77' lang='lat'>501,</span> <span class='ocrx_word' id='word_1_593' title='bbox 614 2725 641 2753; x_wconf 78' lang='lat'>2.</span> 
     </span>
    </p>
   </div>
   <div class='ocr_carea' id='block_1_93' title="bbox 313 2768 1055 2807">
    <p class='ocr_par' dir='ltr' id='par_1_93' title="bbox 313 2768 1055 2807">
     <span class='ocr_line' id='line_1_93' title="bbox 313 2768 1055 2807; baseline -0.003 -9"><span class='ocrx_word' id='word_1_594' title='bbox 313 2771 351 2807; x_wconf 85' lang='lat'>(6)</span> <span class='ocrx_word' id='word_1_595' title='bbox 365 2770 392 2798; x_wconf 95' lang='lat' dir='ltr'>ln</span> <span class='ocrx_word' id='word_1_596' title='bbox 407 2770 552 2806; x_wconf 87' lang='lat' dir='ltr'>Nicephori</span> <span class='ocrx_word' id='word_1_597' title='bbox 565 2771 668 2799; x_wconf 81' lang='lat' dir='ltr'>Callisti</span> <span class='ocrx_word' id='word_1_598' title='bbox 679 2770 783 2798; x_wconf 85' lang='lat' dir='ltr'>Eecles.</span> <span class='ocrx_word' id='word_1_599' title='bbox 798 2769 868 2798; x_wconf 82' lang='lat' dir='ltr'>Hist.</span> <span class='ocrx_word' id='word_1_600' title='bbox 882 2769 929 2796; x_wconf 91' lang='lat' dir='ltr'>lib.</span> <span class='ocrx_word' id='word_1_601' title='bbox 947 2768 982 2796; x_wconf 80' lang='lat' dir='ltr'>IX</span> <span class='ocrx_word' id='word_1_602' title='bbox 994 2776 1055 2804; x_wconf 81' lang='lat' dir='ltr'>cap.</span> 
     </span>
    </p>
   </div>
   <div class='ocr_carea' id='block_1_94' title="bbox 279 2814 977 2852">
    <p class='ocr_par' dir='ltr' id='par_1_94' title="bbox 279 2814 977 2852">
     <span class='ocr_line' id='line_1_94' title="bbox 279 2814 977 2852; baseline -0.004 -7"><span class='ocrx_word' id='word_1_603' title='bbox 279 2817 312 2845; x_wconf 69' lang='grc' dir='ltr'>Η</span> <span class='ocrx_word' id='word_1_604' title='bbox 327 2817 450 2844; x_wconf 81' lang='lat' dir='ltr'>versione</span> <span class='ocrx_word' id='word_1_605' title='bbox 464 2817 548 2844; x_wconf 85' lang='lat' dir='ltr'>latina</span> <span class='ocrx_word' id='word_1_606' title='bbox 563 2816 680 2852; x_wconf 75' lang='lat' dir='ltr'>legitur:</span> <span class='ocrx_word' id='word_1_607' title='bbox 699 2815 835 2843; x_wconf 70' lang='lat' dir='ltr'>Macarius</span> <span class='ocrx_word' id='word_1_608' title='bbox 850 2814 977 2842; x_wconf 67' lang='lat' dir='ltr'>urbanus.</span> 
     </span>
    </p>
   </div>
   <div class='ocr_carea' id='block_1_95' title="bbox 313 2859 1052 2894">
    <p class='ocr_par' dir='ltr' id='par_1_95' title="bbox 313 2859 1052 2894">
     <span class='ocr_line' id='line_1_95' title="bbox 313 2859 1052 2894; baseline -0.003 -6"><span class='ocrx_word' id='word_1_609' title='bbox 313 2863 350 2892; x_wconf 79' lang='grc' dir='ltr'>Π)</span> <span class='ocrx_word' id='word_1_610' title='bbox 364 2862 436 2890; x_wconf 89' lang='lat' dir='ltr'>Illam</span> <span class='ocrx_word' id='word_1_611' title='bbox 451 2870 518 2890; x_wconf 86' lang='lat' dir='ltr'>uvae</span> <span class='ocrx_word' id='word_1_612' title='bbox 527 2862 670 2890; x_wconf 88' lang='lat' dir='ltr'>historiam</span> <span class='ocrx_word' id='word_1_613' title='bbox 684 2861 764 2889; x_wconf 90' lang='lat' dir='ltr'>nimis</span> <span class='ocrx_word' id='word_1_614' title='bbox 780 2861 864 2888; x_wconf 82' lang='lat' dir='ltr'>libero</span> <span class='ocrx_word' id='word_1_615' title='bbox 875 2860 1001 2894; x_wconf 83' lang='lat' dir='ltr'>exposuit</span> <span class='ocrx_word' id='word_1_616' title='bbox 1019 2859 1052 2886; x_wconf 90' lang='lat' dir='ltr'>H.</span> 
     </span>
    </p>
   </div>
   <div class='ocr_carea' id='block_1_96' title="bbox 1113 2237 1890 2277">
    <p class='ocr_par' dir='ltr' id='par_1_96' title="bbox 1113 2237 1890 2277">
     <span class='ocr_line' id='line_1_96' title="bbox 1113 2237 1890 2277; baseline -0.005 -5"><span class='ocrx_word' id='word_1_617' title='bbox 1113 2241 1211 2272; x_wconf 91' lang='lat' dir='ltr'>Scetis</span> <span class='ocrx_word' id='word_1_618' title='bbox 1232 2239 1442 2275; x_wconf 83' lang='lat' dir='ltr'>solitudinem,</span> <span class='ocrx_word' id='word_1_619' title='bbox 1467 2238 1520 2277; x_wconf 86' lang='lat' dir='ltr'>qui</span> <span class='ocrx_word' id='word_1_620' title='bbox 1544 2237 1676 2268; x_wconf 86' lang='lat' dir='ltr'>Pherme</span> <span class='ocrx_word' id='word_1_621' title='bbox 1700 2237 1890 2277; x_wconf 78' lang='lat' dir='ltr'>appellatur;</span> 
     </span>
    </p>
   </div>
   <div class='ocr_carea' id='block_1_97' title="bbox 1112 2287 1896 2330">
    <p class='ocr_par' dir='ltr' id='par_1_97' title="bbox 1112 2287 1896 2330">
     <span class='ocr_line' id='line_1_97' title="bbox 1112 2287 1896 2330; baseline -0.005 -9"><span class='ocrx_word' id='word_1_622' title='bbox 1112 2291 1146 2321; x_wconf 92' lang='lat' dir='ltr'>in</span> <span class='ocrx_word' id='word_1_623' title='bbox 1161 2299 1224 2330; x_wconf 91' lang='lat' dir='ltr'>quo</span> <span class='ocrx_word' id='word_1_624' title='bbox 1245 2290 1301 2320; x_wconf 88' lang='lat' dir='ltr'>viri</span> <span class='ocrx_word' id='word_1_625' title='bbox 1316 2289 1380 2320; x_wconf 81' lang='lat' dir='ltr'>fere</span> <span class='ocrx_word' id='word_1_626' title='bbox 1408 2287 1568 2328; x_wconf 85' lang='lat' dir='ltr'>quingenti</span> <span class='ocrx_word' id='word_1_627' title='bbox 1593 2287 1713 2323; x_wconf 90' lang='lat' dir='ltr'>sedent,</span> <span class='ocrx_word' id='word_1_628' title='bbox 1731 2288 1785 2326; x_wconf 88' lang='lat' dir='ltr'>qui</span> <span class='ocrx_word' id='word_1_629' title='bbox 1808 2296 1896 2318; x_wconf 88' lang='lat' dir='ltr'>exer-</span> 
     </span>
    </p>
   </div>
   <div class='ocr_carea' id='block_1_98' title="bbox 1114 2335 1892 2378">
    <p class='ocr_par' dir='ltr' id='par_1_98' title="bbox 1114 2335 1892 2378">
     <span class='ocr_line' id='line_1_98' title="bbox 1114 2335 1892 2378; baseline -0.005 -8"><span class='ocrx_word' id='word_1_630' title='bbox 1114 2342 1234 2370; x_wconf 88' lang='lat' dir='ltr'>centur.</span> <span class='ocrx_word' id='word_1_631' title='bbox 1258 2339 1303 2369; x_wconf 79' lang='lat' dir='ltr'>Ex</span> <span class='ocrx_word' id='word_1_632' title='bbox 1327 2337 1440 2378; x_wconf 89' lang='lat' dir='ltr'>quibus</span> <span class='ocrx_word' id='word_1_633' title='bbox 1463 2337 1587 2373; x_wconf 87' lang='lat' dir='ltr'>Paulus,</span> <span class='ocrx_word' id='word_1_634' title='bbox 1613 2335 1785 2367; x_wconf 89' lang='lat' dir='ltr'>monachus</span> <span class='ocrx_word' id='word_1_635' title='bbox 1809 2337 1892 2376; x_wconf 88' lang='lat' dir='ltr'>opti-</span> 
     </span>
    </p>
   </div>
   <div class='ocr_carea' id='block_1_99' title="bbox 1112 2387 1890 2428">
    <p class='ocr_par' dir='ltr' id='par_1_99' title="bbox 1112 2387 1890 2428">
     <span class='ocr_line' id='line_1_99' title="bbox 1112 2387 1890 2428; baseline -0.001 -8"><span class='ocrx_word' id='word_1_636' title='bbox 1112 2399 1193 2426; x_wconf 88' lang='lat' dir='ltr'>mus,</span> <span class='ocrx_word' id='word_1_637' title='bbox 1220 2392 1284 2419; x_wconf 89' lang='lat' dir='ltr'>toto</span> <span class='ocrx_word' id='word_1_638' title='bbox 1306 2392 1448 2428; x_wconf 85' lang='lat' dir='ltr'>tempore</span> <span class='ocrx_word' id='word_1_639' title='bbox 1471 2395 1527 2418; x_wconf 89' lang='lat' dir='ltr'>suo</span> <span class='ocrx_word' id='word_1_640' title='bbox 1548 2387 1629 2418; x_wconf 89' lang='lat' dir='ltr'>hanc</span> <span class='ocrx_word' id='word_1_641' title='bbox 1653 2387 1744 2418; x_wconf 89' lang='lat' dir='ltr'>vitam</span> <span class='ocrx_word' id='word_1_642' title='bbox 1770 2388 1890 2427; x_wconf 86' lang='lat' dir='ltr'>agebat.</span> 
     </span>
    </p>
   </div>
   <div class='ocr_carea' id='block_1_100' title="bbox 1109 2495 1670 2532">
    <p class='ocr_par' dir='ltr' id='par_1_100' title="bbox 1109 2495 1670 2532">
     <span class='ocr_line' id='line_1_100' title="bbox 1109 2495 1670 2532; baseline -0.005 -7"><span class='ocrx_word' id='word_1_643' title='bbox 1109 2497 1183 2525; x_wconf 86' lang='lat' dir='ltr'>Bone</span> <span class='ocrx_word' id='word_1_644' title='bbox 1195 2497 1222 2524; x_wconf 93' lang='lat' dir='ltr'>in</span> <span class='ocrx_word' id='word_1_645' title='bbox 1239 2496 1374 2532; x_wconf 78' lang='lat' dir='ltr'>Legendis</span> <span class='ocrx_word' id='word_1_646' title='bbox 1389 2495 1496 2531; x_wconf 88' lang='lat' dir='ltr'>poetice</span> <span class='ocrx_word' id='word_1_647' title='bbox 1509 2495 1670 2530; x_wconf 84' lang='lat' dir='ltr'>descriptis.</span> 
     </span>
    </p>
   </div>
   <div class='ocr_carea' id='block_1_101' title="bbox 1144 2541 1660 2578">
    <p class='ocr_par' dir='ltr' id='par_1_101' title="bbox 1144 2541 1660 2578">
     <span class='ocr_line' id='line_1_101' title="bbox 1144 2541 1660 2578; baseline -0.006 -7"><span class='ocrx_word' id='word_1_648' title='bbox 1144 2543 1181 2578; x_wconf 89' lang='lat'>(8)</span> <span class='ocrx_word' id='word_1_649' title='bbox 1193 2543 1265 2571; x_wconf 80' lang='lat' dir='ltr'>Hist.</span> <span class='ocrx_word' id='word_1_650' title='bbox 1279 2543 1362 2570; x_wconf 85' lang='lat' dir='ltr'>Laus.</span> <span class='ocrx_word' id='word_1_651' title='bbox 1378 2542 1425 2570; x_wconf 87' lang='lat' dir='ltr'>ed.</span> <span class='ocrx_word' id='word_1_652' title='bbox 1437 2541 1538 2570; x_wconf 82' lang='lat' dir='ltr'>Meurs.</span> <span class='ocrx_word' id='word_1_653' title='bbox 1555 2549 1614 2577; x_wconf 84' lang='lat' dir='ltr'>cap.</span> <span class='ocrx_word' id='word_1_654' title='bbox 1633 2542 1660 2568; x_wconf 89' lang='lat'>7.</span> 
     </span>
    </p>
   </div>
   <div class='ocr_carea' id='block_1_102' title="bbox 1144 2589 1407 2625">
    <p class='ocr_par' dir='ltr' id='par_1_102' title="bbox 1144 2589 1407 2625">
     <span class='ocr_line' id='line_1_102' title="bbox 1144 2589 1407 2625; baseline -0.004 -8"><span class='ocrx_word' id='word_1_655' title='bbox 1144 2589 1184 2625; x_wconf 88' lang='lat'>(9)</span> <span class='ocrx_word' id='word_1_656' title='bbox 1200 2589 1268 2616; x_wconf 83' lang='lat' dir='ltr'>Ibid.</span> <span class='ocrx_word' id='word_1_657' title='bbox 1287 2597 1348 2622; x_wconf 84' lang='lat' dir='ltr'>cap.</span> <span class='ocrx_word' id='word_1_658' title='bbox 1363 2589 1407 2616; x_wconf 75' lang='lat' dir='ltr'>i8.</span> 
     </span>
    </p>
   </div>
   <div class='ocr_carea' id='block_1_103' title="bbox 1145 2633 1891 2669">
    <p class='ocr_par' dir='ltr' id='par_1_103' title="bbox 1145 2633 1891 2669">
     <span class='ocr_line' id='line_1_103' title="bbox 1145 2633 1891 2669; baseline -0.003 -7"><span class='ocrx_word' id='word_1_659' title='bbox 1145 2635 1203 2669; x_wconf 75' lang='grc' dir='ltr'>(1ορ</span> <span class='ocrx_word' id='word_1_660' title='bbox 1219 2635 1368 2662; x_wconf 82' lang='lat' dir='ltr'>Palladium</span> <span class='ocrx_word' id='word_1_661' title='bbox 1385 2640 1498 2663; x_wconf 78' lang='lat' dir='ltr'>serutns</span> <span class='ocrx_word' id='word_1_662' title='bbox 1511 2633 1728 2661; x_wconf 85' lang='lat' dir='ltr'>iunioremlllum</span> <span class='ocrx_word' id='word_1_663' title='bbox 1744 2633 1891 2660; x_wconf 79' lang='lat' dir='ltr'>Macarium</span> 
     </span>
    </p>
   </div>
   <div class='ocr_carea' id='block_1_104' title="bbox 1111 2678 1889 2713">
    <p class='ocr_par' dir='ltr' id='par_1_104' title="bbox 1111 2678 1889 2713">
     <span class='ocr_line' id='line_1_104' title="bbox 1111 2678 1889 2713; baseline -0.001 -6"><span class='ocrx_word' id='word_1_664' title='bbox 1111 2688 1125 2707; x_wconf 89' lang='lat' dir='ltr'>a</span> <span class='ocrx_word' id='word_1_665' title='bbox 1141 2680 1244 2708; x_wconf 90' lang='lat' dir='ltr'>nostris</span> <span class='ocrx_word' id='word_1_666' title='bbox 1256 2680 1382 2708; x_wconf 83' lang='lat' dir='ltr'>Macariis</span> <span class='ocrx_word' id='word_1_667' title='bbox 1398 2681 1467 2708; x_wconf 87' lang='lat' dir='ltr'>bene</span> <span class='ocrx_word' id='word_1_668' title='bbox 1478 2679 1624 2713; x_wconf 78' lang='lat' dir='ltr'>distinguit</span> <span class='ocrx_word' id='word_1_669' title='bbox 1636 2679 1807 2706; x_wconf 84' lang='lat' dir='ltr'>Snzomenus</span> <span class='ocrx_word' id='word_1_670' title='bbox 1818 2678 1889 2706; x_wconf 75' lang='lat' dir='ltr'>Hist.</span> 
     </span>
    </p>
   </div>
   <div class='ocr_carea' id='block_1_105' title="bbox 1110 2724 1893 2761">
    <p class='ocr_par' dir='ltr' id='par_1_105' title="bbox 1110 2724 1893 2761">
     <span class='ocr_line' id='line_1_105' title="bbox 1110 2724 1893 2761; baseline -0.003 -8"><span class='ocrx_word' id='word_1_671' title='bbox 1110 2726 1182 2754; x_wconf 87' lang='lat' dir='ltr'>Eccl.</span> <span class='ocrx_word' id='word_1_672' title='bbox 1190 2726 1237 2754; x_wconf 90' lang='lat' dir='ltr'>lib.</span> <span class='ocrx_word' id='word_1_673' title='bbox 1248 2726 1282 2754; x_wconf 82' lang='lat' dir='ltr'>IV</span> <span class='ocrx_word' id='word_1_674' title='bbox 1297 2734 1356 2761; x_wconf 86' lang='lat' dir='ltr'>cap.</span> <span class='ocrx_word' id='word_1_675' title='bbox 1365 2725 1400 2754; x_wconf 76' lang='lat'>29</span> <span class='ocrx_word' id='word_1_676' title='bbox 1410 2724 1547 2754; x_wconf 82' lang='lat' dir='ltr'>ed.Vaies.</span> <span class='ocrx_word' id='word_1_677' title='bbox 1559 2725 1636 2759; x_wconf 83' lang='lat' dir='ltr'>p.68l</span> <span class='ocrx_word' id='word_1_678' title='bbox 1644 2745 1650 2751; x_wconf 91' lang='lat'>.</span> <span class='ocrx_word' id='word_1_679' title='bbox 1659 2725 1838 2752; x_wconf 79' lang='lat' dir='ltr'>Sozomenum</span> <span class='ocrx_word' id='word_1_680' title='bbox 1848 2732 1893 2752; x_wconf 80' lang='lat' dir='ltr'>se-</span> 
     </span>
    </p>
   </div>
   <div class='ocr_carea' id='block_1_106' title="bbox 1109 2769 1890 2809">
    <p class='ocr_par' dir='ltr' id='par_1_106' title="bbox 1109 2769 1890 2809">
     <span class='ocr_line' id='line_1_106' title="bbox 1109 2769 1890 2809; baseline -0.003 -10"><span class='ocrx_word' id='word_1_681' title='bbox 1109 2773 1203 2807; x_wconf 86' lang='lat' dir='ltr'>quitur</span> <span class='ocrx_word' id='word_1_682' title='bbox 1214 2771 1383 2809; x_wconf 85' lang='lat' dir='ltr'>Nicephorus</span> <span class='ocrx_word' id='word_1_683' title='bbox 1394 2772 1525 2800; x_wconf 87' lang='lat' dir='ltr'>Callistus</span> <span class='ocrx_word' id='word_1_684' title='bbox 1539 2770 1612 2799; x_wconf 85' lang='lat' dir='ltr'>Eccl.</span> <span class='ocrx_word' id='word_1_685' title='bbox 1630 2770 1701 2799; x_wconf 83' lang='lat' dir='ltr'>Hist.</span> <span class='ocrx_word' id='word_1_686' title='bbox 1718 2771 1764 2798; x_wconf 87' lang='lat' dir='ltr'>lib.</span> <span class='ocrx_word' id='word_1_687' title='bbox 1778 2769 1813 2798; x_wconf 73' lang='lat' dir='ltr'>Kl</span> <span class='ocrx_word' id='word_1_688' title='bbox 1829 2776 1890 2806; x_wconf 80' lang='lat' dir='ltr'>cap.</span> 
     </span>
    </p>
   </div>
   <div class='ocr_carea' id='block_1_107' title="bbox 1109 2818 1152 2846">
    <p class='ocr_par' dir='ltr' id='par_1_107' title="bbox 1109 2818 1152 2846">
     <span class='ocr_line' id='line_1_107' title="bbox 1109 2818 1152 2846; baseline 0.023 -1"><span class='ocrx_word' id='word_1_689' title='bbox 1109 2818 1152 2846; x_wconf 78' lang='grc'>55.</span> 
     </span>
    </p>
   </div>
  </div>
