2060 3153
189 195 239 223 101

935 214 1045 248 ἚἸΤΛΕ.

1760 241 1809 269 102

1760 251 1808 269 ιυᾹ

189 251 358 292 nunquam
381 264 461 296 OPUS
475 258 584 297 attigit,
603 269 661 293 nec
686 270 845 304 negotium
868 279 974 303 susce-
991 279 1010 304 Α
1027 275 1216 310 editionibus
1229 289 1324 322 supra
1341 283 1381 324 (2)
1419 287 1550 326 egimus,
1568 291 1605 322 ad
1627 293 1729 326 solum
1742 297 1808 330 Ma.-

189 301 246 330 Dil.
264 310 366 330 nerine.
393 305 432 330 ah
446 306 552 330 nlimm
576 318 714 330 Ilnnnum
737 322 853 330 MM-..
883 321 931 330 _,-
946 321 953 330 ι
1079 326 1085 330 .
1177 329 1180 330 ,

187 301 246 340 pit,
264 310 366 342 neque
393 305 432 335 ab
446 306 552 347 aliquo
576 318 715 350 unquam
730 301 855 357 accepit
878 301 972 360 quid-

185 360 291 390 quam,
307 358 430 392 praeter
443 358 528 397 quod
542 359 612 399 ipso
625 362 676 394 die
687 367 875 400 comederet.
887 358 972 412 qus

183 406 286 433 autem
310 407 542 439 exercitationis
564 411 631 443 eius
653 413 711 446 fuit
742 426 832 450 orare
852 429 969 462 perpe-

181 456 245 483 tuo.
263 456 364 494 Atque
381 460 510 490 statutas
526 460 659 495 habebat
674 475 785 505 preces
800 456 966 510 trecentas,

178 512 256 543 quas
269 505 330 537 hoc
344 509 439 540 modo
456 515 628 546 numeravit
645 525 652 546 :
669 518 805 551 calculos
820 522 967 556 collectos

175 554 246 586 sinu
263 557 374 595 tenuit,
395 568 530 599 quorum
549 573 646 596 unum
661 572 733 606 post
755 578 964 612 unamquam-

174 610 236 642 que
251 607 428 640 orationem
449 611 573 644 abiecit.
589 615 642 646 Vir
656 617 794 651 utilitatis
817 630 852 652 ac
863 607 964 655 collo-

172 655 238 694 quii
253 656 423 696 spiritualis
446 663 543 700 gratia
569 668 714 699 convenit
732 675 873 702 sanctum
897 675 962 705 Ma-

169 705 289 737 carium
307 709 456 749 πολιτικόν,
480 714 530 744 cui
549 723 555 744 :
579 717 676 755 Abba,
700 719 812 760 inquit,
835 723 958 762 Macari,

167 755 292 795 atlligor
305 759 406 791 valde.
423 763 478 798 Qui
491 764 595 797 dicere
610 776 682 799 eum
697 771 799 810 coegit
820 782 956 813 causam,

167 807 211 837 ob
233 816 327 847 quam
343 811 524 844 tristaretur.
550 817 578 846 Is
595 817 711 856 igitur:
732 807 773 851 In
789 822 857 854 vico
880 807 957 864 quo;

169 856 252 894 dam,
277 858 389 899 inquit,
421 863 504 902 virgo
530 864 663 903 habitat.
695 879 774 910 quae
798 856 954 906 tricesimo

168 913 252 937 anno
267 907 326 938 iam
343 915 515 943 exercetur.
535 915 630 951 Quam
644 919 734 950 multi
752 921 829 952 mihi
844 931 952 955 narra-
968 943 990 971 Β

168 960 237 971 ..ι-ιι
258 958 341 971 ..._ll-
367 960 419 971 _I,-,
456 963 474 971 ιο
539 965 546 970 .
567 966 573 971 .
628 968 634 971 .
650 969 656 971 μ

166 960 238 987 runt
258 958 343 989 nullo
364 960 425 992 alio
444 963 494 993 die
515 965 575 996 nisi
591 968 721 1000 sabbato
745 975 776 1001 et
795 972 951 1006 dominica

163 1009 267 1041 cibum
278 1020 414 1050 sumere,
430 1016 485 1046 sed
501 1020 568 1048 toto
581 1020 660 1058 106
669 1024 811 1062 tempore
823 1025 950 1058 trahens

161 1058 374 1094 hebdomadas
389 1073 425 1096 ac
450 1070 520 1105 post
539 1069 680 1109 quinque
698 1058 765 1104 dies
780 1077 949 1110 comedens

157 1111 317 1143 orationes
330 1112 403 1144 facit
418 1117 641 1157 septingentas.
662 1122 728 1154 Hoc
749 1132 846 1163 quum
864 1128 947 1159 didi-

155 1161 265 1200 cerim,
282 1165 447 1204 reprobavi
471 1176 522 1199 me
549 1169 618 1209 ipse
644 1175 854 1214 perpendens,
882 1188 944 1218 me,

155 1209 317 1244 hominem
335 1215 517 1255 maioribus,
538 1227 632 1259 quam
642 1222 706 1260 illa,
721 1227 864 1266 corporis
876 1229 947 1260 viri-

153 1262 213 1294 bus
233 1264 430 1305 instructum,
454 1268 561 1308 plures
581 1275 728 1305 trecentis
751 1278 944 1311 orationibus

151 1312 259 1346 facere
272 1324 337 1347 non
351 1318 502 1357 potuisse.
521 1321 730 1362 Respondens
744 1333 869 1360 sanctus
883 1331 944 1361 Ma-

147 1365 277 1397 carius:
302 1368 380 1407 Ego,
404 1369 518 1410 inquit,
547 1375 776 1413 sexagesimum
800 1387 859 1418 ago
884 1390 941 1412 an-

147 1423 236 1453 num,
254 1425 292 1448 ex
307 1427 372 1458 quo
387 1422 514 1452 statutas
531 1427 658 1455 centum
673 1427 831 1460 orationes
845 1430 939 1469 facio,

145 1473 260 1507 eaque,
285 1477 366 1507 quae
388 1474 460 1501 sunt
481 1472 520 1503 ad
543 1473 727 1507 alimentum
751 1482 938 1520 necessaria,

145 1517 226 1548 meis
239 1518 317 1549 mihi
335 1521 479 1552 manibus
493 1531 653 1564 comparo,
670 1535 706 1558 ac
724 1527 870 1562 fratribus
886 1533 939 1565 de-

144 1567 240 1599 bitam
255 1578 306 1600 me
318 1571 454 1602 adeundi
465 1574 588 1613 copiam
604 1577 714 1615 reddo,
730 1588 788 1612 nec
799 1591 850 1613 me
865 1592 934 1616 mea

142 1618 336 1650 conscientia
351 1620 468 1652 indicat
487 1624 699 1663 negligentem
720 1637 799 1661 esse.
815 1632 861 1662 Tu
882 1642 933 1664 ve-

141 1677 190 1706 ro,
206 1678 304 1709 quum
318 1674 473 1704 trecentas
489 1675 646 1708 orationes
668 1677 787 1711 faciens
810 1690 827 1712 a
853 1691 930 1714 con-

140 1719 271 1752 scientia
285 1721 442 1761 iudicaris,
462 1727 516 1756 aut
529 1734 594 1757 non
614 1737 694 1767 pure
714 1737 766 1761 eas
782 1733 813 1762 te
827 1731 930 1765 facere

138 1769 258 1809 prodis,
279 1775 346 1807 aut,
376 1775 518 1813 quamvis
546 1776 653 1816 plures
676 1777 779 1811 facere
813 1783 926 1822 possis,

137 1827 203 1851 non
216 1820 319 1852 facere
333 1821 385 1862 (1).
404 1835 418 1851 η

174 1894 232 1926 Hic
261 1896 412 1928 Macarius
436 1903 574 1937 πολιτικός
595 1901 618 1932 i.
642 1910 669 1932 e.
696 1903 925 1938 Alexandrinus

134 1946 322 1985 appellatur.
339 1948 427 1984 Quod
438 1958 628 1988 cognomen,
643 1952 818 1985 Sozomeno
832 1958 922 1994 teste,

133 1996 276 2034 Macario,
305 2000 338 2028 ut
368 1998 512 2037 vidimus,
535 2000 745 2034 Alexandrino
774 2003 920 2043 inditum,

132 2044 194 2076 hoc
208 2048 328 2078 tantum
348 2048 503 2080 Historiae
517 2051 683 2083 Lausiacae
705 2052 777 2085 loco
793 2054 918 2095 legitur.

130 2095 192 2125 Sed
207 2096 245 2126 ad
261 2096 312 2127 illa
327 2098 452 2129 Macarii
466 2099 558 2130 verba
572 2101 799 2134 animadvertas
814 2104 920 2136 dicen-

129 2145 179 2182 tis,
194 2147 421 2185 sexagesimum
437 2150 485 2188 agi
498 2158 628 2188 annum,
643 2161 682 2182 ex
697 2162 761 2194 quo
777 2163 845 2186 eam
858 2156 918 2187 sibi

128 2195 208 2226 vitae
219 2197 357 2236 regulam
372 2200 618 2240 praescripserit.
634 2202 723 2234 Unde
736 2205 913 2245 Macarium,

1024 326 1141 359 carium
1151 329 1393 366 Alexandrinum
1406 346 1474 368 esse
1488 340 1696 374 referendum.
1709 346 1806 380 Porro

1022 377 1124 415 capite
1145 380 1357 421 subsequente
1383 385 1423 426 (3)
1446 387 1599 422 Historiae
1627 377 1803 434 Lausiacae:

1021 427 1107 465 quod
1135 433 1203 470 Περὶ
1217 436 1346 472 Εὐλογιου
1363 441 1468 468 καὶτοῦ
1486 443 1675 482 λελωϐημένου
1689 451 1736 477 καὶ
1754 427 1804 487 τῆξ

1019 481 1137 516 κρίσεως
1160 485 1206 512 τοῦ
1229 488 1306 521 ἁγίου
1325 491 1469 519 Ἀντωνίου
1483 481 1674 531 inscribitur,
1699 497 1801 528 Maca-

1018 526 1082 558 rius
1096 529 1127 559 S.
1143 533 1269 564 Antonii
1280 535 1450 576 discipulus
1465 542 1644 574 nominatur
1656 554 1674 576 a
1687 547 1800 579 Cronio

1017 579 1165 617 quodam,
1185 583 1240 622 qui
1253 585 1391 619 Palladio
1405 587 1483 621 haec
1499 592 1622 624 retulit:
1643 607 1656 623 «
1672 597 1724 627 Est
1741 607 1799 629 au-

1013 628 1075 658 tem
1105 630 1207 667 [mons
1233 634 1263 663 S.
1289 638 1425 676 Antonii]
1449 639 1532 672 inter
1554 628 1751 684 Babylonem
1766 628 1798 681 et

1011 677 1193 712 Heracleam
1208 683 1285 716 situs
1299 686 1331 717 in
1347 692 1429 720 vasta
1447 691 1625 732 solitudine,
1643 705 1723 736 quae
1738 699 1797 731 fert

1010 726 1050 757 ad
1068 729 1146 766 107
1159 740 1244 764 mare
1255 735 1392 769 Rubrum
1408 748 1442 771 ac
1456 742 1579 781 triginta

1009 776 1054 807 ria
1060 778 1150 811 distat
1162 791 1180 813 a
1190 783 1295 816 ﬂuvio.
1307 787 1351 817 Ad
1362 776 1585 824 monasterium
1595 776 1689 834 igitur
1697 807 1793 838 quum

1008 829 1161 862 venissem
1176 842 1275 875 prope
1287 837 1415 870 ﬂuvium
1428 841 1521 873 situm
1535 852 1571 875 ac
1584 846 1686 887 Pispir
1699 858 1791 882 voca-

1006 880 1084 917 tum,
1109 882 1163 913 ubi
1176 884 1320 927 discipuli
1336 890 1403 921 eius
1424 893 1574 926 sedebant
1589 880 1739 931 Macarius
1761 907 1792 934 et

1003 984 1086 1012 ctum
1100 985 1303 1027 sepelierunt,
1319 991 1459 1033 quinque
1469 995 1590 1035 diebus,
1603 1003 1638 1029 ut
1647 1006 1786 1034 sanctum

1000 1030 1170 1065 Antonium
1181 1039 1394 1078 convenirem,
1406 1030 1593 1084 exspectavi.
1606 1049 1664 1084 Qui
1674 1050 1712 1080 ad
1727 1050 1788 1083 hoc

999 1085 1222 1117 monasterium
1233 1089 1328 1121 modo
1341 1096 1413 1131 post
1423 1093 1543 1133 decem,
1551 1099 1645 1130 modo
1658 1105 1728 1140 post
1737 1103 1784 1134 vi-

998 1130 1087 1169 ginti,
1096 1133 1252 1168 interdum
1262 1141 1292 1169 et
1302 1130 1373 1178 post
1384 1130 1609 1184 quinquaginta
1621 1130 1785 1183 diesﬁacce-

997 1180 1072 1212 dere
1082 1183 1253 1224 dicebatur,
1268 1194 1362 1228 prout
1372 1180 1453 1223 Deus
1464 1180 1646 1235 eum'ageret
1656 1200 1695 1230 ad
1701 1180 1783 1232 sub-

996 1232 1183 1266 veniendum
1194 1236 1243 1274 iis,
1256 1239 1310 1278 qui
1326 1248 1363 1271 eo
1372 1242 1571 1276 advenerant.
1582 1248 1663 1280 Varii
1677 1254 1781 1284 autem

994 1281 1104 1315 fratres
1125 1285 1166 1316 ob
1180 1288 1278 1319 varias
1300 1293 1500 1326 necessitates
1521 1305 1778 1340 conveneramus,

994 1341 1032 1364 ex
1049 1335 1162 1374 quibus
1173 1340 1204 1369 et
1214 1339 1363 1379 Eulogius
1382 1342 1608 1379 Alexandrinus
1622 1349 1690 1388 fuit,
1706 1335 1777 1384 cum

993 1391 1096 1423 eoque
1114 1387 1193 1418 alius
1215 1391 1364 1423 membris
1383 1402 1521 1427 mancus.
1542 1409 1555 1426 ιι
1571 1399 1648 1431 Tum
1672 1410 1776 1442 causa,

992 1441 1048 1464 cur
1060 1435 1208 1476 Eulogius
1230 1441 1405 1474 mutilatum
1431 1444 1591 1479 hominem
1610 1451 1650 1482 ad
1664 1461 1775 1485 mona-
1792 1470 1796 1475 -

990 1485 1118 1517 sterium
1137 1499 1150 1515 «
1168 1489 1270 1528 Magni
1287 1503 1301 1519 υ
1321 1493 1496 1534 adduxerit,
1520 1501 1660 1539 exposita
1672 1503 1774 1536 Palla-

989 1533 1058 1566 dius
1074 1535 1116 1567 ita
1129 1539 1250 1578 pergit:
1268 1553 1282 1569 ι(
1294 1543 1412 1582 Evenit,
1425 1533 1569 1580 utaltero
1582 1551 1633 1582 die
1643 1561 1773 1592 magnus

987 1585 1151 1626 Antonius,
1170 1590 1346 1632 chlamyde,
1374 1596 1454 1628 sicut
1474 1600 1603 1633 Cronius
1627 1607 1770 1645 narravit,

983 1635 1117 1674 pellicea
1139 1641 1270 1674 amictus
1285 1653 1355 1677 sero
1379 1650 1501 1689 vesperi
1515 1653 1644 1685 veniret.
1671 1658 1770 1699 Atque

980 1685 1140 1726 ingressus
1157 1696 1204 1723 est
1222 1698 1445 1729 monasterium
1461 1709 1563 1733 suum.
1580 1705 1644 1737 Hac
1663 1685 1768 1741 aut1em

979 1735 1012 1766 in
1030 1738 1163 1772 Macario
1177 1742 1331 1784 discipulo
1353 1756 1411 1780 suo
1432 1750 1472 1781 de
1492 1751 1540 1790 iis,
1557 1756 1610 1794 qui
1629 1757 1766 1791 advene-

978 1791 1057 1826 rant,
1085 1790 1307 1833 interrogando
1341 1800 1486 1832 utebatur
1522 1809 1763 1849 consuetudine,

976 1841 1011 1868 ut
1024 1842 1197 1874 monachos
1211 1852 1334 1878 vocaret
1358 1850 1669 1895 Hierosolymitanos,
1692 1869 1763 1893 sae-

976 1888 1096 1921 culares
1105 1900 1179 1924 vero
1192 1896 1372 1936 Aegyptios.
1383 1888 1513 1940 Magnus
1523 1905 1636 1944 igitur:
1650 1888 1761 1943 Iliacari

973 1937 1079 1977 frater,
1095 1941 1209 1982 inquit,
1224 1953 1419 1981 veneruntne
1434 1937 1499 1983 huc
1515 1937 1611 1995 aliqui
1628 1958 1761 1994 fratres?

972 1988 1147 2029 Respondit
1161 2002 1168 2023 :
1184 1994 1354 2028 Venerunt.
1370 1999 1426 2031 Ille
1441 2010 1447 2032 :
1465 1988 1584 2037 Suntne

971 2047 1011 2070 an
1029 2041 1329 2082 Hierosolymitani?
1348 2050 1447 2090 Eique
1469 2053 1592 2093 signum
1616 2041 1755 2101 dederat,

969 2093 1004 2121 ut
1017 2099 1082 2128 eos,
1098 2094 1212 2133 quibus
1227 2097 1332 2130 minus
1347 2103 1464 2141 negotii
1478 2110 1570 2144 esset,
1586 2093 1756 2151 Aegyptios

968 2148 1037 2172 esse
1059 2143 1187 2175 diceret.
1205 2148 1305 2187 Atque
1326 2151 1365 2181 ad
1385 2143 1661 2198 Aegyptiosrquovdv
1673 2143 1754 2203 ἐρέζ

967 2192 1037 2227 ctat,
1058 2192 1210 2224 Macario:
1226 2195 1312 2233 Para,
1330 2198 1442 2239 inquit,
1452 2192 1593 2244 rientem;
1610 2212 1640 2238 et
1660 2192 1754 2243 dari—is

125 2245 182 2284 qui
196 2255 296 2278 annos
314 2249 517 2288 quadraginta
537 2254 626 2282 natus
640 2252 828 2292 baptismum
843 2242 912 2287 sus;
965 2242 1142 2274 comedere.
1155 2244 1272 2278 Deinde
1287 2257 1358 2280 cum
1371 2251 1409 2281 iis
1420 2254 1592 2288 orationem
1607 2258 1750 2300 faciebat,

124 2300 251 2336 ceperat
280 2306 364 2329 anno
383 2299 461 2330 vitae
477 2309 551 2331 suae
568 2290 740 2334 centesimo
763 2304 795 2335 hi
814 2314 842 2336 Θ.
860 2315 911 2338 εο-
930 2290 952 2317 Ι)
966 2299 1085 2332 eosque
1109 2294 1293 2329 dimittebat.
1316 2301 1402 2333 Tunc
1423 2304 1574 2338 Macarius
1595 2309 1634 2340 de
1660 2313 1751 2344 nobis

255 2322 262 2334 ,
987 2342 993 2344 .

123 2346 196 2376 dem
216 2347 282 2378 fere
304 2351 457 2387 tempore,
479 2359 542 2389 quo
561 2361 624 2382 una
651 2362 722 2384 cum
744 2363 783 2386 eo
808 2357 909 2388 Palla-

121 2396 192 2427 dius
206 2397 238 2428 in
252 2398 375 2429 Cellulis
392 2399 477 2437 vixit,
493 2401 569 2432 illud
586 2403 681 2434 Paulo
696 2406 764 2436 seni
778 2415 910 2447 respon-

119 2454 190 2478 sum
209 2446 343 2485 dedisse,
359 2450 561 2489 perspicuum
583 2457 641 2484 est.
657 2454 789 2487 Pherme
803 2446 908 2490 autem

119 2504 222 2534 mons,
244 2498 297 2537 qui
314 2499 346 2530 in
367 2500 569 2532 solitudinem
591 2504 688 2536 Scetis
709 2509 865 2547 vergebat,
888 2518 905 2541 a

116 2546 242 2577 Cellulis
256 2547 338 2578 haud
362 2550 492 2581 multum
511 2551 619 2584 abfuit.
644 2556 666 2585 E
682 2546 796 2596 quibus
812 2561 904 2592 etiam

114 2595 222 2628 denuo
243 2599 423 2637 conficitur,
441 2600 523 2632 istud
544 2608 648 2643 caput,
669 2595 754 2646 quod
774 2611 832 2642 sub
852 2612 901 2643 in-

114 2644 184 2676 dice
207 2655 214 2676 :
238 2647 282 2677 De
313 2648 422 2680 Marco
457 2651 489 2682 in
511 2644 903 2701 codicibus—clurimisque

147 2755 185 2790 (Ι)
198 2755 302 2785 Textus
309 2766 423 2793 graecus
431 2761 528 2797 legitur
537 2763 606 2791 intra
615 2765 641 2792 in
651 2765 747 2794 harum
755 2770 901 2802 Quaestio-

108 2808 175 2828 num
191 2803 349 2838 Appendice
366 2806 457 2840 priore
480 2809 542 2837 sub.
564 2809 607 2843 ΙΙΙ,
625 2812 650 2838 1.
665 2812 705 2840 Cf.
722 2813 791 2844 Hist.
815 2816 898 2847 Laus.

107 2846 151 2873 ei].
170 2846 271 2877 Meurs.
289 2857 350 2885 cap.
365 2851 410 2883 25,
426 2852 472 2881 25.

142 2892 181 2925 (Ξ)
201 2893 215 2928 ς
233 2894 266 2922 19
282 2904 309 2930 p.
329 2896 362 2924 78
379 2906 440 2933 sqq.

141 2938 180 2970 (ὅ)
197 2938 239 2967 (π.
255 2939 376 2968 Palladii
400 2943 546 2972 Historiam
564 2947 721 2976 Lamiarum
743 2951 778 2977 ad
796 2952 894 2979 codicis

965 2342 1005 2372 ob
1021 2344 1195 2376 mutilatum
1217 2347 1305 2379 illum
1319 2354 1481 2391 respondit
1495 2364 1502 2385 :
1523 2357 1607 2389 Mixti
1623 2342 1748 2393 adsunt:

962 2391 1016 2422 Sin
1039 2393 1163 2426 dicebat
1182 2405 1189 2426 :
1213 2398 1486 2440 Hierosolymitani
1513 2412 1594 2444 sunt,
1624 2414 1748 2443 sanctus

960 2451 1017 2481 per
1030 2446 1124 2476 totam
1144 2451 1268 2478 noctem
1285 2451 1424 2490 sedebat,
1448 2455 1487 2485 ad
1510 2465 1638 2497 eosque,
1663 2469 1745 2500 quae

959 2493 998 2523 ad
1012 2494 1142 2526 salutem
1164 2499 1332 2538 pertinent,
1349 2501 1547 2542 loquebatur.
1562 2493 1618 2538 Illa
1633 2493 1744 2542 autem

958 2551 1088 2584 vespera
1100 2547 1229 2586 Magnus
1239 2550 1353 2582 sedens
1364 2561 1474 2585 omnes
1484 2557 1651 2589 arcessivit.
1658 2584 1664 2590 .
1671 2561 1721 2601 ,(4)
1728 2574 1742 2590 ι

995 2617 1054 2648 Hic
1066 2618 1159 2657 igitur
1173 2622 1323 2655 Macarius
1333 2625 1363 2655 S.
1379 2627 1504 2659 Antonii
1518 2629 1660 2663 minister
1672 2633 1740 2671 fuit,

957 2670 1050 2708 atque
1061 2670 1093 2700 in
1106 2673 1261 2704 coenobio
1273 2675 1470 2716 Pispiritano,
1483 2680 1568 2718 quod
1583 2685 1629 2712 est
1640 2670 1740 2725 prope

959 2776 1164 2807 Vindobonenu's
1188 2782 1267 2815 [idem
1284 2783 1395 2812 breviter
1409 2785 1568 2816 delinealam
1592 2790 1663 2819 infra
1687 2801 1740 2823 no-

952 2827 1025 2848 strae
1041 2823 1152 2851 editioni
1168 2825 1304 2854 Historiae
1320 2827 1471 2859 Lausiacae
1489 2836 1682 2869 praepositam.

986 2868 1024 2903 (4-)
1040 2870 1142 2899 Textus
1159 2879 1274 2906 graecus
1293 2878 1336 2901 est
1351 2875 1423 2903 infra
1439 2877 1466 2904 in
1481 2868 1577 2908 harum
1590 2881 1736 2915 Quaestio-

949 2921 1014 2941 num
1029 2914 1186 2950 Appendice
1201 2917 1293 2952 priore
1309 2920 1361 2947 sub
1379 2921 1423 2955 Ill,
1443 2923 1471 2950 2.
