2060 3153
271 162 323 190 105

676 161 728 189 SS.
745 159 975 188 MACARIORUM
994 159 1155 187 AEGYPTH
1175 160 1220 188 ET
1244 161 1482 190 ALEXANDRINI

1848 163 1899 191 UH

266 226 351 250 mare
359 217 507 255 Rubrum,
523 217 684 255 habitavit,
699 217 840 249 Macariis
857 217 1010 258 Aegyptio
1027 220 1057 248 et
1070 226 1096 255 Α
1109 218 1186 249 toris
1212 217 1341 258 ﬁguram
1364 219 1530 250 simulavit.
1551 220 1638 252 Unus
1655 222 1760 251 autem
1775 219 1874 252 accito
1891 230 1898 252 :

267 269 477 300 Alexandrino
509 269 541 299 in
568 268 682 299 eremis
713 268 830 308 Libyae
858 268 1056 307 degentibus.

266 321 364 357 Quem
380 319 507 360 quidem
522 320 553 350 S.
569 319 695 350 Antonii
711 319 887 351 ministrum
905 328 970 350 non
985 319 1060 350 fuis—

268 379 301 401 se
317 370 483 401 Macarium
503 370 701 410 Aegyptium,
723 370 823 407 exiis,
841 378 922 409 quae
945 369 983 401 de
999 369 1060 400 hoc

268 419 423 451 Palladius
445 420 560 458 retulit,
581 420 654 451 satis
674 419 843 459 colligitur.
867 421 976 460 Neque
994 421 1058 451 Ma-

268 470 386 502 carium
413 470 658 502 Alexandrinum
682 471 779 502 fuisse
802 480 874 502 eum
897 470 1060 512 probabile

269 524 326 558 est,
340 520 437 562 quod,
450 522 476 552 si
490 521 611 559 fuisset,
627 524 708 564 108
722 521 877 552 Palladius
891 521 924 551 in
938 521 1039 562 capite
1053 530 1059 552 :

270 586 284 602 α
302 574 346 610 De
360 574 492 605 Macario
507 567 717 606 Alexandrino
736 586 749 602 ››
774 574 925 614 inscripto
940 573 972 604 id
992 573 1061 605 lau—

269 623 344 655 dare
364 633 429 656 non
445 624 611 656 omisisset.
629 624 688 655 Sed
704 624 869 654 S.Antonii
886 624 1062 655 ministrum

269 673 367 706 alium
381 675 511 706 omnino
524 674 607 705 illius
625 675 778 715 temporis
792 675 959 706 Macarium
982 675 1061 706 fuis-

270 731 316 761 se,
333 732 372 755 ex
386 725 436 761 iis,
454 733 536 765 quae
551 724 631 756 infra
647 724 686 755 de
706 733 744 755 eo
761 725 963 762 disseremus,
980 724 1064 756 clare

271 775 401 816 patebit.

310 854 452 894 Denique
486 855 638 886 Macarius
675 855 842 896 presbyter
873 858 1065 886 memoratur

1111 269 1223 304 Dilexit
1239 274 1282 307 te,
1298 270 1412 310 inquit,
1427 271 1566 302 Christus
1581 271 1623 302 ob
1638 271 1719 302 vitae
1734 274 1804 302 tuae
1818 271 1900 302 inte-

1111 319 1254 358 gritatem
1275 320 1516 361 institutumque
1540 326 1628 352 tuum
1655 325 1686 353 et
1709 321 1845 359 advenit,
1868 325 1903 353 ut

1111 371 1142 399 te
1156 368 1279 405 videat;
1296 369 1445 408 egredere
1463 378 1481 400 e
1496 369 1573 400 cella
1587 378 1734 409 eumque,
1752 369 1777 400 si
1792 369 1901 410 procul

1112 420 1246 448 stantem
1270 417 1397 454 videris,
1423 419 1638 458 procumbens
1660 418 1768 449 adora.
1796 419 1904 457 Egres-

1111 476 1165 499 sus
1183 467 1278 507 igitur
1297 476 1314 499 e
1333 468 1411 499 cella
1430 469 1611 500 comitatum
1634 469 1709 499 vidit
1729 471 1808 508 109
1830 468 1904 500 lam-

1113 517 1209 559 padas
1237 517 1405 548 ferentium
1425 522 1456 549 et
1483 519 1584 558 spatio
1610 518 1677 549 fere
1699 518 1790 549 stadii
1813 519 1901 549 Anti-

1113 567 1277 605 ehristum,
1295 577 1391 608 quem
1414 568 1627 609 procumbens
1642 569 1791 600 adoravit.
1802 569 1905 601 Miser

1113 622 1218 649 autem
1239 621 1405 658 tantopere
1428 618 1576 650 subactus
1597 622 1627 650 et
1646 619 1797 659 deceptae
1816 627 1905 650 men-

1112 668 1152 698 tis
1172 667 1240 703 fuit,
1262 670 1297 698 ut
1317 667 1367 699 die
1381 669 1593 708 subsequente
1615 669 1735 699 veniret
1753 669 1786 699 in
1805 668 1905 700 eccle-

1114 719 1191 750 siam
1205 722 1235 750 et
1251 727 1357 750 coram
1367 719 1514 750 omnibus
1524 719 1643 751 diceret
1657 729 1663 750 :
1677 719 1751 751 Mihi
1766 728 1905 751 commu-

1114 769 1210 800 nione
1228 777 1309 810 Opus
1324 778 1389 801 non
1408 773 1473 806 est;
1489 769 1642 800 Christum
1659 770 1744 800 enim
1764 770 1827 801 vidi
1849 770 1906 802 bo-

1115 819 1177 850 die.
1204 820 1291 851 Tunc
1321 824 1426 860 patres
1454 820 1719 860 comprehensum
1748 829 1821 852 eum
1849 830 1906 862 per

1115 873 1240 910 tempus
1250 870 1378 910 aliquod
1388 870 1472 902 ferro
1484 871 1661 903 vinxerunt.
1677 872 1733 902 Cui
1748 871 1906 903 continuis

271 905 305 961 in
321 905 452 961 ,θθρίίθκ
467 904 553 944 quOd
578 905 880 961 ίηδξΓῬίίυΓξνῙῙῗρξ
903 904 1062 961 mihi”;
1079 907 1102 938 Β
1116 904 1231 951 deinde
1251 904 1398 961 precibus
1420 929 1480 961 pro
1498 930 1538 952 eo
1560 921 1650 953 factis
1675 925 1705 953 et
1722 921 1906 953 multimoda

272 955 368 986 Cuius
388 958 508 994 partem
536 963 554 985 e
577 954 740 986 codicibus
766 954 1064 986 Vindobonensibus

272 1003 469 1044 desumptam
489 1013 526 1035 ac
540 1003 636 1036 latine
656 1004 809 1036 redditam
829 1004 1006 1036 adscribere
1024 1004 1063 1034 li-

273 1058 342 1086 ceat
355 1064 362 1085 :
379 1066 393 1082 α
409 1054 524 1085 Valens
534 1055 674 1095 quidam,
686 1064 801 1094 genere
814 1054 1016 1091 Palaestinus,
1031 1054 1065 1085 in

273 1105 474 1137 solitudinem
490 1105 650 1145 profectus
672 1105 802 1145 longum
824 1109 948 1146 tempus
962 1105 1067 1136 nobis-

274 1165 346 1187 cum
362 1155 521 1187 habitavit.
535 1156 593 1192 Qui
605 1165 703 1196 quum
729 1155 864 1187 maxima
876 1155 1001 1186 vivendi
1019 1163 1067 1185 se-

274 1207 402 1238 veritate
427 1215 582 1237 summam
601 1207 767 1238 asccticam
793 1206 886 1237 vitam
906 1205 1065 1245 suscepis-

274 1261 332 1295 set,
347 1266 425 1289 vana
439 1257 480 1288 de
500 1266 534 1288 se
550 1257 702 1297 opinione
722 1265 758 1288 ac
783 1256 931 1297 superbia
948 1264 966 1287 a
990 1255 1066 1286 dae-

274 1318 370 1341 mone
384 1309 494 1339 irrisus
509 1311 540 1340 et
553 1308 608 1339 tali
623 1307 800 1348 perniciosa
819 1307 915 1338 animi
939 1306 1067 1338 calami-

276 1363 337 1391 tate
358 1359 447 1390 brevi
461 1363 606 1399 tempore
626 1359 778 1398 deceptus
800 1361 858 1395 est,
879 1361 914 1388 ut
939 1357 1068 1397 angelos

277 1418 348 1440 cum
366 1409 438 1449 ipso
452 1407 642 1444 conversari,
667 1411 698 1438 et
711 1407 745 1437 in
767 1406 878 1446 quovis
894 1406 1068 1437 ministerio

276 1459 338 1500 ipsi
356 1459 508 1491 inservire
527 1458 665 1489 iactaret.
692 1459 720 1488 Is
745 1457 905 1497 quondam
931 1460 1069 1497 sportam

278 1518 447 1547 consueris,
473 1512 509 1540 ut
532 1509 600 1540 eius
624 1508 702 1539 socii
727 1510 903 1544 narrarunt,
934 1507 1077 1549 vesperi,‘

278 1569 377 1601 quum
406 1560 522 1591 multae
544 1559 693 1590 tenebrae
721 1561 842 1595 essent,
868 1567 975 1595 acum,
1006 1567 1069 1599 qua

279 1611 464 1648 eonsuebat,
482 1610 595 1642 amisit.
612 1611 676 1646 Qua
695 1618 759 1640 non
775 1610 912 1646 inventa,
933 1609 1067 1640 daemon

281 1662 310 1693 ei
323 1661 501 1702 lampadem
524 1660 609 1698 fecit,
627 1668 690 1700 qua
712 1668 803 1691 acum
827 1660 955 1700 reperit,
974 1660 1016 1691 ita
1035 1663 1070 1691 ut

281 1712 375 1744 miser
389 1712 447 1743 istc
466 1712 564 1750 magis
584 1711 677 1742 etiam
696 1718 777 1741 vano
799 1713 923 1741 tumore
941 1710 1068 1742 inﬂare-

281 1767 342 1794 tur.
356 1762 412 1794 Dei
423 1765 527 1793 autem
544 1761 738 1802 providentia
749 1760 931 1792 fraternitati
947 1761 1071 1792 calami-

281 1817 328 1845 tas
343 1813 411 1844 eius
433 1812 525 1843 citius
539 1811 704 1842 manifesta
726 1810 806 1842 facta
821 1814 877 1842 est.
894 1811 971 1841 Nam
985 1811 1068 1842 acci-

281 1863 337 1901 dit,
353 1866 389 1894 ut
402 1862 544 1902 hospites
554 1862 682 1902 quidam
691 1860 838 1892 fratribus
848 1861 967 1892 fructus
981 1861 1071 1892 aesti-

281 1922 336 1945 vos
359 1913 517 1945 afferrent.
544 1913 681 1949 Quorum
705 1911 903 1952 manipulum
923 1911 1071 1942 dominus

280 1963 432 1994 Macarius
451 1962 614 2003 presbyter
628 1961 798 2000 unicuique
813 1961 845 1991 in
859 1960 1003 1992 cellulam
1016 1961 1071 1991 mi-

282 2012 333 2049 sit,
350 2012 530 2052 pariterque
548 2010 664 2041 misero
681 2009 813 2041 Valenti.
830 2010 888 2041 Hic
911 2018 995 2046 eum,
1016 2011 1070 2050 qui

283 2060 438 2097 attulerat,
454 2060 626 2091 verberavit
647 2063 678 2090 et
696 2059 887 2090 contumelia
905 2059 1045 2091 aﬂiciens
1061 2069 1068 2091 :

283 2109 348 2146 Dic,
365 2110 479 2149 inquit,
503 2108 637 2140 Macario
653 2117 659 2138 :
674 2107 715 2139 Te
740 2108 878 2139 deterior
896 2116 961 2139 non
987 2118 1070 2146 sum,

283 2160 369 2200 quod
393 2163 426 2190 tu
453 2159 531 2190 mihi
555 2166 686 2189 munera
713 2158 828 2189 mittas.
853 2159 955 2194 Quum
977 2159 1072 2198 igitur

283 2214 409 2243 sanctus
425 2209 575 2241 Macarius
591 2217 663 2239 eum
681 2207 847 2248 deceptum
866 2216 935 2239 esse
950 2217 1070 2248 cogno-

1117 970 1321 1011 despectione
1347 971 1474 1011 vitaque
1506 972 1678 1003 austeriore
1699 980 1811 1003 vanam
1834 972 1905 1013 opi-

1115 1021 1243 1053 nionem
1261 1021 1459 1060 ademerunt,
1474 1021 1516 1053 ita
1537 1025 1573 1053 ut
1586 1025 1758 1053 sanaretur.
1776 1023 1905 1053 Contra-

1115 1071 1170 1101 riis
1191 1070 1276 1101 enim
1303 1071 1458 1102 contraria
1476 1072 1669 1103 conveniunt
1692 1064 1905 1103 medicamen-

1116 1120 1217 1162 ta(l).
1237 1133 1250 1148 ι,

1156 1182 1308 1213 Macarius
1334 1181 1388 1213 ille
1415 1182 1583 1222 presbyter
1613 1181 1777 1218 Valentem
1807 1182 1906 1218 corri-

1118 1231 1210 1272 piens
1227 1234 1258 1262 et
1271 1231 1455 1268 admonens,
1473 1232 1550 1271 quin
1565 1232 1716 1263 Macarius
1730 1231 1908 1267 Alexandri-

1118 1292 1190 1320 nus,
1217 1284 1383 1323 presbyter
1410 1283 1608 1319 Cellularum,
1636 1283 1742 1320 fuerit,
1772 1283 1909 1314 dubitari

1120 1334 1169 1365 vix
1204 1337 1320 1374 potest.
1351 1334 1428 1365 Nam
1458 1333 1620 1365 Valentem
1656 1334 1690 1365 in
1721 1333 1907 1371 solitudine,

1118 1384 1153 1415 in
1180 1392 1243 1424 qua
1274 1383 1431 1415 Palladius
1463 1384 1555 1421 vixit,
1581 1383 1613 1414 h.
1648 1392 1676 1414 e.
1700 1384 1734 1415 in
1766 1383 1907 1421 Cellulis,

1119 1435 1216 1474 longo
1256 1438 1397 1475 tempore
1434 1434 1587 1467 habitasse
1620 1434 1765 1474 legimus.
1796 1436 1908 1476 Sequi-

1121 1490 1171 1518 tur
1193 1487 1329 1519 narratio
1353 1487 1392 1518 de
1415 1487 1553 1522 Herone,
1573 1486 1628 1525 qui
1649 1498 1662 1514 α
1687 1486 1814 1523 beatum
1830 1487 1909 1517 Eva-

1121 1537 1224 1576 grium
1257 1549 1270 1565 n
1306 1537 1463 1569 consimili
1493 1536 1682 1567 contumelia
1712 1536 1818 1568 affecit
1853 1536 1908 1577 (Ξ).

1083 1581 1103 1611 C
1121 1586 1179 1617 Ubi
1202 1588 1355 1623 Hei-vetus
1370 1588 1402 1618 in
1424 1586 1565 1626 margine
1587 1586 1762 1627 adscripsit,
1788 1587 1910 1626 Evagrii

1120 1635 1192 1668 loco
1206 1638 1239 1668 in
1254 1637 1323 1668 aliis
1342 1637 1505 1670 codicibus
1526 1648 1540 1665 «ι
1557 1636 1723 1671 Macarium
1743 1638 1910 1677 presbyte-

1121 1696 1190 1718 rum
1206 1699 1220 1715 ιο
1237 1687 1299 1727 legi
1318 1688 1372 1727 (3).
1390 1689 1474 1724 Quae
1493 1686 1670 1726 corruptela
1687 1687 1797 1726 procul
1812 1687 1910 1718 dubio

1120 1737 1194 1768 inde
1221 1741 1293 1768 nata
1318 1741 1374 1775 est,
1399 1737 1482 1777 quod
1507 1737 1609 1777 capite
1637 1737 1842 1768 antecedente
1869 1737 1911 1768 de

1120 1787 1254 1818 Macario
1265 1787 1462 1827 presbytero,
1471 1787 1504 1817 in
1515 1795 1610 1826 quem
1619 1785 1732 1817 Valens
1741 1786 1911 1826 superbiis—

1120 1842 1178 1875 set,
1199 1841 1358 1869 narratum
1382 1841 1457 1868 erat.
1485 1837 1664 1868 Editionum
1684 1845 1812 1876 quoque
1838 1845 1909 1867 ver-

1121 1889 1310 1930 sionumque
1326 1888 1404 1919 locis
1418 1888 1478 1919 illis
1495 1888 1643 1918 nomina:
1661 1887 1811 1918 Macarius
1831 1892 1910 1919 πολι-

1120 1944 1205 1977 τικός,
1226 1939 1378 1969 Macarius
1402 1939 1432 1968 S.
1449 1940 1576 1970 Antonii
1599 1939 1782 1979 discipulus,
1807 1940 1909 1978 Maca-

1121 1989 1185 2020 rius
1210 1988 1386 2028 presbyter,
1410 1988 1520 2020 eadem
1542 1989 1763 2029 reperiuntur;
1783 1990 1909 2030 antiqua

1120 2042 1225 2069 autem
1244 2038 1346 2069 versio
1363 2037 1508 2069 historias
1521 2039 1560 2069 de
1575 2038 1672 2070 Paulo
1689 2043 1719 2070 et
1730 2039 1770 2070 de
1782 2039 1909 2071 Valente

1121 2088 1236 2118 omisit.

1160 2156 1224 2186 Iam
1236 2164 1310 2195 ergo
1318 2155 1356 2187 ad
1370 2155 1463 2187 ﬁnem
1474 2164 1577 2187 rerum
1589 2157 1628 2188 de
1638 2157 1772 2201 Macario
1781 2157 1911 2188 Alexan-

1122 2205 1214 2236 drino
1236 2214 1254 2236 e
1272 2205 1353 2237 libro
1372 2205 1500 2237 Palladii
1522 2208 1813 2246 cognoscendarum
1837 2217 1909 2248 per-

283 2261 389 2298 visset,
406 2260 481 2292 abiit
493 2259 533 2291 ad
548 2267 620 2290 eum
639 2257 879 2295 cohortandum,
894 2262 943 2290 et:
957 2259 1072 2291 Valens
1088 2256 1111 2286 D
1124 2256 1595 2296 venimus.Transeamusigitur
1603 2258 1641 2288 ad
1651 2258 1756 2289 Ruﬁni
1767 2258 1909 2289 testimo-

283 2311 389 2349 frater,
405 2310 520 2350 inquit,
536 2310 647 2340 illusus
661 2318 715 2346 es;
732 2309 839 2340 desine
855 2312 885 2340 et
901 2310 1070 2350 deprecare

284 2360 400 2393 Deum!
420 2360 478 2397 Qui
496 2359 742 2391 admonitionem
765 2359 833 2391 eius
853 2368 916 2390 non
941 2360 1068 2397 audivit,

283 2411 339 2444 sed
357 2410 545 2443 inobediens
561 2409 726 2441 oblocutus
741 2412 797 2440 est.
816 2410 962 2441 Diabolus
977 2411 1070 2450 igitur

284 2470 384 2502 quum
415 2463 612 2500 compertum
641 2458 779 2496 haberet,
811 2461 979 2491 maximam
1010 2461 1070 2492 sibi

285 2511 379 2543 ﬁdem
401 2519 474 2542 eum
501 2509 658 2546 habuisse,
688 2510 818 2548 ﬁguram
844 2509 1070 2541 Salvatorisin-

285 2561 364 2599 duit,
384 2563 416 2592 et
433 2562 528 2591 noctu
542 2559 581 2590 ad
600 2568 673 2590 eum
700 2559 733 2590 in
758 2559 973 2600 phantasmate
997 2570 1069 2593 cum

284 2611 370 2643 mille
389 2609 595 2642 daemonibus
609 2609 769 2650 lampadas
785 2609 958 2642 ferentibus
973 2613 1070 2650 venit,

285 2665 449 2701 totamque
460 2660 583 2699 igneam
599 2660 785 2697 ostendit,in
797 2669 857 2700 qua
866 2661 965 2691 media
972 2662 1072 2693 Salva-

321 2771 359 2806 (i)
371 2770 473 2798 Textus
481 2778 597 2805 graecus
605 2769 704 2805 legitur
712 2769 783 2797 infra
793 2770 819 2796 in
828 2770 924 2797 barum
932 2769 1074 2802 Quaestio-

285 2826 349 2846 num
369 2817 525 2852 Appendice
552 2817 643 2852 priore
658 2817 710 2844 sub
732 2815 776 2844 Ill.
791 2817 818 2844 5.
834 2816 876 2843 Cf.
900 2815 970 2843 llist.
988 2814 1070 2842 Laus.

286 2865 328 2892 ed.
345 2864 445 2892 Meurs.
460 2872 520 2898 cap.
535 2863 579 2890 5-2.

318 2911 357 2947 (‘2)
369 2910 471 2940 Tcxtus
480 2918 596 2946 graecus
603 2912 691 2937 exstat
700 2908 770 2935 intra
782 2908 808 2935 in
819 2910 913 2935 havum
926 2907 1071 2940 Quaestio-

1125 2306 1177 2337 nia
1191 2307 1231 2338 de
1244 2307 1384 2339 Macariis
1398 2308 1550 2349 Aegyptio
1566 2312 1597 2339 et
1610 2309 1832 2340 Alexandrino.

1424 2389 1545 2419 CAPUT
1565 2389 1614 2419 IV.

1123 2469 1260 2491 RUFINUS
1287 2469 1327 2490 DE
1358 2468 1486 2491 SANCTIS
1517 2470 1660 2506 MACARlIS
1694 2471 1848 2493 AEGYPTIO
1877 2470 1912 2493 ET

1403 2509 1636 2532 ALEXANDRINO.

1165 2567 1179 2603 §
1200 2565 1248 2596 26.
1266 2567 1300 2596 In
1316 2566 1397 2597 libro
1413 2568 1553 2599 secundo
1568 2569 1630 2600 VV.
1646 2569 1704 2600 PP.
1719 2569 1912 2601 collectionis

1124 2615 1358 2648 Rosweidianae
1387 2617 1427 2649 de
1461 2619 1600 2650 Macariis
1627 2619 1705 2651 haec
1735 2620 1910 2660 leguntur:

1126 2678 1140 2693 ‹‹
1157 2667 1329 2698 Narrabant
1343 2672 1448 2700 autem
1463 2669 1555 2700 nobis
1571 2671 1650 2707 110
1665 2671 1792 2711 quidam
1807 2679 1846 2702 ex
1860 2680 1913 2711 pa-

1126 2771 1190 2790 num
1209 2764 1365 2798 Apvendice
1381 2765 1472 2801 priore
1489 2765 1539 2792 sub
1558 2765 1599 2796 ΙΙΙ.
1618 2765 1650 2797 .l;
1669 2763 1738 2792 Hist.
1759 2763 1842 2792 Laus.
1868 2764 1910 2791 ed.

1125 2812 1225 2839 Meurs.
1244 2820 1304 2846 cap.
1324 2814 1367 2840 ὅτ.

1160 2858 1198 2894 (ὅ)
1221 2858 1277 2885 νγ.
1295 2859 1347 2886 PP.
1365 2858 1456 2886 Rosw.
1474 2867 1501 2893 p.
1519 2859 1580 2889 73i,
1602 2859 1624 2885 Ι.
