  <div class='ocr_page' id='page_1' title='image "/cluster/home/n/w/nwhite01/storage/ocr_20150623/34/njp.32101077772547/066.png"; bbox 0 0 2060 3153; ppageno 0'>
   <div class='ocr_carea' id='block_1_1' title="bbox 223 175 274 203">
    <p class='ocr_par' dir='ltr' id='par_1_1' title="bbox 223 175 274 203">
     <span class='ocr_line' id='line_1_1' title="bbox 223 175 274 203; baseline -0.02 0"><span class='ocrx_word' id='word_1_1' title='bbox 223 175 274 203; x_wconf 68' lang='grc' dir='ltr'>1ίό</span> 
     </span>
    </p>
   </div>
   <div class='ocr_carea' id='block_1_2' title="bbox 978 172 1092 201">
    <p class='ocr_par' dir='ltr' id='par_1_2' title="bbox 978 172 1092 201">
     <span class='ocr_line' id='line_1_2' title="bbox 978 172 1092 201; baseline 0 -1"><span class='ocrx_word' id='word_1_2' title='bbox 978 172 1092 201; x_wconf 79' lang='lat' dir='ltr'>VITAE.</span> 
     </span>
    </p>
   </div>
   <div class='ocr_carea' id='block_1_3' title="bbox 1794 179 1846 208">
    <p class='ocr_par' dir='ltr' id='par_1_3' title="bbox 1794 179 1846 208">
     <span class='ocr_line' id='line_1_3' title="bbox 1794 179 1846 208; baseline 0 0"><span class='ocrx_word' id='word_1_3' title='bbox 1794 179 1846 208; x_wconf 73' lang='grc'>106</span> 
     </span>
    </p>
   </div>
   <div class='ocr_carea' id='block_1_4' title="bbox 223 232 1842 278">
    <p class='ocr_par' dir='ltr' id='par_1_4' title="bbox 223 232 1842 278">
     <span class='ocr_line' id='line_1_4' title="bbox 223 232 1842 278; baseline 0.002 -12"><span class='ocrx_word' id='word_1_4' title='bbox 223 236 333 272; x_wconf 82' lang='lat' dir='ltr'>tribus,</span> <span class='ocrx_word' id='word_1_5' title='bbox 364 235 417 274; x_wconf 89' lang='lat' dir='ltr'>qui</span> <span class='ocrx_word' id='word_1_6' title='bbox 445 234 488 264; x_wconf 85' lang='lat' dir='ltr'>ibi</span> <span class='ocrx_word' id='word_1_7' title='bbox 512 233 556 271; x_wconf 77' lang='lat' dir='ltr'>[in</span> <span class='ocrx_word' id='word_1_8' title='bbox 579 232 713 271; x_wconf 86' lang='lat' dir='ltr'>Ccllulis]</span> <span class='ocrx_word' id='word_1_9' title='bbox 737 236 835 270; x_wconf 89' lang='lat' dir='ltr'>erant,</span> <span class='ocrx_word' id='word_1_10' title='bbox 863 233 948 273; x_wconf 90' lang='lat' dir='ltr'>quod</span> <span class='ocrx_word' id='word_1_11' title='bbox 974 234 1006 264; x_wconf 92' lang='lat' dir='ltr'>in</span> <span class='ocrx_word' id='word_1_12' title='bbox 1022 235 1043 263; x_wconf 83' lang='lat' dir='ltr'>A</span> <span class='ocrx_word' id='word_1_13' title='bbox 1059 236 1109 264; x_wconf 92' lang='lat' dir='ltr'>tur</span> <span class='ocrx_word' id='word_1_14' title='bbox 1124 232 1177 272; x_wconf 75' lang='grc'>(2).</span> <span class='ocrx_word' id='word_1_15' title='bbox 1195 235 1400 275; x_wconf 83' lang='lat' dir='ltr'>»chuuntur</span> <span class='ocrx_word' id='word_1_16' title='bbox 1409 239 1472 267; x_wconf 90' lang='lat' dir='ltr'>tres</span> <span class='ocrx_word' id='word_1_17' title='bbox 1486 237 1680 268; x_wconf 86' lang='lat' dir='ltr'>narrationes</span> <span class='ocrx_word' id='word_1_18' title='bbox 1692 237 1731 269; x_wconf 91' lang='lat' dir='ltr'>de</span> <span class='ocrx_word' id='word_1_19' title='bbox 1740 237 1842 278; x_wconf 84' lang='lat' dir='ltr'>puella</span> 
     </span>
    </p>
   </div>
   <div class='ocr_carea' id='block_1_5' title="bbox 223 282 1009 324">
    <p class='ocr_par' dir='ltr' id='par_1_5' title="bbox 223 282 1009 324">
     <span class='ocr_line' id='line_1_5' title="bbox 223 282 1009 324; baseline -0.004 -7"><span class='ocrx_word' id='word_1_20' title='bbox 223 286 301 317; x_wconf 86' lang='lat' dir='ltr'>locis</span> <span class='ocrx_word' id='word_1_21' title='bbox 309 285 370 316; x_wconf 82' lang='lat' dir='ltr'>illis</span> <span class='ocrx_word' id='word_1_22' title='bbox 382 285 445 316; x_wconf 88' lang='lat' dir='ltr'>duo</span> <span class='ocrx_word' id='word_1_23' title='bbox 453 283 576 315; x_wconf 82' lang='lat' dir='ltr'>Macarii</span> <span class='ocrx_word' id='word_1_24' title='bbox 585 283 671 324; x_wconf 87' lang='lat' dir='ltr'>quasi</span> <span class='ocrx_word' id='word_1_25' title='bbox 683 284 746 314; x_wconf 94' lang='lat' dir='ltr'>duo</span> <span class='ocrx_word' id='word_1_26' title='bbox 754 282 834 315; x_wconf 85' lang='lat' dir='ltr'>coeli</span> <span class='ocrx_word' id='word_1_27' title='bbox 844 283 1009 315; x_wconf 85' lang='lat' dir='ltr'>luminaria</span> 
     </span>
    </p>
   </div>
   <div class='ocr_carea' id='block_1_6' title="bbox 223 333 1008 374">
    <p class='ocr_par' dir='ltr' id='par_1_6' title="bbox 223 333 1008 374">
     <span class='ocr_line' id='line_1_6' title="bbox 223 333 1008 374; baseline -0.004 -7"><span class='ocrx_word' id='word_1_28' title='bbox 223 334 424 371; x_wconf 77' lang='lat' dir='ltr'>r&#39;efulsissent,</span> <span class='ocrx_word' id='word_1_29' title='bbox 451 342 491 365; x_wconf 75' lang='lat' dir='ltr'>ex</span> <span class='ocrx_word' id='word_1_30' title='bbox 517 334 632 373; x_wconf 88' lang='lat' dir='ltr'>quibus</span> <span class='ocrx_word' id='word_1_31' title='bbox 656 342 739 364; x_wconf 90' lang='lat' dir='ltr'>unus</span> <span class='ocrx_word' id='word_1_32' title='bbox 764 333 935 374; x_wconf 86' lang='lat' dir='ltr'>Aegyptius</span> <span class='ocrx_word' id='word_1_33' title='bbox 956 343 1008 373; x_wconf 86' lang='lat' dir='ltr'>ge-</span> 
     </span>
    </p>
   </div>
   <div class='ocr_carea' id='block_1_7' title="bbox 222 383 1006 424">
    <p class='ocr_par' dir='ltr' id='par_1_7' title="bbox 222 383 1006 424">
     <span class='ocr_line' id='line_1_7' title="bbox 222 383 1006 424; baseline -0.001 -8"><span class='ocrx_word' id='word_1_34' title='bbox 222 393 295 416; x_wconf 83' lang='lat' dir='ltr'>nere</span> <span class='ocrx_word' id='word_1_35' title='bbox 321 388 352 416; x_wconf 90' lang='lat' dir='ltr'>et</span> <span class='ocrx_word' id='word_1_36' title='bbox 375 383 549 424; x_wconf 90' lang='lat' dir='ltr'>discipulus</span> <span class='ocrx_word' id='word_1_37' title='bbox 571 383 655 414; x_wconf 81' lang='lat' dir='ltr'>beati</span> <span class='ocrx_word' id='word_1_38' title='bbox 678 383 806 414; x_wconf 78' lang='lat' dir='ltr'>Antonii</span> <span class='ocrx_word' id='word_1_39' title='bbox 829 383 898 421; x_wconf 88' lang='lat' dir='ltr'>fuit,</span> <span class='ocrx_word' id='word_1_40' title='bbox 927 384 1006 415; x_wconf 87' lang='lat' dir='ltr'>alius</span> 
     </span>
    </p>
   </div>
   <div class='ocr_carea' id='block_1_8' title="bbox 220 433 1004 472">
    <p class='ocr_par' dir='ltr' id='par_1_8' title="bbox 220 433 1004 472">
     <span class='ocr_line' id='line_1_8' title="bbox 220 433 1004 472; baseline 0.001 -8"><span class='ocrx_word' id='word_1_41' title='bbox 220 434 456 466; x_wconf 76' lang='lat' dir='ltr'>Alexandrinus.</span> <span class='ocrx_word' id='word_1_42' title='bbox 484 434 602 470; x_wconf 85' lang='lat' dir='ltr'>Quibus</span> <span class='ocrx_word' id='word_1_43' title='bbox 624 437 658 465; x_wconf 90' lang='lat' dir='ltr'>ut</span> <span class='ocrx_word' id='word_1_44' title='bbox 682 433 833 465; x_wconf 87' lang='lat' dir='ltr'>vocabula</span> <span class='ocrx_word' id='word_1_45' title='bbox 856 434 1004 472; x_wconf 85' lang='lat' dir='ltr'>nominis,</span> 
     </span>
    </p>
   </div>
   <div class='ocr_carea' id='block_1_9' title="bbox 218 484 1006 524">
    <p class='ocr_par' dir='ltr' id='par_1_9' title="bbox 218 484 1006 524">
     <span class='ocr_line' id='line_1_9' title="bbox 218 484 1006 524; baseline 0.003 -10"><span class='ocrx_word' id='word_1_46' title='bbox 218 484 258 515; x_wconf 89' lang='lat' dir='ltr'>ita</span> <span class='ocrx_word' id='word_1_47' title='bbox 268 485 396 516; x_wconf 80' lang='lat' dir='ltr'>virtutes</span> <span class='ocrx_word' id='word_1_48' title='bbox 412 485 508 516; x_wconf 90' lang='lat' dir='ltr'>animi</span> <span class='ocrx_word' id='word_1_49' title='bbox 519 488 549 516; x_wconf 87' lang='lat' dir='ltr'>et</span> <span class='ocrx_word' id='word_1_50' title='bbox 563 484 746 516; x_wconf 88' lang='lat' dir='ltr'>coelestium</span> <span class='ocrx_word' id='word_1_51' title='bbox 761 484 927 524; x_wconf 82' lang='lat' dir='ltr'>gratiarum</span> <span class='ocrx_word' id='word_1_52' title='bbox 942 494 1006 516; x_wconf 88' lang='lat' dir='ltr'>ma-</span> 
     </span>
    </p>
   </div>
   <div class='ocr_carea' id='block_1_10' title="bbox 217 536 1005 576">
    <p class='ocr_par' dir='ltr' id='par_1_10' title="bbox 217 536 1005 576">
     <span class='ocr_line' id='line_1_10' title="bbox 217 536 1005 576; baseline 0.001 -9"><span class='ocrx_word' id='word_1_53' title='bbox 217 536 395 575; x_wconf 86' lang='lat' dir='ltr'>gniﬁcentia</span> <span class='ocrx_word' id='word_1_54' title='bbox 411 536 633 567; x_wconf 81' lang='lat' dir='ltr'>concordabat.</span> <span class='ocrx_word' id='word_1_55' title='bbox 652 537 789 576; x_wconf 87' lang='lat' dir='ltr'>Uterque</span> <span class='ocrx_word' id='word_1_56' title='bbox 803 536 888 567; x_wconf 91' lang='lat' dir='ltr'>enim</span> <span class='ocrx_word' id='word_1_57' title='bbox 906 537 1005 568; x_wconf 85' lang='lat' dir='ltr'>Maca-</span> 
     </span>
    </p>
   </div>
   <div class='ocr_carea' id='block_1_11' title="bbox 216 586 1005 626">
    <p class='ocr_par' dir='ltr' id='par_1_11' title="bbox 216 586 1005 626">
     <span class='ocr_line' id='line_1_11' title="bbox 216 586 1005 626; baseline 0.004 -10"><span class='ocrx_word' id='word_1_58' title='bbox 216 587 292 624; x_wconf 90' lang='lat' dir='ltr'>rius,</span> <span class='ocrx_word' id='word_1_59' title='bbox 315 590 449 626; x_wconf 87' lang='lat' dir='ltr'>uterque</span> <span class='ocrx_word' id='word_1_60' title='bbox 465 586 671 617; x_wconf 80' lang='lat' dir='ltr'>abstinentiae</span> <span class='ocrx_word' id='word_1_61' title='bbox 692 586 847 618; x_wconf 81' lang='lat' dir='ltr'>exercitiis</span> <span class='ocrx_word' id='word_1_62' title='bbox 866 589 897 618; x_wconf 88' lang='lat' dir='ltr'>et</span> <span class='ocrx_word' id='word_1_63' title='bbox 911 587 1005 619; x_wconf 89' lang='lat' dir='ltr'>virtu-</span> 
     </span>
    </p>
   </div>
   <div class='ocr_carea' id='block_1_12' title="bbox 213 636 1003 677">
    <p class='ocr_par' dir='ltr' id='par_1_12' title="bbox 213 636 1003 677">
     <span class='ocr_line' id='line_1_12' title="bbox 213 636 1003 677; baseline 0.003 -10"><span class='ocrx_word' id='word_1_64' title='bbox 213 637 298 668; x_wconf 81' lang='lat' dir='ltr'>tibus</span> <span class='ocrx_word' id='word_1_65' title='bbox 311 637 408 668; x_wconf 89' lang='lat' dir='ltr'>animi</span> <span class='ocrx_word' id='word_1_66' title='bbox 422 637 594 677; x_wconf 81' lang='lat' dir='ltr'>aequaliter</span> <span class='ocrx_word' id='word_1_67' title='bbox 609 636 750 676; x_wconf 88' lang='lat' dir='ltr'>pollens;</span> <span class='ocrx_word' id='word_1_68' title='bbox 770 636 831 668; x_wconf 90' lang='lat' dir='ltr'>hoc</span> <span class='ocrx_word' id='word_1_69' title='bbox 846 637 914 669; x_wconf 94' lang='lat' dir='ltr'>solo</span> <span class='ocrx_word' id='word_1_70' title='bbox 924 637 1003 669; x_wconf 90' lang='lat' dir='ltr'>alius</span> 
     </span>
    </p>
   </div>
   <div class='ocr_carea' id='block_1_13' title="bbox 215 686 1001 727">
    <p class='ocr_par' dir='ltr' id='par_1_13' title="bbox 215 686 1001 727">
     <span class='ocr_line' id='line_1_13' title="bbox 215 686 1001 727; baseline 0.001 -10"><span class='ocrx_word' id='word_1_71' title='bbox 215 687 430 726; x_wconf 77' lang='lat' dir='ltr'>praecellens,</span> <span class='ocrx_word' id='word_1_72' title='bbox 451 687 537 727; x_wconf 89' lang='lat' dir='ltr'>quod</span> <span class='ocrx_word' id='word_1_73' title='bbox 566 687 654 726; x_wconf 89' lang='lat' dir='ltr'>quasi</span> <span class='ocrx_word' id='word_1_74' title='bbox 684 686 908 718; x_wconf 88' lang='lat' dir='ltr'>haereditatem</span> <span class='ocrx_word' id='word_1_75' title='bbox 931 696 1001 727; x_wconf 83' lang='lat' dir='ltr'>gra-</span> 
     </span>
    </p>
   </div>
   <div class='ocr_carea' id='block_1_14' title="bbox 216 737 1001 778">
    <p class='ocr_par' dir='ltr' id='par_1_14' title="bbox 216 737 1001 778">
     <span class='ocr_line' id='line_1_14' title="bbox 216 737 1001 778; baseline 0.003 -11"><span class='ocrx_word' id='word_1_76' title='bbox 216 737 327 767; x_wconf 82' lang='lat' dir='ltr'>tiarum</span> <span class='ocrx_word' id='word_1_77' title='bbox 358 741 389 768; x_wconf 89' lang='lat' dir='ltr'>et</span> <span class='ocrx_word' id='word_1_78' title='bbox 415 737 561 768; x_wconf 89' lang='lat' dir='ltr'>virtutum</span> <span class='ocrx_word' id='word_1_79' title='bbox 590 737 673 768; x_wconf 85' lang='lat' dir='ltr'>beati</span> <span class='ocrx_word' id='word_1_80' title='bbox 702 737 828 768; x_wconf 87' lang='lat' dir='ltr'>Antonii</span> <span class='ocrx_word' id='word_1_81' title='bbox 856 738 1001 778; x_wconf 88' lang='lat' dir='ltr'>posside-</span> 
     </span>
    </p>
   </div>
   <div class='ocr_carea' id='block_1_15' title="bbox 215 787 372 828">
    <p class='ocr_par' dir='ltr' id='par_1_15' title="bbox 215 787 372 828">
     <span class='ocr_line' id='line_1_15' title="bbox 215 787 372 828; baseline -0.013 -11"><span class='ocrx_word' id='word_1_82' title='bbox 215 788 268 818; x_wconf 84' lang='lat' dir='ltr'>bat</span> <span class='ocrx_word' id='word_1_83' title='bbox 285 787 339 828; x_wconf 83' lang='lat'>(1).</span> <span class='ocrx_word' id='word_1_84' title='bbox 358 799 372 815; x_wconf 66' lang='grc' dir='ltr'><strong>η</strong></span> 
     </span>
    </p>
   </div>
   <div class='ocr_carea' id='block_1_16' title="bbox 254 837 1001 878">
    <p class='ocr_par' dir='ltr' id='par_1_16' title="bbox 254 837 1001 878">
     <span class='ocr_line' id='line_1_16' title="bbox 254 837 1001 878; baseline 0.004 -10"><span class='ocrx_word' id='word_1_85' title='bbox 254 838 300 868; x_wconf 89' lang='lat' dir='ltr'>En</span> <span class='ocrx_word' id='word_1_86' title='bbox 315 838 477 869; x_wconf 85' lang='lat' dir='ltr'>Macarium</span> <span class='ocrx_word' id='word_1_87' title='bbox 499 837 682 878; x_wconf 86' lang='lat' dir='ltr'>Aegyptium</span> <span class='ocrx_word' id='word_1_88' title='bbox 704 838 735 868; x_wconf 91' lang='lat' dir='ltr'>S.</span> <span class='ocrx_word' id='word_1_89' title='bbox 753 838 878 869; x_wconf 84' lang='lat' dir='ltr'>Antonii</span> <span class='ocrx_word' id='word_1_90' title='bbox 897 840 1001 878; x_wconf 81' lang='lat' dir='ltr'>magni</span> 
     </span>
    </p>
   </div>
   <div class='ocr_carea' id='block_1_17' title="bbox 217 888 1035 936">
    <p class='ocr_par' dir='ltr' id='par_1_17' title="bbox 217 888 1035 936">
     <span class='ocr_line' id='line_1_17' title="bbox 217 888 1035 936; baseline 0.004 -18"><span class='ocrx_word' id='word_1_91' title='bbox 217 888 402 927; x_wconf 86' lang='lat' dir='ltr'>discipulum</span> <span class='ocrx_word' id='word_1_92' title='bbox 415 888 625 928; x_wconf 90' lang='lat' dir='ltr'>virtutumque</span> <span class='ocrx_word' id='word_1_93' title='bbox 636 888 702 919; x_wconf 90' lang='lat' dir='ltr'>eius</span> <span class='ocrx_word' id='word_1_94' title='bbox 713 888 802 928; x_wconf 86' lang='lat' dir='ltr'>quasi</span> <span class='ocrx_word' id='word_1_95' title='bbox 813 888 995 922; x_wconf 80' lang='lat' dir='ltr'>haeredem!</span> <span class='ocrx_word' id='word_1_96' title='bbox 1014 906 1035 936; x_wconf 73' lang='grc' dir='ltr'><strong>Β</strong></span> 
     </span>
    </p>
   </div>
   <div class='ocr_carea' id='block_1_18' title="bbox 216 937 995 978">
    <p class='ocr_par' dir='ltr' id='par_1_18' title="bbox 216 937 995 978">
     <span class='ocr_line' id='line_1_18' title="bbox 216 937 995 978; baseline 0.003 -10"><span class='ocrx_word' id='word_1_97' title='bbox 216 938 311 973; x_wconf 82' lang='lat' dir='ltr'>Quam</span> <span class='ocrx_word' id='word_1_98' title='bbox 337 945 400 968; x_wconf 88' lang='lat' dir='ltr'>rem</span> <span class='ocrx_word' id='word_1_99' title='bbox 425 940 592 977; x_wconf 82' lang='lat' dir='ltr'>antequam</span> <span class='ocrx_word' id='word_1_100' title='bbox 616 937 830 978; x_wconf 82' lang='lat' dir='ltr'>expediamus,</span> <span class='ocrx_word' id='word_1_101' title='bbox 864 938 995 978; x_wconf 83' lang='lat' dir='ltr'>reliqua,</span> 
     </span>
    </p>
   </div>
   <div class='ocr_carea' id='block_1_19' title="bbox 214 987 996 1028">
    <p class='ocr_par' dir='ltr' id='par_1_19' title="bbox 214 987 996 1028">
     <span class='ocr_line' id='line_1_19' title="bbox 214 987 996 1028; baseline 0.004 -10"><span class='ocrx_word' id='word_1_102' title='bbox 214 995 294 1027; x_wconf 84' lang='lat' dir='ltr'>quae</span> <span class='ocrx_word' id='word_1_103' title='bbox 319 987 359 1018; x_wconf 91' lang='lat' dir='ltr'>de</span> <span class='ocrx_word' id='word_1_104' title='bbox 382 987 515 1019; x_wconf 89' lang='lat' dir='ltr'>Macario</span> <span class='ocrx_word' id='word_1_105' title='bbox 530 989 683 1028; x_wconf 80' lang='lat' dir='ltr'>Aegyptio</span> <span class='ocrx_word' id='word_1_106' title='bbox 704 988 738 1019; x_wconf 91' lang='lat' dir='ltr'>in</span> <span class='ocrx_word' id='word_1_107' title='bbox 760 989 840 1020; x_wconf 90' lang='lat' dir='ltr'>libro</span> <span class='ocrx_word' id='word_1_108' title='bbox 857 990 996 1021; x_wconf 88' lang='lat' dir='ltr'>secundo</span> 
     </span>
    </p>
   </div>
   <div class='ocr_carea' id='block_1_20' title="bbox 213 1037 655 1080">
    <p class='ocr_par' dir='ltr' id='par_1_20' title="bbox 213 1037 655 1080">
     <span class='ocr_line' id='line_1_20' title="bbox 213 1037 655 1080; baseline 0.002 -13"><span class='ocrx_word' id='word_1_109' title='bbox 213 1037 455 1076; x_wconf 79' lang='lat' dir='ltr'>subiunguntur.</span> <span class='ocrx_word' id='word_1_110' title='bbox 470 1037 632 1080; x_wconf 78' lang='lat' dir='ltr'>audiamus</span> <span class='ocrx_word' id='word_1_111' title='bbox 648 1047 655 1068; x_wconf 85' lang='lat'><strong>:</strong></span> 
     </span>
    </p>
   </div>
   <div class='ocr_carea' id='block_1_21' title="bbox 253 1085 996 1130">
    <p class='ocr_par' dir='ltr' id='par_1_21' title="bbox 253 1085 996 1130">
     <span class='ocr_line' id='line_1_21' title="bbox 253 1085 996 1130; baseline 0.007 -14"><span class='ocrx_word' id='word_1_112' title='bbox 253 1085 363 1118; x_wconf 76' lang='lat' dir='ltr'>«Hinc</span> <span class='ocrx_word' id='word_1_113' title='bbox 392 1086 529 1127; x_wconf 87' lang='lat' dir='ltr'>denique</span> <span class='ocrx_word' id='word_1_114' title='bbox 551 1087 667 1125; x_wconf 88' lang='lat' dir='ltr'>ferunt,</span> <span class='ocrx_word' id='word_1_115' title='bbox 701 1088 868 1128; x_wconf 85' lang='lat' dir='ltr'>aliquando</span> <span class='ocrx_word' id='word_1_116' title='bbox 899 1098 996 1130; x_wconf 91' lang='lat' dir='ltr'>quum</span> 
     </span>
    </p>
   </div>
   <div class='ocr_carea' id='block_1_22' title="bbox 211 1136 994 1171">
    <p class='ocr_par' dir='ltr' id='par_1_22' title="bbox 211 1136 994 1171">
     <span class='ocr_line' id='line_1_22' title="bbox 211 1136 994 1171; baseline 0.005 -4"><span class='ocrx_word' id='word_1_117' title='bbox 211 1136 414 1168; x_wconf 82' lang='lat' dir='ltr'>homicidium</span> <span class='ocrx_word' id='word_1_118' title='bbox 428 1137 462 1168; x_wconf 93' lang='lat' dir='ltr'>in</span> <span class='ocrx_word' id='word_1_119' title='bbox 482 1137 559 1168; x_wconf 89' lang='lat' dir='ltr'>locis</span> <span class='ocrx_word' id='word_1_120' title='bbox 574 1137 683 1168; x_wconf 87' lang='lat' dir='ltr'>vicinis</span> <span class='ocrx_word' id='word_1_121' title='bbox 699 1137 809 1169; x_wconf 83' lang='lat' dir='ltr'>fuisset</span> <span class='ocrx_word' id='word_1_122' title='bbox 826 1139 994 1171; x_wconf 87' lang='lat' dir='ltr'>admissum</span> 
     </span>
    </p>
   </div>
   <div class='ocr_carea' id='block_1_23' title="bbox 211 1187 995 1227">
    <p class='ocr_par' dir='ltr' id='par_1_23' title="bbox 211 1187 995 1227">
     <span class='ocr_line' id='line_1_23' title="bbox 211 1187 995 1227; baseline 0.003 -8"><span class='ocrx_word' id='word_1_123' title='bbox 211 1192 241 1219; x_wconf 78' lang='lat' dir='ltr'>et</span> <span class='ocrx_word' id='word_1_124' title='bbox 255 1187 417 1219; x_wconf 88' lang='lat' dir='ltr'>innocenti</span> <span class='ocrx_word' id='word_1_125' title='bbox 430 1187 553 1219; x_wconf 90' lang='lat' dir='ltr'>cuidam</span> <span class='ocrx_word' id='word_1_126' title='bbox 567 1187 791 1227; x_wconf 85' lang='lat' dir='ltr'>impingeretur</span> <span class='ocrx_word' id='word_1_127' title='bbox 805 1189 924 1220; x_wconf 89' lang='lat' dir='ltr'>crimen</span> <span class='ocrx_word' id='word_1_128' title='bbox 939 1190 995 1221; x_wconf 92' lang='lat' dir='ltr'>ad-</span> 
     </span>
    </p>
   </div>
   <div class='ocr_carea' id='block_1_24' title="bbox 210 1236 996 1280">
    <p class='ocr_par' dir='ltr' id='par_1_24' title="bbox 210 1236 996 1280">
     <span class='ocr_line' id='line_1_24' title="bbox 210 1236 996 1280; baseline 0.004 -12"><span class='ocrx_word' id='word_1_129' title='bbox 210 1238 306 1274; x_wconf 81' lang='lat' dir='ltr'>missi,</span> <span class='ocrx_word' id='word_1_130' title='bbox 330 1237 508 1277; x_wconf 79' lang='lat' dir='ltr'>confugisse</span> <span class='ocrx_word' id='word_1_131' title='bbox 526 1236 565 1268; x_wconf 89' lang='lat' dir='ltr'>ad</span> <span class='ocrx_word' id='word_1_132' title='bbox 583 1238 650 1268; x_wconf 92' lang='lat' dir='ltr'>eius</span> <span class='ocrx_word' id='word_1_133' title='bbox 667 1237 809 1269; x_wconf 84' lang='lat' dir='ltr'>cellulam</span> <span class='ocrx_word' id='word_1_134' title='bbox 832 1248 920 1277; x_wconf 89' lang='lat' dir='ltr'>eum,</span> <span class='ocrx_word' id='word_1_135' title='bbox 941 1241 996 1280; x_wconf 91' lang='lat' dir='ltr'>qui</span> 
     </span>
    </p>
   </div>
   <div class='ocr_carea' id='block_1_25' title="bbox 210 1288 996 1330">
    <p class='ocr_par' dir='ltr' id='par_1_25' title="bbox 210 1288 996 1330">
     <span class='ocr_line' id='line_1_25' title="bbox 210 1288 996 1330; baseline 0.003 -11"><span class='ocrx_word' id='word_1_136' title='bbox 210 1288 397 1320; x_wconf 88' lang='lat' dir='ltr'>calumniam</span> <span class='ocrx_word' id='word_1_137' title='bbox 413 1288 597 1328; x_wconf 86' lang='lat' dir='ltr'>patiebatur.</span> <span class='ocrx_word' id='word_1_138' title='bbox 614 1288 755 1319; x_wconf 84' lang='lat' dir='ltr'>Adfuisse</span> <span class='ocrx_word' id='word_1_139' title='bbox 767 1289 858 1320; x_wconf 88' lang='lat' dir='ltr'>etiam</span> <span class='ocrx_word' id='word_1_140' title='bbox 873 1298 927 1320; x_wconf 91' lang='lat' dir='ltr'>eos</span> <span class='ocrx_word' id='word_1_141' title='bbox 941 1290 996 1330; x_wconf 90' lang='lat' dir='ltr'>qui</span> 
     </span>
    </p>
   </div>
   <div class='ocr_carea' id='block_1_26' title="bbox 210 1338 993 1379">
    <p class='ocr_par' dir='ltr' id='par_1_26' title="bbox 210 1338 993 1379">
     <span class='ocr_line' id='line_1_26' title="bbox 210 1338 993 1379; baseline 0 -9"><span class='ocrx_word' id='word_1_142' title='bbox 210 1340 430 1379; x_wconf 81' lang='lat' dir='ltr'>perurgebant,</span> <span class='ocrx_word' id='word_1_143' title='bbox 454 1339 622 1378; x_wconf 77' lang='lat' dir='ltr'>allegantes</span> <span class='ocrx_word' id='word_1_144' title='bbox 644 1342 674 1369; x_wconf 88' lang='lat' dir='ltr'>et</span> <span class='ocrx_word' id='word_1_145' title='bbox 696 1338 846 1377; x_wconf 85' lang='lat' dir='ltr'>dicentes,</span> <span class='ocrx_word' id='word_1_146' title='bbox 868 1339 993 1379; x_wconf 88' lang='lat' dir='ltr'>pericli—</span> 
     </span>
    </p>
   </div>
   <div class='ocr_carea' id='block_1_27' title="bbox 210 1389 995 1430">
    <p class='ocr_par' dir='ltr' id='par_1_27' title="bbox 210 1389 995 1430">
     <span class='ocr_line' id='line_1_27' title="bbox 210 1389 995 1430; baseline 0.001 -9"><span class='ocrx_word' id='word_1_147' title='bbox 210 1390 268 1422; x_wconf 79' lang='lat' dir='ltr'>tari</span> <span class='ocrx_word' id='word_1_148' title='bbox 283 1399 316 1421; x_wconf 90' lang='lat' dir='ltr'>se</span> <span class='ocrx_word' id='word_1_149' title='bbox 330 1391 427 1430; x_wconf 86' lang='lat' dir='ltr'>ipsos,</span> <span class='ocrx_word' id='word_1_150' title='bbox 445 1390 504 1421; x_wconf 87' lang='lat' dir='ltr'>nisi</span> <span class='ocrx_word' id='word_1_151' title='bbox 518 1389 782 1430; x_wconf 89' lang='lat' dir='ltr'>comprehensum</span> <span class='ocrx_word' id='word_1_152' title='bbox 797 1389 919 1429; x_wconf 80' lang='lat' dir='ltr'>legibus</span> <span class='ocrx_word' id='word_1_153' title='bbox 934 1389 995 1422; x_wconf 83' lang='lat' dir='ltr'>tra-</span> 
     </span>
    </p>
   </div>
   <div class='ocr_carea' id='block_1_28' title="bbox 210 1440 995 1477">
    <p class='ocr_par' dir='ltr' id='par_1_28' title="bbox 210 1440 995 1477">
     <span class='ocr_line' id='line_1_28' title="bbox 210 1440 995 1477; baseline 0.001 -6"><span class='ocrx_word' id='word_1_154' title='bbox 210 1441 321 1471; x_wconf 87' lang='lat' dir='ltr'>derent</span> <span class='ocrx_word' id='word_1_155' title='bbox 345 1440 546 1472; x_wconf 82' lang='lat' dir='ltr'>homicidam.</span> <span class='ocrx_word' id='word_1_156' title='bbox 573 1442 601 1471; x_wconf 90' lang='lat' dir='ltr'>Is</span> <span class='ocrx_word' id='word_1_157' title='bbox 615 1449 700 1477; x_wconf 90' lang='lat' dir='ltr'>vero,</span> <span class='ocrx_word' id='word_1_158' title='bbox 727 1441 778 1471; x_wconf 90' lang='lat' dir='ltr'>cui</span> <span class='ocrx_word' id='word_1_159' title='bbox 796 1441 916 1472; x_wconf 89' lang='lat' dir='ltr'>crimen</span> <span class='ocrx_word' id='word_1_160' title='bbox 938 1441 995 1472; x_wconf 91' lang='lat' dir='ltr'>im-</span> 
     </span>
    </p>
   </div>
   <div class='ocr_carea' id='block_1_29' title="bbox 211 1489 995 1530">
    <p class='ocr_par' dir='ltr' id='par_1_29' title="bbox 211 1489 995 1530">
     <span class='ocr_line' id='line_1_29' title="bbox 211 1489 995 1530; baseline 0.004 -11"><span class='ocrx_word' id='word_1_161' title='bbox 211 1489 405 1530; x_wconf 86' lang='lat' dir='ltr'>pingebatur,</span> <span class='ocrx_word' id='word_1_162' title='bbox 422 1498 493 1520; x_wconf 91' lang='lat' dir='ltr'>cum</span> <span class='ocrx_word' id='word_1_163' title='bbox 507 1490 707 1521; x_wconf 87' lang='lat' dir='ltr'>sacramentis</span> <span class='ocrx_word' id='word_1_164' title='bbox 722 1489 904 1528; x_wconf 80' lang='lat' dir='ltr'>afﬁrmabat,</span> <span class='ocrx_word' id='word_1_165' title='bbox 921 1499 995 1522; x_wconf 91' lang='lat' dir='ltr'>con-</span> 
     </span>
    </p>
   </div>
   <div class='ocr_carea' id='block_1_30' title="bbox 1058 282 1842 326">
    <p class='ocr_par' dir='ltr' id='par_1_30' title="bbox 1058 282 1842 326">
     <span class='ocr_line' id='line_1_30' title="bbox 1058 282 1842 326; baseline 0.01 -14"><span class='ocrx_word' id='word_1_166' title='bbox 1058 282 1090 312; x_wconf 93' lang='lat' dir='ltr'>in</span> <span class='ocrx_word' id='word_1_167' title='bbox 1108 291 1220 322; x_wconf 86' lang='lat' dir='ltr'>equam</span> <span class='ocrx_word' id='word_1_168' title='bbox 1234 288 1362 322; x_wconf 89' lang='lat' dir='ltr'>mutata,</span> <span class='ocrx_word' id='word_1_169' title='bbox 1379 285 1417 317; x_wconf 89' lang='lat' dir='ltr'>de</span> <span class='ocrx_word' id='word_1_170' title='bbox 1433 286 1538 326; x_wconf 89' lang='lat' dir='ltr'>puella</span> <span class='ocrx_word' id='word_1_171' title='bbox 1550 287 1684 325; x_wconf 87' lang='lat' dir='ltr'>minore,</span> <span class='ocrx_word' id='word_1_172' title='bbox 1701 288 1789 319; x_wconf 91' lang='lat' dir='ltr'>cuius</span> <span class='ocrx_word' id='word_1_173' title='bbox 1805 298 1842 320; x_wconf 81' lang='lat' dir='ltr'>ex</span> 
     </span>
    </p>
   </div>
   <div class='ocr_carea' id='block_1_31' title="bbox 1057 335 1840 372">
    <p class='ocr_par' dir='ltr' id='par_1_31' title="bbox 1057 335 1840 372">
     <span class='ocr_line' id='line_1_31' title="bbox 1057 335 1840 372; baseline 0.01 -10"><span class='ocrx_word' id='word_1_174' title='bbox 1057 340 1190 372; x_wconf 90' lang='lat' dir='ltr'>corpore</span> <span class='ocrx_word' id='word_1_175' title='bbox 1211 335 1363 365; x_wconf 88' lang='lat' dir='ltr'>vermium</span> <span class='ocrx_word' id='word_1_176' title='bbox 1380 335 1544 367; x_wconf 86' lang='lat' dir='ltr'>innumera</span> <span class='ocrx_word' id='word_1_177' title='bbox 1564 337 1730 369; x_wconf 88' lang='lat' dir='ltr'>multitudo</span> <span class='ocrx_word' id='word_1_178' title='bbox 1752 337 1840 370; x_wconf 90' lang='lat' dir='ltr'>ebul-</span> 
     </span>
    </p>
   </div>
   <div class='ocr_carea' id='block_1_32' title="bbox 1055 381 1844 419">
    <p class='ocr_par' dir='ltr' id='par_1_32' title="bbox 1055 381 1844 419">
     <span class='ocr_line' id='line_1_32' title="bbox 1055 381 1844 419; baseline 0.011 -8"><span class='ocrx_word' id='word_1_179' title='bbox 1055 381 1161 419; x_wconf 87' lang='lat' dir='ltr'>liebat,</span> <span class='ocrx_word' id='word_1_180' title='bbox 1187 386 1218 414; x_wconf 89' lang='lat' dir='ltr'>et</span> <span class='ocrx_word' id='word_1_181' title='bbox 1238 384 1278 415; x_wconf 91' lang='lat' dir='ltr'>de</span> <span class='ocrx_word' id='word_1_182' title='bbox 1299 388 1424 416; x_wconf 89' lang='lat' dir='ltr'>mortuo</span> <span class='ocrx_word' id='word_1_183' title='bbox 1448 386 1576 417; x_wconf 88' lang='lat' dir='ltr'>homine</span> <span class='ocrx_word' id='word_1_184' title='bbox 1597 387 1636 418; x_wconf 90' lang='lat' dir='ltr'>ad</span> <span class='ocrx_word' id='word_1_185' title='bbox 1654 388 1844 419; x_wconf 83' lang='lat' dir='ltr'>Hieracitam</span> 
     </span>
    </p>
   </div>
   <div class='ocr_carea' id='block_1_33' title="bbox 1055 431 1844 478">
    <p class='ocr_par' dir='ltr' id='par_1_33' title="bbox 1055 431 1844 478">
     <span class='ocr_line' id='line_1_33' title="bbox 1055 431 1844 478; baseline 0.01 -16"><span class='ocrx_word' id='word_1_186' title='bbox 1055 431 1248 465; x_wconf 90' lang='lat' dir='ltr'>haereticum</span> <span class='ocrx_word' id='word_1_187' title='bbox 1282 435 1488 467; x_wconf 89' lang='lat' dir='ltr'>refellendum</span> <span class='ocrx_word' id='word_1_188' title='bbox 1523 438 1730 469; x_wconf 88' lang='lat' dir='ltr'>resuscitato:</span> <span class='ocrx_word' id='word_1_189' title='bbox 1761 447 1844 478; x_wconf 88' lang='lat' dir='ltr'>quae</span> 
     </span>
    </p>
   </div>
   <div class='ocr_carea' id='block_1_34' title="bbox 1054 482 1843 524">
    <p class='ocr_par' dir='ltr' id='par_1_34' title="bbox 1054 482 1843 524">
     <span class='ocr_line' id='line_1_34' title="bbox 1054 482 1843 524; baseline 0.008 -12"><span class='ocrx_word' id='word_1_190' title='bbox 1054 482 1113 512; x_wconf 86' lang='lat' dir='ltr'>tria</span> <span class='ocrx_word' id='word_1_191' title='bbox 1125 483 1249 514; x_wconf 88' lang='lat' dir='ltr'>Macarii</span> <span class='ocrx_word' id='word_1_192' title='bbox 1261 485 1406 524; x_wconf 81' lang='lat' dir='ltr'>Aegyptii</span> <span class='ocrx_word' id='word_1_193' title='bbox 1420 485 1569 517; x_wconf 88' lang='lat' dir='ltr'>miracula</span> <span class='ocrx_word' id='word_1_194' title='bbox 1582 486 1643 517; x_wconf 90' lang='lat' dir='ltr'>iam</span> <span class='ocrx_word' id='word_1_195' title='bbox 1655 495 1693 518; x_wconf 82' lang='lat' dir='ltr'>ex</span> <span class='ocrx_word' id='word_1_196' title='bbox 1704 486 1843 518; x_wconf 88' lang='lat' dir='ltr'>Palladio</span> 
     </span>
    </p>
   </div>
   <div class='ocr_carea' id='block_1_35' title="bbox 1054 533 1841 575">
    <p class='ocr_par' dir='ltr' id='par_1_35' title="bbox 1054 533 1841 575">
     <span class='ocr_line' id='line_1_35' title="bbox 1054 533 1841 575; baseline 0.006 -12"><span class='ocrx_word' id='word_1_197' title='bbox 1054 533 1258 571; x_wconf 79' lang='lat' dir='ltr'>cognovimus</span> <span class='ocrx_word' id='word_1_198' title='bbox 1275 534 1329 575; x_wconf 89' lang='lat'>(3).</span> <span class='ocrx_word' id='word_1_199' title='bbox 1354 535 1473 567; x_wconf 90' lang='lat' dir='ltr'>Finitur</span> <span class='ocrx_word' id='word_1_200' title='bbox 1495 535 1622 567; x_wconf 90' lang='lat' dir='ltr'>demum</span> <span class='ocrx_word' id='word_1_201' title='bbox 1643 537 1778 568; x_wconf 85' lang='lat' dir='ltr'>narratio</span> <span class='ocrx_word' id='word_1_202' title='bbox 1800 536 1841 568; x_wconf 89' lang='lat' dir='ltr'>li-</span> 
     </span>
    </p>
   </div>
   <div class='ocr_carea' id='block_1_36' title="bbox 1053 581 1839 626">
    <p class='ocr_par' dir='ltr' id='par_1_36' title="bbox 1053 581 1839 626">
     <span class='ocr_line' id='line_1_36' title="bbox 1053 581 1839 626; baseline 0.008 -14"><span class='ocrx_word' id='word_1_203' title='bbox 1053 581 1103 613; x_wconf 87' lang='lat' dir='ltr'>bri</span> <span class='ocrx_word' id='word_1_204' title='bbox 1125 584 1256 615; x_wconf 87' lang='lat' dir='ltr'>secundi</span> <span class='ocrx_word' id='word_1_205' title='bbox 1270 584 1309 616; x_wconf 91' lang='lat' dir='ltr'>de</span> <span class='ocrx_word' id='word_1_206' title='bbox 1324 585 1457 617; x_wconf 88' lang='lat' dir='ltr'>Macario</span> <span class='ocrx_word' id='word_1_207' title='bbox 1478 586 1631 626; x_wconf 86' lang='lat' dir='ltr'>Aegyptio</span> <span class='ocrx_word' id='word_1_208' title='bbox 1645 586 1694 617; x_wconf 90' lang='lat' dir='ltr'>his</span> <span class='ocrx_word' id='word_1_209' title='bbox 1714 587 1839 618; x_wconf 87' lang='lat' dir='ltr'>verbis:</span> 
     </span>
    </p>
   </div>
   <div class='ocr_carea' id='block_1_37' title="bbox 1055 633 1840 677">
    <p class='ocr_par' dir='ltr' id='par_1_37' title="bbox 1055 633 1840 677">
     <span class='ocr_line' id='line_1_37' title="bbox 1055 633 1840 677; baseline 0.006 -14"><span class='ocrx_word' id='word_1_210' title='bbox 1055 645 1069 661; x_wconf 81' lang='grc' dir='ltr'>(ι</span> <span class='ocrx_word' id='word_1_211' title='bbox 1085 633 1179 665; x_wconf 86' lang='lat' dir='ltr'>Multa</span> <span class='ocrx_word' id='word_1_212' title='bbox 1194 635 1287 666; x_wconf 85' lang='lat' dir='ltr'>etiam</span> <span class='ocrx_word' id='word_1_213' title='bbox 1309 638 1340 666; x_wconf 89' lang='lat' dir='ltr'>et</span> <span class='ocrx_word' id='word_1_214' title='bbox 1359 635 1419 667; x_wconf 90' lang='lat' dir='ltr'>alia</span> <span class='ocrx_word' id='word_1_215' title='bbox 1432 636 1614 667; x_wconf 84' lang='lat' dir='ltr'>ferebantur</span> <span class='ocrx_word' id='word_1_216' title='bbox 1628 636 1668 667; x_wconf 91' lang='lat' dir='ltr'>de</span> <span class='ocrx_word' id='word_1_217' title='bbox 1690 645 1741 675; x_wconf 88' lang='lat' dir='ltr'>eo,</span> <span class='ocrx_word' id='word_1_218' title='bbox 1759 645 1840 677; x_wconf 83' lang='lat' dir='ltr'>quae</span> 
     </span>
    </p>
   </div>
   <div class='ocr_carea' id='block_1_38' title="bbox 1053 684 1838 725">
    <p class='ocr_par' dir='ltr' id='par_1_38' title="bbox 1053 684 1838 725">
     <span class='ocr_line' id='line_1_38' title="bbox 1053 684 1838 725; baseline 0.005 -11"><span class='ocrx_word' id='word_1_219' title='bbox 1053 684 1146 715; x_wconf 90' lang='lat' dir='ltr'>nimis</span> <span class='ocrx_word' id='word_1_220' title='bbox 1159 685 1280 725; x_wconf 81' lang='lat' dir='ltr'>prolixa</span> <span class='ocrx_word' id='word_1_221' title='bbox 1296 689 1368 717; x_wconf 91' lang='lat' dir='ltr'>sunt</span> <span class='ocrx_word' id='word_1_222' title='bbox 1382 687 1421 718; x_wconf 86' lang='lat' dir='ltr'>ad</span> <span class='ocrx_word' id='word_1_223' title='bbox 1436 687 1648 724; x_wconf 86' lang='lat' dir='ltr'>scribendum,</span> <span class='ocrx_word' id='word_1_224' title='bbox 1666 687 1721 718; x_wconf 92' lang='lat' dir='ltr'>sed</span> <span class='ocrx_word' id='word_1_225' title='bbox 1738 696 1777 718; x_wconf 77' lang='lat' dir='ltr'>ex</span> <span class='ocrx_word' id='word_1_226' title='bbox 1790 686 1838 718; x_wconf 92' lang='lat' dir='ltr'>his</span> 
     </span>
    </p>
   </div>
   <div class='ocr_carea' id='block_1_39' title="bbox 1051 734 1836 777">
    <p class='ocr_par' dir='ltr' id='par_1_39' title="bbox 1051 734 1836 777">
     <span class='ocr_line' id='line_1_39' title="bbox 1051 734 1836 777; baseline 0.001 -13"><span class='ocrx_word' id='word_1_227' title='bbox 1051 734 1160 773; x_wconf 88' lang='lat' dir='ltr'>paucis</span> <span class='ocrx_word' id='word_1_228' title='bbox 1172 735 1263 766; x_wconf 84' lang='lat' dir='ltr'>etiam</span> <span class='ocrx_word' id='word_1_229' title='bbox 1274 739 1376 767; x_wconf 88' lang='lat' dir='ltr'>cetera</span> <span class='ocrx_word' id='word_1_230' title='bbox 1387 736 1454 767; x_wconf 90' lang='lat' dir='ltr'>eius</span> <span class='ocrx_word' id='word_1_231' title='bbox 1465 745 1562 777; x_wconf 88' lang='lat' dir='ltr'>opera</span> <span class='ocrx_word' id='word_1_232' title='bbox 1573 739 1746 767; x_wconf 89' lang='lat' dir='ltr'>noscuntur</span> <span class='ocrx_word' id='word_1_233' title='bbox 1757 735 1810 776; x_wconf 72' lang='grc'>(4).</span> <span class='ocrx_word' id='word_1_234' title='bbox 1822 747 1836 764; x_wconf 81' lang='grc'><strong>»</strong></span> 
     </span>
    </p>
   </div>
   <div class='ocr_carea' id='block_1_40' title="bbox 1091 785 1838 827">
    <p class='ocr_par' dir='ltr' id='par_1_40' title="bbox 1091 785 1838 827">
     <span class='ocr_line' id='line_1_40' title="bbox 1091 785 1838 827; baseline 0.003 -13"><span class='ocrx_word' id='word_1_235' title='bbox 1091 785 1190 816; x_wconf 85' lang='lat' dir='ltr'>Nemo</span> <span class='ocrx_word' id='word_1_236' title='bbox 1201 785 1343 826; x_wconf 87' lang='lat' dir='ltr'>profecto</span> <span class='ocrx_word' id='word_1_237' title='bbox 1355 785 1519 824; x_wconf 87' lang='lat' dir='ltr'>dubitabit,</span> <span class='ocrx_word' id='word_1_238' title='bbox 1529 787 1606 827; x_wconf 90' lang='lat' dir='ltr'>quin</span> <span class='ocrx_word' id='word_1_239' title='bbox 1619 786 1671 817; x_wconf 92' lang='lat' dir='ltr'>hic</span> <span class='ocrx_word' id='word_1_240' title='bbox 1687 785 1838 818; x_wconf 88' lang='lat' dir='ltr'>Macarius</span> 
     </span>
    </p>
   </div>
   <div class='ocr_carea' id='block_1_41' title="bbox 1050 835 1839 877">
    <p class='ocr_par' dir='ltr' id='par_1_41' title="bbox 1050 835 1839 877">
     <span class='ocr_line' id='line_1_41' title="bbox 1050 835 1839 877; baseline 0.004 -13"><span class='ocrx_word' id='word_1_241' title='bbox 1050 835 1220 875; x_wconf 78' lang='lat' dir='ltr'>Aegyptius</span> <span class='ocrx_word' id='word_1_242' title='bbox 1248 836 1331 867; x_wconf 90' lang='lat' dir='ltr'>idem</span> <span class='ocrx_word' id='word_1_243' title='bbox 1362 837 1412 874; x_wconf 89' lang='lat' dir='ltr'>sit,</span> <span class='ocrx_word' id='word_1_244' title='bbox 1441 837 1480 868; x_wconf 90' lang='lat' dir='ltr'>de</span> <span class='ocrx_word' id='word_1_245' title='bbox 1512 845 1576 877; x_wconf 89' lang='lat' dir='ltr'>quo</span> <span class='ocrx_word' id='word_1_246' title='bbox 1608 845 1702 877; x_wconf 88' lang='lat' dir='ltr'>supra</span> <span class='ocrx_word' id='word_1_247' title='bbox 1733 836 1839 868; x_wconf 86' lang='lat' dir='ltr'>retulit</span> 
     </span>
    </p>
   </div>
   <div class='ocr_carea' id='block_1_42' title="bbox 1050 883 1838 927">
    <p class='ocr_par' dir='ltr' id='par_1_42' title="bbox 1050 883 1838 927">
     <span class='ocr_line' id='line_1_42' title="bbox 1050 883 1838 927; baseline 0.006 -14"><span class='ocrx_word' id='word_1_248' title='bbox 1050 883 1215 915; x_wconf 83' lang='lat' dir='ltr'>Palladius.</span> <span class='ocrx_word' id='word_1_249' title='bbox 1231 886 1330 922; x_wconf 85' lang='lat' dir='ltr'>Quare</span> <span class='ocrx_word' id='word_1_250' title='bbox 1348 885 1416 917; x_wconf 88' lang='lat' dir='ltr'>iure</span> <span class='ocrx_word' id='word_1_251' title='bbox 1431 886 1573 924; x_wconf 83' lang='lat' dir='ltr'>otl&#39;endit,</span> <span class='ocrx_word' id='word_1_252' title='bbox 1586 886 1673 927; x_wconf 86' lang='lat' dir='ltr'>quod</span> <span class='ocrx_word' id='word_1_253' title='bbox 1687 885 1838 918; x_wconf 85' lang='lat' dir='ltr'>Macarius</span> 
     </span>
    </p>
   </div>
   <div class='ocr_carea' id='block_1_43' title="bbox 1048 935 1837 976">
    <p class='ocr_par' dir='ltr' id='par_1_43' title="bbox 1048 935 1837 976">
     <span class='ocr_line' id='line_1_43' title="bbox 1048 935 1837 976; baseline 0.003 -12"><span class='ocrx_word' id='word_1_254' title='bbox 1048 935 1219 974; x_wconf 76' lang='lat' dir='ltr'>Aegyptius</span> <span class='ocrx_word' id='word_1_255' title='bbox 1232 935 1312 967; x_wconf 91' lang='lat' dir='ltr'>libro</span> <span class='ocrx_word' id='word_1_256' title='bbox 1327 936 1465 968; x_wconf 78' lang='lat' dir='ltr'>Secundo</span> <span class='ocrx_word' id='word_1_257' title='bbox 1480 937 1511 967; x_wconf 93' lang='lat' dir='ltr'>S.</span> <span class='ocrx_word' id='word_1_258' title='bbox 1525 936 1651 968; x_wconf 85' lang='lat' dir='ltr'>Antonii</span> <span class='ocrx_word' id='word_1_259' title='bbox 1666 935 1837 976; x_wconf 87' lang='lat' dir='ltr'>discipulus</span> 
     </span>
    </p>
   </div>
   <div class='ocr_carea' id='block_1_44' title="bbox 1049 985 1837 1027">
    <p class='ocr_par' dir='ltr' id='par_1_44' title="bbox 1049 985 1837 1027">
     <span class='ocr_line' id='line_1_44' title="bbox 1049 985 1837 1027; baseline 0.003 -12"><span class='ocrx_word' id='word_1_260' title='bbox 1049 985 1280 1026; x_wconf 82' lang='lat' dir='ltr'>gratiarumque</span> <span class='ocrx_word' id='word_1_261' title='bbox 1300 986 1368 1018; x_wconf 89' lang='lat' dir='ltr'>eius</span> <span class='ocrx_word' id='word_1_262' title='bbox 1388 996 1424 1018; x_wconf 89' lang='lat' dir='ltr'>ac</span> <span class='ocrx_word' id='word_1_263' title='bbox 1446 986 1593 1018; x_wconf 88' lang='lat' dir='ltr'>virtutum</span> <span class='ocrx_word' id='word_1_264' title='bbox 1614 986 1704 1027; x_wconf 89' lang='lat' dir='ltr'>quasi</span> <span class='ocrx_word' id='word_1_265' title='bbox 1724 986 1837 1017; x_wconf 87' lang='lat' dir='ltr'>haeres</span> 
     </span>
    </p>
   </div>
   <div class='ocr_carea' id='block_1_45' title="bbox 1047 1036 1836 1076">
    <p class='ocr_par' dir='ltr' id='par_1_45' title="bbox 1047 1036 1836 1076">
     <span class='ocr_line' id='line_1_45' title="bbox 1047 1036 1836 1076; baseline 0.003 -10"><span class='ocrx_word' id='word_1_266' title='bbox 1047 1039 1186 1074; x_wconf 87' lang='lat' dir='ltr'>vocatur,</span> <span class='ocrx_word' id='word_1_267' title='bbox 1216 1037 1305 1068; x_wconf 90' lang='lat' dir='ltr'>cuius</span> <span class='ocrx_word' id='word_1_268' title='bbox 1337 1037 1495 1076; x_wconf 84' lang='lat' dir='ltr'>dignitatis</span> <span class='ocrx_word' id='word_1_269' title='bbox 1532 1036 1686 1069; x_wconf 86' lang='lat' dir='ltr'>Palladius</span> <span class='ocrx_word' id='word_1_270' title='bbox 1719 1036 1836 1068; x_wconf 88' lang='lat' dir='ltr'>nullam</span> 
     </span>
    </p>
   </div>
   <div class='ocr_carea' id='block_1_46' title="bbox 1048 1085 1835 1127">
    <p class='ocr_par' dir='ltr' id='par_1_46' title="bbox 1048 1085 1835 1127">
     <span class='ocr_line' id='line_1_46' title="bbox 1048 1085 1835 1127; baseline 0.003 -11"><span class='ocrx_word' id='word_1_271' title='bbox 1048 1085 1142 1126; x_wconf 90' lang='lat' dir='ltr'>plane</span> <span class='ocrx_word' id='word_1_272' title='bbox 1159 1087 1351 1118; x_wconf 88' lang='lat' dir='ltr'>mentionem</span> <span class='ocrx_word' id='word_1_273' title='bbox 1370 1087 1455 1119; x_wconf 87' lang='lat' dir='ltr'>fecit.</span> <span class='ocrx_word' id='word_1_274' title='bbox 1472 1087 1594 1118; x_wconf 86' lang='lat' dir='ltr'>Etenim</span> <span class='ocrx_word' id='word_1_275' title='bbox 1612 1087 1744 1126; x_wconf 81' lang='lat' dir='ltr'>legimus</span> <span class='ocrx_word' id='word_1_276' title='bbox 1762 1086 1835 1127; x_wconf 86' lang='lat' dir='ltr'>qui-</span> 
     </span>
    </p>
   </div>
   <div class='ocr_carea' id='block_1_47' title="bbox 1048 1133 1835 1168">
    <p class='ocr_par' dir='ltr' id='par_1_47' title="bbox 1048 1133 1835 1168">
     <span class='ocr_line' id='line_1_47' title="bbox 1048 1133 1835 1168; baseline 0.004 -4"><span class='ocrx_word' id='word_1_277' title='bbox 1048 1133 1119 1164; x_wconf 85' lang='lat' dir='ltr'>dem</span> <span class='ocrx_word' id='word_1_278' title='bbox 1130 1134 1163 1164; x_wconf 90' lang='lat' dir='ltr'>in</span> <span class='ocrx_word' id='word_1_279' title='bbox 1176 1135 1350 1167; x_wconf 86' lang='lat' dir='ltr'>Meursiana</span> <span class='ocrx_word' id='word_1_280' title='bbox 1360 1137 1514 1167; x_wconf 86' lang='lat' dir='ltr'>Historiae</span> <span class='ocrx_word' id='word_1_281' title='bbox 1524 1136 1689 1167; x_wconf 87' lang='lat' dir='ltr'>Lausiacae</span> <span class='ocrx_word' id='word_1_282' title='bbox 1698 1135 1835 1168; x_wconf 84' lang='lat' dir='ltr'>editione</span> 
     </span>
    </p>
   </div>
   <div class='ocr_carea' id='block_1_48' title="bbox 1047 1182 1834 1224">
    <p class='ocr_par' dir='ltr' id='par_1_48' title="bbox 1047 1182 1834 1224">
     <span class='ocr_line' id='line_1_48' title="bbox 1047 1182 1834 1224; baseline 0.004 -11"><span class='ocrx_word' id='word_1_283' title='bbox 1047 1182 1086 1213; x_wconf 93' lang='lat' dir='ltr'>de</span> <span class='ocrx_word' id='word_1_284' title='bbox 1108 1183 1241 1215; x_wconf 87' lang='lat' dir='ltr'>Macario</span> <span class='ocrx_word' id='word_1_285' title='bbox 1264 1184 1412 1224; x_wconf 89' lang='lat' dir='ltr'>quodam,</span> <span class='ocrx_word' id='word_1_286' title='bbox 1429 1193 1525 1224; x_wconf 88' lang='lat' dir='ltr'>quem</span> <span class='ocrx_word' id='word_1_287' title='bbox 1539 1185 1690 1216; x_wconf 71' lang='lat' dir='ltr'>virtutum</span> <span class='ocrx_word' id='word_1_288' title='bbox 1707 1193 1834 1216; x_wconf 88' lang='lat' dir='ltr'>suamm</span> 
     </span>
    </p>
   </div>
   <div class='ocr_carea' id='block_1_49' title="bbox 1047 1230 1833 1274">
    <p class='ocr_par' dir='ltr' id='par_1_49' title="bbox 1047 1230 1833 1274">
     <span class='ocr_line' id='line_1_49' title="bbox 1047 1230 1833 1274; baseline 0.004 -12"><span class='ocrx_word' id='word_1_289' title='bbox 1047 1231 1214 1264; x_wconf 89' lang='lat' dir='ltr'>haeredem</span> <span class='ocrx_word' id='word_1_290' title='bbox 1228 1230 1297 1265; x_wconf 84' lang='lat' dir='ltr'>fore</span> <span class='ocrx_word' id='word_1_291' title='bbox 1316 1235 1347 1264; x_wconf 93' lang='lat' dir='ltr'>S.</span> <span class='ocrx_word' id='word_1_292' title='bbox 1366 1235 1520 1266; x_wconf 89' lang='lat' dir='ltr'>Antonius</span> <span class='ocrx_word' id='word_1_293' title='bbox 1539 1235 1609 1274; x_wconf 86' lang='lat' dir='ltr'>ipse</span> <span class='ocrx_word' id='word_1_294' title='bbox 1627 1234 1833 1274; x_wconf 81' lang='lat' dir='ltr'>praedixerit;</span> 
     </span>
    </p>
   </div>
   <div class='ocr_carea' id='block_1_50' title="bbox 1046 1282 1833 1324">
    <p class='ocr_par' dir='ltr' id='par_1_50' title="bbox 1046 1282 1833 1324">
     <span class='ocr_line' id='line_1_50' title="bbox 1046 1282 1833 1324; baseline 0.005 -12"><span class='ocrx_word' id='word_1_295' title='bbox 1046 1282 1102 1312; x_wconf 88' lang='lat' dir='ltr'>sed</span> <span class='ocrx_word' id='word_1_296' title='bbox 1114 1282 1219 1314; x_wconf 90' lang='lat' dir='ltr'>locum</span> <span class='ocrx_word' id='word_1_297' title='bbox 1231 1284 1373 1324; x_wconf 82' lang='lat' dir='ltr'>Spurium</span> <span class='ocrx_word' id='word_1_298' title='bbox 1390 1293 1458 1316; x_wconf 90' lang='lat' dir='ltr'>esse</span> <span class='ocrx_word' id='word_1_299' title='bbox 1473 1286 1663 1323; x_wconf 88' lang='lat' dir='ltr'>censuimus,</span> <span class='ocrx_word' id='word_1_300' title='bbox 1679 1284 1833 1316; x_wconf 90' lang='lat' dir='ltr'>narratio-</span> 
     </span>
    </p>
   </div>
   <div class='ocr_carea' id='block_1_51' title="bbox 1046 1334 1834 1376">
    <p class='ocr_par' dir='ltr' id='par_1_51' title="bbox 1046 1334 1834 1376">
     <span class='ocr_line' id='line_1_51' title="bbox 1046 1334 1834 1376; baseline 0.006 -14"><span class='ocrx_word' id='word_1_301' title='bbox 1046 1340 1184 1372; x_wconf 89' lang='lat' dir='ltr'>nemque</span> <span class='ocrx_word' id='word_1_302' title='bbox 1194 1334 1326 1366; x_wconf 89' lang='lat' dir='ltr'>Macario</span> <span class='ocrx_word' id='word_1_303' title='bbox 1337 1334 1545 1366; x_wconf 83' lang='lat' dir='ltr'>Alexandrino</span> <span class='ocrx_word' id='word_1_304' title='bbox 1559 1335 1597 1366; x_wconf 87' lang='lat' dir='ltr'>ab</span> <span class='ocrx_word' id='word_1_305' title='bbox 1611 1335 1834 1376; x_wconf 87' lang='lat' dir='ltr'>interpolatore</span> 
     </span>
    </p>
   </div>
   <div class='ocr_carea' id='block_1_52' title="bbox 1045 1381 1834 1426">
    <p class='ocr_par' dir='ltr' id='par_1_52' title="bbox 1045 1381 1834 1426">
     <span class='ocr_line' id='line_1_52' title="bbox 1045 1381 1834 1426; baseline 0.005 -14"><span class='ocrx_word' id='word_1_306' title='bbox 1045 1381 1192 1413; x_wconf 89' lang='lat' dir='ltr'>tributam</span> <span class='ocrx_word' id='word_1_307' title='bbox 1206 1384 1392 1424; x_wconf 88' lang='lat' dir='ltr'>Pispiritano</span> <span class='ocrx_word' id='word_1_308' title='bbox 1407 1385 1517 1424; x_wconf 84' lang='lat' dir='ltr'>magis,</span> <span class='ocrx_word' id='word_1_309' title='bbox 1526 1394 1621 1426; x_wconf 88' lang='lat' dir='ltr'>quam</span> <span class='ocrx_word' id='word_1_310' title='bbox 1632 1386 1747 1417; x_wconf 86' lang='lat' dir='ltr'>nostris</span> <span class='ocrx_word' id='word_1_311' title='bbox 1756 1394 1834 1418; x_wconf 87' lang='lat' dir='ltr'>con-</span> 
     </span>
    </p>
   </div>
   <div class='ocr_carea' id='block_1_53' title="bbox 1045 1431 1833 1476">
    <p class='ocr_par' dir='ltr' id='par_1_53' title="bbox 1045 1431 1833 1476">
     <span class='ocr_line' id='line_1_53' title="bbox 1045 1431 1833 1476; baseline 0.009 -15"><span class='ocrx_word' id='word_1_312' title='bbox 1045 1431 1151 1463; x_wconf 89' lang='lat' dir='ltr'>venire</span> <span class='ocrx_word' id='word_1_313' title='bbox 1166 1433 1306 1465; x_wconf 87' lang='lat' dir='ltr'>Macariis</span> <span class='ocrx_word' id='word_1_314' title='bbox 1323 1434 1377 1474; x_wconf 87' lang='lat'>(5).</span> <span class='ocrx_word' id='word_1_315' title='bbox 1393 1434 1437 1466; x_wconf 92' lang='lat' dir='ltr'>De</span> <span class='ocrx_word' id='word_1_316' title='bbox 1451 1435 1584 1467; x_wconf 86' lang='lat' dir='ltr'>Macario</span> <span class='ocrx_word' id='word_1_317' title='bbox 1602 1439 1706 1467; x_wconf 88' lang='lat' dir='ltr'>autem</span> <span class='ocrx_word' id='word_1_318' title='bbox 1729 1437 1833 1476; x_wconf 80' lang='lat' dir='ltr'>Aegy-</span> 
     </span>
    </p>
   </div>
   <div class='ocr_carea' id='block_1_54' title="bbox 1045 1482 1832 1522">
    <p class='ocr_par' dir='ltr' id='par_1_54' title="bbox 1045 1482 1832 1522">
     <span class='ocr_line' id='line_1_54' title="bbox 1045 1482 1832 1522; baseline 0.008 -10"><span class='ocrx_word' id='word_1_319' title='bbox 1045 1482 1112 1522; x_wconf 92' lang='lat' dir='ltr'>ptio</span> <span class='ocrx_word' id='word_1_320' title='bbox 1125 1482 1204 1514; x_wconf 89' lang='lat' dir='ltr'>nihil</span> <span class='ocrx_word' id='word_1_321' title='bbox 1219 1484 1348 1515; x_wconf 88' lang='lat' dir='ltr'>omnino</span> <span class='ocrx_word' id='word_1_322' title='bbox 1366 1484 1519 1517; x_wconf 90' lang='lat' dir='ltr'>eiusmodi</span> <span class='ocrx_word' id='word_1_323' title='bbox 1534 1488 1739 1518; x_wconf 87' lang='lat' dir='ltr'>memoratum</span> <span class='ocrx_word' id='word_1_324' title='bbox 1753 1485 1832 1518; x_wconf 87' lang='lat' dir='ltr'>huc-</span> 
     </span>
    </p>
   </div>
   <div class='ocr_carea' id='block_1_55' title="bbox 209 1533 1350 1579">
    <p class='ocr_par' dir='ltr' id='par_1_55' title="bbox 209 1533 1350 1579">
     <span class='ocr_line' id='line_1_55' title="bbox 209 1533 1350 1579; baseline 0.004 -9"><span class='ocrx_word' id='word_1_325' title='bbox 209 1540 308 1570; x_wconf 85' lang='lat' dir='ltr'>scium</span> <span class='ocrx_word' id='word_1_326' title='bbox 327 1549 361 1571; x_wconf 87' lang='lat' dir='ltr'>se</span> <span class='ocrx_word' id='word_1_327' title='bbox 383 1547 448 1571; x_wconf 91' lang='lat' dir='ltr'>non</span> <span class='ocrx_word' id='word_1_328' title='bbox 471 1549 539 1571; x_wconf 86' lang='lat' dir='ltr'>esse</span> <span class='ocrx_word' id='word_1_329' title='bbox 563 1540 723 1579; x_wconf 79' lang='lat' dir='ltr'>sanguinis</span> <span class='ocrx_word' id='word_1_330' title='bbox 744 1540 837 1571; x_wconf 89' lang='lat' dir='ltr'>illius.</span> <span class='ocrx_word' id='word_1_331' title='bbox 862 1541 899 1571; x_wconf 88' lang='lat' dir='ltr'>Et</span> <span class='ocrx_word' id='word_1_332' title='bbox 919 1550 991 1572; x_wconf 86' lang='lat' dir='ltr'>cum</span> <span class='ocrx_word' id='word_1_333' title='bbox 1014 1577 1018 1579; x_wconf 25' lang='grc' dir='ltr'><em>Α</em></span> <span class='ocrx_word' id='word_1_334' title='bbox 1046 1542 1147 1574; x_wconf 74' lang='lat' dir='ltr'>usque</span> <span class='ocrx_word' id='word_1_335' title='bbox 1161 1533 1350 1568; x_wconf 67' lang='lat' dir='ltr'>invenimus-</span> 
     </span>
    </p>
   </div>
   <div class='ocr_carea' id='block_1_56' title="bbox 208 1577 1834 1637">
    <p class='ocr_par' dir='ltr' id='par_1_56' title="bbox 208 1577 1834 1637">
     <span class='ocr_line' id='line_1_56' title="bbox 208 1577 1834 1637; baseline 0.001 -16"><span class='ocrx_word' id='word_1_336' title='bbox 208 1591 263 1621; x_wconf 91' lang='lat' dir='ltr'>diu</span> <span class='ocrx_word' id='word_1_337' title='bbox 276 1591 315 1621; x_wconf 91' lang='lat' dir='ltr'>ab</span> <span class='ocrx_word' id='word_1_338' title='bbox 330 1594 463 1630; x_wconf 87' lang='lat' dir='ltr'>utraque</span> <span class='ocrx_word' id='word_1_339' title='bbox 479 1593 567 1630; x_wconf 87' lang='lat' dir='ltr'>parte</span> <span class='ocrx_word' id='word_1_340' title='bbox 584 1577 742 1621; x_wconf 71' lang='lat' dir='ltr'>certamen</span> <span class='ocrx_word' id='word_1_341' title='bbox 756 1590 933 1628; x_wconf 89' lang='lat' dir='ltr'>haberetur,</span> <span class='ocrx_word' id='word_1_342' title='bbox 948 1591 995 1621; x_wconf 88' lang='lat' dir='ltr'>in-</span> <span class='ocrx_word' id='word_1_343' title='bbox 1008 1577 1029 1608; x_wconf 73' lang='lat' dir='ltr'><strong>c</strong></span> <span class='ocrx_word' id='word_1_344' title='bbox 1084 1596 1164 1626; x_wconf 78' lang='lat' dir='ltr'>Rem</span> <span class='ocrx_word' id='word_1_345' title='bbox 1177 1604 1195 1626; x_wconf 67' lang='grc' dir='ltr'><em>α</em></span> <span class='ocrx_word' id='word_1_346' title='bbox 1209 1596 1335 1628; x_wconf 68' lang='lat' dir='ltr'>Socrate</span> <span class='ocrx_word' id='word_1_347' title='bbox 1350 1597 1490 1637; x_wconf 69' lang='lat' dir='ltr'>expediri</span> <span class='ocrx_word' id='word_1_348' title='bbox 1502 1596 1586 1629; x_wconf 71' lang='lat' dir='ltr'>haud</span> <span class='ocrx_word' id='word_1_349' title='bbox 1601 1600 1719 1630; x_wconf 68' lang='lat' dir='ltr'>temere</span> <span class='ocrx_word' id='word_1_350' title='bbox 1734 1596 1834 1629; x_wconf 70' lang='lat' dir='ltr'>credi-</span> 
     </span>
    </p>
   </div>
   <div class='ocr_carea' id='block_1_57' title="bbox 209 1640 994 1681">
    <p class='ocr_par' dir='ltr' id='par_1_57' title="bbox 209 1640 994 1681">
     <span class='ocr_line' id='line_1_57' title="bbox 209 1640 994 1681; baseline 0.001 -10"><span class='ocrx_word' id='word_1_351' title='bbox 209 1641 387 1679; x_wconf 87' lang='lat' dir='ltr'>terrogabat</span> <span class='ocrx_word' id='word_1_352' title='bbox 403 1643 530 1671; x_wconf 87' lang='lat' dir='ltr'>sanctus</span> <span class='ocrx_word' id='word_1_353' title='bbox 541 1640 703 1677; x_wconf 88' lang='lat' dir='ltr'>Macarius,</span> <span class='ocrx_word' id='word_1_354' title='bbox 717 1640 772 1671; x_wconf 91' lang='lat' dir='ltr'>ubi</span> <span class='ocrx_word' id='word_1_355' title='bbox 786 1640 926 1681; x_wconf 89' lang='lat' dir='ltr'>sepultus</span> <span class='ocrx_word' id='word_1_356' title='bbox 942 1649 994 1672; x_wconf 90' lang='lat' dir='ltr'>es-</span> 
     </span>
    </p>
   </div>
   <div class='ocr_carea' id='block_1_58' title="bbox 209 1691 993 1731">
    <p class='ocr_par' dir='ltr' id='par_1_58' title="bbox 209 1691 993 1731">
     <span class='ocr_line' id='line_1_58' title="bbox 209 1691 993 1731; baseline 0 -9"><span class='ocrx_word' id='word_1_357' title='bbox 209 1695 255 1722; x_wconf 85' lang='lat' dir='ltr'>set</span> <span class='ocrx_word' id='word_1_358' title='bbox 279 1692 333 1731; x_wconf 88' lang='lat' dir='ltr'>qui</span> <span class='ocrx_word' id='word_1_359' title='bbox 348 1691 508 1723; x_wconf 86' lang='lat' dir='ltr'>dicebatur</span> <span class='ocrx_word' id='word_1_360' title='bbox 528 1691 660 1722; x_wconf 92' lang='lat' dir='ltr'>occisus.</span> <span class='ocrx_word' id='word_1_361' title='bbox 677 1691 816 1731; x_wconf 86' lang='lat' dir='ltr'>Cumque</span> <span class='ocrx_word' id='word_1_362' title='bbox 831 1691 993 1731; x_wconf 86' lang='lat' dir='ltr'>designas-</span> 
     </span>
    </p>
   </div>
   <div class='ocr_carea' id='block_1_59' title="bbox 208 1741 995 1781">
    <p class='ocr_par' dir='ltr' id='par_1_59' title="bbox 208 1741 995 1781">
     <span class='ocr_line' id='line_1_59' title="bbox 208 1741 995 1781; baseline 0.001 -10"><span class='ocrx_word' id='word_1_363' title='bbox 208 1744 277 1772; x_wconf 87' lang='lat' dir='ltr'>sent</span> <span class='ocrx_word' id='word_1_364' title='bbox 292 1741 408 1779; x_wconf 90' lang='lat' dir='ltr'>locum,</span> <span class='ocrx_word' id='word_1_365' title='bbox 429 1749 501 1773; x_wconf 89' lang='lat' dir='ltr'>cum</span> <span class='ocrx_word' id='word_1_366' title='bbox 516 1741 673 1778; x_wconf 89' lang='lat' dir='ltr'>omnibus,</span> <span class='ocrx_word' id='word_1_367' title='bbox 694 1741 748 1781; x_wconf 88' lang='lat' dir='ltr'>qui</span> <span class='ocrx_word' id='word_1_368' title='bbox 765 1741 804 1772; x_wconf 90' lang='lat' dir='ltr'>ad</span> <span class='ocrx_word' id='word_1_369' title='bbox 824 1749 995 1781; x_wconf 84' lang='lat' dir='ltr'>perurgen-</span> 
     </span>
    </p>
   </div>
   <div class='ocr_carea' id='block_1_60' title="bbox 208 1791 993 1833">
    <p class='ocr_par' dir='ltr' id='par_1_60' title="bbox 208 1791 993 1833">
     <span class='ocr_line' id='line_1_60' title="bbox 208 1791 993 1833; baseline 0.004 -12"><span class='ocrx_word' id='word_1_370' title='bbox 208 1791 282 1822; x_wconf 74' lang='lat' dir='ltr'>tlum</span> <span class='ocrx_word' id='word_1_371' title='bbox 310 1791 470 1823; x_wconf 89' lang='lat' dir='ltr'>hominem</span> <span class='ocrx_word' id='word_1_372' title='bbox 498 1795 664 1830; x_wconf 83' lang='lat' dir='ltr'>venerant,</span> <span class='ocrx_word' id='word_1_373' title='bbox 689 1792 792 1832; x_wconf 78' lang='lat' dir='ltr'>pergit</span> <span class='ocrx_word' id='word_1_374' title='bbox 819 1792 859 1823; x_wconf 88' lang='lat' dir='ltr'>ad</span> <span class='ocrx_word' id='word_1_375' title='bbox 886 1793 993 1833; x_wconf 89' lang='lat' dir='ltr'>sepul-</span> 
     </span>
    </p>
   </div>
   <div class='ocr_carea' id='block_1_61' title="bbox 208 1842 994 1882">
    <p class='ocr_par' dir='ltr' id='par_1_61' title="bbox 208 1842 994 1882">
     <span class='ocr_line' id='line_1_61' title="bbox 208 1842 994 1882; baseline 0.001 -10"><span class='ocrx_word' id='word_1_376' title='bbox 208 1842 331 1878; x_wconf 87' lang='lat' dir='ltr'>chrum,</span> <span class='ocrx_word' id='word_1_377' title='bbox 349 1845 443 1882; x_wconf 86' lang='lat' dir='ltr'>atque</span> <span class='ocrx_word' id='word_1_378' title='bbox 456 1842 500 1873; x_wconf 91' lang='lat' dir='ltr'>ibi</span> <span class='ocrx_word' id='word_1_379' title='bbox 511 1842 579 1873; x_wconf 78' lang='lat' dir='ltr'>ﬁxis</span> <span class='ocrx_word' id='word_1_380' title='bbox 593 1842 737 1881; x_wconf 78' lang='lat' dir='ltr'>genibus,</span> <span class='ocrx_word' id='word_1_381' title='bbox 753 1842 896 1873; x_wconf 81' lang='lat' dir='ltr'>invocato</span> <span class='ocrx_word' id='word_1_382' title='bbox 911 1843 994 1873; x_wconf 91' lang='lat' dir='ltr'>Chri-</span> 
     </span>
    </p>
   </div>
   <div class='ocr_carea' id='block_1_62' title="bbox 208 1892 993 1932">
    <p class='ocr_par' dir='ltr' id='par_1_62' title="bbox 208 1892 993 1932">
     <span class='ocr_line' id='line_1_62' title="bbox 208 1892 993 1932; baseline 0.005 -10"><span class='ocrx_word' id='word_1_383' title='bbox 208 1893 247 1923; x_wconf 87' lang='lat' dir='ltr'>sti</span> <span class='ocrx_word' id='word_1_384' title='bbox 272 1892 411 1930; x_wconf 90' lang='lat' dir='ltr'>nomine,</span> <span class='ocrx_word' id='word_1_385' title='bbox 433 1892 475 1923; x_wconf 86' lang='lat' dir='ltr'>ait</span> <span class='ocrx_word' id='word_1_386' title='bbox 493 1892 531 1924; x_wconf 88' lang='lat' dir='ltr'>ad</span> <span class='ocrx_word' id='word_1_387' title='bbox 557 1900 623 1929; x_wconf 88' lang='lat' dir='ltr'>eos,</span> <span class='ocrx_word' id='word_1_388' title='bbox 643 1892 698 1932; x_wconf 85' lang='lat' dir='ltr'>qui</span> <span class='ocrx_word' id='word_1_389' title='bbox 716 1893 855 1923; x_wconf 83' lang='lat' dir='ltr'>astabant</span> <span class='ocrx_word' id='word_1_390' title='bbox 872 1901 878 1923; x_wconf 93' lang='lat'>:</span> <span class='ocrx_word' id='word_1_391' title='bbox 903 1894 993 1926; x_wconf 90' lang='lat' dir='ltr'>Nunc</span> 
     </span>
    </p>
   </div>
   <div class='ocr_carea' id='block_1_63' title="bbox 209 1941 992 1983">
    <p class='ocr_par' dir='ltr' id='par_1_63' title="bbox 209 1941 992 1983">
     <span class='ocr_line' id='line_1_63' title="bbox 209 1941 992 1983; baseline 0.003 -11"><span class='ocrx_word' id='word_1_392' title='bbox 209 1943 359 1974; x_wconf 91' lang='lat' dir='ltr'>Dominus</span> <span class='ocrx_word' id='word_1_393' title='bbox 380 1943 536 1980; x_wconf 88' lang='lat' dir='ltr'>ostendet,</span> <span class='ocrx_word' id='word_1_394' title='bbox 561 1943 586 1973; x_wconf 92' lang='lat' dir='ltr'>si</span> <span class='ocrx_word' id='word_1_395' title='bbox 608 1951 680 1974; x_wconf 89' lang='lat' dir='ltr'>vere</span> <span class='ocrx_word' id='word_1_396' title='bbox 700 1951 772 1973; x_wconf 90' lang='lat' dir='ltr'>reus</span> <span class='ocrx_word' id='word_1_397' title='bbox 791 1945 838 1973; x_wconf 87' lang='lat' dir='ltr'>est</span> <span class='ocrx_word' id='word_1_398' title='bbox 853 1941 917 1980; x_wconf 90' lang='lat' dir='ltr'>hic,</span> <span class='ocrx_word' id='word_1_399' title='bbox 939 1944 992 1983; x_wconf 88' lang='lat' dir='ltr'>qui</span> 
     </span>
    </p>
   </div>
   <div class='ocr_carea' id='block_1_64' title="bbox 209 1992 992 2033">
    <p class='ocr_par' dir='ltr' id='par_1_64' title="bbox 209 1992 992 2033">
     <span class='ocr_line' id='line_1_64' title="bbox 209 1992 992 2033; baseline 0 -9"><span class='ocrx_word' id='word_1_400' title='bbox 209 1996 395 2033; x_wconf 81' lang='lat' dir='ltr'>perurgetur</span> <span class='ocrx_word' id='word_1_401' title='bbox 415 2000 433 2024; x_wconf 74' lang='grc' dir='ltr'>ιι</span> <span class='ocrx_word' id='word_1_402' title='bbox 449 1993 548 2023; x_wconf 73' lang='lat' dir='ltr'>Vobis.</span> <span class='ocrx_word' id='word_1_403' title='bbox 573 1993 610 2023; x_wconf 87' lang='lat' dir='ltr'>Et</span> <span class='ocrx_word' id='word_1_404' title='bbox 632 1992 749 2024; x_wconf 85' lang='lat' dir='ltr'>elevata</span> <span class='ocrx_word' id='word_1_405' title='bbox 772 1999 848 2023; x_wconf 89' lang='lat' dir='ltr'>voce</span> <span class='ocrx_word' id='word_1_406' title='bbox 870 2000 908 2024; x_wconf 80' lang='lat' dir='ltr'>ex</span> <span class='ocrx_word' id='word_1_407' title='bbox 932 2001 992 2024; x_wconf 90' lang='lat' dir='ltr'>no-</span> 
     </span>
    </p>
   </div>
   <div class='ocr_carea' id='block_1_65' title="bbox 207 2042 992 2082">
    <p class='ocr_par' dir='ltr' id='par_1_65' title="bbox 207 2042 992 2082">
     <span class='ocr_line' id='line_1_65' title="bbox 207 2042 992 2082; baseline 0 -8"><span class='ocrx_word' id='word_1_408' title='bbox 207 2043 293 2074; x_wconf 85' lang='lat' dir='ltr'>mine</span> <span class='ocrx_word' id='word_1_409' title='bbox 320 2042 432 2074; x_wconf 82' lang='lat' dir='ltr'>clamat</span> <span class='ocrx_word' id='word_1_410' title='bbox 455 2042 648 2073; x_wconf 86' lang='lat' dir='ltr'>defunctum.</span> <span class='ocrx_word' id='word_1_411' title='bbox 669 2042 807 2082; x_wconf 88' lang='lat' dir='ltr'>Cumque</span> <span class='ocrx_word' id='word_1_412' title='bbox 829 2042 858 2073; x_wconf 90' lang='lat' dir='ltr'>ei</span> <span class='ocrx_word' id='word_1_413' title='bbox 880 2042 920 2073; x_wconf 92' lang='lat' dir='ltr'>de</span> <span class='ocrx_word' id='word_1_414' title='bbox 940 2051 992 2074; x_wconf 92' lang='lat' dir='ltr'>se-</span> 
     </span>
    </p>
   </div>
   <div class='ocr_carea' id='block_1_66' title="bbox 209 2089 990 2134">
    <p class='ocr_par' dir='ltr' id='par_1_66' title="bbox 209 2089 990 2134">
     <span class='ocr_line' id='line_1_66' title="bbox 209 2089 990 2134; baseline 0 -11"><span class='ocrx_word' id='word_1_415' title='bbox 209 2093 340 2134; x_wconf 89' lang='lat' dir='ltr'>pulchro</span> <span class='ocrx_word' id='word_1_416' title='bbox 363 2096 491 2124; x_wconf 88' lang='lat' dir='ltr'>vocatus</span> <span class='ocrx_word' id='word_1_417' title='bbox 514 2089 738 2133; x_wconf 84' lang='lat' dir='ltr'>respondisset.</span> <span class='ocrx_word' id='word_1_418' title='bbox 764 2092 808 2123; x_wconf 87' lang='lat' dir='ltr'>ait</span> <span class='ocrx_word' id='word_1_419' title='bbox 830 2092 869 2123; x_wconf 93' lang='lat' dir='ltr'>ad</span> <span class='ocrx_word' id='word_1_420' title='bbox 892 2101 990 2123; x_wconf 88' lang='lat' dir='ltr'>eum:</span> 
     </span>
    </p>
   </div>
   <div class='ocr_carea' id='block_1_67' title="bbox 207 2142 991 2180">
    <p class='ocr_par' dir='ltr' id='par_1_67' title="bbox 207 2142 991 2180">
     <span class='ocr_line' id='line_1_67' title="bbox 207 2142 991 2180; baseline -0.001 -5"><span class='ocrx_word' id='word_1_421' title='bbox 207 2145 267 2175; x_wconf 87' lang='lat' dir='ltr'>Per</span> <span class='ocrx_word' id='word_1_422' title='bbox 281 2144 375 2175; x_wconf 79' lang='lat' dir='ltr'>fidem</span> <span class='ocrx_word' id='word_1_423' title='bbox 388 2143 499 2175; x_wconf 87' lang='lat' dir='ltr'>Christi</span> <span class='ocrx_word' id='word_1_424' title='bbox 519 2147 550 2174; x_wconf 88' lang='lat' dir='ltr'>te</span> <span class='ocrx_word' id='word_1_425' title='bbox 572 2143 722 2177; x_wconf 84' lang='lat' dir='ltr'>obtestor,</span> <span class='ocrx_word' id='word_1_426' title='bbox 738 2145 772 2172; x_wconf 89' lang='lat' dir='ltr'>ut</span> <span class='ocrx_word' id='word_1_427' title='bbox 785 2142 880 2180; x_wconf 83' lang='lat' dir='ltr'>dicas,</span> <span class='ocrx_word' id='word_1_428' title='bbox 902 2143 929 2173; x_wconf 93' lang='lat' dir='ltr'>si</span> <span class='ocrx_word' id='word_1_429' title='bbox 952 2143 991 2174; x_wconf 90' lang='lat' dir='ltr'>ab</span> 
     </span>
    </p>
   </div>
   <div class='ocr_carea' id='block_1_68' title="bbox 207 2189 991 2234">
    <p class='ocr_par' dir='ltr' id='par_1_68' title="bbox 207 2189 991 2234">
     <span class='ocr_line' id='line_1_68' title="bbox 207 2189 991 2234; baseline -0.001 -9"><span class='ocrx_word' id='word_1_430' title='bbox 207 2194 268 2226; x_wconf 89' lang='lat' dir='ltr'>hoc</span> <span class='ocrx_word' id='word_1_431' title='bbox 281 2194 419 2232; x_wconf 91' lang='lat' dir='ltr'>homine,</span> <span class='ocrx_word' id='word_1_432' title='bbox 444 2189 498 2234; x_wconf 88' lang='lat' dir='ltr'>qui</span> <span class='ocrx_word' id='word_1_433' title='bbox 522 2192 709 2224; x_wconf 85' lang='lat' dir='ltr'>calumniam</span> <span class='ocrx_word' id='word_1_434' title='bbox 725 2192 851 2232; x_wconf 89' lang='lat' dir='ltr'>patitur,</span> <span class='ocrx_word' id='word_1_435' title='bbox 869 2192 991 2224; x_wconf 91' lang='lat' dir='ltr'>occisus</span> 
     </span>
    </p>
   </div>
   <div class='ocr_carea' id='block_1_69' title="bbox 1044 1643 1833 1687">
    <p class='ocr_par' dir='ltr' id='par_1_69' title="bbox 1044 1643 1833 1687">
     <span class='ocr_line' id='line_1_69' title="bbox 1044 1643 1833 1687; baseline 0.003 -12"><span class='ocrx_word' id='word_1_436' title='bbox 1044 1643 1140 1683; x_wconf 77' lang='lat' dir='ltr'>deris,</span> <span class='ocrx_word' id='word_1_437' title='bbox 1161 1645 1215 1685; x_wconf 92' lang='lat' dir='ltr'>qui</span> <span class='ocrx_word' id='word_1_438' title='bbox 1241 1655 1339 1686; x_wconf 88' lang='lat' dir='ltr'>quum</span> <span class='ocrx_word' id='word_1_439' title='bbox 1365 1646 1497 1686; x_wconf 86' lang='lat' dir='ltr'>reliqua,</span> <span class='ocrx_word' id='word_1_440' title='bbox 1518 1654 1599 1687; x_wconf 87' lang='lat' dir='ltr'>quae</span> <span class='ocrx_word' id='word_1_441' title='bbox 1626 1646 1665 1678; x_wconf 90' lang='lat' dir='ltr'>de</span> <span class='ocrx_word' id='word_1_442' title='bbox 1693 1646 1833 1678; x_wconf 84' lang='lat' dir='ltr'>Macariis</span> 
     </span>
    </p>
   </div>
   <div class='ocr_carea' id='block_1_70' title="bbox 1044 1694 1832 1736">
    <p class='ocr_par' dir='ltr' id='par_1_70' title="bbox 1044 1694 1832 1736">
     <span class='ocr_line' id='line_1_70' title="bbox 1044 1694 1832 1736; baseline 0.003 -10"><span class='ocrx_word' id='word_1_443' title='bbox 1044 1694 1150 1733; x_wconf 82' lang='lat' dir='ltr'>refert,</span> <span class='ocrx_word' id='word_1_444' title='bbox 1168 1704 1208 1727; x_wconf 80' lang='lat' dir='ltr'>ex</span> <span class='ocrx_word' id='word_1_445' title='bbox 1226 1696 1312 1727; x_wconf 87' lang='lat' dir='ltr'>libris</span> <span class='ocrx_word' id='word_1_446' title='bbox 1331 1697 1452 1736; x_wconf 78' lang='lat' dir='ltr'>Evagrii</span> <span class='ocrx_word' id='word_1_447' title='bbox 1472 1700 1632 1728; x_wconf 90' lang='lat' dir='ltr'>mutuatus</span> <span class='ocrx_word' id='word_1_448' title='bbox 1649 1696 1698 1734; x_wconf 92' lang='lat' dir='ltr'>sit,</span> <span class='ocrx_word' id='word_1_449' title='bbox 1716 1695 1794 1728; x_wconf 90' lang='lat' dir='ltr'>haec</span> <span class='ocrx_word' id='word_1_450' title='bbox 1814 1704 1832 1727; x_wconf 82' lang='grc' dir='ltr'>θ</span> 
     </span>
    </p>
   </div>
   <div class='ocr_carea' id='block_1_71' title="bbox 1043 1745 1832 1787">
    <p class='ocr_par' dir='ltr' id='par_1_71' title="bbox 1043 1745 1832 1787">
     <span class='ocr_line' id='line_1_71' title="bbox 1043 1745 1832 1787; baseline 0.003 -11"><span class='ocrx_word' id='word_1_451' title='bbox 1043 1745 1124 1777; x_wconf 89' lang='lat' dir='ltr'>libro</span> <span class='ocrx_word' id='word_1_452' title='bbox 1149 1747 1289 1778; x_wconf 89' lang='lat' dir='ltr'>secundo</span> <span class='ocrx_word' id='word_1_453' title='bbox 1313 1747 1519 1787; x_wconf 87' lang='lat' dir='ltr'>assumpsisse</span> <span class='ocrx_word' id='word_1_454' title='bbox 1541 1747 1683 1778; x_wconf 83' lang='lat' dir='ltr'>videtur:</span> <span class='ocrx_word' id='word_1_455' title='bbox 1702 1758 1716 1775; x_wconf 72' lang='grc' dir='ltr'><strong><em>α</em></strong></span> <span class='ocrx_word' id='word_1_456' title='bbox 1732 1747 1832 1778; x_wconf 88' lang='lat' dir='ltr'>Porro</span> 
     </span>
    </p>
   </div>
   <div class='ocr_carea' id='block_1_72' title="bbox 1043 1796 1831 1838">
    <p class='ocr_par' dir='ltr' id='par_1_72' title="bbox 1043 1796 1831 1838">
     <span class='ocr_line' id='line_1_72' title="bbox 1043 1796 1831 1838; baseline 0.001 -12"><span class='ocrx_word' id='word_1_457' title='bbox 1043 1796 1126 1828; x_wconf 90' lang='lat' dir='ltr'>inter</span> <span class='ocrx_word' id='word_1_458' title='bbox 1137 1797 1321 1833; x_wconf 83' lang='lat' dir='ltr'>monachos,</span> <span class='ocrx_word' id='word_1_459' title='bbox 1330 1798 1384 1838; x_wconf 92' lang='lat' dir='ltr'>qui</span> <span class='ocrx_word' id='word_1_460' title='bbox 1394 1806 1432 1828; x_wconf 90' lang='lat' dir='ltr'>eo</span> <span class='ocrx_word' id='word_1_461' title='bbox 1446 1800 1589 1837; x_wconf 88' lang='lat' dir='ltr'>tempore</span> <span class='ocrx_word' id='word_1_462' title='bbox 1601 1797 1754 1834; x_wconf 79' lang='lat' dir='ltr'>vixerunt,</span> <span class='ocrx_word' id='word_1_463' title='bbox 1767 1796 1831 1828; x_wconf 92' lang='lat' dir='ltr'>duo</span> 
     </span>
    </p>
   </div>
   <div class='ocr_carea' id='block_1_73' title="bbox 1043 1844 1829 1886">
    <p class='ocr_par' dir='ltr' id='par_1_73' title="bbox 1043 1844 1829 1886">
     <span class='ocr_line' id='line_1_73' title="bbox 1043 1844 1829 1886; baseline 0.001 -11"><span class='ocrx_word' id='word_1_464' title='bbox 1043 1844 1131 1876; x_wconf 87' lang='lat' dir='ltr'>fuere</span> <span class='ocrx_word' id='word_1_465' title='bbox 1152 1846 1338 1878; x_wconf 89' lang='lat' dir='ltr'>sanctissimi</span> <span class='ocrx_word' id='word_1_466' title='bbox 1357 1846 1469 1877; x_wconf 90' lang='lat' dir='ltr'>eodem</span> <span class='ocrx_word' id='word_1_467' title='bbox 1490 1846 1619 1877; x_wconf 89' lang='lat' dir='ltr'>nomine</span> <span class='ocrx_word' id='word_1_468' title='bbox 1638 1845 1829 1886; x_wconf 87' lang='lat' dir='ltr'>nuncupati;</span> 
     </span>
    </p>
   </div>
   <div class='ocr_carea' id='block_1_74' title="bbox 1042 1895 1830 1935">
    <p class='ocr_par' dir='ltr' id='par_1_74' title="bbox 1042 1895 1830 1935">
     <span class='ocr_line' id='line_1_74' title="bbox 1042 1895 1830 1935; baseline 0.001 -10"><span class='ocrx_word' id='word_1_469' title='bbox 1042 1897 1176 1935; x_wconf 87' lang='lat' dir='ltr'>uterque</span> <span class='ocrx_word' id='word_1_470' title='bbox 1203 1895 1287 1926; x_wconf 90' lang='lat' dir='ltr'>enim</span> <span class='ocrx_word' id='word_1_471' title='bbox 1318 1895 1469 1926; x_wconf 89' lang='lat' dir='ltr'>Macarius</span> <span class='ocrx_word' id='word_1_472' title='bbox 1497 1895 1668 1926; x_wconf 87' lang='lat' dir='ltr'>dicebatur.</span> <span class='ocrx_word' id='word_1_473' title='bbox 1693 1896 1830 1932; x_wconf 91' lang='lat' dir='ltr'>Quorum</span> 
     </span>
    </p>
   </div>
   <div class='ocr_carea' id='block_1_75' title="bbox 1043 1943 1830 1984">
    <p class='ocr_par' dir='ltr' id='par_1_75' title="bbox 1043 1943 1830 1984">
     <span class='ocr_line' id='line_1_75' title="bbox 1043 1943 1830 1984; baseline 0.001 -10"><span class='ocrx_word' id='word_1_474' title='bbox 1043 1943 1122 1974; x_wconf 89' lang='lat' dir='ltr'>alter</span> <span class='ocrx_word' id='word_1_475' title='bbox 1146 1953 1185 1975; x_wconf 80' lang='lat' dir='ltr'>ex</span> <span class='ocrx_word' id='word_1_476' title='bbox 1214 1944 1377 1984; x_wconf 89' lang='lat' dir='ltr'>superiore</span> <span class='ocrx_word' id='word_1_477' title='bbox 1404 1946 1559 1984; x_wconf 84' lang='lat' dir='ltr'>Aegypto,</span> <span class='ocrx_word' id='word_1_478' title='bbox 1580 1943 1658 1975; x_wconf 87' lang='lat' dir='ltr'>alter</span> <span class='ocrx_word' id='word_1_479' title='bbox 1685 1952 1724 1975; x_wconf 82' lang='lat' dir='ltr'>ex</span> <span class='ocrx_word' id='word_1_480' title='bbox 1751 1945 1830 1976; x_wconf 87' lang='lat' dir='ltr'>urbe</span> 
     </span>
    </p>
   </div>
   <div class='ocr_carea' id='block_1_76' title="bbox 1042 1993 1830 2034">
    <p class='ocr_par' dir='ltr' id='par_1_76' title="bbox 1042 1993 1830 2034">
     <span class='ocr_line' id='line_1_76' title="bbox 1042 1993 1830 2034; baseline 0.003 -10"><span class='ocrx_word' id='word_1_481' title='bbox 1042 1993 1228 2025; x_wconf 80' lang='lat' dir='ltr'>Alexandria</span> <span class='ocrx_word' id='word_1_482' title='bbox 1242 1997 1307 2026; x_wconf 87' lang='lat' dir='ltr'>erat</span> <span class='ocrx_word' id='word_1_483' title='bbox 1321 1994 1482 2025; x_wconf 89' lang='lat' dir='ltr'>oriundus.</span> <span class='ocrx_word' id='word_1_484' title='bbox 1494 1994 1637 2025; x_wconf 91' lang='lat' dir='ltr'>Ceterum</span> <span class='ocrx_word' id='word_1_485' title='bbox 1647 1993 1740 2025; x_wconf 90' lang='lat' dir='ltr'>ambo</span> <span class='ocrx_word' id='word_1_486' title='bbox 1753 2002 1830 2034; x_wconf 85' lang='lat' dir='ltr'>prae</span> 
     </span>
    </p>
   </div>
   <div class='ocr_carea' id='block_1_77' title="bbox 1043 2042 1830 2084">
    <p class='ocr_par' dir='ltr' id='par_1_77' title="bbox 1043 2042 1830 2084">
     <span class='ocr_line' id='line_1_77' title="bbox 1043 2042 1830 2084; baseline 0 -10"><span class='ocrx_word' id='word_1_487' title='bbox 1043 2044 1155 2075; x_wconf 83' lang='lat' dir='ltr'>ceteris</span> <span class='ocrx_word' id='word_1_488' title='bbox 1168 2042 1303 2075; x_wconf 90' lang='lat' dir='ltr'>illustres</span> <span class='ocrx_word' id='word_1_489' title='bbox 1313 2042 1440 2075; x_wconf 80' lang='lat' dir='ltr'>fuerunt</span> <span class='ocrx_word' id='word_1_490' title='bbox 1453 2047 1520 2074; x_wconf 88' lang='lat' dir='ltr'>tum</span> <span class='ocrx_word' id='word_1_491' title='bbox 1534 2046 1664 2084; x_wconf 88' lang='lat' dir='ltr'>propter</span> <span class='ocrx_word' id='word_1_492' title='bbox 1673 2043 1830 2075; x_wconf 88' lang='lat' dir='ltr'>abstinen-</span> 
     </span>
    </p>
   </div>
   <div class='ocr_carea' id='block_1_78' title="bbox 1041 2088 1828 2131">
    <p class='ocr_par' dir='ltr' id='par_1_78' title="bbox 1041 2088 1828 2131">
     <span class='ocr_line' id='line_1_78' title="bbox 1041 2088 1828 2131; baseline 0.003 -7"><span class='ocrx_word' id='word_1_493' title='bbox 1041 2093 1127 2131; x_wconf 87' lang='lat' dir='ltr'>tiam,</span> <span class='ocrx_word' id='word_1_494' title='bbox 1145 2098 1210 2125; x_wconf 87' lang='lat' dir='ltr'>tum</span> <span class='ocrx_word' id='word_1_495' title='bbox 1231 2094 1272 2125; x_wconf 93' lang='lat' dir='ltr'>ob</span> <span class='ocrx_word' id='word_1_496' title='bbox 1292 2101 1397 2126; x_wconf 78' lang='lat' dir='ltr'>mores</span> <span class='ocrx_word' id='word_1_497' title='bbox 1414 2097 1445 2125; x_wconf 88' lang='lat' dir='ltr'>et</span> <span class='ocrx_word' id='word_1_498' title='bbox 1466 2093 1746 2131; x_wconf 86' lang='lat' dir='ltr'>conversationem,</span> <span class='ocrx_word' id='word_1_499' title='bbox 1760 2088 1828 2126; x_wconf 86' lang='lat' dir='ltr'>tum</span> 
     </span>
    </p>
   </div>
   <div class='ocr_carea' id='block_1_79' title="bbox 1042 2143 1827 2184">
    <p class='ocr_par' dir='ltr' id='par_1_79' title="bbox 1042 2143 1827 2184">
     <span class='ocr_line' id='line_1_79' title="bbox 1042 2143 1827 2184; baseline 0 -10"><span class='ocrx_word' id='word_1_500' title='bbox 1042 2143 1084 2174; x_wconf 93' lang='lat' dir='ltr'>ob</span> <span class='ocrx_word' id='word_1_501' title='bbox 1103 2143 1263 2181; x_wconf 87' lang='lat' dir='ltr'>miracula,</span> <span class='ocrx_word' id='word_1_502' title='bbox 1277 2153 1357 2184; x_wconf 88' lang='lat' dir='ltr'>quae</span> <span class='ocrx_word' id='word_1_503' title='bbox 1376 2153 1435 2184; x_wconf 90' lang='lat' dir='ltr'>per</span> <span class='ocrx_word' id='word_1_504' title='bbox 1453 2152 1563 2175; x_wconf 87' lang='lat' dir='ltr'>eorum</span> <span class='ocrx_word' id='word_1_505' title='bbox 1583 2151 1696 2176; x_wconf 87' lang='lat' dir='ltr'>manus</span> <span class='ocrx_word' id='word_1_506' title='bbox 1712 2151 1827 2184; x_wconf 88' lang='lat' dir='ltr'>perpe-</span> 
     </span>
    </p>
   </div>
   <div class='ocr_carea' id='block_1_80' title="bbox 1042 2193 1829 2235">
    <p class='ocr_par' dir='ltr' id='par_1_80' title="bbox 1042 2193 1829 2235">
     <span class='ocr_line' id='line_1_80' title="bbox 1042 2193 1829 2235; baseline 0.001 -11"><span class='ocrx_word' id='word_1_507' title='bbox 1042 2193 1211 2225; x_wconf 87' lang='lat' dir='ltr'>trabantur.</span> <span class='ocrx_word' id='word_1_508' title='bbox 1243 2194 1413 2235; x_wconf 82' lang='lat' dir='ltr'>Aegyptius</span> <span class='ocrx_word' id='word_1_509' title='bbox 1440 2194 1569 2234; x_wconf 87' lang='lat' dir='ltr'>quidem</span> <span class='ocrx_word' id='word_1_510' title='bbox 1603 2194 1755 2225; x_wconf 83' lang='lat' dir='ltr'>Macarius</span> <span class='ocrx_word' id='word_1_511' title='bbox 1781 2196 1829 2225; x_wconf 88' lang='lat' dir='ltr'>tot</span> 
     </span>
    </p>
   </div>
   <div class='ocr_carea' id='block_1_81' title="bbox 207 2242 1829 2284">
    <p class='ocr_par' dir='ltr' id='par_1_81' title="bbox 207 2242 1829 2284">
     <span class='ocr_line' id='line_1_81' title="bbox 207 2242 1829 2284; baseline -0.001 -9"><span class='ocrx_word' id='word_1_512' title='bbox 207 2244 259 2276; x_wconf 77' lang='lat' dir='ltr'>es?</span> <span class='ocrx_word' id='word_1_513' title='bbox 267 2246 354 2276; x_wconf 90' lang='lat' dir='ltr'>Tunc</span> <span class='ocrx_word' id='word_1_514' title='bbox 367 2244 420 2275; x_wconf 87' lang='lat' dir='ltr'>ille</span> <span class='ocrx_word' id='word_1_515' title='bbox 437 2246 476 2275; x_wconf 87' lang='lat' dir='ltr'>de</span> <span class='ocrx_word' id='word_1_516' title='bbox 491 2242 658 2284; x_wconf 88' lang='lat' dir='ltr'>sepulchro</span> <span class='ocrx_word' id='word_1_517' title='bbox 671 2242 755 2274; x_wconf 84' lang='lat' dir='ltr'>clara</span> <span class='ocrx_word' id='word_1_518' title='bbox 770 2250 848 2273; x_wconf 87' lang='lat' dir='ltr'>voce</span> <span class='ocrx_word' id='word_1_519' title='bbox 861 2251 992 2282; x_wconf 88' lang='lat' dir='ltr'>respon-</span> <span class='ocrx_word' id='word_1_520' title='bbox 1006 2251 1029 2279; x_wconf 82' lang='lat'>1)</span> <span class='ocrx_word' id='word_1_521' title='bbox 1042 2244 1161 2275; x_wconf 87' lang='lat' dir='ltr'>sanavit</span> <span class='ocrx_word' id='word_1_522' title='bbox 1188 2252 1310 2283; x_wconf 84' lang='lat' dir='ltr'>aegros,</span> <span class='ocrx_word' id='word_1_523' title='bbox 1330 2248 1377 2276; x_wconf 89' lang='lat' dir='ltr'>tot</span> <span class='ocrx_word' id='word_1_524' title='bbox 1406 2244 1552 2276; x_wconf 90' lang='lat' dir='ltr'>obsessos</span> <span class='ocrx_word' id='word_1_525' title='bbox 1579 2253 1598 2276; x_wconf 87' lang='lat' dir='ltr'>a</span> <span class='ocrx_word' id='word_1_526' title='bbox 1623 2242 1829 2275; x_wconf 87' lang='lat' dir='ltr'>daemonibus</span> 
     </span>
    </p>
   </div>
   <div class='ocr_carea' id='block_1_82' title="bbox 206 2293 989 2326">
    <p class='ocr_par' dir='ltr' id='par_1_82' title="bbox 206 2293 989 2326">
     <span class='ocr_line' id='line_1_82' title="bbox 206 2293 989 2326; baseline -0.004 0"><span class='ocrx_word' id='word_1_527' title='bbox 206 2296 250 2326; x_wconf 85' lang='lat' dir='ltr'>dit</span> <span class='ocrx_word' id='word_1_528' title='bbox 263 2295 395 2326; x_wconf 90' lang='lat' dir='ltr'>dicens:</span> <span class='ocrx_word' id='word_1_529' title='bbox 420 2303 485 2325; x_wconf 92' lang='lat' dir='ltr'>non</span> <span class='ocrx_word' id='word_1_530' title='bbox 504 2303 538 2325; x_wconf 87' lang='lat' dir='ltr'>se</span> <span class='ocrx_word' id='word_1_531' title='bbox 560 2301 627 2324; x_wconf 82' lang='lat' dir='ltr'>esse</span> <span class='ocrx_word' id='word_1_532' title='bbox 651 2293 690 2324; x_wconf 88' lang='lat' dir='ltr'>ab</span> <span class='ocrx_word' id='word_1_533' title='bbox 717 2301 755 2323; x_wconf 91' lang='lat' dir='ltr'>eo</span> <span class='ocrx_word' id='word_1_534' title='bbox 779 2293 989 2324; x_wconf 87' lang='lat' dir='ltr'>interfectum.</span> 
     </span>
    </p>
   </div>
   <div class='ocr_carea' id='block_1_83' title="bbox 205 2343 991 2384">
    <p class='ocr_par' dir='ltr' id='par_1_83' title="bbox 205 2343 991 2384">
     <span class='ocr_line' id='line_1_83' title="bbox 205 2343 991 2384; baseline -0.003 -8"><span class='ocrx_word' id='word_1_535' title='bbox 205 2346 242 2376; x_wconf 83' lang='lat' dir='ltr'>Et</span> <span class='ocrx_word' id='word_1_536' title='bbox 265 2354 337 2377; x_wconf 90' lang='lat' dir='ltr'>cum</span> <span class='ocrx_word' id='word_1_537' title='bbox 363 2345 569 2384; x_wconf 84' lang='lat' dir='ltr'>obstupefacti</span> <span class='ocrx_word' id='word_1_538' title='bbox 598 2352 707 2375; x_wconf 90' lang='lat' dir='ltr'>omnes</span> <span class='ocrx_word' id='word_1_539' title='bbox 735 2343 924 2374; x_wconf 89' lang='lat' dir='ltr'>decidissent</span> <span class='ocrx_word' id='word_1_540' title='bbox 951 2344 991 2375; x_wconf 88' lang='lat' dir='ltr'>ad</span> 
     </span>
    </p>
   </div>
   <div class='ocr_carea' id='block_1_84' title="bbox 204 2393 990 2435">
    <p class='ocr_par' dir='ltr' id='par_1_84' title="bbox 204 2393 990 2435">
     <span class='ocr_line' id='line_1_84' title="bbox 204 2393 990 2435; baseline -0.001 -8"><span class='ocrx_word' id='word_1_541' title='bbox 204 2399 318 2427; x_wconf 86' lang='lat' dir='ltr'>terram</span> <span class='ocrx_word' id='word_1_542' title='bbox 332 2404 369 2427; x_wconf 87' lang='lat' dir='ltr'>ac</span> <span class='ocrx_word' id='word_1_543' title='bbox 388 2395 521 2435; x_wconf 90' lang='lat' dir='ltr'>pedibus</span> <span class='ocrx_word' id='word_1_544' title='bbox 538 2395 605 2425; x_wconf 88' lang='lat' dir='ltr'>eius</span> <span class='ocrx_word' id='word_1_545' title='bbox 619 2393 868 2431; x_wconf 85' lang='lat' dir='ltr'>advolverentur,</span> <span class='ocrx_word' id='word_1_546' title='bbox 880 2403 990 2433; x_wconf 81' lang='lat' dir='ltr'>rogare</span> 
     </span>
    </p>
   </div>
   <div class='ocr_carea' id='block_1_85' title="bbox 205 2445 991 2486">
    <p class='ocr_par' dir='ltr' id='par_1_85' title="bbox 205 2445 991 2486">
     <span class='ocr_line' id='line_1_85' title="bbox 205 2445 991 2486; baseline -0.004 -9"><span class='ocrx_word' id='word_1_547' title='bbox 205 2449 388 2486; x_wconf 85' lang='lat' dir='ltr'>coeperunt,</span> <span class='ocrx_word' id='word_1_548' title='bbox 411 2448 445 2476; x_wconf 92' lang='lat' dir='ltr'>ut</span> <span class='ocrx_word' id='word_1_549' title='bbox 459 2445 664 2484; x_wconf 79' lang='lat' dir='ltr'>interrogaret</span> <span class='ocrx_word' id='word_1_550' title='bbox 678 2452 761 2480; x_wconf 88' lang='lat' dir='ltr'>eum,</span> <span class='ocrx_word' id='word_1_551' title='bbox 784 2453 802 2474; x_wconf 93' lang='lat' dir='ltr'>a</span> <span class='ocrx_word' id='word_1_552' title='bbox 825 2452 888 2484; x_wconf 91' lang='lat' dir='ltr'>quo</span> <span class='ocrx_word' id='word_1_553' title='bbox 908 2447 991 2475; x_wconf 87' lang='lat' dir='ltr'>esset</span> 
     </span>
    </p>
   </div>
   <div class='ocr_carea' id='block_1_86' title="bbox 206 2494 985 2535">
    <p class='ocr_par' dir='ltr' id='par_1_86' title="bbox 206 2494 985 2535">
     <span class='ocr_line' id='line_1_86' title="bbox 206 2494 985 2535; baseline -0.004 -8"><span class='ocrx_word' id='word_1_554' title='bbox 206 2497 338 2529; x_wconf 90' lang='lat' dir='ltr'>occisus.</span> <span class='ocrx_word' id='word_1_555' title='bbox 353 2498 439 2528; x_wconf 89' lang='lat' dir='ltr'>Tunc</span> <span class='ocrx_word' id='word_1_556' title='bbox 454 2495 508 2526; x_wconf 90' lang='lat' dir='ltr'>ille</span> <span class='ocrx_word' id='word_1_557' title='bbox 524 2504 531 2525; x_wconf 87' lang='lat'><strong>:</strong></span> <span class='ocrx_word' id='word_1_558' title='bbox 546 2494 625 2532; x_wconf 78' lang='lat' dir='ltr'>Hoc,</span> <span class='ocrx_word' id='word_1_559' title='bbox 641 2495 754 2535; x_wconf 88' lang='lat' dir='ltr'>inquit,</span> <span class='ocrx_word' id='word_1_560' title='bbox 769 2501 834 2525; x_wconf 88' lang='lat' dir='ltr'>non</span> <span class='ocrx_word' id='word_1_561' title='bbox 851 2494 985 2525; x_wconf 88' lang='lat' dir='ltr'>interro-</span> 
     </span>
    </p>
   </div>
   <div class='ocr_carea' id='block_1_87' title="bbox 205 2545 986 2588">
    <p class='ocr_par' dir='ltr' id='par_1_87' title="bbox 205 2545 986 2588">
     <span class='ocr_line' id='line_1_87' title="bbox 205 2545 986 2588; baseline -0.004 -9"><span class='ocrx_word' id='word_1_562' title='bbox 205 2549 303 2588; x_wconf 81' lang='lat' dir='ltr'>gabo;</span> <span class='ocrx_word' id='word_1_563' title='bbox 319 2548 432 2581; x_wconf 85' lang='lat' dir='ltr'>sutIicit</span> <span class='ocrx_word' id='word_1_564' title='bbox 446 2547 530 2579; x_wconf 91' lang='lat' dir='ltr'>enim</span> <span class='ocrx_word' id='word_1_565' title='bbox 544 2546 631 2584; x_wconf 86' lang='lat' dir='ltr'>mihi,</span> <span class='ocrx_word' id='word_1_566' title='bbox 649 2550 683 2578; x_wconf 92' lang='lat' dir='ltr'>ut</span> <span class='ocrx_word' id='word_1_567' title='bbox 696 2547 851 2577; x_wconf 88' lang='lat' dir='ltr'>innocens</span> <span class='ocrx_word' id='word_1_568' title='bbox 869 2545 986 2577; x_wconf 89' lang='lat' dir='ltr'>libere-</span> 
     </span>
    </p>
   </div>
   <div class='ocr_carea' id='block_1_88' title="bbox 204 2595 988 2637">
    <p class='ocr_par' dir='ltr' id='par_1_88' title="bbox 204 2595 988 2637">
     <span class='ocr_line' id='line_1_88' title="bbox 204 2595 988 2637; baseline -0.005 -6"><span class='ocrx_word' id='word_1_569' title='bbox 204 2603 269 2637; x_wconf 80' lang='lat' dir='ltr'>tur;</span> <span class='ocrx_word' id='word_1_570' title='bbox 283 2609 347 2631; x_wconf 92' lang='lat' dir='ltr'>non</span> <span class='ocrx_word' id='word_1_571' title='bbox 358 2602 404 2630; x_wconf 90' lang='lat' dir='ltr'>est</span> <span class='ocrx_word' id='word_1_572' title='bbox 412 2601 514 2630; x_wconf 87' lang='lat' dir='ltr'>autem</span> <span class='ocrx_word' id='word_1_573' title='bbox 525 2606 641 2635; x_wconf 91' lang='lat' dir='ltr'>meum,</span> <span class='ocrx_word' id='word_1_574' title='bbox 660 2596 736 2633; x_wconf 85' lang='grc' dir='ltr'><strong>ιιι</strong></span> <span class='ocrx_word' id='word_1_575' title='bbox 751 2598 785 2628; x_wconf 92' lang='lat' dir='ltr'>ut</span> <span class='ocrx_word' id='word_1_576' title='bbox 794 2605 866 2627; x_wconf 90' lang='lat' dir='ltr'>reus</span> <span class='ocrx_word' id='word_1_577' title='bbox 876 2595 988 2636; x_wconf 89' lang='lat' dir='ltr'>proda-</span> 
     </span>
    </p>
   </div>
   <div class='ocr_carea' id='block_1_89' title="bbox 238 2687 984 2727">
    <p class='ocr_par' dir='ltr' id='par_1_89' title="bbox 238 2687 984 2727">
     <span class='ocr_line' id='line_1_89' title="bbox 238 2687 984 2727; baseline -0.003 -10"><span class='ocrx_word' id='word_1_578' title='bbox 238 2691 277 2727; x_wconf 78' lang='lat'>(1)</span> <span class='ocrx_word' id='word_1_579' title='bbox 292 2689 348 2718; x_wconf 78' lang='lat' dir='ltr'>VV.</span> <span class='ocrx_word' id='word_1_580' title='bbox 365 2690 416 2717; x_wconf 88' lang='lat' dir='ltr'>PP.</span> <span class='ocrx_word' id='word_1_581' title='bbox 456 2689 547 2717; x_wconf 76' lang='lat' dir='ltr'>ﬂosw.</span> <span class='ocrx_word' id='word_1_582' title='bbox 572 2689 621 2716; x_wconf 83' lang='lat' dir='ltr'>lib.</span> <span class='ocrx_word' id='word_1_583' title='bbox 643 2687 663 2716; x_wconf 85' lang='grc'><strong>11</strong></span> <span class='ocrx_word' id='word_1_584' title='bbox 687 2696 748 2722; x_wconf 87' lang='lat' dir='ltr'>cap.</span> <span class='ocrx_word' id='word_1_585' title='bbox 769 2688 805 2715; x_wconf 73' lang='lat'>‘28</span> <span class='ocrx_word' id='word_1_586' title='bbox 826 2695 853 2723; x_wconf 87' lang='lat' dir='ltr'>p.</span> <span class='ocrx_word' id='word_1_587' title='bbox 876 2687 942 2721; x_wconf 65' lang='lat'>479,</span> <span class='ocrx_word' id='word_1_588' title='bbox 957 2688 984 2715; x_wconf 74' lang='grc'>2.</span> 
     </span>
    </p>
   </div>
   <div class='ocr_carea' id='block_1_90' title="bbox 204 2733 984 2771">
    <p class='ocr_par' dir='ltr' id='par_1_90' title="bbox 204 2733 984 2771">
     <span class='ocr_line' id='line_1_90' title="bbox 204 2733 984 2771; baseline -0.004 -7"><span class='ocrx_word' id='word_1_589' title='bbox 204 2736 294 2764; x_wconf 76' lang='lat' dir='ltr'>Ruﬁni</span> <span class='ocrx_word' id='word_1_590' title='bbox 319 2736 388 2771; x_wconf 88' lang='lat' dir='ltr'>Opp.</span> <span class='ocrx_word' id='word_1_591' title='bbox 414 2735 459 2763; x_wconf 91' lang='lat' dir='ltr'>ed.</span> <span class='ocrx_word' id='word_1_592' title='bbox 484 2734 601 2762; x_wconf 81' lang='lat' dir='ltr'>Vallarsi</span> <span class='ocrx_word' id='word_1_593' title='bbox 624 2742 651 2769; x_wconf 90' lang='lat' dir='ltr'>p.</span> <span class='ocrx_word' id='word_1_594' title='bbox 674 2734 737 2766; x_wconf 74' lang='grc'><strong>195,</strong></span> <span class='ocrx_word' id='word_1_595' title='bbox 765 2733 854 2768; x_wconf 81' lang='lat' dir='ltr'>Mignc</span> <span class='ocrx_word' id='word_1_596' title='bbox 881 2733 984 2761; x_wconf 82' lang='lat' dir='ltr'>Patro].</span> 
     </span>
    </p>
   </div>
   <div class='ocr_carea' id='block_1_91' title="bbox 204 2781 485 2817">
    <p class='ocr_par' dir='ltr' id='par_1_91' title="bbox 204 2781 485 2817">
     <span class='ocr_line' id='line_1_91' title="bbox 204 2781 485 2817; baseline -0.007 -7"><span class='ocrx_word' id='word_1_597' title='bbox 204 2784 236 2810; x_wconf 88' lang='grc' dir='ltr'>Τ.</span> <span class='ocrx_word' id='word_1_598' title='bbox 253 2782 313 2810; x_wconf 78' lang='lat' dir='ltr'>XXI</span> <span class='ocrx_word' id='word_1_599' title='bbox 331 2791 357 2817; x_wconf 88' lang='lat' dir='ltr'>p.</span> <span class='ocrx_word' id='word_1_600' title='bbox 375 2781 426 2809; x_wconf 67' lang='lat' dir='ltr'>M9</span> <span class='ocrx_word' id='word_1_601' title='bbox 443 2789 485 2816; x_wconf 88' lang='lat' dir='ltr'>sq.</span> 
     </span>
    </p>
   </div>
   <div class='ocr_carea' id='block_1_92' title="bbox 238 2824 985 2865">
    <p class='ocr_par' dir='ltr' id='par_1_92' title="bbox 238 2824 985 2865">
     <span class='ocr_line' id='line_1_92' title="bbox 238 2824 985 2865; baseline -0.005 -9"><span class='ocrx_word' id='word_1_602' title='bbox 238 2829 278 2865; x_wconf 56' lang='grc' dir='ltr'>(ᾖ)</span> <span class='ocrx_word' id='word_1_603' title='bbox 294 2828 347 2856; x_wconf 81' lang='lat' dir='ltr'>VV.</span> <span class='ocrx_word' id='word_1_604' title='bbox 368 2828 417 2855; x_wconf 76' lang='lat' dir='ltr'>I’P.</span> <span class='ocrx_word' id='word_1_605' title='bbox 432 2825 522 2854; x_wconf 80' lang='lat' dir='ltr'>Rosw.</span> <span class='ocrx_word' id='word_1_606' title='bbox 535 2826 602 2857; x_wconf 80' lang='grc' dir='ltr'><strong>1.Ι.;</strong></span> <span class='ocrx_word' id='word_1_607' title='bbox 617 2824 707 2852; x_wconf 76' lang='lat' dir='ltr'>Ruﬁni</span> <span class='ocrx_word' id='word_1_608' title='bbox 721 2825 789 2860; x_wconf 83' lang='lat' dir='ltr'>Opp.</span> <span class='ocrx_word' id='word_1_609' title='bbox 807 2825 851 2852; x_wconf 84' lang='lat' dir='ltr'>ed.</span> <span class='ocrx_word' id='word_1_610' title='bbox 870 2824 985 2853; x_wconf 70' lang='lat' dir='ltr'>Vulhrsi</span> 
     </span>
    </p>
   </div>
   <div class='ocr_carea' id='block_1_93' title="bbox 205 2873 558 2910">
    <p class='ocr_par' dir='ltr' id='par_1_93' title="bbox 205 2873 558 2910">
     <span class='ocr_line' id='line_1_93' title="bbox 205 2873 558 2910; baseline -0.008 -7"><span class='ocrx_word' id='word_1_611' title='bbox 205 2877 223 2903; x_wconf 89' lang='lat' dir='ltr'>l.</span> <span class='ocrx_word' id='word_1_612' title='bbox 236 2877 268 2906; x_wconf 86' lang='lat'>|..</span> <span class='ocrx_word' id='word_1_613' title='bbox 289 2875 376 2910; x_wconf 79' lang='lat' dir='ltr'>Migne</span> <span class='ocrx_word' id='word_1_614' title='bbox 390 2875 407 2901; x_wconf 93' lang='grc' dir='ltr'>Ι.</span> <span class='ocrx_word' id='word_1_615' title='bbox 423 2874 441 2901; x_wconf 93' lang='grc'>1.</span> <span class='ocrx_word' id='word_1_616' title='bbox 458 2882 484 2909; x_wconf 92' lang='lat' dir='ltr'>p.</span> <span class='ocrx_word' id='word_1_617' title='bbox 496 2873 558 2901; x_wconf 70' lang='grc'>450.</span> 
     </span>
    </p>
   </div>
   <div class='ocr_carea' id='block_1_94' title="bbox 242 2917 858 2958">
    <p class='ocr_par' dir='ltr' id='par_1_94' title="bbox 242 2917 858 2958">
     <span class='ocr_line' id='line_1_94' title="bbox 242 2917 858 2958; baseline -0.01 -9"><span class='ocrx_word' id='word_1_618' title='bbox 242 2921 281 2958; x_wconf 64' lang='grc' dir='ltr'>(ὅ)</span> <span class='ocrx_word' id='word_1_619' title='bbox 294 2921 336 2949; x_wconf 74' lang='lat' dir='ltr'>Cl‘.</span> <span class='ocrx_word' id='word_1_620' title='bbox 351 2928 431 2957; x_wconf 81' lang='lat' dir='ltr'>supra</span> <span class='ocrx_word' id='word_1_621' title='bbox 446 2920 532 2955; x_wconf 79' lang='lat' dir='ltr'>Caput</span> <span class='ocrx_word' id='word_1_622' title='bbox 549 2927 566 2946; x_wconf 85' lang='grc' dir='ltr'>ιι</span> <span class='ocrx_word' id='word_1_623' title='bbox 585 2918 616 2954; x_wconf 76' lang='lat'>§§</span> <span class='ocrx_word' id='word_1_624' title='bbox 636 2918 675 2945; x_wconf 72' lang='lat'>12.</span> <span class='ocrx_word' id='word_1_625' title='bbox 695 2918 735 2945; x_wconf 77' lang='lat' dir='ltr'>l5.</span> <span class='ocrx_word' id='word_1_626' title='bbox 757 2917 796 2945; x_wconf 79' lang='lat' dir='ltr'>H.</span> <span class='ocrx_word' id='word_1_627' title='bbox 817 2917 858 2944; x_wconf 81' lang='lat' dir='ltr'>l7.</span> 
     </span>
    </p>
   </div>
   <div class='ocr_carea' id='block_1_95' title="bbox 1041 2287 1826 2336">
    <p class='ocr_par' dir='ltr' id='par_1_95' title="bbox 1041 2287 1826 2336">
     <span class='ocr_line' id='line_1_95' title="bbox 1041 2287 1826 2336; baseline 0 -11"><span class='ocrx_word' id='word_1_628' title='bbox 1041 2294 1194 2332; x_wconf 86' lang='lat' dir='ltr'>liberavit,</span> <span class='ocrx_word' id='word_1_629' title='bbox 1208 2287 1285 2332; x_wconf 75' lang='lat'>112</span> <span class='ocrx_word' id='word_1_630' title='bbox 1295 2298 1339 2332; x_wconf 88' lang='lat' dir='ltr'>ut,</span> <span class='ocrx_word' id='word_1_631' title='bbox 1350 2303 1432 2336; x_wconf 89' lang='lat' dir='ltr'>quae</span> <span class='ocrx_word' id='word_1_632' title='bbox 1445 2304 1503 2335; x_wconf 90' lang='lat' dir='ltr'>per</span> <span class='ocrx_word' id='word_1_633' title='bbox 1514 2295 1642 2334; x_wconf 83' lang='lat' dir='ltr'>gratiam</span> <span class='ocrx_word' id='word_1_634' title='bbox 1655 2294 1712 2325; x_wconf 85' lang='lat' dir='ltr'>Dei</span> <span class='ocrx_word' id='word_1_635' title='bbox 1720 2294 1826 2333; x_wconf 80' lang='lat' dir='ltr'>gessit,</span> 
     </span>
    </p>
   </div>
   <div class='ocr_carea' id='block_1_96' title="bbox 1042 2344 1826 2387">
    <p class='ocr_par' dir='ltr' id='par_1_96' title="bbox 1042 2344 1826 2387">
     <span class='ocr_line' id='line_1_96' title="bbox 1042 2344 1826 2387; baseline -0.001 -11"><span class='ocrx_word' id='word_1_636' title='bbox 1042 2350 1219 2386; x_wconf 87' lang='lat' dir='ltr'>separatum</span> <span class='ocrx_word' id='word_1_637' title='bbox 1230 2354 1310 2386; x_wconf 91' lang='lat' dir='ltr'>opus</span> <span class='ocrx_word' id='word_1_638' title='bbox 1321 2346 1499 2378; x_wconf 86' lang='lat' dir='ltr'>desiderent</span> <span class='ocrx_word' id='word_1_639' title='bbox 1512 2345 1564 2387; x_wconf 88' lang='lat'>(6).</span> <span class='ocrx_word' id='word_1_640' title='bbox 1576 2357 1591 2374; x_wconf 76' lang='grc' dir='ltr'>ι)</span> <span class='ocrx_word' id='word_1_641' title='bbox 1604 2346 1687 2381; x_wconf 87' lang='lat' dir='ltr'>Quae</span> <span class='ocrx_word' id='word_1_642' title='bbox 1698 2344 1826 2384; x_wconf 90' lang='lat' dir='ltr'>quidem</span> 
     </span>
    </p>
   </div>
   <div class='ocr_carea' id='block_1_97' title="bbox 1041 2394 1824 2428">
    <p class='ocr_par' dir='ltr' id='par_1_97' title="bbox 1041 2394 1824 2428">
     <span class='ocr_line' id='line_1_97' title="bbox 1041 2394 1824 2428; baseline -0.001 -1"><span class='ocrx_word' id='word_1_643' title='bbox 1041 2396 1176 2427; x_wconf 90' lang='lat' dir='ltr'>Socratis</span> <span class='ocrx_word' id='word_1_644' title='bbox 1194 2396 1287 2427; x_wconf 90' lang='lat' dir='ltr'>verba</span> <span class='ocrx_word' id='word_1_645' title='bbox 1304 2396 1347 2428; x_wconf 85' lang='lat' dir='ltr'>ita</span> <span class='ocrx_word' id='word_1_646' title='bbox 1365 2405 1436 2428; x_wconf 89' lang='lat' dir='ltr'>cum</span> <span class='ocrx_word' id='word_1_647' title='bbox 1459 2396 1539 2427; x_wconf 90' lang='lat' dir='ltr'>libro</span> <span class='ocrx_word' id='word_1_648' title='bbox 1563 2394 1702 2426; x_wconf 88' lang='lat' dir='ltr'>secundo</span> <span class='ocrx_word' id='word_1_649' title='bbox 1716 2394 1824 2426; x_wconf 90' lang='lat' dir='ltr'>conci-</span> 
     </span>
    </p>
   </div>
   <div class='ocr_carea' id='block_1_98' title="bbox 1041 2444 1826 2485">
    <p class='ocr_par' dir='ltr' id='par_1_98' title="bbox 1041 2444 1826 2485">
     <span class='ocr_line' id='line_1_98' title="bbox 1041 2444 1826 2485; baseline -0.001 -9"><span class='ocrx_word' id='word_1_650' title='bbox 1041 2447 1131 2482; x_wconf 83' lang='lat' dir='ltr'>nunt‘,</span> <span class='ocrx_word' id='word_1_651' title='bbox 1146 2449 1182 2476; x_wconf 90' lang='lat' dir='ltr'>ut</span> <span class='ocrx_word' id='word_1_652' title='bbox 1195 2446 1345 2485; x_wconf 86' lang='lat' dir='ltr'>suspicari</span> <span class='ocrx_word' id='word_1_653' title='bbox 1359 2445 1461 2483; x_wconf 90' lang='lat' dir='ltr'>liceat,</span> <span class='ocrx_word' id='word_1_654' title='bbox 1473 2444 1562 2482; x_wconf 88' lang='lat' dir='ltr'>illud,</span> <span class='ocrx_word' id='word_1_655' title='bbox 1571 2444 1657 2485; x_wconf 89' lang='lat' dir='ltr'>quod</span> <span class='ocrx_word' id='word_1_656' title='bbox 1671 2446 1826 2483; x_wconf 85' lang='lat' dir='ltr'>narratur,</span> 
     </span>
    </p>
   </div>
   <div class='ocr_carea' id='block_1_99' title="bbox 1039 2494 1826 2537">
    <p class='ocr_par' dir='ltr' id='par_1_99' title="bbox 1039 2494 1826 2537">
     <span class='ocr_line' id='line_1_99' title="bbox 1039 2494 1826 2537; baseline 0.001 -11"><span class='ocrx_word' id='word_1_657' title='bbox 1039 2496 1206 2527; x_wconf 87' lang='lat' dir='ltr'>Macarium</span> <span class='ocrx_word' id='word_1_658' title='bbox 1229 2496 1415 2537; x_wconf 84' lang='lat' dir='ltr'>Aegyptium</span> <span class='ocrx_word' id='word_1_659' title='bbox 1438 2497 1469 2527; x_wconf 92' lang='lat' dir='ltr'>S.</span> <span class='ocrx_word' id='word_1_660' title='bbox 1489 2495 1616 2527; x_wconf 89' lang='lat' dir='ltr'>Antonii</span> <span class='ocrx_word' id='word_1_661' title='bbox 1637 2494 1826 2535; x_wconf 90' lang='lat' dir='ltr'>discipulum</span> 
     </span>
    </p>
   </div>
   <div class='ocr_carea' id='block_1_100' title="bbox 1039 2544 1827 2587">
    <p class='ocr_par' dir='ltr' id='par_1_100' title="bbox 1039 2544 1827 2587">
     <span class='ocr_line' id='line_1_100' title="bbox 1039 2544 1827 2587; baseline 0.001 -10"><span class='ocrx_word' id='word_1_662' title='bbox 1039 2546 1250 2587; x_wconf 88' lang='lat' dir='ltr'>virtutumque</span> <span class='ocrx_word' id='word_1_663' title='bbox 1273 2547 1340 2578; x_wconf 91' lang='lat' dir='ltr'>eius</span> <span class='ocrx_word' id='word_1_664' title='bbox 1365 2546 1456 2586; x_wconf 90' lang='lat' dir='ltr'>quasi</span> <span class='ocrx_word' id='word_1_665' title='bbox 1481 2545 1650 2577; x_wconf 89' lang='lat' dir='ltr'>haeredem</span> <span class='ocrx_word' id='word_1_666' title='bbox 1664 2544 1772 2584; x_wconf 84' lang='lat' dir='ltr'>fuisse,</span> <span class='ocrx_word' id='word_1_667' title='bbox 1791 2545 1827 2578; x_wconf 79' lang='lat' dir='ltr'>in</span> 
     </span>
    </p>
   </div>
   <div class='ocr_carea' id='block_1_101' title="bbox 1040 2596 1826 2637">
    <p class='ocr_par' dir='ltr' id='par_1_101' title="bbox 1040 2596 1826 2637">
     <span class='ocr_line' id='line_1_101' title="bbox 1040 2596 1826 2637; baseline -0.003 -8"><span class='ocrx_word' id='word_1_668' title='bbox 1040 2597 1179 2637; x_wconf 81' lang='lat' dir='ltr'>genuino</span> <span class='ocrx_word' id='word_1_669' title='bbox 1199 2606 1311 2637; x_wconf 83' lang='lat' dir='ltr'>graeco</span> <span class='ocrx_word' id='word_1_670' title='bbox 1325 2597 1396 2629; x_wconf 88' lang='lat' dir='ltr'>libri</span> <span class='ocrx_word' id='word_1_671' title='bbox 1414 2596 1546 2628; x_wconf 89' lang='lat' dir='ltr'>secundi</span> <span class='ocrx_word' id='word_1_672' title='bbox 1562 2598 1661 2634; x_wconf 81' lang='lat' dir='ltr'>textu,</span> <span class='ocrx_word' id='word_1_673' title='bbox 1676 2604 1741 2636; x_wconf 91' lang='lat' dir='ltr'>quo</span> <span class='ocrx_word' id='word_1_674' title='bbox 1764 2597 1826 2628; x_wconf 83' lang='lat' dir='ltr'>So-</span> 
     </span>
    </p>
   </div>
   <div class='ocr_carea' id='block_1_102' title="bbox 1073 2686 1823 2724">
    <p class='ocr_par' dir='ltr' id='par_1_102' title="bbox 1073 2686 1823 2724">
     <span class='ocr_line' id='line_1_102' title="bbox 1073 2686 1823 2724; baseline -0.003 -7"><span class='ocrx_word' id='word_1_675' title='bbox 1073 2689 1110 2724; x_wconf 74' lang='lat'>(4)</span> <span class='ocrx_word' id='word_1_676' title='bbox 1125 2688 1182 2717; x_wconf 78' lang='lat' dir='ltr'>VV.</span> <span class='ocrx_word' id='word_1_677' title='bbox 1204 2689 1255 2716; x_wconf 85' lang='lat' dir='ltr'>PP.</span> <span class='ocrx_word' id='word_1_678' title='bbox 1271 2688 1362 2717; x_wconf 82' lang='lat' dir='ltr'>Rosw.</span> <span class='ocrx_word' id='word_1_679' title='bbox 1379 2689 1398 2716; x_wconf 91' lang='grc' dir='ltr'><strong>Ι.</strong></span> <span class='ocrx_word' id='word_1_680' title='bbox 1414 2689 1432 2716; x_wconf 94' lang='grc' dir='ltr'>Ι.</span> <span class='ocrx_word' id='word_1_681' title='bbox 1453 2696 1480 2723; x_wconf 87' lang='lat' dir='ltr'>p.</span> <span class='ocrx_word' id='word_1_682' title='bbox 1496 2688 1560 2721; x_wconf 68' lang='lat'>480,</span> <span class='ocrx_word' id='word_1_683' title='bbox 1577 2687 1614 2721; x_wconf 61' lang='lat'><strong>2;</strong></span> <span class='ocrx_word' id='word_1_684' title='bbox 1632 2686 1749 2716; x_wconf 83' lang='lat' dir='ltr'>Vallarsi</span> <span class='ocrx_word' id='word_1_685' title='bbox 1765 2687 1785 2716; x_wconf 93' lang='grc'><strong>1.</strong></span> <span class='ocrx_word' id='word_1_686' title='bbox 1802 2687 1823 2715; x_wconf 88' lang='grc' dir='ltr'>Ι.</span> 
     </span>
    </p>
   </div>
   <div class='ocr_carea' id='block_1_103' title="bbox 1036 2734 1437 2771">
    <p class='ocr_par' dir='ltr' id='par_1_103' title="bbox 1036 2734 1437 2771">
     <span class='ocr_line' id='line_1_103' title="bbox 1036 2734 1437 2771; baseline -0.002 -9"><span class='ocrx_word' id='word_1_687' title='bbox 1036 2743 1063 2771; x_wconf 88' lang='lat' dir='ltr'>p.</span> <span class='ocrx_word' id='word_1_688' title='bbox 1081 2734 1143 2768; x_wconf 71' lang='lat'>196,</span> <span class='ocrx_word' id='word_1_689' title='bbox 1161 2734 1251 2770; x_wconf 77' lang='lat' dir='ltr'>Migne</span> <span class='ocrx_word' id='word_1_690' title='bbox 1263 2735 1279 2761; x_wconf 92' lang='lat' dir='ltr'>l.</span> <span class='ocrx_word' id='word_1_691' title='bbox 1298 2734 1316 2761; x_wconf 90' lang='lat' dir='ltr'>l.</span> <span class='ocrx_word' id='word_1_692' title='bbox 1332 2742 1359 2769; x_wconf 92' lang='lat' dir='ltr'>p.</span> <span class='ocrx_word' id='word_1_693' title='bbox 1373 2734 1437 2761; x_wconf 77' lang='grc'>452.</span> 
     </span>
    </p>
   </div>
   <div class='ocr_carea' id='block_1_104' title="bbox 1073 2779 1600 2817">
    <p class='ocr_par' dir='ltr' id='par_1_104' title="bbox 1073 2779 1600 2817">
     <span class='ocr_line' id='line_1_104' title="bbox 1073 2779 1600 2817; baseline -0.004 -8"><span class='ocrx_word' id='word_1_694' title='bbox 1073 2782 1111 2817; x_wconf 84' lang='lat'>(5)</span> <span class='ocrx_word' id='word_1_695' title='bbox 1128 2781 1170 2810; x_wconf 78' lang='lat' dir='ltr'>Cf.</span> <span class='ocrx_word' id='word_1_696' title='bbox 1183 2788 1265 2816; x_wconf 85' lang='lat' dir='ltr'>supra</span> <span class='ocrx_word' id='word_1_697' title='bbox 1280 2780 1369 2815; x_wconf 80' lang='lat' dir='ltr'>Caput</span> <span class='ocrx_word' id='word_1_698' title='bbox 1384 2779 1418 2808; x_wconf 82' lang='lat' dir='ltr'>Ill</span> <span class='ocrx_word' id='word_1_699' title='bbox 1431 2787 1457 2814; x_wconf 87' lang='lat' dir='ltr'>p.</span> <span class='ocrx_word' id='word_1_700' title='bbox 1477 2780 1527 2806; x_wconf 81' lang='grc'>102</span> <span class='ocrx_word' id='word_1_701' title='bbox 1539 2787 1600 2815; x_wconf 82' lang='lat' dir='ltr'>sqq.</span> 
     </span>
    </p>
   </div>
   <div class='ocr_carea' id='block_1_105' title="bbox 1071 2822 1824 2861">
    <p class='ocr_par' dir='ltr' id='par_1_105' title="bbox 1071 2822 1824 2861">
     <span class='ocr_line' id='line_1_105' title="bbox 1071 2822 1824 2861; baseline -0.004 -7"><span class='ocrx_word' id='word_1_702' title='bbox 1071 2826 1110 2861; x_wconf 88' lang='lat'>(6)</span> <span class='ocrx_word' id='word_1_703' title='bbox 1127 2826 1207 2854; x_wconf 88' lang='lat' dir='ltr'>Socr.</span> <span class='ocrx_word' id='word_1_704' title='bbox 1224 2825 1295 2853; x_wconf 84' lang='lat' dir='ltr'>llisl.</span> <span class='ocrx_word' id='word_1_705' title='bbox 1320 2824 1394 2853; x_wconf 78' lang='lat' dir='ltr'>Eccl.</span> <span class='ocrx_word' id='word_1_706' title='bbox 1415 2824 1464 2852; x_wconf 89' lang='lat' dir='ltr'>lib.</span> <span class='ocrx_word' id='word_1_707' title='bbox 1485 2823 1520 2852; x_wconf 75' lang='grc' dir='ltr'>ιγ</span> <span class='ocrx_word' id='word_1_708' title='bbox 1542 2831 1604 2860; x_wconf 82' lang='lat' dir='ltr'>cap.</span> <span class='ocrx_word' id='word_1_709' title='bbox 1615 2823 1651 2852; x_wconf 78' lang='lat'>&#39;25</span> <span class='ocrx_word' id='word_1_710' title='bbox 1668 2822 1713 2852; x_wconf 83' lang='lat' dir='ltr'>ed.</span> <span class='ocrx_word' id='word_1_711' title='bbox 1728 2822 1824 2851; x_wconf 57' lang='lat' dir='ltr'>Vales.</span> 
     </span>
    </p>
   </div>
   <div class='ocr_carea' id='block_1_106' title="bbox 1037 2872 1149 2908">
    <p class='ocr_par' dir='ltr' id='par_1_106' title="bbox 1037 2872 1149 2908">
     <span class='ocr_line' id='line_1_106' title="bbox 1037 2872 1149 2908; baseline 0.018 -10"><span class='ocrx_word' id='word_1_712' title='bbox 1037 2881 1065 2908; x_wconf 79' lang='grc' dir='ltr'>ιι.</span> <span class='ocrx_word' id='word_1_713' title='bbox 1085 2872 1149 2900; x_wconf 73' lang='grc'>254.</span> 
     </span>
    </p>
   </div>
  </div>
