2060 3153
237 133 288 160 10⁸1

638 133 688 160 SS.
710 132 940 161 MACARIORUM
959 131 1117 160 AEGYPTII
1143 133 1186 160 ET
1207 132 1438 161 ALEXANDRINI

1802 131 1850 160 ιοι·

231 193 330 221 crates
359 191 514 225 utebatur,
537 199 600 220 non
629 190 807 227 inventum,
829 190 883 221 sed
913 190 1018 220 Ruﬁni
1035 193 1054 218 Α
1068 190 1118 227 sit,
1135 194 1166 221 et
1189 195 1259 229 aget
1285 189 1520 230 poenitentiam,
1539 191 1573 219 ut
1595 188 1727 219 salvetur
1748 187 1851 219 anima

230 239 408 279 interpretis
419 239 549 270 fortasse
561 243 771 271 commentum
783 248 861 275 esse,
870 242 922 270 aut
933 242 1017 279 post-

229 290 358 321 modum
373 298 390 320 a
405 298 499 319 manu
517 289 747 329 interpolatrice
761 298 829 319 esse
848 290 1013 320 adiectum.

270 340 415 370 Ruﬁnum
433 339 559 378 quidem
574 340 655 369 inter
670 341 749 370 duos
765 340 925 376 Macarios,
935 348 1015 379 quos

230 389 264 419 in
278 389 514 420 Continuatione
533 389 685 419 Historiae
700 390 931 420 Ecclesiasticae
950 391 1012 420 Eu—

231 438 310 469 sebii
324 442 412 469 vocat
426 438 451 478 (1
461 448 478 476 l,
490 439 653 469 Macarium
670 439 912 470 Alexandrinum
928 443 1013 470 retu-

232 487 304 520 lisse
321 497 359 519 ex
375 492 522 519 contextu
542 493 687 528 apparet;
703 498 801 529 quum
821 498 893 520 vero
914 489 1012 520 Isido-

232 546 312 572 rum.
335 537 541 572 Heraclidem.
563 538 712 568 Pambum
737 539 821 569 idem
845 538 1014 579 discipulos

230 588 257 617 S.
293 588 413 618 Antonii
447 587 594 627 appellet,
618 587 677 618 hoc
708 588 891 618 vocabulum
921 597 1014 618 sensu

231 636 338 668 latiore
349 637 564 677 accipiendum
575 646 643 668 esse
654 638 785 668 videtur.
795 639 902 677 Neque
911 638 1014 668 minus

230 688 263 718 in
277 687 427 728 Apologia
444 689 618 726 [Invectiva]
636 689 661 718 II
677 688 716 728 (2)
733 689 863 719 Ruﬁnus
881 700 894 716 ‹‹
911 689 1012 719 Iliaca-

231 737 311 768 rium
334 738 459 768 Antonii
480 738 668 778 discipulum
686 750 699 765 »
716 742 746 768 et
764 751 777 765 α
794 737 925 768 alterum
948 739 1012 768 Ma-

231 787 348 818 carium
373 799 387 816 »
410 792 642 825 commemorat,
672 788 726 818 ubi
765 792 869 819 tamen
909 791 1012 818 utrum

230 838 432 869 Macariorum
443 838 489 869 vel
505 847 580 869 num
592 839 719 869 omnino
734 847 831 869 unum
847 847 885 868 ex
900 838 1013 869 nostris

231 887 352 925 dixerit,
384 896 447 920 non
481 888 672 927 intelligitur.
704 889 803 924 Quare
836 889 1012 919 Macarium

229 937 414 978 Aegyptium
437 947 454 970 a
478 939 591 969 Ruﬁno
621 939 651 969 S.
675 939 801 969 Antonii
825 938 1012 979 discipulum

230 988 358 1027 proprie
374 989 489 1026 vocari,
505 993 590 1019 certo
606 997 670 1019 non
686 992 816 1019 constat.

268 1039 367 1077 Atque
381 1039 544 1069 Macarium
561 1038 744 1078 Aegyptium
759 1039 790 1068 S.
815 1038 940 1068 Antonii
963 1038 1011 1069 di—

230 1086 384 1126 scipulum
396 1086 489 1117 fuisse
498 1087 738 1126 praeterlibrum
749 1086 920 1117 secundum
928 1085 1013 1116 solus

229 1136 392 1166 Makrizius
408 1136 511 1166 habet.
524 1128 686 1167 Makrizius
700 1145 772 1166 eum
791 1145 808 1166 a
828 1137 858 1166 S.
878 1136 1012 1166 Antonio

228 1187 313 1215 veste
340 1184 564 1216 monachorum
587 1184 731 1215 indutum
750 1188 780 1214 et
803 1184 836 1215 in
859 1184 1012 1215 Wadi-al-

228 1235 346 1265 Natrun
360 1235 381 1265 i.
397 1244 425 1266 e.
437 1235 470 1265 in
487 1235 597 1266 vallem
616 1234 730 1265 Nitriae
752 1234 884 1272 [deserta
903 1235 1010 1272 Sectis]

229 1285 357 1316 missum
378 1293 457 1322 esse,
471 1293 509 1315 ex
527 1285 694 1316 traditione
715 1284 845 1315 fortasse
866 1285 1012 1315 coenobii

228 1335 392 1366 Macariani
407 1334 511 1365 retulit
527 1334 580 1375 (3).
597 1335 650 1365 Cui
668 1338 772 1364 tamen
791 1337 899 1373 aperte
920 1333 1011 1364 oblo-

228 1384 772 1424 quunturhistoriaelibriquintiVV.
784 1385 952 1415 PP.Rosw.
969 1384 1009 1424 (4)

228 1438 259 1465 et
274 1434 577 1474 Apophthegmatum
592 1434 736 1465 Cotelerii
751 1433 804 1474 (5),
818 1434 933 1473 quibus
946 1435 1011 1464 Ma-

229 1485 345 1516 carium
369 1486 545 1524 Aegyptum
569 1487 681 1524 sponte
700 1485 734 1515 in
753 1485 866 1515 Scetim
886 1484 1009 1521 abiisse,

230 1543 332 1574 neque
354 1535 414 1565 nisi
433 1535 606 1575 posteriore
629 1538 771 1574 tempore
791 1535 822 1564 S.
844 1533 1010 1564 Antonium
1025 1534 1046 1562 C

229 1585 368 1615 invisisse
385 1585 525 1616 traditur.

268 1644 463 1684 Quapropter
477 1652 494 1675 e
508 1644 610 1675 verbis
623 1644 694 1675 libri
709 1644 838 1675 secundi
849 1643 925 1675 nihil
936 1645 1012 1675 certi

229 1693 334 1734 colligi
350 1702 444 1733 posse
453 1693 586 1731 videtur,
603 1694 663 1724 nisi
683 1694 768 1733 quod
790 1697 820 1725 et
840 1702 879 1724 ex
902 1695 1012 1725 ceteris

229 1743 366 1774 fontibus
381 1743 540 1781 efﬁciatur,
554 1744 719 1775 Macarium
733 1743 890 1775 interdum
906 1752 943 1774 ex
958 1752 1012 1775 ore

229 1793 259 1822 S.
280 1793 416 1829 Antonii,
431 1802 525 1835 quem
543 1794 666 1830 riserat,
681 1793 820 1824 instituta
839 1793 918 1823 vitae
935 1791 1012 1830 113

229 1842 429 1874 monachicae
439 1843 616 1884 percepisse
623 1852 757 1883 eumque
767 1843 858 1874 laude
866 1843 1012 1873 virtutum

228 1901 329 1934 paene
344 1894 575 1934 aequiparasse.

265 1954 320 1985 His
341 1955 490 1995 expositis
511 1955 613 1987 solum
635 1958 729 1987 restat
747 1955 832 1995 quod
854 1962 1010 1988 moneam,

229 2005 450 2042 uenationem,
465 2015 559 2045 quam
582 2006 741 2038 attulimus
766 2005 804 2036 de
828 2008 952 2036 mortuo
974 2004 1012 2035 ad

228 2055 425 2095 purgandum
457 2055 629 2093 hominem,
658 2056 712 2096 qui
746 2055 908 2086 homicidii
934 2054 1012 2085 falso

227 2106 442 2142 accusabatur,
468 2113 485 2136 a
511 2106 644 2136 Macario
671 2105 855 2136 resuscitato
882 2104 948 2136 fere
974 2105 1013 2135 ad

229 2155 357 2185 verbum
374 2155 408 2185 in
427 2155 507 2186 libro
522 2155 612 2186 tertio
626 2155 699 2194 legi,
713 2155 768 2185 ubi
786 2158 890 2186 tamen
905 2154 937 2186 in
952 2155 1013 2186 ﬁne

1069 241 1136 271 eius
1157 240 1210 280 (6).
1229 253 1243 268 ››

1108 313 1122 349 §
1144 310 1191 341 27.
1214 312 1312 347 Quum
1345 310 1383 342 de
1415 309 1548 340 Macario
1582 307 1791 338 Alexandrino
1818 307 1851 339 in

1067 361 1304 392 Continuatione
1318 360 1470 391 Historiae
1481 358 1714 390 Ecclesiasticae
1725 357 1852 387 Eusebii

1067 413 1200 443 Ruﬁnus
1215 412 1285 451 ipse
1303 410 1494 450 exposuerit,
1510 418 1578 440 eam
1599 409 1735 448 primum
1753 416 1850 438 excu-

1066 462 1190 492 tiamus.
1203 461 1260 491 Ubi
1275 461 1315 491 de
1328 460 1414 491 Lucii
1428 460 1611 490 Arianorum
1626 458 1768 497 episcopi
1782 466 1852 497 per-

1066 511 1279 542 secutionibus
1297 510 1330 540 in
1353 510 1496 540 eremitas
1514 509 1607 539 verba
1625 507 1743 539 faciens
1762 511 1850 547 post-

1067 569 1160 601 quam
1189 560 1336 599 scripsit:
1363 571 1377 587 «
1401 560 1460 589 Per
1487 559 1570 589 idem
1598 562 1722 598 tempus
1748 563 1852 598 patres

1067 609 1291 641 monachorum
1305 609 1385 640 vitae
1398 611 1429 640 et
1442 608 1632 647 antiquitatis
1654 607 1765 638 merito
1785 608 1850 637 Ma-

1066 659 1167 690 carius
1190 662 1220 690 et
1246 658 1384 689 Isidorus
1411 658 1552 697 aliusque
1579 657 1728 687 Macarius
1755 659 1850 696 atque

1066 709 1245 740 Heraclides
1270 712 1298 739 et
1322 708 1456 739 Pambus
1479 707 1604 738 Antonii
1627 706 1773 746 discipuli
1794 715 1852 746 per

1065 761 1242 798 Aegyptum
1256 762 1287 789 et
1301 758 1436 789 maxime
1449 758 1481 788 in
1496 757 1610 788 Nitriae
1626 755 1741 787 deserti
1758 755 1852 795 parti-

1065 808 1124 838 bus
1137 808 1330 839 habebantur
1342 831 1349 838 .
1364 831 1370 839 .
1386 831 1392 838 .
1407 806 1460 847 (7),
1476 819 1489 835 ν
1501 807 1582 838 hanc
1601 809 1708 846 postea
1723 805 1852 836 subiun-

1031 869 1050 895 Β
1065 859 1108 897 git
1122 858 1280 889 historiam
1294 866 1300 888 ε
1315 870 1329 885 α
1348 859 1426 888 Ante
1443 856 1670 896 aliquantulum
1682 863 1756 886 vero
1772 859 1850 885 tem-

1064 908 1150 947 poris
1173 917 1285 939 caecus
1311 908 1439 947 quidam
1466 906 1594 945 rogabat
1619 905 1732 937 deduci
1754 913 1788 936 se
1810 905 1849 936 ad

1064 958 1208 990 cellulam
1225 958 1358 995 Macarii,
1372 966 1451 998 quae
1467 957 1575 988 eratin
1591 957 1726 994 deserto,
1739 956 1849 986 itinere

1063 1009 1156 1039 trium
1172 1009 1303 1039 dierum.
1321 1009 1388 1044 Quo
1402 1011 1604 1048 posteaquam
1624 1015 1736 1037 caecus
1750 1005 1849 1036 multo

1064 1058 1257 1089 ductantium
1282 1058 1388 1089 labore
1415 1054 1756 1097 pervenit,'Macarium
1783 1064 1848 1086 non

1063 1108 1180 1148 reperit
1203 1107 1298 1138 domi.
1322 1107 1523 1137 Contristatus
1553 1105 1638 1135 valde
1673 1104 1848 1135 nullatenus

1063 1158 1204 1196 mitigare
1226 1156 1412 1187 maestitiam
1434 1159 1567 1195 poterat,
1583 1155 1721 1186 sanitatis
1739 1154 1848 1185 solatio

1064 1217 1184 1240 carens.
1200 1209 1277 1238 Tum
1291 1215 1366 1238 vero
1380 1206 1502 1236 fervore
1518 1205 1590 1236 ﬁdei
1605 1204 1825 1236 concalescens
1839 1213 1846 1234 :

1062 1259 1232 1299 Deprecor,
1246 1257 1349 1296 inquit
1367 1256 1406 1287 ad
1423 1264 1477 1286 eos
1496 1255 1550 1295 qui
1570 1255 1772 1290 deduxerant,
1789 1263 1848 1294 ap—

1063 1309 1176 1349 plicate
1187 1317 1237 1338 me
1248 1307 1285 1338 ad
1298 1307 1381 1337 illam
1394 1310 1513 1346 partem
1526 1305 1662 1345 parietis,
1670 1304 1724 1335 ubi
1734 1305 1848 1335 cubare

1062 1358 1167 1388 senior
1187 1356 1274 1387 solet.
1291 1356 1328 1386 Et
1347 1364 1417 1386 cum
1437 1354 1546 1385 fuisset
1563 1353 1718 1389 admotus.
1735 1362 1847 1392 parum

1065 1407 1121 1438 luti
1136 1407 1224 1443 aridi,
1235 1406 1319 1436 unde
1335 1405 1436 1444 paries
1451 1403 1564 1435 oblitus
1578 1403 1748 1439 videbatur,
1764 1411 1850 1433 assu-

1062 1466 1151 1488 mens
1169 1456 1288 1496 palmae
1305 1463 1378 1486 suae
1397 1453 1607 1493 superposuit.
1623 1453 1722 1491 Rogat
1742 1452 1848 1488 etiam,

1062 1511 1097 1538 ut
1118 1515 1230 1547 aquam
1252 1506 1290 1536 de
1316 1508 1422 1545 puteo,
1440 1513 1478 1535 ex
1501 1511 1564 1543 quo
1583 1503 1691 1533 bibere
1715 1502 1846 1539 solebat,

1063 1558 1231 1593 haurirent.
1260 1558 1326 1593 Quo
1354 1556 1487 1586 humore
1510 1553 1668 1585 resolvens
1693 1553 1848 1592 glebulam

1062 1607 1237 1647 eodemque
1261 1607 1325 1637 luto
1347 1605 1454 1636 oculos
1476 1613 1549 1635 suos
1571 1612 1800 1644 superuugens,
1817 1608 1848 1634 et

1062 1657 1166 1689 lavans
1188 1657 1227 1688 de
1248 1665 1329 1696 aqua
1353 1664 1433 1695 quae
1456 1655 1564 1686 hausta
1585 1654 1696 1690 fuerat,
1717 1658 1847 1693 repente

1062 1707 1181 1747 recepit
1195 1708 1304 1744 visum,
1315 1706 1356 1737 ita
1366 1710 1400 1736 ut
1411 1705 1496 1737 nullo
1506 1705 1648 1744 indigens
1658 1703 1848 1735 adminiculo

1062 1756 1178 1787 rediret
1200 1755 1239 1787 ad
1262 1764 1326 1786 sua.
1353 1755 1412 1786 Sed
1438 1763 1478 1786 ne
1504 1753 1675 1785 secundum
1703 1752 1848 1792 leprosos

1062 1805 1133 1836 illos
1153 1808 1268 1844 ageret,
1285 1813 1366 1844 quos
1384 1813 1401 1835 a
1420 1812 1453 1834 se
1474 1807 1596 1835 curatos
1617 1802 1649 1832 in
1673 1801 1848 1840 Evangeliis

1061 1856 1199 1895 ingratos
1213 1855 1363 1886 Dominus
1375 1857 1474 1890 notat,
1491 1862 1561 1884 cum
1580 1852 1667 1884 omni
1682 1852 1776 1883 domo
1791 1860 1848 1882 sua

1063 1914 1221 1945 regressus
1235 1909 1264 1936 et
1278 1905 1342 1936 Deo
1357 1904 1436 1940 114
1447 1904 1558 1943 gratias
1571 1902 1709 1934 referens
1724 1911 1801 1939 rem,
1814 1906 1849 1933 ut

1064 1960 1148 1996 gesta
1174 1955 1286 1992 fuerat,
1305 1954 1451 1985 indicavit
1475 1953 1527 1993 (8).
1547 1964 1560 1980 ι»
1584 1954 1662 1982 Tum
1686 1952 1847 1982 historiam

1063 2006 1187 2037 tradens
1202 2005 1329 2036 leaenae
1343 2004 1473 2043 eiusque
1488 2011 1651 2034 caecorum
1662 2002 1849 2039 catulorum,

1064 2066 1144 2097 quos
1164 2056 1314 2087 Macarius
1328 2055 1455 2090 sanavit,
1470 2054 1602 2084 Ruﬁnus
1621 2053 1669 2083 his
1690 2052 1849 2083 concludit

1063 2107 1164 2138 verbis
1184 2115 1191 2136 :
1216 2118 1229 2134 ι(
1253 2107 1367 2136 Verum
1392 2105 1417 2135 si
1444 2103 1637 2143 singulorum
1662 2102 1849 2133 mirabilium

1065 2160 1149 2196 gesta
1165 2155 1315 2195 prosequi
1333 2154 1474 2190 velimus,
1488 2152 1683 2183 excludimur
1695 2161 1712 2182 δ
1727 2159 1849 2192 propo-

228 2208 301 2245 post
319 2205 433 2236 verba:
450 2217 464 2233 α
482 2214 545 2236 non
567 2208 612 2235 est
632 2209 735 2236 autem
756 2213 871 2241 meum,
887 2208 922 2236 ut
939 2202 1011 2237 reus
1028 2209 1048 2236 D
1063 2207 1118 2237 sita
1135 2207 1293 2243 brevitate,
1310 2207 1443 2237 maxime
1459 2214 1529 2236 cum
1547 2205 1624 2235 haec
1639 2205 1849 2235 narrationem

230 2256 395 2295 prodatur,
416 2267 430 2284 ιι
448 2255 525 2287 haec
540 2255 696 2286 adduntur
717 2265 723 2286 :
741 2268 756 2284 «
772 2256 901 2287 forsitan
927 2256 1010 2287 enim

229 2309 458 2346 compungetur
468 2305 569 2336 adhuc
585 2315 643 2345 pro
656 2305 774 2337 scelere
786 2306 870 2346 quod
885 2305 1014 2338 commi-

267 2410 306 2447 (1)
326 2410 417 2438 Ruﬁni
444 2409 513 2437 Hist.
539 2410 613 2438 Eccl.
638 2412 686 2438 lib.
709 2412 730 2439 ll
751 2419 812 2447 cap.
833 2411 849 2438 4
868 2411 912 2440 ed.
931 2409 1012 2438 Basil.

231 2457 301 2484 15H
315 2464 340 2491 p.
352 2457 415 2487 242,
430 2456 519 2483 Ruﬁni
532 2456 600 2492 Opp.
617 2458 661 2485 ed.
674 2457 790 2486 Vallarsi
807 2466 834 2493 p.
846 2458 910 2491 271,
925 2457 1015 2485 Μίριιε

230 2503 333 2530 Patrol.
352 2502 385 2529 Τ.
400 2502 460 2529 XXI
475 2510 502 2538 p.
518 2503 581 2530 611.

265 2555 303 2588 (2)
320 2554 409 2582 Ruﬁni
423 2555 553 2590 Apologia
566 2555 725 2592 [invectiva]
738 2556 764 2582 in
779 2555 808 2582 S.
821 2555 1014 2591 Hieronymum

231 2599 278 2627 lib.
305 2599 325 2625 ll
347 2607 407 2634 cap.
431 2600 475 2630 12,
496 2600 564 2635 Opp.
591 2600 634 2628 ed.
651 2600 767 2628 Vallarsi
790 2609 815 2636 p.
837 2601 900 2633 567,
925 2601 1014 2636 Migne

231 2643 333 2671 Patrol.
348 2644 380 2673 Τ.
393 2644 450 2671 XXI
466 2653 492 2680 p.
505 2644 567 2677 594,
582 2645 610 2673 S.
623 2645 733 2673 Hieron.
759 2646 827 2681 Opp.
851 2647 895 2674 ed.
911 2646 1011 2674 Bened.

231 2689 262 2717 Τ.
276 2689 311 2718 IV
325 2690 355 2717 P.
370 2690 391 2717 II
406 2699 433 2724 p.
448 2691 509 2718 424.

266 2741 304 2775 (3)
319 2740 430 2768 Makrizi
447 2740 610 2769 Geschichte
625 2743 674 2770 der
690 2743 793 2778 Coplen
803 2764 810 2776 ,
824 2744 866 2771 ed.
882 2744 907 2771 1.
927 2751 953 2778 p.
966 2743 1011 2770 40.

266 2792 305 2828 (4)
316 2792 376 2820 Lib.
391 2792 412 2820 ν
427 2794 509 2821 libell.
526 2795 551 2825 7.
569 2794 595 2821 9.

266 2843 305 2879 (ti)
328 2845 461 2879 Apoplith.
484 2846 517 2873 de
542 2845 662 2873 Macario
686 2847 819 2882 Aegyptio
837 2855 897 2882 cap.
919 2847 940 2875 Ι.
966 2846 1009 2874 ιν.

1064 2257 1184 2297 proprii
1198 2256 1313 2287 habere
1324 2256 1428 2296 operis
1442 2259 1620 2286 mereantur
1629 2254 1683 2296 (9).
1699 2267 1712 2282 »
1722 2254 1849 2284 Morbus

1064 2306 1118 2337 ille
1141 2306 1304 2337 oculorum
1329 2309 1358 2337 et
1381 2306 1511 2337 caecitas
1538 2305 1633 2336 hodie
1662 2313 1789 2344 quoque
1814 2303 1848 2334 in

1066 2410 1161 2438 XXVI.
1176 2411 1294 2438 Coteler.
1312 2411 1385 2438 Eccl.
1397 2411 1493 2437 Graec.
1509 2410 1581 2437 Men.
1599 2410 1630 2437 T.
1645 2411 1652 2437 I
1671 2419 1696 2444 p.
1710 2409 1773 2436 526.
1784 2409 1846 2436 530.

1064 2457 1133 2489 550;
1152 2457 1258 2484 infrain
1268 2457 1366 2484 harum
1379 2456 1577 2489 Quaestionum
1592 2455 1749 2491 Appendiee
1763 2455 1848 2482 altera

1065 2503 1117 2530 sub
1136 2502 1178 2529 Ill.

1102 2555 1141 2590 (6)
1157 2554 1216 2582 VV.
1231 2554 1283 2581 PP.
1298 2554 1390 2582 Rosw.
1406 2554 1444 2582 lib
1462 2553 1496 2581 lll
1513 2562 1574 2589 cap.
1589 2554 1619 2581 41
1638 2562 1663 2589 p.
1680 2554 1742 2586 507,
1757 2553 1785 2580 2.

1100 2608 1138 2644 (7)
1152 2607 1194 2636 Cf.
1207 2617 1290 2644 supra
1308 2609 1404 2644 Caput.
1419 2608 1428 2635 Ι
1444 2608 1457 2644 §
1471 2608 1487 2635 6
1500 2617 1527 2643 p.
1545 2609 1587 2635 16.

1075 2691 1078 2693 _
1100 2663 1137 2697 (8)
1153 2661 1245 2688 Ruﬁni
1266 2661 1336 2689 Hist.
1352 2661 1457 2688 Eccles.
1482 2662 1528 2688 lib.
1546 2661 1565 2687 ll
1584 2669 1644 2695 cap.
1663 2661 1679 2687 4
1698 2661 1742 2688 ed.
1763 2661 1845 2689 Basil.

1063 2707 1082 2734 l.
1106 2716 1133 2743 p.
1156 2707 1210 2734 242
1231 2715 1285 2742 sq.,
1316 2706 1404 2734 ltuﬁni
1430 2707 1498 2742 Opp.
1517 2707 1561 2734 ed.
1586 2707 1701 2735 Vallarsi
1730 2715 1755 2742 p.
1780 2707 1845 2738 271,

1063 2752 1152 2787 Migne
1167 2753 1185 2778 l.
1200 2753 1219 2778 ι.
1237 2760 1263 2787 p.
1277 2752 1339 2779 512.

1101 2805 1138 2839 (9)
1161 2803 1230 2832 lbid.
1255 2804 1299 2833 ed.
1322 2805 1403 2833 Basil.
1427 2805 1445 2831 Ι.
1469 2812 1495 2840 p.
1519 2803 1584 2837 215,
1606 2801 1720 2831 Vallarsi
1737 2810 1763 2838 p.
1781 2801 1846 2835 272.

1065 2848 1153 2884 Miguc
1168 2850 1186 2876 1.
1201 2850 1218 2876 Ι.
