2060 3153
211 196 263 223 109

965 191 1078 219 νιΤΑΕ.

212 256 353 293 Aegypto
372 256 403 284 et
421 253 454 284 in
474 253 570 293 Libya
588 253 776 285 creberrima
794 256 867 285 sunt
883 252 936 294 (1).
953 253 996 284 De
1012 255 1034 283 Δ
1047 254 1137 284 Scete
1160 253 1250 286 sitam
1273 255 1370 287 fuisse
1383 256 1437 297 (6),
1455 255 1591 288 otlcndit
1613 259 1729 294 tamen,
1748 257 1832 296 quod

212 305 343 335 Macario
358 306 460 335 autem
476 304 685 335 Alexandrino
698 304 847 336 Ruﬁnum
862 304 905 335 ibi
921 313 995 336 nar-

213 362 290 391 rare,
306 353 422 386 indicat
443 353 525 386 liber
548 355 716 393 secundus,
736 355 775 386 ad
795 364 890 395 quem
911 364 996 387 nunc

215 413 364 435 venimus.

250 465 264 502 ᾗ
286 463 335 494 28.
357 464 499 504 Scriptor
520 464 590 496 libri
604 466 735 497 secundi
747 467 810 498 VV.
821 468 880 498 PP.
897 467 996 499 colle-

211 514 325 545 ctionis
340 515 584 553 Rosweidianae,
601 519 768 556 postquam
793 517 833 548 de
860 518 996 550 Macario

211 564 364 604 Aegyptio
389 565 504 603 retulit,
525 566 564 596 de
585 566 794 598 Alexandrino
818 571 997 600 narraturus

211 615 252 646 ita
279 616 419 655 incipit:
441 627 455 644 α
479 615 564 647 Alius
591 625 665 648 vero
693 620 818 649 sanctus
847 619 997 651 Macarius

211 666 390 704 magniﬁcas
409 666 501 697 etiam
524 667 592 707 ipse
609 667 738 699 virtutes
759 670 995 707 consummavit,

212 716 251 746 de
265 716 379 756 quibus
400 719 430 747 et
451 717 503 748 alii
524 718 675 750 nonnulla
695 719 897 759 scripserunt,
916 730 996 761 quae

212 765 355 797 sufﬁcere
376 768 496 806 possint
517 767 556 799 ad
579 769 725 800 virtutum
749 770 816 801 eius
839 772 996 810 magnitu-

213 814 319 845 dinem
334 817 552 854 contuendam,
564 821 594 849 et
605 817 678 850 ideo
691 827 750 850 nos
760 828 797 851 ea
807 821 996 861 compendio

214 865 418 904 praeterimus
437 866 490 907 (2).
509 878 521 895 ι
547 868 592 899 Ad
621 877 774 909 quosnam
802 870 841 901 de
871 871 995 902 Macarii

1046 303 1109 335 iam
1130 305 1313 346 simpliciter
1334 307 1368 338 in
1390 308 1478 339 Scete
1492 307 1650 338 habitasse
1664 307 1787 344 dicitur,
1802 308 1832 339 id

1048 355 1134 395 quod
1169 357 1282 388 eodem
1315 358 1452 389 Palladio
1480 361 1610 390 auctore
1641 358 1769 398 proprie
1797 367 1833 390 ac

1046 405 1152 436 stricte
1173 405 1212 436 de
1235 405 1303 438 solo
1332 407 1465 439 Macario
1487 407 1643 447 Aegyptio
1663 407 1754 439 valet.
1773 409 1832 440 Sed

1047 464 1145 495 quum
1168 456 1302 497 scriptor
1327 457 1397 489 libri
1422 459 1555 490 secundi
1576 458 1615 489 de
1642 458 1833 490 habitatione

1047 506 1171 537 Macarii
1195 507 1339 547 Aegyptii
1362 507 1439 538 nihil
1464 508 1591 542 referat.
1610 507 1693 539 haud
1715 512 1833 540 temere

1048 557 1153 596 colligi
1166 557 1298 595 videtur,
1313 559 1497 599 scriptorem
1511 561 1565 590 aut
1581 558 1757 590 confudisse
1775 559 1833 590 hac

1046 606 1080 637 in
1093 616 1127 638 re
1145 609 1309 640 Macarium
1324 609 1510 649 Aegyptium
1523 618 1596 640 cum
1611 609 1830 646 Alexandrino,

1047 660 1099 688 aut
1120 658 1160 688 de
1179 658 1370 690 habitatione
1396 660 1520 691 Macarii
1546 659 1746 691 Alexandrini
1768 669 1832 690 non

1047 712 1190 740 accurate
1209 710 1354 741 edoctum
1373 710 1481 742 fuisse.
1501 710 1640 742 Palladio
1661 710 1756 747 enim,
1778 712 1832 750 qui

1047 761 1109 790 tres
1136 768 1237 790 annos
1261 769 1325 791 una
1351 770 1422 792 cum
1455 761 1588 793 Macario
1621 760 1831 792 Alexandrino

1046 809 1132 844 vixit,
1151 810 1185 840 in
1210 819 1246 841 ea
1269 820 1303 841 re
1327 811 1478 843 maiorem
1501 811 1595 842 ﬁdem
1621 810 1830 842 adhibendam

1047 868 1115 891 esse
1131 861 1222 900 plane
1237 864 1333 900 patet.

214 913 410 947 Alexandrini
450 917 616 950 virtutibus
654 921 825 960 scriptores
864 925 995 961 spectet,
1013 923 1035 951 ῃ
1087 911 1259 952 Descriptio
1269 916 1373 943 autem
1384 912 1439 943 ista
1455 912 1552 943 Scetis
1562 911 1831 948 solitudinis,cum

215 973 354 1004 quaeres.
371 968 445 999 Sine
467 969 564 1001 dubio
585 970 623 1001 ad
648 971 817 1003 Palladium
839 974 996 1014 respicere

213 1017 331 1057 nequit,
340 1018 458 1059 quippe
469 1020 522 1059 qui
534 1020 700 1053 Historiam
711 1024 887 1055 Lausiacam
898 1027 996 1058 multo

212 1069 282 1106 post
297 1067 466 1107 scripserit.
486 1070 584 1105 Quare
599 1071 657 1101 soli
671 1071 890 1113 relinquuntur
907 1076 995 1106 Rufi-

212 1125 270 1146 nus
285 1117 318 1147 in
336 1118 585 1157 Continuatione,
603 1130 694 1161 quam
712 1123 881 1163 attulimus,
897 1130 928 1157 et
943 1127 995 1157 Ti-

210 1166 357 1199 motheus
379 1169 547 1210 episcopus
570 1171 606 1212 (1'
623 1172 696 1213 385)
715 1172 768 1214 (3),
790 1184 884 1215 quem
908 1186 996 1208 com-

212 1215 348 1254 plurium
369 1220 596 1253 monachorum
620 1224 696 1254 vitas
720 1224 817 1256 literis
833 1227 997 1260 mandasse

211 1267 404 1300 Sozomenus
418 1271 510 1301 tradit
525 1271 577 1312 (4).
595 1273 665 1304 Istis
684 1277 787 1306 autem
804 1277 906 1308 verbis
926 1277 998 1309 libri

211 1319 340 1349 secundi
355 1320 488 1360 scriptor
505 1323 644 1363 quinque
663 1326 822 1366 subiungit
839 1327 996 1367 historias,

211 1376 343 1407 quarum
361 1374 421 1400 tres
439 1371 501 1402 iam
518 1373 602 1413 apud
620 1375 791 1408 Palladium
808 1378 996 1419 invenimus,

211 1417 251 1448 de
271 1418 336 1450 viso
358 1420 476 1452 scilicet
496 1429 701 1456 monumento
725 1436 897 1467 magorum,
917 1417 997 1470 quae

211 1469 324 1508 primo,
334 1471 373 1501 de
391 1481 459 1509 uva,
471 1482 551 1514 quae
566 1477 717 1514 secundo,
728 1482 758 1508 et
773 1479 811 1509 de
826 1469 998 1520 congressu

212 1527 283 1549 cum
298 1519 420 1552 duobus
430 1522 573 1561 tribunis,
581 1534 660 1565 quae
671 1527 780 1559 ultimo
791 1529 861 1560 loco
872 1519 994 1570 legitur.

211 1570 272 1600 Sed
289 1570 372 1628 inter
387 1573 520 1612 primam
535 1574 619 1606 illam
636 1577 827 1619 alteramque
843 1583 994 1613 narratio-
1009 1600 1030 1628 ο

211 1628 284 1651 nem
313 1621 385 1660 loci,
408 1632 503 1663 quem
532 1626 680 1659 Macarius
703 1628 895 1669 inhabilavit,
916 1632 996 1665 hanc

212 1669 455 1711 descriptionem
469 1674 640 1715 interponit
653 1686 660 1708 :

1048 962 1171 1001 quantis
1184 961 1415 993 difﬁcultatibus
1429 962 1591 993 monachis
1609 986 1616 999 ,
1632 962 1687 1001 qui
1702 970 1772 992 eam
1786 962 1833 992 in-

1046 1011 1237 1048 habitabant,
1253 1012 1466 1043 dimicandum
1480 1011 1583 1048 fuerit,
1596 1011 1668 1042 satis
1684 1012 1829 1042 ostendit.

1046 1063 1129 1098 Quae
1170 1062 1298 1102 quidem
1339 1063 1449 1094 eadem
1485 1062 1653 1102 descriptio
1687 1062 1720 1092 in
1751 1062 1831 1093 libro

1047 1117 1134 1144 sexto
1155 1114 1196 1154 (7)
1217 1114 1340 1153 legitur.
1363 1116 1464 1155 Atque
1486 1114 1657 1154 asperrima
1682 1114 1775 1145 etiam
1798 1114 1831 1144 in

1047 1164 1170 1195 Cellulis
1183 1164 1244 1195 vita
1259 1165 1430 1196 obtinuisse
1445 1165 1577 1202 videtur,
1593 1165 1741 1204 quoniam
1756 1174 1830 1205 per-

1046 1213 1193 1245 fectiores
1212 1215 1328 1246 Nitriae
1347 1215 1463 1246 montis
1482 1214 1627 1245 monachi
1642 1223 1680 1244 eo
1696 1223 1729 1244 se
1748 1214 1829 1245 reci-

1048 1265 1187 1305 piebant,
1202 1266 1379 1306 singulique
1397 1266 1484 1297 cellis
1503 1266 1545 1297 ita
1563 1266 1644 1296 inter
1662 1274 1696 1296 se
1711 1265 1829 1295 distan-

1047 1315 1141 1353 tibus,
1155 1319 1189 1347 ut
1212 1316 1288 1347 alter
1310 1316 1441 1346 alterum
1463 1325 1522 1347 nec
1544 1316 1648 1346 videre
1672 1324 1731 1346 nec
1753 1323 1830 1346 voce

1047 1366 1170 1406 assequi
1190 1369 1307 1406 posset,
1319 1365 1485 1396 utebantur
1499 1364 1552 1405 (8).
1569 1365 1754 1396 Monasteria
1773 1365 1829 1396 de-

1048 1416 1143 1456 nique
1163 1417 1278 1447 Nitriae
1297 1416 1423 1452 montis,
1435 1416 1468 1446 in
1482 1416 1596 1455 quibus
1610 1415 1676 1446 fere
1691 1415 1831 1454 quinque

1047 1466 1142 1497 millia
1158 1467 1293 1497 virorum
1314 1475 1385 1497 cum
1406 1469 1478 1497 octo
1497 1465 1558 1497 loci
1580 1464 1770 1506 presbyteris
1784 1465 1830 1495 vi-

1047 1517 1171 1554 vebant,
1185 1525 1278 1557 quam
1293 1517 1451 1557 praeclare
1465 1516 1604 1547 instituta
1618 1516 1745 1553 fuerint,
1760 1516 1832 1547 Pal-

1047 1565 1147 1598 ladius
1165 1568 1310 1607 exposuit
1325 1566 1378 1609 (9).

1089 1629 1168 1664 116
1183 1630 1298 1667 Restat,
1312 1632 1346 1660 ut
1365 1629 1442 1660 duas
1455 1629 1523 1660 illas
1536 1629 1742 1667 narrationes,
1756 1637 1834 1669 quas

1048 1678 1140 1710 nobis
1154 1679 1193 1710 de
1209 1680 1341 1711 Macario
1361 1679 1568 1711 Alexandrino
1582 1679 1664 1711 liber
1677 1679 1835 1710 secundus

254 1732 268 1748 α
284 1722 384 1753 Locus
397 1727 513 1760 autem,
540 1726 573 1757 in
588 1736 651 1767 quo
667 1728 823 1761 habitabat
840 1731 906 1771 ipse
929 1742 999 1764 san-
1048 1739 1144 1762 novas
1171 1730 1309 1769 exhibet,
1333 1731 1511 1762 aderamus.
1534 1732 1619 1762 Haec
1645 1731 1741 1770 igitur
1763 1734 1835 1771 post

213 1774 281 1823 ctus
291 1773 611 1811 Macarius,Scithium
630 1779 814 1818 appellatur.
830 1782 882 1812 Est
895 1786 998 1814 autem
1049 1781 1220 1820 historiam,
1228 1791 1308 1822 quae
1316 1782 1354 1814 de
1366 1792 1425 1814 uva
1433 1783 1506 1822 agit,
1514 1783 1630 1823 scripta
1639 1783 1832 1823 reperimus:

212 1819 246 1851 in
259 1829 364 1853 eremo
379 1824 548 1856 vastissima
563 1827 696 1866 positus,
709 1829 770 1860 diei
782 1834 813 1861 et
827 1832 928 1863 noctis
941 1833 1000 1864 iter
1090 1845 1104 1860 α
1120 1833 1164 1864 Ad
1184 1833 1277 1865 fidem
1298 1842 1432 1874 namque
1451 1834 1671 1865 conﬁrmatum
1688 1833 1780 1864 nobis
1795 1832 1836 1864 de

213 1870 333 1924 habens
357 1873 395 1904 de
420 1875 536 1907 Nitriae
558 1879 765 1916 monasteriis,
786 1884 816 1911 et
838 1881 899 1913 hoc
922 1884 999 1919 115
1050 1892 1088 1914 eo
1103 1886 1148 1914 est
1161 1883 1200 1914 ab
1215 1883 1273 1920 his,
1289 1884 1344 1924 qui
1360 1870 1398 1914 ei:
1413 1892 1467 1915 ore
1482 1885 1549 1915 eius
1563 1884 1736 1920 audierant,
1749 1882 1837 1922 quod

214 1921 299 1953 nulla
318 1924 437 1962 semita,
457 1935 562 1966 neque
584 1929 715 1960 terrenis
734 1930 890 1970 aliquibus
909 1934 998 1970 colli-
1049 1934 1185 1973 quodam
1211 1921 1355 1974 tempore
1379 1933 1479 1965 noctis
1502 1933 1636 1964 daemon
1658 1933 1698 1964 ad
1720 1933 1834 1964 ostium

214 1971 295 2023 gitur
321 1971 368 2003 vel
394 1978 582 2007 monstratur
605 1977 740 2016 indiciis,
761 1980 816 2011 sed
841 1982 999 2015 stellarum
1049 1971 1181 2015 cellulae
1201 1971 1457 2023 eius—pulsaverit
1476 1983 1607 2015 dicens:
1626 1984 1742 2022 Surge,
1755 1983 1836 2015 abba

213 2021 311 2060 signis
330 2025 361 2054 et
381 2025 523 2056 cursibus
544 2028 695 2066 pergitur.
710 2030 798 2069 Aqua
820 2040 889 2063 raro
910 2033 998 2064 inve-
1049 2034 1173 2071 Macari,
1191 2037 1221 2064 et
1236 2021 1344 2064 eamus
1358 2033 1397 2064 ad
1413 2033 1587 2071 collectam,
1602 2034 1657 2065 ubi
1670 2034 1782 2064 fratres
1795 2033 1834 2064 ad

215 2072 315 2124 nitur,
326 2076 359 2124 et
375 2074 476 2106 sicubi
489 2076 613 2108 inventa
628 2077 732 2116 fuerit,
747 2081 853 2112 odoris
873 2084 1000 2123 quidem
1050 2083 1168 2123 vigilias
1182 2086 1422 2123 congregantur.
1438 2084 1498 2114 Sed
1512 2083 1577 2121 ille,
1592 2084 1646 2124 qui
1664 2085 1761 2123 gratia
1780 2084 1835 2115 Dei

214 2121 362 2174 dirissimi
381 2127 438 2162 est,
450 2128 481 2156 et
495 2127 583 2166 quasi
604 2128 788 2167 bituminea,
804 2132 860 2162 sed
880 2121 1000 2174 saporis
1049 2121 1189 2174 repletus
1209 2121 1275 2166 falli
1294 2121 1359 2165 non
1383 2137 1514 2174 poterat,
1533 2121 1697 2172 intellexit,
1719 2134 1837 2166 diaboli

214 2171 345 2204 innoxii.
364 2175 441 2206 Sunt
457 2184 531 2215 ergo
546 2177 587 2207 ibi
606 2179 663 2209 viri
680 2179 767 2211 valde
781 2171 927 2221 perfecti}
942 2193 1001 2216 nec
1051 2171 1120 2216 esse
1141 2185 1305 2222 fallaciam,
1321 2187 1350 2215 et
1372 2171 1415 2215 ait
1432 2193 1438 2214 :
1453 2184 1477 2214 Ο
1494 2183 1631 2215 mendax
1650 2171 1839 2215 etrveritatis

216 2223 300 2254 enim
314 2225 429 2264 patitur
442 2228 504 2257 tam
524 2228 671 2259 terribilis
685 2229 772 2261 locus
792 2231 851 2263 nisi
869 2235 1000 2273 perfecti
1016 2264 1036 2274 η
1050 2233 1190 2266 inimice!
1209 2234 1284 2274 quid
1299 2233 1383 2264 enim
1396 2233 1453 2264 tibi
1468 2233 1629 2271 consortii,
1643 2233 1718 2273 quid
1732 2233 1838 2264 socie-

215 2275 367 2314 propositi
379 2275 567 2309 habitatores
578 2288 781 2322 summaeque
789 2286 996 2324 constantiae;
1015 2275 1037 2292 υ
1053 2285 1120 2316 tatis
1133 2287 1180 2315 est
1192 2292 1263 2314 cum
1276 2283 1405 2314 collecta
1419 2286 1449 2314 et
1461 2283 1702 2322 congregatione
1716 2286 1835 2314 sancto-

216 2324 372 2356 charitatis
395 2330 498 2357 tamen
524 2329 605 2360 inter
628 2339 662 2361 se
687 2334 718 2362 et
742 2341 814 2371 erga
834 2343 956 2373 omnes,
973 2337 1000 2368 si
1051 2334 1139 2366 rum?
1153 2337 1191 2365 At
1203 2334 1255 2364 ille
1269 2343 1276 2364 :
1292 2335 1379 2364 Latet
1396 2341 1469 2372 ergo
1486 2336 1528 2368 te.
1544 2333 1658 2373 inquit,
1672 2341 1696 2364 ο-
1710 2333 1833 2370 Macari,

216 2376 270 2416 qui
280 2376 360 2407 forte
369 2377 408 2408 ad
417 2386 472 2408 eos
482 2384 690 2418 accesserunt,
698 2391 853 2415 summum
863 2387 1000 2418 studium
1051 2385 1136 2426 quod
1150 2385 1219 2415 sine
1233 2384 1325 2415 nobis
1336 2383 1421 2414 nulla
1434 2383 1564 2414 collecta
1576 2383 1676 2422 agitur
1686 2382 1834 2422 nullaque

216 2430 328 2466 Serum
342 2425 396 2468 (⁵)-
415 2438 429 2455 ”
1050 2425 1251 2475 congregatio
1273 2433 1518 2465 monachorum?
1542 2434 1620 2464 Veni
1643 2432 1780 2472 denique
1803 2437 1839 2464 et-

254 2477 317 2507 Etsi
340 2485 358 2507 e
383 2477 520 2508 Palladio
542 2478 718 2518 didicimus,
738 2490 755 2512 e
778 2482 877 2514 tribus
900 2485 997 2524 cellis,
1050 2486 1168 2518 videbis
1183 2493 1283 2525 opera
1294 2487 1409 2516 nostra.
1424 2485 1510 2514 Tunc
1528 2483 1581 2514 ille
1597 2492 1603 2513 :
1621 2484 1765 2522 Imperet,
1782 2483 1833 2514 in-

216 2534 294 2566 quas
312 2527 462 2558 Macarius
479 2526 705 2561 Alexandrinus
718 2530 837 2571 habuit,
853 2542 947 2565 unam
966 2536 999 2567 in
1051 2538 1130 2578 quit,
1154 2537 1211 2568 tibi
1240 2536 1402 2572 Dominus,
1427 2535 1561 2566 daemon
1593 2534 1765 2565 immunde.
1796 2535 1836 2566 Et

251 2609 293 2644 (1)
309 2609 431 2637 Μίηιηοιί
451 2611 469 2638 l.
488 2611 507 2638 I.
521 2619 548 2646 ι).
562 2611 593 2639 51
614 2620 657 2647 sq.
671 2613 856 2643 Tischendort‘
866 2617 885 2644 Ι.
899 2617 919 2646 1.

251 2657 290 2691 ('2)
315 2656 371 2684 VV.
396 2657 447 2684 PP.
474 2659 566 2686 Rosw.
586 2659 632 2686 lib.
655 2659 675 2687 ΙΙ
699 2668 760 2696 cap.
785 2662 820 2690 29
835 2670 860 2698 p.
884 2663 947 2696 480,
966 2664 1000 2696 2;

218 2703 333 2730 Van-arsi
348 2704 365 2729 l.
382 2704 400 2731 l.
417 2712 446 2738 p.
461 2704 530 2736 196.
551 2704 641 2740 Migne
657 2705 760 2734 Patro].
776 2707 795 2734 l.
810 2708 828 2734 Ι.
851 2716 878 2744 ρ.
892 2709 944 2737 452
956 2719 998 2745 sq.

251 2750 289 2783 (5)
305 2749 451 2776 Tillemont
464 2750 607 2779 Mémoires
621 2751 653 2779 T.
674 2751 707 2778 Vl
723 2752 753 2780 Ρ.
775 2753 797 2780 ll
811 2762 837 2788 p.
853 2755 915 2782 649.

253 2795 290 2829 (Δ)
304 2795 412 2822 Sozam.
434 2795 503 2824 Hist.
537 2796 611 2824 Eccl.
639 2797 688 2825 lib.
717 2798 750 2825 Vl
769 2807 828 2834 cap.
856 2800 891 2827 29
914 2801 959 2828 ed.
980 2801 998 2828 l.

217 2848 243 2876 p.
258 2840 320 2868 680.

255 2887 293 2922 (5)
308 2886 362 2914 νγ.
378 2887 430 2917 ΡΡ,
443 2887 533 2917 Rosw.
550 2889 570 2916 l.
587 2889 607 2916 l.
629 2897 655 2925 p.
671 2889 734 2922 481,
754 2890 765 2917 1
780 2899 787 2924 ;
805 2890 922 2919 Vallarsi
938 2892 956 2919 ι.
979 2892 998 2920 Ι.

220 2943 246 2969 p.
263 2934 321 2968 ltl'l,
344 2935 431 2971 Miguc
447 2934 466 2963 l.
482 2935 501 2963 1.
516 2943 542 2971 p.
555 2936 610 2964 453

1085 2620 1122 2655 (6)
1141 2619 1229 2655 Supra
1244 2619 1310 2653 Cap.
1326 2618 1359 2645 Ill
1377 2628 1402 2652 p.
1419 2617 1463 2645 69.
1479 2617 1516 2644 cf.
1533 2625 1558 2652 p.
1574 2617 1618 2645 89.

1084 2666 1122 2700 (7)
1137 2665 1194 2694 vv.
1210 2665 1260 2692 ιιι».
1276 2665 1367 2692 Rosw.
1385 2663 1430 2690 na
1448 2663 1483 2689 γι
1500 2663 1672 2693 |ihell.3.15
1685 2671 1710 2698 p.
1723 2663 1785 2696 656,
1803 2664 1829 2691 2.

1083 2711 1120 2747 (ε)
1138 2711 1195 2738 vv.
1217 2709 1268 2737 pr.
1293 2709 1385 2736 Bosw.
1407 2709 1454 2736 lib.
1474 2709 1495 2736 ll
1515 2716 1577 2743 cap.
1599 2709 1636 2736 22
1659 2717 1686 2744 p.
1710 2710 1772 2738 ns.
1793 2711 1834 2737 eL

1049 2757 1119 2784 llist.
1143 2756 1225 2784 Laus.
1248 2754 1292 2783 ed.
1313 2754 1414 2782 Meurs.
1434 2762 1493 2789 cap.
1514 2754 1549 2782 70
1565 2754 1633 2789 Opp.
1658 2754 1760 2784 Meurs.
1776 2756 1794 2783 ι.
1812 2756 1830 2783 ι.

1071 2825 1077 2830 .
1095 2802 1156 2830 532.

1051 2811 1216 2883 paxilli“.
1233 2846 1377 2876 Laus..cd.
1395 2846 1496 2875 Meurs.
1521 2853 1582 2882 cap.
1597 2846 1617 2874 8
1635 2846 1705 2883 Opp.
1731 2847 1827 2875 Meum.

1052 2896 1071 2924 l.
1087 2895 1104 2923 l.
1121 2904 1147 2931 p.
1164 2894 1217 2922 360
1229 2902 1270 2930 sq.
