2060 3153
635 138 686 166 SS.
707 137 937 167 MACARIORUM
953 138 1113 167 AEGYPTll
1131 140 1174 167 ET
1196 140 1430 168 ALEXANDRINI

1796 139 1847 166 119.

231 207 397 230 conversus
419 199 458 231 ad
482 200 655 231 orationem
680 201 769 240 petiit
784 210 802 232 a
820 201 965 238 Domino,
980 204 1013 231 ut
1027 203 1050 231 Α
1064 210 1126 241 que
1140 202 1331 241 conceperit,
1344 210 1383 232 ex
1398 200 1543 231 illusione
1559 200 1747 231 daemonum
1762 199 1846 236 ﬁant;

230 248 288 280 sibi
318 250 506 286 ostenderet,
529 250 555 280 si
584 249 646 281 hoe
677 259 781 282 verum
812 254 905 288 esset,
926 252 1012 292 quod

230 299 377 337 gloriatus
391 303 437 330 est
450 299 595 331 daemon.
608 301 688 332 Abiit
700 310 774 340 ergo
785 302 823 333 ad
838 301 1011 338 collectam,

231 349 284 381 ubi
298 358 315 380 a
328 350 473 381 fratribus
488 350 609 389 vigiliae
626 351 831 387 celebrantur,
849 355 879 382 et
901 351 1013 383 iterum

230 398 261 428 in
279 398 420 429 oratione
437 399 603 430 Dominum
618 399 813 439 deprecatur,
829 403 863 431 ut
881 400 938 431 sibi
958 408 1011 430 ve-

230 448 351 481 ritatem
376 449 461 480 verbi
484 449 576 480 huius
601 449 754 480 ostendat.
778 451 814 480 Et
838 458 923 486 ecce,
938 449 1014 480 vidit

230 507 287 538 per
302 502 398 530 totam
414 499 577 530 ecclesiam
593 499 681 540 quasi
703 500 847 540 parvulos
861 501 1013 542 quosdam

230 549 379 588 puerulos
395 549 564 589 Aethiopes
581 553 678 581 tetros
693 550 867 582 discurrere
886 551 947 582 huc
966 555 1013 583 at-

230 608 292 639 que
308 599 393 636 illuc,
407 603 438 630 et
452 599 534 631 velut
546 600 704 632 volitando
719 601 844 632 deferri.
860 601 953 632 Moris
969 606 1015 632 est

230 651 332 679 autem
353 649 432 680 inibi
458 649 640 681 sedentibus
665 651 785 682 cunctis
807 651 845 682 ab
867 660 931 682 uno
954 651 1015 683 dici

231 699 394 738 psalmum,
408 701 520 731 ceteris
535 700 583 731 vel
603 700 800 732 audientibus
813 701 861 733 vel
881 711 1013 742 respon-

231 748 386 779 dentibus.
416 749 631 780 Discurrentes
666 758 741 789 ergo
769 749 815 780 illi
846 750 1016 790 Aethiopes

231 798 353 837 pueruli
376 799 507 838 singulis
531 800 709 839 quibusque
732 800 912 831 sedentibus
935 800 1014 832 allu-

230 847 355 885 debant,
368 852 398 880 et
411 850 437 880 si
450 851 500 881 cui
516 851 639 882 duobus
655 851 793 890 digitulis
809 851 917 882 oculos
932 861 1017 883 com-

230 899 425 937 pressissent,
444 901 546 932 statim
563 901 763 939 dormitabat;
785 903 874 933 sicui
888 911 961 934 vero
981 902 1013 933 in

230 956 265 976 os
284 947 509 980 immersissent
529 950 672 989 digitum,
688 951 818 982 oscitare
833 961 905 982 eum
919 952 1014 983 facie-

230 998 313 1029 bant.
330 999 388 1030 Ubi
407 1008 480 1031 vero
498 1004 567 1040 post
580 1001 734 1041 psalmum
754 1002 793 1033 ad
815 1003 966 1034 orandum
981 1012 1016 1034 se

230 1049 434 1088 proiecissent
445 1050 566 1088 fratres,
578 1055 802 1092 percurrebant
812 1054 1016 1086 nihilominus

229 1099 381 1138 singulos,
395 1104 425 1131 et
444 1104 516 1131 ante
537 1101 632 1132 alium
652 1102 806 1134 iacentem
824 1103 857 1134 in
875 1105 1016 1136 oratione

229 1149 318 1187 quasi
333 1149 500 1182 mulierum
514 1152 620 1191 specie
633 1151 823 1190 ferebantur,
835 1157 906 1185 ante
921 1154 1015 1186 alium

229 1199 318 1237 quasi
332 1199 531 1231 aediﬁcantes
547 1204 640 1241 atque
655 1206 816 1242 portantes
833 1203 962 1242 aliquid,
980 1213 1016 1236 ac

228 1249 348 1280 diversa
360 1259 504 1290 quaeque
515 1256 642 1290 agentes
652 1253 855 1292 apparebant.
866 1254 904 1283 Et
917 1263 1014 1293 quae-

228 1308 354 1340 cunque
379 1300 549 1332 daemones
565 1302 655 1342 quasi
667 1302 805 1334 ludendo
817 1303 1014 1341 formassent,

229 1351 304 1383 haec
321 1357 446 1384 orantes
460 1353 504 1384 illi
516 1354 550 1384 in
563 1355 666 1385 cordis
682 1355 730 1385 sui
748 1356 935 1395 cogitatione
949 1365 1017 1386 ver-

228 1402 352 1439 sabant;
367 1411 384 1433 a
400 1403 560 1434 nonnullis
575 1407 690 1442 tamen,
701 1405 755 1436 ubi
769 1405 886 1445 aliquid
902 1406 1013 1436 horum

227 1459 319 1489 agere
351 1452 540 1491 coepissent,
565 1453 655 1492 quasi
679 1454 706 1484 vi
738 1454 871 1494 quadam
900 1455 1015 1495 repulsi

229 1501 414 1541 praecipites
430 1502 655 1533 deiiciebantur
668 1503 763 1541 ita,ut
777 1513 836 1535 nec
853 1508 932 1536 stare
948 1506 1017 1544 qui-

1062 256 1100 282 ω)
1125 251 1174 281 his
1198 255 1313 289 autem,
1329 251 1385 292 qui
1406 251 1491 282 omni
1515 250 1656 281 custodia
1678 258 1733 280 cor
1756 258 1847 280 suum

1062 305 1195 338 servant,
1206 301 1277 332 tetri
1289 301 1483 341 repelluntur
1494 300 1674 340 Aethiopes.
1686 300 1750 331 Deo
1764 300 1849 330 enim

1064 351 1230 382 coniuncta
1243 360 1332 382 mens
1347 355 1377 382 et
1391 351 1423 381 in
1442 351 1512 390 ipso
1525 353 1668 390 tempore
1681 350 1848 390 praecipue

1064 401 1212 431 orationis
1229 401 1360 438 intenta,
1377 401 1453 432 nihil
1476 401 1622 437 alienum,
1637 400 1715 430 nihil
1736 409 1848 440 super—

1063 449 1161 480 fluum
1177 450 1288 490 recipit
1302 448 1356 490 (1).
1375 460 1388 476 »
1398 449 1624 485 Animadverte,
1637 449 1768 479 eandem
1782 457 1848 479 rem

1064 500 1103 531 ad
1121 501 1250 531 verbum
1265 500 1298 530 in
1312 500 1545 531 Rosweidianae
1557 499 1750 530 collectionis
1768 498 1849 530 libro

1065 550 1155 581 tertio
1170 549 1277 581 haberi
1287 549 1339 590 (2).
1355 550 1399 581 Ad
1415 550 1589 587 collectam,
1602 558 1712 589 graece
1729 554 1849 588 σύναξιν,

1065 610 1127 640 qua
1141 601 1244 632 omnis
1259 605 1431 632 conventus
1445 601 1484 632 ad
1499 601 1630 641 quodvis
1648 609 1769 632 sacrum
1790 600 1850 632 mi-

1065 651 1228 682 nisterium
1241 651 1425 690 intelligitur
1438 650 1491 691 (3),
1504 651 1689 682 Cellularum
1704 651 1850 682 monachi

1066 701 1134 732 solo
1159 702 1210 732 die
1236 702 1355 732 sabbati
1378 706 1409 732 et
1432 701 1589 732 dominica
1612 701 1849 737 conveniebant,

1066 751 1177 781 ceteris
1188 759 1262 782 vero
1276 751 1386 782 diebus
1401 751 1512 790 singuli
1528 751 1560 781 in
1575 751 1661 782 cellis
1675 751 1740 782 suis
1754 760 1852 782 rema-

1066 799 1247 841 nebant(4).
1267 801 1327 832 Sed
1349 801 1444 832 altera
1463 801 1496 832 in
1517 801 1597 832 libro
1617 801 1756 833 secundo
1774 801 1851 833 haec

1067 850 1200 882 narratio
1217 852 1358 891 sequitur
1372 860 1379 881 :

1107 912 1121 929 α
1144 900 1234 932 Aliud
1254 910 1381 941 quoque
1399 901 1497 932 multo
1518 900 1688 932 terribilius
1706 901 1850 939 addebat,

1067 950 1153 989 quod
1173 951 1299 981 vidisset
1316 959 1354 981 eo
1373 954 1528 991 tempore,
1542 959 1605 990 quo
1627 950 1740 981 fratres
1760 959 1850 982 acce-

1067 1000 1183 1031 debant
1202 1000 1241 1032 ad
1267 1004 1457 1032 sacramenta
1476 1009 1482 1030 :
1502 1000 1557 1031 ubi
1580 1000 1792 1040 porrexissent
1812 1000 1851 1032 ad

1067 1051 1300 1091 suscipiendum
1314 1051 1443 1091 palmas,
1458 1051 1492 1081 in
1512 1050 1736 1082 nonnullorum
1750 1051 1850 1082 mani-

1066 1101 1125 1132 bus
1143 1102 1379 1141 praevenientes
1396 1101 1565 1142 Aethiopes
1581 1102 1732 1133 carbones
1751 1101 1850 1142 depo-

1067 1160 1153 1189 nere,
1175 1160 1291 1192 corpus
1318 1155 1434 1189 autem,
1460 1151 1546 1192 quod
1577 1152 1655 1183 tradi
1684 1153 1853 1184 sacerdotis

1067 1201 1209 1232 manibus
1236 1201 1407 1238 videbatur,
1428 1201 1531 1232 redire
1563 1201 1600 1232 ad
1635 1201 1732 1233 altare
1755 1211 1762 1232 :
1785 1202 1853 1233 aliis

1065 1259 1150 1286 vero,
1167 1259 1247 1290 quos
1261 1250 1427 1281 meliorum
1442 1251 1550 1281 merita
1568 1250 1726 1288 iuvabant,
1742 1254 1851 1282 exten-

1066 1301 1212 1332 dentibus
1228 1310 1337 1332 manus
1352 1301 1391 1332 ad
1405 1301 1501 1332 altare
1514 1301 1606 1340 longe
1621 1301 1766 1332 recedere
1782 1302 1853 1332 dae-

1065 1360 1176 1383 mones
1200 1355 1231 1383 et
1253 1361 1323 1383 cum
1346 1352 1465 1391 ingenti
1488 1353 1568 1387 118
1587 1356 1672 1383 metu
1696 1351 1850 1391 refugere.

1065 1402 1215 1440 Angelum
1236 1402 1320 1432 enim
1340 1402 1462 1433 Domini
1479 1403 1622 1434 assistere
1641 1402 1787 1433 cernebat
1805 1401 1851 1433 a1-

1065 1451 1133 1488 tari,
1150 1451 1204 1491 qui
1225 1461 1295 1482 cum
1317 1452 1487 1483 sacerdotis
1505 1461 1600 1483 manu
1619 1461 1705 1484 suam
1724 1461 1852 1492 quoque

1066 1510 1193 1531 manum
1215 1501 1248 1531 in
1271 1505 1536 1533 sacramentorum
1557 1502 1775 1533 distributione
1797 1511 1852 1532 su-

228 1550 300 1581 dem
317 1559 445 1591 prorsus
460 1555 512 1583 aut
528 1553 660 1583 transire
678 1554 763 1585 iuxta
778 1563 833 1585 eos
851 1555 1013 1586 auderent.
1029 1550 1050 1578 C
1066 1554 1268 1590 perponeret-
1288 1552 1333 1581 EX
1353 1551 1414 1583 hoc
1434 1552 1495 1582 iam
1516 1552 1685 1592 permansit
1704 1552 1732 1582 ei
1751 1561 1768 1582 ἃ
1787 1551 1851 1582 D80

230 1600 303 1634 Aliis
317 1610 391 1633 vero
407 1603 487 1638 117
502 1603 595 1634 etiam
610 1603 741 1635 inﬁrmis
759 1604 906 1636 fratribus
923 1615 1016 1646 supra

228 1652 366 1684 cervices
379 1655 411 1684 et
425 1653 517 1685 dorsa
536 1653 696 1690 ludebant,
713 1655 785 1694 quia
801 1664 865 1686 non
880 1660 967 1686 erant
983 1656 1016 1687 in

229 1701 370 1732 oratione
380 1710 434 1733 sua
444 1702 567 1733 intenti.
577 1704 661 1734 Haec
672 1712 743 1735 cum
753 1704 878 1735 vidisset
893 1708 1016 1736 sanctus

228 1752 390 1789 Macarius,
405 1753 558 1792 ingemuit
573 1754 716 1792 graviter,
731 1758 762 1785 et
777 1754 930 1795 lacrymas
945 1764 1017 1795 pro-

228 1802 365 1833 fundens
382 1802 421 1834 ad
442 1803 628 1834 Dominum:
643 1804 787 1844 Respice,
803 1805 855 1842 ait,
871 1805 1014 1844 Domine,

229 1858 260 1885 et
275 1863 314 1885 ne
329 1854 431 1891 sileas,
443 1862 547 1894 neque
563 1855 712 1895 mitiget-is
728 1856 1016 1895 Deus.Exsurge,ut

229 1904 446 1944 dispergantur
463 1905 581 1936 inimici
600 1906 656 1942 tui,
671 1909 702 1936 et
716 1909 750 1936 ut
768 1906 889 1946 fugiant
905 1916 923 1938 a
937 1907 1015 1938 facie

228 1959 296 1991 tua;
310 1955 460 1995 quoniam
476 1955 579 1986 anima
593 1959 698 1987 nostra
712 1956 851 1996 repletur
864 1957 1017 1988 illusioni-

229 2005 297 2036 bus.
314 2005 388 2035 Post
407 2004 581 2036 orationem
595 2008 700 2036 tamen
718 2007 943 2037 examinandae
961 2016 1015 2038 ve-

230 2054 329 2087 ritatis
352 2055 447 2093 gratia
471 2063 612 2086 seorsum
633 2056 769 2087 evocatis
789 2056 920 2096 singulis
944 2058 1014 2097 qui-

229 2105 351 2144 busque
363 2104 520 2142 fratribus,
531 2108 602 2136 ante
617 2113 751 2144 quorum
771 2106 883 2137 faciem
900 2107 1017 2138 viderat

229 2155 399 2186 daemones
413 2154 535 2185 diverso
554 2155 662 2186 habitu
678 2160 709 2187 et
724 2156 814 2187 variis
829 2157 1016 2196 imaginibus

1067 1600 1163 1639 gratia
1175 1601 1244 1638 ista,
1256 1604 1288 1631 ut
1300 1601 1333 1631 in
1347 1601 1458 1640 vigiliis
1473 1601 1601 1632 fratrum
1616 1601 1805 1641 psalmorum
1822 1603 1853 1631 et

1067 1651 1216 1682 orationis
1229 1655 1383 1691 tempore,
1393 1652 1419 1682 si
1432 1652 1502 1692 quis
1515 1652 1600 1683 aliud
1610 1651 1728 1691 aliquid
1742 1659 1854 1682 secun-

1066 1700 1141 1731 dum
1169 1701 1348 1732 illusionem
1376 1701 1565 1732 daemonum
1587 1702 1621 1732 in
1645 1701 1740 1733 corde
1764 1701 1852 1740 cogi-

1066 1753 1170 1787 tasset,
1190 1754 1385 1789 agnosceret,
1407 1754 1437 1782 et
1457 1751 1671 1789 accedentium
1695 1750 1734 1782 ad
1756 1750 1852 1781 altare

1065 1800 1114 1832 vel
1141 1801 1340 1841 indignitates
1370 1811 1442 1832 eum
1468 1803 1514 1833 vel
1546 1802 1653 1833 merita
1680 1810 1744 1832 non
1773 1800 1851 1832 late-

1065 1856 1136 1883 rent
1158 1851 1211 1892 (5).
1244 1864 1258 1881 »
1284 1852 1390 1884 Simile
1420 1853 1495 1893 quid
1523 1862 1617 1892 supra
1648 1853 1687 1883 de
1718 1851 1852 1884 Macario

1065 1902 1276 1933 Alexandrino
1299 1903 1499 1943 percepimus
1515 1902 1568 1943 (6).
1592 1903 1725 1934 Abbates
1747 1905 1850 1934 autem

1066 1952 1290 1983 monachorum
1308 1961 1433 1983 suorum
1448 1961 1498 1983 res
1511 1952 1648 1984 occultas
1661 1961 1851 1992 cognoscere

1066 2002 1148 2034 haud
1163 2011 1233 2034 raro
1249 2002 1466 2034 credebantur.

1105 2053 1311 2091 Congressum
1323 2053 1460 2092 denique
1470 2052 1672 2084 Macariorum
1684 2061 1756 2084 cum
1769 2052 1850 2084 duo-

1066 2102 1362 2142 bustribunisquum
1373 2102 1506 2142 scriptor
1517 2102 1588 2133 libri
1594 2102 1724 2134 secundi
1732 2111 1852 2134 narras-

1066 2153 1273 2192 set,caputde
1285 2153 1423 2184 Macariis
1443 2153 1511 2183 ﬁnit
1520 2153 1677 2185 hisverbis
1695 2163 1701 2184 :
1719 2166 1732 2182 ‹‹
1749 2154 1809 2185 Sed
1819 2158 1850 2185 et

228 2204 384 2242 ludentes,
403 2205 534 2244 requirit
556 2206 595 2236 ab
621 2206 676 2243 eis,
696 2206 722 2237 si
745 2207 779 2237 in
802 2208 943 2239 oratione
966 2209 1015 2239 vel
1033 2203 1173 2246 Dmulia.
1191 2207 1226 2233 υῑ
1252 2203 1395 2239 άίιίῐηυδι
1417 2203 1476 2234 alia
1504 2203 1543 2234 de
1573 2204 1722 2244 operibus
1752 2203 1851 2236 sancti

228 2255 414 2287 aediﬁcandi
442 2255 647 2294 cogitationes
676 2255 851 2294 habuerint,
877 2258 925 2288 vel
955 2258 1014 2289 iter

229 2305 354 2345 agendi,
369 2305 419 2337 vel
433 2305 493 2336 alia
507 2305 637 2343 diversa,
652 2315 733 2346 quae
749 2307 919 2348 unicuique
934 2308 1013 2339 ima-

229 2357 332 2396 ginata
346 2365 404 2395 per
416 2356 585 2387 daemones
594 2357 721 2394 viderat,
735 2361 765 2389 et
778 2358 892 2397 singuli
905 2367 1013 2389 eorum

228 2407 269 2437 ita
289 2407 518 2439 conﬁtebantur
536 2407 568 2438 in
588 2407 684 2438 corde
705 2416 762 2438 suo
782 2407 891 2445 fuisse,
907 2410 941 2438 ut
960 2407 1013 2439 ille

229 2457 387 2496 arguebat.
399 2458 435 2488 Et
448 2461 523 2488 tunc
534 2457 727 2488 intellectum
740 2461 798 2495 est,
808 2458 893 2498 quod
904 2466 1014 2489 omnes

228 2515 325 2537 vanae
354 2510 384 2538 et
414 2507 591 2547 superﬂuae
620 2508 835 2546 cogitationes,
857 2516 935 2547 quas
964 2507 1014 2538 vel

229 2556 420 2596 psalmorum
433 2556 481 2588 vel
495 2557 672 2588 orationum
688 2560 829 2594 tempore
843 2558 1012 2597 unusquis-

264 2645 301 2679 (1)
316 2643 371 2671 νγ.
395 2643 447 2671 PP.
462 2644 553 2672 llosw.
571 2644 618 2672 lib.
636 2643 657 2671 ll
673 2653 734 2680 cap.
751 2645 786 2672 29
804 2653 830 2679 ῃ.
847 2644 910 2677 181,
925 2644 942 2671 2
955 2653 1010 2679 sq.;

228 2688 344 2717 Vallarsi
361 2690 380 2718 l.
394 2691 412 2717 l.
427 2698 454 2725 p.
473 2690 523 2717 198
535 2711 542 2724 ,
555 2690 644 2725 Migne
659 2691 678 2718 l.
695 2691 713 2718 l.
729 2699 755 2726 p.
772 2691 836 2718 155.

264 2735 382 2771 (2)1bid.
399 2736 446 2763 lib.
463 2735 497 2762 lll
509 2743 568 2770 cap.
583 2737 618 2764 45
634 2745 660 2772 p.
677 2736 739 2769 507.
753 2737 780 2764 2.

265 2782 304 2815 (5)
317 2782 446 2808 Binterim
464 2782 576 2809 Denkw.
597 2782 628 2809 T.
646 2782 679 2810 lV
696 2783 725 2810 P.
741 2783 750 2809 1
765 2792 790 2818 p.
806 2783 868 2811 557.

268 2827 305 2861 (4)
320 2826 377 2855 νγ.
392 2827 443 2854 PP.
457 2827 549 2854 Rosw.
566 2828 612 2855 lib.
627 2828 648 2854 ll
661 2837 721 2864 cap.
737 2830 772 2856 22
785 2839 811 2865 p.
827 2830 888 2864 178,
904 2832 914 2858 1
927 2841 934 2864 ;
951 2831 1014 2859 Vul-

229 2874 295 2906 lnrsi
307 2874 326 2903 l.
347 2874 366 2902 l.
383 2881 411 2911 p.
432 2873 497 2906 l87;
513 2873 601 2909 Migne
618 2875 636 2902 l.
651 2875 669 2902 Ι,
686 2883 712 2912 p.
726 2875 778 2905 114
793 2885 835 2912 sq.

1065 2253 1188 2284 Macarii
1224 2252 1423 2284 Alexandrini
1453 2253 1604 2284 mirabilia
1634 2253 1786 2291 feruntur,
1811 2263 1849 2285 ex

1066 2303 1179 2343 quibus
1202 2303 1352 2336 nonnulla
1375 2304 1408 2334 in
1434 2304 1475 2334 XI
1508 2304 1589 2336 libro
1616 2305 1849 2336 Ecclesiasticae

1065 2354 1218 2385 Historiae
1236 2355 1362 2390 inserta,
1378 2354 1432 2394 qui
1452 2355 1600 2394 requiret,
1608 2355 1745 2385 inveniet
1759 2354 1812 2394 (7).
1833 2366 1848 2383 »

1065 2405 1110 2434 Ex
1132 2404 1246 2444 quibus
1265 2404 1307 2441 id,
1322 2404 1408 2444 quod
1430 2405 1565 2436 diximus
1580 2405 1634 2444 (8),
1647 2405 1849 2445 perspicuum

1066 2458 1123 2491 est,
1135 2455 1167 2485 in
1182 2454 1419 2486 Continuatione
1434 2455 1473 2486 de
1494 2457 1626 2487 Macario
1640 2456 1849 2487 Alexandrino

1066 2506 1214 2536 Ruﬁnum
1242 2505 1396 2536 retulisse.
1424 2507 1488 2537 Iam
1518 2507 1667 2548 expositis
1694 2507 1743 2544 iis,
1767 2516 1849 2547 quae

1066 2556 1198 2586 Ruﬁnus
1227 2555 1320 2586 habet
1349 2556 1389 2586 de
1417 2556 1557 2588 Macariis
1574 2574 1612 2579 —-
1631 2565 1702 2589 nam
1724 2557 1757 2588 in
1781 2557 1849 2588 eius

1097 2645 1136 2681 (5)
1148 2637 1205 2672 VV.
1221 2644 1273 2671 PP.
1289 2643 1381 2672 Rosw.
1402 2644 1450 2672 lib.
1468 2644 1491 2671 ll
1502 2653 1562 2680 cap.
1579 2645 1613 2673 29
1626 2654 1652 2680 p.
1664 2646 1726 2678 182,
1740 2647 1751 2674 1
1767 2645 1849 2680 ;Val—

1059 2690 1124 2718 larsi
1142 2690 1159 2717 l.
1178 2690 1196 2717 1.
1213 2698 1239 2725 ρ.
1254 2689 1323 2722 199,
1339 2689 1427 2725 Migne
1440 2690 1458 2717 l.
1473 2690 1491 2717 Ι.
1511 2698 1537 2725 p.
1553 2690 1615 2718 155.

1103 2736 1140 2769 (6)
1158 2736 1201 2763 Cf.
1219 2743 1302 2770 supra
1319 2735 1407 2771 Caput
1424 2736 1458 2763 111
1472 2743 1498 2771 p.
1517 2736 1559 2765 74.
1577 2736 1638 2764 101.

1103 2783 1140 2818 (7)
1157 2782 1214 2810 vv.
1226 2781 1278 2810 pr.
1295 2782 1386 2810 Rosw.
1403 2783 1450 2810 lib.
1465 2782 1485 2808 ιι
1500 2791 1559 2818 cap.
1571 2783 1605 2811 29
1618 2791 1646 2819 ρ.
1662 2783 1725 2816 482,
1738 2782 1771 2817 2;
1786 2781 1847 2812 Vat-

1066 2830 1130 2857 larsi
1148 2829 1165 2856 l.
1181 2829 1200 2856 l.
1215 2837 1241 2864 p.
1256 2829 1323 2860 200.
1340 2828 1429 2863 Mignc
1447 2829 1465 2855 ι.
1483 2829 1501 2855 1.

1104 2875 1140 2912 (8)
1156 2875 1243 2910 Supra
1257 2875 1316 2911 §27
1331 2876 1360 2903 in
1380 2875 1440 2907 ﬁne,
1455 2882 1483 2910 p.
1497 2874 1558 2903 111.
