2060 3153
238 184 291 211 ιη

985 187 1097 215 νιτΑΕ.

1797 191 1849 220 111

237 241 455 282 Apologiarum
479 240 722 279 [Invectivarum]
747 243 779 273 in
808 244 838 273 S.
861 243 1017 284 Hierony-
1032 248 1054 276 Α
1069 233 1164 282 ctum,
1180 247 1447 286 interrogavitme,
1468 256 1561 287 quam
1574 248 1614 279 ob
1624 256 1749 279 causam
1758 257 1846 280 acce-

238 300 322 322 mum
331 291 415 321 libris
419 294 541 330 praeter
549 300 679 330 ea.quae
685 301 777 332 supra
786 293 1018 333 monuimus(1),

238 341 312 372 nihil
330 341 485 371 invenitur
500 358 537 363 —
552 341 591 371 ad
606 344 708 372 cetera
723 346 924 374 transeamus.

535 400 655 430 CAPUT
681 401 716 431 V.

235 466 408 494 EVAGRIUS,
444 465 471 487 S.
508 466 731 494 HIERONYMUS,
780 466 944 490 CASSMNUS
977 467 1017 489 DE

271 505 396 527 SANCTIS
433 505 575 527 MACARIIS
612 506 765 529 AEGYPTIO
801 506 840 528 ET
874 506 1016 529 ALEXAN-

271 544 383 566 DRINO.

273 597 286 633 §
308 595 356 626 29.
379 597 543 635 Evagrium
571 599 618 627 ter
632 599 750 628 tantum
765 597 804 628 de
820 597 952 628 Macario
967 597 1015 628 lo-

233 646 298 685 qui,
315 655 407 686 supra
442 647 621 678 monuimus
651 646 709 688 (2);
740 648 906 679 Macarium
941 657 1015 679 vero

233 697 417 736 Aegyptium
433 697 492 728 dici
507 697 546 728 ab
562 706 611 734 eo,
622 697 808 729 videbimus.
823 699 969 738 Evagrius
983 699 1015 729 in

234 745 314 777 miro
331 746 467 778 secundo
486 747 583 778 multo
598 756 636 778 ex
650 751 790 788 tempore
805 757 822 779 a
838 748 929 779 beato
950 750 1013 780 Ma-

235 797 329 833 cario,
348 807 434 837 quem
454 797 694 837 famosissimum
712 799 745 829 in
766 799 823 829 Dei
842 800 946 838 gratia
968 800 1013 830 εἰ-

234 847 361 886 gnisque
375 852 403 877 et
417 847 585 878 virtutibus
598 848 750 886 insignem
760 848 857 887 fuisse
873 849 1014 880 omnibus

235 900 338 925 notum
352 897 403 933 ait,
422 896 590 928 instructus
619 905 687 928 esse
707 897 786 932 119
802 897 932 928 traditur
948 897 1006 938 (3);
1024 914 1046 941 Β

235 950 301 977 uter
310 956 381 978 vero
393 947 595 978 Macariorum
604 947 733 985 dicatur,
743 957 759 979 e
770 948 849 979 libro
859 948 1010 987 secundo,

232 997 285 1036 qui
302 1001 469 1038 utrumque
490 998 656 1029 Macarium
672 1010 685 1026 ‹‹
701 998 904 1029 abstinentiae
921 1006 1012 1029 exer-

231 1045 308 1076 ciliis
323 1050 352 1077 et
367 1047 529 1078 virtutibus
542 1047 636 1078 animi
651 1047 821 1086 aequaliter
833 1047 980 1087 polluisse
996 1060 1010 1077 »

229 1095 378 1133 gloriatur
399 1096 452 1136 (4),
474 1105 538 1127 non
574 1096 740 1135 colligitur.
769 1097 905 1134 Accedit,
925 1097 1011 1137 quod

230 1145 320 1175 verba
351 1145 391 1176 de
422 1146 557 1177 Macario
591 1146 712 1186 Evagrii
744 1150 949 1186 praeceptore
978 1147 1010 1178 in

228 1202 340 1232 graeco
365 1195 435 1226 libri
463 1195 594 1226 secundi
616 1199 712 1233 textu,
729 1196 816 1227 cuius
837 1195 1009 1235 fragmenta

228 1245 396 1276 Cotelerius
407 1245 513 1284 edidit,
523 1246 636 1277 desunt
645 1246 698 1288 (5).
710 1247 818 1286 Neque
832 1246 908 1278 illud
918 1247 1009 1279 etiam

229 1296 300 1326 satis
322 1298 465 1327 constare
488 1296 620 1333 videtur,
640 1296 708 1327 libri
732 1297 862 1328 secundi
881 1297 983 1328 verbis
1000 1306 1007 1328 :

231 1358 242 1373 ι
256 1346 396 1377 Vidimus
406 1347 449 1377 ibi
459 1349 490 1377 et
499 1347 759 1387 sapientissimum
770 1348 916 1378 virum...
930 1348 1007 1379 Eva-

228 1396 328 1435 grium
348 1408 363 1425 ιι
382 1396 422 1435 (6)
441 1397 650 1437 comprobari,
666 1397 829 1436 Evagrium
854 1397 1009 1429 habitasse

229 1446 258 1475 in
269 1445 403 1482 Cellulis,
413 1445 452 1476 de
463 1454 594 1485 quarum
609 1446 771 1477 monachis
786 1455 925 1486 eousque
935 1454 1007 1477 nar-

229 1499 326 1525 ratum
351 1497 431 1531 erat;
456 1503 527 1525 nam
549 1498 579 1525 et
600 1495 782 1526 vocabulum
821 1495 867 1526 ibi
888 1496 921 1527 in
943 1496 1006 1527 fra-

227 1547 351 1583 gmento
358 1552 468 1583 graeco
475 1544 669 1575 desideratur
676 1545 728 1585 (7).
737 1546 788 1576 Sin
795 1551 898 1577 autem
906 1545 958 1576 illa
964 1549 1009 1578 te-

229 1602 311 1624 mere
321 1603 355 1625 ac
365 1603 458 1634 prave
468 1595 501 1625 in
515 1603 626 1634 graeco
634 1583 807 1633 fragmento
816 1596 1008 1634 omittantur,
1022 1583 1043 1612 θ

228 1645 353 1675 minime
363 1648 466 1676 tamen
479 1646 630 1685 sequitur,
639 1646 802 1677 Macarium
816 1645 1008 1677 Alexandri-

227 1703 299 1724 num
311 1694 406 1725 fuisse
420 1698 656 1734 praeceptorem
670 1695 802 1734 Evagrii;
814 1703 852 1726 ex
863 1704 901 1726 eo
912 1695 1008 1733 enim,

227 1741 312 1781 quod
325 1745 399 1773 tunc
414 1742 560 1781 Evagrius
572 1743 605 1773 in
620 1743 743 1774 Cellulis
758 1743 842 1780 vixit,
856 1743 888 1774 id
904 1744 1010 1783 colligi

227 1800 290 1822 non
307 1795 420 1832 potest,
436 1792 605 1832 praecipue
620 1801 717 1832 quum
729 1793 782 1824 illo
797 1796 1007 1834 temporeMa-

227 1841 300 1871 curii
308 1842 369 1872 iam
376 1842 489 1873 mortui
497 1845 611 1872 essent.
619 1843 838 1874 Socratesvero
846 1844 1009 1882 Evagrium

227 1891 426 1921 Macariorum
434 1890 574 1930 Aegyptii
581 1893 611 1921 et
617 1891 897 1923 Alexandrinidisci
899 1892 1008 1932 pulum

228 1944 326 1977 vocat,
337 1949 354 1971 a
367 1940 490 1980 quibus,
501 1949 598 1980 quum
607 1944 697 1971 antea
708 1940 782 1971 solis
792 1941 894 1972 verbis
906 1941 1009 1982 philo-

227 1990 376 2030 sophatus
383 1994 511 2027 csset,re
518 1991 583 2031 ipsa
590 1991 1005 2032 philosopharididicerit(8).

265 2041 308 2071 De
317 2041 448 2071 Macario
462 2041 608 2080 Evagrius
622 2041 655 2072 in
664 2041 746 2078 libri,
758 2041 809 2072 cui
821 2041 929 2073 titulus
943 2048 1004 2074 est:

229 2101 242 2118 α
252 2090 355 2129 Capita
369 2092 503 2130 practiea
517 2091 556 2122 ad
570 2092 758 2128 Anatolium,
768 2104 782 2120 ι)
798 2094 908 2133 capite,
921 2095 1006 2134 quod

229 2153 241 2169 ι
255 2143 358 2179 Ῥήσεις
368 2145 492 2180 μναχῶν
503 2145 587 2180 ἁγίων
603 2153 618 2170 )›
636 2142 825 2179 inscribitur,
846 2143 923 2174 haec
941 2153 1007 2175 me-

228 2193 326 2220 morat
342 2198 349 2220 :

1071 299 1190 335 piarum
1202 296 1328 336 quidem
1336 298 1374 328 ab
1382 297 1559 329 hominibus
1569 298 1750 330 iniuriarum
1757 299 1850 330 remi-

1070 345 1220 377 niscendo
1237 347 1404 377 memoriae
1419 347 1479 377 vim
1493 355 1528 378 ac
1542 347 1719 378 facultatem
1732 348 1764 378 in
1776 348 1846 378 ani-

1069 404 1120 426 mo
1142 403 1423 435 corrumperemus,
1441 400 1583 436 acceptas
1597 405 1670 428 vero
1685 405 1702 428 a
1717 397 1846 428 daemo-

1067 445 1159 476 nibus
1171 445 1297 476 iniurias
1311 447 1478 478 memoriae
1489 447 1742 478 commendantes
1757 447 1846 479 illae-

1067 495 1093 525 si
1106 503 1313 527 maneremus.
1326 497 1463 536 Cumque
1474 505 1532 535 ego
1547 497 1748 528 haesitassem
1761 497 1848 536 igna-

1067 553 1119 575 rus
1145 545 1220 585 quid
1243 545 1497 586 respondendum
1513 549 1603 582 esset,
1623 547 1846 587 petiissemque

1066 595 1183 632 abillo,
1199 599 1234 626 ut
1251 596 1319 636 ipse
1339 595 1415 626 mihi
1427 595 1493 626 eius
1506 596 1550 626 rei
1571 604 1693 626 causam
1710 604 1847 636 expone-

1066 648 1112 676 ret
1136 654 1144 675 :
1174 646 1264 682 Quia,
1292 646 1412 686 inquit,
1445 645 1533 685 prior
1562 645 1690 685 quidem
1722 645 1845 676 affectio

1065 698 1174 726 contra
1201 699 1359 732 naturam,
1383 696 1539 735 posterior
1565 703 1639 726 vero
1673 695 1846 726 secundum

1063 745 1160 776 animi
1174 749 1315 776 naturam
1332 748 1378 776 est
1389 745 1441 786 (9).
1459 757 1473 774 ιο
1493 745 1578 776 Idem
1591 745 1715 776 Macarii
1729 745 1846 775 dictum

1063 795 1142 835 legis
1152 795 1235 836 apud
1249 797 1405 828 Socratem
1422 795 1492 836 (10),
1503 799 1582 834 120
1593 795 1626 825 in
1636 794 1846 826 VV.PP.libro

1063 847 1203 887 quinto(l
1211 847 1236 886 l)
1247 851 1278 878 et
1288 846 1532 887 septimo(12),in
1544 845 1845 882 sententiisPatrum,

1063 906 1140 937 quas
1150 897 1334 928 Rosweidus
1341 894 1496 936 habet(13)
1503 895 1581 933 ,etin
1588 895 1845 935 Apophthegma-

1062 947 1100 978 tis
1110 956 1128 978 a
1142 947 1294 978 Cotelerio
1308 947 1399 978 editis
1415 945 1487 986 (14),
1504 945 1563 976 hoc
1572 944 1639 976 solo
1656 945 1846 976 discrimine,

1062 997 1149 1037 quod
1169 1000 1293 1037 praeter
1313 998 1471 1028 Socratem
1487 996 1583 1026 ceteri
1603 995 1777 1034 Evagrium,
1794 994 1846 1026 cui

1061 1047 1211 1079 Macarius
1223 1046 1304 1078 istud
1314 1046 1401 1083 dixit,
1417 1054 1482 1076 non
1492 1045 1665 1076 nominant.

1100 1098 1237 1129 Alterum
1257 1098 1296 1129 de
1324 1097 1457 1128 Macario
1485 1096 1678 1128 enuntiatum
1697 1095 1848 1133 Evagrius

1060 1148 1177 1180 ibidem
1191 1148 1253 1180 hoc
1270 1148 1428 1187 suggerit:
1453 1158 1466 1175 tl
1488 1146 1610 1177 Accessi
1634 1145 1705 1185 ipso
1721 1144 1845 1175 fervido

1060 1196 1190 1227 meridie
1210 1196 1249 1227 ad
1270 1199 1409 1227 sanctum
1424 1198 1542 1235 patrem
1561 1193 1738 1229 Macarium,
1756 1195 1786 1223 et
1796 1191 1846 1222 siti

1060 1246 1261 1277 vehementer
1275 1253 1444 1286 oppressus
1463 1251 1575 1283 aquam
1592 1243 1666 1283 petii
1681 1242 1719 1273 ad
1736 1242 1846 1272 biben-

1060 1296 1146 1327 dum.
1171 1297 1200 1326 Is
1228 1299 1331 1327 autem
1351 1304 1358 1326 :
1383 1295 1508 1330 Umbra,
1535 1294 1648 1333 inquit,
1678 1295 1845 1324 contentus

1061 1349 1139 1377 esto.
1150 1346 1235 1377 Multi
1250 1346 1344 1382 enim,
1357 1345 1410 1385 qui
1426 1354 1508 1376 nunc
1523 1344 1583 1375 iter
1591 1344 1707 1375 faciunt
1723 1342 1771 1374 vel
1785 1351 1843 1374 na-

1059 1397 1174 1436 vigant,
1191 1397 1281 1428 etiam
1297 1396 1390 1427 huius
1409 1399 1515 1427 carent
1538 1395 1659 1426 solatio.
1679 1394 1756 1425 Dein
1779 1394 1844 1425 dis—

1059 1447 1178 1486 putanti
1197 1446 1272 1477 mihi
1287 1450 1317 1477 et
1330 1447 1369 1477 de
1387 1445 1573 1477 abstinentia
1593 1454 1665 1476 cum
1680 1452 1718 1475 eo
1734 1443 1843 1475 confe-

1059 1497 1139 1528 rcnti
1154 1507 1161 1528 :
1179 1496 1318 1534 Conﬁde,
1329 1496 1440 1536 inquit,
1451 1495 1514 1532 ﬁli;
1529 1498 1611 1526 totos
1627 1494 1732 1533 viginti
1744 1502 1844 1525 annos

1059 1555 1162 1587 neque
1182 1555 1263 1587 pane
1288 1556 1391 1586 neque
1405 1555 1486 1586 aqua
1506 1554 1610 1585 neque
1633 1553 1745 1575 somno
1767 1553 1846 1575 usus

1061 1606 1129 1628 sum
1148 1597 1186 1627 ad
1202 1598 1384 1628 satietatem.
1405 1597 1481 1627 Nam
1500 1604 1613 1636 panem
1633 1603 1738 1625 meum
1758 1596 1847 1624 certo

1060 1647 1201 1687 pondere
1216 1647 1349 1683 comedi,
1373 1654 1485 1686 aquam
1505 1645 1568 1676 bibi
1588 1647 1670 1676 certa
1685 1651 1844 1681 mensura,

1059 1705 1095 1728 ac
1109 1697 1211 1728 somni
1222 1697 1364 1735 exiguam
1384 1699 1502 1735 partem
1522 1695 1690 1725 sut’l‘uratus
1706 1702 1775 1724 sum
1791 1693 1842 1724 in-

1060 1745 1204 1777 clinando
1216 1755 1266 1777 me
1278 1745 1316 1776 ad
1327 1745 1460 1785 parietes
1469 1744 1541 1784 (15).
1556 1755 1570 1771 n
1583 1743 1670 1780 Quod
1678 1743 1760 1773 idem
1775 1751 1844 1773 nar.

1059 1799 1143 1827 ratur
1152 1804 1169 1827 a
1179 1795 1402 1836 Socrate(16)et
1413 1795 1446 1825 in
1457 1794 1535 1825 libro
1544 1797 1632 1824 sexto
1638 1792 1841 1833 VV.PP.(17).

1058 1847 1171 1885 Legem
1190 1848 1292 1876 autem
1313 1845 1385 1880 cibi,
1406 1847 1500 1884 potus
1515 1846 1545 1874 et
1566 1843 1668 1874 somni
1688 1841 1846 1873 desiderio

1058 1904 1219 1935 nunquam
1232 1895 1360 1926 omnino
1376 1892 1584 1924 satisfaciendi
1596 1895 1706 1932 postea
1722 1891 1845 1922 Colum—
1863 1900 1869 1907 ·

1057 1946 1156 1977 banus
1171 1943 1330 1975 monachis
1345 1943 1409 1974 suis
1421 1942 1621 1982 praescripsit
1640 1941 1714 1981 (18).

1095 1995 1217 2026 Tertius
1228 1994 1364 2032 denique
1379 1992 1478 2029 locus,
1496 2000 1559 2031 quo
1579 1991 1745 2022 Macarium
1763 1990 1844 2020 Eva—

1057 2045 1142 2084 grius
1156 2046 1391 2079 commemorat,
1415 2042 1448 2072 in
1473 2041 1613 2072 eiusdem
1637 2041 1707 2071 libri
1727 2040 1844 2080 capite,

1056 2095 1141 2136 quod
1149 2106 1163 2122 α
1173 2098 1266 2133 Θεωρή
1271 2105 1343 2132 ματα
1350 2095 1488 2132 πρακτικὰ
1503 2105 1512 2122 ι
1521 2091 1709 2126 inscribitur,
1717 2090 1767 2122 hic
1777 2093 1824 2121 est
1833 2099 1842 2121 :

1095 2156 1110 2173 α
1128 2142 1276 2175 Nonnulli
1292 2146 1364 2173 sunt
1381 2150 1419 2172 ex
1439 2141 1644 2172 daemonibus
1662 2140 1844 2174 immundis.

1056 2193 1108 2234 qui
1132 2192 1306 2231 legentibus
1328 2199 1451 2230 semper
1473 2190 1621 2227 assident,
1643 2193 1845 2230 mentemque

267 2251 281 2267 «
303 2240 472 2280 Aegyptius
482 2249 579 2272 senex
598 2241 763 2277 Macarius,
785 2251 837 2273 vas
855 2242 931 2274 illud
947 2243 1008 2275 ele—
1023 2251 1045 2279 ι)
1060 2252 1168 2276 eorum
1186 2242 1330 2282 abripere
1355 2246 1519 2278 conantur,
1539 2244 1663 2281 sumpta
1684 2247 1842 2280 saepenu-

260 2311 298 2347 (1)
318 2311 405 2346 Supra
423 2311 485 2347 gae
500 2320 525 2347 p.
543 2312 604 2340 us.

263 2355 300 2391 (ε)
314 2355 356 2384 cr.
376 2355 389 2391 ς
403 2357 418 2384 7
431 2365 457 2391 p.
474 2358 519 2384 δε.

262 2402 300 2437 (5)
312 2402 369 2430 γν.
384 2403 436 2430 PP.
456 2403 545 2431 Rosw.
560 2404 608 2432 lib.
626 2404 647 2431 ll
658 2412 717 2439 cap.
732 2404 767 2431 ‘27
784 2412 810 2440 p.
825 2405 887 2437 L79.
903 2405 935 2438 2;
951 2406 1006 2434 Ru-

229 2447 274 2474 ﬁni
286 2448 353 2482 Opp.
366 2449 409 2475 ed.
425 2447 540 2476 Vallarsi
555 2456 581 2483 ν.
599 2449 664 2483 192;
681 2449 769 2485 Migne
785 2451 804 2477 Ι.
818 2451 834 2477 Ι.
850 2459 877 2486 p.
890 2451 953 2478 449.

262 2492 300 2526 (4)
318 2491 359 2519 Cf.
375 2500 457 2527 supra
471 2500 498 2527 p.
511 2493 571 2520 11-0.

262 2538 300 2573 (5)
315 2538 430 2565 Ceteler.
445 2537 518 2565 Eccl.
534 2537 629 2565 Graec.
641 2538 713 2566 Man.
726 2538 757 2566 T.
770 2538 802 2566 Ill
817 2548 843 2575 p.
861 2540 913 2567 176
927 2547 988 2575 sq.;

228 2584 294 2618 Opp.
309 2584 410 2612 Meurs.
426 2585 445 2611 l.
459 2585 477 2611 l.
490 2592 516 2619 p.
531 2584 593 2611 6H.

262 2630 299 2665 (6)
315 2629 371 2657 VV.
384 2630 436 2657 PP.
452 2630 544 2658 Rosw.
558 2630 576 2657 l.
600 2629 636 2662 l.;
652 2629 767 2657 Vallarsi
783 2630 801 2657 Ι.
817 2631 847 2661 1.,
860 2630 947 2666 Mignc
958 2631 975 2658 l.
987 2631 1005 2657 Ι.

229 2684 253 2710 p.
270 2676 323 2703 448
338 2684 380 2711 sq.

261 2721 299 2754 (7)
313 2721 428 2748 Coteler.
442 2721 461 2749 1.
476 2721 494 2747 l.
506 2729 513 2752 ;
525 2719 593 2755 Opp.
608 2719 707 2748 Meurs.
725 2721 744 2748 l.
758 2721 776 2748 l.

262 2765 300 2799 (8)
315 2765 392 2793 Socr.
405 2765 474 2793 Hist.
490 2766 561 2793 Eccl.
576 2765 623 2792 lib.
639 2765 673 2791 ιν
686 2774 746 2801 cap.
762 2766 797 2794 23
811 2765 854 2794 εει.
872 2767 890 2794 l.
902 2775 927 2802 p.
941 2767 1004 2794 ξδι.

263 2811 301 2845 (9)
314 2811 401 2846 Caput
414 2811 505 2843 XClll,
515 2811 636 2839 Coteler.
649 2811 721 2838 Eccl.
735 2811 832 2839 Graec.
846 2811 916 2839 Mon.
928 2812 959 2840 Τ.
972 2811 1005 2841 lll

227 2865 253 2891 p.
261 2856 354 2891 995q.,
364 2856 487 2885 Gallaml.
500 2857 566 2884 Bibl.
575 2856 626 2884 PP.
636 2856 668 2884 T.
683 2857 725 2884 Vll
735 2865 760 2892 p.
770 2857 934 2885 565.1larum
946 2866 1006 2885 nar-

228 2902 362 2931 rationum
376 2902 526 2932 versionem
542 2911 556 2930 a
575 2903 653 2931 nobis
667 2904 824 2937 castigatam
837 2903 1003 2932 exhibemus.

1094 2315 1150 2352 (10)
1165 2315 1243 2342 Socr.
1259 2313 1327 2341 Hist.
1343 2313 1417 2341 Eccl.
1432 2314 1451 2340 l.
1468 2313 1487 2340 l.
1501 2321 1527 2348 p.
1542 2313 1605 2341 235.

1093 2362 1149 2396 (il)
1163 2359 1220 2387 νγ.
1235 2360 1285 2386 PP.
1301 2359 1391 2387 Rosw.
1407 2359 1453 2386 lib.
1466 2358 1488 2386 γ
1499 2359 1581 2386 liben.
1599 2358 1641 2391 16,
1654 2357 1689 2385 διε
1700 2364 1727 2393 p'.
1739 2357 1800 2390 599,
1811 2357 1842 2386 2.

1093 2407 1150 2441 (12)
1165 2406 1233 2433 Ibid.
1254 2414 1315 2440 cap.
1331 2405 1376 2437 57,
1388 2405 1405 2431 4
1420 2413 1444 2439 p.
1459 2404 1521 2435 68!,
1534 2403 1561 2431 2.

1092 2453 1148 2487 (15)
1165 2451 1232 2478 Hild.
1247 2457 1316 2478 sent.
1332 2451 1364 2477 15
1378 2459 1402 2485 p.
1427 2450 1502 2481 1005,
1522 2450 1548 2476 1.

1094 2498 1150 2533 (14)
1164 2497 1285 2524 Coteler.
1304 2495 1377 2524 Eccl.
1394 2495 1490 2522 Graec.
1505 2494 1578 2521 Mon.
1594 2493 1627 2520 T.
1646 2493 1656 2520 ι
1673 2500 1700 2528 p~.
1717 2490 1768 2519 546
1777 2499 1800 2519 s.
1813 2500 1840 2519 γ.

1057 2542 1191 2570 Macarius
1216 2543 1359 2577 Aegyptius
1385 2539 1547 2576 §XXXV|;
1586 2539 1656 2566 inl‘ra
1684 2538 1710 2565 in
1743 2538 1839 2564 harum

1056 2585 1252 2618 Quaestionum
1269 2585 1425 2619 Appemllce
1439 2586 1523 2611 altera
1542 2583 1594 2610 sub
1606 2583 1647 2610 111.

1092 2629 1148 2665 (15)
1160 2629 1226 2664 Cap.
1244 2628 1460 2660 XCIV,Colcler.
1478 2628 1550 2656 Eccl.
1560 2628 1657 2657 Graec.
1674 2627 1745 2654 Non.
1762 2624 1794 2654 Τ.
1807 2626 1841 2653 Ill

1055 2682 1082 2710 p.
1101 2675 1169 2705 100.
1183 2674 1308 2701 Galland.
1325 2674 1393 2701 Bibl.
1409 2674 1462 2700 PP.
1477 2674 1495 2701 l.
1516 2675 1533 2701 Ι.

1093 2720 1149 2754 (16)
1169 2719 1247 2746 Socr.
1266 2719 1335 2746 Hist.
1349 2720 1421 2746 Eccl.
1439 2719 1456 2746 l.
1471 2719 1490 2746 l.

1092 2764 1452 2800 (17)VV.PP.Rosw.lih.Vl
1465 2765 1660 2798 libell.4,|'l.18
1674 2764 1785 2799 p.059.2
1795 2771 1839 2799 sq.

1093 2811 1147 2845 (18)
1161 2811 1322 2838 Columbam
1333 2811 1397 2838 πω).
1418 2813 1510 2845 regula
1525 2811 1692 2839 coenobialis
1704 2819 1764 2838 cao.
1785 2810 1802 2837 3
1813 2815 1839 2836 ct

1058 2858 1086 2885 in
1109 2858 1172 2885 line.
1198 2857 1330 2886 llolsteuii
1350 2857 1418 2885 God.
1441 2857 1570 2893 Regular.
1589 2858 1620 2885 Τ.
1644 2857 1652 2884 1
1676 2866 1703 2893 p.
1727 2857 1787 2889 170,
1809 2855 1837 2885 9.

1061 2904 1122 2936 174.
1142 2903 1169 2932 2.
