2060 3153
229 163 282 189 H5

632 164 683 193 SS.
703 163 934 193 MACAHIORUM
951 161 1109 190 AEGYPTII
1138 160 1181 189 ET
1216 159 1450 189 ALEXANDRINI

226 215 318 250 'mero
335 219 500 251 occasione
519 227 558 249 ex
577 220 654 260 ipsis
672 220 784 252 divinis
805 220 966 261 scripturis
982 220 1014 250 in
1029 221 1052 249 A
1066 218 1203 258 positum
1216 216 1398 256 virginitatis
1406 218 1460 247 aut
1471 214 1625 247 viduitatis
1638 213 1810 246 servandae
1823 218 1855 246 et

230 280 323 310 prava
338 271 469 310 cogitata
492 272 671 305 desinentes
705 272 863 303 Interdum
884 279 1013 312 quoque

231 325 339 352 contra
364 330 483 352 morem
508 322 640 353 oscitare
665 322 741 357 121
774 324 899 360 cogunt,
919 323 1013 360 atque

230 371 443 408 gravissimum
454 379 599 402 somnum
614 371 782 402 immittunt
792 378 983 410 magnopere
995 378 1014 400 a

230 422 382 449 consueto
408 419 576 457 diversum,
592 420 699 460 idque,
717 423 751 451 ut
769 420 803 451 in
827 420 1014 460 quibusdam

231 468 375 499 fratribus
389 470 616 510 deprehensum
629 474 686 508 est,
699 474 807 502 natura
816 470 1016 502 ineffabiliter

231 519 395 549 renitente.
415 520 503 556 Quod
524 529 583 560 ego
604 530 677 552 cum
703 521 886 561 frequenter
905 520 1014 551 obser-

231 578 362 606 vassem,
383 570 452 609 ipse
474 571 626 610 comperi.
651 571 822 610 Capessunt
849 569 1016 610 palpebras

232 627 302 648 cum
313 622 379 650 toto
394 614 507 659 capite,
521 620 617 660 idque
629 621 758 661 proprio
776 629 909 660 corpore
918 620 1015 658 frige-

231 667 362 705 factant;
378 668 547 701 admodum
562 670 646 701 enim
665 670 776 709 frigida
798 673 870 701 sunt
890 670 1017 700 daemo-

231 727 307 749 num
321 728 464 759 corpora,
480 723 511 750 et
524 719 669 759 crystallo
685 720 808 757 similia,
826 719 908 751 unde
925 723 956 751 et
969 728 1018 751 ca-

231 773 288 808 put
303 769 455 800 sentimus
471 769 555 801 velut
573 770 735 801 cucurbita
757 770 952 801 medicorum
968 774 1016 801 at-

233 822 363 850 tractum
377 828 448 850 cum
461 820 605 851 stridore.
623 821 690 851 Hoc
708 825 813 851 autem
827 820 955 858 faciunt,
970 824 1015 858 ut,

231 869 258 899 si
275 870 400 900 insitum
422 869 526 901 calvae
548 870 684 902 calorem
702 871 740 902 ad
763 880 797 902 se
815 872 903 912 ipsos
918 875 1017 903 traxe—
1031 893 1054 922 Β

232 919 304 956 rint,
333 919 502 960 palpebrae
525 920 658 952 humore
687 921 812 952 demum
840 926 872 953 et
900 922 1016 962 frigore

232 969 386 1001 relaxatae
396 971 612 1002 circumﬂuant
622 971 748 1012 pupillis
757 972 932 1004 oculorum.
941 974 1019 1009 Qua-

232 1029 265 1050 re
275 1021 442 1060 palpebras
453 1030 548 1062 saepe
559 1022 585 1053 si
596 1023 796 1059 contrectavi,
807 1023 911 1054 inveni
920 1024 1018 1054 instar

231 1069 369 1108 crystalli
389 1075 578 1110 compactas,
594 1074 755 1111 totamque
769 1072 881 1103 faciem
902 1073 1018 1104 mortui

230 1120 364 1152 similem
386 1124 416 1152 et
434 1121 604 1152 horridam.
624 1123 766 1153 Attamen
786 1132 912 1154 somnus
931 1128 1019 1154 natu-

232 1171 304 1201 ralis
327 1180 460 1211 corpora
492 1170 643 1209 calefacit,
672 1181 884 1213 sanorumque
915 1174 1018 1205 vultus

232 1221 348 1252 nitidos
358 1221 470 1259 reddit,
487 1222 572 1261 quod
593 1222 661 1262 ipsa
682 1232 810 1263 quoque
825 1224 1018 1264 experientia

231 1270 391 1301 discimus.
410 1271 472 1302 Sed
489 1271 536 1302 illi
561 1275 670 1303 contra
689 1275 830 1303 naturam
846 1282 884 1304 ex
903 1282 957 1304 ore
973 1274 1019 1304 ni-

233 1320 330 1351 mium
357 1320 492 1352 distento
524 1321 740 1353 oscitationem
765 1322 914 1361 eﬂiciunt,
941 1327 1018 1355 atte-

233 1374 364 1401 nuantes
383 1379 428 1407 se,
449 1374 479 1402 et
493 1371 641 1402 interiora
656 1372 719 1404 oris
735 1377 936 1412 occupantes.
952 1375 1017 1413 Ego

232 1421 360 1460 quidem
381 1421 522 1452 nondum
541 1421 602 1453 hoc
620 1422 770 1459 intellexi,
786 1424 843 1454 etsi
866 1433 1018 1465 persaepe

234 1479 343 1510 passus
357 1471 434 1509 sim;
454 1475 485 1502 at
507 1476 650 1503 sanctum
671 1473 838 1504 Macarium
855 1474 958 1505 audivi
979 1475 1019 1505 de

233 1521 293 1552 hoc
305 1521 381 1552 mihi
396 1522 588 1562 loquentem,
605 1523 660 1563 qui
684 1523 722 1554 ad
743 1533 809 1554 rem
825 1525 1017 1564 probandam

1061 268 1100 299 ad
1123 267 1349 308 simpliciorem
1371 267 1464 298 vitam
1487 265 1634 303 traduxit,
1660 269 1855 306 quapropter

1063 317 1152 348 multi
1169 326 1241 348 eum
1263 317 1468 356 obiurgabant
1496 315 1551 354 (4),
1574 316 1610 346 In
1631 315 1763 356 epistola
1772 325 1854 356 qua-

1063 367 1136 399 dam
1151 368 1234 399 circa
1250 376 1367 398 annum
1384 366 1440 398 395
1457 366 1573 406 scripta
1588 365 1627 397 de
1644 377 1658 394 «
1675 367 1807 406 Aegypti
1824 371 1855 397 et

1063 418 1320 458 Mosopotamiae,
1337 418 1439 454 Ponti,
1463 417 1676 458 Cappadociae
1698 421 1729 448 et
1749 419 1855 448 Anne-

1065 469 1135 500 niae
1146 468 1340 500 examinibus
1350 468 1576 499 monachorum
1591 479 1603 495 ι
1626 467 1765 507 loquitur
1789 468 1830 509 (5)
1844 478 1852 506 ;

1065 519 1121 550 sed
1137 522 1168 550 et
1183 519 1216 549 in
1231 519 1317 550 Italia
1332 517 1504 549 monachos
1517 526 1581 548 non
1592 517 1741 556 defuisse,
1755 527 1793 549 ex
1803 519 1853 557 iis,

1066 578 1146 610 quae
1169 569 1208 601 de
1231 569 1378 601 defuncta
1391 568 1515 600 Fabiola
1533 577 1616 600 anno
1640 568 1696 599 398
1717 569 1855 607 tradidit,

1066 620 1214 651 discimus
1248 619 1300 660 (6).
1329 621 1393 650 Iam
1430 628 1469 650 ex
1498 618 1547 649 his
1571 619 1690 659 paucis,
1718 628 1854 659 quanam

1067 671 1233 702 occasione
1259 670 1330 701 data
1354 670 1385 700 S.
1414 669 1625 709 Hieronymus
1650 671 1855 701 Macariorum

1066 721 1259 752 mentionem
1276 720 1396 757 fecerit,
1412 719 1556 759 colliges;
1572 723 1626 750 aut
1634 720 1717 751 enim
1741 721 1854 758 amico,

1068 771 1123 811 qui
1140 770 1180 802 ad
1195 779 1335 802 eremum
1349 769 1554 801 Macariorum
1576 774 1760 807 accesserat,
1782 779 1858 801 con-

1069 821 1249 860 gratulatur,
1264 823 1317 851 aut
1332 820 1449 851 amicos
1465 819 1664 850 Occidentem
1679 829 1786 851 versus
1801 820 1857 851 ha-

1068 872 1202 903 bitantes
1221 871 1260 902 ad
1285 870 1428 910 exempla
1452 879 1561 901 eorum
1589 874 1724 902 revocat.
1758 872 1859 902 Locos

1068 925 1184 969 quanta
1195 920 1354 960 potuimus
1363 919 1521 959 diligentia
1527 919 1621 951 hosce
1630 920 1856 959 congessimus.

1105 971 1244 1002 Primum
1255 970 1316 1001 huc
1337 974 1456 1010 spectat
1471 969 1602 1009 epistola
1618 969 1636 1000 3
1653 969 1692 1000 ad
1708 969 1856 1000 Ruﬁnum

1067 1022 1310 1062 Aquileiensem,
1343 1029 1437 1060 quem
1469 1021 1502 1051 in
1528 1022 1705 1060 Aegyptum
1733 1020 1856 1051 venisse

1067 1074 1098 1104 S.
1110 1073 1319 1112 Hieronymus
1334 1071 1485 1108 audierat,
1497 1074 1614 1101 aestate
1627 1070 1701 1101 anni
1715 1069 1772 1100 374
1784 1071 1858 1101 scri—

1067 1127 1130 1164 pta,
1151 1124 1183 1154 in
1209 1132 1270 1163 qua
1288 1131 1294 1152 :
1312 1134 1326 1150 ‹‹
1347 1122 1460 1159 Prima,
1486 1133 1499 1149 η
1525 1121 1639 1160 inquit,
1664 1133 1678 1149 α
1701 1121 1857 1161 inopinati

1068 1175 1173 1214 gaudii
1187 1174 1225 1205 ab
1242 1172 1413 1204 Heliodoro
1433 1171 1528 1202 fratre
1546 1171 1624 1202 mihi
1647 1176 1694 1202 est
1715 1173 1854 1203 nuntiata

1067 1226 1210 1257 felicitas.
1225 1225 1294 1255 Non
1309 1223 1476 1255 credebam
1491 1225 1622 1260 certum,
1638 1222 1725 1262 quod
1736 1226 1856 1253 certum

1069 1285 1137 1307 esse
1147 1275 1324 1315 cupiebam,
1335 1273 1518 1314 praesertim
1530 1281 1627 1313 quum
1643 1276 1674 1303 et
1683 1273 1736 1304 ille
1745 1274 1784 1304 ab
1794 1273 1858 1304 alio

1068 1334 1103 1357 se
1113 1325 1249 1357 audiisse
1263 1324 1430 1361 diceret,et
1441 1323 1485 1354 rei
1495 1323 1615 1354 novitas
1626 1322 1720 1354 ﬁdem
1734 1331 1856 1354 sermo-

1067 1375 1116 1406 nis
1135 1374 1279 1405 auferret.
1308 1374 1443 1404 Rursum
1466 1380 1618 1412 suspensa
1634 1375 1716 1409 vota,
1737 1376 1853 1403 nutan-

1067 1428 1196 1464 temque
1215 1426 1353 1454 mentem
1368 1423 1495 1463 quidam
1506 1422 1733 1453 Alexandrinus
1748 1431 1857 1454 mona-

1068 1475 1157 1512 chus,
1173 1474 1227 1514 qui
1239 1474 1278 1505 ad
1291 1474 1460 1514 Aegyptios
1473 1472 1681 1509 confessores,
1695 1476 1726 1503 et
1741 1472 1853 1504 volun-

1068 1529 1130 1556 tate
1141 1525 1202 1556 iam
1210 1524 1433 1564 martyres,pio
1444 1523 1615 1563 plebisiam
1626 1523 1743 1553 dudum
1754 1522 1858 1554 fuerat

231 1572 332 1603 attulit
351 1573 548 1605 oscitantium
574 1563 846 1611 consuetudinem,
870 1584 906 1605 os
926 1575 1017 1615 signo
1031 1563 1052 1592 c
1070 1575 1268 1606 transmissus
1284 1563 1449 1614 obsequio,
1465 1573 1646 1604 manifestus
1667 1573 1705 1604 ad
1719 1573 1860 1604 creduli-

233 1623 334 1654 crucis
347 1624 509 1655 muniendi
523 1633 561 1655 ex
580 1625 743 1656 traditione
766 1625 893 1665 antiqua
909 1626 1020 1657 imme-

233 1673 419 1714 moriali(lt.
444 1676 588 1706 Ceterum
608 1675 712 1706 omnia
727 1675 780 1706 illa
790 1676 1019 1717 patimur,quia

235 1724 360 1755 lectioni
372 1733 437 1755 non
451 1725 639 1756 attendimus
649 1724 822 1763 vigilanter,
834 1734 937 1766 neque
950 1736 1019 1757 san-

233 1778 281 1806 cta
295 1775 350 1805 Dei
369 1775 428 1805 vivi
446 1775 569 1815 eloquia
587 1783 645 1805 nos
663 1774 767 1814 legere
790 1776 880 1807 nobis
900 1777 1020 1808 conscii

231 1834 341 1856 sumus
364 1825 419 1865 (2).
435 1837 449 1854 »
465 1826 548 1856 Haec
573 1825 700 1865 quidem
713 1826 834 1865 Evagrii
847 1827 965 1858 notatio
979 1828 1018 1858 ad

194 1888 203 1902 ο
233 1879 416 1907 vetustatem
444 1877 691 1912 consuetudinis,
717 1886 778 1917 qua
797 1878 963 1909 oscitantes
984 1887 1019 1910 os

233 1926 322 1965 signo
345 1927 446 1958 crucis
467 1927 590 1957 munire
618 1926 729 1964 solent,
752 1928 1019 1967 comprobandam

231 1977 410 2015 gravissima
420 1981 477 2008 est.
489 1977 564 2008 Uter
578 1985 651 2008 vero
667 1977 870 2008 Macariorum
881 1978 933 2009 illa
945 1979 1020 2011 Eva-

231 2027 300 2066 grio
316 2028 506 2066 exposuerit,
526 2030 611 2058 certo
630 2028 682 2057 vix
701 2028 887 2065 definietur;
915 2038 1017 2069 quan-

233 2085 326 2116 quam
337 2085 409 2107 cum
423 2077 569 2116 Evagrius
583 2077 631 2108 bis
646 2078 812 2109 Macarium
831 2080 1018 2118 Aegyptium

231 2127 377 2158 laudibus
396 2127 551 2164 extulerit,
572 2127 655 2158 haud
674 2128 849 2167 incongrue
869 2129 1017 2168 creditur,

232 2178 282 2209 hic
294 2186 435 2218 quoque,
447 2178 502 2209 ubi
517 2177 700 2218 simpliciter
712 2179 836 2209 Macarii
846 2180 964 2211 mentio
973 2181 1017 2218 ﬁt,

1069 1629 1164 1657 tatem
1182 1625 1284 1657 nuntii
1305 1628 1414 1656 auctor
1431 1624 1609 1664 impulerat.
1634 1625 1745 1655 Fateor
1771 1627 1801 1655 et
1822 1624 1859 1655 in

1069 1675 1130 1706 hoc
1152 1683 1253 1705 meam
1278 1674 1399 1705 labasse
1422 1673 1618 1704 sententiam.
1637 1674 1715 1704 Nam
1739 1683 1810 1705 cum
1826 1677 1858 1705 et

1069 1727 1201 1766 patriam
1211 1730 1293 1756 tuam
1309 1725 1467 1764 ignoraret
1478 1729 1508 1756 et
1522 1725 1692 1762 nomen,in
1703 1733 1741 1755 eo
1751 1727 1860 1755 tamen

1070 1776 1141 1817 plus
1154 1776 1316 1807 videbatur
1331 1775 1454 1812 aﬂ'erre,
1466 1775 1552 1815 quod
1564 1775 1674 1806 eadem
1685 1775 1855 1812 asserebat,

1070 1836 1152 1867 quae
1176 1827 1238 1858 iam
1256 1826 1335 1857 alius
1353 1826 1553 1857 indicaverat.
1569 1825 1707 1856 Tandem
1727 1825 1859 1866 plenum

1069 1877 1205 1908 veritatis
1216 1877 1340 1916 pondus
1352 1877 1470 1917 erupit:
1483 1877 1633 1907 Ruﬁnum
1646 1876 1730 1907 enim
1742 1876 1863 1907 Nitriae

1070 1936 1140 1958 esse
1156 1930 1186 1957 et
1204 1927 1243 1958 ad
1262 1927 1388 1957 beatum
1413 1926 1589 1966 perrexisse
1610 1925 1776 1956 Macarium
1791 1934 1859 1956 cre-

1070 1978 1126 2009 bra
1143 1977 1385 2009 commeantium
1413 1975 1579 2006 multitudo
1609 1975 1775 2006 referebat.
1800 1975 1858 2007 Hie

1069 2037 1145 2059 vero
1171 2031 1234 2059 tota
1259 2026 1451 2058 credulitatis
1477 2025 1565 2056 frena
1593 2025 1703 2062 laxavi,
1726 2029 1758 2057 et
1784 2029 1859 2057 tunc

1069 2087 1142 2109 vere
1155 2081 1317 2117 aegrotum
1337 2086 1406 2108 esse
1419 2084 1470 2107 me
1485 2075 1584 2106 dolui.
1593 2076 1631 2106 Et
1645 2075 1704 2106 nisi
1716 2085 1766 2107 me
1780 2079 1859 2107 atte-

1070 2129 1157 2160 nuati
1179 2127 1320 2168 corporis
1333 2127 1414 2158 vires
1434 2126 1569 2166 quadam
1593 2127 1747 2167 compede
1765 2136 1859 2167 prae-

1070 2179 1240 2220 pedissent,
1269 2186 1328 2208 nec
1353 2176 1475 2208 mediae
1498 2175 1603 2207 fervor
1623 2179 1700 2214 123
1719 2177 1858 2215 aestatis,

232 2229 369 2260 eundem
382 2228 525 2267 intelligi.
536 2228 595 2259 Sed
607 2228 770 2260 audiamus
780 2238 863 2261 nunc
873 2239 921 2268 ea,
934 2240 1016 2271 quae
1033 2239 1055 2267 ι)
1071 2240 1128 2262 nec
1147 2229 1363 2269 navigantibus
1381 2237 1506 2268 semper
1524 2228 1678 2259 incertum
1697 2237 1790 2259 marc-
1805 2229 1861 2269 pia

232 2280 323 2311 nobis
338 2280 466 2320 praebet
480 2280 511 2310 S.
528 2279 748 2320 Hieronymus.

271 2331 285 2367 ς
302 2329 351 2360 30.
372 2330 402 2360 Is
425 2329 575 2360 Macarios
597 2330 714 2370 passim
733 2331 767 2361 in
786 2331 938 2371 epistolis,
962 2334 1019 2365 sed

231 2379 334 2411 obiter
367 2382 488 2410 tantum
522 2384 757 2412 commemorat.
787 2382 823 2412 In
846 2383 1020 2415 Palaestina

231 2430 310 2460 vitae
324 2428 603 2469 monachicaeipse
613 2438 647 2460 se
659 2430 798 2468 dederat,
814 2441 908 2471 quam
917 2442 1019 2472 quan-

231 2484 262 2511 ta
286 2479 452 2511 dulcedine
476 2480 638 2520 amplexus
657 2481 706 2517 sit,
727 2481 794 2512 eius
815 2482 965 2521 epistolae
988 2484 1017 2515 2.

231 2531 260 2561 3.
290 2530 335 2561 14.
356 2530 404 2561 22.
427 2530 475 2568 24,
496 2540 577 2570 quae
596 2539 707 2562 omnes
724 2536 797 2563 ante
823 2541 939 2564 annum
961 2534 1020 2565 384

230 2580 363 2621 scriptae
371 2581 526 2617 1225unt
533 2580 572 2622 (3)
579 2605 586 2619 ,
596 2582 776 2618 ostendunt,
793 2591 851 2613 nec
858 2583 1018 2622 nonaliae,

230 2637 307 2668 quas
312 2633 422 2669 postea
428 2629 635 2670 scripsit,com
638 2631 783 2671 probant.
792 2633 911 2663 Romae
922 2642 1019 2673 quum

231 2682 414 2716 moraretur,
426 2679 605 2720 complures
616 2680 738 2712 nobiles
749 2680 881 2712 feminas
891 2682 930 2713 ad
943 2692 1016 2723 pro-

265 2765 304 2800 (l)
316 2764 420 2793 Graece
434 2775 441 2792 ε
455 2765 524 2792 κατὰ
538 2765 655 2801 ἀρχαίαν
666 2766 816 2802 παράδοσιν
833 2767 962 2803 ᾰρῤητον.

265 2812 304 2847 (2)
325 2813 391 2848 Cap.
410 2812 502 2845 LXVI,
521 2813 639 2840 Coteler.
658 2813 731 2841 Eccl.
757 2813 854 2842 Graec.
880 2814 953 2843 Mon.
982 2813 1016 2843 Τ.

230 2857 263 2886 lll
282 2867 308 2893 p.
324 2859 359 2886 88
374 2867 429 2894 sq.,
454 2858 578 2886 Galland.
596 2859 664 2887 Bibl.
679 2860 730 2889 PP.
749 2862 766 2889 l.
783 2861 801 2888 1.
822 2869 849 2896 p.
863 2862 926 2890 56L

266 2905 304 2940 (5‘
316 2904 359 2934 Cf.
373 2904 728 2941 S.Hieron.0pp.ed.Migne
738 2905 770 2935 T.
786 2906 892 2935 lPracf.
906 2916 932 2941 ι).
943 2907 1014 2946 qu.

1065 2281 1267 2314 festinatione
1283 2278 1437 2319 gradienti
1450 2278 1596 2309 valuisset
1611 2278 1775 2310 obsistere.
1785 2280 1857 2310 Cre-

1068 2333 1123 2363 das
1142 2331 1230 2368 mihi,
1248 2330 1354 2366 frater,
1374 2338 1436 2360 non
1459 2329 1503 2360 sic
1523 2332 1707 2369 tempestate
1725 2329 1858 2360 iactatus

1069 2387 1194 2423 portum
1206 2385 1298 2413 nauta
1308 2383 1496 2421 prospectat,
1514 2388 1578 2410 non
1595 2380 1640 2410 sic
1657 2379 1790 2411 sitientia
1800 2381 1858 2411 im-

1070 2433 1142 2464 bres
1158 2441 1228 2463 arva
1244 2431 1435 2467 desiderant,
1455 2438 1514 2460 nec
1535 2430 1580 2461 sic
1601 2438 1697 2461 curvo
1715 2430 1862 2461 assidens

1070 2484 1167 2515 littori
1182 2483 1273 2514 anxia
1289 2481 1386 2513 tilium
1401 2485 1501 2513 mater
1522 2484 1681 2521 exspectat
1706 2480 1759 2520 (7).
1778 2493 1792 2509 »
1813 2482 1859 2512 lbi

1071 2535 1255 2566 alterutrum
1279 2541 1318 2563 ex
1345 2532 1460 2563 nostris
1481 2531 1632 2568 Macariis,
1660 2534 1691 2562 et
1717 2531 1860 2562 fortassis

1071 2585 1199 2626 quidem
1217 2582 1472 2620 Alexandrinum,
1497 2582 1552 2623 qui
1568 2590 1669 2622 prope
1686 2581 1814 2613 Nitriam
1824 2581 1856 2613 in

1071 2643 1177 2666 eremo
1188 2633 1373 2665 Cellularum
1387 2632 1473 2669 vixit,
1485 2631 1618 2671 intelligi
1633 2632 1666 2662 in
1677 2635 1787 2672 aperto
1798 2635 1856 2662 est.

1071 2687 1219 2718 Ruﬁnum
1236 2693 1310 2715 vero
1321 2684 1403 2716 circa
1423 2683 1552 2715 Nitriam
1570 2692 1640 2714 cum
1659 2683 1782 2714 duobus
1792 2683 1857 2713 Ma-

1108 2769 1146 2804 (l)
1159 2767 1202 2795 cr.
1215 2767 1265 2802 Ep.
1281 2766 1325 2793 66.
1341 2765 1385 2792 75.
1398 2764 1442 2791 45.
1456 2763 1506 2791 39..
1520 2763 1564 2790 si.

1107 2815 1146 2850 (5)
1162 2813 1211 2849 Ep.
1227 2812 1273 2845 58,
1288 2811 1317 2839 S.
1331 2811 1444 2838 Hieron.
1458 2808 1528 2844 Opp.
1544 2808 1588 2835 ed.
1604 2809 1622 2835 l.
1635 2808 1688 2835 T.l
1705 2817 1730 2843 p.
1748 2808 1811 2835 58L

1106 2860 1143 2895 (6)
1160 2860 1208 2895 Ep.
1225 2859 1269 2893 73,
1284 2858 1313 2886 S.
1326 2856 1514 2891 Hieron.0pp.
1527 2854 1571 2883 ed.
1586 2855 1603 2881 Ι.
1617 2854 1648 2881 Τ.
1666 2853 1712 2889 lp.
1724 2854 1789 2882 694.

1106 2907 1146 2940 (Ἰ)
1161 2906 1191 2934 S.
1210 2905 1321 2934 Hieron.
1337 2904 1406 2939 Opp.
1423 2902 1468 2931 ed.
1489 2902 1508 2929 l.
1525 2901 1557 2929 T.
1569 2901 1579 2928 l
1591 2909 1618 2938 p.
1630 2901 1684 2929 33?.
1700 2909 1742 2936 sq.
