  <div class='ocr_page' id='page_1' title='image "/cluster/home/n/w/nwhite01/storage/ocr_20150623/34/njp.32101077772547/072.png"; bbox 0 0 2060 3153; ppageno 0'>
   <div class='ocr_carea' id='block_1_1' title="bbox 214 170 267 199">
    <p class='ocr_par' dir='ltr' id='par_1_1' title="bbox 214 170 267 199">
     <span class='ocr_line' id='line_1_1' title="bbox 214 170 267 199; baseline -0.038 0"><span class='ocrx_word' id='word_1_1' title='bbox 214 170 267 199; x_wconf 86' lang='grc'><strong>117</strong></span> 
     </span>
    </p>
   </div>
   <div class='ocr_carea' id='block_1_2' title="bbox 964 170 1077 200">
    <p class='ocr_par' dir='ltr' id='par_1_2' title="bbox 964 170 1077 200">
     <span class='ocr_line' id='line_1_2' title="bbox 964 170 1077 200; baseline 0.009 -2"><span class='ocrx_word' id='word_1_2' title='bbox 964 170 1077 200; x_wconf 71' lang='grc' dir='ltr'>νιτΑι-ῑ.</span> 
     </span>
    </p>
   </div>
   <div class='ocr_carea' id='block_1_3' title="bbox 213 227 1830 269">
    <p class='ocr_par' dir='ltr' id='par_1_3' title="bbox 213 227 1830 269">
     <span class='ocr_line' id='line_1_3' title="bbox 213 227 1830 269; baseline 0.002 -9"><span class='ocrx_word' id='word_1_3' title='bbox 213 228 306 260; x_wconf 86' lang='lat' dir='ltr'>cariis</span> <span class='ocrx_word' id='word_1_4' title='bbox 322 235 524 266; x_wconf 81' lang='lat' dir='ltr'>congressum</span> <span class='ocrx_word' id='word_1_5' title='bbox 545 235 612 258; x_wconf 85' lang='lat' dir='ltr'>esse</span> <span class='ocrx_word' id='word_1_6' title='bbox 627 227 853 267; x_wconf 82' lang='lat' dir='ltr'>persecutionis</span> <span class='ocrx_word' id='word_1_7' title='bbox 867 237 884 260; x_wconf 93' lang='lat' dir='ltr'>a</span> <span class='ocrx_word' id='word_1_8' title='bbox 900 229 995 260; x_wconf 83' lang='lat' dir='ltr'>Lucio</span> <span class='ocrx_word' id='word_1_9' title='bbox 1010 229 1032 259; x_wconf 85' lang='lat' dir='ltr'>A</span> <span class='ocrx_word' id='word_1_10' title='bbox 1046 228 1830 269; x_wconf 84' lang='lat' dir='ltr'>HistoriciThucyoidem,Sallustium,Herodotum,</span> 
     </span>
    </p>
   </div>
   <div class='ocr_carea' id='block_1_4' title="bbox 214 277 996 317">
    <p class='ocr_par' dir='ltr' id='par_1_4' title="bbox 214 277 996 317">
     <span class='ocr_line' id='line_1_4' title="bbox 214 277 996 317; baseline -0.003 -7"><span class='ocrx_word' id='word_1_11' title='bbox 214 279 313 310; x_wconf 80' lang='lat' dir='ltr'>fac-tae</span> <span class='ocrx_word' id='word_1_12' title='bbox 334 281 487 317; x_wconf 88' lang='lat' dir='ltr'>tempore,</span> <span class='ocrx_word' id='word_1_13' title='bbox 506 285 570 316; x_wconf 90' lang='lat' dir='ltr'>quo</span> <span class='ocrx_word' id='word_1_14' title='bbox 600 277 730 316; x_wconf 90' lang='lat' dir='ltr'>epistola</span> <span class='ocrx_word' id='word_1_15' title='bbox 759 279 789 308; x_wconf 91' lang='lat' dir='ltr'>S.</span> <span class='ocrx_word' id='word_1_16' title='bbox 813 277 996 316; x_wconf 85' lang='lat' dir='ltr'>Hieronymi</span> 
     </span>
    </p>
   </div>
   <div class='ocr_carea' id='block_1_5' title="bbox 215 327 995 368">
    <p class='ocr_par' dir='ltr' id='par_1_5' title="bbox 215 327 995 368">
     <span class='ocr_line' id='line_1_5' title="bbox 215 327 995 368; baseline 0 -9"><span class='ocrx_word' id='word_1_17' title='bbox 215 329 326 368; x_wconf 87' lang='lat' dir='ltr'>scripta</span> <span class='ocrx_word' id='word_1_18' title='bbox 344 331 401 364; x_wconf 90' lang='lat' dir='ltr'>est,</span> <span class='ocrx_word' id='word_1_19' title='bbox 420 327 483 358; x_wconf 90' lang='lat' dir='ltr'>iam</span> <span class='ocrx_word' id='word_1_20' title='bbox 502 336 519 358; x_wconf 91' lang='lat' dir='ltr'>e</span> <span class='ocrx_word' id='word_1_21' title='bbox 540 327 644 358; x_wconf 83' lang='lat' dir='ltr'>Ruﬁni</span> <span class='ocrx_word' id='word_1_22' title='bbox 667 328 903 360; x_wconf 89' lang='lat' dir='ltr'>Continuatione</span> <span class='ocrx_word' id='word_1_23' title='bbox 923 329 995 359; x_wconf 88' lang='lat' dir='ltr'>His-</span> 
     </span>
    </p>
   </div>
   <div class='ocr_carea' id='block_1_6' title="bbox 215 377 994 419">
    <p class='ocr_par' dir='ltr' id='par_1_6' title="bbox 215 377 994 419">
     <span class='ocr_line' id='line_1_6' title="bbox 215 377 994 419; baseline -0.001 -9"><span class='ocrx_word' id='word_1_24' title='bbox 215 379 309 410; x_wconf 85' lang='lat' dir='ltr'>toriae</span> <span class='ocrx_word' id='word_1_25' title='bbox 332 377 565 409; x_wconf 86' lang='lat' dir='ltr'>Ecclesiasticae</span> <span class='ocrx_word' id='word_1_26' title='bbox 579 378 703 408; x_wconf 84' lang='lat' dir='ltr'>Eusebii</span> <span class='ocrx_word' id='word_1_27' title='bbox 721 379 921 419; x_wconf 77' lang='lat' dir='ltr'>percepimus</span> <span class='ocrx_word' id='word_1_28' title='bbox 941 378 994 419; x_wconf 99' lang='lat'>(1).</span> 
     </span>
    </p>
   </div>
   <div class='ocr_carea' id='block_1_7' title="bbox 251 427 995 467">
    <p class='ocr_par' dir='ltr' id='par_1_7' title="bbox 251 427 995 467">
     <span class='ocr_line' id='line_1_7' title="bbox 251 427 995 467; baseline 0.003 -9"><span class='ocrx_word' id='word_1_29' title='bbox 251 429 347 459; x_wconf 90' lang='lat' dir='ltr'>Porro</span> <span class='ocrx_word' id='word_1_30' title='bbox 369 427 525 458; x_wconf 90' lang='lat' dir='ltr'>laudanda</span> <span class='ocrx_word' id='word_1_31' title='bbox 544 431 590 458; x_wconf 84' lang='lat' dir='ltr'>est</span> <span class='ocrx_word' id='word_1_32' title='bbox 608 427 740 467; x_wconf 90' lang='lat' dir='ltr'>epistola</span> <span class='ocrx_word' id='word_1_33' title='bbox 764 427 813 465; x_wconf 73' lang='grc'>22,</span> <span class='ocrx_word' id='word_1_34' title='bbox 831 429 870 459; x_wconf 91' lang='lat' dir='ltr'>de</span> <span class='ocrx_word' id='word_1_35' title='bbox 889 433 995 460; x_wconf 87' lang='lat' dir='ltr'>custo-</span> 
     </span>
    </p>
   </div>
   <div class='ocr_carea' id='block_1_8' title="bbox 212 477 995 517">
    <p class='ocr_par' dir='ltr' id='par_1_8' title="bbox 212 477 995 517">
     <span class='ocr_line' id='line_1_8' title="bbox 212 477 995 517; baseline 0.001 -9"><span class='ocrx_word' id='word_1_36' title='bbox 212 478 323 509; x_wconf 89' lang='lat' dir='ltr'>dienda</span> <span class='ocrx_word' id='word_1_37' title='bbox 351 478 526 517; x_wconf 74' lang='lat' dir='ltr'>virginitate</span> <span class='ocrx_word' id='word_1_38' title='bbox 549 478 587 508; x_wconf 94' lang='lat' dir='ltr'>ad</span> <span class='ocrx_word' id='word_1_39' title='bbox 609 477 808 509; x_wconf 88' lang='lat' dir='ltr'>Eustachium</span> <span class='ocrx_word' id='word_1_40' title='bbox 831 478 995 517; x_wconf 82' lang='lat' dir='ltr'>virginem,</span> 
     </span>
    </p>
   </div>
   <div class='ocr_carea' id='block_1_9' title="bbox 211 527 996 568">
    <p class='ocr_par' dir='ltr' id='par_1_9' title="bbox 211 527 996 568">
     <span class='ocr_line' id='line_1_9' title="bbox 211 527 996 568; baseline -0.001 -9"><span class='ocrx_word' id='word_1_41' title='bbox 211 528 323 559; x_wconf 82' lang='lat' dir='ltr'>Paulae</span> <span class='ocrx_word' id='word_1_42' title='bbox 347 528 560 559; x_wconf 89' lang='lat' dir='ltr'>nobilissimae</span> <span class='ocrx_word' id='word_1_43' title='bbox 573 527 655 568; x_wconf 88' lang='lat' dir='ltr'>apud</span> <span class='ocrx_word' id='word_1_44' title='bbox 668 528 826 558; x_wconf 82' lang='lat' dir='ltr'>Romanos</span> <span class='ocrx_word' id='word_1_45' title='bbox 837 531 996 559; x_wconf 78' lang='lat' dir='ltr'>matronae</span> 
     </span>
    </p>
   </div>
   <div class='ocr_carea' id='block_1_10' title="bbox 213 577 995 618">
    <p class='ocr_par' dir='ltr' id='par_1_10' title="bbox 213 577 995 618">
     <span class='ocr_line' id='line_1_10' title="bbox 213 577 995 618; baseline 0 -10"><span class='ocrx_word' id='word_1_46' title='bbox 213 578 317 615; x_wconf 84' lang='lat' dir='ltr'>ﬁliam,</span> <span class='ocrx_word' id='word_1_47' title='bbox 326 587 410 610; x_wconf 88' lang='lat' dir='ltr'>anno</span> <span class='ocrx_word' id='word_1_48' title='bbox 422 578 479 609; x_wconf 86' lang='grc'>384</span> <span class='ocrx_word' id='word_1_49' title='bbox 490 579 613 618; x_wconf 87' lang='lat' dir='ltr'>scripta.</span> <span class='ocrx_word' id='word_1_50' title='bbox 625 579 700 609; x_wconf 90' lang='lat' dir='ltr'>Eam</span> <span class='ocrx_word' id='word_1_51' title='bbox 712 578 795 609; x_wconf 92' lang='lat' dir='ltr'>enim</span> <span class='ocrx_word' id='word_1_52' title='bbox 810 577 995 614; x_wconf 88' lang='lat' dir='ltr'>admonens,</span> 
     </span>
    </p>
   </div>
   <div class='ocr_carea' id='block_1_11' title="bbox 211 627 995 667">
    <p class='ocr_par' dir='ltr' id='par_1_11' title="bbox 211 627 995 667">
     <span class='ocr_line' id='line_1_11' title="bbox 211 627 995 667; baseline 0.001 -10"><span class='ocrx_word' id='word_1_53' title='bbox 211 628 405 658; x_wconf 87' lang='lat' dir='ltr'>utavaritiam</span> <span class='ocrx_word' id='word_1_54' title='bbox 417 628 502 664; x_wconf 82' lang='lat' dir='ltr'>vitet,</span> <span class='ocrx_word' id='word_1_55' title='bbox 510 628 540 658; x_wconf 91' lang='lat' dir='ltr'>S.</span> <span class='ocrx_word' id='word_1_56' title='bbox 551 628 761 667; x_wconf 85' lang='lat' dir='ltr'>Hieronymus</span> <span class='ocrx_word' id='word_1_57' title='bbox 768 627 853 658; x_wconf 80' lang='lat' dir='ltr'>addit</span> <span class='ocrx_word' id='word_1_58' title='bbox 872 636 878 657; x_wconf 94' lang='lat'><strong>:</strong></span> <span class='ocrx_word' id='word_1_59' title='bbox 892 639 905 655; x_wconf 66' lang='grc' dir='ltr'><strong>ε(</strong></span> <span class='ocrx_word' id='word_1_60' title='bbox 917 627 995 663; x_wconf 87' lang='lat' dir='ltr'>Quid</span> 
     </span>
    </p>
   </div>
   <div class='ocr_carea' id='block_1_12' title="bbox 211 677 995 717">
    <p class='ocr_par' dir='ltr' id='par_1_12' title="bbox 211 677 995 717">
     <span class='ocr_line' id='line_1_12' title="bbox 211 677 995 717; baseline 0.001 -10"><span class='ocrx_word' id='word_1_61' title='bbox 211 681 280 708; x_wconf 92' lang='lat' dir='ltr'>ante</span> <span class='ocrx_word' id='word_1_62' title='bbox 295 686 361 708; x_wconf 83' lang='lat' dir='ltr'>non</span> <span class='ocrx_word' id='word_1_63' title='bbox 376 677 481 717; x_wconf 86' lang='lat' dir='ltr'>plures</span> <span class='ocrx_word' id='word_1_64' title='bbox 495 686 594 709; x_wconf 89' lang='lat' dir='ltr'>annos</span> <span class='ocrx_word' id='word_1_65' title='bbox 606 678 721 709; x_wconf 75' lang='lat' dir='ltr'>Nitriae</span> <span class='ocrx_word' id='word_1_66' title='bbox 737 682 858 717; x_wconf 85' lang='lat' dir='ltr'>gestum</span> <span class='ocrx_word' id='word_1_67' title='bbox 878 677 926 715; x_wconf 86' lang='lat' dir='ltr'>sit,</span> <span class='ocrx_word' id='word_1_68' title='bbox 943 686 995 708; x_wconf 90' lang='lat' dir='ltr'>re-</span> 
     </span>
    </p>
   </div>
   <div class='ocr_carea' id='block_1_13' title="bbox 212 727 996 767">
    <p class='ocr_par' dir='ltr' id='par_1_13' title="bbox 212 727 996 767">
     <span class='ocr_line' id='line_1_13' title="bbox 212 727 996 767; baseline 0 -10"><span class='ocrx_word' id='word_1_69' title='bbox 212 727 358 758; x_wconf 79' lang='lat' dir='ltr'>feremus.</span> <span class='ocrx_word' id='word_1_70' title='bbox 387 727 515 763; x_wconf 85' lang='lat' dir='ltr'>Quidam</span> <span class='ocrx_word' id='word_1_71' title='bbox 540 736 579 758; x_wconf 73' lang='lat' dir='ltr'>ex</span> <span class='ocrx_word' id='word_1_72' title='bbox 597 727 741 758; x_wconf 87' lang='lat' dir='ltr'>fratribus</span> <span class='ocrx_word' id='word_1_73' title='bbox 762 727 885 767; x_wconf 84' lang='lat' dir='ltr'>parcior</span> <span class='ocrx_word' id='word_1_74' title='bbox 897 727 996 766; x_wconf 87' lang='lat' dir='ltr'>magis</span> 
     </span>
    </p>
   </div>
   <div class='ocr_carea' id='block_1_14' title="bbox 213 777 996 817">
    <p class='ocr_par' dir='ltr' id='par_1_14' title="bbox 213 777 996 817">
     <span class='ocr_line' id='line_1_14' title="bbox 213 777 996 817; baseline 0.001 -10"><span class='ocrx_word' id='word_1_75' title='bbox 213 786 308 816; x_wconf 83' lang='lat' dir='ltr'>quam</span> <span class='ocrx_word' id='word_1_76' title='bbox 333 777 462 814; x_wconf 80' lang='lat' dir='ltr'>avarior,</span> <span class='ocrx_word' id='word_1_77' title='bbox 480 781 511 808; x_wconf 92' lang='lat' dir='ltr'>et</span> <span class='ocrx_word' id='word_1_78' title='bbox 534 777 677 808; x_wconf 90' lang='lat' dir='ltr'>nesciens</span> <span class='ocrx_word' id='word_1_79' title='bbox 699 777 823 817; x_wconf 83' lang='lat' dir='ltr'>triginta</span> <span class='ocrx_word' id='word_1_80' title='bbox 842 777 996 817; x_wconf 83' lang='lat' dir='ltr'>argenteis</span> 
     </span>
    </p>
   </div>
   <div class='ocr_carea' id='block_1_15' title="bbox 213 826 995 865">
    <p class='ocr_par' dir='ltr' id='par_1_15' title="bbox 213 826 995 865">
     <span class='ocr_line' id='line_1_15' title="bbox 213 826 995 865; baseline -0.001 -8"><span class='ocrx_word' id='word_1_81' title='bbox 213 827 379 858; x_wconf 90' lang='lat' dir='ltr'>Dominum</span> <span class='ocrx_word' id='word_1_82' title='bbox 405 827 574 862; x_wconf 86' lang='lat' dir='ltr'>venditum,</span> <span class='ocrx_word' id='word_1_83' title='bbox 604 830 731 858; x_wconf 88' lang='lat' dir='ltr'>centum</span> <span class='ocrx_word' id='word_1_84' title='bbox 761 826 891 863; x_wconf 91' lang='lat' dir='ltr'>solidos,</span> <span class='ocrx_word' id='word_1_85' title='bbox 916 834 995 865; x_wconf 89' lang='lat' dir='ltr'>quos</span> 
     </span>
    </p>
   </div>
   <div class='ocr_carea' id='block_1_16' title="bbox 215 876 1033 930">
    <p class='ocr_par' dir='ltr' id='par_1_16' title="bbox 215 876 1033 930">
     <span class='ocr_line' id='line_1_16' title="bbox 215 876 1033 930; baseline 0.001 -24"><span class='ocrx_word' id='word_1_86' title='bbox 215 876 278 908; x_wconf 91' lang='lat' dir='ltr'>lino</span> <span class='ocrx_word' id='word_1_87' title='bbox 299 876 433 908; x_wconf 80' lang='lat' dir='ltr'>texendo</span> <span class='ocrx_word' id='word_1_88' title='bbox 449 876 646 916; x_wconf 88' lang='lat' dir='ltr'>acquisierat,</span> <span class='ocrx_word' id='word_1_89' title='bbox 661 877 800 908; x_wconf 88' lang='lat' dir='ltr'>moriens</span> <span class='ocrx_word' id='word_1_90' title='bbox 817 876 994 916; x_wconf 89' lang='lat' dir='ltr'>dereliquit.</span> <span class='ocrx_word' id='word_1_91' title='bbox 1011 900 1033 930; x_wconf 69' lang='grc' dir='ltr'><strong>Β</strong></span> 
     </span>
    </p>
   </div>
   <div class='ocr_carea' id='block_1_17' title="bbox 214 926 995 958">
    <p class='ocr_par' dir='ltr' id='par_1_17' title="bbox 214 926 995 958">
     <span class='ocr_line' id='line_1_17' title="bbox 214 926 995 958; baseline -0.003 0"><span class='ocrx_word' id='word_1_92' title='bbox 214 928 325 958; x_wconf 93' lang='lat' dir='ltr'>Initum</span> <span class='ocrx_word' id='word_1_93' title='bbox 347 930 393 958; x_wconf 90' lang='lat' dir='ltr'>est</span> <span class='ocrx_word' id='word_1_94' title='bbox 416 927 497 958; x_wconf 89' lang='lat' dir='ltr'>inter</span> <span class='ocrx_word' id='word_1_95' title='bbox 511 926 681 958; x_wconf 88' lang='lat' dir='ltr'>monachos</span> <span class='ocrx_word' id='word_1_96' title='bbox 700 926 910 957; x_wconf 81' lang='lat' dir='ltr'>consilium—</span> <span class='ocrx_word' id='word_1_97' title='bbox 923 935 995 957; x_wconf 88' lang='lat' dir='ltr'>nam</span> 
     </span>
    </p>
   </div>
   <div class='ocr_carea' id='block_1_18' title="bbox 214 975 996 1015">
    <p class='ocr_par' dir='ltr' id='par_1_18' title="bbox 214 975 996 1015">
     <span class='ocr_line' id='line_1_18' title="bbox 214 975 996 1015; baseline -0.003 -8"><span class='ocrx_word' id='word_1_98' title='bbox 214 976 245 1007; x_wconf 88' lang='lat' dir='ltr'>in</span> <span class='ocrx_word' id='word_1_99' title='bbox 263 976 374 1007; x_wconf 88' lang='lat' dir='ltr'>eodem</span> <span class='ocrx_word' id='word_1_100' title='bbox 396 976 466 1007; x_wconf 91' lang='lat' dir='ltr'>loco</span> <span class='ocrx_word' id='word_1_101' title='bbox 493 976 616 1007; x_wconf 87' lang='lat' dir='ltr'>circiter</span> <span class='ocrx_word' id='word_1_102' title='bbox 631 975 770 1015; x_wconf 86' lang='lat' dir='ltr'>quinque</span> <span class='ocrx_word' id='word_1_103' title='bbox 786 975 881 1006; x_wconf 91' lang='lat' dir='ltr'>millia</span> <span class='ocrx_word' id='word_1_104' title='bbox 891 975 996 1005; x_wconf 87' lang='lat' dir='ltr'>divisis</span> 
     </span>
    </p>
   </div>
   <div class='ocr_carea' id='block_1_19' title="bbox 211 1025 994 1065">
    <p class='ocr_par' dir='ltr' id='par_1_19' title="bbox 211 1025 994 1065">
     <span class='ocr_line' id='line_1_19' title="bbox 211 1025 994 1065; baseline -0.004 -8"><span class='ocrx_word' id='word_1_105' title='bbox 211 1026 330 1058; x_wconf 88' lang='lat' dir='ltr'>cellulis</span> <span class='ocrx_word' id='word_1_106' title='bbox 353 1026 533 1057; x_wconf 84' lang='lat' dir='ltr'>habitabant</span> <span class='ocrx_word' id='word_1_107' title='bbox 547 1043 584 1048; x_wconf 83' lang='lat'>——</span> <span class='ocrx_word' id='word_1_108' title='bbox 599 1025 674 1065; x_wconf 87' lang='lat' dir='ltr'>quid</span> <span class='ocrx_word' id='word_1_109' title='bbox 699 1025 781 1057; x_wconf 87' lang='lat' dir='ltr'>facto</span> <span class='ocrx_word' id='word_1_110' title='bbox 803 1034 883 1065; x_wconf 91' lang='lat' dir='ltr'>opus</span> <span class='ocrx_word' id='word_1_111' title='bbox 902 1027 994 1055; x_wconf 89' lang='lat' dir='ltr'>esset.</span> 
     </span>
    </p>
   </div>
   <div class='ocr_carea' id='block_1_20' title="bbox 211 1075 995 1115">
    <p class='ocr_par' dir='ltr' id='par_1_20' title="bbox 211 1075 995 1115">
     <span class='ocr_line' id='line_1_20' title="bbox 211 1075 995 1115; baseline -0.001 -9"><span class='ocrx_word' id='word_1_112' title='bbox 211 1075 268 1106; x_wconf 89' lang='lat' dir='ltr'>Alii</span> <span class='ocrx_word' id='word_1_113' title='bbox 286 1075 478 1115; x_wconf 88' lang='lat' dir='ltr'>pauperibus</span> <span class='ocrx_word' id='word_1_114' title='bbox 500 1075 730 1106; x_wconf 82' lang='lat' dir='ltr'>distribuendos</span> <span class='ocrx_word' id='word_1_115' title='bbox 748 1083 818 1106; x_wconf 89' lang='lat' dir='ltr'>esse</span> <span class='ocrx_word' id='word_1_116' title='bbox 839 1075 995 1111; x_wconf 86' lang='lat' dir='ltr'>dicebant,</span> 
     </span>
    </p>
   </div>
   <div class='ocr_carea' id='block_1_21' title="bbox 210 1125 996 1166">
    <p class='ocr_par' dir='ltr' id='par_1_21' title="bbox 210 1125 996 1166">
     <span class='ocr_line' id='line_1_21' title="bbox 210 1125 996 1166; baseline 0 -10"><span class='ocrx_word' id='word_1_117' title='bbox 210 1125 261 1156; x_wconf 84' lang='lat' dir='ltr'>alii</span> <span class='ocrx_word' id='word_1_118' title='bbox 276 1125 396 1157; x_wconf 90' lang='lat' dir='ltr'>dandos</span> <span class='ocrx_word' id='word_1_119' title='bbox 412 1125 572 1163; x_wconf 84' lang='lat' dir='ltr'>ecclesiae,</span> <span class='ocrx_word' id='word_1_120' title='bbox 592 1125 735 1157; x_wconf 87' lang='lat' dir='ltr'>nonnulli</span> <span class='ocrx_word' id='word_1_121' title='bbox 751 1125 931 1166; x_wconf 89' lang='lat' dir='ltr'>parentibus</span> <span class='ocrx_word' id='word_1_122' title='bbox 944 1135 996 1157; x_wconf 90' lang='lat' dir='ltr'>re-</span> 
     </span>
    </p>
   </div>
   <div class='ocr_carea' id='block_1_22' title="bbox 210 1176 997 1207">
    <p class='ocr_par' dir='ltr' id='par_1_22' title="bbox 210 1176 997 1207">
     <span class='ocr_line' id='line_1_22' title="bbox 210 1176 997 1207; baseline 0 -1"><span class='ocrx_word' id='word_1_123' title='bbox 210 1176 388 1207; x_wconf 85' lang='lat' dir='ltr'>mittendos.</span> <span class='ocrx_word' id='word_1_124' title='bbox 400 1176 550 1207; x_wconf 90' lang='lat' dir='ltr'>Macarius</span> <span class='ocrx_word' id='word_1_125' title='bbox 564 1185 637 1207; x_wconf 91' lang='lat' dir='ltr'>vero</span> <span class='ocrx_word' id='word_1_126' title='bbox 647 1179 677 1207; x_wconf 92' lang='lat' dir='ltr'>et</span> <span class='ocrx_word' id='word_1_127' title='bbox 695 1176 811 1207; x_wconf 89' lang='lat' dir='ltr'>Pambo</span> <span class='ocrx_word' id='word_1_128' title='bbox 822 1179 852 1206; x_wconf 88' lang='lat' dir='ltr'>et</span> <span class='ocrx_word' id='word_1_129' title='bbox 861 1176 997 1207; x_wconf 89' lang='lat' dir='ltr'>Isidorus</span> 
     </span>
    </p>
   </div>
   <div class='ocr_carea' id='block_1_23' title="bbox 211 1226 995 1265">
    <p class='ocr_par' dir='ltr' id='par_1_23' title="bbox 211 1226 995 1265">
     <span class='ocr_line' id='line_1_23' title="bbox 211 1226 995 1265; baseline 0 -9"><span class='ocrx_word' id='word_1_130' title='bbox 211 1229 241 1256; x_wconf 90' lang='lat' dir='ltr'>et</span> <span class='ocrx_word' id='word_1_131' title='bbox 253 1226 360 1261; x_wconf 84' lang='lat' dir='ltr'>ceteri,</span> <span class='ocrx_word' id='word_1_132' title='bbox 375 1234 455 1265; x_wconf 90' lang='lat' dir='ltr'>quos</span> <span class='ocrx_word' id='word_1_133' title='bbox 470 1229 573 1265; x_wconf 84' lang='lat' dir='ltr'>patres</span> <span class='ocrx_word' id='word_1_134' title='bbox 583 1229 705 1263; x_wconf 89' lang='lat' dir='ltr'>vocant,</span> <span class='ocrx_word' id='word_1_135' title='bbox 721 1229 828 1257; x_wconf 88' lang='lat' dir='ltr'>sancto</span> <span class='ocrx_word' id='word_1_136' title='bbox 842 1226 875 1256; x_wconf 89' lang='lat' dir='ltr'>in</span> <span class='ocrx_word' id='word_1_137' title='bbox 892 1226 936 1257; x_wconf 92' lang='lat' dir='ltr'>eis</span> <span class='ocrx_word' id='word_1_138' title='bbox 948 1226 995 1257; x_wconf 93' lang='lat' dir='ltr'>lo-</span> 
     </span>
    </p>
   </div>
   <div class='ocr_carea' id='block_1_24' title="bbox 211 1276 997 1316">
    <p class='ocr_par' dir='ltr' id='par_1_24' title="bbox 211 1276 997 1316">
     <span class='ocr_line' id='line_1_24' title="bbox 211 1276 997 1316; baseline 0 -10"><span class='ocrx_word' id='word_1_139' title='bbox 211 1279 327 1316; x_wconf 87' lang='lat' dir='ltr'>quente</span> <span class='ocrx_word' id='word_1_140' title='bbox 346 1276 461 1316; x_wconf 88' lang='lat' dir='ltr'>Spiritu</span> <span class='ocrx_word' id='word_1_141' title='bbox 480 1277 693 1313; x_wconf 79' lang='lat' dir='ltr'>decreverunt,</span> <span class='ocrx_word' id='word_1_142' title='bbox 713 1276 911 1307; x_wconf 89' lang='lat' dir='ltr'>infodiendos</span> <span class='ocrx_word' id='word_1_143' title='bbox 928 1285 997 1307; x_wconf 90' lang='lat' dir='ltr'>esse</span> 
     </span>
    </p>
   </div>
   <div class='ocr_carea' id='block_1_25' title="bbox 211 1325 996 1357">
    <p class='ocr_par' dir='ltr' id='par_1_25' title="bbox 211 1325 996 1357">
     <span class='ocr_line' id='line_1_25' title="bbox 211 1325 996 1357; baseline -0.001 -1"><span class='ocrx_word' id='word_1_144' title='bbox 211 1335 282 1356; x_wconf 88' lang='lat' dir='ltr'>cum</span> <span class='ocrx_word' id='word_1_145' title='bbox 292 1325 419 1356; x_wconf 89' lang='lat' dir='ltr'>domino</span> <span class='ocrx_word' id='word_1_146' title='bbox 433 1334 489 1356; x_wconf 91' lang='lat' dir='ltr'>suo</span> <span class='ocrx_word' id='word_1_147' title='bbox 505 1326 659 1357; x_wconf 88' lang='lat' dir='ltr'>dicentes:</span> <span class='ocrx_word' id='word_1_148' title='bbox 676 1326 811 1356; x_wconf 89' lang='lat' dir='ltr'>Pecunia</span> <span class='ocrx_word' id='word_1_149' title='bbox 828 1329 881 1356; x_wconf 89' lang='lat' dir='ltr'>tua</span> <span class='ocrx_word' id='word_1_150' title='bbox 893 1328 996 1356; x_wconf 89' lang='lat' dir='ltr'>tecum</span> 
     </span>
    </p>
   </div>
   <div class='ocr_carea' id='block_1_26' title="bbox 211 1375 998 1415">
    <p class='ocr_par' dir='ltr' id='par_1_26' title="bbox 211 1375 998 1415">
     <span class='ocr_line' id='line_1_26' title="bbox 211 1375 998 1415; baseline -0.001 -9"><span class='ocrx_word' id='word_1_151' title='bbox 211 1376 250 1406; x_wconf 92' lang='lat' dir='ltr'>sit</span> <span class='ocrx_word' id='word_1_152' title='bbox 272 1376 304 1406; x_wconf 90' lang='lat' dir='ltr'>in</span> <span class='ocrx_word' id='word_1_153' title='bbox 325 1375 545 1415; x_wconf 89' lang='lat' dir='ltr'>perditionem.</span> <span class='ocrx_word' id='word_1_154' title='bbox 566 1376 629 1406; x_wconf 89' lang='lat' dir='ltr'>Nec</span> <span class='ocrx_word' id='word_1_155' title='bbox 652 1375 711 1406; x_wconf 91' lang='lat' dir='ltr'>hoc</span> <span class='ocrx_word' id='word_1_156' title='bbox 733 1375 900 1406; x_wconf 90' lang='lat' dir='ltr'>crudeliter</span> <span class='ocrx_word' id='word_1_157' title='bbox 914 1376 998 1415; x_wconf 87' lang='lat' dir='ltr'>quis-</span> 
     </span>
    </p>
   </div>
   <div class='ocr_carea' id='block_1_27' title="bbox 211 1425 996 1466">
    <p class='ocr_par' dir='ltr' id='par_1_27' title="bbox 211 1425 996 1466">
     <span class='ocr_line' id='line_1_27' title="bbox 211 1425 996 1466; baseline 0 -10"><span class='ocrx_word' id='word_1_158' title='bbox 211 1434 305 1466; x_wconf 83' lang='lat' dir='ltr'>quam</span> <span class='ocrx_word' id='word_1_159' title='bbox 320 1429 407 1466; x_wconf 86' lang='lat' dir='ltr'>putet</span> <span class='ocrx_word' id='word_1_160' title='bbox 425 1425 539 1456; x_wconf 84' lang='lat' dir='ltr'>factum</span> <span class='ocrx_word' id='word_1_161' title='bbox 551 1428 668 1456; x_wconf 85' lang='lat' dir='ltr'>:tantus</span> <span class='ocrx_word' id='word_1_162' title='bbox 683 1429 813 1457; x_wconf 87' lang='lat' dir='ltr'>cunctos</span> <span class='ocrx_word' id='word_1_163' title='bbox 829 1434 886 1465; x_wconf 86' lang='lat' dir='ltr'>per</span> <span class='ocrx_word' id='word_1_164' title='bbox 899 1430 996 1456; x_wconf 88' lang='lat' dir='ltr'>totam</span> 
     </span>
    </p>
   </div>
   <div class='ocr_carea' id='block_1_28' title="bbox 211 1475 996 1515">
    <p class='ocr_par' dir='ltr' id='par_1_28' title="bbox 211 1475 996 1515">
     <span class='ocr_line' id='line_1_28' title="bbox 211 1475 996 1515; baseline 0 -9"><span class='ocrx_word' id='word_1_165' title='bbox 211 1477 384 1515; x_wconf 80' lang='lat' dir='ltr'>Aegyptum</span> <span class='ocrx_word' id='word_1_166' title='bbox 408 1479 507 1506; x_wconf 88' lang='lat' dir='ltr'>terror</span> <span class='ocrx_word' id='word_1_167' title='bbox 533 1475 655 1512; x_wconf 88' lang='lat' dir='ltr'>invasit,</span> <span class='ocrx_word' id='word_1_168' title='bbox 685 1479 719 1506; x_wconf 93' lang='lat' dir='ltr'>ut</span> <span class='ocrx_word' id='word_1_169' title='bbox 741 1484 838 1506; x_wconf 92' lang='lat' dir='ltr'>unum</span> <span class='ocrx_word' id='word_1_170' title='bbox 862 1475 996 1506; x_wconf 91' lang='lat' dir='ltr'>solidum</span> 
     </span>
    </p>
   </div>
   <div class='ocr_carea' id='block_1_29' title="bbox 211 1526 997 1566">
    <p class='ocr_par' dir='ltr' id='par_1_29' title="bbox 211 1526 997 1566">
     <span class='ocr_line' id='line_1_29' title="bbox 211 1526 997 1566; baseline -0.001 -9"><span class='ocrx_word' id='word_1_171' title='bbox 211 1526 364 1557; x_wconf 88' lang='lat' dir='ltr'>dimisisse</span> <span class='ocrx_word' id='word_1_172' title='bbox 373 1526 412 1556; x_wconf 89' lang='lat' dir='ltr'>sit</span> <span class='ocrx_word' id='word_1_173' title='bbox 426 1526 564 1557; x_wconf 90' lang='lat' dir='ltr'>criminis</span> <span class='ocrx_word' id='word_1_174' title='bbox 581 1526 633 1566; x_wconf 78' lang='lat'>(2).</span> <span class='ocrx_word' id='word_1_175' title='bbox 646 1538 659 1554; x_wconf 83' lang='lat'><strong><em>»</em></strong></span> <span class='ocrx_word' id='word_1_176' title='bbox 674 1526 841 1557; x_wconf 91' lang='lat' dir='ltr'>Macarium</span> <span class='ocrx_word' id='word_1_177' title='bbox 865 1526 997 1557; x_wconf 79' lang='lat' dir='ltr'>Alexan-</span> 
     </span>
    </p>
   </div>
   <div class='ocr_carea' id='block_1_30' title="bbox 212 1567 1029 1616">
    <p class='ocr_par' dir='ltr' id='par_1_30' title="bbox 212 1567 1029 1616">
     <span class='ocr_line' id='line_1_30' title="bbox 212 1567 1029 1616; baseline 0 -10"><span class='ocrx_word' id='word_1_178' title='bbox 212 1575 336 1606; x_wconf 88' lang='lat' dir='ltr'>drinum</span> <span class='ocrx_word' id='word_1_179' title='bbox 353 1575 537 1605; x_wconf 83' lang='lat' dir='ltr'>Cellularum</span> <span class='ocrx_word' id='word_1_180' title='bbox 559 1576 775 1614; x_wconf 77' lang='lat' dir='ltr'>presbyterum</span> <span class='ocrx_word' id='word_1_181' title='bbox 796 1575 846 1606; x_wconf 91' lang='lat' dir='ltr'>hic</span> <span class='ocrx_word' id='word_1_182' title='bbox 864 1575 995 1616; x_wconf 83' lang='lat' dir='ltr'>intelligi</span> <span class='ocrx_word' id='word_1_183' title='bbox 1008 1567 1029 1595; x_wconf 69' lang='grc' dir='ltr'><em>ε</em></span> 
     </span>
    </p>
   </div>
   <div class='ocr_carea' id='block_1_31' title="bbox 211 1625 997 1666">
    <p class='ocr_par' dir='ltr' id='par_1_31' title="bbox 211 1625 997 1666">
     <span class='ocr_line' id='line_1_31' title="bbox 211 1625 997 1666; baseline 0.001 -10"><span class='ocrx_word' id='word_1_184' title='bbox 211 1628 350 1666; x_wconf 89' lang='lat' dir='ltr'>apparet.</span> <span class='ocrx_word' id='word_1_185' title='bbox 363 1626 438 1656; x_wconf 85' lang='lat' dir='ltr'>Nam</span> <span class='ocrx_word' id='word_1_186' title='bbox 451 1625 483 1656; x_wconf 91' lang='lat' dir='ltr'>in</span> <span class='ocrx_word' id='word_1_187' title='bbox 500 1629 606 1657; x_wconf 90' lang='lat' dir='ltr'>monte</span> <span class='ocrx_word' id='word_1_188' title='bbox 621 1626 736 1657; x_wconf 77' lang='lat' dir='ltr'>Nitriae</span> <span class='ocrx_word' id='word_1_189' title='bbox 746 1626 863 1657; x_wconf 90' lang='lat' dir='ltr'>Pambo</span> <span class='ocrx_word' id='word_1_190' title='bbox 878 1626 997 1657; x_wconf 84' lang='lat' dir='ltr'>habita-</span> 
     </span>
    </p>
   </div>
   <div class='ocr_carea' id='block_1_32' title="bbox 211 1674 996 1715">
    <p class='ocr_par' dir='ltr' id='par_1_32' title="bbox 211 1674 996 1715">
     <span class='ocr_line' id='line_1_32' title="bbox 211 1674 996 1715; baseline 0.001 -10"><span class='ocrx_word' id='word_1_191' title='bbox 211 1676 254 1706; x_wconf 85' lang='lat' dir='ltr'>vit</span> <span class='ocrx_word' id='word_1_192' title='bbox 283 1675 333 1715; x_wconf 82' lang='lat'>(3).</span> <span class='ocrx_word' id='word_1_193' title='bbox 354 1675 490 1706; x_wconf 88' lang='lat' dir='ltr'>Isidorus</span> <span class='ocrx_word' id='word_1_194' title='bbox 517 1675 626 1706; x_wconf 90' lang='lat' dir='ltr'>cellam</span> <span class='ocrx_word' id='word_1_195' title='bbox 656 1674 764 1706; x_wconf 85' lang='lat' dir='ltr'>habuit</span> <span class='ocrx_word' id='word_1_196' title='bbox 783 1675 837 1714; x_wconf 83' lang='grc'>(4).</span> <span class='ocrx_word' id='word_1_197' title='bbox 853 1676 996 1715; x_wconf 83' lang='lat' dir='ltr'>Quinque</span> 
     </span>
    </p>
   </div>
   <div class='ocr_carea' id='block_1_33' title="bbox 212 1724 998 1757">
    <p class='ocr_par' dir='ltr' id='par_1_33' title="bbox 212 1724 998 1757">
     <span class='ocr_line' id='line_1_33' title="bbox 212 1724 998 1757; baseline 0.004 -3"><span class='ocrx_word' id='word_1_198' title='bbox 212 1733 284 1756; x_wconf 89' lang='lat' dir='ltr'>vero</span> <span class='ocrx_word' id='word_1_199' title='bbox 297 1724 392 1755; x_wconf 87' lang='lat' dir='ltr'>millia</span> <span class='ocrx_word' id='word_1_200' title='bbox 402 1724 627 1755; x_wconf 86' lang='lat' dir='ltr'>monachorum</span> <span class='ocrx_word' id='word_1_201' title='bbox 641 1729 781 1755; x_wconf 90' lang='lat' dir='ltr'>montem</span> <span class='ocrx_word' id='word_1_202' title='bbox 796 1725 883 1756; x_wconf 92' lang='lat' dir='ltr'>illum</span> <span class='ocrx_word' id='word_1_203' title='bbox 899 1726 998 1757; x_wconf 88' lang='lat' dir='ltr'>Cellu—</span> 
     </span>
    </p>
   </div>
   <div class='ocr_carea' id='block_1_34' title="bbox 211 1774 993 1816">
    <p class='ocr_par' dir='ltr' id='par_1_34' title="bbox 211 1774 993 1816">
     <span class='ocr_line' id='line_1_34' title="bbox 211 1774 993 1816; baseline 0.004 -12"><span class='ocrx_word' id='word_1_204' title='bbox 211 1775 318 1814; x_wconf 89' lang='lat' dir='ltr'>lasque</span> <span class='ocrx_word' id='word_1_205' title='bbox 331 1774 500 1805; x_wconf 88' lang='lat' dir='ltr'>incoluisse</span> <span class='ocrx_word' id='word_1_206' title='bbox 512 1775 627 1814; x_wconf 90' lang='lat' dir='ltr'>pariler</span> <span class='ocrx_word' id='word_1_207' title='bbox 650 1775 804 1806; x_wconf 87' lang='lat' dir='ltr'>Palladius</span> <span class='ocrx_word' id='word_1_208' title='bbox 826 1776 993 1816; x_wconf 87' lang='lat' dir='ltr'>retulit(5).</span> 
     </span>
    </p>
   </div>
   <div class='ocr_carea' id='block_1_35' title="bbox 213 1824 994 1861">
    <p class='ocr_par' dir='ltr' id='par_1_35' title="bbox 213 1824 994 1861">
     <span class='ocr_line' id='line_1_35' title="bbox 213 1824 994 1861; baseline 0.004 -7"><span class='ocrx_word' id='word_1_209' title='bbox 213 1825 291 1861; x_wconf 72' lang='grc'><strong>124</strong></span> <span class='ocrx_word' id='word_1_210' title='bbox 304 1825 446 1855; x_wconf 87' lang='lat' dir='ltr'>Ceterum</span> <span class='ocrx_word' id='word_1_211' title='bbox 457 1824 540 1855; x_wconf 89' lang='lat' dir='ltr'>idem</span> <span class='ocrx_word' id='word_1_212' title='bbox 552 1824 591 1855; x_wconf 88' lang='lat' dir='ltr'>de</span> <span class='ocrx_word' id='word_1_213' title='bbox 606 1824 722 1855; x_wconf 85' lang='lat' dir='ltr'>Nitriae</span> <span class='ocrx_word' id='word_1_214' title='bbox 737 1825 891 1856; x_wconf 90' lang='lat' dir='ltr'>monacho</span> <span class='ocrx_word' id='word_1_215' title='bbox 902 1835 994 1858; x_wconf 86' lang='lat' dir='ltr'>avaro</span> 
     </span>
    </p>
   </div>
   <div class='ocr_carea' id='block_1_36' title="bbox 210 1872 915 1914">
    <p class='ocr_par' dir='ltr' id='par_1_36' title="bbox 210 1872 915 1914">
     <span class='ocr_line' id='line_1_36' title="bbox 210 1872 915 1914; baseline 0.004 -11"><span class='ocrx_word' id='word_1_216' title='bbox 210 1872 242 1903; x_wconf 88' lang='lat' dir='ltr'>in</span> <span class='ocrx_word' id='word_1_217' title='bbox 259 1873 319 1904; x_wconf 83' lang='lat' dir='ltr'>VV.</span> <span class='ocrx_word' id='word_1_218' title='bbox 330 1874 389 1904; x_wconf 87' lang='lat' dir='ltr'>PP.</span> <span class='ocrx_word' id='word_1_219' title='bbox 399 1875 505 1905; x_wconf 85' lang='lat' dir='ltr'>Rosw.</span> <span class='ocrx_word' id='word_1_220' title='bbox 518 1873 597 1904; x_wconf 91' lang='lat' dir='ltr'>libro</span> <span class='ocrx_word' id='word_1_221' title='bbox 609 1873 701 1905; x_wconf 91' lang='lat' dir='ltr'>tertio</span> <span class='ocrx_word' id='word_1_222' title='bbox 716 1874 847 1905; x_wconf 85' lang='lat' dir='ltr'>traditur</span> <span class='ocrx_word' id='word_1_223' title='bbox 862 1874 915 1914; x_wconf 86' lang='lat'>(6).</span> 
     </span>
    </p>
   </div>
   <div class='ocr_carea' id='block_1_37' title="bbox 250 1923 996 1964">
    <p class='ocr_par' dir='ltr' id='par_1_37' title="bbox 250 1923 996 1964">
     <span class='ocr_line' id='line_1_37' title="bbox 250 1923 996 1964; baseline 0.004 -11"><span class='ocrx_word' id='word_1_224' title='bbox 250 1923 347 1954; x_wconf 89' lang='lat' dir='ltr'>Etiam</span> <span class='ocrx_word' id='word_1_225' title='bbox 364 1923 397 1954; x_wconf 92' lang='lat' dir='ltr'>in</span> <span class='ocrx_word' id='word_1_226' title='bbox 409 1923 541 1964; x_wconf 88' lang='lat' dir='ltr'>epistola</span> <span class='ocrx_word' id='word_1_227' title='bbox 556 1923 605 1961; x_wconf 85' lang='lat'>58,</span> <span class='ocrx_word' id='word_1_228' title='bbox 623 1923 704 1955; x_wconf 89' lang='lat' dir='ltr'>circa</span> <span class='ocrx_word' id='word_1_229' title='bbox 719 1932 836 1955; x_wconf 89' lang='lat' dir='ltr'>annum</span> <span class='ocrx_word' id='word_1_230' title='bbox 851 1924 907 1955; x_wconf 88' lang='lat'>395</span> <span class='ocrx_word' id='word_1_231' title='bbox 922 1933 996 1956; x_wconf 88' lang='lat' dir='ltr'>con-</span> 
     </span>
    </p>
   </div>
   <div class='ocr_carea' id='block_1_38' title="bbox 210 1973 995 2014">
    <p class='ocr_par' dir='ltr' id='par_1_38' title="bbox 210 1973 995 2014">
     <span class='ocr_line' id='line_1_38' title="bbox 210 1973 995 2014; baseline 0.004 -10"><span class='ocrx_word' id='word_1_232' title='bbox 210 1973 335 2014; x_wconf 88' lang='lat' dir='ltr'>scripta,</span> <span class='ocrx_word' id='word_1_233' title='bbox 357 1974 506 2005; x_wconf 87' lang='lat' dir='ltr'>Macarios</span> <span class='ocrx_word' id='word_1_234' title='bbox 531 1975 562 2004; x_wconf 92' lang='lat' dir='ltr'>S.</span> <span class='ocrx_word' id='word_1_235' title='bbox 587 1974 797 2014; x_wconf 78' lang='lat' dir='ltr'>Hieronymus</span> <span class='ocrx_word' id='word_1_236' title='bbox 817 1979 917 2006; x_wconf 89' lang='lat' dir='ltr'>vocat.</span> <span class='ocrx_word' id='word_1_237' title='bbox 935 1976 995 2008; x_wconf 93' lang='lat' dir='ltr'>Ubi</span> 
     </span>
    </p>
   </div>
   <div class='ocr_carea' id='block_1_39' title="bbox 210 2023 996 2065">
    <p class='ocr_par' dir='ltr' id='par_1_39' title="bbox 210 2023 996 2065">
     <span class='ocr_line' id='line_1_39' title="bbox 210 2023 996 2065; baseline 0.004 -11"><span class='ocrx_word' id='word_1_238' title='bbox 210 2023 287 2063; x_wconf 85' lang='lat' dir='ltr'>legis</span> <span class='ocrx_word' id='word_1_239' title='bbox 300 2033 306 2054; x_wconf 92' lang='lat'><strong>:</strong></span> <span class='ocrx_word' id='word_1_240' title='bbox 319 2036 332 2052; x_wconf 76' lang='grc' dir='ltr'><strong>α</strong></span> <span class='ocrx_word' id='word_1_241' title='bbox 347 2024 401 2055; x_wconf 90' lang='lat' dir='ltr'>Sin</span> <span class='ocrx_word' id='word_1_242' title='bbox 414 2028 517 2056; x_wconf 89' lang='lat' dir='ltr'>autem</span> <span class='ocrx_word' id='word_1_243' title='bbox 528 2025 617 2065; x_wconf 88' lang='lat' dir='ltr'>cupis</span> <span class='ocrx_word' id='word_1_244' title='bbox 625 2033 693 2056; x_wconf 90' lang='lat' dir='ltr'>esse</span> <span class='ocrx_word' id='word_1_245' title='bbox 704 2025 788 2065; x_wconf 90' lang='lat' dir='ltr'>quod</span> <span class='ocrx_word' id='word_1_246' title='bbox 800 2026 996 2063; x_wconf 88' lang='lat' dir='ltr'>diceris,mo-</span> 
     </span>
    </p>
   </div>
   <div class='ocr_carea' id='block_1_40' title="bbox 210 2074 992 2115">
    <p class='ocr_par' dir='ltr' id='par_1_40' title="bbox 210 2074 992 2115">
     <span class='ocr_line' id='line_1_40' title="bbox 210 2074 992 2115; baseline 0.003 -10"><span class='ocrx_word' id='word_1_247' title='bbox 210 2074 339 2112; x_wconf 87' lang='lat' dir='ltr'>nachus,</span> <span class='ocrx_word' id='word_1_248' title='bbox 349 2075 382 2106; x_wconf 93' lang='lat' dir='ltr'>id</span> <span class='ocrx_word' id='word_1_249' title='bbox 405 2079 452 2106; x_wconf 88' lang='lat' dir='ltr'>est</span> <span class='ocrx_word' id='word_1_250' title='bbox 475 2075 573 2113; x_wconf 90' lang='lat' dir='ltr'>solus,</span> <span class='ocrx_word' id='word_1_251' title='bbox 590 2075 666 2115; x_wconf 92' lang='lat' dir='ltr'>quid</span> <span class='ocrx_word' id='word_1_252' title='bbox 688 2075 765 2106; x_wconf 81' lang='lat' dir='ltr'>facis</span> <span class='ocrx_word' id='word_1_253' title='bbox 790 2076 822 2106; x_wconf 93' lang='lat' dir='ltr'>in</span> <span class='ocrx_word' id='word_1_254' title='bbox 852 2077 992 2115; x_wconf 83' lang='lat' dir='ltr'>urbibus,</span> 
     </span>
    </p>
   </div>
   <div class='ocr_carea' id='block_1_41' title="bbox 209 2125 994 2164">
    <p class='ocr_par' dir='ltr' id='par_1_41' title="bbox 209 2125 994 2164">
     <span class='ocr_line' id='line_1_41' title="bbox 209 2125 994 2164; baseline 0.004 -9"><span class='ocrx_word' id='word_1_255' title='bbox 209 2133 290 2164; x_wconf 88' lang='lat' dir='ltr'>quae</span> <span class='ocrx_word' id='word_1_256' title='bbox 306 2125 414 2164; x_wconf 84' lang='lat' dir='ltr'>utique</span> <span class='ocrx_word' id='word_1_257' title='bbox 435 2134 499 2156; x_wconf 93' lang='lat' dir='ltr'>non</span> <span class='ocrx_word' id='word_1_258' title='bbox 511 2129 583 2156; x_wconf 89' lang='lat' dir='ltr'>sunt</span> <span class='ocrx_word' id='word_1_259' title='bbox 593 2125 731 2156; x_wconf 90' lang='lat' dir='ltr'>solorum</span> <span class='ocrx_word' id='word_1_260' title='bbox 742 2125 927 2163; x_wconf 87' lang='lat' dir='ltr'>habitacula,</span> <span class='ocrx_word' id='word_1_261' title='bbox 940 2128 994 2158; x_wconf 89' lang='lat' dir='ltr'>sed</span> 
     </span>
    </p>
   </div>
   <div class='ocr_carea' id='block_1_42' title="bbox 208 2173 992 2216">
    <p class='ocr_par' dir='ltr' id='par_1_42' title="bbox 208 2173 992 2216">
     <span class='ocr_line' id='line_1_42' title="bbox 208 2173 992 2216; baseline 0.004 -11"><span class='ocrx_word' id='word_1_262' title='bbox 208 2174 377 2206; x_wconf 90' lang='lat' dir='ltr'>multorum</span> <span class='ocrx_word' id='word_1_263' title='bbox 391 2173 405 2205; x_wconf 75' lang='grc' dir='ltr'><strong>τ</strong></span> <span class='ocrx_word' id='word_1_264' title='bbox 417 2175 518 2206; x_wconf 86' lang='lat' dir='ltr'>Habet</span> <span class='ocrx_word' id='word_1_265' title='bbox 531 2175 782 2215; x_wconf 86' lang='lat' dir='ltr'>unumquodque</span> <span class='ocrx_word' id='word_1_266' title='bbox 796 2177 992 2216; x_wconf 91' lang='lat' dir='ltr'>propositum</span> 
     </span>
    </p>
   </div>
   <div class='ocr_carea' id='block_1_43' title="bbox 1047 279 1833 319">
    <p class='ocr_par' dir='ltr' id='par_1_43' title="bbox 1047 279 1833 319">
     <span class='ocr_line' id='line_1_43' title="bbox 1047 279 1833 319; baseline 0.004 -10"><span class='ocrx_word' id='word_1_267' title='bbox 1047 279 1177 310; x_wconf 88' lang='lat' dir='ltr'>Livium.</span> <span class='ocrx_word' id='word_1_268' title='bbox 1193 280 1336 311; x_wconf 90' lang='lat' dir='ltr'>Oratores</span> <span class='ocrx_word' id='word_1_269' title='bbox 1347 281 1481 319; x_wconf 77' lang='lat' dir='ltr'>Lysiam,</span> <span class='ocrx_word' id='word_1_270' title='bbox 1492 280 1637 317; x_wconf 84' lang='lat' dir='ltr'>Graecos,</span> <span class='ocrx_word' id='word_1_271' title='bbox 1651 281 1833 312; x_wconf 90' lang='lat' dir='ltr'>Demosthe-</span> 
     </span>
    </p>
   </div>
   <div class='ocr_carea' id='block_1_44' title="bbox 1046 331 1830 372">
    <p class='ocr_par' dir='ltr' id='par_1_44' title="bbox 1046 331 1830 372">
     <span class='ocr_line' id='line_1_44' title="bbox 1046 331 1830 372; baseline 0 -10"><span class='ocrx_word' id='word_1_272' title='bbox 1046 339 1129 368; x_wconf 86' lang='lat' dir='ltr'>nem,</span> <span class='ocrx_word' id='word_1_273' title='bbox 1145 331 1291 362; x_wconf 89' lang='lat' dir='ltr'>Tullium.</span> <span class='ocrx_word' id='word_1_274' title='bbox 1308 332 1344 362; x_wconf 83' lang='lat' dir='ltr'>Et</span> <span class='ocrx_word' id='word_1_275' title='bbox 1359 335 1393 362; x_wconf 92' lang='lat' dir='ltr'>ut</span> <span class='ocrx_word' id='word_1_276' title='bbox 1406 332 1444 362; x_wconf 78' lang='lat' dir='ltr'>ad</span> <span class='ocrx_word' id='word_1_277' title='bbox 1460 336 1564 362; x_wconf 90' lang='lat' dir='ltr'>nostra</span> <span class='ocrx_word' id='word_1_278' title='bbox 1579 332 1748 369; x_wconf 85' lang='lat' dir='ltr'>veniamus,</span> <span class='ocrx_word' id='word_1_279' title='bbox 1761 332 1830 372; x_wconf 90' lang='lat' dir='ltr'>epi-</span> 
     </span>
    </p>
   </div>
   <div class='ocr_carea' id='block_1_45' title="bbox 1047 381 1831 422">
    <p class='ocr_par' dir='ltr' id='par_1_45' title="bbox 1047 381 1831 422">
     <span class='ocr_line' id='line_1_45' title="bbox 1047 381 1831 422; baseline 0 -10"><span class='ocrx_word' id='word_1_280' title='bbox 1047 382 1136 421; x_wconf 90' lang='lat' dir='ltr'>scopi</span> <span class='ocrx_word' id='word_1_281' title='bbox 1163 384 1194 412; x_wconf 88' lang='lat' dir='ltr'>et</span> <span class='ocrx_word' id='word_1_282' title='bbox 1223 381 1396 421; x_wconf 70' lang='lat' dir='ltr'>presbyteri</span> <span class='ocrx_word' id='word_1_283' title='bbox 1420 381 1555 413; x_wconf 86' lang='lat' dir='ltr'>habeant</span> <span class='ocrx_word' id='word_1_284' title='bbox 1584 382 1617 412; x_wconf 90' lang='lat' dir='ltr'>in</span> <span class='ocrx_word' id='word_1_285' title='bbox 1652 382 1831 422; x_wconf 84' lang='lat' dir='ltr'>exemplum</span> 
     </span>
    </p>
   </div>
   <div class='ocr_carea' id='block_1_46' title="bbox 1046 430 1833 470">
    <p class='ocr_par' dir='ltr' id='par_1_46' title="bbox 1046 430 1833 470">
     <span class='ocr_line' id='line_1_46' title="bbox 1046 430 1833 470; baseline 0 -9"><span class='ocrx_word' id='word_1_286' title='bbox 1046 430 1212 470; x_wconf 85' lang='lat' dir='ltr'>Apostolos</span> <span class='ocrx_word' id='word_1_287' title='bbox 1227 434 1258 461; x_wconf 91' lang='lat' dir='ltr'>et</span> <span class='ocrx_word' id='word_1_288' title='bbox 1271 430 1461 470; x_wconf 83' lang='lat' dir='ltr'>apostolicos</span> <span class='ocrx_word' id='word_1_289' title='bbox 1474 431 1567 467; x_wconf 86' lang='lat' dir='ltr'>viros,</span> <span class='ocrx_word' id='word_1_290' title='bbox 1583 439 1716 470; x_wconf 88' lang='lat' dir='ltr'>quorum</span> <span class='ocrx_word' id='word_1_291' title='bbox 1733 430 1833 461; x_wconf 81' lang='lat' dir='ltr'>hono-</span> 
     </span>
    </p>
   </div>
   <div class='ocr_carea' id='block_1_47' title="bbox 1046 479 1831 519">
    <p class='ocr_par' dir='ltr' id='par_1_47' title="bbox 1046 479 1831 519">
     <span class='ocr_line' id='line_1_47' title="bbox 1046 479 1831 519; baseline 0 -9"><span class='ocrx_word' id='word_1_292' title='bbox 1046 488 1112 510; x_wconf 85' lang='lat' dir='ltr'>rem</span> <span class='ocrx_word' id='word_1_293' title='bbox 1127 479 1321 519; x_wconf 88' lang='lat' dir='ltr'>possidentes</span> <span class='ocrx_word' id='word_1_294' title='bbox 1339 479 1454 510; x_wconf 89' lang='lat' dir='ltr'>habere</span> <span class='ocrx_word' id='word_1_295' title='bbox 1475 481 1611 511; x_wconf 88' lang='lat' dir='ltr'>nitantur</span> <span class='ocrx_word' id='word_1_296' title='bbox 1626 484 1656 511; x_wconf 90' lang='lat' dir='ltr'>et</span> <span class='ocrx_word' id='word_1_297' title='bbox 1672 480 1831 511; x_wconf 91' lang='lat' dir='ltr'>meritum.</span> 
     </span>
    </p>
   </div>
   <div class='ocr_carea' id='block_1_48' title="bbox 1046 529 1830 570">
    <p class='ocr_par' dir='ltr' id='par_1_48' title="bbox 1046 529 1830 570">
     <span class='ocr_line' id='line_1_48' title="bbox 1046 529 1830 570; baseline 0.001 -11"><span class='ocrx_word' id='word_1_298' title='bbox 1046 529 1109 560; x_wconf 91' lang='lat' dir='ltr'>Nos</span> <span class='ocrx_word' id='word_1_299' title='bbox 1122 532 1224 559; x_wconf 90' lang='lat' dir='ltr'>autem</span> <span class='ocrx_word' id='word_1_300' title='bbox 1240 529 1409 560; x_wconf 88' lang='lat' dir='ltr'>habeamus</span> <span class='ocrx_word' id='word_1_301' title='bbox 1425 529 1576 569; x_wconf 90' lang='lat' dir='ltr'>propositi</span> <span class='ocrx_word' id='word_1_302' title='bbox 1596 530 1694 560; x_wconf 85' lang='lat' dir='ltr'>nostri</span> <span class='ocrx_word' id='word_1_303' title='bbox 1709 530 1830 570; x_wconf 90' lang='lat' dir='ltr'>princi-</span> 
     </span>
    </p>
   </div>
   <div class='ocr_carea' id='block_1_49' title="bbox 1047 579 1830 619">
    <p class='ocr_par' dir='ltr' id='par_1_49' title="bbox 1047 579 1830 619">
     <span class='ocr_line' id='line_1_49' title="bbox 1047 579 1830 619; baseline 0.003 -10"><span class='ocrx_word' id='word_1_304' title='bbox 1047 587 1104 619; x_wconf 90' lang='lat' dir='ltr'>pes</span> <span class='ocrx_word' id='word_1_305' title='bbox 1117 579 1228 610; x_wconf 85' lang='lat' dir='ltr'>Paulos</span> <span class='ocrx_word' id='word_1_306' title='bbox 1246 582 1276 610; x_wconf 92' lang='lat' dir='ltr'>et</span> <span class='ocrx_word' id='word_1_307' title='bbox 1295 580 1456 616; x_wconf 77' lang='lat' dir='ltr'>Antonios,</span> <span class='ocrx_word' id='word_1_308' title='bbox 1479 579 1628 616; x_wconf 90' lang='lat' dir='ltr'>Iulianos,</span> <span class='ocrx_word' id='word_1_309' title='bbox 1643 580 1830 617; x_wconf 87' lang='lat' dir='ltr'>Hilariones,</span> 
     </span>
    </p>
   </div>
   <div class='ocr_carea' id='block_1_50' title="bbox 1045 630 1831 669">
    <p class='ocr_par' dir='ltr' id='par_1_50' title="bbox 1045 630 1831 669">
     <span class='ocr_line' id='line_1_50' title="bbox 1045 630 1831 669; baseline 0.003 -9"><span class='ocrx_word' id='word_1_310' title='bbox 1045 630 1194 660; x_wconf 86' lang='lat' dir='ltr'>Macarios</span> <span class='ocrx_word' id='word_1_311' title='bbox 1211 630 1287 667; x_wconf 81' lang='lat'>(7).»</span> <span class='ocrx_word' id='word_1_312' title='bbox 1300 632 1396 667; x_wconf 88' lang='lat' dir='ltr'>Quem</span> <span class='ocrx_word' id='word_1_313' title='bbox 1411 630 1565 661; x_wconf 86' lang='lat' dir='ltr'>Iulianum</span> <span class='ocrx_word' id='word_1_314' title='bbox 1581 630 1672 667; x_wconf 87' lang='lat' dir='ltr'>dicat,</span> <span class='ocrx_word' id='word_1_315' title='bbox 1689 631 1831 669; x_wconf 85' lang='lat' dir='ltr'>ambigo;</span> 
     </span>
    </p>
   </div>
   <div class='ocr_carea' id='block_1_51' title="bbox 1045 679 1831 720">
    <p class='ocr_par' dir='ltr' id='par_1_51' title="bbox 1045 679 1831 720">
     <span class='ocr_line' id='line_1_51' title="bbox 1045 679 1831 720; baseline 0.003 -11"><span class='ocrx_word' id='word_1_316' title='bbox 1045 688 1086 710; x_wconf 90' lang='lat' dir='ltr'>an</span> <span class='ocrx_word' id='word_1_317' title='bbox 1101 679 1179 710; x_wconf 86' lang='lat' dir='ltr'>forte</span> <span class='ocrx_word' id='word_1_318' title='bbox 1199 680 1401 718; x_wconf 88' lang='lat' dir='ltr'>Edessenum,</span> <span class='ocrx_word' id='word_1_319' title='bbox 1421 681 1460 711; x_wconf 92' lang='lat' dir='ltr'>de</span> <span class='ocrx_word' id='word_1_320' title='bbox 1481 689 1544 720; x_wconf 87' lang='lat' dir='ltr'>quo</span> <span class='ocrx_word' id='word_1_321' title='bbox 1561 682 1753 711; x_wconf 74' lang='lat' dir='ltr'>SOZOmenus</span> <span class='ocrx_word' id='word_1_322' title='bbox 1767 684 1831 711; x_wconf 85' lang='lat' dir='ltr'>tra—</span> 
     </span>
    </p>
   </div>
   <div class='ocr_carea' id='block_1_52' title="bbox 1045 729 1833 772">
    <p class='ocr_par' dir='ltr' id='par_1_52' title="bbox 1045 729 1833 772">
     <span class='ocr_line' id='line_1_52' title="bbox 1045 729 1833 772; baseline 0.001 -11"><span class='ocrx_word' id='word_1_323' title='bbox 1045 730 1090 761; x_wconf 88' lang='lat' dir='ltr'>dit</span> <span class='ocrx_word' id='word_1_324' title='bbox 1118 729 1180 772; x_wconf 77' lang='lat'>(8)?</span> <span class='ocrx_word' id='word_1_325' title='bbox 1207 731 1373 762; x_wconf 92' lang='lat' dir='ltr'>Macarium</span> <span class='ocrx_word' id='word_1_326' title='bbox 1393 740 1468 762; x_wconf 90' lang='lat' dir='ltr'>vero</span> <span class='ocrx_word' id='word_1_327' title='bbox 1489 731 1833 771; x_wconf 56' lang='lat' dir='ltr'>Aleyandrinumintel-</span> 
     </span>
    </p>
   </div>
   <div class='ocr_carea' id='block_1_53' title="bbox 1045 780 1832 821">
    <p class='ocr_par' dir='ltr' id='par_1_53' title="bbox 1045 780 1832 821">
     <span class='ocr_line' id='line_1_53' title="bbox 1045 780 1832 821; baseline 0 -10"><span class='ocrx_word' id='word_1_328' title='bbox 1045 780 1099 819; x_wconf 83' lang='lat' dir='ltr'>ligi</span> <span class='ocrx_word' id='word_1_329' title='bbox 1114 798 1150 803; x_wconf 91' lang='lat'><em>-</em></span> <span class='ocrx_word' id='word_1_330' title='bbox 1166 789 1332 812; x_wconf 86' lang='lat' dir='ltr'>numerum</span> <span class='ocrx_word' id='word_1_331' title='bbox 1347 781 1498 821; x_wconf 88' lang='lat' dir='ltr'>pluralem</span> <span class='ocrx_word' id='word_1_332' title='bbox 1514 790 1572 821; x_wconf 90' lang='lat' dir='ltr'>pro</span> <span class='ocrx_word' id='word_1_333' title='bbox 1583 781 1730 820; x_wconf 81' lang='lat' dir='ltr'>singulari</span> <span class='ocrx_word' id='word_1_334' title='bbox 1750 781 1832 820; x_wconf 86' lang='lat' dir='ltr'>posi-</span> 
     </span>
    </p>
   </div>
   <div class='ocr_carea' id='block_1_54' title="bbox 1045 831 1831 872">
    <p class='ocr_par' dir='ltr' id='par_1_54' title="bbox 1045 831 1831 872">
     <span class='ocr_line' id='line_1_54' title="bbox 1045 831 1831 872; baseline 0.001 -11"><span class='ocrx_word' id='word_1_335' title='bbox 1045 834 1111 861; x_wconf 88' lang='lat' dir='ltr'>tum</span> <span class='ocrx_word' id='word_1_336' title='bbox 1130 840 1197 862; x_wconf 91' lang='lat' dir='ltr'>esse</span> <span class='ocrx_word' id='word_1_337' title='bbox 1212 835 1326 871; x_wconf 91' lang='lat' dir='ltr'>sponte</span> <span class='ocrx_word' id='word_1_338' title='bbox 1345 831 1539 872; x_wconf 64' lang='lat' dir='ltr'>liquet—e1</span> <span class='ocrx_word' id='word_1_339' title='bbox 1568 831 1650 869; x_wconf 91' lang='lat' dir='ltr'>loco,</span> <span class='ocrx_word' id='word_1_340' title='bbox 1680 831 1733 871; x_wconf 89' lang='lat' dir='ltr'>qui</span> <span class='ocrx_word' id='word_1_341' title='bbox 1759 838 1831 862; x_wconf 89' lang='lat' dir='ltr'>cum</span> 
     </span>
    </p>
   </div>
   <div class='ocr_carea' id='block_1_55' title="bbox 1047 881 1830 921">
    <p class='ocr_par' dir='ltr' id='par_1_55' title="bbox 1047 881 1830 921">
     <span class='ocr_line' id='line_1_55' title="bbox 1047 881 1830 921; baseline -0.001 -9"><span class='ocrx_word' id='word_1_342' title='bbox 1047 884 1153 912; x_wconf 85' lang='lat' dir='ltr'>nostro</span> <span class='ocrx_word' id='word_1_343' title='bbox 1169 882 1377 913; x_wconf 82' lang='lat' dir='ltr'>conferendus</span> <span class='ocrx_word' id='word_1_344' title='bbox 1396 885 1452 919; x_wconf 90' lang='lat' dir='ltr'>est,</span> <span class='ocrx_word' id='word_1_345' title='bbox 1473 885 1624 921; x_wconf 87' lang='lat' dir='ltr'>sequente</span> <span class='ocrx_word' id='word_1_346' title='bbox 1647 881 1830 912; x_wconf 84' lang='lat' dir='ltr'>conieceris.</span> 
     </span>
    </p>
   </div>
   <div class='ocr_carea' id='block_1_56' title="bbox 1085 931 1834 972">
    <p class='ocr_par' dir='ltr' id='par_1_56' title="bbox 1085 931 1834 972">
     <span class='ocr_line' id='line_1_56' title="bbox 1085 931 1834 972; baseline 0.001 -11"><span class='ocrx_word' id='word_1_347' title='bbox 1085 931 1206 962; x_wconf 88' lang='lat' dir='ltr'>Etenim</span> <span class='ocrx_word' id='word_1_348' title='bbox 1223 932 1334 963; x_wconf 89' lang='lat' dir='ltr'>eodem</span> <span class='ocrx_word' id='word_1_349' title='bbox 1346 940 1473 972; x_wconf 90' lang='lat' dir='ltr'>prorsus</span> <span class='ocrx_word' id='word_1_350' title='bbox 1483 932 1577 963; x_wconf 90' lang='lat' dir='ltr'>modo</span> <span class='ocrx_word' id='word_1_351' title='bbox 1584 932 1614 962; x_wconf 92' lang='lat' dir='ltr'>S.</span> <span class='ocrx_word' id='word_1_352' title='bbox 1623 932 1834 970; x_wconf 79' lang='lat' dir='ltr'>Hieronymus</span> 
     </span>
    </p>
   </div>
   <div class='ocr_carea' id='block_1_57' title="bbox 1045 981 1830 1022">
    <p class='ocr_par' dir='ltr' id='par_1_57' title="bbox 1045 981 1830 1022">
     <span class='ocr_line' id='line_1_57' title="bbox 1045 981 1830 1022; baseline 0 -10"><span class='ocrx_word' id='word_1_353' title='bbox 1045 981 1211 1012; x_wconf 88' lang='lat' dir='ltr'>Macarium</span> <span class='ocrx_word' id='word_1_354' title='bbox 1218 981 1249 1012; x_wconf 93' lang='lat' dir='ltr'>in</span> <span class='ocrx_word' id='word_1_355' title='bbox 1258 981 1548 1022; x_wconf 87' lang='lat' dir='ltr'>epistola108,anno</span> <span class='ocrx_word' id='word_1_356' title='bbox 1557 982 1612 1012; x_wconf 80' lang='grc'>404</span> <span class='ocrx_word' id='word_1_357' title='bbox 1619 982 1830 1021; x_wconf 87' lang='lat' dir='ltr'>scripta,citat.</span> 
     </span>
    </p>
   </div>
   <div class='ocr_carea' id='block_1_58' title="bbox 1045 1032 1834 1072">
    <p class='ocr_par' dir='ltr' id='par_1_58' title="bbox 1045 1032 1834 1072">
     <span class='ocr_line' id='line_1_58' title="bbox 1045 1032 1834 1072; baseline 0.003 -11"><span class='ocrx_word' id='word_1_358' title='bbox 1045 1032 1092 1062; x_wconf 90' lang='lat' dir='ltr'>Ibi</span> <span class='ocrx_word' id='word_1_359' title='bbox 1106 1041 1203 1071; x_wconf 90' lang='lat' dir='ltr'>quum</span> <span class='ocrx_word' id='word_1_360' title='bbox 1216 1033 1307 1063; x_wconf 85' lang='lat' dir='ltr'>vitam</span> <span class='ocrx_word' id='word_1_361' title='bbox 1318 1033 1431 1064; x_wconf 88' lang='lat' dir='ltr'>Paulae</span> <span class='ocrx_word' id='word_1_362' title='bbox 1446 1036 1630 1067; x_wconf 85' lang='lat' dir='ltr'>enarrasset.</span> <span class='ocrx_word' id='word_1_363' title='bbox 1643 1032 1774 1072; x_wconf 88' lang='lat' dir='ltr'>eiusque</span> <span class='ocrx_word' id='word_1_364' title='bbox 1784 1033 1834 1063; x_wconf 86' lang='lat' dir='ltr'>iti-</span> 
     </span>
    </p>
   </div>
   <div class='ocr_carea' id='block_1_59' title="bbox 1047 1081 1832 1122">
    <p class='ocr_par' dir='ltr' id='par_1_59' title="bbox 1047 1081 1832 1122">
     <span class='ocr_line' id='line_1_59' title="bbox 1047 1081 1832 1122; baseline 0.001 -11"><span class='ocrx_word' id='word_1_365' title='bbox 1047 1088 1122 1111; x_wconf 88' lang='lat' dir='ltr'>nera</span> <span class='ocrx_word' id='word_1_366' title='bbox 1132 1081 1183 1120; x_wconf 89' lang='lat' dir='ltr'>pia</span> <span class='ocrx_word' id='word_1_367' title='bbox 1192 1085 1335 1112; x_wconf 86' lang='lat' dir='ltr'>accurate</span> <span class='ocrx_word' id='word_1_368' title='bbox 1347 1082 1572 1122; x_wconf 88' lang='lat' dir='ltr'>descripsisset,</span> <span class='ocrx_word' id='word_1_369' title='bbox 1585 1082 1712 1113; x_wconf 82' lang='lat' dir='ltr'>Nitriam</span> <span class='ocrx_word' id='word_1_370' title='bbox 1720 1082 1832 1122; x_wconf 89' lang='lat' dir='ltr'>appel-</span> 
     </span>
    </p>
   </div>
   <div class='ocr_carea' id='block_1_60' title="bbox 1047 1131 1831 1173">
    <p class='ocr_par' dir='ltr' id='par_1_60' title="bbox 1047 1131 1831 1173">
     <span class='ocr_line' id='line_1_60' title="bbox 1047 1131 1831 1173; baseline 0.001 -11"><span class='ocrx_word' id='word_1_371' title='bbox 1047 1131 1088 1162; x_wconf 87' lang='lat' dir='ltr'>lat</span> <span class='ocrx_word' id='word_1_372' title='bbox 1102 1143 1115 1159; x_wconf 86' lang='lat'>«</span> <span class='ocrx_word' id='word_1_373' title='bbox 1133 1132 1283 1171; x_wconf 91' lang='lat' dir='ltr'>oppidum</span> <span class='ocrx_word' id='word_1_374' title='bbox 1300 1133 1432 1170; x_wconf 91' lang='lat' dir='ltr'>Domini,</span> <span class='ocrx_word' id='word_1_375' title='bbox 1449 1133 1482 1164; x_wconf 92' lang='lat' dir='ltr'>in</span> <span class='ocrx_word' id='word_1_376' title='bbox 1502 1142 1566 1173; x_wconf 90' lang='lat' dir='ltr'>quo</span> <span class='ocrx_word' id='word_1_377' title='bbox 1586 1134 1753 1173; x_wconf 89' lang='lat' dir='ltr'>purissimo</span> <span class='ocrx_word' id='word_1_378' title='bbox 1769 1134 1831 1164; x_wconf 89' lang='lat' dir='ltr'>vir-</span> 
     </span>
    </p>
   </div>
   <div class='ocr_carea' id='block_1_61' title="bbox 1046 1182 1830 1223">
    <p class='ocr_par' dir='ltr' id='par_1_61' title="bbox 1046 1182 1830 1223">
     <span class='ocr_line' id='line_1_61' title="bbox 1046 1182 1830 1223; baseline 0.001 -11"><span class='ocrx_word' id='word_1_379' title='bbox 1046 1184 1145 1212; x_wconf 86' lang='lat' dir='ltr'>tutum</span> <span class='ocrx_word' id='word_1_380' title='bbox 1158 1182 1238 1213; x_wconf 90' lang='lat' dir='ltr'>nitro</span> <span class='ocrx_word' id='word_1_381' title='bbox 1254 1183 1362 1213; x_wconf 89' lang='lat' dir='ltr'>sordes</span> <span class='ocrx_word' id='word_1_382' title='bbox 1377 1183 1517 1214; x_wconf 86' lang='lat' dir='ltr'>lavantur</span> <span class='ocrx_word' id='word_1_383' title='bbox 1526 1184 1667 1223; x_wconf 90' lang='lat' dir='ltr'>quotidie</span> <span class='ocrx_word' id='word_1_384' title='bbox 1678 1183 1830 1223; x_wconf 89' lang='lat' dir='ltr'>plurimo-</span> 
     </span>
    </p>
   </div>
   <div class='ocr_carea' id='block_1_62' title="bbox 1047 1233 1833 1271">
    <p class='ocr_par' dir='ltr' id='par_1_62' title="bbox 1047 1233 1833 1271">
     <span class='ocr_line' id='line_1_62' title="bbox 1047 1233 1833 1271; baseline 0.003 -9"><span class='ocrx_word' id='word_1_385' title='bbox 1047 1240 1127 1262; x_wconf 90' lang='lat' dir='ltr'>rum.</span> <span class='ocrx_word' id='word_1_386' title='bbox 1156 1233 1244 1268; x_wconf 89' lang='lat' dir='ltr'>Quod</span> <span class='ocrx_word' id='word_1_387' title='bbox 1270 1242 1341 1264; x_wconf 88' lang='lat' dir='ltr'>cum</span> <span class='ocrx_word' id='word_1_388' title='bbox 1357 1233 1472 1271; x_wconf 88' lang='lat' dir='ltr'>[Paula]</span> <span class='ocrx_word' id='word_1_389' title='bbox 1497 1233 1633 1270; x_wconf 87' lang='lat' dir='ltr'>vidisset,</span> <span class='ocrx_word' id='word_1_390' title='bbox 1649 1237 1833 1264; x_wconf 87' lang='lat' dir='ltr'>occurrente</span> 
     </span>
    </p>
   </div>
   <div class='ocr_carea' id='block_1_63' title="bbox 1047 1281 1834 1324">
    <p class='ocr_par' dir='ltr' id='par_1_63' title="bbox 1047 1281 1834 1324">
     <span class='ocr_line' id='line_1_63' title="bbox 1047 1281 1834 1324; baseline 0.004 -12"><span class='ocrx_word' id='word_1_391' title='bbox 1047 1281 1105 1312; x_wconf 88' lang='lat' dir='ltr'>sibi</span> <span class='ocrx_word' id='word_1_392' title='bbox 1118 1285 1224 1313; x_wconf 85' lang='lat' dir='ltr'>sancto</span> <span class='ocrx_word' id='word_1_393' title='bbox 1235 1285 1266 1314; x_wconf 85' lang='lat' dir='ltr'>et</span> <span class='ocrx_word' id='word_1_394' title='bbox 1280 1283 1448 1314; x_wconf 90' lang='lat' dir='ltr'>venerabili</span> <span class='ocrx_word' id='word_1_395' title='bbox 1464 1284 1614 1324; x_wconf 87' lang='lat' dir='ltr'>episcopo</span> <span class='ocrx_word' id='word_1_396' title='bbox 1628 1284 1748 1315; x_wconf 90' lang='lat' dir='ltr'>Isidoro</span> <span class='ocrx_word' id='word_1_397' title='bbox 1759 1293 1834 1315; x_wconf 91' lang='lat' dir='ltr'>con-</span> 
     </span>
    </p>
   </div>
   <div class='ocr_carea' id='block_1_64' title="bbox 1046 1330 1831 1365">
    <p class='ocr_par' dir='ltr' id='par_1_64' title="bbox 1046 1330 1831 1365">
     <span class='ocr_line' id='line_1_64' title="bbox 1046 1330 1831 1365; baseline 0.005 -4"><span class='ocrx_word' id='word_1_398' title='bbox 1046 1330 1166 1362; x_wconf 88' lang='lat' dir='ltr'>fessore</span> <span class='ocrx_word' id='word_1_399' title='bbox 1188 1335 1218 1363; x_wconf 89' lang='lat' dir='ltr'>et</span> <span class='ocrx_word' id='word_1_400' title='bbox 1239 1331 1339 1362; x_wconf 91' lang='lat' dir='ltr'>turbis</span> <span class='ocrx_word' id='word_1_401' title='bbox 1357 1333 1637 1364; x_wconf 88' lang='lat' dir='ltr'>innumerabilibus</span> <span class='ocrx_word' id='word_1_402' title='bbox 1657 1334 1831 1365; x_wconf 90' lang='lat' dir='ltr'>monacho-</span> 
     </span>
    </p>
   </div>
   <div class='ocr_carea' id='block_1_65' title="bbox 1047 1382 1832 1421">
    <p class='ocr_par' dir='ltr' id='par_1_65' title="bbox 1047 1382 1832 1421">
     <span class='ocr_line' id='line_1_65' title="bbox 1047 1382 1832 1421; baseline 0.006 -11"><span class='ocrx_word' id='word_1_403' title='bbox 1047 1389 1127 1417; x_wconf 89' lang='lat' dir='ltr'>rum,</span> <span class='ocrx_word' id='word_1_404' title='bbox 1143 1389 1180 1411; x_wconf 80' lang='lat' dir='ltr'>ex</span> <span class='ocrx_word' id='word_1_405' title='bbox 1193 1382 1305 1421; x_wconf 89' lang='lat' dir='ltr'>quibus</span> <span class='ocrx_word' id='word_1_406' title='bbox 1316 1382 1429 1413; x_wconf 90' lang='lat' dir='ltr'>multos</span> <span class='ocrx_word' id='word_1_407' title='bbox 1442 1383 1640 1414; x_wconf 84' lang='lat' dir='ltr'>sacerdotalis</span> <span class='ocrx_word' id='word_1_408' title='bbox 1651 1388 1681 1415; x_wconf 82' lang='lat' dir='ltr'>et</span> <span class='ocrx_word' id='word_1_409' title='bbox 1692 1384 1832 1416; x_wconf 86' lang='lat' dir='ltr'>leviticus</span> 
     </span>
    </p>
   </div>
   <div class='ocr_carea' id='block_1_66' title="bbox 1046 1430 1832 1473">
    <p class='ocr_par' dir='ltr' id='par_1_66' title="bbox 1046 1430 1832 1473">
     <span class='ocr_line' id='line_1_66' title="bbox 1046 1430 1832 1473; baseline 0.008 -13"><span class='ocrx_word' id='word_1_410' title='bbox 1046 1430 1232 1462; x_wconf 89' lang='lat' dir='ltr'>sublimabat</span> <span class='ocrx_word' id='word_1_411' title='bbox 1250 1432 1375 1471; x_wconf 88' lang='lat' dir='ltr'>gradus,</span> <span class='ocrx_word' id='word_1_412' title='bbox 1387 1432 1558 1464; x_wconf 88' lang='lat' dir='ltr'>laetabatur</span> <span class='ocrx_word' id='word_1_413' title='bbox 1572 1434 1699 1473; x_wconf 89' lang='lat' dir='ltr'>quidem</span> <span class='ocrx_word' id='word_1_414' title='bbox 1713 1435 1751 1465; x_wconf 89' lang='lat' dir='ltr'>ad</span> <span class='ocrx_word' id='word_1_415' title='bbox 1762 1435 1832 1473; x_wconf 82' lang='lat' dir='ltr'>glo-</span> 
     </span>
    </p>
   </div>
   <div class='ocr_carea' id='block_1_67' title="bbox 1047 1480 1832 1522">
    <p class='ocr_par' dir='ltr' id='par_1_67' title="bbox 1047 1480 1832 1522">
     <span class='ocr_line' id='line_1_67' title="bbox 1047 1480 1832 1522; baseline 0.006 -12"><span class='ocrx_word' id='word_1_416' title='bbox 1047 1480 1123 1511; x_wconf 90' lang='lat' dir='ltr'>riam</span> <span class='ocrx_word' id='word_1_417' title='bbox 1144 1481 1278 1519; x_wconf 90' lang='lat' dir='ltr'>Domini,</span> <span class='ocrx_word' id='word_1_418' title='bbox 1298 1482 1352 1513; x_wconf 91' lang='lat' dir='ltr'>sed</span> <span class='ocrx_word' id='word_1_419' title='bbox 1379 1491 1412 1513; x_wconf 91' lang='lat' dir='ltr'>se</span> <span class='ocrx_word' id='word_1_420' title='bbox 1431 1483 1592 1522; x_wconf 83' lang='lat' dir='ltr'>indignam</span> <span class='ocrx_word' id='word_1_421' title='bbox 1609 1487 1695 1515; x_wconf 88' lang='lat' dir='ltr'>tanto</span> <span class='ocrx_word' id='word_1_422' title='bbox 1710 1484 1832 1516; x_wconf 87' lang='lat' dir='ltr'>honore</span> 
     </span>
    </p>
   </div>
   <div class='ocr_carea' id='block_1_68' title="bbox 1046 1529 1831 1572">
    <p class='ocr_par' dir='ltr' id='par_1_68' title="bbox 1046 1529 1831 1572">
     <span class='ocr_line' id='line_1_68' title="bbox 1046 1529 1831 1572; baseline 0.006 -12"><span class='ocrx_word' id='word_1_423' title='bbox 1046 1529 1211 1562; x_wconf 86' lang='lat' dir='ltr'>fatebatur.</span> <span class='ocrx_word' id='word_1_424' title='bbox 1233 1532 1311 1568; x_wconf 90' lang='lat' dir='ltr'>Quid</span> <span class='ocrx_word' id='word_1_425' title='bbox 1331 1541 1409 1572; x_wconf 85' lang='lat' dir='ltr'>ergo</span> <span class='ocrx_word' id='word_1_426' title='bbox 1427 1542 1548 1564; x_wconf 90' lang='lat' dir='ltr'>narrem</span> <span class='ocrx_word' id='word_1_427' title='bbox 1564 1534 1724 1572; x_wconf 86' lang='lat' dir='ltr'>Macarios,</span> <span class='ocrx_word' id='word_1_428' title='bbox 1739 1536 1831 1566; x_wconf 90' lang='lat' dir='ltr'>Arse-</span> 
     </span>
    </p>
   </div>
   <div class='ocr_carea' id='block_1_69' title="bbox 1045 1582 1829 1624">
    <p class='ocr_par' dir='ltr' id='par_1_69' title="bbox 1045 1582 1829 1624">
     <span class='ocr_line' id='line_1_69' title="bbox 1045 1582 1829 1624; baseline 0.005 -12"><span class='ocrx_word' id='word_1_429' title='bbox 1045 1582 1126 1619; x_wconf 91' lang='lat' dir='ltr'>nios,</span> <span class='ocrx_word' id='word_1_430' title='bbox 1139 1583 1324 1622; x_wconf 88' lang='lat' dir='ltr'>Serapionas</span> <span class='ocrx_word' id='word_1_431' title='bbox 1335 1587 1365 1614; x_wconf 87' lang='lat' dir='ltr'>et</span> <span class='ocrx_word' id='word_1_432' title='bbox 1378 1584 1498 1624; x_wconf 88' lang='lat' dir='ltr'>reliqua</span> <span class='ocrx_word' id='word_1_433' title='bbox 1512 1584 1727 1616; x_wconf 87' lang='lat' dir='ltr'>columnarum</span> <span class='ocrx_word' id='word_1_434' title='bbox 1744 1585 1829 1616; x_wconf 89' lang='lat' dir='ltr'>Chri-</span> 
     </span>
    </p>
   </div>
   <div class='ocr_carea' id='block_1_70' title="bbox 1046 1631 1832 1674">
    <p class='ocr_par' dir='ltr' id='par_1_70' title="bbox 1046 1631 1832 1674">
     <span class='ocr_line' id='line_1_70' title="bbox 1046 1631 1832 1674; baseline 0.005 -12"><span class='ocrx_word' id='word_1_435' title='bbox 1046 1631 1084 1662; x_wconf 88' lang='lat' dir='ltr'>sti</span> <span class='ocrx_word' id='word_1_436' title='bbox 1094 1632 1217 1664; x_wconf 87' lang='lat' dir='ltr'>nomina</span> <span class='ocrx_word' id='word_1_437' title='bbox 1229 1631 1243 1663; x_wconf 86' lang='lat'>&#39;?</span> <span class='ocrx_word' id='word_1_438' title='bbox 1254 1633 1346 1664; x_wconf 91' lang='lat' dir='ltr'>Cuius</span> <span class='ocrx_word' id='word_1_439' title='bbox 1361 1642 1425 1665; x_wconf 89' lang='lat' dir='ltr'>non</span> <span class='ocrx_word' id='word_1_440' title='bbox 1441 1634 1563 1665; x_wconf 87' lang='lat' dir='ltr'>intravit</span> <span class='ocrx_word' id='word_1_441' title='bbox 1579 1639 1656 1674; x_wconf 77' lang='lat'>125</span> <span class='ocrx_word' id='word_1_442' title='bbox 1667 1635 1832 1666; x_wconf 81' lang='lat' dir='ltr'>cellulam?</span> 
     </span>
    </p>
   </div>
   <div class='ocr_carea' id='block_1_71' title="bbox 1046 1683 1832 1726">
    <p class='ocr_par' dir='ltr' id='par_1_71' title="bbox 1046 1683 1832 1726">
     <span class='ocr_line' id='line_1_71' title="bbox 1046 1683 1832 1726; baseline 0.006 -14"><span class='ocrx_word' id='word_1_443' title='bbox 1046 1683 1182 1718; x_wconf 88' lang='lat' dir='ltr'>Quorum</span> <span class='ocrx_word' id='word_1_444' title='bbox 1198 1683 1330 1723; x_wconf 89' lang='lat' dir='ltr'>pedibus</span> <span class='ocrx_word' id='word_1_445' title='bbox 1344 1692 1407 1715; x_wconf 91' lang='lat' dir='ltr'>non</span> <span class='ocrx_word' id='word_1_446' title='bbox 1421 1685 1564 1716; x_wconf 89' lang='lat' dir='ltr'>advoluta</span> <span class='ocrx_word' id='word_1_447' title='bbox 1596 1689 1642 1716; x_wconf 89' lang='lat' dir='ltr'>est</span> <span class='ocrx_word' id='word_1_448' title='bbox 1667 1685 1728 1726; x_wconf 80' lang='lat'>(9)?</span> <span class='ocrx_word' id='word_1_449' title='bbox 1739 1698 1753 1714; x_wconf 84' lang='lat'>»</span> <span class='ocrx_word' id='word_1_450' title='bbox 1774 1686 1832 1717; x_wconf 88' lang='lat' dir='ltr'>Hic</span> 
     </span>
    </p>
   </div>
   <div class='ocr_carea' id='block_1_72' title="bbox 1046 1733 1832 1773">
    <p class='ocr_par' dir='ltr' id='par_1_72' title="bbox 1046 1733 1832 1773">
     <span class='ocr_line' id='line_1_72' title="bbox 1046 1733 1832 1773; baseline 0.003 -9"><span class='ocrx_word' id='word_1_451' title='bbox 1046 1733 1172 1773; x_wconf 88' lang='lat' dir='ltr'>quidem</span> <span class='ocrx_word' id='word_1_452' title='bbox 1187 1735 1354 1766; x_wconf 90' lang='lat' dir='ltr'>Macarium</span> <span class='ocrx_word' id='word_1_453' title='bbox 1364 1735 1616 1773; x_wconf 80' lang='lat' dir='ltr'>Alexandrinum,</span> <span class='ocrx_word' id='word_1_454' title='bbox 1635 1735 1751 1767; x_wconf 89' lang='lat' dir='ltr'>clarum</span> <span class='ocrx_word' id='word_1_455' title='bbox 1768 1736 1832 1767; x_wconf 92' lang='lat' dir='ltr'>Cel-</span> 
     </span>
    </p>
   </div>
   <div class='ocr_carea' id='block_1_73' title="bbox 1045 1784 1830 1824">
    <p class='ocr_par' dir='ltr' id='par_1_73' title="bbox 1045 1784 1830 1824">
     <span class='ocr_line' id='line_1_73' title="bbox 1045 1784 1830 1824; baseline 0.004 -10"><span class='ocrx_word' id='word_1_456' title='bbox 1045 1784 1177 1815; x_wconf 84' lang='lat' dir='ltr'>lularum</span> <span class='ocrx_word' id='word_1_457' title='bbox 1195 1785 1410 1824; x_wconf 86' lang='lat' dir='ltr'>presbyterum</span> <span class='ocrx_word' id='word_1_458' title='bbox 1428 1789 1458 1816; x_wconf 89' lang='lat' dir='ltr'>et</span> <span class='ocrx_word' id='word_1_459' title='bbox 1472 1786 1505 1816; x_wconf 89' lang='lat' dir='ltr'>in</span> <span class='ocrx_word' id='word_1_460' title='bbox 1519 1786 1633 1817; x_wconf 77' lang='lat' dir='ltr'>Nitriae</span> <span class='ocrx_word' id='word_1_461' title='bbox 1645 1789 1750 1817; x_wconf 90' lang='lat' dir='ltr'>monte</span> <span class='ocrx_word' id='word_1_462' title='bbox 1765 1787 1830 1818; x_wconf 85' lang='lat' dir='ltr'>cel-</span> 
     </span>
    </p>
   </div>
   <div class='ocr_carea' id='block_1_74' title="bbox 1044 1832 1830 1870">
    <p class='ocr_par' dir='ltr' id='par_1_74' title="bbox 1044 1832 1830 1870">
     <span class='ocr_line' id='line_1_74' title="bbox 1044 1832 1830 1870; baseline 0.003 -6"><span class='ocrx_word' id='word_1_463' title='bbox 1044 1832 1106 1864; x_wconf 88' lang='lat' dir='ltr'>lam</span> <span class='ocrx_word' id='word_1_464' title='bbox 1123 1833 1289 1864; x_wconf 86' lang='lat' dir='ltr'>habentem</span> <span class='ocrx_word' id='word_1_465' title='bbox 1306 1834 1406 1870; x_wconf 89' lang='lat' dir='ltr'>innui,</span> <span class='ocrx_word' id='word_1_466' title='bbox 1417 1834 1584 1866; x_wconf 88' lang='lat' dir='ltr'>verisimile</span> <span class='ocrx_word' id='word_1_467' title='bbox 1601 1839 1658 1866; x_wconf 88' lang='lat' dir='ltr'>est.</span> <span class='ocrx_word' id='word_1_468' title='bbox 1673 1835 1762 1866; x_wconf 93' lang='lat' dir='ltr'>Unde</span> <span class='ocrx_word' id='word_1_469' title='bbox 1776 1845 1830 1866; x_wconf 75' lang='lat' dir='ltr'>su-</span> 
     </span>
    </p>
   </div>
   <div class='ocr_carea' id='block_1_75' title="bbox 1045 1884 1858 1924">
    <p class='ocr_par' dir='ltr' id='par_1_75' title="bbox 1045 1884 1858 1924">
     <span class='ocr_line' id='line_1_75' title="bbox 1045 1884 1858 1924; baseline 0.002 -10"><span class='ocrx_word' id='word_1_470' title='bbox 1045 1892 1113 1924; x_wconf 87' lang='lat' dir='ltr'>pra,</span> <span class='ocrx_word' id='word_1_471' title='bbox 1130 1893 1228 1923; x_wconf 91' lang='lat' dir='ltr'>quum</span> <span class='ocrx_word' id='word_1_472' title='bbox 1240 1884 1351 1914; x_wconf 89' lang='lat' dir='ltr'>eodem</span> <span class='ocrx_word' id='word_1_473' title='bbox 1378 1884 1472 1916; x_wconf 91' lang='lat' dir='ltr'>modo</span> <span class='ocrx_word' id='word_1_474' title='bbox 1498 1885 1673 1922; x_wconf 88' lang='lat' dir='ltr'>inducatur,</span> <span class='ocrx_word' id='word_1_475' title='bbox 1694 1886 1830 1916; x_wconf 82' lang='lat' dir='ltr'>eundem</span> <span class='ocrx_word' id='word_1_476' title='bbox 1853 1900 1858 1905; x_wconf 89' lang='lat'><strong>-</strong></span> 
     </span>
    </p>
   </div>
   <div class='ocr_carea' id='block_1_76' title="bbox 1044 1934 1830 1975">
    <p class='ocr_par' dir='ltr' id='par_1_76' title="bbox 1044 1934 1830 1975">
     <span class='ocr_line' id='line_1_76' title="bbox 1044 1934 1830 1975; baseline 0.004 -11"><span class='ocrx_word' id='word_1_477' title='bbox 1044 1934 1138 1975; x_wconf 89' lang='lat' dir='ltr'>plane</span> <span class='ocrx_word' id='word_1_478' title='bbox 1156 1934 1322 1965; x_wconf 89' lang='lat' dir='ltr'>Macarium</span> <span class='ocrx_word' id='word_1_479' title='bbox 1340 1935 1582 1966; x_wconf 81' lang='lat' dir='ltr'>Alexandrinum</span> <span class='ocrx_word' id='word_1_480' title='bbox 1600 1935 1733 1974; x_wconf 87' lang='lat' dir='ltr'>intelligi</span> <span class='ocrx_word' id='word_1_481' title='bbox 1747 1935 1830 1967; x_wconf 89' lang='lat' dir='ltr'>haud</span> 
     </span>
    </p>
   </div>
   <div class='ocr_carea' id='block_1_77' title="bbox 1045 1983 1730 2015">
    <p class='ocr_par' dir='ltr' id='par_1_77' title="bbox 1045 1983 1730 2015">
     <span class='ocr_line' id='line_1_77' title="bbox 1045 1983 1730 2015; baseline 0 -1"><span class='ocrx_word' id='word_1_482' title='bbox 1045 1987 1162 2014; x_wconf 91' lang='lat' dir='ltr'>temere</span> <span class='ocrx_word' id='word_1_483' title='bbox 1178 1983 1306 2015; x_wconf 80' lang='lat' dir='ltr'>dixeris.</span> <span class='ocrx_word' id='word_1_484' title='bbox 1726 2007 1730 2011; x_wconf 59' lang='grc'><strong><em>»</em></strong></span> 
     </span>
    </p>
   </div>
   <div class='ocr_carea' id='block_1_78' title="bbox 1083 2033 1829 2075">
    <p class='ocr_par' dir='ltr' id='par_1_78' title="bbox 1083 2033 1829 2075">
     <span class='ocr_line' id='line_1_78' title="bbox 1083 2033 1829 2075; baseline 0.004 -11"><span class='ocrx_word' id='word_1_485' title='bbox 1083 2033 1266 2065; x_wconf 90' lang='lat' dir='ltr'>Prodendus</span> <span class='ocrx_word' id='word_1_486' title='bbox 1280 2034 1417 2075; x_wconf 89' lang='lat' dir='ltr'>denique</span> <span class='ocrx_word' id='word_1_487' title='bbox 1432 2038 1478 2066; x_wconf 92' lang='lat' dir='ltr'>est</span> <span class='ocrx_word' id='word_1_488' title='bbox 1492 2034 1618 2066; x_wconf 91' lang='lat' dir='ltr'>ultimus</span> <span class='ocrx_word' id='word_1_489' title='bbox 1634 2036 1664 2065; x_wconf 91' lang='lat' dir='ltr'>S.</span> <span class='ocrx_word' id='word_1_490' title='bbox 1674 2035 1829 2075; x_wconf 88' lang='lat' dir='ltr'>Hierony-</span> 
     </span>
    </p>
   </div>
   <div class='ocr_carea' id='block_1_79' title="bbox 1044 2084 1829 2123">
    <p class='ocr_par' dir='ltr' id='par_1_79' title="bbox 1044 2084 1829 2123">
     <span class='ocr_line' id='line_1_79' title="bbox 1044 2084 1829 2123; baseline 0.004 -9"><span class='ocrx_word' id='word_1_491' title='bbox 1044 2084 1087 2115; x_wconf 91' lang='lat' dir='ltr'>mi</span> <span class='ocrx_word' id='word_1_492' title='bbox 1113 2084 1201 2115; x_wconf 89' lang='lat' dir='ltr'>locus</span> <span class='ocrx_word' id='word_1_493' title='bbox 1229 2084 1268 2115; x_wconf 90' lang='lat' dir='ltr'>de</span> <span class='ocrx_word' id='word_1_494' title='bbox 1291 2085 1448 2122; x_wconf 87' lang='lat' dir='ltr'>Macariis;</span> <span class='ocrx_word' id='word_1_495' title='bbox 1479 2094 1550 2116; x_wconf 88' lang='lat' dir='ltr'>nam</span> <span class='ocrx_word' id='word_1_496' title='bbox 1582 2086 1732 2117; x_wconf 86' lang='lat' dir='ltr'>Macarius</span> <span class='ocrx_word' id='word_1_497' title='bbox 1759 2086 1829 2123; x_wconf 89' lang='lat' dir='ltr'>iste,</span> 
     </span>
    </p>
   </div>
   <div class='ocr_carea' id='block_1_80' title="bbox 1044 2134 1829 2178">
    <p class='ocr_par' dir='ltr' id='par_1_80' title="bbox 1044 2134 1829 2178">
     <span class='ocr_line' id='line_1_80' title="bbox 1044 2134 1829 2178; baseline 0.003 -14"><span class='ocrx_word' id='word_1_498' title='bbox 1044 2143 1139 2173; x_wconf 90' lang='lat' dir='ltr'>quem</span> <span class='ocrx_word' id='word_1_499' title='bbox 1156 2134 1188 2164; x_wconf 93' lang='lat' dir='ltr'>in</span> <span class='ocrx_word' id='word_1_500' title='bbox 1200 2134 1360 2175; x_wconf 89' lang='lat' dir='ltr'>epitaphio</span> <span class='ocrx_word' id='word_1_501' title='bbox 1375 2136 1536 2167; x_wconf 84' lang='lat' dir='ltr'>Marcellae</span> <span class='ocrx_word' id='word_1_502' title='bbox 1551 2136 1660 2167; x_wconf 86' lang='lat' dir='ltr'>viduae</span> <span class='ocrx_word' id='word_1_503' title='bbox 1674 2137 1704 2166; x_wconf 89' lang='lat' dir='ltr'>S.</span> <span class='ocrx_word' id='word_1_504' title='bbox 1717 2136 1829 2178; x_wconf 79' lang='lat' dir='ltr'>Hiero-</span> 
     </span>
    </p>
   </div>
   <div class='ocr_carea' id='block_1_81' title="bbox 1044 2185 1829 2226">
    <p class='ocr_par' dir='ltr' id='par_1_81' title="bbox 1044 2185 1829 2226">
     <span class='ocr_line' id='line_1_81' title="bbox 1044 2185 1829 2226; baseline 0.004 -12"><span class='ocrx_word' id='word_1_505' title='bbox 1044 2193 1156 2224; x_wconf 90' lang='lat' dir='ltr'>nymus</span> <span class='ocrx_word' id='word_1_506' title='bbox 1166 2188 1255 2216; x_wconf 90' lang='lat' dir='ltr'>vocat</span> <span class='ocrx_word' id='word_1_507' title='bbox 1271 2185 1343 2225; x_wconf 86' lang='lat'>(10),</span> <span class='ocrx_word' id='word_1_508' title='bbox 1355 2189 1385 2216; x_wconf 88' lang='lat' dir='ltr'>et</span> <span class='ocrx_word' id='word_1_509' title='bbox 1403 2186 1535 2217; x_wconf 83' lang='lat' dir='ltr'>Rufinus</span> <span class='ocrx_word' id='word_1_510' title='bbox 1546 2186 1579 2217; x_wconf 91' lang='lat' dir='ltr'>in</span> <span class='ocrx_word' id='word_1_511' title='bbox 1590 2186 1782 2226; x_wconf 79' lang='lat' dir='ltr'>praefatione</span> <span class='ocrx_word' id='word_1_512' title='bbox 1796 2187 1829 2217; x_wconf 89' lang='lat' dir='ltr'>in</span> 
     </span>
    </p>
   </div>
   <div class='ocr_carea' id='block_1_82' title="bbox 208 2225 996 2275">
    <p class='ocr_par' dir='ltr' id='par_1_82' title="bbox 208 2225 991 2265">
     <span class='ocr_line' id='line_1_82' title="bbox 208 2225 991 2265; baseline 0.004 -10"><span class='ocrx_word' id='word_1_513' title='bbox 208 2225 367 2265; x_wconf 88' lang='lat' dir='ltr'>principes</span> <span class='ocrx_word' id='word_1_514' title='bbox 385 2234 469 2256; x_wconf 89' lang='lat' dir='ltr'>suos.</span> <span class='ocrx_word' id='word_1_515' title='bbox 490 2225 623 2256; x_wconf 85' lang='lat' dir='ltr'>Romani</span> <span class='ocrx_word' id='word_1_516' title='bbox 645 2225 741 2256; x_wconf 87' lang='lat' dir='ltr'>duces</span> <span class='ocrx_word' id='word_1_517' title='bbox 762 2226 921 2258; x_wconf 89' lang='lat' dir='ltr'>imitentur</span> <span class='ocrx_word' id='word_1_518' title='bbox 936 2228 991 2258; x_wconf 87' lang='lat' dir='ltr'>Ca-</span> 
     </span>
    </p>
   </div>
   <div class='ocr_carea' id='block_1_83' title="bbox 1045 2225 1826 2275">
    <p class='ocr_par' dir='ltr' id='par_1_83' title="bbox 1045 2225 1826 2275">
     <span class='ocr_line' id='line_1_83' title="bbox 1045 2225 1826 2275; baseline -0.009 -10"><span class='ocrx_word' id='word_1_519' title='bbox 1045 2234 1183 2273; x_wconf 86' lang='lat' dir='ltr'>Origenis</span> <span class='ocrx_word' id='word_1_520' title='bbox 1191 2234 1286 2265; x_wconf 89' lang='lat' dir='ltr'>libros</span> <span class='ocrx_word' id='word_1_521' title='bbox 1297 2238 1363 2271; x_wconf 75' lang='grc' dir='ltr'>Περὶ</span> <span class='ocrx_word' id='word_1_522' title='bbox 1373 2238 1462 2273; x_wconf 66' lang='grc' dir='ltr'><strong>ἀρχῶν</strong></span> <span class='ocrx_word' id='word_1_523' title='bbox 1475 2225 1613 2275; x_wconf 53' lang='lat' dir='ltr'>(11),ne};</span> <span class='ocrx_word' id='word_1_524' title='bbox 1627 2245 1689 2266; x_wconf 80' lang='lat' dir='ltr'>non</span> <span class='ocrx_word' id='word_1_525' title='bbox 1698 2236 1730 2265; x_wconf 80' lang='lat' dir='ltr'>in</span> <span class='ocrx_word' id='word_1_526' title='bbox 1742 2238 1826 2275; x_wconf 73' lang='grc' dir='ltr'>Αρο-</span> 
     </span>
    </p>
   </div>
   <div class='ocr_carea' id='block_1_84' title="bbox 208 2274 994 2316">
    <p class='ocr_par' dir='ltr' id='par_1_84' title="bbox 208 2274 994 2316">
     <span class='ocr_line' id='line_1_84' title="bbox 208 2274 994 2316; baseline 0.004 -10"><span class='ocrx_word' id='word_1_527' title='bbox 208 2274 322 2313; x_wconf 89' lang='lat' dir='ltr'>millos,</span> <span class='ocrx_word' id='word_1_528' title='bbox 334 2275 499 2313; x_wconf 84' lang='lat' dir='ltr'>Fabricios,</span> <span class='ocrx_word' id='word_1_529' title='bbox 509 2275 656 2315; x_wconf 84' lang='lat' dir='ltr'>Regulos,</span> <span class='ocrx_word' id='word_1_530' title='bbox 669 2275 841 2316; x_wconf 88' lang='lat' dir='ltr'>Scipiones.</span> <span class='ocrx_word' id='word_1_531' title='bbox 854 2277 994 2309; x_wconf 90' lang='lat' dir='ltr'>Philoso-</span> 
     </span>
    </p>
   </div>
   <div class='ocr_carea' id='block_1_85' title="bbox 209 2323 989 2365">
    <p class='ocr_par' dir='ltr' id='par_1_85' title="bbox 209 2323 989 2365">
     <span class='ocr_line' id='line_1_85' title="bbox 209 2323 989 2365; baseline 0.005 -11"><span class='ocrx_word' id='word_1_532' title='bbox 209 2323 264 2363; x_wconf 90' lang='lat' dir='ltr'>phi</span> <span class='ocrx_word' id='word_1_533' title='bbox 291 2328 471 2364; x_wconf 88' lang='lat' dir='ltr'>proponant</span> <span class='ocrx_word' id='word_1_534' title='bbox 493 2325 552 2355; x_wconf 90' lang='lat' dir='ltr'>sibi</span> <span class='ocrx_word' id='word_1_535' title='bbox 574 2325 792 2364; x_wconf 87' lang='lat' dir='ltr'>Pythagoram,</span> <span class='ocrx_word' id='word_1_536' title='bbox 820 2326 989 2365; x_wconf 91' lang='lat' dir='ltr'>Socratem,</span> 
     </span>
    </p>
   </div>
   <div class='ocr_carea' id='block_1_86' title="bbox 208 2373 991 2407">
    <p class='ocr_par' dir='ltr' id='par_1_86' title="bbox 208 2373 991 2407">
     <span class='ocr_line' id='line_1_86' title="bbox 208 2373 991 2407; baseline 0.004 -4"><span class='ocrx_word' id='word_1_537' title='bbox 208 2373 379 2407; x_wconf 83' lang='lat' dir='ltr'>Platonem.</span> <span class='ocrx_word' id='word_1_538' title='bbox 387 2373 592 2404; x_wconf 81' lang='lat' dir='ltr'>Aristotelem.</span> <span class='ocrx_word' id='word_1_539' title='bbox 600 2374 714 2404; x_wconf 91' lang='lat' dir='ltr'>Poetae</span> <span class='ocrx_word' id='word_1_540' title='bbox 725 2373 921 2405; x_wconf 86' lang='lat' dir='ltr'>aemulentur</span> <span class='ocrx_word' id='word_1_541' title='bbox 928 2377 991 2407; x_wconf 88' lang='grc' dir='ltr'>Πο-</span> 
     </span>
    </p>
   </div>
   <div class='ocr_carea' id='block_1_87' title="bbox 207 2422 987 2462">
    <p class='ocr_par' dir='ltr' id='par_1_87' title="bbox 207 2422 987 2462">
     <span class='ocr_line' id='line_1_87' title="bbox 207 2422 987 2462; baseline 0.004 -8"><span class='ocrx_word' id='word_1_542' title='bbox 207 2431 340 2461; x_wconf 89' lang='lat' dir='ltr'>merum,</span> <span class='ocrx_word' id='word_1_543' title='bbox 358 2422 532 2462; x_wconf 84' lang='lat' dir='ltr'>Virgilium,</span> <span class='ocrx_word' id='word_1_544' title='bbox 558 2423 772 2460; x_wconf 87' lang='lat' dir='ltr'>Menandrum,</span> <span class='ocrx_word' id='word_1_545' title='bbox 796 2424 987 2457; x_wconf 91' lang='lat' dir='ltr'>Terentium.</span> 
     </span>
    </p>
   </div>
   <div class='ocr_carea' id='block_1_88' title="bbox 241 2492 824 2530">
    <p class='ocr_par' dir='ltr' id='par_1_88' title="bbox 241 2492 824 2530">
     <span class='ocr_line' id='line_1_88' title="bbox 241 2492 824 2530; baseline -0.002 -8"><span class='ocrx_word' id='word_1_546' title='bbox 241 2494 281 2530; x_wconf 88' lang='grc'>(1)</span> <span class='ocrx_word' id='word_1_547' title='bbox 296 2494 330 2522; x_wconf 81' lang='lat' dir='ltr'>Cf</span> <span class='ocrx_word' id='word_1_548' title='bbox 355 2501 438 2530; x_wconf 85' lang='lat' dir='ltr'>supra</span> <span class='ocrx_word' id='word_1_549' title='bbox 453 2492 466 2529; x_wconf 86' lang='lat'><strong>§</strong></span> <span class='ocrx_word' id='word_1_550' title='bbox 480 2493 496 2520; x_wconf 83' lang='lat'>6</span> <span class='ocrx_word' id='word_1_551' title='bbox 511 2501 537 2528; x_wconf 91' lang='lat' dir='ltr'>p.</span> <span class='ocrx_word' id='word_1_552' title='bbox 551 2493 594 2520; x_wconf 91' lang='grc'>16.</span> <span class='ocrx_word' id='word_1_553' title='bbox 610 2493 647 2520; x_wconf 86' lang='lat' dir='ltr'>cl‘.</span> <span class='ocrx_word' id='word_1_554' title='bbox 662 2493 733 2521; x_wconf 81' lang='lat' dir='ltr'>infra</span> <span class='ocrx_word' id='word_1_555' title='bbox 749 2493 824 2529; x_wconf 65' lang='grc' dir='ltr'><strong>ςμε.</strong></span> 
     </span>
    </p>
   </div>
   <div class='ocr_carea' id='block_1_89' title="bbox 242 2538 869 2575">
    <p class='ocr_par' dir='ltr' id='par_1_89' title="bbox 242 2538 869 2575">
     <span class='ocr_line' id='line_1_89' title="bbox 242 2538 869 2575; baseline -0.002 -8"><span class='ocrx_word' id='word_1_556' title='bbox 242 2540 281 2575; x_wconf 73' lang='lat'>(2)</span> <span class='ocrx_word' id='word_1_557' title='bbox 297 2540 326 2567; x_wconf 92' lang='lat' dir='ltr'>S.</span> <span class='ocrx_word' id='word_1_558' title='bbox 348 2539 461 2567; x_wconf 88' lang='lat' dir='ltr'>Hieron.</span> <span class='ocrx_word' id='word_1_559' title='bbox 473 2539 543 2574; x_wconf 88' lang='lat' dir='ltr'>Opp.</span> <span class='ocrx_word' id='word_1_560' title='bbox 557 2539 600 2566; x_wconf 91' lang='lat' dir='ltr'>ed.</span> <span class='ocrx_word' id='word_1_561' title='bbox 615 2539 633 2565; x_wconf 96' lang='lat' dir='ltr'>l.</span> <span class='ocrx_word' id='word_1_562' title='bbox 647 2538 678 2567; x_wconf 89' lang='lat' dir='ltr'>T.</span> <span class='ocrx_word' id='word_1_563' title='bbox 694 2539 704 2565; x_wconf 86' lang='lat'>1</span> <span class='ocrx_word' id='word_1_564' title='bbox 720 2539 811 2574; x_wconf 71' lang='lat' dir='ltr'>p.418</span> <span class='ocrx_word' id='word_1_565' title='bbox 825 2547 869 2574; x_wconf 92' lang='lat' dir='ltr'>sq.</span> 
     </span>
    </p>
   </div>
   <div class='ocr_carea' id='block_1_90' title="bbox 241 2583 989 2621">
    <p class='ocr_par' dir='ltr' id='par_1_90' title="bbox 241 2583 989 2621">
     <span class='ocr_line' id='line_1_90' title="bbox 241 2583 989 2621; baseline 0.003 -9"><span class='ocrx_word' id='word_1_566' title='bbox 241 2586 280 2621; x_wconf 81' lang='lat'>(5)</span> <span class='ocrx_word' id='word_1_567' title='bbox 295 2586 364 2613; x_wconf 88' lang='lat' dir='ltr'>Hist.</span> <span class='ocrx_word' id='word_1_568' title='bbox 378 2584 462 2613; x_wconf 84' lang='lat' dir='ltr'>Laus.</span> <span class='ocrx_word' id='word_1_569' title='bbox 485 2584 529 2613; x_wconf 90' lang='lat' dir='ltr'>ed.</span> <span class='ocrx_word' id='word_1_570' title='bbox 550 2583 651 2612; x_wconf 83' lang='lat' dir='ltr'>Meurs.</span> <span class='ocrx_word' id='word_1_571' title='bbox 671 2592 732 2620; x_wconf 85' lang='lat' dir='ltr'>cap.</span> <span class='ocrx_word' id='word_1_572' title='bbox 754 2584 788 2612; x_wconf 77' lang='lat'>12</span> <span class='ocrx_word' id='word_1_573' title='bbox 803 2585 871 2619; x_wconf 86' lang='lat' dir='ltr'>Opp.</span> <span class='ocrx_word' id='word_1_574' title='bbox 886 2586 989 2614; x_wconf 80' lang='lat' dir='ltr'>Meurs.</span> 
     </span>
    </p>
   </div>
   <div class='ocr_carea' id='block_1_91' title="bbox 207 2631 378 2666">
    <p class='ocr_par' dir='ltr' id='par_1_91' title="bbox 207 2631 378 2666">
     <span class='ocr_line' id='line_1_91' title="bbox 207 2631 378 2666; baseline -0.006 -7"><span class='ocrx_word' id='word_1_575' title='bbox 207 2631 226 2659; x_wconf 91' lang='lat' dir='ltr'>l.</span> <span class='ocrx_word' id='word_1_576' title='bbox 239 2631 257 2659; x_wconf 93' lang='lat' dir='ltr'>l.</span> <span class='ocrx_word' id='word_1_577' title='bbox 272 2639 300 2666; x_wconf 75' lang='grc' dir='ltr'>ρ.</span> <span class='ocrx_word' id='word_1_578' title='bbox 316 2631 378 2658; x_wconf 77' lang='lat'>575.</span> 
     </span>
    </p>
   </div>
   <div class='ocr_carea' id='block_1_92' title="bbox 241 2676 579 2713">
    <p class='ocr_par' dir='ltr' id='par_1_92' title="bbox 241 2676 579 2713">
     <span class='ocr_line' id='line_1_92' title="bbox 241 2676 579 2713; baseline -0.006 -9"><span class='ocrx_word' id='word_1_579' title='bbox 241 2677 278 2713; x_wconf 72' lang='grc'>(4)</span> <span class='ocrx_word' id='word_1_580' title='bbox 292 2677 359 2704; x_wconf 86' lang='lat' dir='ltr'>Ibid.</span> <span class='ocrx_word' id='word_1_581' title='bbox 376 2685 436 2712; x_wconf 88' lang='lat' dir='ltr'>cap.</span> <span class='ocrx_word' id='word_1_582' title='bbox 450 2676 462 2704; x_wconf 87' lang='grc'>1</span> <span class='ocrx_word' id='word_1_583' title='bbox 477 2685 504 2712; x_wconf 88' lang='lat' dir='ltr'>p.</span> <span class='ocrx_word' id='word_1_584' title='bbox 520 2676 579 2704; x_wconf 73' lang='grc'><strong>518.</strong></span> 
     </span>
    </p>
   </div>
   <div class='ocr_carea' id='block_1_93' title="bbox 241 2722 578 2758">
    <p class='ocr_par' dir='ltr' id='par_1_93' title="bbox 241 2722 578 2758">
     <span class='ocr_line' id='line_1_93' title="bbox 241 2722 578 2758; baseline -0.003 -8"><span class='ocrx_word' id='word_1_585' title='bbox 241 2723 280 2758; x_wconf 86' lang='grc'>(5)</span> <span class='ocrx_word' id='word_1_586' title='bbox 293 2722 362 2750; x_wconf 83' lang='lat' dir='ltr'>Ibid.</span> <span class='ocrx_word' id='word_1_587' title='bbox 373 2730 433 2758; x_wconf 87' lang='lat' dir='ltr'>cap.</span> <span class='ocrx_word' id='word_1_588' title='bbox 447 2723 464 2750; x_wconf 88' lang='lat'><strong>8</strong></span> <span class='ocrx_word' id='word_1_589' title='bbox 476 2731 502 2758; x_wconf 89' lang='lat' dir='ltr'>p.</span> <span class='ocrx_word' id='word_1_590' title='bbox 515 2722 578 2750; x_wconf 72' lang='lat'>561.</span> 
     </span>
    </p>
   </div>
   <div class='ocr_carea' id='block_1_94' title="bbox 241 2768 933 2804">
    <p class='ocr_par' dir='ltr' id='par_1_94' title="bbox 241 2768 933 2804">
     <span class='ocr_line' id='line_1_94' title="bbox 241 2768 933 2804; baseline 0.004 -10"><span class='ocrx_word' id='word_1_591' title='bbox 241 2769 280 2804; x_wconf 85' lang='lat'>(6)</span> <span class='ocrx_word' id='word_1_592' title='bbox 292 2768 347 2795; x_wconf 75' lang='lat' dir='ltr'>V&#39;V.</span> <span class='ocrx_word' id='word_1_593' title='bbox 362 2768 413 2795; x_wconf 86' lang='lat' dir='ltr'>PP.</span> <span class='ocrx_word' id='word_1_594' title='bbox 428 2769 519 2796; x_wconf 80' lang='lat' dir='ltr'>Rosw.</span> <span class='ocrx_word' id='word_1_595' title='bbox 533 2769 578 2796; x_wconf 89' lang='lat' dir='ltr'>lib.</span> <span class='ocrx_word' id='word_1_596' title='bbox 593 2768 625 2795; x_wconf 84' lang='grc'>111</span> <span class='ocrx_word' id='word_1_597' title='bbox 642 2777 702 2803; x_wconf 81' lang='lat' dir='ltr'>cap.</span> <span class='ocrx_word' id='word_1_598' title='bbox 715 2769 768 2796; x_wconf 69' lang='lat'>219</span> <span class='ocrx_word' id='word_1_599' title='bbox 785 2777 812 2804; x_wconf 90' lang='lat' dir='ltr'>p.</span> <span class='ocrx_word' id='word_1_600' title='bbox 828 2769 891 2802; x_wconf 76' lang='lat'>555,</span> <span class='ocrx_word' id='word_1_601' title='bbox 907 2769 933 2797; x_wconf 91' lang='grc'><strong>1.</strong></span> 
     </span>
    </p>
   </div>
   <div class='ocr_carea' id='block_1_95' title="bbox 240 2814 806 2850">
    <p class='ocr_par' dir='ltr' id='par_1_95' title="bbox 240 2814 806 2850">
     <span class='ocr_line' id='line_1_95' title="bbox 240 2814 806 2850; baseline 0.002 -9"><span class='ocrx_word' id='word_1_602' title='bbox 240 2815 279 2849; x_wconf 81' lang='grc'><strong>(⁵1)</strong></span> <span class='ocrx_word' id='word_1_603' title='bbox 296 2815 325 2842; x_wconf 90' lang='lat' dir='ltr'>S.</span> <span class='ocrx_word' id='word_1_604' title='bbox 343 2814 452 2842; x_wconf 86' lang='lat' dir='ltr'>Hieron.</span> <span class='ocrx_word' id='word_1_605' title='bbox 467 2815 535 2850; x_wconf 86' lang='lat' dir='ltr'>Opp.</span> <span class='ocrx_word' id='word_1_606' title='bbox 548 2816 591 2843; x_wconf 86' lang='lat' dir='ltr'>cd.</span> <span class='ocrx_word' id='word_1_607' title='bbox 605 2815 623 2842; x_wconf 90' lang='grc' dir='ltr'>Ι.</span> <span class='ocrx_word' id='word_1_608' title='bbox 635 2814 689 2842; x_wconf 90' lang='grc' dir='ltr'>Τ.Ι</span> <span class='ocrx_word' id='word_1_609' title='bbox 706 2823 731 2849; x_wconf 90' lang='lat' dir='ltr'>p.</span> <span class='ocrx_word' id='word_1_610' title='bbox 744 2815 806 2842; x_wconf 76' lang='lat'>585.</span> 
     </span>
    </p>
   </div>
   <div class='ocr_carea' id='block_1_96' title="bbox 241 2859 984 2896">
    <p class='ocr_par' dir='ltr' id='par_1_96' title="bbox 241 2859 984 2896">
     <span class='ocr_line' id='line_1_96' title="bbox 241 2859 984 2896; baseline 0.001 -8"><span class='ocrx_word' id='word_1_611' title='bbox 241 2861 280 2895; x_wconf 66' lang='lat'>(8)</span> <span class='ocrx_word' id='word_1_612' title='bbox 298 2859 407 2887; x_wconf 83' lang='lat' dir='ltr'>Sozmn.</span> <span class='ocrx_word' id='word_1_613' title='bbox 426 2860 496 2888; x_wconf 84' lang='lat' dir='ltr'>Hist.</span> <span class='ocrx_word' id='word_1_614' title='bbox 513 2861 584 2888; x_wconf 81' lang='lat' dir='ltr'>Eccl.</span> <span class='ocrx_word' id='word_1_615' title='bbox 606 2861 654 2888; x_wconf 89' lang='lat' dir='ltr'>lib.</span> <span class='ocrx_word' id='word_1_616' title='bbox 672 2860 706 2888; x_wconf 88' lang='lat' dir='ltr'>Ill</span> <span class='ocrx_word' id='word_1_617' title='bbox 726 2868 787 2896; x_wconf 78' lang='lat' dir='ltr'>cap.</span> <span class='ocrx_word' id='word_1_618' title='bbox 811 2861 844 2888; x_wconf 72' lang='grc'><strong>14</strong></span> <span class='ocrx_word' id='word_1_619' title='bbox 864 2861 907 2889; x_wconf 83' lang='lat' dir='ltr'>ed.</span> <span class='ocrx_word' id='word_1_620' title='bbox 923 2862 941 2889; x_wconf 87' lang='lat' dir='ltr'>l.</span> <span class='ocrx_word' id='word_1_621' title='bbox 958 2869 984 2896; x_wconf 88' lang='lat' dir='ltr'>p.</span> 
     </span>
    </p>
   </div>
   <div class='ocr_carea' id='block_1_97' title="bbox 206 2905 988 2934">
    <p class='ocr_par' dir='ltr' id='par_1_97' title="bbox 206 2905 988 2934">
     <span class='ocr_line' id='line_1_97' title="bbox 206 2905 988 2934; baseline 0 0"><span class='ocrx_word' id='word_1_622' title='bbox 206 2907 270 2934; x_wconf 73' lang='lat'>520.</span> <span class='ocrx_word' id='word_1_623' title='bbox 296 2907 462 2934; x_wconf 80' lang='lat' dir='ltr'>Edessenum</span> <span class='ocrx_word' id='word_1_624' title='bbox 487 2906 540 2934; x_wconf 88' lang='lat' dir='ltr'>dici</span> <span class='ocrx_word' id='word_1_625' title='bbox 559 2907 698 2934; x_wconf 78' lang='lat' dir='ltr'>existimat</span> <span class='ocrx_word' id='word_1_626' title='bbox 720 2905 911 2934; x_wconf 73' lang='lat' dir='ltr'>Tlllemoubius</span> <span class='ocrx_word' id='word_1_627' title='bbox 933 2906 988 2934; x_wconf 68' lang='lat' dir='ltr'>nc-</span> 
     </span>
    </p>
   </div>
   <div class='ocr_carea' id='block_1_98' title="bbox 1045 2284 1827 2324">
    <p class='ocr_par' dir='ltr' id='par_1_98' title="bbox 1045 2284 1827 2324">
     <span class='ocr_line' id='line_1_98' title="bbox 1045 2284 1827 2324; baseline 0.003 -10"><span class='ocrx_word' id='word_1_628' title='bbox 1045 2284 1135 2324; x_wconf 80' lang='lat' dir='ltr'>logiis</span> <span class='ocrx_word' id='word_1_629' title='bbox 1153 2285 1335 2323; x_wconf 81' lang='lat' dir='ltr'>[lnvectivis]</span> <span class='ocrx_word' id='word_1_630' title='bbox 1360 2284 1463 2316; x_wconf 88' lang='lat' dir='ltr'>laudat</span> <span class='ocrx_word' id='word_1_631' title='bbox 1486 2285 1558 2324; x_wconf 73' lang='lat'>(12),</span> <span class='ocrx_word' id='word_1_632' title='bbox 1576 2285 1747 2324; x_wconf 79' lang='lat' dir='ltr'>Origenista</span> <span class='ocrx_word' id='word_1_633' title='bbox 1762 2286 1827 2316; x_wconf 84' lang='lat' dir='ltr'>Ru-</span> 
     </span>
    </p>
   </div>
   <div class='ocr_carea' id='block_1_99' title="bbox 1045 2335 1827 2375">
    <p class='ocr_par' dir='ltr' id='par_1_99' title="bbox 1045 2335 1827 2375">
     <span class='ocr_line' id='line_1_99' title="bbox 1045 2335 1827 2375; baseline -0.001 -9"><span class='ocrx_word' id='word_1_634' title='bbox 1045 2335 1162 2375; x_wconf 84' lang='lat' dir='ltr'>ﬁnique</span> <span class='ocrx_word' id='word_1_635' title='bbox 1179 2335 1350 2375; x_wconf 88' lang='lat' dir='ltr'>discipulus</span> <span class='ocrx_word' id='word_1_636' title='bbox 1364 2335 1430 2365; x_wconf 81' lang='lat' dir='ltr'>fuit.</span> <span class='ocrx_word' id='word_1_637' title='bbox 1453 2335 1538 2366; x_wconf 91' lang='lat' dir='ltr'>Unus</span> <span class='ocrx_word' id='word_1_638' title='bbox 1553 2336 1647 2374; x_wconf 83' lang='lat' dir='ltr'>igitur</span> <span class='ocrx_word' id='word_1_639' title='bbox 1668 2335 1753 2365; x_wconf 89' lang='lat' dir='ltr'>locus</span> <span class='ocrx_word' id='word_1_640' title='bbox 1775 2343 1827 2365; x_wconf 84' lang='lat' dir='ltr'>re-</span> 
     </span>
    </p>
   </div>
   <div class='ocr_carea' id='block_1_100' title="bbox 1042 2385 1827 2426">
    <p class='ocr_par' dir='ltr' id='par_1_100' title="bbox 1042 2385 1827 2426">
     <span class='ocr_line' id='line_1_100' title="bbox 1042 2385 1827 2426; baseline 0 -10"><span class='ocrx_word' id='word_1_641' title='bbox 1042 2389 1111 2422; x_wconf 86' lang='lat' dir='ltr'>stat,</span> <span class='ocrx_word' id='word_1_642' title='bbox 1133 2394 1227 2425; x_wconf 93' lang='lat' dir='ltr'>quem</span> <span class='ocrx_word' id='word_1_643' title='bbox 1241 2385 1429 2416; x_wconf 82' lang='lat' dir='ltr'>diﬂicultatis</span> <span class='ocrx_word' id='word_1_644' title='bbox 1443 2386 1613 2426; x_wconf 83' lang='lat' dir='ltr'>quidquam</span> <span class='ocrx_word' id='word_1_645' title='bbox 1636 2385 1752 2416; x_wconf 87' lang='lat' dir='ltr'>habere</span> <span class='ocrx_word' id='word_1_646' title='bbox 1766 2385 1827 2416; x_wconf 90' lang='lat' dir='ltr'>iam</span> 
     </span>
    </p>
   </div>
   <div class='ocr_carea' id='block_1_101' title="bbox 1042 2435 1826 2475">
    <p class='ocr_par' dir='ltr' id='par_1_101' title="bbox 1042 2435 1826 2475">
     <span class='ocr_line' id='line_1_101' title="bbox 1042 2435 1826 2475; baseline -0.001 -9"><span class='ocrx_word' id='word_1_647' title='bbox 1042 2444 1135 2475; x_wconf 89' lang='lat' dir='ltr'>supra</span> <span class='ocrx_word' id='word_1_648' title='bbox 1151 2435 1331 2466; x_wconf 91' lang='lat' dir='ltr'>monuimus</span> <span class='ocrx_word' id='word_1_649' title='bbox 1349 2435 1422 2475; x_wconf 89' lang='lat'>(13),</span> <span class='ocrx_word' id='word_1_650' title='bbox 1439 2435 1551 2475; x_wconf 88' lang='lat' dir='ltr'>hisque</span> <span class='ocrx_word' id='word_1_651' title='bbox 1567 2435 1741 2475; x_wconf 88' lang='lat' dir='ltr'>concipitur</span> <span class='ocrx_word' id='word_1_652' title='bbox 1757 2443 1826 2465; x_wconf 91' lang='lat' dir='ltr'>ver-</span> 
     </span>
    </p>
   </div>
   <div class='ocr_carea' id='block_1_102' title="bbox 1045 2503 1826 2539">
    <p class='ocr_par' dir='ltr' id='par_1_102' title="bbox 1045 2503 1826 2539">
     <span class='ocr_line' id='line_1_102' title="bbox 1045 2503 1826 2539; baseline 0.003 -9"><span class='ocrx_word' id='word_1_653' title='bbox 1045 2504 1147 2532; x_wconf 85' lang='lat' dir='ltr'>moires</span> <span class='ocrx_word' id='word_1_654' title='bbox 1161 2503 1193 2531; x_wconf 89' lang='grc' dir='ltr'>Τ.</span> <span class='ocrx_word' id='word_1_655' title='bbox 1212 2503 1255 2531; x_wconf 72' lang='grc' dir='ltr'>νιι</span> <span class='ocrx_word' id='word_1_656' title='bbox 1269 2504 1298 2532; x_wconf 87' lang='lat' dir='ltr'>P.</span> <span class='ocrx_word' id='word_1_657' title='bbox 1320 2504 1471 2539; x_wconf 78' lang='lat' dir='ltr'>lllp.1017</span> <span class='ocrx_word' id='word_1_658' title='bbox 1482 2513 1543 2538; x_wconf 86' lang='lat' dir='ltr'>sqq.</span> <span class='ocrx_word' id='word_1_659' title='bbox 1557 2504 1647 2530; x_wconf 85' lang='lat' dir='ltr'>Alium</span> <span class='ocrx_word' id='word_1_660' title='bbox 1661 2504 1775 2532; x_wconf 81' lang='lat' dir='ltr'>innucre</span> <span class='ocrx_word' id='word_1_661' title='bbox 1788 2505 1826 2532; x_wconf 83' lang='lat' dir='ltr'>vi-</span> 
     </span>
    </p>
   </div>
   <div class='ocr_carea' id='block_1_103' title="bbox 1042 2549 1738 2585">
    <p class='ocr_par' dir='ltr' id='par_1_103' title="bbox 1042 2549 1738 2585">
     <span class='ocr_line' id='line_1_103' title="bbox 1042 2549 1738 2585; baseline 0 -8"><span class='ocrx_word' id='word_1_662' title='bbox 1042 2550 1142 2577; x_wconf 88' lang='lat' dir='ltr'>dentur</span> <span class='ocrx_word' id='word_1_663' title='bbox 1155 2549 1227 2577; x_wconf 88' lang='lat' dir='ltr'>docti</span> <span class='ocrx_word' id='word_1_664' title='bbox 1244 2550 1362 2577; x_wconf 86' lang='lat' dir='ltr'>editores</span> <span class='ocrx_word' id='word_1_665' title='bbox 1374 2550 1441 2585; x_wconf 88' lang='lat' dir='ltr'>Opp.</span> <span class='ocrx_word' id='word_1_666' title='bbox 1457 2550 1486 2577; x_wconf 90' lang='lat' dir='ltr'>S.</span> <span class='ocrx_word' id='word_1_667' title='bbox 1501 2550 1611 2578; x_wconf 84' lang='lat' dir='ltr'>Hieron.</span> <span class='ocrx_word' id='word_1_668' title='bbox 1626 2551 1658 2578; x_wconf 82' lang='lat' dir='ltr'>ad</span> <span class='ocrx_word' id='word_1_669' title='bbox 1678 2550 1706 2577; x_wconf 85' lang='lat' dir='ltr'>lt.</span> <span class='ocrx_word' id='word_1_670' title='bbox 1720 2551 1738 2577; x_wconf 91' lang='lat' dir='ltr'>l.</span> 
     </span>
    </p>
   </div>
   <div class='ocr_carea' id='block_1_104' title="bbox 1076 2594 1651 2630">
    <p class='ocr_par' dir='ltr' id='par_1_104' title="bbox 1076 2594 1651 2630">
     <span class='ocr_line' id='line_1_104' title="bbox 1076 2594 1651 2630; baseline 0.002 -9"><span class='ocrx_word' id='word_1_671' title='bbox 1076 2595 1114 2630; x_wconf 88' lang='lat'>(9)</span> <span class='ocrx_word' id='word_1_672' title='bbox 1132 2594 1161 2621; x_wconf 92' lang='lat' dir='ltr'>S.</span> <span class='ocrx_word' id='word_1_673' title='bbox 1177 2594 1285 2622; x_wconf 90' lang='lat' dir='ltr'>Hieron.</span> <span class='ocrx_word' id='word_1_674' title='bbox 1300 2596 1369 2630; x_wconf 85' lang='lat' dir='ltr'>Opp.</span> <span class='ocrx_word' id='word_1_675' title='bbox 1387 2596 1430 2622; x_wconf 87' lang='lat' dir='ltr'>ed.</span> <span class='ocrx_word' id='word_1_676' title='bbox 1444 2595 1462 2621; x_wconf 95' lang='grc' dir='ltr'>Ι.</span> <span class='ocrx_word' id='word_1_677' title='bbox 1476 2594 1507 2622; x_wconf 86' lang='grc' dir='ltr'>Τ.</span> <span class='ocrx_word' id='word_1_678' title='bbox 1524 2595 1531 2621; x_wconf 94' lang='grc'>1</span> <span class='ocrx_word' id='word_1_679' title='bbox 1551 2596 1651 2630; x_wconf 86' lang='lat' dir='ltr'>p.890.</span> 
     </span>
    </p>
   </div>
   <div class='ocr_carea' id='block_1_105' title="bbox 1075 2639 1826 2676">
    <p class='ocr_par' dir='ltr' id='par_1_105' title="bbox 1075 2639 1826 2676">
     <span class='ocr_line' id='line_1_105' title="bbox 1075 2639 1826 2676; baseline -0.004 -8"><span class='ocrx_word' id='word_1_680' title='bbox 1075 2640 1130 2675; x_wconf 85' lang='grc'><strong>(10)</strong></span> <span class='ocrx_word' id='word_1_681' title='bbox 1152 2640 1181 2668; x_wconf 87' lang='lat' dir='ltr'>S.</span> <span class='ocrx_word' id='word_1_682' title='bbox 1198 2640 1309 2668; x_wconf 82' lang='lat' dir='ltr'>Hieron.</span> <span class='ocrx_word' id='word_1_683' title='bbox 1323 2642 1393 2676; x_wconf 80' lang='lat' dir='ltr'>()pp.</span> <span class='ocrx_word' id='word_1_684' title='bbox 1403 2641 1446 2668; x_wconf 82' lang='lat' dir='ltr'>ed.</span> <span class='ocrx_word' id='word_1_685' title='bbox 1458 2641 1556 2668; x_wconf 71' lang='lat' dir='ltr'>&quot;Clled.</span> <span class='ocrx_word' id='word_1_686' title='bbox 1572 2640 1603 2667; x_wconf 90' lang='lat' dir='ltr'>T.</span> <span class='ocrx_word' id='word_1_687' title='bbox 1618 2639 1650 2666; x_wconf 83' lang='grc' dir='ltr'>ιν</span> <span class='ocrx_word' id='word_1_688' title='bbox 1662 2639 1717 2667; x_wconf 84' lang='lat' dir='ltr'>P.ll</span> <span class='ocrx_word' id='word_1_689' title='bbox 1735 2641 1826 2675; x_wconf 68' lang='lat' dir='ltr'>p.782.</span> 
     </span>
    </p>
   </div>
   <div class='ocr_carea' id='block_1_106' title="bbox 1072 2687 1826 2722">
    <p class='ocr_par' dir='ltr' id='par_1_106' title="bbox 1072 2687 1826 2722">
     <span class='ocr_line' id='line_1_106' title="bbox 1072 2687 1826 2722; baseline 0.004 -9"><span class='ocrx_word' id='word_1_690' title='bbox 1072 2687 1126 2722; x_wconf 86' lang='grc'><strong>(11)</strong></span> <span class='ocrx_word' id='word_1_691' title='bbox 1141 2687 1188 2721; x_wconf 85' lang='lat' dir='ltr'>Ep.</span> <span class='ocrx_word' id='word_1_692' title='bbox 1201 2687 1246 2719; x_wconf 82' lang='lat'>80,</span> <span class='ocrx_word' id='word_1_693' title='bbox 1256 2688 1285 2714; x_wconf 85' lang='lat' dir='ltr'>S.</span> <span class='ocrx_word' id='word_1_694' title='bbox 1295 2687 1481 2722; x_wconf 85' lang='lat' dir='ltr'>llieron.0pp.</span> <span class='ocrx_word' id='word_1_695' title='bbox 1494 2688 1538 2714; x_wconf 85' lang='lat' dir='ltr'>ed.</span> <span class='ocrx_word' id='word_1_696' title='bbox 1551 2687 1638 2722; x_wconf 80' lang='lat' dir='ltr'>Mignc</span> <span class='ocrx_word' id='word_1_697' title='bbox 1650 2687 1681 2715; x_wconf 90' lang='lat' dir='ltr'>T.</span> <span class='ocrx_word' id='word_1_698' title='bbox 1696 2687 1704 2714; x_wconf 94' lang='lat' dir='ltr'>l</span> <span class='ocrx_word' id='word_1_699' title='bbox 1722 2696 1747 2722; x_wconf 86' lang='lat' dir='ltr'>p.</span> <span class='ocrx_word' id='word_1_700' title='bbox 1765 2689 1826 2716; x_wconf 79' lang='grc'>755.</span> 
     </span>
    </p>
   </div>
   <div class='ocr_carea' id='block_1_107' title="bbox 1073 2733 1825 2769">
    <p class='ocr_par' dir='ltr' id='par_1_107' title="bbox 1073 2733 1825 2769">
     <span class='ocr_line' id='line_1_107' title="bbox 1073 2733 1825 2769; baseline 0 -9"><span class='ocrx_word' id='word_1_701' title='bbox 1073 2733 1130 2767; x_wconf 75' lang='grc'><strong>(12)</strong></span> <span class='ocrx_word' id='word_1_702' title='bbox 1145 2733 1236 2760; x_wconf 79' lang='lat' dir='ltr'>Ruﬁni</span> <span class='ocrx_word' id='word_1_703' title='bbox 1252 2734 1331 2768; x_wconf 88' lang='lat' dir='ltr'>Apol.</span> <span class='ocrx_word' id='word_1_704' title='bbox 1348 2733 1508 2769; x_wconf 81' lang='lat' dir='ltr'>[lnvectiva]</span> <span class='ocrx_word' id='word_1_705' title='bbox 1527 2734 1552 2760; x_wconf 88' lang='lat' dir='ltr'>in</span> <span class='ocrx_word' id='word_1_706' title='bbox 1576 2733 1605 2760; x_wconf 91' lang='lat' dir='ltr'>S.</span> <span class='ocrx_word' id='word_1_707' title='bbox 1632 2733 1825 2769; x_wconf 81' lang='lat' dir='ltr'>Hieronymum</span> 
     </span>
    </p>
   </div>
   <div class='ocr_carea' id='block_1_108' title="bbox 1035 2778 1824 2815">
    <p class='ocr_par' dir='ltr' id='par_1_108' title="bbox 1035 2778 1824 2815">
     <span class='ocr_line' id='line_1_108' title="bbox 1035 2778 1824 2815; baseline 0.001 -10"><span class='ocrx_word' id='word_1_708' title='bbox 1035 2779 1084 2806; x_wconf 88' lang='lat' dir='ltr'>lib.</span> <span class='ocrx_word' id='word_1_709' title='bbox 1106 2778 1186 2812; x_wconf 79' lang='lat' dir='ltr'>lcap.</span> <span class='ocrx_word' id='word_1_710' title='bbox 1204 2779 1248 2810; x_wconf 86' lang='grc'><strong>11,</strong></span> <span class='ocrx_word' id='word_1_711' title='bbox 1266 2778 1335 2813; x_wconf 87' lang='lat' dir='ltr'>Opp.</span> <span class='ocrx_word' id='word_1_712' title='bbox 1358 2779 1401 2806; x_wconf 89' lang='lat' dir='ltr'>ed.</span> <span class='ocrx_word' id='word_1_713' title='bbox 1418 2778 1534 2806; x_wconf 79' lang='lat' dir='ltr'>Vallarsi</span> <span class='ocrx_word' id='word_1_714' title='bbox 1551 2787 1577 2813; x_wconf 89' lang='lat' dir='ltr'>p.</span> <span class='ocrx_word' id='word_1_715' title='bbox 1600 2778 1668 2809; x_wconf 76' lang='grc'><strong>516.</strong></span> <span class='ocrx_word' id='word_1_716' title='bbox 1691 2778 1779 2813; x_wconf 82' lang='lat' dir='ltr'>Migne</span> <span class='ocrx_word' id='word_1_717' title='bbox 1796 2787 1824 2815; x_wconf 89' lang='lat' dir='ltr'>p.</span> 
     </span>
    </p>
   </div>
   <div class='ocr_carea' id='block_1_109' title="bbox 1037 2823 1769 2860">
    <p class='ocr_par' dir='ltr' id='par_1_109' title="bbox 1037 2823 1769 2860">
     <span class='ocr_line' id='line_1_109' title="bbox 1037 2823 1769 2860; baseline 0 -8"><span class='ocrx_word' id='word_1_718' title='bbox 1037 2825 1110 2856; x_wconf 68' lang='lat'>548;</span> <span class='ocrx_word' id='word_1_719' title='bbox 1131 2824 1160 2852; x_wconf 88' lang='lat' dir='ltr'>S.</span> <span class='ocrx_word' id='word_1_720' title='bbox 1181 2824 1291 2852; x_wconf 77' lang='lat' dir='ltr'>Hieron.</span> <span class='ocrx_word' id='word_1_721' title='bbox 1309 2823 1378 2859; x_wconf 82' lang='lat' dir='ltr'>Opp.</span> <span class='ocrx_word' id='word_1_722' title='bbox 1400 2824 1443 2852; x_wconf 86' lang='lat' dir='ltr'>ed.</span> <span class='ocrx_word' id='word_1_723' title='bbox 1466 2824 1566 2856; x_wconf 83' lang='lat' dir='ltr'>Bcncd.</span> <span class='ocrx_word' id='word_1_724' title='bbox 1585 2824 1602 2852; x_wconf 90' lang='grc' dir='ltr'>Ι.</span> <span class='ocrx_word' id='word_1_725' title='bbox 1618 2824 1635 2852; x_wconf 93' lang='lat' dir='ltr'>l.</span> <span class='ocrx_word' id='word_1_726' title='bbox 1659 2832 1685 2860; x_wconf 90' lang='lat' dir='ltr'>p.</span> <span class='ocrx_word' id='word_1_727' title='bbox 1707 2825 1769 2852; x_wconf 77' lang='lat'>560.</span> 
     </span>
    </p>
   </div>
   <div class='ocr_carea' id='block_1_110' title="bbox 1075 2871 1290 2907">
    <p class='ocr_par' dir='ltr' id='par_1_110' title="bbox 1075 2871 1290 2907">
     <span class='ocr_line' id='line_1_110' title="bbox 1075 2871 1290 2907; baseline -0.005 -10"><span class='ocrx_word' id='word_1_728' title='bbox 1075 2871 1132 2907; x_wconf 71' lang='lat' dir='ltr'>ua,</span> <span class='ocrx_word' id='word_1_729' title='bbox 1146 2871 1188 2899; x_wconf 78' lang='lat' dir='ltr'>cr.</span> <span class='ocrx_word' id='word_1_730' title='bbox 1203 2879 1228 2906; x_wconf 82' lang='lat' dir='ltr'>p.</span> <span class='ocrx_word' id='word_1_731' title='bbox 1246 2871 1290 2898; x_wconf 76' lang='lat'>53.</span> 
     </span>
    </p>
   </div>
  </div>
