2060 3153
223 149 275 176 H9

639 148 689 176 SS.
710 147 941 176 MACARIORUM
961 149 1120 177 AEGYPTII
1139 150 1181 177 ET
1195 150 1426 178 ALEXANDRINI

1787 147 1836 176 2‘20

212 203 263 234 bis
278 212 286 234 :
305 214 320 232 ι
335 205 458 234 Amatae
474 206 547 233 Vero
559 205 589 233 et
608 201 758 233 Macarius
773 202 918 242 discipuli
933 205 997 234 Au—
1013 208 1036 235 A
1049 203 1179 235 fortasse
1195 208 1248 235 aut
1262 204 1323 236 alio
1337 204 1448 244 quovis
1463 204 1587 235 Antonii
1597 203 1750 244 discipulo
1760 211 1837 234 con-

217 253 307 290 tonii,
320 262 337 284 e
348 253 460 292 quibus
473 252 615 291 superior
623 252 760 290 magistri
775 260 892 292 corpus
905 261 999 292 sepe-

218 303 293 341 livit,
309 304 400 334 etiam
419 312 502 333 nunc
517 302 680 339 afﬁrmant,
696 303 824 333 Paulum
844 303 1001 343 quendam

217 354 397 384 Thebaeum
414 353 588 392 principem
603 352 691 383 istius
712 353 757 383 rei
780 353 870 391 [vitae
889 361 1001 383 mona-

217 403 335 440 cliicae]
343 403 450 438 fuisse,
466 410 530 432 non
546 402 697 437 nominis;
714 410 808 441 quam
818 402 1002 441 opinionem

218 461 275 483 nos
289 461 416 492 quoque
433 451 601 492 probamus
621 451 674 491 (1).
688 463 703 479 ι»
713 451 846 482 Eosdem
861 450 1000 490 discipu-

218 502 265 532 los
293 502 385 533 ambo
414 501 594 541 sepelivisse
620 501 789 532 Antonium
810 500 943 539 legimus
969 500 1003 532 in

217 553 352 583 Ilistoria
363 552 508 582 Lausiaca
527 551 580 592 (2),
602 552 697 582 multo
706 556 778 591 post
784 551 875 582 vitam
886 552 917 581 S.
926 552 1005 582 Pau-

219 602 252 638 li,
263 604 297 633 in
309 612 370 642 qua
380 603 474 633 verba
483 602 536 633 illa
550 602 715 638 habentur,
736 602 817 633 edita
840 602 894 641 (3).
905 603 1006 638 Quan-

221 662 315 692 quam
331 653 364 683 in
381 653 501 684 duabus
517 653 655 684 eiusdem
673 654 704 683 S.
719 653 806 683 Pauli
819 653 938 691 graecis
958 652 1004 683 vi-

220 705 270 740 tis,
282 712 359 743 quas
373 703 412 734 ab
428 703 670 743 Hieronymiana
685 702 841 742 profectas
854 711 923 733 esse
936 710 1008 742 pro-

221 753 374 788 babimus,
392 755 518 784 Amatae
533 755 563 783 et
577 753 701 784 Macarii
714 752 878 784 nominum
889 752 1006 784 mentio

225 812 288 834 non
299 804 342 834 ﬁt.
353 804 497 834 Erasmus
506 804 633 843 quidem
647 804 778 840 monuit,
794 803 874 834 vitae
889 804 920 834 S.
931 804 1009 835 Pau-

223 855 244 884 li
260 855 447 894 exemplaria
457 855 499 886 ita
510 855 593 886 inter
602 863 635 886 se
650 854 881 895 discrepare,ut
894 855 925 885 S.
936 855 1009 886 Hie-

223 914 372 945 ronymus
386 906 454 946 ipse
468 906 552 937 idem
566 909 784 946 argumentum
800 906 925 946 saepius
939 905 1006 937 aliis

222 956 324 987 verbis
338 959 483 986 tractasse
494 959 546 986 aut
560 955 638 986 alius
654 956 714 987 hoc
728 956 840 987 fecisse
854 956 1005 987 videatur.

223 1008 290 1043 Quo
315 1006 397 1037 facto
417 1006 644 1038 Centuriatores
665 1007 947 1046 Magdeburgenses
969 1016 1007 1038 eo

224 1057 404 1088 temeritatis
440 1057 598 1097 progressi
627 1061 710 1094 sunt,
739 1061 774 1088 ut
802 1058 895 1088 vitam
923 1058 1008 1089 illam

225 1110 436 1138 commentum
448 1107 615 1139 exercendi
630 1107 748 1146 ingenii
763 1115 867 1145 causa,
877 1117 942 1139 non
958 1117 1008 1139 se-

225 1159 272 1190 rio
282 1167 299 1189 a
314 1159 344 1189 S.
355 1159 548 1198 Hieronymo
563 1158 776 1198 conscriptum
803 1159 938 1190 dixerint
955 1159 1008 1199 (4).

227 1209 307 1244 126
328 1207 389 1238 Sed
410 1208 594 1239 Rosweidus
623 1209 705 1240 bene
723 1209 949 1247 animadvertit,
977 1218 1011 1240 se

226 1257 354 1295 quidem
369 1262 485 1289 tantam
499 1259 678 1290 varietatem
694 1266 758 1290 non
776 1259 932 1291 invenisse
955 1260 1010 1301 (5),

226 1304 310 1334 idem
325 1306 411 1345 quod
431 1309 462 1337 et
486 1306 656 1338 Bollandus
675 1310 769 1347 atque
793 1309 1012 1341 Henschenius

228 1362 267 1383 cx
288 1358 409 1394 septem
430 1358 540 1387 octove
559 1356 690 1387 aliorum
710 1357 854 1389 codicum
872 1362 1012 1390 veterum

230 1403 290 1435 {ide
316 1410 516 1437 asseruerunt
537 1407 591 1447 (6),
611 1410 642 1438 et
660 1407 721 1447 ipsi
746 1409 927 1440 examinatis
940 1409 1013 1450 qui-

229 1455 358 1486 busdam
396 1457 557 1488 codicibus
588 1459 838 1498 comprobamus.
877 1460 1014 1491 Graecae

230 1514 304 1536 vero
322 1505 402 1536 duae
417 1507 448 1536 S.
466 1507 550 1537 Pauli
566 1507 644 1538 vitae
660 1508 755 1539 modo
770 1516 840 1539 cum
856 1509 1012 1549 Hierony-

1052 254 1186 291 cinnata,
1201 253 1256 293 qui
1265 254 1336 284 ideo
1348 254 1518 294 scripserit,
1535 255 1673 284 Amatam
1691 256 1721 283 et
1734 253 1836 284 Maca-

1052 303 1131 334 rium
1159 304 1333 333 etiamnunc
1361 304 1491 334 Paulum
1514 303 1651 343 primum
1676 302 1838 333 eremitam

1053 353 1245 392 praedicare.
1267 353 1328 384 Sed
1348 361 1468 391 vereor,
1485 363 1524 385 ne
1538 353 1596 384 viri
1611 352 1694 384 docti
1714 361 1837 383 errave-

1053 403 1125 433 rint.
1144 403 1222 434 Nam
1231 403 1284 433 illa
1298 403 1391 433 verba
1401 403 1433 434 in
1446 411 1557 442 graeco
1573 403 1686 442 legeris
1699 405 1837 442 oportet-

1053 459 1090 491 ὡς
1104 459 1184 491 αὑτός
1202 468 1246 494 μοι
1262 458 1421 495 διηγήσατο,
1438 462 1495 493 pro
1511 453 1625 493 quibus
1638 453 1670 483 S.
1681 452 1839 491 Hierony-

1054 512 1124 534 mus
1133 503 1225 534 habet
1241 512 1248 534 :
1264 515 1278 531 α
1291 505 1325 533 ut
1339 503 1408 543 ipse
1422 510 1561 533 asserere
1579 502 1711 533 solebat.
1731 512 1746 529 ι)
1766 501 1841 537 Quis

1054 553 1147 591 igitur
1162 561 1224 584 non
1236 552 1352 589 credat,
1363 552 1397 582 in
1411 551 1518 583 codice
1534 559 1656 591 graeco,
1670 550 1841 582 editoribus

1055 602 1431 643 testibus,mendis,quae
1454 611 1494 633 ne
1509 602 1570 642 ipsi
1591 602 1718 642 quidem
1736 602 1842 633 omnia

1057 656 1276 693 expunxerunt
1316 653 1350 684 in
1384 652 1528 684 versione
1554 661 1610 683 sua
1637 652 1690 692 (8),
1718 655 1841 683 scaten-

1057 706 1087 733 te
1107 703 1161 743 (9),
1173 712 1230 743 pro
1248 716 1292 743 μοι
1314 703 1482 743 legendum
1499 712 1566 735 esse
1584 703 1646 743 μένί
1664 704 1729 740 Quo
1739 703 1843 744 posito

1057 753 1133 784 nihil
1145 753 1286 793 profecto
1303 757 1457 793 superest,
1475 762 1531 785 cur
1540 762 1609 784 eam
1621 754 1842 793 Hieronymia-

1059 811 1098 833 na
1135 803 1344 843 antiquiorem
1374 803 1500 834 dixeris.
1536 803 1671 834 Alteram
1701 811 1844 842 graecam

1027 870 1047 900 Β
1061 854 1092 884 S.
1114 853 1201 884 Pauli
1211 854 1316 891 vitam,
1331 854 1474 884 Bavarica
1490 853 1543 885 illa
1563 857 1594 885 et
1605 854 1673 893 ipsa
1686 854 1843 893 Hierony-

1059 902 1162 934 miana
1177 902 1427 942 locupletiorem,
1449 902 1504 933 sed
1527 903 1567 934 ab
1589 903 1844 943 Hieronymiana,

1059 955 1095 983 ut
1116 952 1206 984 facile
1230 952 1343 990 elucet,
1369 953 1552 993 profectam,
1581 953 1615 984 in
1643 953 1751 985 codice
1774 954 1846 985 Cae-

1061 1013 1150 1035 sareo
1164 1003 1400 1035 Vindobonensi
1415 1003 1475 1044 ipsi
1487 1004 1638 1035 adivimus
1651 1004 1722 1043 (10),
1734 1004 1766 1036 in
1782 1014 1846 1045 quo

1062 1053 1150 1085 locus
1164 1054 1217 1085 ille
1227 1055 1267 1085 de
1277 1055 1308 1085 S.
1318 1055 1443 1086 Antonii
1456 1055 1535 1091 127
1546 1054 1706 1095 discipulis
1720 1055 1769 1086 his
1779 1065 1847 1088 ver-

1062 1103 1110 1134 bis
1120 1112 1153 1134 se
1168 1103 1279 1134 offert:
1306 1109 1449 1136 Ἀντωνιου
1472 1109 1527 1144 γὰρ
1545 1108 1586 1136 ἔτι
1607 1109 1655 1136 καὶ
1676 1109 1796 1145 σήμερον
1821 1110 1847 1137 οι

1064 1160 1190 1195 φοιτηταὶ
1206 1160 1355 1196 περιόντες,
1363 1161 1408 1195 ὑφ’
1419 1156 1456 1188 ὧν
1471 1161 1574 1192 ἐκεῖνος
1586 1160 1633 1187 καὶ
1643 1160 1728 1195 τάφου
1742 1159 1847 1195 ἔτυχεν,

1063 1212 1141 1239 αὐτοὶ
1168 1211 1337 1248 βεῦαιοῦσιν,
1360 1213 1465 1241 Παῦλόν
1487 1222 1547 1240 τινα
1575 1212 1702 1251 ΘηϐαῖονΙ
1719 1221 1746 1240 κ.
1775 1221 1801 1240 τ.
1821 1213 1847 1239 λ.

1065 1257 1164 1294 Quare
1175 1258 1242 1290 iure
1253 1258 1386 1295 dubites,
1396 1267 1435 1290 an
1445 1258 1574 1290 omnino
1583 1258 1711 1289 nomina
1724 1259 1849 1289 Amatae

1066 1311 1097 1338 et
1113 1309 1249 1346 Macarii,
1262 1309 1487 1349 discipulorum
1507 1309 1538 1339 S.
1554 1308 1691 1346 Antonii,
1707 1307 1850 1348 primitus

1065 1358 1098 1388 in
1108 1361 1193 1389 textu
1209 1359 1238 1389 S.
1252 1359 1434 1399 Hieronymi
1450 1359 1633 1391 exstiterint.

1105 1408 1393 1448 Quomodocunque
1409 1417 1481 1439 vero
1496 1408 1527 1439 id
1542 1417 1576 1439 se
1592 1407 1696 1445 habet,
1710 1409 1850 1438 Amatam

1067 1460 1098 1488 et
1121 1457 1287 1489 Macarium
1312 1458 1451 1497 insignes
1475 1458 1506 1488 S.
1532 1457 1657 1488 Antonii
1679 1455 1852 1497 discipulos

1067 1507 1173 1544 fuisse,
1191 1517 1255 1539 non
1277 1508 1377 1539 solum
1393 1517 1432 1540 ex
1455 1508 1604 1546 Palladio,
1628 1507 1682 1539 sed
1701 1507 1793 1539 etiam
1812 1515 1852 1538 ex

231 1555 333 1587 miana
359 1557 540 1594 concinunt,
569 1557 664 1589 modo
694 1558 733 1589 ab
758 1567 794 1590 ea
824 1559 1013 1599 discrepant,
1028 1554 1049 1583 C
1066 1558 1097 1588 S.
1113 1558 1298 1597 Hieronymi
1317 1558 1470 1589 Chronico
1489 1561 1621 1595 constat,
1637 1557 1670 1588 in
1690 1565 1753 1596 quo
1768 1557 1807 1587 ad
1821 1565 1850 1587 a.

231 1605 381 1645 ipsaeque
394 1607 476 1638 inter
491 1616 524 1638 se
541 1616 669 1647 perraro
678 1609 878 1640 conveniunt.
889 1611 934 1640 Ex
949 1610 1017 1649 qui-

233 1655 291 1686 bus
306 1655 400 1686 altera
414 1656 566 1688 Bollando
581 1660 612 1688 et
625 1657 836 1696 Henschenio,
853 1659 907 1698 qui
918 1667 986 1690 eam
999 1669 1016 1691 e

233 1705 343 1736 codice
365 1707 511 1738 Bavarica
531 1716 643 1746 graeco
672 1716 824 1748 perquam
852 1709 964 1740 vitioso
983 1710 1014 1740 in

233 1754 364 1784 latinum
379 1763 555 1786 sermonem
574 1763 755 1786 conversam
778 1755 952 1794 ediderunt,
976 1756 1016 1787 ob

235 1805 327 1835 verba
338 1814 418 1844 quae
435 1806 593 1836 continet:
613 1817 627 1834 α
641 1809 676 1836 ut
690 1806 823 1846 ipsemet
841 1806 1016 1848 (Antonius)

235 1854 311 1885 mihi
338 1855 473 1886 narravit
495 1855 570 1896 (7),»
602 1856 845 1896 Hieronymiana
856 1857 943 1888 Pauli
956 1857 1018 1888 vita

235 1905 392 1945 antiquior
407 1905 471 1937 visa
484 1908 542 1943 est,
554 1908 585 1937 et
597 1906 636 1937 ab
646 1906 715 1946 ipso
726 1908 832 1938 Amata
845 1907 1018 1938 Macariove

275 2050 311 2086 {1)
329 2050 358 2078 S.
371 2050 482 2078 Hieron.
496 2050 564 2086 Opp.
577 2051 621 2079 ed.
636 2050 736 2079 Bened.
750 2050 782 2078 T.
795 2050 828 2077 lV
839 2050 870 2079 P.
888 2049 910 2078 ll
927 2058 953 2085 p.
975 2051 1020 2078 69.

274 2097 369 2131 (2)(11.
387 2105 468 2132 supra
481 2105 506 2132 p.
521 2098 579 2125 107.

275 2143 313 2178 (5)
330 2142 358 2169 S.
374 2142 532 2178 Hieronymi
551 2143 633 2170 vitam
649 2142 678 2170 S.
696 2142 773 2170 Pauli
790 2143 870 2177 primi
892 2142 1023 2170 eremitae

238 2189 357 2216 editores
371 2188 538 2216 Benedictini
552 2189 625 2215 circa
639 2196 664 2215 a.
682 2188 734 2215 565
745 2189 875 2223 scriptam
891 2195 952 2215 esse.
966 2187 1024 2215 exi-

239 2236 361 2263 stimant.
377 2234 420 2262 Cl.
439 2234 469 2262 S.
488 2234 600 2262 Hieron.
614 2227 683 2270 Opp.
701 2234 744 2262 ed.
762 2234 862 2261 Bened.
881 2234 902 2261 l.
923 2234 942 2261 l.

275 2281 314 2316 (4)
331 2281 407 2307 Cent.
423 2279 467 2312 IV,
481 2280 525 2307 10.

276 2327 315 2362 (5)
334 2325 364 2353 lu
385 2327 469 2353 vitam
490 2324 518 2352 S.
541 2324 631 2352 Pauli.
655 2330 712 2352 not.
738 2323 834 2358 LVV.
859 2323 912 2351 PP.
930 2322 1023 2351 Rosw.

242 2383 267 2409 ι).
290 2373 332 2400 21.

276 2420 314 2454 (6)
327 2418 384 2446 AA.
399 2417 449 2446 SS.
467 2417 534 2446 Boil.
551 2418 608 2445 Ian.
625 2416 678 2445 T.|
701 2425 728 2452 p.
740 2416 802 2443 602.

276 2465 315 2500 (τ)
328 2465 396 2492 lbid.
410 2472 436 2499 p.
450 2464 511 2492 605.
563 2462 566 2465 '

276 2513 313 2547 (8)
333 2511 496 2539 Lambecius
517 2510 683 2539 Commentt.
705 2509 749 2537 ed.
773 2509 857 2535 altera
873 2507 905 2534 Τ.
921 2507 978 2534 Vlll
999 2516 1026 2543 p.

244 2559 306 2585 'tttl.

279 2603 316 2640 (9)
330 2603 386 2630 AA.
408 2602 459 2631 ss.
480 2602 549 2630 Boll.
571 2602 589 2629 I.
607 2602 626 2629 ι.
642 2610 669 2637 ρ.
688 2601 750 2632 cos,
768 2600 794 2628 ι.

280 2649 336 2685 (10)
353 2649 444 2676 Exstat
454 2649 526 2676 enim
536 2648 562 2675 in
572 2647 632 2675 cod.
647 2656 697 2675 ms.
707 2654 796 2684 graec.
806 2645 1030 2674 Bibl.Caes.Vin-

245 2696 309 2722 dub.
325 2695 371 2722 Nr.
387 2695 421 2722 58
432 2694 496 2722 olim
510 2694 542 2721 3i
558 2702 583 2729 p.
595 2693 659 2726 2'57,
671 2693 688 2720 2
700 2709 732 2714 —
741 2692 802 2719 247.
819 2691 923 2718 Prodiit
933 2698 1031 2726 graece

246 2748 273 2768 (ιι
285 2740 371 2768 latine
387 2741 439 2768 sub
452 2740 533 2767 titulo
546 2749 554 2767 :
570 2741 639 2766 Acta
653 2741 756 2766 sincera
775 2737 805 2765 S.
820 2737 901 2764 Pauli
917 2736 1031 2764 Thebaei

249 2791 419 2823 cognomento
434 2786 513 2820 primi
532 2786 657 2812 eremitae
681 2784 879 2819 graeca—latina
899 2791 960 2809 eum
984 2790 1028 2809 va-

248 2831 381 2860 riantibus
405 2831 559 2858 lectionibus
579 2835 604 2857 et
633 2831 870 2857 notis-variorum.
895 2828 1029 2855 Accedunt

249 2878 401 2906 dissertatio
426 2877 622 2904 nracliminaris
647 2877 677 2903 de
699 2876 784 2903 dubiis
807 2876 869 2902 haec
884 2876 951 2901 Acta
976 2875 1029 2901 cir-

1065 1608 1132 1638 XIX
1148 1607 1318 1638 Constantii
1332 1607 1493 1639 iunior-isi.
1506 1616 1566 1639 e.a.
1583 1607 1638 1638 359
1649 1607 1726 1646 legis
1739 1615 1745 1637 :
1759 1618 1772 1635 α
1785 1607 1852 1637 Sar-

1067 1659 1165 1694 mata,
1183 1658 1305 1688 Amatas
1328 1659 1359 1688 et
1389 1657 1540 1688 Macarius
1562 1656 1707 1697 discipuli
1727 1655 1850 1687 Antonii

1066 1705 1204 1745 insignes
1219 1706 1376 1737 habentur
1389 1706 1464 1747 (11).
1484 1719 1498 1734 ιι

1106 1757 1214 1797 Itaque
1229 1757 1398 1796 quaeritur,
1410 1766 1485 1788 num
1495 1757 1644 1788 Macarius
1655 1756 1787 1796 insignis
1801 1755 1853 1786 hic

1070 1807 1101 1837 S.
1117 1807 1241 1838 Antonii
1255 1807 1426 1847 discipulus
1440 1816 1521 1838 unus
1538 1817 1577 1838 ex
1591 1807 1704 1839 nostris
1715 1803 1854 1837 Macariis

1069 1855 1181 1888 fuerit?
1196 1858 1257 1888 Sed
1272 1866 1344 1889 eum
1359 1867 1376 1889 a
1388 1858 1500 1889 nostris
1518 1858 1657 1889 Macariis
1675 1857 1774 1898 probe
1787 1856 1853 1887 dis-

1072 1907 1263 1938 cernendum
1286 1914 1370 1944 esse,
1394 1907 1456 1938 iam
1487 1915 1581 1947 supra
1603 1906 1704 1938 obiter
1727 1905 1852 1937 monui-

1074 2051 1265 2078 cumstanlibus
1287 2056 1311 2078 et
1325 2050 1446 2085 Epistola
1465 2050 1496 2079 R.
1519 2050 1552 2079 Ρ.
1572 2050 1681 2078 Ctaitdii
1694 2050 1801 2079 Sicardi
1823 2049 1853 2079 S.

1075 2097 1100 2124 Ι.
1119 2097 1254 2125 Minionis
1277 2098 1421 2133 Aegyptiae
1443 2097 1585 2131 superioris
1609 2097 1641 2123 de
1660 2105 1708 2124 suo
1726 2105 1771 2132 per
1785 2097 1854 2130 infe-

1075 2144 1172 2170 riorem
1190 2143 1346 2171 Thebaidem
1368 2143 1487 2177 confecto
1507 2142 1600 2169 itinere
1620 2142 1798 2177 Aodiernoque
1813 2151 1855 2169 re-

1076 2198 1135 2216 rum
1169 2194 1240 2217 statu
1271 2189 1514 2224 antiquissimorum
1551 2189 1772 2216 monasteriorum
1802 2188 1855 2216 SS.

1037 2242 1062 2271 ι)
1077 2236 1159 2263 Pauli
1174 2241 1199 2262 et
1217 2234 1519 2268 Antonii,comimilibus
1540 2235 1610 2262 noti:
1627 2240 1715 2268 aucta,
1731 2242 1783 2270 qua
1798 2242 1858 2269 per-

1079 2282 1163 2308 multa
1182 2281 1209 2307 in
1232 2281 1371 2308 antedictis
1391 2281 1464 2308 Actis
1479 2281 1604 2308 hactenus
1621 2281 1733 2308 obscura
1745 2286 1770 2308 et
1788 2280 1858 2308 alia:

1076 2327 1211 2362 incognita
1234 2327 1422 2359 illustrantur;
1451 2326 1539 2353 studia
1567 2331 1591 2354 et
1621 2335 1700 2361 opera
1728 2326 1858 2353 Matthiae

1077 2373 1234 2400 Fuhrmann
1249 2373 1308 2400 ord.
1327 2373 1411 2400 eiusa.
1426 2372 1456 2399 S.
1473 2371 1553 2399 Pauli
1569 2372 1647 2407 primi
1661 2372 1783 2399 eremitae
1797 2379 1858 2406 pro-

1076 2420 1177 2446 vinciae
1207 2419 1329 2446 Austriae
1363 2418 1518 2445 sacerdotia.
1544 2417 1694 2444 Neostadii.
1733 2418 1859 2445 Austriae

1080 2465 1158 2492 1760.
1184 2464 1321 2492 Kollarius
1337 2462 1477 2498 (Lambec.
1501 2462 1665 2490 Commentt.
1682 2462 1701 2489 l.
1723 2462 1742 2489 l‘.
1763 2470 1791 2497 ι).
1808 2462 1859 2490 719

1078 2511 1148 2546 not.)
1166 2514 1251 2543 notat,
1267 2509 1414 2538 editionem
1436 2509 1506 2536 hanc
1525 2509 1675 2544 puerilibus
1696 2513 1802 2536 seatere
1816 2517 1860 2537 cr-

1079 2556 1200 2588 roribus,
1213 2560 1296 2590 atque
1308 2555 1484 2590 interpretem
1503 2554 1670 2582 coniecturis
1683 2555 1773 2590 potius
1790 2555 1859 2586 suis,

1080 2609 1162 2636 quam
1172 2601 1276 2628 codicis
1293 2601 1373 2627 inuiti
1389 2601 1441 2628 ﬁde
1455 2600 1586 2628 voluisse.
1610 2599 1667 2627 Hoc
1689 2600 1798 2635 quidem
1812 2607 1860 2627 ve-

1081 2653 1153 2676 rum,
1169 2645 1218 2672 sed
1230 2649 1322 2671 tamen
1340 2644 1387 2671 illa
1407 2644 1511 2671 codicis
1524 2645 1614 2679 potius
1627 2644 1703 2678 vitia,
1719 2651 1800 2679 quam
1817 2651 1861 2672 er-

1082 2698 1158 2718 rores
1173 2689 1287 2718 editoris
1302 2694 1376 2723 sunt,
1398 2691 1436 2718 ita
1450 2694 1480 2717 ut
1502 2697 1584 2717 manu
1608 2690 1774 2725 peritissim:
1792 2696 1861 2725 opus

1081 2735 1126 2768 sit,
1141 2742 1211 2770 quae
1224 2739 1326 2762 textum
1341 2737 1478 2763 restituat.
1491 2734 1519 2762 1d
1534 2734 1642 2770 quidem
1655 2739 1783 2762 accurato
1801 2735 1863 2763 eius

1080 2782 1206 2809 examine
1220 2781 1270 2816 ipsi
1286 2781 1366 2809 nobis
1380 2781 1566 2816 persuasimus

1117 2828 1173 2864 (11)
1191 2827 1219 2856 S.
1231 2827 1339 2856 llicrou.
1353 2827 1422 2863 Opp.
1437 2827 1581 2863 cd.llligue
1595 2826 1626 2854 Τ.
1640 2826 1697 2854 \‘lll
1711 2835 1738 2862 p.
1754 2826 1816 2854 681.
