2060 3153
226 160 275 188 121

998 158 1078 186 VITA
1083 158 1112 186 Ε.

1796 163 1849 192 1‘29

229 225 304 248 mus
321 215 506 257 (1).Etenim
514 217 679 248 Macarium
690 217 876 256 Aegyptium
886 217 918 248 in
928 216 1017 247 Scéte
1032 220 1052 248 Α
1067 216 1146 247 bens
1161 215 1273 255 iugiter
1295 217 1431 248 deﬁxum
1454 226 1529 250 suae
1551 217 1665 251 mentis
1685 217 1846 255 intuitum,

226 267 354 303 abiisse,
372 266 613 298 Alexandrinum
642 271 780 298 extrema
794 267 886 298 etiam
921 276 1014 298 sene-

230 320 315 348 ctute
329 315 514 347 Cellularum
526 317 744 356 presbyterum
761 316 867 353 fuisse,
883 325 901 347 e
913 316 1014 347 Palla-

232 366 284 397 dio
300 365 481 403 didicimus;
497 367 664 397 Macarium
681 375 755 397 vero
770 367 800 397 S.
817 367 942 397 Antonii
969 367 1016 397 di-

227 417 269 447 sci
272 415 383 456 pulum
391 415 494 446 eidem
502 417 689 447 successisse
695 416 727 447 in
733 416 1016 456 coenobioPispiri-

223 466 420 506 tano,ibique
430 466 523 496 vitam
535 465 766 502 ﬁnivisse,infra
778 465 950 497 videbimus
961 465 1012 506 (2).

263 515 357 546 Hisce
370 516 572 547 continentur
582 524 629 552 ea,
639 524 720 556 quae
732 525 770 547 ex
781 517 812 547 S.
821 517 1014 556 Hieronymo

224 564 331 603 colligi
346 569 490 605 possunt.
503 566 541 596 Ut
556 566 703 605 Evagrius
731 567 896 598 Macarium
917 568 1015 606 Aegy-

224 615 336 654 ptium,
352 615 394 646 ita
409 615 439 645 S.
450 615 907 655 HieronyniusAlexandrinum
917 616 1015 650 laudi-

226 664 284 696 bus
306 665 427 696 extulit.
453 666 563 705 Neque
585 666 616 696 id
639 669 757 697 temere
779 666 863 698 fecit.
880 667 956 698 Nam
981 667 1014 699 in

224 717 400 755 Aegyptum
415 715 626 753 adtentantes,
637 716 676 746 ad
692 725 771 756 quos
782 717 829 748 vel
845 717 884 748 de
899 718 1014 757 quibus

226 766 257 795 S.
273 766 483 805 Hieronymus
499 766 665 803 scribebat,
681 767 797 798 Nitriae
816 771 869 798 aut
890 767 922 798 in
943 767 1012 799 Cel-

226 815 298 847 lulis
320 816 484 847 Macarium
507 816 723 856 presbyterum
746 817 826 852 128
840 816 931 848 facile
954 817 1011 848 ad-

226 865 323 902 ibant,
340 865 371 896 in
385 865 487 896 abdita
502 873 575 896 vero
590 865 687 897 Scetis
702 865 825 897 deserta
838 874 903 897 non
922 865 1012 897 facile
1029 889 1048 915 Β

227 916 439 955 penetrabant.
464 915 552 946 Unde
579 915 746 947 Macarium
769 915 1009 947 Alexandrinum

225 966 256 997 in
271 966 436 998 Occidente
449 965 651 997 illustriorem
665 965 762 997 fuisse
777 969 901 1006 oportet
915 966 970 1006 (3).

263 1018 288 1054 §.
304 1016 353 1046 31.
368 1016 429 1047 Sed
444 1015 668 1047 transeundum
690 1019 736 1048 est
757 1016 796 1047 ad
815 1017 1007 1054 Cassianum,

223 1066 277 1106 qui
292 1066 434 1106 quinque
455 1066 533 1098 locis
555 1067 594 1098 de
616 1066 732 1098 nostris
747 1067 886 1098 Macariis
905 1067 1007 1098 tradit.

222 1116 266 1146 Ex
282 1116 320 1147 iis
333 1126 443 1154 unum,
460 1126 523 1157 quo
542 1117 581 1149 de
596 1121 718 1149 mortuo
735 1127 752 1149 a
767 1119 912 1156 Macario,
928 1131 941 1147 α
955 1119 1009 1158 qui

221 1165 446 1198 habitationem
464 1168 670 1208 Scythioticae
692 1168 868 1200 solitudinis
888 1169 1009 1209 primus

221 1217 354 1255 invenit,
370 1229 384 1244 ν
400 1217 438 1248 ad
462 1218 654 1250 haereticum
677 1219 883 1250 refellendum
902 1228 1007 1250 resus-

222 1266 315 1298 citato
325 1271 478 1304 narratur,
494 1268 555 1298 iam
569 1277 664 1308 supra
685 1268 878 1300 excussimus
894 1269 947 1309 (4).
965 1271 1008 1300 Ac

221 1320 310 1348 sexto
326 1318 462 1358 quodam
473 1317 544 1349 loco
559 1318 598 1349 de
612 1318 756 1356 Macario,
772 1318 826 1358 qui
840 1330 854 1346 α
870 1318 1009 1349 xenodo—

221 1366 294 1398 chio
309 1367 393 1407 apud
407 1367 624 1398 Alexandriam
638 1367 782 1407 praefuit,
802 1379 815 1395 n
831 1376 934 1398 sermo
948 1371 1006 1404 est,

221 1425 239 1447 a
253 1417 367 1448 nostris
376 1417 515 1448 Macariis
528 1420 612 1448 certe
626 1417 847 1456 distinguendo
863 1416 917 1457 (5).
942 1417 1007 1447 Re-

223 1471 306 1498 stant
319 1467 415 1507 igitur
429 1471 564 1508 quatuor
575 1467 667 1500 nobis
679 1467 742 1499 loci
756 1466 964 1499 examinandi.

259 1518 297 1548 Et
307 1518 408 1558 primo
420 1518 548 1558 quidem
561 1518 724 1549 Cassianus
743 1518 776 1549 in
800 1518 893 1555 libro,
912 1526 1007 1558 quem

1066 274 1130 305 quo
1145 266 1287 305 quotidie
1301 267 1494 308 singulisque
1508 268 1675 299 momentis
1690 277 1850 299 accersen-

1065 316 1140 347 dum
1164 325 1233 347 esse
1255 325 1289 348 se
1315 317 1413 348 credit
1429 317 1482 358 (6).
1502 329 1516 346 ι)
1538 318 1614 349 Uter
1631 318 1848 356 Macariorum,

1064 366 1111 397 vel
1129 367 1221 398 etiam
1238 376 1313 397 num
1327 367 1474 398 alteruter
1488 377 1529 398 ex
1543 369 1658 399 nostris
1678 378 1713 399 ea
1731 369 1850 400 docue-

1064 417 1115 454 rit,
1139 417 1301 449 Cassianus
1323 426 1389 449 non
1415 418 1530 449 docuit.
1550 419 1702 458 Equidem
1726 420 1850 450 Macarii

1064 468 1208 508 Aegyptii
1223 468 1409 499 sententiam
1423 469 1501 506 129
1515 477 1582 500 esse
1596 478 1634 500 ex
1646 470 1849 501 similitudine

1064 525 1135 547 cum
1158 517 1311 555 doctrina,
1336 527 1430 558 quam
1452 518 1478 548 is
1491 519 1620 556 Evagrio
1639 519 1724 550 dedit
1740 521 1794 561 (7),
1818 524 1850 551 et

1064 575 1136 597 cum
1151 565 1287 598 homiliis
1303 567 1370 598 eius
1384 567 1492 598 timide
1511 569 1710 600 coniecerim.

1103 615 1222 646 Deinde
1243 616 1388 647 Cassiano
1409 615 1442 646 in
1459 615 1635 647 Collationis
1650 617 1775 656 quintae
1794 626 1846 650 ca-

1063 663 1139 703 pite,
1156 665 1241 704 quod
1256 665 1435 697 inscribitur
1449 677 1462 693 «
1473 666 1509 696 In
1525 674 1588 705 quo
1603 666 1686 696 utilis
1699 667 1737 697 sit
1750 676 1846 698 ceno-

1064 713 1169 751 doxia,
1191 726 1204 742 »
1223 715 1375 754 Serapion
1390 723 1486 748 senex
1500 715 1640 755 exponit,
1656 716 1771 746 multos
1784 725 1850 747 sac—

1063 773 1237 803 penumero
1245 764 1390 796 homines
1399 765 1501 796 adhuc
1510 765 1649 797 carnales
1657 766 1848 797 cenodoxiae

1062 814 1137 845 vitio
1151 813 1191 844 ab
1202 813 1270 844 aliis
1284 814 1426 854 turpibus
1439 814 1638 854 indignisque
1653 814 1734 845 vitiis
1749 817 1850 845 custo-

1063 864 1133 894 diri.
1150 864 1326 899 Nonnullos
1344 865 1474 904 quidem
1491 864 1653 896 confessos
1668 873 1749 902 esse,
1765 873 1797 895 se
1816 864 1850 894 in

1063 915 1170 954 Syriae
1187 915 1350 947 coenobiis
1364 915 1469 955 quinis
1491 915 1602 946 diebus
1626 915 1731 946 cibum
1762 924 1849 945 sum-

1063 964 1162 1004 psisse
1179 965 1336 1005 talemque
1348 965 1566 997 abstinentiam
1580 965 1647 996 sine
1657 960 1849 997 laboretole-

1063 1023 1160 1051 rasse,
1175 1014 1208 1047 in
1223 1024 1329 1047 eremo
1344 1019 1448 1049 autem
1462 1019 1546 1046 tanta
1561 1024 1595 1046 se
1616 1015 1698 1046 fame
1717 1016 1790 1047 inde
1810 1017 1850 1048 ab

1063 1063 1139 1096 hora
1153 1065 1242 1096 tertia
1255 1066 1371 1102 vexari,
1382 1069 1417 1096 ut
1427 1066 1465 1096 ad
1476 1074 1590 1096 nonam
1605 1075 1706 1106 usque
1718 1067 1768 1098 vix
1778 1076 1852 1107 pos-

1062 1115 1123 1145 sint
1136 1115 1253 1147 ieiunia
1266 1115 1448 1155 quotidiana
1467 1115 1605 1146 diﬂ‘erre.
1621 1117 1695 1147 Post
1708 1116 1784 1148 haec
1797 1117 1850 1148 ad-

1062 1164 1106 1195 dit
1122 1174 1128 1194 :
1146 1176 1160 1193 «
1179 1166 1280 1205 Super
1302 1174 1363 1205 qua
1388 1175 1421 1197 re.
1445 1165 1575 1205 pulchre
1591 1166 1686 1197 abbas
1699 1167 1849 1197 Macarius

1062 1215 1185 1246 cuidam
1200 1216 1430 1256 percunctanti,
1446 1225 1502 1248 cur
1515 1215 1598 1247 fame
1613 1216 1652 1247 ab
1667 1216 1745 1247 hora
1759 1217 1848 1249 tertia

1061 1267 1093 1297 in
1108 1275 1214 1297 eremo
1228 1267 1415 1306 pulsaretur,
1432 1267 1486 1306 qui
1503 1267 1536 1298 in
1555 1267 1710 1298 coenobio
1725 1267 1848 1298 hebdo-

1062 1315 1205 1346 madibus
1219 1316 1347 1355 integris
1361 1316 1566 1347 refectionem
1589 1325 1683 1356 saepe
1704 1321 1847 1348 contem-

1061 1374 1140 1397 nens
1161 1375 1225 1398 non
1241 1367 1389 1398 sensisset
1411 1366 1557 1403 esuriem,
1574 1367 1757 1406 respondit:
1772 1367 1849 1404 Quia

1061 1415 1164 1446 nullus
1174 1415 1225 1447 hic
1236 1419 1283 1446 est
1294 1416 1405 1447 ieiunii
1419 1415 1463 1447 tui
1477 1416 1575 1453 testis,
1591 1415 1645 1456 qui
1658 1419 1689 1447 te
1703 1416 1768 1448 suis
1783 1417 1849 1448 lau-

1061 1464 1151 1496 dibus
1167 1466 1282 1496 nutriat
1296 1468 1390 1506 atque
1405 1469 1568 1502 sustentet,
1584 1466 1628 1498 ibi
1642 1470 1746 1497 autem
1762 1470 1792 1498 te
1803 1467 1849 1498 di-

1061 1515 1142 1555 gitus
1157 1515 1320 1547 hominum
1343 1519 1374 1547 et
1397 1516 1590 1548 cenodoxiae
1613 1517 1742 1549 refectio
1763 1518 1848 1557 sagi-

222 1578 237 1594 «
254 1566 294 1598 de
307 1567 420 1607 spiritu
449 1567 679 1607 gastrimargiae
697 1579 711 1595 ι)
727 1566 901 1606 inscripsit,
928 1566 1007 1598 haec
1020 1565 1043 1594 ϐ
1059 1566 1152 1597 nabat
1163 1566 1217 1607 (8).
1232 1578 1246 1594 ››
1260 1566 1388 1597 Cuinam
1401 1566 1534 1597 Macario
1548 1575 1582 1597 ea
1599 1567 1762 1598 tribuenda
1773 1568 1847 1605 sint,

221 1617 314 1648 verba
327 1617 402 1648 facit
418 1626 425 1648 :
442 1629 458 1646 ι
470 1617 578 1648 Adhuc
592 1626 691 1648 unum
706 1617 789 1648 beati
799 1617 922 1648 Macarii
937 1626 1009 1657 pro—
1058 1624 1123 1646 non
1138 1620 1185 1651 est
1198 1616 1380 1648 indicatum.
1396 1616 1526 1656 Utrique
1542 1620 1720 1648 nostrorum
1736 1626 1848 1658 reapse

220 1668 319 1699 fertur
329 1668 420 1699 nobis
435 1667 568 1699 salutare
582 1667 775 1705 mandatum,
789 1675 852 1707 quo
867 1667 1008 1699 libellum
1058 1667 1176 1706 optime
1191 1667 1393 1698 conveniunt.
1414 1667 1479 1698 Nec
1502 1666 1652 1698 dubitavit
1673 1667 1846 1700 Tillemon-

221 1717 408 1749 ieiuniorum
427 1721 458 1748 et
479 1717 691 1748 continentiae
715 1717 792 1748 tanti
811 1717 869 1748 viri
886 1717 1010 1748 claudat

221 1767 441 1798 sententia.lta
466 1767 569 1807 inquit
596 1767 712 1802 debere
725 1766 915 1798 monachum
929 1767 1009 1798 iciu-

221 1819 282 1850 niis
301 1827 429 1860 operam
453 1819 538 1857 dare,
563 1823 598 1850 ut
619 1821 745 1850 centum
767 1818 857 1849 annis
876 1818 911 1848 in
935 1827 1007 1849 cor-

222 1878 300 1910 pore
316 1872 593 1906 commoraturum,
608 1869 650 1900 ita
664 1871 768 1899 motus
778 1867 873 1899 animi
890 1867 1007 1899 refrae-

224 1929 300 1954 nare
315 1923 347 1952 et
359 1920 543 1952 iniuriarum
557 1918 711 1956 oblivisci,
726 1918 928 1957 tristitiaeque
956 1927 1009 1949 re-

222 1971 479 2012 spuere,dolores
489 1978 617 2011 quoque
625 1979 661 2002 ac
672 1969 857 2001 detrimenta
870 1971 996 2000 contem
1006 1988 1008 1991 -

222 2031 309 2058 nere.
327 2025 477 2061 tanquam
503 2020 644 2061 quotidie
667 2019 865 2051 moriturum.
890 2019 926 2049 In
953 2018 1008 2048 illo

222 2080 358 2112 namque
375 2071 460 2102 utilis
481 2074 528 2102 est
549 2069 753 2110 prudensque
772 2068 931 2105 discretio,
953 2076 1008 2099 ae-

221 2121 306 2161 quali
320 2121 508 2153 monachum
530 2119 723 2151 districtione
744 2118 864 2150 faciens
883 2126 1010 2158 semper

1057 1716 1129 1753 tius,
1153 1725 1190 1747 ea
1212 1717 1345 1748 Macario
1366 1717 1520 1757 Aegyptio
1543 1716 1733 1755 adiudicare,
1758 1718 1847 1750 cuius

1057 1767 1161 1796 tamen
1177 1765 1222 1796 rei
1238 1765 1392 1796 rationem
1407 1774 1471 1797 non
1482 1765 1601 1797 addidit
1616 1765 1669 1806 (9).

1097 1816 1175 1846 Tum
1190 1815 1368 1847 Collationis
1389 1817 1541 1857 septimae
1555 1817 1668 1857 capite,
1688 1816 1774 1858 quod
1795 1818 1847 1850 in-

1058 1864 1203 1895 scribitur
1228 1877 1241 1893 α
1268 1866 1311 1896 De
1335 1866 1507 1898 tentatione
1531 1867 1652 1898 abbatis
1674 1867 1807 1907 Moysis,
1831 1880 1846 1896 ι

1059 1915 1193 1946 Serenus
1207 1915 1302 1946 abbas
1318 1916 1360 1946 ita
1381 1916 1520 1956 loquitur
1536 1925 1543 1946 :
1558 1928 1573 1945 (ι
1590 1918 1752 1949 Secundus
1772 1927 1846 1950 vero

1059 1973 1154 2003 quem
1166 1965 1301 1996 diximus
1311 1967 1343 1996 in
1353 1966 1411 1997 hac
1423 1975 1530 1998 eremo
1541 1971 1768 1999 commoratum
1783 1969 1847 2006 [ab-

1059 2013 1114 2044 bas
1130 2011 1275 2053 Moyses],
1301 2024 1373 2046 cum
1394 2015 1463 2056 ipse
1479 2025 1608 2057 quoque
1631 2017 1798 2057 singularis
1816 2022 1847 2050 et

1057 2063 1311 2104 incomparabilis
1331 2066 1378 2097 vir
1394 2069 1486 2103 esset,
1509 2067 1550 2098 ob
1567 2067 1846 2108 reprehensionem

1060 2113 1152 2145 unius
1167 2115 1332 2152 sermonis,
1350 2124 1444 2155 quem
1459 2118 1568 2147 contra
1581 2117 1725 2148 abbatem
1743 2119 1845 2149 Maca-

220 2171 379 2209 incedere,
394 2179 453 2202 nec
467 2170 651 2211 permittens
664 2170 723 2200 sub
738 2168 903 2200 occasione
917 2167 1007 2200 debi-
1059 2163 1139 2195 rium
1152 2164 1315 2205 disputans
1327 2165 1422 2205 paulo
1435 2165 1544 2196 durius
1558 2166 1698 2206 protulit,
1710 2167 1843 2206 quadam

221 2220 298 2253 litati
326 2222 468 2269 cprporis
494 2220 534 2252 de
565 2219 671 2251 arduis
699 2219 738 2250 ad
771 2218 1007 2259 perniciossima
1023 2240 1044 2267 ο
1059 2214 1177 2245 scilicet
1196 2215 1348 2254 Opinione
1358 2219 1556 2269 praeventus,
1569 2219 1631 2246 tam
1645 2216 1713 2248 diro
1732 2216 1845 2248 confe~

221 2260 393 2313 praerupta
403 2270 539 2308 devolvi;
554 2270 587 2301 in
603 2270 664 2301 hoc
680 2277 754 2301 vero
771 2269 1007 2307 magnanimitas
1023 2260 1043 2267 ”
1058 2266 1129 2297 stim
1140 2269 1187 2297 est
1197 2266 1327 2297 traditus
1338 2260 1536 2303 daer'noni,ut
1550 2266 1702 2298 humanas
1715 2267 1847 2305 egestio-

221 2320 376 2358 salutaris,
391 2329 472 2360 quae
482 2321 592 2357 valeat,
609 2328 674 2351 non
687 2319 789 2350 solum
804 2327 885 2359 quae
901 2318 1009 2349 viden-
1056 2316 1288 2353 nesorisuo,ab
1296 2325 1334 2348 eo
1341 2317 1784 2357 suppletus,ingereret.Qu0d
1792 2318 1846 2348 ﬂa-

223 2374 273 2402 tur
285 2379 437 2411 prospera
455 2371 563 2402 mundi
580 2369 752 2410 praesentis
765 2369 938 2408 despicere,
952 2377 1007 2399 ve-
1057 2367 1172 2407 gellum
1183 2367 1377 2407 purgationis
1386 2368 1483 2407 gratia
1493 2376 1527 2398 se
1533 2368 1682 2398 Dominus
1689 2367 1842 2404 intulisse,

222 2429 290 2450 rum
305 2420 398 2451 etiam
411 2419 547 2450 adversis
558 2419 760 2458 tristibusque
771 2427 836 2449 non
850 2417 963 2456 frangi,
978 2419 1010 2448 et
1056 2426 1097 2448 ne
1107 2417 1224 2448 scilicet
1234 2417 1266 2447 in
1277 2426 1316 2448 eo
1326 2418 1373 2449 vel
1386 2417 1596 2448 momentanei
1607 2417 1711 2448 delicti
1723 2417 1844 2449 macula

222 2478 258 2501 ea
272 2470 355 2501 velut
371 2478 463 2510 parva
479 2469 626 2509 nullaque
641 2473 854 2506 contemnere,
869 2468 933 2500 illic
948 2467 1005 2499 ha-

258 2575 296 2609 (ι)
308 2574 350 2602 cr.
363 2582 390 2610 p.
408 2573 457 2601 ιιι-ι
474 2581 516 2604 sq.

256 2621 295 2656 (2)
308 2619 350 2648 Cl'.
363 2620 433 2647 intra
445 2619 532 2653 Caput
544 2616 577 2643 IX
590 2616 603 2652 §
615 2617 659 2644 45.

170 2687 173 2690 -
258 2667 296 2700 (ὅ)
306 2665 348 2693 (ιι.
359 2665 528 2700 propositum
542 2662 650 2690 Macarii
661 2661 776 2689 Romam
787 2659 907 2689 abeundi
922 2666 1005 2694 supra

223 2721 250 2748 p.
261 2712 305 2740 73.
323 2712 356 2740 99
371 2719 413 2747 sq.

257 2759 295 2793 (4)
307 2758 348 2786 (ιι.
364 2757 378 2794 §
395 2758 428 2784 14
441 2766 467 2793 p.
479 2757 513 2784 47
526 2764 598 2791 sqq..
621 2755 747 2782 Cassian.
759 2754 828 2781 Coll.
844 2752 891 2780 XV
906 2761 967 2789 cap.
981 2754 1007 2787 3,

222 2803 344 2831 Cassiani
366 2802 435 2838 Opp.
461 2803 505 2830 ed.
531 2801 598 2829 Gaz.
614 2799 714 2836 p.468,
738 2799 824 2834 Migne
850 2798 952 2826 Patrol.
975 2799 1007 2826 Τ,

223 2848 302 2876 xux
319 2857 343 2884 p.
363 2848 425 2876 993.

258 2895 296 2930 (5)
311 2895 380 2923 Coll.
409 2893 466 2921 XIV
486 2901 546 2928 cap.
563 2892 590 2924 Δ,
605 2891 729 2919 Cassiani
744 2889 812 2925 Opp.
828 2891 869 2918 ed.
893 2890 958 2917 Gaz.
982 2899 1008 2925 p,

1059 2467 1220 2504 resideret,
1235 2467 1398 2499 velocitate
1412 2467 1581 2499 curationis
1594 2467 1660 2498 eius
1676 2470 1770 2506 atque
1785 2475 1844 2498 au-

1056 2570 1118 2602 630,
1131 2570 1220 2606 Migne
1245 2579 1272 2606 p.
1286 2571 1355 2604 958;
1376 2570 1445 2598 Hist.
1459 2570 1541 2600 Laus.
1565 2571 1608 2598 ed.
1622 2570 1722 2599 .‘tlcurs.
1742 2579 1804 2606 cap.
1827 2573 1841 2599 7

1056 2616 1125 2652 Opp.
1142 2616 1243 2644 Meurs.
1265 2617 1282 2643 I.
1303 2616 1323 2643 l.
1338 2624 1364 2651 p.
1374 2616 1423 2643 757
1436 2616 1472 2643 cf.
1490 2623 1570 2650 supra
1582 2615 1595 2650 ᾗ
1605 2617 1641 2644 25
1653 2624 1678 2651 p.
1698 2617 1759 2644 105.

1092 2661 1129 2696 (6)
1142 2661 1178 2689 De
1190 2661 1383 2690 coenobiorum
1395 2661 1527 2688 institutis
1537 2661 1609 2688 lib.V
1619 2662 1663 2697 (de
1674 2662 1842 2698 spir.gastr.)

1055 2715 1115 2742 cap.
1128 2707 1293 2735 “Cassiani
1308 2707 1376 2742 Opp.
1389 2706 1432 2734 ed.
1444 2706 1509 2734 Gaz.
1520 2707 1619 2742 p.104,
1640 2707 1727 2743 Migne
1740 2716 1766 2743 p.
1778 2709 1842 2736 265.

1093 2753 1130 2789 (7)
1143 2753 1185 2780 Cl‘.
1207 2761 1289 2788 supra
1305 2753 1374 2789 με).

1093 2799 1131 2834 (8)
1141 2799 1210 2827 Coll.
1226 2799 1248 2827 V
1265 2807 1325 2834 cap.
1339 2800 1372 2826 12
1384 2798 1507 2826 Cassiani
1517 2799 1585 2834 Opp.
1601 2801 1646 2828 ed.
1660 2800 1725 2828 Gaz.
1738 2809 1765 2838 p.
1778 2799 1842 2829 289.

1094 2845 1132 2880 (9)
1145 2845 1287 2873 Mcmoires
1307 2845 1338 2872 τ.
1355 2844 1411 2872 γιιι
1425 2844 1456 2872 r.
1468 2844 1500 2871 ιιι
1514 2854 1538 2881 p.
1555 2846 1618 2874 985.
