2060 3153
217 142 269 170 123

616 141 667 170 SS.
687 140 913 169 MACARIOIIUM
941 140 1098 169 AEGYPTII
1116 140 1160 167 ET
1186 139 1416 167 ALEXANDIIINI

1775 137 1828 164 128

210 201 296 229 ctore
312 196 442 228 remedii
451 197 683 228 demonstravit.
695 198 771 228 Nam
782 198 930 229 continuo
944 197 998 228 ab-
1010 200 1034 228 A
1047 197 1206 235 ingressus
1219 200 1277 234 est,
1290 197 1341 228 die
1355 195 1527 228 secundum
1541 194 1585 232 id,
1600 193 1686 234 quod
1699 201 1829 233 compe-

210 247 282 278 bate
296 248 429 278 Macario
440 247 472 277 in
487 247 626 278 oratione
641 247 795 278 submisso
817 247 896 282 130
913 247 997 277 dicto

211 298 302 328 citius
316 306 452 336 nequam
471 297 598 336 spiritus
616 297 656 327 ab
671 305 709 327 eo
728 296 852 335 fugatus
870 296 997 327 absces-

212 347 252 377 sit
267 346 320 385 (,1).
339 358 352 374 ι)
369 346 448 381 Quin
476 345 628 376 Macarius
653 345 823 385 Aegyptius
841 344 997 384 intelliga-

211 400 273 432 tur,
286 395 336 426 vix
353 395 483 426 dubium
497 399 559 431 est;
574 403 646 425 nam
657 396 780 434 Moyses
794 394 890 425 abbas
903 402 997 433 egre-

212 446 280 484 gius
301 446 398 476 Scetis
413 444 586 476 monachus
610 444 668 475 fuit
683 444 735 484 (2).
762 444 849 480 Quod
865 449 896 475 et
912 446 997 484 Apo-

213 496 414 536 plithegmata
429 504 445 526 a
466 495 620 526 Cotelerio
636 495 718 525 edita
730 494 947 534 comprobant,
962 494 998 524 in

212 546 326 586 quibus
339 546 416 584 legis
432 555 438 576 :
456 558 469 573 «
492 547 614 584 Moyses
632 545 727 576 abbas
747 544 878 575 Macario
895 543 998 574 abbati

210 596 244 626 in
257 597 338 626 Sceti
353 605 359 625 :
372 596 460 632 Volo,
476 595 589 635 inquit,
604 604 674 625 cum
693 595 799 634 quiete
819 602 854 625 ac
872 593 997 624 silentio

213 645 325 679 vivere.
352 654 409 675 nec
432 645 538 675 sinunt
559 653 610 675 me
633 644 753 675 fratres.
778 644 832 674 Cui
848 644 998 674 Macarius

211 695 307 726 abbas
330 694 490 734 respondit
513 694 633 724 :Video
656 698 687 724 te
711 693 826 724 indolis
848 692 998 724 mollioris

213 753 293 780 esse,
317 753 375 774 nec
391 752 483 783 posse
498 743 624 774 fratrem
641 751 657 773 a
673 746 704 773 te
724 738 878 778 avertere;
894 741 949 772 sed
972 742 999 772 si

213 792 370 824 desideras
384 793 519 832 quietam
538 793 641 828 vitam,
659 792 857 832 proﬁciscere
873 791 912 822 ad
927 799 998 822 ere-

212 851 310 879 mum,
325 843 419 879 intro,
435 843 468 873 in
482 845 567 882 petra
589 842 694 882 quiete
717 841 823 880 deges.
840 842 923 872 Fecit
937 841 996 879 igi-

212 895 263 921 tur
279 891 338 922 hoc
359 895 389 921 et
405 890 584 930 conquievit
614 890 667 930 (3).
693 901 707 917 n
723 890 886 920 Praeterea
901 888 996 918 Tille-

213 941 349 971 montius
363 940 447 971 illam
461 940 576 979 Moysis
590 939 709 970 abbatis
723 939 915 969 sanationem
932 939 996 968 Ma-

213 991 297 1021 cario
323 990 474 1030 Aegyptio
499 989 566 1020 sine
592 989 655 1020 ulla
680 988 884 1019 haesitatione
909 988 997 1019 attri-

214 1040 282 1070 buit
298 1039 350 1080 (4).

253 1090 383 1120 Ultimus
401 1089 536 1129 denique
550 1088 686 1120 Cassiani
700 1088 788 1119 locus
802 1087 841 1118 de
859 1086 998 1118 Macariis

213 1141 326 1171 nostris
348 1140 379 1170 in
395 1139 563 1170 Collatione
578 1138 724 1177 vigesima
747 1140 856 1177 quarta
875 1137 996 1167 inveni-

212 1195 273 1224 tur,
292 1190 346 1220 ubi
369 1189 493 1220 Macarii
516 1188 621 1219 fabula
646 1188 685 1218 ab
709 1187 862 1218 Abraham
886 1186 997 1217 abbate

212 1244 333 1271 narrata
348 1239 426 1270 haec
446 1241 493 1269 est
509 1247 515 1268 :
533 1250 547 1266 α
568 1238 646 1268 Nam
660 1236 745 1276 quod
769 1235 846 1267 alios
868 1244 997 1275 quoque

212 1291 328 1321 salvare
348 1298 402 1320 vos
424 1296 516 1328 posse
540 1286 712 1323 conﬁditis,
737 1289 768 1317 et
792 1294 847 1326 spe
872 1285 998 1316 maioris

212 1339 290 1370 lucri
303 1339 341 1369 ad
359 1337 551 1369 revisendam
571 1337 700 1376 patriam
714 1335 877 1377 festinatis,
894 1334 997 1365 audite

213 1390 306 1420 etiam
324 1395 419 1427 super
432 1387 492 1416 hoc
508 1386 665 1425 quandam
680 1385 798 1416 abbatis
813 1384 935 1415 Macarii
949 1384 996 1414 fa—

213 1439 316 1469 bulam
341 1436 564 1467 iucundissime
586 1439 678 1474 atque
701 1434 860 1474 aptissime
883 1434 996 1472 ﬁgura—

212 1492 286 1523 tam,
302 1494 395 1525 quam
411 1488 441 1515 et
457 1484 508 1514 ille
530 1483 654 1514 cuidam
669 1483 822 1514 similibus
835 1482 997 1513 desideriis

1047 250 1139 284 rerat,
1149 246 1188 277 ab
1200 255 1394 287 unoquoque
1408 245 1585 277 mercedem
1600 244 1649 275 sui
1662 244 1768 284 operis
1781 251 1830 274 re-

1047 297 1192 337 cepisset,
1207 297 1246 328 ad
1256 305 1417 337 vesperam
1432 305 1465 328 se
1478 296 1586 327 videns
1597 294 1744 334 grandem
1759 293 1831 324 soli-

1047 346 1159 378 dorum
1175 356 1339 378 numerum
1354 346 1589 386 conquisivisse,
1606 344 1644 376 ad
1666 343 1829 375 macellum

1046 396 1145 427 laetus
1158 396 1303 434 intendit,
1319 405 1406 427 escas
1421 395 1582 427 refectioni
1595 403 1669 425 suae
1684 402 1832 425 necessa—

1047 445 1108 476 rias
1123 449 1334 485 coempturus.
1353 446 1433 481 Quas
1448 454 1519 476 cum
1541 443 1696 483 coepisset
1717 451 1830 481 magno

1047 495 1217 526 solidorum
1231 496 1332 535 pretio
1342 503 1534 534 comparare,
1551 493 1697 532 expensis
1712 493 1742 522 in
1760 501 1831 532 per-

1047 545 1160 584 exiguo
1175 546 1258 576 victu
1278 545 1430 576 universis
1454 552 1533 584 quos
1556 543 1740 583 acquisierat
1754 542 1830 572 soli-

1048 593 1106 631 dis,
1123 603 1163 625 ne
1180 594 1274 625 unius
1293 594 1419 634 quidem
1437 593 1556 624 denarii
1573 592 1675 623 intulit
1696 592 1828 623 lucrum.

1047 644 1185 682 Cumque
1192 644 1234 674 ita
1242 643 1371 682 singulis
1379 642 1489 673 diebus
1497 642 1731 681 acquisitionem
1743 650 1828 671 suam

1047 692 1172 723 vidisset
1184 692 1310 730 insumi,
1323 695 1358 723 ut
1370 701 1434 723 non
1456 691 1556 722 solum
1572 691 1647 721 nihil
1664 691 1828 729 redigeret,

1048 742 1103 773 sed
1117 743 1167 773 vix
1180 743 1279 782 ipsam
1300 742 1498 782 quotidianae
1513 742 1701 773 substantiae
1718 750 1828 773 neces-

1048 793 1167 823 sitatem
1182 795 1287 833 posset
1306 793 1443 833 explere,
1460 792 1542 832 apud
1563 792 1764 832 semetipsum
1777 801 1828 822 re-

1048 841 1187 880 cogitans
1197 850 1203 871 :
1213 843 1371 879 Revertar,
1382 842 1494 881 inquit,
1505 841 1542 872 ad
1554 841 1705 872 civitatem
1716 850 1826 878 meam,

1046 891 1197 930 illumque
1211 895 1348 931 repetam
1362 892 1579 922 tenuissimum
1599 894 1774 929 quaestum,
1790 900 1829 922 ex

1048 949 1112 980 quo
1134 940 1211 971 mihi
1234 941 1355 981 expleta
1378 941 1463 972 omni
1483 942 1625 981 corporis
1643 949 1727 977 cura,
1744 941 1829 980 quod

1047 989 1085 1020 ad
1097 991 1352 1021 sustentationem
1363 991 1530 1022 senectutis
1541 994 1742 1028 accresceret,
1753 999 1831 1031 quo-

1047 1039 1161 1071 tidiana
1183 1040 1385 1071 exuberantia
1409 1040 1600 1072 conferebat.
1620 1042 1707 1078 Quod
1724 1050 1831 1081 quam-

1047 1089 1093 1120 vis
1107 1099 1234 1130 parvum
1246 1090 1403 1121 videretur
1411 1094 1441 1121 et
1448 1095 1553 1128 tenue,
1564 1101 1627 1122 non
1641 1092 1830 1123 mediocrem

1047 1143 1151 1170 tamen
1162 1149 1313 1171 summam
1324 1141 1387 1180 iugi
1400 1141 1537 1180 pariebat
1547 1145 1724 1181 augmento.
1734 1143 1831 1178 Quae-

1047 1190 1183 1220 stuosior
1206 1190 1325 1230 quippe
1351 1190 1428 1220 mihi
1453 1190 1510 1221 fuit
1537 1191 1590 1222 ille
1613 1200 1828 1228 nummorum,

1048 1248 1141 1278 quam
1150 1240 1209 1270 iste
1224 1240 1395 1271 solidorum
1409 1240 1607 1279 imaginarius
1621 1244 1779 1280 quaestus,
1791 1250 1830 1272 ex

1047 1297 1110 1328 quo
1129 1298 1193 1320 non
1210 1290 1311 1321 solum
1334 1290 1411 1320 nihil
1436 1290 1595 1328 exuberat,
1612 1291 1697 1330 quod
1715 1300 1828 1322 recon-

1047 1340 1128 1376 dam,
1145 1340 1199 1370 sed
1213 1340 1304 1371 etiam
1320 1341 1370 1371 vix
1389 1342 1456 1382 ipsa
1471 1343 1645 1382 quotidiani
1658 1342 1756 1372 victus
1770 1350 1829 1372 ne-

1047 1390 1173 1420 cessitas
1196 1390 1374 1422 sustinetur.
1400 1393 1436 1422 Et
1460 1393 1576 1424 idcirco
1602 1393 1717 1424 rectius
1739 1392 1830 1423 nobis

1048 1443 1104 1476 est,
1124 1439 1206 1470 hunc
1223 1440 1398 1472 solitudinis
1412 1442 1505 1473 huius
1528 1443 1743 1474 tenuissimum
1767 1442 1831 1472 fru-

1048 1493 1130 1520 ctum
1152 1489 1310 1529 indirupta
1332 1491 1459 1530 iugitate
1474 1493 1595 1529 sectari,
1610 1502 1703 1532 quem
1726 1491 1829 1523 nullae

213 1535 366 1567 aestuanti
380 1534 566 1566 medicinam
586 1533 868 1573 opportunissimae
888 1541 995 1565 narra-

1047 1539 1220 1570 saeculares
1235 1549 1339 1578 curae,
1356 1541 1460 1572 nullae
1478 1543 1654 1574 mundanae
1670 1542 1831 1573 distentio-

213 1585 307 1616 tionis
317 1584 454 1622 ingessit.
466 1584 548 1620 Erat,
560 1583 672 1623 inquit,
683 1583 716 1613 in
727 1583 848 1614 civitate
862 1583 997 1622 quadam

213 1634 418 1675 peritissimus
432 1639 550 1670 tonsor,
563 1633 618 1672 qui
628 1632 762 1663 denariis
778 1632 874 1663 ternis
885 1640 998 1663 unum-

213 1692 371 1725 quemque
386 1682 572 1719 detondens,
592 1685 720 1713 tenuem
741 1681 897 1722 vilemque
912 1690 996 1712 mer-

213 1734 322 1766 cedem
346 1734 393 1764 sui
418 1734 522 1773 operis
539 1731 741 1772 acquirendo,
758 1740 796 1762 ex
811 1731 868 1762 hac
887 1731 1011 1762 eadem.

213 1784 383 1824 quantitate
395 1782 569 1814 necessaria
581 1790 638 1813 suo
649 1781 741 1812 victui
753 1781 893 1821 quotidie
908 1789 996 1812 com-

213 1833 351 1874 parabat,
376 1837 564 1872 centumque
587 1832 732 1863 denarios
765 1831 887 1872 expleta
910 1831 996 1862 omni

212 1883 354 1923 corporis
378 1891 451 1913 cura
475 1881 634 1921 marsupio
656 1889 713 1912 suo
736 1880 845 1911 diebus
867 1879 996 1919 singulis

211 1932 375 1963 inferebat.
392 1931 451 1962 Sed
471 1940 542 1962 cum
557 1931 769 1962 indesinenter
782 1930 866 1961 hunc
880 1929 997 1961 conde-

211 1987 259 2013 ret
273 1986 449 2022 quaestum,
465 1982 581 2013 audivit
594 1982 627 2012 in
642 1981 773 2021 quadam
789 1980 881 2019 longe
896 1981 996 2020 posita

213 2032 334 2062 civitate
345 2031 538 2071 singulorum
554 2031 725 2062 solidorum
741 2031 879 2069 singulos
893 2030 996 2061 homi-

213 2091 270 2113 nes
297 2082 418 2112 tonsori
445 2082 596 2121 praebere
624 2080 812 2111 mercedem.
847 2081 912 2116 Quo
943 2079 997 2110 ille

214 2135 374 2171 comperto
392 2140 398 2161 :
415 2131 567 2168 Quamdiu
587 2139 652 2168 ero,
669 2131 781 2170 inquit,
797 2129 854 2160 hac
872 2129 995 2160 mendi—

213 2181 304 2212 citate
320 2184 496 2217 contentus,
511 2184 546 2211 ut
563 2180 656 2211 trium
669 2180 868 2210 denariorum
883 2179 996 2218 stipem

213 2240 284 2262 cum
308 2231 415 2261 labore
442 2227 650 2270 conquiram,’
666 2239 762 2269 quum
794 2229 910 2269 possim
937 2228 993 2259 illo

212 2290 346 2322 pergens
368 2281 487 2320 ingenti
519 2280 690 2311 Solidorum
719 2284 849 2320 quaestu
873 2279 994 2310 divitias

212 2330 421 2369 congregare?
446 2332 554 2370 Itaque
577 2339 703 2361 sumens
725 2330 798 2361 artis
822 2329 898 2364 131
919 2337 994 2360 suae

212 2381 354 2421 protinus
382 2380 604 2417 instrumenta,
632 2380 779 2420 expensis
808 2379 842 2410 in
869 2382 993 2418 sumptu

212 2431 372 2467 omnibus,
398 2438 478 2469 quae
503 2429 553 2461 hic
576 2429 674 2461 multo
698 2433 840 2469 tempore
864 2429 994 2460 collecta

211 2483 356 2517 servarat,
379 2480 417 2510 ad
444 2480 554 2511 urbem
579 2480 663 2510 illam
686 2478 993 2519 quaestuosissimam

211 2538 282 2561 cum
291 2539 414 2561 summo
428 2530 534 2561 labore
551 2530 701 2570 pervenit.
714 2529 773 2560 Ubi
785 2538 857 2560 cum
872 2537 919 2566 ea,
931 2537 992 2568 qua

244 2649 282 2684 (I)
293 2649 361 2677 Coll.
371 2649 414 2676 VII
428 2657 489 2684 cap.
500 2649 533 2676 2'1
543 2649 666 2678 Cassiani
674 2649 743 2685 Opp.
752 2649 795 2678 ed.
811 2648 876 2676 Gaz.
890 2655 917 2683 p.
929 2647 993 2681 528,

211 2693 299 2728 Migne
313 2701 340 2727 ι).
357 2693 409 2720 706
424 2702 466 2728 sq.

246 2739 285 2773 (2)
297 2739 339 2766 cr.
357 2728 480 2767 Cassiani.
494 2740 564 2767 Coll.
583 2738 604 2767 I.

246 2784 411 2819 (5)Cotcler.
437 2784 509 2812 Eccl.
535 2785 631 2812 Graec.
655 2785 726 2812 Mon.
750 2784 782 2812 T.
807 2784 816 2811 I
845 2792 872 2820 p.
891 2784 942 2812 558
965 2792 992 2811 v.

211 2829 344 2856 Macarius
372 2831 511 2865 Aegyptius
532 2828 644 2865 §XXII;
657 2831 726 2858 infra
751 2832 778 2859 in
797 2830 990 2863 Imrquuae-

209 2877 328 2905 stionum
340 2877 493 2906 Aunendicc
517 2879 600 2904 altera
614 2879 665 2904 sub
677 2877 720 2904 IlI.

1047 1597 1113 1624 nes,
1127 1589 1209 1620 nulla
1217 1591 1409 1622 cenodoxiae
1424 1600 1459 1622 ac.
1475 1593 1614 1623 vanitatis
1627 1591 1750 1623 arrodat
1764 1590 1829 1622 ela-

1046 1639 1101 1676 tio,
1117 1639 1220 1671 nullae
1242 1640 1467 1673 sollicitudines
1486 1642 1616 1673 diurnae
1637 1641 1829 1673 necessitatis

1046 1688 1231 1720 imminuant
1260 1690 1311 1730 (5).
1332 1702 1345 1718 υ
1366 1691 1439 1722 Uter
1464 1692 1667 1722 Macariorum
1685 1692 1731 1723 vel
1752 1700 1829 1723 num

1047 1738 1176 1770 omnino
1198 1748 1280 1770 unus
1305 1749 1344 1771 ex
1365 1740 1403 1771 iis
1428 1741 1668 1780 pulcherrimam
1691 1741 1828 1773 fabulam

1046 1788 1210 1826 invenerit,
1227 1798 1292 1820 non
1306 1791 1445 1822 traditur.

1086 1852 1150 1882 Iam
1171 1853 1331 1884 recensitis
1353 1855 1487 1885 Cassiani
1501 1864 1627 1895 quoque
1643 1857 1828 1888 testimoniis

1047 1899 1143 1931 libros
1166 1901 1227 1932 νγ.
1254 1903 1311 1932 PP.
1336 1911 1353 1933 a
1377 1904 1538 1934 Rosweido
1565 1905 1675 1942 editos,
1693 1916 1826 1946 quorum

1047 1950 1214 1989 scriptores
1228 1954 1322 1991 atque
1336 1955 1467 1983 aetatem
1490 1953 1671 1991 ignoramus
1702 1955 1754 1995 (6),
1771 1964 1825 1986 ex—

1047 1999 1210 2030 cutiamus.

1296 2072 1373 2107 132
1393 2073 1513 2103 CAPUT
1531 2074 1582 2104 VI.

1047 2151 1263 2173 COLLECTIONIS
1294 2153 1531 2176 ROSWEIDIANAE
1559 2156 1649 2178 LIBER
1680 2158 1825 2186 TERTIUS,

1012 2207 1033 2234 Β
1087 2190 1232 2234 ουῐΝΤΡὸ,
1246 2191 1374 2220 SEXTUS,
1389 2193 1538 2217 SEPTIMUS
1553 2196 1690 2218 VITARUM
1703 2197 1828 2219 PATRUM

1086 2230 1124 2250 ET
1158 2229 1348 2253 SENTENTIAE
1382 2232 1507 2255 PATRUM
1537 2229 1755 2257 AEGYPTIORUM
1787 2236 1827 2258 DE

1085 2268 1209 2291 SANCTIS
1222 2270 1365 2293 MACARIIS
1378 2272 1529 2295 AEGYPTIO
1542 2274 1580 2296 ET
1594 2275 1826 2297 ALEXANDRINO.

1085 2330 1108 2366 §.
1127 2329 1175 2360 32.
1190 2330 1282 2362 Liber
1290 2333 1398 2364 tertius
1408 2334 1535 2365 VV.PP.
1544 2335 1735 2367 collectionis
1746 2338 1826 2367 Ros-

1044 2378 1212 2410 weidianae
1225 2381 1362 2413 sedecim
1381 2383 1525 2415 historias
1545 2385 1584 2416 de
1598 2387 1736 2417 Macariis
1749 2395 1826 2417 con-

1045 2428 1135 2460 tinet.
1151 2431 1283 2466 Quarum
1296 2437 1438 2472 quatuor,
1455 2435 1494 2466 de
1507 2435 1644 2473 homine,
1661 2437 1714 2476 qui
1724 2438 1827 2468 caedis

1047 2488 1130 2516 reus,
1147 2480 1225 2513 facta
1239 2492 1255 2514 a
1271 2485 1404 2516 Macario
1427 2489 1578 2527 Aegyptio
1601 2489 1655 2519 viri
1680 2489 1772 2520 occisi
1787 2490 1826 2520 ad

1044 2530 1137 2562 vitam
1166 2534 1375 2573 revocatione,
1396 2536 1542 2569 liberatus
1564 2542 1611 2569 est
1634 2539 1687 2580 (7),
1708 2540 1746 2571 de
1769 2549 1826 2572 uva

1075 2649 1113 2683 (4)
1133 2649 1274 2679 Mémoires
1288 2652 1319 2681 Τ.
1336 2653 1392 2681 VIII
1406 2654 1435 2682 P.
1454 2655 1485 2682 Ill
1498 2663 1523 2691 p.
1538 2657 1616 2686 I007.

1078 2694 1115 2728 (5)
1128 2695 1196 2723 Coll.
1222 2696 1305 2724 XXIV
1326 2706 1386 2734 cap.
1412 2700 1444 2728 13
1466 2701 1589 2729 Cassiani
1605 2702 1674 2738 Opp.
1699 2703 1743 2731 ed.
1757 2702 1822 2731 Gaz.

1042 2746 1069 2774 ιι.
1080 2740 1142 2772 618.
1159 2741 1246 2777 Migne
1260 2752 1287 2778 p.
1303 2744 1366 2771 I501
1385 2753 1427 2780 sq.

1073 2785 1111 2819 (6)
1129 2786 1170 2813 Cf.
1183 2795 1264 2822 supra
1278 2788 1291 2824 §
1304 2789 1338 2816 19
1351 2798 1377 2824 p.
1391 2791 1435 2817 54.

1080 2831 1119 2863 (7t
1134 2831 1188 2860 γν.
1201 2833 1242 2861 PP
1270 2833 1361 2862 Rosw.
1378 2835 1424 2862 lib.
1441 2835 1473 2863 III
1486 2836 1588 2871 cap.“
1605 2844 1632 2870 ῃ.
1644 2835 1707 2868 507,
1719 2837 1744 2864 ι.
