2060 3153
180 145 232 172 ηε

934 143 1049 173 VITAE.

1750 147 1801 175 ηδ

179 203 317 235 Macario
337 203 544 234 Alexandrino
559 204 652 235 missa
677 204 731 244 (1),
748 205 787 236 de
812 205 965 236 daemone
980 206 1003 234 Α
1019 203 1109 240 dicis,
1126 203 1200 243 quia
1207 212 1325 235 .omnes
1339 203 1415 235 mihi
1429 203 1575 235 contrarii
1588 197 1666 235 facti
1676 207 1758 242 sunt,
1773 210 1805 235 et

181 254 318 286 eundem
329 254 494 285 Macarium
506 254 545 285 ad
555 254 718 286 collectam
741 255 890 286 invitante
911 255 965 296 (2),

181 303 221 334 de
244 303 397 334 sententia
421 303 570 343 denique,
590 312 698 335 verum
721 305 910 337 monachum
933 306 967 337 in

180 353 340 392 arguendo
360 353 421 384 alio
445 362 604 393 nunquam
627 355 665 386 ad
686 355 876 387 iracundiam
897 366 966 388 mo-

181 403 256 439 veri,
272 404 327 434 sed
344 412 471 444 semper
483 413 552 435 sese
577 405 701 437 vincere
727 406 781 446 (3),
798 416 891 447 supra
912 416 967 439 co-

180 454 346 493 gnovimus
366 455 422 494 (4).
441 455 612 486 Duodecim
640 460 763 488 ceterae
785 457 844 488 hae
874 463 966 490 sunt:

219 515 233 532 α
250 504 354 535 Abbas
368 504 519 536 Macarius
533 505 786 546 quotiescunque
810 516 882 538 cum
905 508 968 540 fra-

177 553 279 584 tribus
293 553 375 585 facta
399 554 549 586 charitate
571 556 740 594 reﬁciebat,
761 557 822 589 hoc
837 559 869 589 in
892 568 968 599 pro-

179 603 249 643 prio
265 604 361 634 corde
386 608 545 642 statuerat,
567 609 602 636 ut
622 611 757 646 quantos
779 608 841 639 vini
857 610 970 641 calices

179 653 302 685 oblatos
315 653 482 691 hausisset,
496 656 590 686 tantis
605 656 715 688 diebus
737 667 796 689 nec
818 663 849 690 et
870 660 967 700 ipsam

178 712 293 744 aquam
309 707 446 743 gustaret
464 706 604 737 omnino.
619 707 694 738 Cum
718 717 793 748 ergo
808 709 837 740 ei
858 709 969 742 fratres

180 754 289 785 Vinum
312 755 519 794 porrigerent,
535 765 606 787 cum
631 759 745 797 gaudio
768 761 921 798 sumebat,
935 765 970 792 ut

182 808 294 845 postea
305 814 339 836 se
350 806 399 836 siti
413 812 595 838 maccraret.
608 809 694 845 Quod
711 819 782 841 cum
797 811 970 852 discipulus

1018 253 1122 284 nullus
1145 254 1223 284 meis
1251 255 1390 285 consiliis
1412 255 1593 294 acquiescit.
1617 255 1653 285 Et
1677 254 1751 286 dicit
1774 255 1805 286 ei

1019 311 1116 333 senex
1136 312 1143 333 :
1159 304 1241 342 Ergo
1260 304 1380 335 nullum
1403 304 1500 335 habes
1519 303 1673 336 amicum?
1691 307 1727 335 At
1751 303 1804 335 ille

1018 352 1180 392 respondit
1206 361 1212 382 :
1239 353 1341 384 Unum
1365 352 1465 384 habeo
1487 354 1633 390 amicum,
1660 354 1708 384 vel
1735 353 1804 394 ipse

1018 402 1174 433 consentit
1188 402 1277 440 mihi,
1295 407 1326 433 et
1342 404 1464 442 quoties
1477 412 1527 434 me
1540 404 1662 441 viderit,
1677 403 1739 434 huc
1755 409 1803 435 at-

1019 460 1080 491 que
1090 451 1163 483 illuc
1176 452 1237 483 cito
1248 453 1596 494 convertiturﬁumque
1608 462 1723 485 nomen
1735 455 1805 485 eius

1018 502 1057 533 ab
1067 511 1105 533 eo
1114 503 1336 542 requisivisset,
1344 503 1396 539 ait,
1405 503 1478 543 quia
1485 503 1719 544 Theopemptus
1729 504 1805 535 dici—

1018 556 1080 584 tur.
1091 553 1274 585 Discedente
1291 553 1345 584 illo
1357 562 1430 584 mox
1444 555 1576 584 surrexit
1593 555 1689 585 abbas
1700 556 1803 586 Maca-

1019 603 1085 634 rius
1095 606 1126 634 et
1133 603 1294 634 descendit
1304 603 1342 634 ad
1357 603 1539 634 inferiorem
1554 612 1704 634 eremum.
1715 604 1803 640 Quod

1020 660 1091 683 cum
1100 653 1271 684 audiissent
1280 652 1401 690 fratres,
1414 653 1530 693 egressi
1543 657 1615 684 sunt
1628 653 1671 684 illi
1683 654 1804 684 obviam

1022 705 1052 732 et
1066 703 1284 742 unusquisque
1299 711 1440 742 sperans,
1452 703 1537 742 quod
1554 703 1637 743 apud
1648 711 1681 733 se
1696 711 1807 733 mane-

1019 755 1078 788 ret,
1096 753 1290 792 praeparavit
1316 762 1361 783 se.
1384 755 1421 783 At
1443 753 1495 784 ille
1513 753 1676 792 requirens
1695 753 1805 784 cellam

1019 802 1269 842 TheOpemptiad
1277 812 1348 834 eum
1360 803 1518 843 profectus
1524 807 1580 834 est.
1588 804 1727 843 Cumque
1733 812 1805 834 cum

182 856 253 887 eius
266 856 434 893 didicisset,
451 857 605 897 patefacto
620 860 703 891 senis
723 861 867 899 consilio,
884 872 924 893 ne
940 863 969 894 ei
987 876 1008 904 Β
1021 853 1134 892 ἕᾶυάίο
1147 853 1235 885 illum
1249 854 1448 894 suscepisset:
1465 858 1494 884 θῖ
1509 857 1613 885 essent
1626 854 1750 894 “mque
1767 854 1811 884 εί·

184 906 290 937 vinum
311 907 520 946 porrigerent,
541 909 734 948 coniurabat,
751 914 904 945 tormenta
924 914 971 945 illi

185 957 289 996 potius
304 966 372 988 esse
387 967 481 998 quam
505 959 619 998 pocula
651 961 854 994 manifestans
883 964 936 1005 (5).
954 976 968 993 n

186 1007 270 1038 Idem
285 1007 319 1037 in
333 1007 413 1039 libro
429 1009 539 1048 quinto
555 1008 595 1050 (6)
610 1009 734 1049 legitur,
761 1015 793 1043 et
812 1021 923 1052 graece
937 1014 970 1045 in

186 1056 464 1096 Apophthegmatis
484 1067 500 1088 a
517 1059 670 1090 Cotelerio
685 1060 787 1098 editis,
804 1071 822 1093 a
836 1071 970 1102 quorum

184 1106 389 1146 compilatore
408 1107 447 1138 ad
472 1108 638 1139 Macarium
664 1111 850 1151 Aegyptium
872 1113 971 1145 refer-

185 1159 234 1186 tur
264 1156 319 1197 (7).
351 1157 412 1187 Pro
428 1167 443 1185 «
461 1157 710 1199 quotiescunque
734 1170 806 1192 cum
826 1162 973 1195 fratribus

184 1205 264 1237 facta
288 1205 438 1238 charitate
463 1208 633 1245 reﬁciebat,
652 1221 666 1237 π
686 1210 720 1241 in
739 1219 852 1249 graeco
880 1217 927 1244 est
948 1219 972 1245 ει

184 1259 332 1295 cemimus
354 1261 423 1295 μετὰ
446 1261 583 1297 ἀδελφῶν,
646 1259 680 1290 in
693 1260 774 1292 libro
790 1263 900 1302 quinto
915 1275 929 1291 α
947 1264 973 1295 Si

185 1306 306 1355 vacavit
320 1306 402 1338 inter
421 1306 544 1346 fratres,
562 1320 576 1337 ι
596 1318 693 1349 quare
707 1311 759 1342 illa
775 1312 840 1343 noli
856 1322 972 1355 perpe-

187 1365 252 1388 ram
275 1357 460 1397 intelligere.
477 1360 597 1391 Fratres
614 1361 712 1392 Sectis
728 1362 805 1397 133
829 1363 901 1396 vino
921 1374 972 1396 re-

186 1407 286 1439 fectos
313 1417 383 1439 esse
407 1417 424 1439 a
447 1409 714 1443 verisimilitudine
744 1413 906 1452 abhorret,
931 1415 974 1446 ita

188 1459 221 1487 ut
246 1457 279 1487 in
300 1457 476 1495 itineribus,
503 1467 584 1502 quae
606 1460 755 1491 Macarius
771 1461 810 1492 ad
834 1461 972 1493 invisen-

187 1506 245 1538 dos
266 1507 376 1538 fratres
409 1508 568 1540 interdum
600 1509 732 1542 faciebat
756 1510 810 1552 (8),
834 1511 867 1542 id
889 1513 973 1544 acci-

187 1556 268 1588 disse
293 1557 479 1588 existimem.

227 1619 242 1635 «
258 1607 360 1638 Abbas
371 1608 522 1640 Macarius
541 1609 615 1640 dum
629 1610 662 1641 in
678 1610 731 1642 illa
745 1611 924 1649 solitudine,
939 1613 972 1644 in

187 1665 249 1696 qua
263 1658 348 1689 solus
360 1662 437 1695 erat,
453 1663 603 1697 maneret,
620 1661 750 1692 inferior
762 1665 864 1693 autem
880 1662 973 1702 plena

188 1711 269 1738 esset
283 1709 388 1740 multis
403 1708 559 1746 fratribus,
581 1719 652 1742 sero
668 1720 726 1751 per
742 1711 821 1742 viam
837 1712 972 1744 circum—

187 1758 349 1797 spiciebat,
376 1762 406 1790 et
428 1759 504 1790 vidit
529 1760 715 1791 daemonem
740 1762 915 1794 venientem
940 1763 973 1794 in

188 1808 285 1847 ﬁgura
300 1809 448 1846 hominis,
465 1810 609 1841 vestitum
632 1811 737 1842 tunica
760 1811 842 1843 linea
865 1812 973 1853 perfo-

188 1862 264 1895 rata,
287 1861 317 1889 et
339 1867 396 1898 per
419 1860 541 1899 singula
564 1860 717 1891 foramina
739 1862 862 1893 vascula
880 1871 974 1902 parva

188 1907 421 1947 dependebant.
444 1909 481 1939 Et
495 1909 572 1940 dixit
590 1909 634 1940 illi
650 1918 747 1941 senex
765 1919 771 1937 :
792 1912 858 1948 Quo
875 1912 972 1947 vadis.

188 1957 343 1997 maligne?
351 1959 387 1988 Et
400 1959 562 1999 respondit
573 1960 616 1990 ei:
628 1959 715 1991 Vado
727 1969 923 1993 commovere
931 1961 972 2003 (9)

188 2007 298 2039 fratres
311 2008 380 2045 hos,
393 2009 448 2049 qui
465 2013 538 2040 sunt
549 2009 690 2040 inferius.
702 2010 756 2041 Cui
766 2018 862 2041 senex
876 2011 952 2043 dixit
965 2021 971 2043 :

189 2057 226 2088 Et
239 2061 371 2098 propter
387 2058 462 2098 quid
474 2062 520 2089 tot
534 2059 658 2090 vascula
668 2058 731 2090 fers
741 2058 864 2090 tecum?
877 2062 913 2091 At
922 2060 975 2092 ille

189 2107 267 2138 dixit
289 2117 296 2139 :
314 2109 444 2139 Gustum
465 2109 532 2140 fero
560 2108 720 2146 fratribus,
746 2112 776 2140 et
796 2109 868 2141 ideo
891 2113 975 2142 tanta

189 2159 268 2196 fero,
280 2162 324 2196 ut,
336 2160 362 2190 si
375 2168 472 2190 unum
486 2158 689 2198 displicuerit,
704 2160 865 2190 ostendam
878 2160 974 2198 aliud,

190 2212 221 2239 et
235 2209 261 2239 si
280 2208 356 2239 illud
370 2218 433 2240 non
449 2209 560 2249 placet,
576 2209 732 2249 porrigam
748 2209 846 2247 aliud;
864 2213 895 2241 et
908 2211 974 2241 ﬁeri

190 2267 254 2290 non
270 2262 384 2299 potest,
395 2259 456 2290 nisi
467 2268 564 2290 unum
576 2268 614 2290 ex
623 2259 700 2299 ipsis
714 2259 840 2300 aliquod
855 2261 977 2300 placeat

189 2310 238 2341 iis.
252 2311 290 2341 Et
303 2310 381 2341 haec
389 2310 504 2341 dicens
519 2310 670 2341 discessit.
685 2310 858 2341 Permansit
872 2314 976 2342 autem

190 2369 286 2392 senex
300 2361 415 2392 iterum
429 2360 508 2391 viam
529 2361 795 2401 circumspiciens,
810 2369 977 2400 usquequo

191 2411 317 2449 rediret,
339 2415 382 2449 et,
407 2419 478 2442 cum
503 2410 630 2448 rediret,
655 2411 730 2443 dicit
752 2411 805 2442 ei:
828 2411 974 2443 Salverisl

190 2461 269 2494 Dicit
291 2465 321 2493 et
342 2461 396 2492 ille
421 2470 427 2492 :
453 2461 616 2497 Quomodo
638 2461 722 2492 istud
745 2461 822 2492 mihi
847 2462 973 2492 verbum

224 2574 262 2610 (l)
276 2573 332 2601 VV.
345 2574 397 2601 PP.
413 2572 522 2601 Rosow.
540 2573 586 2599 lib.
602 2572 636 2600 Ill
650 2580 710 2608 cap.
724 2572 760 2600 42
769 2580 798 2608 p.
817 2572 880 2605 507,
897 2572 925 2599 2.

222 2621 260 2655 (2)
274 2620 340 2647 Ibid.
355 2627 414 2655 cap.
427 2619 462 2646 45
481 2627 508 2654 p.
521 2617 630 2650 50732.

227 2667 266 2702 (3)
282 2666 349 2694 Ibid.
361 2674 421 2702 cap.
436 2666 469 2694 s7
487 2674 512 2700 p.
537 2665 599 2698 515,
613 2666 641 2693 ιι.

226 2712 406 2749 (censes
419 2720 445 2747 p.
460 2711 521 2739 HO.
546 2710 722 2746 113.§24p.
744 2710 797 2738 103
813 2718 856 2746 sq.
872 2710 886 2746 ς
901 2709 976 2746 28p.

193 2760 243 2786 Ηϐ
257 2767 300 2794 sq.
320 2759 343 2794 ᾗ.
365 2759 397 2786 l7
413 2766 439 2794 p.
454 2758 488 2785 65
501 2765 544 2792 sq.

225 2806 263 2841 (5)
276 2805 343 2840 Cap.
356 2805 417 2832 55L
432 2804 450 2832 l.
467 2813 493 2840 p.
505 2803 567 2837 ὃθεν,
586 2803 608 2830 t.

224 2851 262 2886 (6)
276 2849 332 2877 νγ.
347 2849 400 2876 ΡΡ.
410 2848 502 2876 Rosw.
516 2849 562 2876 lib.
575 2847 597 2874 V
610 2847 691 2875 libell.
706 2846 734 2879 4,
746 2847 782 2874 26
796 2854 821 2882 p.
837 2847 900 2880 569,
911 2846 938 2874 2.

228 2896 267 2932 (7)
277 2895 397 2923 Coteler.
413 2894 485 2922 Eccl.
504 2893 596 2922 Graec.
628 2892 697 2921 “0n.
718 2891 750 2919 Τ.
770 2892 779 2920 l
795 2901 820 2928 p.
838 2892 889 2920 535
904 2901 926 2921 ε.
949 2901 972 2919 v.

1020 904 1086 935 mul
1097 905 1252 942 soli,dixit
1262 905 1290 936 ei
1299 914 1393 936 senex
1405 915 1410 935 :
1423 905 1691 941 Quemadmodum
1704 907 1750 935 est
1762 907 1809 936 te-

1020 963 1103 992 cum,
1120 954 1184 986 ﬁli?
1198 957 1235 986 At
1255 954 1308 986 ille
1327 955 1489 995 respondit
1507 965 1513 985 :
1530 955 1726 986 Orationibus
1746 954 1808 985 tuis

1019 1005 1102 1036 bene
1120 1015 1199 1036 sum.
1219 1007 1256 1036 Et
1273 1006 1316 1037 ait
1338 1014 1434 1037 senex
1453 1014 1459 1036 :
1482 1006 1551 1036 Non
1570 1009 1600 1036 te
1624 1005 1808 1045 impugnaut

1020 1055 1253 1095 cogitationes?
1290 1058 1328 1087 At
1358 1055 1411 1087 ille
1456 1055 1650 1096 respondit:
1685 1056 1808 1086 Interea

1019 1105 1100 1136 bene
1135 1114 1214 1137 sum.
1246 1106 1458 1138 Erubescebat
1492 1106 1575 1136 enim
1614 1105 1731 1136 dicere.
1770 1105 1808 1134 Et

1020 1155 1099 1186 dixit
1127 1156 1156 1187 ei
1193 1165 1290 1188 senex
1315 1157 1420 1188 :Ecce
1456 1160 1533 1196 quot
1567 1165 1667 1187 annos
1692 1164 1760 1186 sum
1774 1155 1808 1186 in

1021 1206 1201 1244 solitudine,
1217 1211 1248 1238 et
1262 1207 1301 1238 ab
1316 1207 1462 1238 omnibus
1476 1206 1627 1243 honoror,
1645 1209 1676 1237 et
1696 1206 1729 1236 in
1750 1205 1809 1237 hac

1021 1260 1133 1293 aetate,
1146 1266 1217 1288 cum
1227 1257 1285 1288 sim
1295 1265 1403 1294 senex,
1414 1256 1581 1287 molestam
1597 1255 1676 1292 134
1689 1264 1740 1286 me
1751 1263 1808 1287 co-

1022 1308 1187 1346 gitationes
1213 1316 1312 1339 meae.
1338 1307 1512 1347 Respondit
1538 1306 1774 1346 Theopemptus
1799 1315 1807 1336 :

1022 1357 1120 1389 Crede
1145 1357 1233 1394 mihi,
1252 1357 1342 1394 abba,
1358 1357 1431 1397 quia
1452 1356 1594 1388 similiter
1615 1360 1645 1387 et
1659 1356 1736 1387 mihi
1760 1356 1810 1387 fa-

1023 1407 1120 1439 ciunt.
1136 1409 1223 1439 Tunc
1237 1416 1332 1439 senex
1347 1407 1485 1446 singulas
1500 1407 1704 1446 cogitationes
1720 1407 1810 1446 quasi

1023 1467 1058 1489 se
1072 1459 1293 1498 impugnantes
1312 1458 1457 1497 ﬁngebat,
1469 1466 1634 1497 usquequo
1646 1461 1746 1488 totum
1764 1457 1810 1488 illi

1023 1508 1259 1549 Theopemptus
1272 1509 1483 1539 conﬁteretur.
1496 1509 1569 1539 Post
1581 1507 1657 1539 haec
1668 1508 1744 1538 dixit
1758 1508 1807 1543 ei:
1857 1536 1861 1542 ,

986 1557 1010 1588 C
1024 1558 1292 1595 Quemadmodum
1302 1558 1443 1590 ieiunas?
1453 1559 1488 1589 At
1499 1558 1550 1589 ille
1564 1558 1638 1589 dicit
1649 1558 1678 1589 ei
1688 1567 1694 1588 :
1704 1559 1810 1599 Usque

1023 1608 1062 1639 ad
1077 1617 1202 1639 nonam.
1220 1608 1273 1639 Cui
1290 1616 1386 1639 senex
1401 1608 1443 1638 ait
1458 1608 1581 1648 :Usque
1596 1607 1634 1638 ad
1647 1616 1810 1648 vesperam

1022 1658 1140 1696 ieiuna,
1158 1661 1189 1689 et
1203 1658 1242 1689 de
1257 1657 1424 1697 Evangelio
1443 1657 1491 1688 vel
1506 1658 1545 1689 de
1564 1658 1632 1688 aliis
1643 1657 1811 1698 Scriptus-is

1023 1709 1091 1740 sine
1108 1709 1280 1741 cessatione
1303 1718 1428 1749 semper
1451 1708 1568 1749 aliquid
1589 1708 1755 1746 meditare;
1780 1712 1812 1741 et

1024 1759 1148 1799 quoties
1160 1759 1216 1790 tibi
1229 1759 1333 1799 aliqua
1351 1758 1513 1790 immunda
1536 1758 1683 1798 cogitatio
1698 1767 1810 1798 super-

1023 1808 1153 1846 venerit,
1171 1817 1330 1849 nunquam
1349 1809 1496 1840 deorsum
1510 1809 1653 1848 aspicias,
1670 1809 1725 1840 sed
1739 1818 1810 1840 sur-

1023 1867 1105 1896 sum,
1121 1863 1152 1890 et
1165 1867 1239 1890 mox
1249 1859 1398 1890 Dominus
1411 1859 1468 1890 tibi
1480 1859 1602 1890 adiutor
1614 1862 1671 1889 est.
1686 1860 1723 1889 Et
1737 1867 1811 1890 mox

1022 1908 1065 1938 ita
1082 1907 1224 1939 discessit
1236 1908 1333 1939 abbas
1346 1908 1496 1940 Macarius
1509 1908 1541 1938 in
1557 1908 1717 1948 propriam
1737 1908 1811 1939 soli-

1024 1957 1176 1988 tudinem.
1187 1959 1366 1997 Iterumque
1377 1957 1458 1988 viam
1471 1957 1726 1998 circumspiciens
1736 1958 1812 1990 vidit

1024 2008 1211 2038 daemonem
1227 2007 1420 2044 redeuntem,
1438 2011 1469 2038 et
1488 2007 1618 2047 requirit
1634 2015 1705 2038 eum
1722 2017 1729 2038 :
1744 2009 1811 2045 Quo

1024 2057 1129 2089 vadis?
1143 2060 1180 2089 At
1201 2058 1254 2089 ille
1278 2059 1439 2098 respondit
1457 2067 1463 2088 :
1480 2058 1580 2088 Simili
1602 2059 1698 2090 modo
1722 2068 1811 2091 com-

1025 2117 1150 2140 movere
1160 2107 1343 2150 (10)I‘ratres.
1350 2109 1424 2139 Cum
1433 2111 1535 2139 autem
1542 2112 1758 2147 reverteretur,
1765 2119 1814 2141 re-

1026 2159 1151 2200 quisivit
1163 2168 1247 2197 eum,
1263 2159 1528 2199 quemadmodum
1547 2162 1675 2199 agerent
1690 2160 1810 2192 fratres.

1026 2213 1063 2241 At
1076 2210 1130 2242 ille
1150 2211 1228 2242 dixit
1241 2219 1249 2241 :
1262 2210 1355 2247 Male,
1379 2210 1527 2250 quoniam
1544 2219 1654 2242 omnes
1676 2216 1814 2250 agrestes

1027 2261 1131 2293 effecti
1145 2263 1228 2298 sunt,
1247 2264 1289 2298 et,
1306 2261 1392 2300 quod
1416 2260 1454 2291 de
1477 2260 1623 2291 omnibus
1646 2262 1736 2301 peius
1754 2265 1811 2298 est,

1026 2320 1098 2343 eum
1127 2321 1221 2351 quem
1249 2311 1344 2342 habui
1377 2311 1512 2342 amicum
1555 2314 1586 2341 et
1614 2311 1812 2342 obedientem

1025 2361 1114 2398 mihi,
1128 2361 1197 2401 ipse
1210 2360 1319 2392 nescio
1343 2360 1504 2401 quomodo
1526 2369 1694 2391 conversus
1709 2364 1766 2397 est,
1783 2365 1813 2392 et

1027 2411 1173 2442 omnibus
1187 2411 1322 2451 amplius
1343 2411 1485 2451 asperior
1507 2410 1584 2441 mihi
1602 2410 1686 2440 visus
1701 2414 1758 2441 est.
1776 2411 1814 2441 Et

1026 2461 1148 2497 iuravit,
1170 2469 1234 2492 non
1257 2461 1302 2491 ibi
1325 2461 1486 2498 accedere,
1507 2461 1566 2491 nisi
1590 2463 1661 2500 post
1682 2460 1812 2492 multum

1031 2569 1169 2597 Macarius
1186 2568 1328 2604 Aegyptius
1348 2568 1362 2604 §
1385 2568 1424 2602 X;
1438 2567 1509 2595 infra
1520 2568 1546 2594 in
1557 2568 1653 2594 harum
1669 2568 1814 2601 Quaestio-

1030 2624 1097 2643 num
1108 2615 1263 2650 Appendice
1276 2615 1361 2642 altera
1375 2614 1427 2642 sub
1442 2612 1485 2641 111.

1065 2661 1103 2696 (8)
1118 2661 1163 2688 Sic
1175 2661 1324 2688 monachos
1337 2659 1437 2687 Nitriae
1455 2658 1590 2687 Macarius
1607 2658 1756 2695 Aegyptius
1770 2660 1814 2687 in-

1028 2707 1119 2735 visere
1131 2701 1297 2734 solebar.Cl'.
1314 2704 1411 2740 infra§
1435 2704 1480 2732 54.

1066 2752 1104 2786 (9)
1120 2752 1174 2784 Sic,
1201 2751 1273 2778 facili
1286 2752 1363 2786 lapsu
1377 2758 1426 2786 pro
1443 2758 1616 2782 commnnere,
1631 2754 1659 2777 ut
1672 2750 1748 2778 estin
1763 2750 1814 2779 lib.

1029 2797 1074 2825 VII
1088 2805 1148 2833 cap.
1170 2798 1196 2830 1,
1217 2798 1244 2825 8.
1255 2796 1322 2825 Cod.
1337 2796 1419 2824 Corb.
1444 2804 1606 2824 commanere
1622 2801 1649 2824 et
1663 2796 1813 2825 admonere.

1029 2844 1071 2872 Cf.
1085 2844 1202 2872 Coleler.
1219 2842 1292 2870 Eccl.
1307 2841 1404 2869 Graec.
1418 2841 1489 2870 Mori.
1503 2841 1535 2869 Τ.
1550 2841 1559 2869 l
1578 2851 1604 2878 p.
1625 2843 1678 2871 813
1693 2842 1727 2870 ad
1743 2842 1772 2870 li.
1795 2843 1814 2870 Ι.

1065 2890 1122 2926 (10)
1135 2890 1179 2918 Sic
1193 2897 1241 2925 pro
1251 2895 1425 2916 conmanere.
