2060 3153
250 145 301 173 187

664 143 714 173 SS.
734 143 965 173 ΜΑοΑιιιοιιυιιι
981 143 1047 171 AEG
1055 142 1143 170 YPTll
1159 142 1203 170 ΕΤ
1222 141 1456 171 ALEXANDRINI

1819 143 1867 171 l‘IS

249 205 384 243 tempus,
395 205 426 234 et
441 202 517 233 haec
530 202 638 233 dicens
652 202 794 234 discessit
817 203 872 244 (l).
887 215 902 231 ι»
920 203 1036 234 Eadem
1051 206 1073 235 Α
1087 201 1177 233 editis
1189 202 1261 243 (14).
1271 203 1379 233 Fusius
1394 206 1497 234 tamen
1508 202 1616 233 eadem
1633 211 1683 234 res
1697 201 1757 233 hoc
1770 202 1868 234 altero

249 253 282 284 in
307 253 387 285 libro
418 253 528 293 quinto
567 252 626 292 (2),
651 256 682 283 et
714 254 848 294 septimo
879 253 936 293 (3),
960 254 1037 284 etin

249 303 528 344 Apophthegmatis
560 312 577 334 a
603 304 756 335 Cotelerio
791 304 881 334 editis
906 303 1036 334 tradun-

248 356 300 384 tur
322 353 374 392 (4),
407 353 467 384 hoc
493 352 620 392 quidem
659 353 852 390 discrimine,
874 356 909 383 ut
931 361 1038 383 mona-

250 402 328 434 chus
341 402 392 433 ille
403 403 434 433 in
447 403 556 442 quinto
573 403 773 439 Theoctistus,
784 403 817 433 in
826 402 971 442 septimo,
983 402 1038 442 qui

249 454 389 480 ceterum
409 459 481 482 cum
507 451 586 482 libro
609 452 701 482 tertio
725 452 764 482 ad
781 452 910 482 verbum
925 460 1038 483 conve-

248 500 317 530 nire
341 500 421 531 solet
442 501 496 540 (5),
519 501 700 540 Theopistus
717 505 862 538 vocetur;
877 501 943 532 sola
957 503 1038 542 Apo-

249 550 451 588 phthcgmata
475 559 546 581 cum
570 551 650 581 libro
681 551 772 582 tertio
801 552 1038 591 Theopemptum

247 599 421 639 appellant.
433 601 529 631 Porro
543 601 575 631 in
586 601 771 632 narrationis
780 601 851 632 libri
861 601 960 641 quinti
975 602 1038 632 fine

247 650 326 690 legis
343 659 350 681 :
364 663 379 679 α
395 652 498 682 Senex
513 660 587 683 vero
603 656 727 684 sanctus
741 652 865 683 intravit
879 652 913 683 in
927 652 1038 683 cellam

247 708 336 730 suam
360 699 493 731 adorans
521 705 551 731 et
578 702 691 740 gratias
715 710 811 740 agens
838 702 902 732 Deo
930 701 1037 732 Salva—

248 749 320 786 tori,
337 761 350 777 n
367 749 399 780 in
414 750 693 790 Apophthegmatis
710 760 716 781 :
733 763 747 780 α
758 752 844 782 Tunc
855 754 980 782 sanctus
992 751 1039 782 in-

249 800 337 829 travit
351 799 382 829 in
393 800 504 830 cellam
517 809 616 830 suam.
632 813 647 829 »
659 801 734 832 Uter
746 809 820 832 vero
834 802 1038 832 Macariorum

1087 252 1392 293 Apophthegmatum
1414 253 1484 284 loco
1509 253 1702 292 explicatur:
1723 265 1737 281 (ι
1757 253 1868 284 Narra-

1087 302 1173 340 bant,
1202 303 1235 334 in
1264 303 1404 334 absentia
1426 303 1550 334 Macarii
1576 304 1697 334 abbatis
1716 303 1870 336 latronem

1087 353 1261 391 ingressum
1288 361 1357 384 esse
1394 352 1535 384 cellulam
1570 353 1648 384 eius.
1677 354 1748 392 Ipse
1777 354 1872 393 igitur

1087 411 1185 442 quum
1199 403 1238 433 ad
1256 402 1400 433 cellulam
1416 403 1568 439 rediisset,
1584 403 1703 434 invenit
1717 403 1869 434 latronem

1087 450 1240 481 camelum
1259 450 1452 490 supellectile
1470 459 1525 481 sua
1555 455 1748 483 onerantem.
1769 454 1869 488 Quare

1087 498 1239 530 introiens
1252 499 1285 530 in
1299 499 1442 530 cellulam
1458 503 1489 530 et
1502 501 1651 531 Macarius
1669 501 1708 532 de
1723 502 1803 532 vasis
1816 511 1868 533 ac-

1088 549 1233 588 cipiebat,
1259 552 1291 580 et
1311 558 1374 580 una
1389 558 1460 580 cum
1480 558 1518 580 eo
1538 550 1687 581 onerabat
1705 552 1869 582 camelum.

1087 600 1212 631 Sarcina
1233 600 1329 639 igitur
1350 600 1496 639 imposita
1511 600 1561 632 fur
1583 602 1687 640 coepit
1707 603 1870 634 verberare

1087 649 1252 687 camelum,
1264 654 1298 680 ut
1312 654 1461 688 surgeret.
1476 651 1584 690 Neque
1599 654 1702 682 tamen
1714 653 1869 691 surgebat.

1088 699 1176 736 Quod
1194 699 1249 731 ubi
1266 699 1342 730 vidit
1360 700 1455 731 abbas
1477 700 1638 738 Macarius,
1657 701 1802 732 cellulam
1825 703 1872 733 in-

1088 759 1212 789 gressus
1229 753 1308 789 133
1320 759 1448 790 parvum
1470 749 1625 781 sarculum
1641 751 1770 788 invenit,
1786 753 1870 792 quod

1088 800 1236 831 emissum
1250 800 1399 839 imposuit
1414 799 1533 831 camelo
1549 801 1656 831 dicens
1667 802 1795 839 :Fratcr,
1812 802 1871 834 hoc

247 848 449 888 intelligatur,
463 850 567 881 dicere
583 850 714 881 haesito.
729 850 1035 891 Apophthegmatum
1053 875 1073 902 Β
1088 851 1211 890 quaerit
1235 849 1383 881 camelus.
1396 851 1438 880 Ac
1457 849 1537 889 pede
1553 850 1680 889 pulsans
1693 859 1762 881 eam
1775 860 1871 882 senex

248 899 377 938 quidem
396 899 582 939 compilator
597 901 762 931 Macarium
777 901 962 940 Aegyptium
977 909 1033 939 ag—

249 949 345 980 novit.
369 950 431 981 Nec
447 959 575 990 prorsus
598 950 770 988 immerito;
789 951 866 986 135
882 959 952 982 nam
968 952 1033 982 Ma-

248 999 350 1030 carius
370 1000 541 1040 Aegyptius
557 1000 665 1040 procul
680 1001 873 1041 aliquantum
888 1010 906 1032 a
922 1009 1034 1031 mona-

248 1049 331 1086 chis,
365 1051 479 1089 quibus
512 1054 669 1088 praeerat,
702 1051 858 1082 habitasse
885 1051 1034 1090 perhibe-

247 1103 299 1129 tur
330 1099 383 1140 (6).
408 1103 445 1130 At
479 1109 586 1131 nonne
612 1101 651 1132 de
675 1101 807 1132 Macario
825 1101 1034 1132 Alexandrino

248 1149 433 1181 Cellularum
443 1151 626 1190 presbytero
634 1151 718 1181 idem
728 1150 939 1182 valebitilnde
949 1159 1033 1187 vero,

249 1199 335 1238 quod
351 1200 516 1231 Macarium
533 1200 622 1231 illum
638 1201 671 1232 in
690 1209 860 1241 paneremo
881 1201 1035 1232 habitasse

248 1247 326 1288 legis
363 1250 418 1290 (7),
450 1251 616 1282 Macarium
642 1252 829 1291 Aegyptium
851 1251 948 1282 fuisse
971 1260 1036 1282 non

248 1303 342 1339 patet,
360 1303 525 1340 propterea
541 1301 627 1340 quod
642 1301 735 1332 etiam
747 1301 881 1332 Cellulae
895 1301 928 1331 in
942 1309 1037 1341 pane-

248 1358 336 1380 remo
361 1350 438 1381 sitae
461 1354 559 1381 erant.
585 1353 684 1390 Atque
709 1351 876 1382 Macarium
901 1350 1035 1382 Alexan-

248 1400 374 1431 drinum
388 1400 542 1432 daemone
551 1401 744 1432 familiariter
753 1410 845 1431 usum
859 1409 927 1432 esse
942 1410 1037 1441 supra

248 1450 453 1488 cognovimus
481 1450 533 1490 (8).
554 1451 615 1482 Sed
651 1450 812 1490 quomodo
834 1451 968 1482 daemon
982 1451 1038 1483 h0-

248 1498 350 1530 mines
366 1501 475 1536 tentet,
491 1499 680 1538 singularem
701 1499 734 1530 in
756 1500 886 1530 modum
899 1501 930 1531 S.
946 1501 1038 1532 Atha-

248 1548 355 1580 nasius
372 1549 405 1580 in
421 1548 481 1580 vita
498 1549 529 1579 S.
545 1549 669 1580 Antonii
688 1549 852 1590 descripsit
871 1549 919 1592 (9).

289 1609 304 1625 α
317 1597 419 1628 Abbas
435 1598 586 1629 Macarius
601 1607 673 1629 cum
694 1602 776 1629 esset
790 1599 823 1630 in
843 1601 984 1640 Aegypto
1009 1604 1040 1632 et

249 1655 393 1686 egressus
406 1647 516 1680 fuisset
531 1649 570 1679 de
586 1648 665 1679 cella
678 1658 745 1685 sua,
763 1657 904 1681 reversus
921 1650 1039 1682 invenit

249 1697 408 1736 quendam
417 1696 574 1729 furantem
582 1698 626 1735 id,
638 1699 723 1738 quod
737 1699 768 1729 in
781 1699 860 1730 cella
870 1709 924 1730 sua
941 1700 1037 1731 habe-

249 1746 312 1778 bat.
330 1747 418 1777 Stetit
428 1756 503 1787 ergo
520 1751 550 1779 et
559 1748 628 1788 ipse
639 1752 786 1788 tanquam
799 1750 993 1788 peregrinus,
1007 1754 1038 1781 et

250 1796 410 1828 carricavit
429 1797 608 1838 (10)animal
623 1807 694 1829 cum
710 1798 764 1829 illo
784 1808 854 1830 cum
874 1799 969 1830 multa
986 1808 1037 1830 re-

250 1846 336 1886 quie,
353 1850 384 1878 et
399 1847 546 1887 perduxit
559 1856 632 1879 eum
650 1848 758 1879 dicens
776 1857 782 1878 :
801 1848 882 1879 Nihil
902 1849 933 1880 in
953 1849 1038 1881 hunc

251 1896 403 1927 mundum
417 1897 595 1934 intulimus;
610 1898 761 1929 Dominus
775 1898 872 1935 dedit,
888 1899 1038 1929 Dominus

250 1946 394 1984 abstulit;
411 1947 492 1978 sicut
511 1951 543 1979 et
565 1947 634 1988 ipse
654 1948 762 1986 voluit,
777 1949 819 1981 ita
835 1948 951 1980 factum
968 1952 1014 1980 est
1027 1958 1035 1987 ;

251 1996 434 2028 benedictus
440 1997 589 2029 Dominus
603 1997 634 2027 in
645 1997 790 2029 omnibus
798 1997 823 2035 (1
832 1997 890 2036 1).»
898 1998 983 2029 Idem
993 2007 1041 2030 re-

251 2047 335 2086 peris
349 2047 382 2077 in
392 2046 471 2078 libro
482 2048 592 2086 quinto
607 2047 678 2086 (1‘2),
695 2048 749 2078 ubi
763 2049 858 2079 abbas
872 2048 925 2079 ille
946 2061 959 2076 α
973 2049 1038 2080 Ma-

251 2097 353 2128 carius
367 2097 399 2127 in
422 2098 562 2136 Aegypto
584 2097 704 2136 positus
717 2109 730 2124 »
751 2101 888 2134 vocatur,
902 2097 934 2127 in
955 2097 1036 2129 libro

250 2145 385 2186 septimo
398 2145 456 2186 (l3)
463 2169 470 2182 ,
482 2149 513 2176 et
522 2145 554 2177 in
569 2145 848 2185 Apophthegmatis
857 2155 875 2177 a
883 2145 1036 2178 Cotelerio

1087 900 1127 931 ait
1144 910 1150 930 :
1166 899 1514 939 Surge.Confestimque
1532 899 1675 937 surrexit,
1697 904 1727 931 et
1744 910 1872 941 parum-

1088 949 1273 989 pcritineris
1292 949 1427 980 confecit
1445 953 1573 989 propter
1595 950 1664 980 eius
1681 959 1871 982 sermonem.

1087 999 1148 1030 Sed
1167 999 1280 1030 iterum
1300 999 1426 1036 resedit,
1442 1007 1547 1038 neque
1568 1000 1753 1037 exsurrexit,
1769 1001 1872 1032 donec

1088 1051 1308 1090 deposuissent
1335 1054 1480 1081 cunctam
1514 1050 1750 1089 supellectilem.
1786 1052 1873 1083 Tunc

1087 1101 1214 1132 demum
1228 1101 1302 1132 abiit
1315 1099 1389 1140 (15).
1405 1112 1419 1128 π
1435 1100 1600 1131 Macarium
1614 1101 1810 1140 Aegyptium,
1822 1102 1874 1133 cui

1088 1151 1398 1191 Apoplithegmatum
1419 1149 1604 1190 compilator
1631 1159 1696 1181 rem
1723 1152 1872 1187 attribuit,

1088 1201 1266 1240 signiﬁcari,
1290 1200 1361 1230 libri
1377 1200 1478 1240 quinti
1498 1200 1591 1231 verba
1611 1208 1618 1230 :
1635 1212 1650 1228 α
1673 1201 1823 1232 Μᾶοθτὶυδ
1839 1202 1873 1232 in

1088 1253 1229 1290 Aegypto
1248 1250 1397 1290 positus,»
1416 1253 1446 1280 et
1460 1250 1581 1286 eadem,
1593 1259 1673 1290 quae
1687 1252 1770 1292 apud
1781 1253 1870 1283 Cote»

1089 1300 1199 1332 lci-ium
1215 1304 1297 1336 sunt,
1308 1300 1459 1331 vocabula
1478 1309 1588 1340 graeca
1601 1309 1607 1331 :
1619 1303 1761 1337 Μακάριος
1781 1303 1810 1328 ἓν
1830 1303 1875 1328 Ai-

1088 1353 1184 1389 γύπτῳ
1194 1354 1231 1380 ὼν
1242 1352 1315 1382 satis
1327 1352 1543 1391 comprobant.
1556 1351 1609 1382 Illa
1624 1350 1691 1381 Iobi
1706 1349 1798 1380 verba
1813 1350 1875 1380 Ma-

1090 1399 1192 1430 carius
1213 1400 1382 1442 Aegyptius
1406 1401 1496 1431 etiam
1520 1401 1551 1430 in
1571 1398 1708 1430 homiliis
1730 1397 1875 1429 laudibus

1090 1448 1407 1489 eifert(16).Latrones
1421 1459 1495 1481 vero
1506 1450 1561 1481 illo
1573 1454 1715 1488 tempore
1733 1447 1766 1478 in
1777 1449 1876 1486 Aegy-

1090 1499 1135 1538 pti
1152 1499 1283 1531 desertis
1295 1501 1475 1531 creberrimi
1492 1504 1590 1532 erant.
1610 1500 1652 1530 De
1668 1499 1797 1534 latrone,
1820 1497 1876 1536 qui

1051 1552 1073 1581 C
1088 1550 1238 1589 virginem
1256 1551 1320 1582 Deo
1344 1555 1493 1582 sacratam
1514 1559 1531 1581 e
1554 1550 1699 1581 manibus
1718 1548 1875 1579 sociorum

1090 1602 1232 1639 stuprare
1249 1608 1316 1630 eam
1332 1599 1526 1639 cupientium
1545 1599 1671 1638 eripuit,
1688 1597 1764 1635 legis
1784 1596 1818 1626 in
1835 1595 1875 1625 li-

1091 1649 1148 1680 bro
1170 1649 1310 1680 secundo
1329 1650 1402 1690 (17).
1415 1650 1529 1681 Cellam
1548 1651 1578 1680 S.
1596 1648 1763 1680 Hilarionis
1780 1647 1875 1678 latro-

1091 1707 1147 1730 nes
1175 1708 1232 1739 per
1254 1703 1351 1731 totam
1378 1704 1502 1731 noctem
1533 1699 1745 1739 quaesierunt,
1772 1705 1876 1737 neque

1089 1748 1229 1779 invenire
1244 1753 1414 1789 potuerunt
1437 1749 1510 1790 (18).
1532 1750 1562 1779 S.
1580 1748 1723 1779 Ammoni
1741 1747 1877 1778 latrones

1090 1798 1271 1839 frequenter
1286 1809 1399 1840 panem
1413 1799 1617 1836 abstulerunt,
1637 1807 1735 1838 quare
1750 1802 1876 1828 sanctus

1091 1848 1171 1880 duos
1185 1849 1282 1880 eremi
1299 1849 1452 1880 dracones
1469 1849 1612 1888 ingentes
1626 1848 1662 1879 ad
1681 1848 1794 1879 ostium
1809 1846 1875 1878 cel-

1091 1898 1140 1930 lae
1167 1899 1341 1936 collocavit,
1364 1909 1500 1939 quorum
1530 1902 1659 1939 aspectu
1690 1898 1874 1934 semineces,

1092 1958 1189 1988 quum
1210 1950 1526 1990 appropinquassent,
1552 1949 1688 1980 latrones
1711 1949 1744 1979 in
1765 1947 1874 1979 cellam

1092 1997 1271 2032 introducti.
1279 2007 1386 2029 mensa
1396 1998 1551 2038 apposita,
1563 1998 1596 2028 in
1611 1997 1773 2029 meliorem
1783 1997 1874 2027 vitam

1092 2048 1235 2079 conversi
1251 2051 1323 2079 sunt
1340 2048 1412 2087 (19).
1428 2048 1606 2078 Bellointer
1615 2048 1748 2078 duorum
1757 2047 1876 2078 incolas

1091 2106 1244 2137 pagorum
1257 2102 1366 2129 coorto
1376 2097 1581 2128 alterlatrone
1595 2097 1730 2137 quodam
1745 2097 1824 2127 duce
1834 2096 1875 2127 ad

1089 2147 1206 2179 bellum
1232 2148 1403 2188 gerendum
1427 2148 1562 2179 maxime
1589 2147 1704 2178 idoneo
1735 2147 1874 2178 conlide-

286 2259 412 2298 (t)‘vv.
440 2261 494 2289 PP.
520 2262 612 2290 Rosw.
635 2263 682 2290 lib.
715 2262 748 2290 ιιι
777 2269 836 2297 cap.
860 2262 891 2290 6|
922 2270 949 2298 p.
971 2262 1075 2295 510,1)
1125 2262 1182 2299 (ιε)
1197 2263 1264 2291 Ibid.
1280 2262 1458 2292 lib.Vlibell.
1474 2263 1545 2297 16,6
1573 2263 1719 2298 ρ.651,1.

253 2309 267 2338 1
285 2317 328 2343 sq.

287 2354 409 2390 (2)1bid.
424 2355 472 2382 lib.
493 2353 514 2380 V
529 2354 614 2382 libell.
630 2355 673 2387 18,
691 2353 706 2381 9
728 2363 753 2388 p.
775 2354 838 2385 637.
862 2353 873 2380 1
899 2362 942 2389 sq.

285 2400 325 2436 (5)
343 2400 410 2428 Ibid.
428 2400 475 2428 lib.
493 2399 539 2427 Vll
553 2407 613 2434 cap.
627 2399 651 2432 1,
664 2400 680 2427 8
695 2407 721 2434 p.
735 2400 798 2432 665,
812 2400 829 2426 2
841 2408 882 2434 sq.

285 2446 324 2482 (ι)
339 2446 456 2474 Coteler.
469 2446 546 2473 Eccl.
559 2445 656 2473 Graec.
674 2445 746 2472 Mon.
765 2445 798 2472 Τ.
815 2445 824 2471 l
839 2453 865 2478 ρ.
881 2444 933 2472 5⁸28
949 2452 991 2478 sq.
1012 2451 1035 2470 s.

249 2499 276 2518 ν.
292 2490 426 2518 Macarius
441 2491 585 2525 Aegyptius
600 2489 614 2526 ς
635 2489 685 2522 Ill;
707 2490 779 2516 infra
796 2490 822 2516 in
838 2489 934 2516 harum
947 2489 1038 2522 Quae-

249 2537 369 2565 stionum
385 2536 542 2571 Appendice
556 2536 640 2562 altera
657 2535 708 2562 sub
722 2534 766 2562 lll.

284 2581 323 2616 (5')
334 2580 376 2608 Cf.
390 2588 472 2615 supra
487 2579 500 2616 §
515 2581 547 2607 l0
565 2588 590 2615 p.
607 2580 653 2607 55.

284 2626 323 2662 (li)
340 2626 383 2654 Cf.
400 2634 481 2661 supra
496 2627 525 2662 §§
546 2627 587 2659 i2,
610 2627 650 2658 l3,
664 2634 690 2661 p.
704 2626 749 2656 58.
764 2625 808 2652 ﬂ.

284 2673 323 2708 (7)
340 2671 475 2707 Apoplith.
491 2671 509 2699 l.
525 2671 544 2698 I.

284 2719 324 2754 (8)
341 2718 384 2746 Cl'.
401 2727 484 2754 supra
499 2718 512 2754 §
525 2718 571 2748 28,
587 2725 614 2752 p.
631 2717 682 2744 116
698 2725 739 2751 sq.

283 2765 322 2800 (9)
340 2765 407 2800 Opp.
427 2764 571 2792 Athanasii
591 2765 636 2792 ed.
651 2763 714 2791 LT.
733 2763 741 2790 l
764 2763 794 2790 P.
813 2762 832 2789 ll
853 2771 879 2797 p.
899 2762 963 2790 651.

283 2810 339 2846 (10)
361 2810 400 2837 Ad
417 2810 487 2837 hanc
513 2818 606 2838 vocem
622 2810 706 2846 gloss.
728 2815 792 2838 vett.
817 2809 931 2840 carrico,
948 2815 1036 2835 onero.

248 2856 339 2884 Rosw.
354 2857 372 2884 l.
388 2857 406 2884 l.
421 2865 448 2892 p.
462 2855 523 2885 535.
537 2856 548 2882 1
567 2860 624 2883 not.
638 2857 680 2883 15.

283 2903 339 2938 (Il)
356 2901 411 2931 ιν.
429 2901 480 2929 ΡΡ.
494 2901 584 2929 Rosw.
599 2902 645 2930 lib.
660 2902 693 2929 ΙΙΙ
709 2910 768 2937 cap.
785 2903 819 2929 75
833 2909 860 2937 p.
878 2899 939 2932 512,
957 2900 983 2926 1.

1124 2310 1180 2345 (15)
1193 2309 1263 2337 lbid.
1278 2310 1326 2337 lib.
1343 2309 1386 2336 Vll
1398 2317 1459 2344 cap.
1475 2310 1503 2342 ὅ,
1516 2310 1527 2336 1
1541 2317 1565 2343 p.
1588 2308 1651 2341 666,
1667 2308 1693 2336 2.

1123 2355 1178 2392 (14)
1193 2354 1312 2382 Coteler.
1327 2355 1399 2382 Eccl.
1412 2354 1508 2381 Graec.
1526 2353 1598 2380 Men.
1612 2353 1644 2380 Τ.
1668 2353 1677 2379 l
1699 2361 1724 2388 p.
1737 2352 1788 2380 556
1800 2360 1824 2381 s.
1846 2360 1873 2380 ν.

1087 2401 1222 2429 Macarius
1234 2401 1402 2437 Aegyptius§
1426 2401 1501 2428 KVIII
1515 2409 1522 2434 ;
1539 2400 1611 2428 infra
1632 2400 1660 2427 in
1678 2400 1772 2427 harum
1787 2399 1876 2433 Quae<

1087 2447 1207 2476 stionum
1225 2447 1381 2482 Appendice
1390 2447 1474 2473 altera
1486 2446 1537 2474 sub
1551 2445 1596 2474 Ill.

1123 2492 1179 2529 (l5)
1202 2492 1269 2520 Ibid.
1284 2501 1310 2528 ν.
1323 2492 1376 2519 548
1391 2500 1415 2520 s.
1433 2500 1460 2520 ν.
1475 2492 1611 2519 Macarius
1627 2490 1767 2525 Aegyptius
1788 2488 1801 2523 §
1821 2488 1875 2515 XL.

1124 2539 1180 2574 (16)
1196 2539 1238 2566 Ci.
1260 2538 1332 2566 infra
1347 2539 1437 2566 locum
1451 2537 1529 2565 Hom.
1546 2537 1567 2564 V
1590 2545 1605 2564 a
1627 2537 1707 2564 nobis
1730 2544 1802 2563 nunc
1822 2538 1876 2570 pri-

1089 2592 1164 2612 mum
1179 2584 1294 2611 editum.

1125 2630 1180 2664 (17)
1194 2628 1251 2657 νιν.
1267 2629 1320 2656 PP.
1334 2629 1425 2657 Rosw.
1439 2628 1486 2656 lib.
1498 2627 1519 2654 ll
1536 2635 1595 2662 cap.
1612 2627 1645 2654 16
1656 2635 1682 2662 p.
1692 2626 1755 2657 474.
1772 2626 1785 2652 1
1800 2634 1808 2659 ;
1821 2625 1876 2652 Ru-

1091 2675 1136 2702 ﬁni
1147 2675 1216 2710 Opp.
1231 2675 1275 2702 ed.
1291 2674 1408 2702 Vallarsi
1424 2683 1450 2710 p.
1465 2674 1528 2706 176,
1551 2675 1642 2708 Migne
1657 2681 1684 2708 p.
1701 2672 1763 2700 456.

1124 2721 1180 2756 (18)
1194 2720 1253 2747 Vita
1269 2720 1297 2747 S.
1314 2720 1448 2748 Hilarion.
1469 2727 1529 2755 cap.
1546 2719 1573 2751 7,
1596 2719 1653 2746 νγ.
1671 2718 1723 2746 PP.
1742 2717 1833 2745 Rosw.
1847 2725 1875 2752 p.

1091 2765 1176 2797 77,1.

1127 2810 1182 2844 (19)
1197 2809 1251 2837 ι’γ.
1269 2810 1318 2838 PP.
1337 2811 1429 2838 Bosw.
1448 2810 1495 2838 lib.
1515 2809 1536 2836 Il
1557 2817 1618 2845 cap.
1642 2810 1658 2837 8
1672 2817 1698 2844 p.
1714 2809 1776 2840 ωδ,
1791 2807 1819 2834 ‘2.
1834 2813 1876 2842 sq.

1092 2856 1191 2885 Ruilni.
1203 2856 1271 2892 Opp.
1289 2858 1332 2885 ed.
1348 2857 1463 2885 Vallarsi
1479 2865 1505 2892 p.
1523 2855 1573 2884 158
1584 2877 1591 2889 ,
1609 2855 1698 2891 Migne
1707 2863 1735 2891 ιι.
1750 2854 1795 2882 46.
