2060 3153
161 205 213 230 129

903 196 1019 226 VITAE.

1728 193 1781 221 130

161 258 215 289 bat
231 256 286 296 (1).
306 257 453 288 Facmora
473 255 639 291 latronum,
657 254 893 294 eorundemque
904 253 943 285 ad
957 258 981 286 A
994 254 1092 285 Scetis
1105 254 1216 285 abbate
1230 252 1360 283 relatum
1376 253 1470 289 esset,
1488 250 1674 291 Aegyptium
1687 250 1781 281 luteis.

163 306 325 338 meliorem
343 306 435 337 vitam
457 305 574 336 reditus
592 305 625 335 in
637 305 700 335 VV.
715 305 774 334 PP.
790 312 946 344 saepenu-

163 365 251 388 mero
267 359 435 387 occurrunt
451 355 503 396 (2).
522 355 681 386 Beduinos
701 363 829 394 quoque
851 354 950 384 incer-

164 407 202 438 tis
215 415 339 446 semper
348 405 476 437 sedibus
487 414 543 446 per
553 405 736 436 solitudines
750 405 811 436 huc
826 405 899 436 illuc
910 405 949 436 ad

165 457 375 497 praedandum
397 460 523 495 vagatos
544 465 625 494 esse,
642 465 680 487 ex
698 455 889 496 perpulchra
917 456 949 485 S.

161 507 272 538 Malchi
288 507 348 538 vita
368 515 385 538 a
403 507 434 537 S.
457 507 649 546 Hieronymo
665 506 842 546 conscripta
854 505 950 537 disci-

162 566 230 588 mus
244 557 297 593 (3).

202 620 215 635 α
234 607 374 644 Quodam
393 610 537 646 tempore
568 610 679 638 orante
698 606 791 637 beato
815 606 951 638 Macario

161 658 284 695 abbate,
303 666 364 688 vox
383 658 422 688 ad
441 666 513 688 eum
538 657 701 697 personuit
720 657 830 688 dicens
851 665 857 687 :
886 658 951 687 Ma-

162 707 237 743 cari,
255 707 391 738 necdum
402 706 441 738 ad
452 715 628 738 mensuram
643 707 775 738 duarum
786 707 952 737 mulierum

166 758 244 793 137
259 758 441 798 pervenisti,
459 767 539 798 quae
556 759 588 789 in
605 759 747 798 proxima
764 758 881 799 pariter
900 758 954 789 ha-

165 808 264 839 bitant
287 808 419 839 civitate.
444 809 510 845 Quo
532 808 639 839 audito
660 817 757 840 senex
781 817 953 848 exsurgens

165 860 292 897 arrepto
309 857 419 888 baculo
433 858 465 888 in
484 857 676 897 designatam
687 858 830 898 pervenit
844 858 952 889 civita-

167 911 241 938 tem.
259 909 396 948 Cumque
419 908 532 939 ostium
555 909 714 948 quaesitae
733 909 845 940 domus
858 912 952 949 atque

168 958 309 989 inventae
334 959 484 998 pulsaret,
509 968 633 999 egressa
657 969 721 991 una
741 968 780 991 ex
801 959 863 991 illis
880 969 953 991 cum

167 1016 278 1047 magna
295 1009 485 1040 exultatione
500 1018 571 1041 eum
590 1010 738 1050 suscepit.
758 1011 838 1047 Quas
855 1013 955 1041 utras-

167 1067 228 1098 que
247 1067 344 1090 senex
364 1063 549 1091 convocatas
563 1060 605 1091 ita
620 1064 666 1092 est
684 1060 838 1092 allocutus
855 1070 862 1091 :
881 1062 955 1092 Pro-

167 1111 236 1147 pter
245 1116 300 1139 vos
309 1112 428 1140 tantum
438 1109 579 1140 laborem
595 1109 722 1141 veniens
734 1119 772 1141 ex
782 1110 954 1141 solitudine

167 1156 337 1197 longinqua
361 1157 513 1194 sustineo,
534 1161 567 1189 ut
584 1167 680 1198 opera
705 1162 806 1190 vestra
834 1167 954 1200 cogno-

166 1215 382 1247 scerem,quae
390 1207 468 1238 mihi
480 1216 535 1238 vos
546 1207 699 1239 condicite
709 1217 744 1239 ac
755 1212 887 1240 narrate.
901 1210 956 1240 Cui

165 1257 239 1288 illae
260 1258 305 1288 sic
326 1257 493 1289 dixerunt:
511 1258 607 1289 Crede
636 1258 740 1296 nobis,
762 1259 955 1291 sanctissime

168 1311 267 1348 pater,
286 1309 359 1348 quia
375 1318 433 1340 nec
448 1310 606 1349 praesenti
627 1313 720 1341 nocte
738 1318 756 1340 a
774 1310 954 1341 maritorum

168 1359 291 1390 lectulis
302 1359 417 1390 fuimus
434 1364 605 1400 separatae.
620 1359 726 1397 Qualia
740 1368 814 1399 ergo
829 1369 924 1400 opera
938 1369 956 1392 a

170 1409 262 1440 nobis
277 1409 437 1450 exquiris?
451 1410 512 1441 Sed
529 1419 625 1441 senex
648 1411 681 1441 in
699 1410 844 1451 precibus
855 1411 956 1451 persi-

169 1461 278 1498 stebat,
294 1464 329 1491 ut
351 1461 379 1491 ei
403 1461 481 1492 vitae
503 1470 577 1492 suae
593 1461 736 1492 ordinem
752 1461 956 1492 declararent.

170 1511 224 1542 Cui
239 1515 313 1543 tunc
330 1511 401 1542 illae
416 1511 597 1552 compulsae
612 1511 757 1542 dixerunt
776 1520 782 1542 :
795 1512 858 1543 Nos
872 1512 958 1544 nulla

170 1561 252 1591 inter
270 1570 328 1592 nos
343 1570 451 1592 sumus
465 1561 689 1601 parentelitatis
717 1561 862 1592 afﬁnitate
884 1570 959 1593 con-

998 304 1053 342 ligi
1073 304 1223 343 sequitur.
1248 303 1390 333 Ceterum
1417 301 1539 339 similia,
1555 301 1669 341 quibus
1691 299 1783 331 liceat

999 354 1218 394 comprobare,
1232 353 1324 384 vitam
1339 352 1529 383 saecularem
1544 359 1616 382 cum
1632 350 1688 381 Dei
1698 359 1784 382 amo-

1000 412 1033 434 re
1050 407 1149 435 actam
1163 403 1261 442 magis
1276 410 1502 442 nonnunquam
1517 402 1592 438 Deo,
1609 409 1701 440 quam
1712 408 1783 431 mo-

1000 454 1162 485 nachicam
1178 453 1313 493 placere,
1327 461 1345 484 e
1358 453 1422 483 νγ.
1436 453 1494 482 ΡΡ.
1512 460 1605 492 supra
1627 451 1785 492 congessi-

1000 513 1071 535 mus
1083 503 1135 544 (6).
1153 506 1175 534 Α
1190 503 1303 544 quibus
1316 502 1545 534 narrationibus
1560 502 1652 532 etiam
1667 509 1785 540 germa-

1001 554 1106 585 nicum
1119 554 1199 590 138
1210 553 1333 593 insigne
1347 561 1472 593 poema,
1485 552 1570 591 quod
1591 560 1692 591 nuper
1708 559 1784 590 pro—

1002 603 1068 641 diit,
1081 604 1185 635 medio
1196 612 1272 635 aevo
1288 603 1479 634 elaboratum
1491 605 1541 632 et:
1554 602 1616 631 Der
1626 604 1696 640 φατε
1711 601 1786 632 Ger-

1002 653 1082 684 hard
1097 653 1282 694 inscriptum
1297 652 1350 693 (’1),
1365 653 1453 683 initia
1467 660 1522 682 sua
1542 651 1666 691 cepisse
1682 650 1785 681 credi-

1002 705 1112 735 derim.
1128 706 1228 744 Atque
1257 700 1374 734 similes
1403 702 1548 733 historias
1579 709 1681 741 nuper
1708 708 1786 731 con-

1003 755 1097 794 gessit
1118 755 1220 786 clarus
1242 754 1432 785 Simrockius
1447 756 1553 785 noster
1568 754 1602 784 in
1621 753 1701 784 libro
1716 761 1787 789 suo,

1003 805 1058 845 qui
1081 805 1283 836 inscribitur:
1303 806 1367 836 Der
1391 810 1463 845 gute
1484 804 1626 837 Gerhard
1648 804 1714 835 und
1738 804 1789 834 dic

1003 856 1183 887 dankbaren
1202 856 1321 887 Todten
1332 856 1386 896 (8).

1044 918 1058 935 α
1079 907 1192 938 Beatus
1216 906 1366 938 Macarius
1382 906 1422 937 de
1441 905 1611 946 semetipso
1634 905 1790 936 referebat

1004 957 1132 988 dicens:
1147 958 1226 988 Dum
1245 966 1347 988 essem
1359 957 1491 994 iuvenis,
1502 959 1533 988 et
1547 960 1651 988 tamen
1664 956 1697 987 in
1712 955 1791 988 cella

1004 1009 1185 1046 residerem,
1197 1009 1329 1040 invitum
1347 1017 1398 1039 me
1412 1012 1556 1039 tenentes
1577 1008 1725 1040 clericum
1742 1017 1791 1039 or-

1005 1059 1188 1090 dinaverunt
1196 1059 1230 1090 in
1239 1060 1308 1090 vico
1314 1083 1320 1089 .
1327 1059 1402 1090 Cum
1408 1062 1510 1090 autem
1518 1058 1629 1090 nolens
1638 1058 1701 1090 illic
1708 1067 1788 1095 esse,

1004 1108 1038 1140 in
1047 1109 1150 1140 vicum
1164 1108 1296 1140 alterum
1313 1109 1504 1148 effugissem,
1523 1112 1553 1140 et
1568 1108 1695 1149 quidam
1713 1108 1791 1140 mihi

1006 1159 1172 1190 saecularis
1192 1159 1357 1199 religiosus
1383 1168 1479 1200 opere
1494 1168 1565 1190 meo
1586 1159 1712 1190 vendito
1736 1159 1793 1190 mi-

1006 1210 1160 1247 nistraret,
1185 1209 1326 1249 contigit,
1351 1210 1507 1250 quandam
1548 1210 1700 1249 virginem
1735 1218 1793 1249 per

1006 1263 1147 1300 stuprum
1166 1260 1282 1290 ventris
1304 1268 1384 1290 onus
1401 1260 1555 1300 accipere.
1572 1261 1655 1296 Quae
1676 1259 1752 1290 dum
1774 1268 1792 1290 a

1007 1310 1201 1349 parentibus,
1217 1318 1235 1340 a
1254 1318 1318 1349 quo
1333 1309 1441 1340 fuisset
1455 1318 1646 1350 compressa,
1662 1310 1794 1350 requiri-

1007 1363 1068 1397 tur,
1083 1360 1159 1391 dixit
1176 1360 1228 1391 illa
1243 1368 1250 1390 :
1268 1360 1462 1391 Anachoreta
1480 1359 1533 1391 ille
1554 1363 1656 1392 vester
1676 1360 1737 1391 hoc
1760 1360 1794 1391 in

1007 1419 1058 1442 me
1072 1409 1193 1442 facinus
1205 1411 1406 1451 perpetravit.
1420 1411 1543 1450 Egressi
1558 1420 1632 1442 vero
1649 1415 1794 1451 parentes

1008 1461 1132 1501 puellae
1147 1461 1453 1501 comprehendentes
1481 1470 1531 1492 me
1562 1462 1794 1501 suspenderunt

1007 1519 1079 1542 meo
1091 1511 1173 1542 collo
1183 1520 1254 1542 vasa
1273 1511 1388 1548 ﬁctilia,
1401 1515 1433 1542 et
1448 1520 1505 1551 per
1519 1511 1656 1551 singulas
1671 1513 1796 1544 semitas

1009 1561 1284 1593 circumducebant
1305 1569 1356 1592 me
1373 1561 1468 1593 caede
1489 1565 1669 1600 mactantes,
1701 1567 1796 1604 atque

170 1610 310 1647 iunctae;
329 1610 460 1649 contigit
481 1614 597 1647 autem,
613 1614 648 1642 ut
672 1611 795 1642 duobus
813 1611 960 1643 fratribus
972 1612 994 1642 ϐ
1010 1610 1141 1650 insuper
1161 1610 1210 1641 his
1231 1610 1362 1642 vocibus
1383 1610 1569 1641 insultantes
1587 1620 1593 1641 :
1615 1611 1672 1642 Hic
1684 1620 1796 1643 mona-

170 1661 383 1700 iungeremur,
403 1665 434 1692 et
458 1670 529 1692 cum
547 1661 596 1692 his
612 1661 793 1701 quindecim
817 1662 907 1693 annis
925 1662 958 1693 in

171 1710 267 1742 domo
284 1720 347 1742 una
370 1711 486 1751 pariter
499 1714 721 1751 permanentes
745 1720 849 1752 neque
867 1715 959 1752 turpe

171 1761 301 1792 verbum
320 1761 415 1792 altera
437 1761 514 1792 dixit
536 1761 573 1791 ad
594 1761 733 1799 alteram,
750 1770 854 1801 neque
872 1762 959 1793 litem

170 1811 340 1851 aliquando
356 1811 582 1848 commisimus,
597 1811 651 1842 sed
666 1811 698 1842 in
715 1820 792 1851 pace
809 1811 960 1843 hactenus

172 1862 315 1898 viximus,
328 1865 358 1892 et
377 1861 443 1902 pari
460 1870 617 1892 consensu
633 1862 961 1902 tractavimus,quate-

173 1920 234 1942 nus
244 1912 358 1952 pariter
378 1911 494 1942 relictis
515 1911 633 1942 maritis
655 1911 689 1941 in
717 1911 960 1950 congregatione

172 1962 389 2002 religiosarum
396 1962 549 2002 virginum
556 1961 874 2002 proﬁcisceremur,et
885 1962 962 1993 mulo

172 2013 213 2043 tis
233 2013 377 2053 precibus
402 2013 462 2043 hoc
484 2022 503 2044 a
522 2012 709 2052 coniugibus
728 2021 793 2043 non
809 2012 962 2044 valuimus

174 2063 328 2094 obtinere.
344 2065 410 2100 Quo
429 2072 493 2094 non
508 2063 633 2103 adepto,
648 2063 730 2093 inter
743 2071 802 2093 nos
819 2065 850 2093 et
865 2063 960 2093 Deum

174 2113 338 2152 posuimus
356 2116 587 2150 testamentum,
602 2116 637 2143 ut
655 2121 756 2152 usque
775 2112 812 2143 ad
829 2115 962 2143 mortem

175 2165 313 2193 nostram
340 2162 497 2194 saeculare
518 2162 648 2193 verbum
673 2171 737 2193 non
762 2162 964 2202 loqueremur

175 2212 318 2242 omnino.
331 2212 415 2248 Quae
429 2220 500 2242 cum
517 2211 666 2242 audiisset
679 2212 788 2242 beatus
799 2211 962 2248 Macarius,

176 2262 254 2293 dixit
271 2272 278 2292 τ
293 2264 327 2294 In
339 2263 468 2294 veritate
485 2272 550 2294 non
569 2266 616 2294 est
634 2263 733 2301 virgo,
754 2271 857 2302 neque
872 2262 964 2293 mari-

1009 1660 1088 1692 chus
1099 1661 1179 1693 ﬁliae
1194 1664 1318 1692 nostrae
1327 1660 1389 1691 vim
1403 1660 1517 1692 intulit.
1529 1662 1668 1702 Cumque
1681 1671 1732 1694 me
1741 1671 1796 1694 us-

1010 1719 1072 1751 que
1083 1711 1121 1742 ad
1133 1720 1245 1743 necem
1255 1711 1390 1742 fustibus
1401 1720 1502 1752 paene
1510 1711 1722 1750 mulctassent,
1730 1713 1798 1753 qui-

1010 1761 1082 1793 dam
1096 1770 1134 1792 ex
1163 1761 1341 1793 senioribus
1364 1761 1442 1793 dixit
1463 1761 1502 1792 ad
1517 1770 1572 1793 eos
1597 1771 1604 1792 :
1627 1763 1798 1803 Usquequo

1009 1812 1094 1844 hunc
1111 1813 1312 1852 peregrinum
1323 1813 1513 1843 monachum
1529 1813 1624 1844 caede
1640 1813 1800 1845 mactatis?

1011 1862 1072 1894 Sed
1088 1866 1118 1894 et
1140 1863 1336 1894 ministrante
1361 1863 1438 1894 mihi
1462 1867 1614 1903 sequente
1636 1868 1666 1894 et
1684 1865 1799 1896 rubore

1010 1912 1150 1953 perfuso,
1184 1913 1312 1943 iniurias
1336 1913 1515 1952 irrogabant
1538 1913 1678 1944 dicentes
1695 1922 1701 1943 :
1718 1915 1799 1945 Ecce

1011 1962 1087 2002 quid
1104 1962 1178 1993 fecit
1191 1961 1254 1998 hic,
1268 1970 1325 2002 pro
1336 1970 1399 2001 quo
1414 1965 1448 1991 tu
1462 1961 1675 1992 testimonium
1695 1961 1800 2001 perhi-

1011 2011 1128 2043 bebas?
1139 2013 1287 2043 Parentes
1296 2015 1400 2042 autem
1407 2011 1530 2051 puellae
1537 2011 1682 2042 dixerunt
1693 2021 1698 2041 :
1709 2012 1798 2043 Nulla

1012 2061 1096 2093 hunc
1121 2061 1240 2092 ratione
1264 2061 1459 2097 dimittimus,
1484 2061 1543 2091 nisi
1564 2069 1623 2101 pro
1642 2061 1799 2092 alimentis

1013 2111 1135 2152 puellae
1149 2111 1343 2152 praestandis
1355 2110 1469 2150 aliquis
1484 2119 1542 2151 pro
1552 2111 1622 2150 ipso
1636 2110 1800 2142 satisdator

1013 2163 1187 2194 accesserit.
1205 2161 1292 2198 Quod
1310 2162 1384 2193 dum
1402 2162 1589 2193 ministranti
1601 2161 1690 2199 mihi,
1709 2165 1742 2193 ut
1752 2161 1800 2193 fa-

1014 2216 1110 2250 ceret,
1129 2213 1315 2250 innuissem,
1325 2212 1510 2251 interposita
1526 2220 1577 2242 me
1592 2220 1647 2243 sua
1662 2212 1723 2243 fide
1735 2220 1801 2242 sus-

1015 2263 1110 2303 cepit.
1125 2263 1233 2302 Itaque
1252 2270 1413 2301 regressus
1435 2261 1473 2292 ad
1490 2261 1645 2299 cellulam,
1657 2265 1802 2301 quantas-

175 2314 248 2349 tata,
271 2321 375 2352 neque
395 2313 579 2349 monachus,
592 2321 697 2353 neque
712 2301 890 2349 saecularis,
907 2311 962 2342 sed
980 2301 1001 2329 ο
1015 2301 1141 2352 cunque
1170 2301 1277 2343 inveni
1304 2312 1469 2352 sportellas
1496 2312 1525 2342 ei
1551 2312 1800 2347 contribuebam.

176 2363 258 2393 Deus
285 2367 405 2394 tantum
429 2363 628 2403 propositum
651 2363 784 2403 quaerit,
815 2367 845 2393 et
870 2362 962 2402 spiri-

175 2416 243 2444 tum
258 2413 338 2444 vitae
360 2412 508 2444 omnibus
529 2412 681 2444 ministrat
700 2412 753 2452 (4).
771 2423 786 2441 ››
800 2412 914 2443 Eadem
932 2411 963 2442 in

176 2463 257 2494 libro
280 2467 367 2494 sexto
387 2463 522 2494 narratio
549 2465 606 2499 est,
631 2462 686 2494 ubi
714 2463 825 2503 incipit
841 2462 961 2493 verbis:

178 2525 193 2541 α
219 2513 332 2544 Orante
367 2512 536 2553 aliquando
575 2512 687 2543 eodem
721 2512 833 2543 abbate
864 2513 964 2542 Maca-

176 2562 261 2594 rio...
274 2563 327 2603 (5).
340 2574 354 2591 ν
368 2564 433 2600 Qua
450 2571 489 2594 ex
503 2571 548 2600 re,
560 2571 658 2602 quum
668 2565 760 2593 antea
773 2562 813 2592 de
829 2561 963 2593 Macario

214 2668 253 2702 (ι)
270 2667 326 2694 vv.
342 2667 393 2694 rp.
409 2667 502 2696 Rosw.
517 2667 565 2694 lib.
583 2665 639 2693 VIII
651 2673 712 2701 cap.
730 2667 765 2694 52
783 2674 810 2702 ρ.
827 2665 889 2698 749.
907 2666 933 2693 ι.

215 2714 253 2749 (2)
267 2714 310 2741 Ct‘.
324 2722 406 2749 supra
423 2713 465 2749 §4
484 2721 512 2749 p.
527 2713 568 2740 10.

215 2759 253 2794 (Ξ)
272 2757 327 2786 νγ.
339 2757 390 2785 ΡΡ.
409 2758 500 2786 Rosw.
516 2759 562 2786 lib.
577 2758 585 2785 Ι
600 2767 626 2793 ρ.
641 2758 676 2785 93
686 2765 728 2792 sq.

215 2804 254 2839 (ι)
270 2804 340 2831 Ibid.
360 2804 407 2831 lib.
425 2803 456 2831 Ill
473 2811 533 2839 cap.
549 2804 584 2832 97
599 2811 625 2839 ρ.
640 2803 707 2835 515,
725 2803 750 2829 ι.

215 2849 254 2883 (5)
268 2850 336 2877 Ibid.
352 2849 399 2877 lib.
409 2849 443 2876 VI
461 2850 546 2877 Iibell.
559 2851 587 2883 3,
601 2849 634 2876 17
654 2857 680 2884 p.
692 2848 755 2882 657,
774 2849 799 2875 1.

216 2894 255 2923 t6)
269 2894 312 2922 Cf.
330 2903 411 2930 supra
425 2895 467 2930 δι’)
478 2903 505 2922 u.
523 2897 540 2922 6
553 2899 609 2922 not.
623 2895 641 2922 5

217 2939 257 2974 (1)
273 2939 326 2968 Der
337 2944 400 2976 gute
421 2940 552 2968 Gerhard.
573 2938 639 2967 Eine
658 2939 814 2976 Erzahlung
837 2947 890 2967 von
909 2937 967 2967 Ru-

378 2987 514 3018 PATBOL.
543 2986 602 3017 Gn.
625 2984 774 3017 XXXIV.

1015 2364 1129 2403 quibus
1145 2364 1277 2394 venditis
1287 2364 1402 2394 victum
1416 2363 1493 2394 mihi
1509 2363 1701 2402 coniugique
1712 2370 1801 2393 meao

1013 2412 1212 2444 ministraret.
1233 2413 1380 2444 Dicebam
1403 2416 1506 2443 autem
1531 2413 1647 2450 :Ecce,
1676 2411 1801 2450 Macari,

1013 2462 1160 2493 invenisti
1176 2462 1233 2493 tibi
1252 2471 1403 2500 uxorem;
1423 2470 1554 2493 necesse
1571 2466 1618 2492 est
1641 2470 1717 2501 ergo
1732 2470 1801 2492 am-

1017 2512 1100 2553 plius
1118 2512 1253 2552 operari,
1268 2516 1303 2543 ut
1322 2521 1391 2543 eam
1402 2511 1505 2543 valeas
1518 2511 1668 2542 enutrire.
1690 2511 1727 2541 Et
1739 2514 1801 2542 tam

1018 2561 1128 2592 diebus
1139 2570 1233 2602 quam
1242 2561 1386 2593 noctibus
1396 2561 1561 2602 operabar,
1572 2564 1606 2592 ut
1621 2561 1651 2591 ei
1660 2561 1802 2601 quotidie

1014 2664 1074 2692 doli
1085 2673 1137 2693 von
1149 2664 1214 2693 Ems
1227 2665 1447 2700 herausgegeben
1462 2671 1514 2691 von
1526 2663 1609 2692 Mori:
1623 2663 1802 2700 Haupt.Leip-

1015 2711 1160 2792 “i813:
1173 2760 1237 2792 gute
1251 2755 1375 2783 Gerhard
1390 2755 1445 2782 und
1459 2755 1503 2782 die
1512 2754 1671 2783 dankbaren
1683 2755 1801 2783 Todlen.

1022 2802 1071 2830 Ein
1083 2802 1191 2839 Beitrag
1205 2811 1254 2830 zur
1270 2803 1422 2830 deutschen
1439 2801 1603 2839 Mythologie
1624 2803 1681 2831 und
1696 2803 1802 2839 Sagen-

1020 2848 1111 2877 kunde
1130 2857 1181 2877 von
1208 2849 1239 2876 K.
1261 2848 1394 2877 Simrock.
1424 2848 1501 2877 Bonn
1523 2849 1566 2878 hei
1595 2849 1678 2878 Adolt
1696 2849 1800 2878 Marcus

1019 2895 1099 2923 1856.

1624 2987 1646 3019 5
