2060 3153
272 169 320 197 ﬁt

673 171 721 199 SS.
744 170 975 199 MACARIORUM
996 171 1156 199 AEGYPTll
1174 172 1218 199 ΕΤ
1237 172 1470 200 ALEXANDRINI

1839 178 1890 206 132

271 219 384 250 victum
400 219 616 250 ministrarem.
634 220 692 250 Sed
703 220 830 260 quando
842 221 972 252 miserae
980 224 1056 251 tem-
1071 227 1091 253 Α
1107 222 1206 261 ipsam
1222 221 1331 253 beatus
1345 222 1495 253 Macarius
1511 222 1723 262 requisivisset
1741 232 1747 254 :
1761 223 1891 255 Humili-

272 278 330 308 pus
346 269 485 308 pariendi
506 269 641 306 advenit,
657 270 767 301 diebus
784 270 925 310 plurimis
942 280 1053 310 parcre

270 318 405 348 cruciata
415 326 477 348 non
493 318 602 357 potuit.
620 320 702 354 Quae
713 319 788 358 quid
799 319 923 350 fecisset
943 321 1049 359 requi-

268 368 327 399 sita
340 367 502 407 respondit
518 377 524 398 :
543 369 619 404 Quia
639 369 846 400 auachoretae
864 369 908 400 illi
929 378 1053 400 causam

269 426 335 448 non
352 417 479 449 habenti
493 419 611 449 crimen
625 419 772 458 imposui.
785 420 861 450 Nam
872 428 922 450 me
932 420 1053 451 iuvenis

269 467 388 498 vicinus
403 468 571 499 nosterille
588 469 784 508 compressit.
798 469 885 505 Quod
901 478 971 500 cum
986 470 1050 507 ille,

268 518 323 557 qui
343 518 421 548 mihi
435 518 637 555 ministrabat,
654 518 814 555 audiissct,
829 519 941 558 gaudio
953 520 1054 559 reple-

266 571 316 599 tus
345 571 424 607 139
450 568 585 605 advenit,
615 566 774 599 infelicem
794 569 879 599 illam
902 569 1049 608 puellam,

267 618 450 657 priusquam
475 618 639 655 fateretur,
675 618 762 658 quod
791 619 846 649 tibi
865 619 1051 651 calumniam

266 667 377 698 frustra
392 669 562 705 contexuit,
581 677 690 708 parcre
709 668 887 699 nullatenus
910 670 1050 708 potuisse

266 718 785 754 vociferans,sedetomnesvicinos
802 720 919 756 venire,
936 723 965 750 et
978 720 1009 751 in
1019 724 1050 751 te

265 767 422 797 commissi
440 768 561 798 veniam
577 767 746 807 postulare.
762 769 846 803 Quae
861 776 920 806 ego
935 777 1051 807 cogno-

263 825 411 853 scens,ne
424 826 474 847 me
488 820 517 847 et
529 817 589 856 ipsi
604 816 747 847 homines
766 817 977 854 molestarent,
1000 818 1048 849 fe-

264 866 361 897 stinus
383 866 555 897 abscedens
575 867 607 897 in
629 867 714 898 hunc
731 866 835 898 locum
854 868 993 907 perveni,
1019 871 1050 898 et

1104 274 1150 301 tas
1169 275 1234 307 tua,
1256 271 1343 307 dixit,
1368 271 1433 301 sola
1452 279 1503 302 me
1524 271 1629 302 vincit.
1653 273 1737 303 Haec
1765 273 1888 305 dicente

1101 321 1240 356 inimico,
1257 324 1288 351 et
1312 321 1500 352 extendente
1524 321 1616 351 beato
1631 322 1763 353 Macario
1779 331 1888 355 manus

1102 378 1173 400 suas
1193 370 1232 400 ad
1252 370 1436 407 orationem,
1452 370 1579 410 spiritus
1601 370 1782 402 immundus
1808 373 1888 405 inter

1101 428 1192 451 auras
1224 419 1348 450 evanuit
1367 419 1421 460 (8).
1452 420 1567 451 Eadem
1588 420 1681 460 plane
1698 421 1737 452 ad
1758 422 1887 454 verbum

1102 469 1248 508 leguntur
1266 469 1298 499 in
1314 469 1393 500 libro
1409 469 1542 509 septimo
1556 469 1612 510 (9);
1637 470 1670 500 in
1686 470 1764 502 libro
1784 476 1886 503 autem

1102 519 1212 557 quinto
1231 517 1292 557 (10)
1309 521 1340 548 et
1360 518 1393 548 in
1407 518 1715 558 Apophthegmatisa
1733 520 1885 551 Cotelerio

1102 568 1192 599 editis
1213 567 1272 608 (ll)
1289 568 1349 599 hoc
1371 568 1499 607 quidem
1521 568 1700 599 discrimine
1719 569 1884 607 habentur,

1101 624 1135 650 ut
1160 619 1230 650 ﬁnis
1253 619 1316 656 ille,
1345 622 1453 650 orante
1479 619 1613 650 Macario
1638 620 1798 651 diabolum
1819 629 1886 652 eva-

1100 669 1218 706 nuisse,
1237 669 1442 700 desideretur.
1452 670 1771 700 Animadvertendum
1783 674 1840 707 est,
1852 671 1883 701 in

1100 718 1377 758 Apophthegmatis
1409 727 1474 749 rem
1498 718 1547 749 bis
1573 719 1722 756 inveniri;
1746 728 1818 750 nam
1841 720 1884 750 ibi

1100 773 1211 807 postea
1220 769 1334 799 iterum
1343 768 1420 808 legis
1433 778 1438 798 :
1451 780 1465 796 «
1476 768 1557 799 Alias
1564 768 1677 799 iterum
1686 769 1820 800 daemon
1827 769 1882 800 ad—

1099 826 1207 848 versus
1222 818 1387 848 Macarium
1402 817 1545 848 abbatem
1559 817 1727 848 insurrexit
1737 826 1808 847 cum
1823 817 1884 855 gla-

1101 867 1196 904 diolo,
1220 867 1287 898 eius
1308 867 1421 906 pedem
1446 870 1672 906 amputaturus.
1700 866 1787 903 Quod
1812 875 1883 897 cum

263 917 396 948 haecest
408 926 499 948 causa
510 917 572 948 mei
592 917 625 948 in
640 918 706 948 istis
721 917 798 948 locis
810 917 1042 959 adventus(1).»
1062 913 1082 940 Β
1096 921 1228 956 propter
1246 917 1452 949 humilitatem
1473 917 1540 947 eius
1563 925 1628 947 non
1647 917 1809 956 potuisset,
1828 917 1858 947 ei
1874 925 1881 947 :

263 968 347 998 Idem
360 968 492 1005 traditur
507 968 540 998 in
559 968 620 998 VV.
639 969 696 998 PP.
720 968 801 999 libro
815 969 926 1008 quinto
943 968 995 1009 (2),
1015 972 1046 1000 et

261 1018 293 1047 in
318 1017 596 1057 Apophthegmatis
619 1026 637 1049 a
652 1018 805 1049 Cotelerio
827 1019 917 1050 editis
936 1019 989 1058 (3),
1014 1023 1044 1050 et

261 1067 427 1107 utrobique
434 1067 533 1105 locus,
545 1068 577 1098 in
588 1077 682 1107 quem
692 1069 842 1099 Macarius
852 1068 943 1108 fugit,
954 1070 1044 1100 Scete

260 1117 450 1157 appellatur;
487 1127 525 1149 ex
558 1126 622 1157 quo
656 1118 821 1149 Macarium
860 1119 1044 1158 Aegyptium

258 1165 354 1196 fuisse
376 1175 448 1196 eum
460 1169 600 1206 apparet.
611 1167 690 1196 Eum
703 1174 777 1197 vero
786 1174 870 1197 anno
884 1167 1044 1204 trigesimo

259 1215 366 1245 aetatis
384 1223 457 1245 suae
476 1215 508 1245 in
528 1215 641 1245 Scetim
660 1214 772 1245 abiisse
788 1224 805 1245 e
818 1215 954 1246 Palladio
966 1224 1044 1246 con-

257 1268 317 1295 stat
339 1265 392 1305 (4).
414 1267 455 1296 Ac
468 1265 566 1296 sancti
584 1265 711 1304 quidem
734 1273 799 1295 non
819 1265 912 1304 pauci
928 1265 967 1296 de
981 1266 1043 1297 cri-

258 1315 342 1346 mine
358 1315 452 1346 scorti
465 1314 543 1345 falso
557 1315 692 1345 accusati
702 1323 770 1345 esse
789 1315 947 1352 dicuntur,
963 1324 1046 1355 quo—

258 1373 327 1394 rum
341 1364 521 1395 innocentia
538 1367 646 1403 postea
664 1363 786 1394 detecta
801 1366 857 1394 est.
871 1364 894 1394 E
910 1372 1045 1403 quorum

258 1422 390 1444 numero
403 1413 530 1443 fuerunt
544 1413 671 1449 Marina,
686 1413 835 1450 Eugenia,
857 1413 1045 1453 Apollinaris

257 1464 403 1502 virgines,
424 1471 504 1502 quae
525 1462 632 1493 habitu
655 1463 736 1493 virili
752 1463 918 1503 adsumpto
939 1468 1044 1495 sancte

257 1515 400 1545 vixerunt
412 1514 465 1554 (5),
473 1516 504 1544 et
514 1513 689 1544 Eustathius
704 1513 803 1544 lector
814 1514 979 1544 Caesareae
990 1523 1044 1544 ur-

257 1566 305 1596 bis
319 1566 351 1595 in
368 1564 542 1596 Palaestina
560 1564 646 1599 sitae,
666 1563 716 1594 cui
730 1563 814 1594 idem
829 1563 933 1603 plane,
959 1564 1044 1603 quod

255 1615 399 1652 Macario,
437 1614 587 1645 accidisse
621 1614 832 1653 comperimus
866 1613 919 1653 (6).
943 1614 1041 1644 Etiam

254 1665 350 1697 hodie
357 1665 391 1696 in
398 1664 605 1705 Elephantine
613 1663 725 1701 insula,
735 1667 844 1703 stupro
860 1664 1041 1702 commisso,

255 1715 426 1756 propinqui
439 1714 566 1754 virginis
584 1713 690 1754 lapsae
709 1717 740 1744 et
759 1713 861 1753 ipsam
882 1717 912 1744 et
925 1722 1008 1750 eum,
1024 1723 1042 1745 a

254 1776 318 1807 quo
330 1769 476 1806 corrupta
486 1769 543 1801 est,
557 1764 702 1796 occidere
712 1764 814 1795 solent
832 1764 884 1805 (7).

296 1833 309 1846 ιι
328 1819 428 1849 Abbas
450 1817 600 1848 Macarius
616 1815 691 1846 dum
712 1815 849 1846 diluculo
866 1815 1042 1856 palmarum

255 1868 329 1899 folia
342 1872 470 1908 portans
480 1867 518 1898 ad
529 1866 638 1898 cellam
652 1874 740 1896 suam
754 1869 972 1903 reverteretur,
990 1875 1042 1897 oc-

253 1918 348 1950 currit
365 1917 393 1948 ei
404 1916 545 1948 diabolus
558 1924 630 1947 cum
643 1915 721 1946 falce
733 1919 909 1955 praeacuta,
920 1915 1042 1946 volens-

251 1976 315 2010 gue
336 1976 408 1998 eum
437 1969 600 2006 percutere
621 1973 687 1996 non
705 1965 836 1997 valebat.
867 1965 924 2000 Qui
941 1965 1042 1996 excla-

253 2026 342 2048 mans
366 2017 443 2047 dixit
459 2025 464 2047 :
481 2017 623 2054 Magnam
645 2024 662 2045 a
681 2018 712 2046 te
730 2015 792 2045 vim
811 2015 924 2055 patior,
940 2024 959 2045 o
980 2017 1041 2046 Ma-

254 2067 327 2104 cari,
353 2067 418 2106 qui,
438 2075 509 2097 cum
530 2070 561 2096 te
582 2065 676 2106 cupio
700 2073 826 2102 nocere,
851 2073 916 2096 non
936 2065 1038 2103 valeo,

254 2118 339 2153 dum,
356 2125 562 2156 quaecunque
575 2120 610 2146 tu
625 2115 712 2152 facis,
728 2124 788 2154 ego
799 2118 898 2155 magis
913 2125 952 2146 ex
963 2124 1038 2156 cpe-

254 2177 287 2198 re
302 2167 394 2198 facio.
410 2168 455 2197 Tu
465 2175 540 2205 ergo
554 2167 675 2197 ieiunas
689 2166 859 2203 interdum,
876 2175 935 2205 ego
950 2167 1038 2198 nullo

251 2225 390 2258 unquam
403 2218 474 2248 cibo
487 2217 620 2248 reﬁcior.
632 2218 678 2247 Tu
686 2226 780 2257 saepe
791 2217 909 2256 vigilas,
921 2226 972 2260 me
987 2227 1037 2248 ve-

252 2276 287 2299 ro
299 2276 396 2307 sopor
405 2275 565 2306 nunquam
584 2267 662 2303 14.0
672 2267 837 2307 oppressit.
854 2267 915 2297 Sed
931 2268 964 2298 in
974 2277 1037 2298 una

252 2327 286 2348 re
301 2327 351 2348 me
366 2318 474 2354 vincis,
490 2317 559 2357 ipse
581 2317 742 2357 proﬁteor.
758 2318 833 2347 Cum
859 2317 897 2348 ab
914 2326 952 2347 eo
970 2326 1036 2348 rem

287 2408 454 2443 (I)VV.PP.
477 2409 568 2437 Rnsw.
583 2408 629 2436 lib.
640 2407 674 2434 lll
690 2415 751 2443 cap.
768 2407 802 2435 99
817 2416 844 2443 p.
867 2408 929 2440 515,
952 2408 970 2435 9.
993 2417 1035 2444 sq.

285 2455 325 2490 (ἓ)
340 2455 407 2482 lbid.
425 2455 473 2487 lib,
491 2454 513 2481 ν
529 2454 611 2481 libell.
631 2453 714 2486 15,2!
730 2462 756 2488 p.
777 2454 839 2487 6‘25,
854 2453 871 2480 2
890 2462 932 2489 sq.

287 2502 324 2536 (5)
340 2501 456 2529 Coteler.
470 2500 543 2528 Eccl.
556 2500 652 2527 Graec.
665 2499 739 2526 Mon.
752 2498 784 2527 Τ.
800 2499 846 2534 lp.
859 2499 911 2527 524
923 2508 965 2535 sq.
976 2508 999 2528 s.
1008 2509 1035 2528 ν.

251 2546 387 2574 Macarius
396 2547 538 2582 Aegyptius
549 2545 564 2581 ᾗ
576 2545 597 2578 l;
613 2545 682 2573 infra
694 2545 721 2572 in
734 2546 829 2573 harum
838 2545 1035 2579 Quaestionum

249 2593 406 2628 Appendice
421 2593 505 2619 altera
519 2591 622 2619 sublll.

285 2638 324 2674 (4)
340 2638 382 2666 Cf.
393 2646 476 2673 supra
491 2638 504 2673 §
518 2638 551 2664 12
565 2646 591 2672 p.
603 2638 645 2665 58.

287 2685 325 2720 (5)
338 2685 399 2712 Vita
411 2684 439 2711 S.
452 2684 571 2710 Mariuae
585 2683 641 2711 νγ,
655 2682 707 2709 PP.
717 2683 809 2710 Rosw.
824 2683 871 2710 lib.
898 2683 906 2710 l
929 2690 955 2718 p.
983 2683 1036 2710 395

251 2738 312 2765 sqq.
328 2729 387 2756 Vita
403 2729 431 2756 S.
451 2729 588 2764 Eugeniae
608 2729 673 2755 ibid.
691 2737 718 2763 p.
735 2729 787 2755 340
803 2737 863 2763 sqq.
882 2728 920 2755 De
936 2730 1035 2763 Appol-

251 2776 331 2803 linari
346 2776 450 2810 virgine
466 2775 502 2802 cf.
518 2775 585 2802 infra
604 2774 690 2810 Caput
705 2774 749 2802 Vll
761 2775 828 2811 §lii.

287 2821 325 2856 (6)
341 2821 410 2848 illst.
429 2820 510 2847 Laus.
529 2822 571 2848 ed.
587 2819 687 2846 Meurs.
702 2827 763 2855 cap.
779 2819 831 2846 tu
848 2819 916 2854 Opp.
932 2818 1031 2846 Mcurs.

251 2867 297 2895 l.l.
309 2875 335 2901 p.
350 2865 450 2894 627.!n
468 2865 546 2894 codd.
566 2864 720 2894 Viudobon.
738 2865 813 2893 locus
831 2865 865 2892 de
892 2864 1034 2892 Eustatliio

252 2914 338 2942 deest.

1095 969 1304 1008 Quaecunque
1320 968 1453 1005 habetis,
1469 967 1582 1006 inquit,
1598 967 1751 998 habemus
1766 969 1796 998 et
1806 975 1881 1004 nos;

1094 1018 1160 1049 sola
1182 1018 1354 1048 humilitate
1373 1027 1391 1048 a
1410 1017 1501 1048 nobis
1518 1017 1649 1048 ditiertis
1672 1020 1702 1047 et
1729 1017 1884 1057 praevale-

1093 1069 1133 1099 tis
1148 1067 1221 1108 (12).
1243 1080 1257 1096 »
1275 1069 1350 1099 Cum
1365 1067 1654 1107 ApOphthegmatis,
1669 1067 1724 1098 ubi
1747 1076 1797 1098 res
1807 1077 1835 1102 s.
1848 1076 1881 1097 ν.

1094 1116 1430 1156 MacariusAcgyptius
1444 1116 1590 1153 occurrit,
1603 1116 1770 1147 convenire
1794 1116 1881 1147 vide-

1094 1169 1144 1198 tur
1168 1166 1239 1197 libri
1266 1166 1368 1206 quinti
1395 1166 1539 1206 scriptor,
1573 1166 1627 1205 qui
1650 1166 1819 1197 narrationi
1842 1166 1882 1197 de

1094 1217 1228 1247 Macario
1244 1215 1398 1255 Aegyptio
1413 1215 1498 1246 illam
1514 1215 1690 1246 subiunxit:

1135 1279 1148 1294 α
1162 1266 1300 1303 Quodam
1318 1270 1459 1306 tempore
1469 1265 1565 1303 abbas
1575 1265 1736 1302 Macarius,
1752 1265 1826 1296 dum
1841 1265 1880 1297 ad

1095 1320 1233 1348 montem
1252 1317 1367 1348 Nitriae
1380 1315 1574 1353 ascenderet,
1590 1315 1745 1355 discipulo
1762 1325 1832 1353 suo,
1846 1319 1882 1346 ut

1094 1375 1206 1406 parum
1226 1367 1439 1407 praecederet,
1458 1367 1633 1406 imperavit.
1652 1366 1792 1403 Quicum
1809 1369 1881 1398 ante

1094 1417 1183 1447 illum
1192 1420 1348 1456 pergeret,
1356 1416 1481 1447 obvium
1496 1416 1605 1447 habuit
1615 1415 1772 1456 quendam
1782 1425 1883 1447 sacer-

1095 1466 1202 1498 dotem
1217 1466 1386 1504 idolorum,
1399 1475 1491 1497 cursu
1507 1467 1631 1497 concito
1645 1466 1833 1504 venientem,
1850 1471 1882 1498 et

1094 1517 1213 1556 lignum
1228 1517 1344 1555 grande
1355 1520 1543 1556 portantem.
1557 1517 1610 1547 Cui
1628 1516 1803 1547 exclamans
1815 1517 1858 1548 ait
1871 1527 1878 1548 :

1057 1579 1078 1609 ο
1095 1567 1162 1603 Quo
1180 1566 1290 1602 curris,
1304 1565 1458 1596 daemon?
1472 1568 1508 1596 At
1525 1565 1578 1597 ille
1594 1566 1689 1597 iratus
1704 1566 1798 1597 tantis
1807 1574 1880 1597 eum

1093 1616 1192 1656 plagis
1201 1615 1316 1653 affecit,
1326 1618 1360 1645 ut
1371 1616 1546 1646 exanimem
1558 1624 1658 1655 paene
1671 1615 1878 1656 relinqueret;

1092 1669 1123 1697 et
1137 1665 1245 1696 relicto
1260 1674 1298 1698 eo
1324 1665 1470 1696 sacerdos
1494 1665 1609 1696 iterum
1629 1665 1782 1696 currebat.
1803 1667 1880 1696 Pro-

1092 1723 1280 1755 gressusque
1294 1723 1404 1754 parum
1419 1714 1553 1746 obviavit
1566 1715 1657 1746 beato
1668 1716 1811 1753 Macario,
1823 1715 1880 1755 qui

1091 1765 1133 1795 ait
1150 1764 1190 1795 ad
1205 1772 1277 1794 eum
1294 1773 1301 1793 :
1322 1763 1465 1801 Salveris,
1489 1763 1656 1801 laborator,
1676 1764 1819 1796 salveris!
1841 1767 1880 1796 At

1089 1814 1144 1845 ille
1170 1814 1339 1845 admiratus
1365 1813 1553 1853 respondit:
1572 1813 1650 1850 Quid
1674 1813 1708 1844 in
1730 1823 1780 1845 me
1802 1815 1879 1846 boni

1091 1864 1294 1905 conspexisti,
1312 1867 1347 1895 ut
1367 1873 1417 1895 me
1431 1863 1605 1895 salutares?
1623 1864 1678 1895 Cui
1698 1873 1795 1895 senex
1815 1865 1876 1896 ait:

1090 1915 1166 1952 Quia
1180 1915 1239 1945 vidi
1255 1918 1285 1945 te
1300 1913 1506 1950 laborantem,
1526 1917 1556 1944 et
1571 1914 1669 1945 curris
1684 1914 1876 1953 ignoranter.

1090 1965 1144 1995 Cui
1154 1964 1299 1995 sacerdos
1309 1963 1386 1994 dixit
1397 1972 1403 1993 :
1415 1964 1452 1993 Et
1462 1972 1521 2002 ego
1533 1963 1720 1994 salutatione
1729 1967 1781 1994 tua
1792 1972 1879 1994 com—

1089 2018 1224 2055 punctus
1239 2022 1386 2052 magnum
1398 2022 1521 2044 servum
1535 2014 1591 2043 Dei
1601 2016 1631 2043 te
1643 2013 1790 2051 cognovi;
1803 2021 1877 2043 nam

1088 2064 1165 2094 alter
1186 2064 1262 2099 151
1279 2063 1386 2093 nescio
1413 2063 1484 2101 quis
1501 2062 1687 2093 miserabilis
1703 2065 1878 2094 monachus

1088 2122 1258 2144 occurrens
1276 2112 1354 2143 mihi
1370 2113 1499 2143 iniurias
1518 2111 1604 2150 fecit,
1616 2112 1671 2143 sed
1686 2116 1716 2143 et
1731 2121 1790 2152 ego
1806 2113 1875 2152 pla-

1088 2172 1141 2202 gas
1157 2163 1202 2193 illi
1226 2171 1284 2203 pro
1303 2163 1406 2194 verbis
1423 2162 1572 2203 imposui.
1587 2164 1674 2193 Tunc
1694 2163 1875 2202 apprehen-

1088 2213 1165 2244 dens
1192 2213 1289 2253 pedes
1307 2212 1387 2243 beati
1412 2212 1536 2243 Macarii
1560 2212 1712 2244 clamabat
1734 2213 1841 2244 dicens
1866 2222 1873 2243 :

1089 2264 1155 2294 Nisi
1181 2272 1233 2294 me
1258 2262 1448 2293 monachum
1478 2262 1602 2300 feceris,
1627 2272 1691 2294 non
1713 2263 1872 2295 desistam.

1090 2315 1320 2352 Pergentesque
1332 2313 1447 2352 pariter
1461 2316 1613 2344 venerunt
1635 2313 1674 2344 ad
1691 2313 1808 2352 locum,
1819 2315 1874 2346 ubi

1120 2404 1158 2439 (7)
1171 2404 1292 2431 Mimitoli
1306 2402 1386 2431 Bcise
1406 2410 1467 2429 zum
1486 2402 1595 2437 Tempel
1619 2403 1667 2429 des
1686 2402 1794 2438 Jupiter
1812 2404 1874 2431 Am-

1084 2459 1147 2478 mon
1160 2459 1185 2486 p.
1204 2450 1267 2477 €192.

1121 2498 1160 2533 (8)
1175 2497 1232 2525 νγ.
1249 2497 1300 2524 ΡΡ.
1320 2497 1413 2524 Rosw.
1427 2497 1472 2524 lib.
1490 2496 1525 2524 Ill
1538 2504 1597 2531 cap.
1616 2496 1666 2523 124
1686 2505 1712 2531 p.
1727 2497 1790 2531 5i8,
1808 2498 1836 2524 Ξ.

1119 2545 1156 2581 (9)
1169 2543 1236 2571 ibid.
1247 2544 1295 2571 lib.
1310 2542 1425 2578 vucap.
1441 2543 1482 2575 ιε,
1498 2543 1513 2570 ϐ
1530 2551 1556 2577 p.
1568 2543 1630 2575 670,
1639 2543 1666 2568 2.

1119 2588 1174 2622 (id)
1190 2587 1257 2614 ibid.
1275 2588 1322 2614 lib.
1337 2587 1357 2614 v
1370 2587 1453 2614 libell.
1468 2586 1558 2618 15,26
1571 2594 1596 2620 p.
1615 2586 1681 2619 624,
1703 2587 1727 2613 1.

1120 2635 1176 2670 (il)
1196 2634 1312 2662 Coteler.
1334 2633 1407 2660 Eccl.
1429 2633 1525 2660 Graec.
1546 2632 1619 2660 Mon.
1641 2631 1671 2658 T.
1694 2633 1703 2659 1
1724 2641 1749 2667 p.
1771 2633 1822 2660 554
1846 2643 1869 2661 s.

1084 2689 1110 2708 v.
1131 2679 1268 2707 Macarius
1283 2679 1425 2714 Aegyptius
1441 2678 1454 2713 §
1470 2677 1522 2710 X1;
1542 2677 1612 2704 infra
1631 2679 1659 2705 in
1675 2678 1772 2706 harum
1784 2678 1872 2712 Quae-

1085 2726 1204 2754 stionum
1224 2725 1381 2760 Appendice
1400 2724 1484 2751 altera
1504 2723 1555 2750 sub
1574 2722 1618 2750 lll.

1119 2773 1174 2806 (12)
1196 2773 1262 2800 Ibid.
1281 2780 1308 2808 p.
1328 2773 1379 2800 545
1405 2779 1447 2806 sq.
1473 2780 1496 2799 s.
1523 2780 1550 2798 ν.
1573 2771 1709 2798 Macarius
1730 2772 1871 2806 Aegyptius

1086 2820 1099 2855 ᾗ
1118 2819 1232 2851 XXXV;
1253 2819 1324 2846 infra
1343 2819 1369 2846 in
1390 2819 1486 2845 harum
1503 2817 1857 2852 QuaestionumAppendicc

1088 2865 1172 2892 altera
1188 2864 1239 2892 sub
1257 2862 1302 2891 Ill.
