2060 3153
188 181 244 210 133

954 183 1069 211 VITAE.

1764 190 1817 218 156

186 248 298 272 caesus
308 238 402 270 frater
414 238 544 269 iacebat.
561 238 659 274 Quem
674 239 799 278 utrique
815 239 974 275 tollentes,
992 243 1013 270 A
1029 242 1503 284 quantulamcunquepatimur;
1520 245 1566 276 ill—i
1586 254 1671 284 vero,
1688 247 1742 286 qui
1760 256 1819 279 co-

162 293 168 303 ‘
188 291 337 331 quoniam
349 289 434 328 gradi
452 297 517 319 non
533 292 666 329 poterat,
676 289 820 320 manibus
829 290 862 320 in
878 291 979 321 eccle-

156 340 160 348 ‘
188 342 265 372 siam
279 339 487 380 pertulerunt.
499 339 575 370 Cum
586 342 691 370 autem
704 339 815 371 fratres
829 340 978 372 vidissent

189 391 379 423 sacerdotem
396 390 485 421 illum
498 390 624 421 beatum
638 390 808 421 Macarium
822 391 976 422 comitan-

187 447 260 478 tem,
273 440 436 481 stupefacti
469 449 541 472 cum
560 439 766 471 admiratione
788 441 979 473 monachum

185 492 273 523 illum
289 492 468 531 perﬁciunt,
485 494 516 522 et
525 491 615 522 multi
627 494 758 531 propter
767 491 855 522 illum
871 501 910 523 ex
920 501 977 532 pa-

185 543 273 582 ganis
282 542 357 573 facti
372 546 445 573 sunt
463 541 638 573 Christiani.
654 542 779 573 Dicebat
794 551 869 582 ergo
883 543 979 574 abbas

188 593 360 624 Macarius:
370 593 447 630 Quia
457 601 561 624 sermo
571 593 727 632 superbus
738 596 769 623 et
777 593 877 624 malus
885 594 978 624 etiam

185 645 288 676 bonos
301 645 385 676 viros
405 645 560 676 convertit
580 644 619 675 ad
639 644 768 682 malum,
785 654 889 676 sermo
903 654 978 676 vero

186 694 315 725 humilis
334 698 365 725 et
384 695 489 726 bonus
507 694 600 725 etiam
621 694 721 726 malos
735 698 833 726 mutat
855 696 889 726 in
909 704 977 726 me-

187 745 249 776 lius
263 744 318 784 (1).
337 757 351 773 »
373 745 488 776 Eadem
508 745 591 775 inter
610 744 880 785 Apophthegmata
894 745 980 785 apud

189 795 376 827 Cotelerium
387 795 544 834 leguntur,
558 795 609 826 ubi
622 795 664 826 ita
677 795 835 835 incipiunt
853 804 882 825 τι
898 796 978 826 Nar-

190 849 301 877 rarunt
312 846 476 877 Macarium
487 845 671 885 Aegyptium
685 845 829 876 abbatem
835 845 978 885 aliquan-

191 896 232 928 do
242 906 259 927 e
269 897 356 927 Scete
369 895 546 927 ascendisse
557 895 589 925 in
601 898 739 926 montem
752 895 937 936 Nitriae..(2)
946 905 954 933 ;
963 908 978 924 ιο

191 949 294 977 cetera
310 953 382 976 vero
400 948 545 976 accurate
561 953 633 975 cum
656 944 718 975 illis
735 946 938 976 conveniunt.

231 1007 245 1023 α
261 996 363 1026 Abbas
381 995 532 1026 Macarius
547 995 622 1026 dum
637 995 812 1026 ambularet
825 995 858 1026 in
874 996 981 1027 deser-

190 1050 233 1082 to,
253 1049 346 1086 caput
356 1045 517 1076 cuiusdam
528 1044 665 1075 hominis
679 1044 802 1076 aridum
815 1045 934 1077 invenit
947 1047 981 1078 in

188 1100 279 1127 ttrra.
297 1096 384 1133 Quod
405 1100 572 1136 postquam
597 1095 710 1126 bacqu
736 1104 794 1126 suo
814 1096 980 1133 convertit,

188 1155 298 1177 vocem
316 1146 415 1177 visum
430 1149 477 1177 est
494 1145 647 1177 emittere.
665 1145 753 1181 Quod
769 1154 877 1183 senex,
899 1146 982 1186 quis-

190 1205 262 1227 nam
277 1199 370 1233 esset,
387 1195 568 1234 interrogat.
591 1196 628 1226 At
649 1195 703 1226 ille
721 1195 884 1236 respondit
897 1205 903 1226 :
916 1197 981 1234 Ego

190 1246 318 1286 quidem
333 1246 482 1286 princeps
499 1255 584 1277 eram
599 1245 796 1277 sacerdotum
812 1246 979 1285 idolorum,

191 1295 243 1335 qui
261 1295 294 1326 in
313 1295 374 1326 hoc
394 1295 465 1326 loco
485 1295 676 1326 habitabant.
696 1296 743 1326 Tu
757 1300 862 1327 autem
878 1305 911 1327 es
924 1296 979 1328 ab-

190 1344 245 1375 bas
255 1345 406 1376 Macarius
421 1346 537 1386 Spiritu
548 1346 654 1377 divino
668 1346 817 1386 repletus.
832 1348 983 1384 Quacum-

191 1403 253 1435 que
268 1395 353 1426 enim
373 1395 451 1427 hora
473 1396 618 1427 misertus
633 1405 744 1428 eorum
758 1396 866 1435 fueris,
879 1398 933 1437 qui
949 1397 983 1428 in

191 1453 295 1484 poena
306 1449 390 1482 sunt,
410 1449 440 1476 et
453 1454 511 1486 pro
523 1446 561 1477 iis
572 1447 720 1484 oraveris,
735 1446 984 1478 consolationem

191 1495 326 1535 aliquam
338 1496 488 1527 sentiunt.
506 1497 560 1528 Cui
571 1506 668 1528 senex
681 1506 688 1527 :
700 1498 738 1528 Et
748 1506 830 1537 quae
847 1500 894 1528 est
904 1506 983 1529 con-

191 1545 302 1577 solatio
320 1550 419 1577 vestra
429 1546 477 1577 vel
494 1546 619 1587 poena?
634 1548 802 1588 responde.
821 1549 858 1579 At
869 1547 923 1579 ille
935 1548 982 1579 al-

1031 293 1150 331 gnitum
1169 298 1371 333 negaverunt,
1389 297 1582 335 gravioribus
1606 301 1637 328 et
1654 298 1820 329 ineffabili-

1030 343 1089 374 bus
1102 344 1215 383 poenis
1229 345 1338 376 subtus
1354 354 1411 376 nos
1424 346 1613 378 cruciantur.
1634 348 1751 384 Quibus
1761 356 1818 379 au-

1032 392 1103 423 ditis
1121 393 1231 424 bcatus
1245 395 1396 425 Macarius
1415 396 1515 435 capite
1535 397 1627 428 altius
1643 401 1745 428 terrae
1762 398 1819 429 de-

1030 442 1116 474 fosso
1141 444 1282 475 discessit
1301 444 1354 485 (3).
1376 457 1390 473 »
1411 446 1498 477 Idem
1519 447 1552 477 in
1572 447 1653 478 libro
1672 451 1760 479 sexto
1777 447 1818 488 (4)

1032 492 1072 523 de
1081 493 1190 524 abbate
1205 494 1338 526 Macario
1348 495 1459 525 maiori
1474 496 1495 526 i.
1506 504 1534 526 e.
1551 497 1716 537 Aegyptio,
1725 501 1821 538 atque

1030 542 1063 573 in
1084 543 1366 584 Apophthegmatis
1384 553 1401 575 a
1418 545 1570 577 Cotelerio
1586 546 1675 578 editis
1692 547 1731 587 (5)
1744 556 1770 578 s.
1786 557 1820 578 v.

1031 593 1193 624 Macarius
1217 594 1390 634 Aegyptius
1405 595 1545 626 traditur.
1565 597 1629 628 Nec
1648 607 1712 629 non
1736 598 1819 630 idem

1032 642 1224 683 colloquium
1244 645 1378 675 Ioannes
1395 645 1614 683 Damascenus,
1629 646 1707 678 falso
1723 651 1758 678 ut
1773 649 1819 678 vi-

1033 692 1134 729 detur,
1159 693 1192 723 in
1214 694 1349 725 Historia
1369 695 1516 726 Lausiaca
1536 696 1648 735 legisse
1667 706 1700 728 se
1723 699 1818 729 tradi-

1038 741 1083 772 dit
1112 741 1171 782 (6),
1193 742 1226 773 in
1247 752 1310 782 qua
1343 743 1438 775 hodie
1456 753 1521 775 non
1543 746 1678 786 amplius
1694 746 1819 786 legitur.

1032 793 1133 832 Atque
1155 792 1287 833 insuper
1308 802 1326 824 a
1349 794 1500 826 Micliaele
1515 795 1611 835 Glyca
1628 796 1682 836 (7),
1704 797 1737 827 in
1761 798 1823 827 Mc-

1033 843 1120 874 naeis
1147 844 1337 876 Graecorum
1365 844 1426 884 (8),
1454 854 1472 876 a
1499 846 1678 886 Niceplioro
1705 847 1822 878 Blcmi-

1034 893 1072 923 da
1098 892 1156 933 (9),
1187 897 1217 924 et
1243 894 1276 924 in
1303 895 1428 926 Ioannis
1455 896 1649 935 Hagioelitae
1677 897 1823 928 encomio

1031 943 1155 974 Macarii
1161 944 1305 984 Aegyptii
1313 944 1339 985 (1
1346 945 1374 986 0)
1382 950 1583 978 memoratur.
1591 948 1823 988 Theologorum

1030 992 1288 1025 scholasticorum
1308 995 1436 1034 ingenia
1456 997 1496 1028 ob
1515 997 1721 1035 difficultates,
1742 1008 1824 1038 quae

1032 1043 1061 1073 ei
1074 1043 1193 1080 insunt,
1212 1044 1404 1084 dogmaticas
1424 1046 1556 1078 multum
1577 1049 1727 1079 exercuit.
1743 1050 1824 1085 Quas

1032 1094 1161 1133 quidem
1180 1095 1211 1125 S.
1229 1095 1374 1133 Thomas,
1391 1097 1532 1128 refutatis
1542 1102 1719 1130 ceterorum
1734 1098 1824 1130 scho-

1032 1144 1211 1176 lasticorum
1229 1145 1290 1177 Ioci
1311 1146 1582 1186 explicationibus,
1595 1149 1714 1188 optime
1724 1157 1823 1189 expe-

1032 1194 1100 1225 dire
1126 1195 1244 1226 studuit
1273 1195 1346 1236 (ll).
1375 1197 1436 1228 Sed
1458 1205 1522 1228 rem
1542 1197 1718 1229 fabulosam
1742 1207 1822 1236 esse,

1033 1243 1104 1283 quis
1116 1252 1180 1274 non
1192 1244 1368 1276 existimat?
1381 1246 1586 1285 Origenistam
1599 1247 1679 1278 forte
1690 1256 1823 1288 compo-

1033 1295 1132 1325 suisse
1146 1303 1215 1325 eam
1228 1295 1383 1335 suspicor,
1398 1297 1472 1336 quia
1484 1297 1676 1336 Origenistae
1691 1298 1729 1328 de
1740 1298 1826 1330 dam-

1033 1348 1178 1376 natorum
1198 1349 1280 1377 statu
1301 1350 1373 1386 post
1390 1350 1524 1378 mortem
1540 1348 1621 1379 male
1634 1349 1824 1382 sentiebant.

1033 1396 1176 1427 Ceterum
1191 1396 1224 1426 in
1242 1405 1301 1427 ms.
1317 1397 1492 1436 Aquicinct.
1504 1400 1582 1429 teste
1595 1400 1764 1431 Rosweido
1779 1399 1826 1431 hi-

1033 1446 1129 1476 storia
1145 1445 1308 1484 legebatur
1328 1446 1371 1477 ita
1386 1446 1488 1478 verbis
1507 1451 1673 1488 concepta,
1694 1452 1728 1480 ut
1747 1449 1826 1480 difﬁ-

1034 1495 1165 1527 cultates
1179 1495 1306 1536 penitus
1320 1500 1479 1527 cessarent
1495 1496 1568 1537 (12).

1076 1546 1154 1582 15.3
1177 1558 1191 1575 α
1217 1547 1348 1583 Quidam
1373 1546 1469 1578 frater
1494 1547 1621 1579 beatum
1653 1549 1826 1581 Macarium

192 1597 252 1628 tius
274 1596 484 1635 ingemiscens
505 1607 512 1628 :
536 1599 701 1635 Quantum,
724 1598 837 1638 inquit,
860 1598 983 1630 coelum
997 1594 1019 1623 C
1036 1596 1223 1636 postulabat,
1234 1600 1270 1627 ut
1284 1597 1314 1627 ei
1328 1605 1506 1628 sermonem
1518 1597 1647 1634 diceret,
1656 1607 1714 1638 per
1730 1607 1826 1638 quem

192 1647 283 1678 distat
298 1656 316 1679 a
336 1651 429 1684 terra,
452 1651 572 1678 tantum
593 1647 675 1687 ignis
693 1651 740 1678 est
760 1647 851 1686 altus,
871 1649 905 1679 in
919 1657 984 1689 quo

191 1697 296 1729 medio
313 1707 421 1729 sumus
434 1707 451 1728 a
466 1698 599 1738 pedibus
612 1707 713 1738 usque
729 1698 769 1729 ad
784 1702 878 1739 caput
891 1699 981 1730 undi-

192 1757 255 1788 que
273 1747 403 1788 perfusi,
413 1756 472 1779 nec
483 1748 630 1788 cuiquam
640 1748 713 1780 licet
726 1748 838 1780 faciem
854 1748 981 1781 alterius

191 1798 318 1836 intueri,
339 1798 394 1829 sed
419 1798 515 1829 facies
543 1801 650 1829 nostro
677 1798 771 1829 dorso
795 1799 982 1830 coniunctae

193 1851 275 1879 sunt.
287 1849 362 1879 Cum
374 1857 448 1887 ergo
464 1857 535 1880 oras
548 1857 607 1888 pro
622 1848 725 1885 nobis,
738 1857 777 1879 ex
791 1852 879 1888 parte
893 1849 981 1880 vide-
998 1854 1007 1860 ‘

193 1907 263 1928 mus
273 1897 465 1935 alterutrum,
474 1900 504 1928 et
517 1897 578 1928 hoc
595 1896 686 1928 nobis
696 1906 753 1937 pro
769 1897 984 1930 consolatione

193 1951 325 1980 constat.
339 1948 394 1978 His
406 1947 518 1979 auditis
528 1947 671 1978 lacrimas
686 1947 766 1978 fudit
778 1948 886 1980 dicens
903 1958 909 1979 :
921 1950 985 1980 Vae

194 1999 257 2031 diei
272 1999 330 2037 illi,
345 1999 378 2030 in
394 2007 457 2039 quo
469 1998 565 2029 homo
581 1998 726 2030 mandata
742 1999 797 2030 Dei
811 2003 985 2040 transgres-

194 2055 247 2077 sus
258 2045 318 2078 est!
341 2048 418 2085 142
434 2047 471 2077 Et
484 2047 596 2078 iterum
614 2047 653 2077 ab
669 2055 719 2084 eo,
741 2048 767 2078 si
786 2053 868 2079 esset
889 2049 985 2080 altera

196 2105 298 2137 poena
327 2097 436 2134 maior,
459 2097 601 2137 inquirit.
630 2097 683 2128 Cui
708 2097 761 2129 ille
790 2099 952 2139 respondit
974 2107 981 2129 :

195 2148 273 2178 Sunt
292 2147 384 2178 nobis
404 2147 458 2177 alii
477 2147 575 2178 multo
595 2146 737 2178 inferius.
765 2149 905 2189 Cumque
928 2150 984 2190 qui

195 2199 299 2228 essent
326 2197 371 2227 illi
396 2197 613 2236 interrogaret,
637 2198 735 2229 dixit:
755 2199 819 2230 Nos
841 2199 981 2239 quidem,

1037 1650 1145 1687 posset
1162 1647 1283 1678 salvari.
1303 1647 1358 1678 Cui
1373 1656 1470 1678 senex
1488 1647 1530 1678 ait
1547 1657 1553 1678 :
1569 1648 1698 1688 Oportet
1716 1648 1826 1688 fugere

1033 1697 1190 1735 homines,
1207 1701 1238 1729 et
1257 1697 1368 1729 sedere
1386 1698 1421 1729 in
1441 1697 1531 1735 cella,
1553 1701 1585 1729 et
1606 1707 1665 1738 pro
1687 1700 1826 1739 peccatis

1033 1747 1147 1786 iugiter
1166 1747 1339 1785 lamentari,
1352 1750 1383 1778 et
1399 1748 1485 1787 quod
1509 1756 1605 1788 super
1628 1756 1740 1780 omnes
1761 1749 1825 1780 vir-

1036 1801 1117 1828 tutes
1136 1801 1193 1835 est,
1208 1801 1271 1829 tam
1293 1797 1431 1837 linguam
1453 1806 1600 1829 coercere
1628 1808 1723 1839 quam
1746 1808 1825 1830 ven-

1036 1852 1116 1880 trem
1137 1847 1211 1888 (13).
1235 1857 1251 1876 ››
1274 1849 1414 1880 Eandem
1439 1850 1563 1880 Macarii
1590 1850 1765 1882 doctrinam
1791 1851 1826 1882 in

1033 1897 1315 1938 Apophthegmatis
1328 1907 1346 1929 a
1360 1898 1514 1930 Cotelerio
1527 1899 1619 1930 editis
1632 1900 1680 1930 bis
1690 1900 1824 1932 invenis.

1031 1948 1069 1978 Et
1103 1947 1200 1979 semel
1236 1948 1365 1987 quidem
1398 1948 1446 1979 his
1478 1948 1582 1979 verbis
1615 1949 1793 1989 concipitur
1817 1958 1824 1980 :

1034 2009 1049 2026 α
1067 1998 1171 2029 Esaias
1187 1998 1296 2036 abbas,
1318 1998 1516 2038 interrogans
1538 2000 1707 2030 Macariurn
1728 2000 1826 2031 abba-

1033 2051 1097 2080 tem
1119 2058 1126 2079 :
1152 2049 1264 2080 Profer
1292 2049 1381 2086 mihi,
1406 2049 1521 2089 inquit,
1545 2050 1743 2082 sententiam.
1773 2051 1827 2082 Cui

1036 2108 1133 2130 senex
1145 2100 1310 2140 respondit
1321 2110 1327 2131 :
1339 2100 1491 2131 Homines
1501 2100 1586 2139 fuge.
1596 2101 1701 2131 Esaias
1711 2101 1807 2132 abbas
1820 2110 1826 2131 :

1036 2150 1125 2188 Quid,
1137 2151 1252 2190 inquit,
1265 2154 1312 2182 est
1332 2150 1442 2190 fugere
1466 2150 1633 2182 homines?
1652 2152 1828 2192 Respondit

1035 2209 1152 2232 senex:
1172 2202 1288 2233 Sedere
1305 2202 1339 2232 in
1358 2201 1437 2233 cella
1451 2205 1504 2233 tua
1518 2206 1549 2233 et
1564 2202 1680 2233 deﬂere
1699 2206 1827 2242 peccata

195 2247 250 2287 qui
272 2248 371 2278 Deum
399 2255 464 2278 non
490 2247 706 2286 cognovimus,
733 2248 980 2281 misericordiam
996 2251 1020 2282 D
1032 2253 1086 2282 tua
1100 2251 1174 2291 (14).
1188 2262 1204 2281 »
1220 2251 1305 2283 Alter
1319 2260 1393 2283 vero
1407 2251 1716 2292 Apophthegmatum
1739 2251 1830 2282 locus

231 2340 268 2374 (l)
288 2339 346 2368 VV.
366 2339 417 2367 I’P.
439 2339 531 2369 Rosw.
552 2341 600 2369 lib.
623 2341 654 2368 III
670 2350 732 2378 cap.
752 2343 803 2370 19.7
823 2351 850 2379 p.
871 2343 934 2376 5I8,
955 2343 981 2371 Ξ.

231 2386 268 2421 (‘2)
288 2386 408 2414 Coteler.
428 2386 501 2414 Eccl.
521 2387 619 2415 Graec.
640 2388 713 2416 Mon.
735 2388 766 2416 T.
788 2390 798 2416 I
821 2397 847 2424 p.
881 2389 933 2417 517
959 2397 982 2417 s.

197 2444 222 2461 ν.
243 2434 380 2461 Macarius
392 2434 535 2469 Aegyptius
553 2433 566 2469 ς
584 2434 711 2468 XXXIX;
732 2434 803 2462 infra
831 2436 859 2462 in
887 2436 983 2462 barum

198 2480 391 2513 Quaestionum
409 2480 565 2514 Appendice
584 2481 668 2507 altera
688 2481 738 2508 sub
751 2480 794 2508 III.

232 2526 269 2561 (5)
297 2524 354 2553 VV.
379 2524 430 2552 PP.
453 2524 548 2552 Rosw.
575 2525 621 2552 lib.
650 2525 682 2552 III
705 2533 765 2560 cap.
792 2525 844 2552 172
870 2533 896 2560 p.
921 2525 984 2558 526,

198 2571 209 2598 1
228 2579 269 2607 sq.

233 2618 270 2652 μ)
290 2617 357 2645 Ibid.
378 2617 424 2645 lib.
446 2617 480 2644 γι
499 2616 584 2645 IibcII.
603 2615 629 2648 δ,
651 2615 684 2642 16
705 2624 730 2650 ρ.
751 2615 901 2650 656,2sq.

233 2663 272 2699 (5)
291 2663 408 2690 Coteler.
421 2661 496 2689 Eccl.
515 2661 612 2689 Graec.
629 2660 699 2687 Mon.
718 2660 749 2687 T.
771 2660 780 2687 I
801 2669 828 2696 p.
846 2660 898 2688 546
915 2668 938 2688 ε.
959 2669 986 2687 v.

198 2709 336 2737 Macarius
359 2709 499 2744 Aegyptius
522 2707 536 2743 §
563 2706 713 2740 XXXVIII;
738 2706 809 2734 infra
836 2707 864 2734 in
890 2707 987 2734 harum

198 2756 393 2789 Quaestionum
408 2754 565 2790 Appendice
585 2754 670 2780 altera
691 2753 743 2780 sub
762 2752 807 2780 Ill.

233 2803 271 2838 (6)
290 2802 382 2830 Oratio
398 2801 432 2828 de
451 2801 485 2828 iis
505 2800 550 2836 qui
571 2801 599 2828 in
616 2799 668 2827 fide
684 2799 863 2826 dormierunt.
883 2796 921 2826 Io.
939 2798 990 2825 Da-

198 2858 284 2878 masc.
305 2849 374 2884 Opp.
395 2848 426 2876 Τ.
448 2848 457 2874 I
478 2855 503 2882 p.
522 2846 584 2873 585.

233 2898 272 2931 (7)
296 2895 344 2930 Ep.
372 2895 416 2923 26.
438 2894 481 2922 Cf.
504 2892 624 2920 Fabricii
650 2891 781 2920 Biblioth.
802 2890 899 2919 Graec.
917 2897 939 2918 ε.
963 2898 990 2918 v.

197 2942 341 2970 PallaJius
360 2941 402 2969 ed.
424 2942 442 2969 I.
463 2941 521 2969 \‘oI.
544 2939 564 2966 Χ
588 2948 615 2972 p.
630 2939 691 2967 106.

1069 2333 1107 2369 (8)
1128 2332 1311 2369 Synaxarium
1325 2333 1492 2361 Graecorum
1510 2332 1546 2360 26
1559 2332 1616 2360 Ian.

1071 2380 1108 2416 (9)
1121 2379 1253 2413 Diatriba,
1269 2380 1377 2415 qualem
1394 2387 1455 2407 esse
1470 2378 1564 2406 deceat
1579 2378 1769 2413 imperatorem
1782 2376 1825 2404 CI'.

1035 2425 1153 2455 Fabricii
1178 2426 1306 2454 Biblioth.
1319 2425 1417 2453 Graec.
1437 2425 1456 2452 l.
1478 2426 1495 2451 I.

1072 2473 1128 2507 (10)
1145 2471 1263 2500 Consule
1274 2472 1393 2499 Leonem
1408 2471 1536 2498 Allatium
1550 2469 1584 2498 de
1595 2469 1672 2496 libris
1684 2469 1828 2497 ecclesias-

1037 2519 1099 2545 ticis
1118 2517 1285 2546 Graecorum
1305 2518 1372 2545 diss.
1387 2517 1407 2544 II
1422 2517 1456 2544 ed
1479 2516 1557 2544 Paris
1591 2516 1658 2544 1645
1677 2523 1704 2550 p.
1727 2515 1778 2542 117
1791 2529 1827 2534 --

1037 2564 1099 2591 125.

1073 2609 1130 2644 (II)
1150 2608 1177 2636 In
1198 2608 1243 2636 IV.
1266 2609 1342 2636 Sent.
1359 2608 1425 2636 Dist.
1444 2607 1514 2635 XLV
1528 2615 1556 2643 q.
1575 2607 1598 2634 II
1617 2611 1668 2634 art.
1689 2606 1710 2633 II
1727 2607 1761 2634 ad
1781 2606 1825 2635 IV.

1038 2655 1079 2683 CI‘.
1092 2655 1149 2683 νγ.
1167 2655 1218 2682 ΡΡ.
1236 2656 1327 2683 Rosw.
1347 2655 1395 2682 lib.
1410 2653 1445 2681 Vl
1460 2659 1517 2681 not.
1539 2653 1572 2680 12
1582 2661 1606 2688 p.
1619 2653 1682 2684 622,
1694 2653 1721 2680 2.

1070 2701 1125 2736 ua)
1142 2700 1199 2728 vv.
1219 2701 1273 2728 rp.
1289 2700 1384 2729 Rosw.
1412 2700 1459 2727 rm.
1477 2699 1511 2726 m
1531 2704 1589 2727 not.
1609 2700 1645 2726 20
1666 2708 1692 2734 p.
1720 2699 1783 2731 εδδ,
1799 2699 1826 2726 1.

1077 2747 1133 2782 (15)
1153 2746 1221 2774 Ibid.
1234 2746 1282 2774 lib.
1299 2745 1334 2773 III
1346 2753 1407 2780 cap.
1424 2745 1474 2773 189
1486 2753 1513 2781 p.
1528 2744 1591 2778 528,
1606 2745 1631 2771 1.

1076 2792 1132 2828 (IL)
1149 2793 1266 2820 Coteler.
1290 2791 1363 2819 Eccl.
1384 2791 1480 2819 Graec.
1499 2791 1571 2819 Mon.
1587 2790 1619 2818 T.
1635 2791 1683 2826 Ip.
1696 2790 1748 2818 540
1761 2798 1784 2818 ε.
1798 2797 1826 2818 v.

1041 2837 1178 2865 Macarius
1186 2837 1329 2873 Aegyptius
1343 2835 1357 2871 §
1370 2835 1482 2869 XXVII;
1495 2836 1564 2864 inl‘ra
1577 2836 1604 2864 in
1620 2835 1716 2864 barum
1725 2835 1832 2869 Quaes-

1041 2884 1146 2913 tionum
1162 2884 1318 2920 Appendice
1333 2883 1419 2911 altera
1431 2882 1483 2911 sub
1496 2881 1539 2910 III.
