2060 3153
231 200 286 226 155

637 194 688 223 SS.
700 193 932 222 MACARIORUM
950 191 1114 221 AEGYPTH
1133 191 1177 219 ET
1197 189 1433 219 ALEXANDRINI

1803 185 1855 214 156

228 255 261 287 in
276 264 314 287 eo
329 255 396 287 solo
410 255 524 291 differt,
539 253 624 294 quod
646 262 705 294 pro
724 254 813 284 Esaia
828 253 939 285 abbate
960 252 1016 283 Aio
1033 255 1053 282 Α
1066 251 1166 283 tribus
1176 250 1352 291 paximatiis
1362 249 1403 290 (4)
1413 247 1749 288 apposuit,tacensque
1759 247 1854 277 stetit.

228 305 324 336 abbas
348 305 461 343 legitur
477 303 529 344 (1).
551 304 607 334 Aio
632 306 735 333 autem
759 303 855 334 abbas
879 302 912 333 in
936 302 1020 332 The-

229 354 321 385 baide
345 353 494 384 habitavit
511 352 566 391 (2);
589 352 694 383 Esaias
720 352 817 383 abbas
846 352 881 383 in
907 352 1021 391 quibus

228 404 363 444 Aegypti
387 403 569 442 regionibus
591 403 713 440 vixerit,
732 411 797 434 non
822 402 949 433 invenio
968 402 1020 442 (3).

229 453 309 485 Num
315 453 809 494 compilatorApophthegmatum
816 462 882 484 rem
888 452 1021 483 Macario

229 504 382 544 Aegyptio
404 504 486 534 iuste
501 504 656 540 tribuerit,
679 503 805 534 aliunde
828 512 893 534 non
909 503 1019 542 liquet.

269 566 283 581 ι(
301 555 460 584 Venerunt
476 553 645 593 aliquando
665 554 728 584 duo
747 553 874 593 quidam
889 553 1021 583 iuvenes

229 604 268 635 ad
283 605 408 635 beatum
420 604 600 641 Macarium,
612 613 691 635 unus
703 605 831 644 quidem
842 604 879 635 ad
891 604 1020 644 plenum

230 654 353 688 doctus.
368 654 447 684 alter
464 662 540 684 vero
556 653 658 684 adhuc
672 654 839 693 incipiens.
855 654 892 684 Et
907 661 1020 692 provo-

230 703 287 733 luti
310 703 444 743 pedibus
468 703 536 734 eius
559 703 769 743 postulabant,
784 707 819 734 ut
840 712 947 734 secum
967 711 1022 733 eos

231 753 371 784 habitare
388 754 594 793 permitteret.
611 755 693 790 Quos
708 762 779 785 cum
794 753 921 784 vidisset
934 754 1022 793 quasi

231 811 365 842 corpore
388 802 566 836 deliciosos.
593 803 779 834 existimavit
803 811 858 834 eos
881 811 1022 833 eremum

230 853 312 883 ferre
328 861 392 883 non
407 861 513 892 posse.
526 853 670 892 Dixitque
684 853 723 883 ad
739 861 794 884 eos
809 862 814 883 :
829 853 898 890 Hic,
910 852 1022 884 fratres

232 903 305 939 mei,
321 911 385 933 non
406 903 537 942 potestis
552 911 691 933 manere.
707 903 744 933 Et
757 903 802 933 illi
817 903 979 933 dixerunt:
992 903 1023 933 Si
1039 918 1059 945 Β

232 956 336 984 tecum
364 961 429 984 non
455 961 626 992 possumus
652 953 805 990 habitare,
826 957 925 993 pater,
949 953 1024 993 quid

233 1012 308 1043 ergo
322 1003 494 1035 faciemus?
508 1005 575 1040 Quo
590 1004 643 1035 ille
655 1004 762 1035 audito
777 1005 883 1044 coepit
895 1004 976 1035 intra
991 1013 1026 1035 se

232 1055 275 1085 ita
288 1057 435 1094 reputare
447 1063 454 1084 :
466 1055 499 1085 Si
513 1054 586 1085 illos
604 1054 677 1086 hinc
693 1055 828 1092 eiecero,
844 1055 1025 1086 scandalum

233 1106 406 1145 patientur;
419 1114 504 1136 nunc
514 1104 616 1136 dicam
630 1105 692 1136 illis
706 1114 712 1135 :
723 1105 1026 1143 Venite,construite

233 1155 323 1186 vobis
336 1154 495 1191 cellulam,
508 1155 534 1185 si
548 1154 690 1194 potestis.
708 1155 846 1194 Cumque
862 1154 907 1185 illi
920 1154 1026 1185 locum

234 1205 294 1236 sibi
310 1205 529 1237 tantummodo
549 1204 757 1235 demonstrari
771 1208 926 1244 rogarent,
939 1205 1027 1236 duxit

223 1263 289 1285 'eos
312 1258 343 1285 et
366 1253 504 1285 ostendit
525 1253 603 1289 144.
621 1253 660 1284 iis
683 1256 817 1293 petram,
839 1262 900 1293 qua
928 1254 1027 1285 incisa

234 1306 294 1337 sibi
310 1305 521 1337 habitaculum
533 1308 768 1344 praepararent,
779 1308 810 1335 et
822 1303 916 1343 lignis
927 1304 1026 1336 allatis

235 1355 274 1386 de
298 1355 413 1395 palude
443 1357 659 1393 contegerent.
684 1353 898 1385 Arbitrabatur
920 1357 1025 1385 autem

234 1405 385 1436 Macarius
406 1404 571 1436 confestim
591 1403 662 1434 illos
682 1412 740 1444 pro
757 1403 899 1435 iniuncto
918 1404 1025 1436 labore

236 1455 408 1486 discedere.
424 1455 473 1485 Illi
491 1462 564 1485 vero
583 1454 855 1493 interrogaverunt
874 1463 958 1492 eum,
976 1455 1023 1485 di-

236 1507 343 1534 centes
355 1513 360 1533 :
373 1503 452 1540 Quid
464 1503 568 1543 operis
579 1511 725 1534 exercere
735 1503 826 1534 iubes
837 1512 905 1540 nos,
918 1503 1026 1544 pater?

236 1555 323 1585 Tunc
333 1553 387 1584 ille
398 1553 526 1584 sublatis
536 1553 619 1584 foliis
628 1553 803 1588 funiculum
813 1553 874 1585 illis
883 1554 1024 1586 intexere

237 1603 385 1640 ostendit,
398 1612 493 1643 quem
508 1612 566 1643 pro
581 1604 665 1634 victu
679 1612 734 1634 eos
749 1603 922 1635 distrahere
935 1614 1024 1636 com-

237 1653 374 1691 monuit;
400 1657 431 1684 et
452 1653 495 1684 ita
518 1653 558 1684 ab
583 1653 621 1684 iis
647 1653 799 1684 discessit.
824 1655 862 1684 At
883 1654 929 1685 illi
953 1662 1026 1686 cum

237 1713 358 1736 summa
374 1704 533 1744 patientia,
547 1712 764 1743 quaecumque
777 1704 816 1734 iis
830 1703 954 1736 fuerant
964 1705 1025 1736 im-

238 1758 356 1794 perata,
378 1753 589 1794 perfecerunt.
613 1753 728 1784 Videris
753 1762 828 1793 ergo
852 1763 908 1785 eos
930 1763 1027 1787 senex

238 1805 272 1835 in
299 1803 449 1843 operibus
476 1804 568 1835 bonis
594 1803 734 1843 quotidie
764 1812 974 1842 succrescere,
998 1808 1029 1836 et

239 1854 422 1894 frequenter
435 1853 469 1884 in
484 1853 649 1885 ecclesiam
669 1863 739 1886 cum
759 1854 884 1886 silentio
903 1855 936 1886 in
957 1864 1029 1887 ora-

239 1905 378 1936 tionibus
410 1904 589 1944 persistere,
617 1905 813 1936 desiderabat
845 1906 924 1938 scire
958 1914 1030 1937 vera

240 1963 337 1995 opera
353 1963 476 1986 eorum.
487 1954 667 1994 Septimana
682 1963 758 1994 ergo
770 1955 892 1995 integra
905 1952 1030 1987 ieiuna-

240 2004 294 2041 vit,
311 2007 342 2035 et
356 2004 476 2043 rogavit
491 2004 670 2041 Dominum,
682 2007 717 2035 ut
731 2005 790 2036 sibi
808 2014 906 2045 opera
923 2014 1032 2037 eorum

241 2054 423 2093 dignaretur
438 2054 617 2085 ostendere.
635 2055 672 2085 Et
687 2058 759 2094 post
777 2055 854 2087 haec
874 2056 1034 2096 profectus

242 2105 342 2135 estad
357 2113 423 2142 eos,
435 2105 630 2144 pulsavitque
653 2105 768 2136 ostium
787 2105 958 2145 speluncae
983 2115 1036 2138 eo-

242 2163 324 2184 rum.
343 2155 409 2190 Quo
428 2157 538 2194 aperto
558 2157 589 2185 et
611 2154 676 2184 viso
697 2153 826 2186 homine
845 2156 900 2186 Dei
921 2156 1034 2188 adora-

241 2208 354 2235 verunt
373 2204 497 2243 utrique
510 2204 544 2234 in
557 2207 650 2235 terra.
666 2205 703 2234 Et
721 2208 887 2245 postquam
902 2205 981 2237 facta
997 2215 1037 2237 ex

1068 303 1208 341 Cumque
1240 300 1462 335 comedissent,
1485 298 1631 329 dixerunt
1661 296 1701 327 ad
1730 296 1857 326 beatum

1068 351 1237 382 Macarium
1257 360 1264 381 :
1287 349 1437 383 Discedis.
1451 351 1548 388 pater.
1574 355 1614 378 an
1638 344 1723 376 non?
1746 345 1782 375 Et
1804 344 1858 375 ille

1069 403 1133 433 illic
1155 409 1189 432 se
1212 401 1376 440 quiescere
1401 398 1479 429 velle
1505 396 1678 438 respondit.
1699 397 1786 426 Tunc
1813 394 1858 425 illi

1071 451 1230 483 mattulam
1245 451 1278 482 in
1292 459 1356 481 uno
1372 449 1487 488 angulo
1501 448 1540 480 ad
1555 456 1636 487 opus
1649 446 1749 486 ipsius
1763 445 1859 476 collo-

1071 505 1192 539 carunt,
1207 501 1269 542 ipsi
1281 509 1356 531 vero
1370 501 1404 531 in
1419 501 1516 531 altero
1530 498 1645 538 angulo
1660 497 1857 537 quieverunt,

1071 551 1161 592 quasi
1172 553 1211 582 ad
1227 550 1446 582 dormiendum
1461 558 1494 580 se
1511 548 1728 589 proiecissent.
1744 547 1859 577 Iterum

1071 611 1147 641 ergo
1166 601 1317 633 Macarius
1335 600 1453 639 rogavit
1472 599 1650 635 Dominum,
1666 601 1701 628 ut
1718 597 1746 627 ei
1764 604 1861 636 opera

1071 653 1211 692 ipsorum
1234 651 1416 682 declararet.
1436 651 1473 680 Et
1496 658 1581 685 ecce,
1602 647 1686 679 velut
1710 647 1861 686 dissipato

1071 706 1154 732 tecto
1167 701 1219 731 lux
1231 701 1313 732 clara
1324 700 1467 731 cellulam
1482 699 1567 730 illam
1579 698 1667 738 quasi
1681 697 1784 728 media
1795 697 1862 727 dies

1071 751 1223 791 implevit,
1236 760 1330 791 quam
1350 754 1455 782 tamen
1470 750 1514 781 illi
1530 759 1594 780 non
1610 751 1785 780 senserunt.
1801 747 1862 778 Sed

1072 806 1239 842 postquam
1255 802 1392 833 arbitrati
1411 805 1482 832 sunt
1499 809 1607 832 senem
1627 799 1775 835 dormire,
1792 807 1861 830 sur-

1072 855 1181 890 gentes
1190 852 1221 882 in
1229 852 1402 883 orationem
1412 859 1480 882 sese
1487 851 1652 887 dederunt,
1660 849 1864 880 extendentes

1073 910 1184 932 manus
1199 902 1237 932 ad
1254 902 1388 933 coelum.
1404 902 1488 938 Quos
1501 900 1629 940 quidem
1643 899 1707 936 ille,
1721 899 1795 939 quid
1815 898 1862 929 fa-

1077 956 1195 990 cerent,
1220 953 1414 989 intuebatur;
1444 951 1488 982 illi
1515 954 1618 982 autem
1644 950 1733 981 illum
1758 949 1864 980 videre

1076 1011 1142 1034 non
1165 1007 1321 1043 poterant.
1341 1003 1494 1034 Intentius
1515 1005 1618 1033 autem
1643 1010 1739 1032 senex
1763 1000 1864 1040 respi-

1077 1054 1164 1085 ciens
1173 1054 1249 1085 vidit
1263 1058 1412 1094 tanquam
1427 1062 1550 1084 muscas
1559 1053 1731 1083 daemones
1740 1051 1865 1082 venien-

1077 1106 1123 1134 tes
1136 1104 1168 1134 in
1181 1104 1265 1135 illius
1279 1104 1410 1135 minoris
1425 1113 1480 1135 ore
1499 1107 1593 1144 atque
1610 1103 1708 1135 oculis
1728 1102 1867 1134 residere

1076 1154 1229 1191 volentes,
1237 1154 1292 1185 sed
1300 1154 1430 1194 angelus
1439 1154 1562 1185 Domini
1573 1154 1765 1194 rhomphaea
1775 1154 1867 1193 ignea

1076 1209 1213 1236 armatus
1231 1204 1309 1240 1E5
1324 1201 1477 1235 tamillum
1485 1205 1697 1236 circumdabat
1711 1207 1741 1235 et
1755 1204 1866 1235 defen-

1077 1255 1181 1292 debat,
1193 1264 1288 1295 quam
1301 1255 1472 1287 daemones
1483 1254 1656 1295 repellebat
1666 1257 1695 1286 et
1708 1254 1867 1291 eiiciebat;

1077 1304 1115 1335 ad
1129 1305 1281 1336 maiorem
1296 1314 1370 1337 vero
1390 1305 1541 1337 accedere
1557 1305 1645 1336 nullo
1662 1305 1757 1336 modo
1775 1314 1867 1346 prae-

1076 1354 1229 1386 valebant.
1246 1356 1349 1395 Prope
1363 1363 1437 1386 vero
1456 1355 1518 1386 iam
1534 1355 1604 1386 luce
1619 1355 1819 1394 proiecerunt
1834 1363 1868 1385 se

1076 1404 1110 1435 in
1136 1405 1249 1436 eodem
1275 1408 1372 1435 stratu
1396 1413 1466 1436 suo.
1491 1405 1578 1436 Tunc
1608 1405 1759 1436 Macarius
1786 1404 1870 1436 velut

1076 1454 1225 1493 evigilans
1258 1454 1407 1491 surrexit;
1435 1454 1577 1485 similiter
1607 1458 1812 1486 surrexerunt
1839 1459 1870 1485 et

1075 1505 1135 1545 ipsi
1151 1513 1240 1545 quasr
1256 1505 1296 1535 de
1316 1504 1412 1544 longo
1432 1513 1545 1535 somno
1568 1505 1705 1536 excitati.
1721 1505 1758 1535 Et
1777 1513 1869 1535 acce-

1076 1554 1154 1585 dens
1169 1555 1275 1586 scnior
1288 1555 1383 1585 frater
1396 1555 1435 1586 ad
1449 1563 1558 1586 senem
1572 1555 1649 1586 dixit
1665 1564 1671 1585 :
1685 1555 1750 1592 Vis,
1768 1559 1870 1595 pater,

1075 1606 1124 1636 vel
1134 1606 1302 1637 duodecim
1314 1606 1452 1646 psalmos
1464 1615 1623 1637 canamus.
1637 1608 1776 1647 Cumque
1790 1606 1872 1647 psal-

1076 1656 1187 1694 lerent,
1209 1656 1248 1688 de
1273 1665 1328 1688 ore
1353 1657 1486 1687 iunioris
1510 1656 1614 1688 fratris
1643 1666 1703 1697 per
1731 1657 1873 1697 singulos

1077 1716 1185 1738 versus
1193 1707 1244 1738 fax
1255 1708 1336 1747 ignis
1347 1716 1471 1747 egressa
1481 1708 1670 1740 ascendebat
1679 1709 1718 1740 ad
1733 1709 1871 1740 coelum.

1079 1759 1156 1789 Item
1178 1762 1209 1789 et
1235 1759 1335 1790 maior
1363 1768 1435 1790 cum
1464 1759 1656 1796 decantaret,
1681 1760 1805 1800 quoties
1834 1760 1874 1791 ad

1081 1808 1276 1848 psallendum
1300 1808 1380 1840 labia
1402 1809 1589 1847 deducebat,
1609 1810 1694 1841 velut
1715 1810 1874 1842 funiculus

1080 1859 1162 1897 ignis
1177 1859 1215 1890 de
1232 1867 1288 1890 ore
1302 1860 1370 1891 eius
1387 1860 1529 1891 similiter
1542 1860 1730 1892 tendebatur
1745 1861 1784 1892 ad
1798 1870 1874 1892 coe-

1082 1909 1158 1940 lum.
1168 1911 1337 1950 Postquam
1345 1919 1418 1941 vero
1428 1911 1633 1951 expleverunt
1643 1912 1811 1942 matutinos
1820 1911 1874 1952 (5).

1083 1968 1226 1998 egressus
1250 1960 1402 1991 Macarius
1424 1961 1607 1992 obsecrabat
1626 1970 1692 1999 eos,
1710 1965 1743 1992 ut
1763 1970 1821 2002 pro
1841 1971 1876 1993 se

1084 2018 1173 2040 orare
1192 2010 1410 2049 dignarentur;
1428 2010 1474 2041 illi
1493 2020 1567 2042 vero
1590 2014 1729 2042 tacentes
1747 2012 1786 2043 ad
1808 2012 1876 2043 eius

1084 2060 1184 2100 pedes
1196 2063 1268 2091 sunt
1278 2061 1446 2100 provoluti,
1456 2062 1578 2102 seipsos
1588 2063 1782 2094 orationibus
1792 2062 1877 2093 illius

1086 2111 1351 2142 commendantes.
1367 2113 1403 2142 Et
1429 2112 1575 2151 cognovit
1603 2122 1712 2150 senex,
1726 2113 1876 2153 quoniam

1086 2159 1186 2190 maior
1205 2160 1333 2200 quidem
1351 2164 1433 2192 esset
1446 2161 1479 2192 in
1497 2161 1609 2193 timore
1628 2162 1684 2193 Dei
1704 2162 1876 2202 perfectus,

1088 2209 1243 2240 minorem
1258 2219 1331 2242 vero
1346 2211 1447 2243 adhuc
1458 2213 1630 2244 daemones
1643 2213 1876 2252 impugnarent.

242 2261 331 2285 more
346 2253 487 2284 Oratione
507 2253 729 2291 consederunt,
745 2253 799 2284 ille
818 2255 918 2285 maior
934 2255 1036 2286 innuit

1088 2260 1163 2290 Post
1182 2268 1301 2300 paucos
1321 2270 1394 2292 vero
1415 2261 1482 2293 dies
1502 2262 1603 2293 maior
1622 2261 1717 2292 frater
1732 2265 1878 2302 receptus

243 2303 369 2340 minori,
378 2307 410 2334 et
424 2312 567 2342 egressus
583 2306 629 2334 est
640 2303 735 2334 foras.
746 2305 817 2344 Ipse
831 2308 935 2336 autem
949 2306 1038 2336 sede-

243 2353 296 2384 bat
306 2356 456 2392 torquens
466 2352 652 2389 funiculum,
661 2352 737 2383 nihil
750 2352 884 2392 loquens
894 2354 1035 2385 omnino.

242 2403 327 2434 Hora
341 2411 415 2434 vero
435 2411 518 2433 nona
538 2403 673 2443 pulsavit
685 2403 798 2434 ostium
809 2403 905 2434 frater
918 2404 1035 2442 iunior,

244 2456 275 2483 et
294 2453 454 2492 ingressus
473 2456 520 2484 est
539 2462 612 2484 cum
633 2454 715 2490 cibo,
731 2462 795 2493 quo
816 2454 1032 2487 reﬁcerentur.

242 2502 362 2534 Eodem
376 2505 454 2534 nutu
468 2503 571 2534 iussus
591 2503 766 2534 mensulam
785 2505 946 2544 parvulam
963 2515 1035 2538 cum

283 2609 322 2644 (ι)
339 2608 409 2636 Ibid.
428 2617 456 2644 p.
470 2608 522 2635 549
533 2607 547 2644 θ
560 2608 627 2636 xu.

283 2653 399 2690 (2)lbid.
419 2662 446 2689 p.
464 2655 517 2683 400
530 2662 573 2689 sq.
589 2663 612 2682 s.
631 2663 658 2681 v.
678 2656 739 2684 Αἱο.

283 2699 322 2735 (3)
337 2699 375 2727 De
389 2699 473 2727 Esaia
484 2700 582 2727 abbate
592 2700 629 2727 cf.
641 2699 699 2727 VV.
712 2700 765 2728 PP.
777 2700 869 2728 Rosw.
881 2700 928 2728 lib.
940 2700 962 2728 ll
976 2709 1035 2737 cap.

247 2746 282 2773 10
299 2754 326 2781 p.
342 2745 405 2778 469,
419 2747 445 2772 2.
470 2745 540 2773 Hist.
562 2745 645 2774 Laus.
670 2746 704 2774 ed
726 2746 828 2774 Meurs.
842 2754 903 2782 cap.
916 2747 949 2774 57
966 2746 1034 2782 Opp.

249 2792 350 2819 Meurs.
360 2792 379 2819 l.
392 2793 411 2820 ι.
424 2801 451 2827 p.
460 2793 522 2820 515.
539 2791 673 2828 (Genuina
685 2801 756 2825 esse,
766 2801 837 2828 quae
847 2793 883 2821 ibi
896 2794 1037 2829 leguntur.

249 2839 349 2869 docent
371 2839 452 2866 codd.
469 2839 624 2867 Vindobon.
643 2848 712 2875 quos
733 2848 761 2875 p.
778 2840 811 2867 14
827 2841 1038 2875 recensuimns.)

251 2884 361 2912 Sozam.
383 2884 453 2911 Hist.
479 2884 552 2911 Eccl.
575 2885 622 2912 lib.
643 2884 676 2912 lll
696 2893 756 2920 cap.
780 2885 814 2913 Η
832 2885 875 2913 ed.
893 2886 911 2913 Ι.
933 2894 960 2921 p.
977 2886 1038 2914 518.

249 2930 368 2958 Coteler.
385 2929 459 2957 Eccl.
474 2929 571 2957 Graec.
588 2930 660 2958 Mon.
675 2930 706 2958 Τ.
720 2931 729 2958 l
741 2939 767 2966 p.
784 2931 836 2959 445
857 2939 881 2959 s.
893 2939 921 2961 γ.
936 2931 1029 2959 Esaia.

1090 2313 1138 2340 est
1155 2309 1188 2340 in
1207 2318 1302 2350 pace;
1322 2311 1415 2342 tertio
1434 2312 1484 2343 die
1504 2312 1597 2343 etiam
1620 2312 1724 2343 minor
1742 2315 1789 2342 est
1805 2321 1879 2343 eum

1091 2360 1256 2391 adsecutus
1275 2360 1328 2401 (6).
1345 2373 1359 2390 ››
1378 2361 1464 2393 Idem
1486 2363 1615 2394 uberius
1636 2363 1704 2402 ipse
1727 2363 1879 2394 Macarius

1092 2419 1233 2441 narrasse
1247 2410 1377 2442 traditur
1391 2412 1423 2442 in
1438 2412 1519 2443 libro
1534 2417 1622 2444 sexto
1635 2413 1675 2453 (7)
1693 2416 1724 2444 et
1741 2413 1773 2443 in
1792 2414 1877 2453 Apo-

1088 2458 1300 2498 phthegmatis
1310 2469 1327 2490 a
1339 2460 1491 2492 Cotelerio
1508 2462 1636 2501 prolatis
1644 2461 1697 2501 (8);
1709 2461 1880 2501 utrobique

1090 2508 1174 2539 enim
1189 2509 1237 2540 his
1250 2510 1361 2550 incipit
1375 2511 1496 2542 verbis:
1514 2524 1527 2539 «
1546 2512 1673 2544 Dicebat
1687 2512 1782 2543 abbas
1801 2511 1878 2542 Vin-

1128 2614 1166 2649 (4)
1186 2614 1215 2642 In
1235 2623 1332 2649 graeco
1346 2620 1418 2643 textu
1431 2617 1553 2644 Cotclerii
1566 2619 1641 2652 τρεῖς
1653 2617 1825 2653 παξαμάδας.

1128 2660 1166 2695 (5)
1192 2660 1221 2687 In
1248 2669 1346 2696 graeco
1371 2665 1446 2689 textu
1476 2670 1519 2696 ap.
1551 2662 1717 2690 Cotelerium
1743 2664 1808 2699 περὶ
1830 2663 1880 2699 τὴν

1091 2707 1213 2742 πρωῖαν,
1228 2707 1301 2734 circa
1318 2708 1479 2735 matutinum
1494 2713 1611 2738 tempus.

1128 2752 1166 2787 (6)
1182 2751 1238 2779 νγ.
1254 2751 1305 2780 PP.
1321 2752 1412 2781 Rosw.
1426 2754 1471 2781 lib.
1491 2753 1523 2780 ill
1545 2761 1605 2789 cap.
1620 2754 1672 2782 195
1692 2762 1719 2790 p.
1730 2755 1792 2788 528,
1806 2755 1824 2782 2
1836 2762 1878 2790 sq.

1129 2797 1248 2832 (7)1bid.
1267 2798 1314 2825 lib.
1328 2798 1361 2825 v1
1375 2799 1457 2826 Iibell.
1474 2800 1500 2831 δ,
1515 2799 1532 2826 2
1549 2808 1575 2833 ι».
1592 2800 1653 2832 651,
1672 2801 1689 2827 9.
1706 2809 1738 2835 sq

1129 2843 1168 2876 (8)
1188 2843 1305 2871 Coteler.
1322 2843 1395 2871 Eccl.
1409 2844 1507 2872 Graec.
1519 2844 1591 2872 Mon.
1606 2845 1658 2874 ΤΛ
1675 2854 1702 2881 p.
1719 2846 1767 2874 541
1782 2855 1842 2882 sqq.
1854 2855 1879 2874 ε.

1096 2897 1119 2915 v.
1138 2888 1276 2916 Macarius
1296 2890 1441 2924 Aegyptius
1456 2890 1469 2926 §
1482 2890 1608 2923 XXXIII;
1640 2892 1711 2919 infra
1730 2893 1757 2919 in
1783 2893 1880 2920 harum

1091 2933 1288 2968 Quaestionum
1304 2936 1452 2971 appendice
1468 2937 1552 2964 altera
1568 2937 1620 2965 sub
1635 2936 1679 2965 ΙΙΙ.
