2060 3153
200 160 252 188 157

960 169 1073 197 νιΤΑΕ.

1775 180 1827 209 153

195 207 323 240 demius
350 209 398 247 [in
424 210 704 251 Apophthegmatis
731 218 868 256 Βιτίμιος]
879 241 886 255 ,
914 219 987 258 quia
1003 223 1023 250 Α
1039 222 1182 258 spectare
1197 220 1384 260 invenimus,
1395 223 1427 254 id
1443 224 1528 264 quod
1544 228 1574 255 et
1587 226 1618 256 in
1636 226 1748 257 ceteris
1762 207 1825 258 VV.

198 259 332 289 narravit
339 259 434 290 abbas
443 261 608 293 Macarius:
618 263 752 295 Sedente
760 274 810 297 me
818 266 987 306 aliquando

197 308 230 338 in
246 308 342 339 Scithi
358 309 646 348 [Apophthegmata
658 321 664 342 :
676 318 716 348 εις
732 316 846 353 Σχῆτιν]
857 316 987 347 descen-

196 355 309 388 derunt
324 357 388 388 duo
404 358 620 391 adolescentes
634 363 794 401 peregrini
806 387 812 393 .
824 386 831 393 .
843 387 850 394 .
863 388 871 401 ,
883 376 898 393 »
912 369 942 396 et
953 366 986 397 in

196 407 380 438 narrationis
395 408 522 440 demum
540 410 603 442 ﬁne
621 410 699 443 haec
717 413 875 446 adduntur
891 424 897 446 :
917 428 932 445 ix
949 418 986 447 Et

194 464 263 486 cum
279 456 376 496 aliqui
391 461 514 497 patrum
525 460 708 492 advenirent
719 463 824 494 abbati
838 465 983 504 Macario,

193 505 327 538 ducebat
338 516 392 539 eos
406 509 440 539 in
453 509 565 541 cellam
581 511 722 551 ipsorum
734 514 843 545 dicens
855 523 862 545 :
874 516 984 547 Venite

190 555 297 587 videre
321 560 505 598 martyrium
525 560 639 592 horum
660 563 819 595 minorum
842 567 983 605 peregri-

190 615 318 639 norum.
332 621 346 637 υ
361 612 529 643 Macarium
543 613 638 653 igitur
649 616 837 656 Aegyptium
851 618 983 658 intelligi

190 662 304 698 sponte
322 660 419 692 lucet.

231 720 245 737 ix
261 710 339 741 Cum
354 712 481 751 quidam
494 713 617 753 fratres,
628 717 897 756 quemadmodum
915 726 983 751 ora-

190 763 273 797 rent,
283 760 410 793 beatum
420 764 584 795 Macarium
596 766 842 806 requisivissent,
851 777 982 809 respon~

191 809 237 839 dit
245 810 308 842 illis
319 812 441 844 dicens:
452 815 520 845 Non
531 820 604 846 sunt
613 818 789 849 necessaria
799 819 879 855 M6
888 820 981 851 nobis

190 860 349 899 superﬂua
366 863 468 901 verba,
480 864 535 895 sed
549 867 719 898 extendere
733 871 853 899 tantum
869 878 980 901 manus

191 918 228 941 ac
250 910 354 943 dicere
380 913 532 946 debemus
554 925 560 946 :
581 917 674 955 Deus,
695 919 857 958 quomodo
880 919 926 951 vis
949 923 981 951 et

190 961 270 992 sicut
284 962 340 993 tibi
354 963 468 1004 placet,
484 966 527 997 ita
542 967 605 998 ﬁat.
623 968 654 999 Si
668 971 773 1000 autem
790 970 920 1001 tentatio
936 971 980 1002 ir-

190 1012 295 1050 ruerit,
310 1018 364 1045 aut
387 1015 595 1056 impugnatio,
607 1019 774 1051 dicendum
798 1024 845 1051 est
861 1030 868 1052 :
883 1022 978 1057 Deus,

187 1062 336 1094 auxiliare
363 1065 466 1096 nobis.
491 1067 563 1106 Ipse
587 1070 670 1099 enim
695 1069 765 1106 scit,
782 1078 863 1109 quae
887 1071 979 1102 nobis

187 1114 355 1153 expediant
371 1115 424 1153 (1).
442 1127 456 1144 ››
475 1116 593 1148 Eadem
612 1119 737 1149 Macarii
754 1119 929 1151 exhortatio
945 1120 977 1151 in

186 1163 266 1194 libro
291 1166 402 1204 quinto
415 1166 456 1206 (2)
473 1170 503 1197 et
525 1167 557 1198 in
581 1168 862 1208 Apophthegmatis
885 1171 976 1201 Cote—

184 1212 254 1243 lerii
271 1213 312 1254 (3)
330 1214 453 1254 legitur.
474 1217 575 1256 Atque
589 1226 628 1248 ex
645 1218 808 1249 monachis
826 1219 880 1250 alii
900 1229 975 1259 per-

184 1262 299 1294 multas
326 1264 468 1303 quotidie
496 1266 655 1297 orationes
684 1267 830 1298 recitasse
852 1267 905 1308 (4),
924 1268 977 1299 alii

186 1313 319 1345 eandem
347 1314 473 1346 brevem
500 1325 627 1356 semper
652 1317 817 1357 repetiisse
843 1319 975 1350 tradun-

173 1365 237 1392 ‘tur
257 1362 309 1402 (5).
336 1363 479 1395 Ceterum
504 1374 599 1404 quam
624 1366 737 1396 eximie
764 1366 804 1398 de
833 1368 975 1399 oratione

184 1413 336 1444 Macarius
353 1415 524 1455 Aegyptius
540 1416 683 1454 senserit,
699 1425 738 1448 ex
752 1417 819 1448 eius
838 1418 975 1450 homiliis

185 1463 267 1494 clare
281 1467 378 1503 patet.

227 1506 241 1541 ix
258 1514 362 1545 Abbas
375 1515 526 1547 Macarius
538 1516 612 1547 dum
627 1517 724 1548 semel
736 1518 776 1549 de
790 1518 887 1550 Scithi
901 1528 974 1559 por-

1040 270 1098 300 PP.
1120 270 1262 302 eiusdem
1284 272 1478 305 collectionis
1498 274 1584 305 libris
1606 275 1825 316 deprehende-

1038 328 1118 351 mus.
1146 321 1331 352 Rosweidus
1343 323 1420 358 147
1432 333 1503 355 cum
1525 333 1541 356 e
1563 334 1677 364 genere
1700 326 1827 358 dicendi

1038 372 1069 399 et
1089 370 1277 409 quibusdam
1301 372 1501 411 praefationis
1523 375 1635 413 verbis,
1651 385 1732 416 quae
1753 385 1825 408 cum

1036 419 1109 450 libri
1128 422 1259 452 secundi
1280 422 1474 462 praefatione
1489 426 1689 463 conveniunt,
1701 430 1767 457 tum
1787 436 1826 458 ex

1036 470 1266 509 praefationum
1286 472 1355 503 libri
1374 475 1504 505 secundi
1524 478 1555 506 et
1575 476 1659 507 tertii
1679 476 1826 508 afﬁnitate

1035 529 1107 551 cum
1129 523 1300 561 prooemiis
1314 524 1469 556 Historiae
1479 526 1655 563 Lausiacae,
1676 528 1825 559 Ruﬁnum

1034 569 1105 601 libri
1123 573 1207 603 tertii
1221 574 1408 613 scriptorem
1424 575 1648 617 (interpretem)
1661 585 1729 609 esse
1745 587 1823 610 con-

1032 619 1116 652 iecit.
1132 622 1207 656 Quia
1224 623 1309 654 enim
1323 624 1394 655 libri
1410 626 1494 656 tertii
1514 627 1666 666 praefatio
1691 629 1824 668 epistola

1035 671 1164 702 Palladii
1180 674 1216 703 ad
1232 675 1367 705 Lausum
1381 675 1536 707 Historiae
1550 678 1715 708 Lausiacae
1731 687 1822 718 prae-

1033 721 1127 753 missa
1156 726 1241 754 certo
1266 724 1421 762 innititur,
1442 726 1594 766 praefatio
1623 731 1727 759 autem
1753 729 1823 760 libri

1032 772 1174 809 secundi,
1187 774 1276 804 cuius
1299 774 1454 814 interpres
1482 777 1627 814 Ruﬁnus,
1642 778 1680 808 ad
1705 787 1820 818 prooe-

1031 820 1140 859 mium,
1165 824 1251 862 quod
1280 824 1313 855 in
1341 825 1445 857 fronte
1476 827 1629 859 Historiae
1658 829 1822 860 Lausiacae

1031 871 1223 904 Meursianae
1253 877 1283 904 et
1310 875 1543 908 Rosweidianae
1566 877 1712 909 editionis
1742 879 1820 918 legi-

1032 922 1094 958 tur,
1115 921 1198 953 haud
1227 922 1322 955 dubie
1349 924 1467 962 alludit,
1489 927 1624 958 eundem
1658 928 1821 968 utriusque

1031 968 1101 1000 libri
1110 972 1295 1012 scriptorem
1305 972 1519 1015 (interpretem
1529 980 1582 1007 aut
1592 978 1821 1017 praefationum

1030 1020 1228 1063 scriptorem)
1244 1024 1393 1055 Ruﬁnum
1408 1033 1488 1062 esse,
1501 1027 1576 1057 satis
1585 1027 1734 1058 audacter
1747 1029 1819 1068 qui-

1029 1069 1102 1100 dem
1116 1071 1252 1103 coniecit
1264 1073 1317 1113 (9).
1330 1074 1512 1114 Quanquam
1527 1076 1575 1106 vel
1592 1085 1642 1114 eo,
1656 1078 1742 1117 quod
1758 1079 1821 1108 Ru-

1029 1118 1111 1150 ﬁnus
1135 1124 1277 1152 mortuus
1300 1125 1375 1160 erat,
1391 1126 1559 1163 antequam
1581 1124 1717 1156 Historia
1738 1126 1818 1156 Lau-

1028 1168 1109 1200 siaca
1123 1170 1264 1209 prodiret
1276 1171 1351 1211 (10),
1367 1180 1385 1203 a
1404 1172 1458 1203 tali
1476 1181 1583 1204 errore
1602 1175 1741 1205 revocari
1761 1175 1818 1206 de-

1027 1218 1131 1249 bebat.
1141 1220 1263 1251 Etenim
1274 1223 1470 1261 prooemium
1485 1223 1568 1254 istud
1584 1225 1778 1256 Meursianae
1789 1228 1819 1257 et

1026 1268 1260 1301 Rosweidianae
1279 1271 1424 1304 editionis
1442 1273 1502 1313 (11)
1521 1274 1676 1306 Historiae
1690 1276 1817 1307 Lausia-

1026 1327 1092 1356 cae,
1102 1328 1240 1359 quocum
1251 1321 1323 1352 libri
1336 1323 1466 1354 secundi
1481 1325 1632 1364 praefatio
1643 1326 1710 1357 sine
1721 1326 1817 1358 dubio

1025 1368 1183 1408 cohaeret,
1197 1372 1338 1411 spurium
1347 1375 1394 1403 est
1403 1372 1462 1413 (12)
1479 1378 1510 1405 et
1522 1375 1658 1407 Historia
1670 1377 1817 1407 Lausiaca

1024 1420 1187 1457 vetustius,
1203 1421 1288 1452 unde
1306 1421 1337 1452 id
1356 1422 1389 1453 in
1406 1423 1487 1454 libro
1506 1425 1646 1456 secundo
1665 1430 1739 1457 ante
1759 1426 1815 1457 Hi-

1024 1469 1151 1500 storiam
1167 1471 1346 1502 Lausiacam
1364 1473 1480 1513 scripto
1494 1475 1635 1506 adhiberi
1648 1475 1740 1507 facile
1758 1485 1814 1507 ex-

1024 1518 1234 1559 plicabis(l3).
1244 1520 1327 1551 Libri
1337 1530 1411 1553 vero
1421 1523 1504 1554 tertii
1514 1524 1665 1563 praefatio
1672 1526 1816 1564 genuinis

186 1565 266 1594 taret
279 1565 455 1604 sportellas,
463 1575 541 1605 quas
555 1569 686 1604 texerat,
694 1567 843 1606 grandem
854 1567 974 1600 habens
987 1574 1008 1602 c
1024 1569 1179 1600 Historiae
1190 1571 1356 1602 Lausiacae
1366 1572 1510 1604 innititur
1523 1574 1612 1612 locis,
1621 1579 1815 1616 quapropter

184 1614 252 1645 viae
270 1615 408 1647 laborem
428 1617 545 1648 resedit
564 1621 595 1648 et
617 1618 694 1649 dixit
713 1627 720 1649 :
738 1618 831 1656 Deus,
844 1622 879 1650 tu
900 1619 973 1656 scis,

185 1668 258 1707 quia
274 1668 409 1708 amplius
422 1678 487 1700 non
502 1669 588 1700 valeo
601 1670 773 1708 ambulare,
789 1674 819 1702 et
833 1680 907 1703 mox
921 1672 972 1703 in-

183 1721 295 1749 ventus
320 1722 367 1749 est
392 1718 431 1750 ad
461 1719 600 1758 ﬂuvium,
623 1721 709 1752 unde
737 1721 839 1752 adhuc
866 1722 973 1753 multis

184 1769 290 1800 aberat
314 1769 484 1801 intervallis
502 1771 554 1811 (6).
573 1782 588 1799 ››
614 1771 700 1802 Idem
723 1772 756 1802 in
780 1772 860 1803 libro
884 1776 972 1804 sexto

184 1819 306 1850 verbis:
321 1831 336 1847 ‹‹
351 1820 501 1852 Dicebant
514 1821 554 1852 de
568 1822 680 1852 abbate
696 1822 828 1853 Macario
842 1822 896 1853 illo
910 1832 974 1854 ma-

184 1869 253 1900 iore
263 1893 270 1900 .
284 1894 290 1900 .
302 1893 309 1900 .
320 1869 374 1911 (7),
386 1882 400 1898 »
411 1874 442 1901 et
456 1871 488 1902 in
502 1872 782 1911 Apophthegmatis
792 1881 809 1903 a
819 1872 972 1904 Cotelerio

185 1918 276 1949 editis
290 1918 334 1950 ita
346 1920 476 1960 incipit:
492 1933 505 1948 «
523 1921 673 1952 Dicebant
687 1922 728 1952 de
742 1922 853 1953 abbate
868 1923 970 1954 Maca-

184 1968 232 1999 rio
246 1970 399 2010 Aegyptio
412 1995 418 2001 .
431 1995 438 2001 .
453 1969 522 2012 .(8),
537 1983 551 1999 D
568 1971 665 2009 unde,
683 1975 753 2003 uter
767 1973 971 2004 Macariorum

185 2019 317 2057 dicatur,
328 2020 531 2060 perspicuum
547 2025 603 2052 est.
612 2021 747 2059 Fluvius,
754 2031 849 2062 quem
857 2023 970 2061 innuit,

184 2069 272 2100 Nilus
286 2073 348 2107 est;
360 2070 398 2101 ad
409 2071 503 2102 urbes
518 2071 601 2102 enim
617 2071 650 2102 in
665 2072 802 2103 ﬂuminis
815 2073 884 2113 ripa
899 2073 972 2104 sitas

184 2118 353 2150 adventare
377 2120 519 2152 solebant
540 2121 698 2159 monachi,
711 2122 866 2162 sportulas
893 2132 972 2164 quas

184 2171 337 2206 texerant,
350 2170 516 2201 vendituri.

224 2220 259 2250 Et
273 2216 350 2251 haec
365 2220 492 2260 quidem
502 2221 609 2277 insunt
625 2221 665 2277 de
679 2221 969 2277 Macariis-vleP.
987 2250 1008 2277 υ

185 2269 265 2300 libro
290 2271 521 2302 Rosweidianae
544 2271 739 2303 collectionis
761 2273 865 2304 tertio.
887 2274 971 2310 Quae

185 2320 351 2351 maximam
376 2323 495 2360 partem
519 2321 558 2352 ad
589 2321 756 2352 Macarium
786 2322 970 2362 Aegyptium

221 2412 258 2448 (Ι)
272 2412 328 2440 VV.
349 2413 401 2440 PP.
416 2413 505 2441 Rosw.
518 2414 565 2441 lib.
582 2414 615 2441 lll
632 2423 691 2450 cap.
706 2415 757 2442 207
775 2424 802 2451 p.
818 2416 882 2447 531,
897 2417 923 2443 Ι.

221 2459 258 2492 (2)
276 2458 342 2487 Ibid.
358 2459 404 2487 lib.
420 2459 442 2485 V
462 2460 544 2487 libell.
563 2460 608 2492 12,
626 2461 659 2488 10
678 2469 705 2496 p.
723 2461 786 2492 6M.
803 2462 828 2488 1.

221 2504 258 2539 (3)
274 2504 392 2533 Coteler.
405 2505 479 2532 Eccl.
499 2505 595 2533 Graec.
613 2506 683 2533 Mon.
703 2506 735 2533 T.
752 2506 803 2542 lp.
820 2507 871 2534 556
884 2515 926 2542 sq.
943 2515 967 2535 s.

183 2558 211 2579 γ.
225 2549 360 2578 Macarius
376 2551 520 2587 Aegyptius
531 2551 544 2587 §
555 2551 629 2585 XIX;
645 2552 716 2579 infra
728 2553 754 2579 in
768 2553 864 2580 barum
880 2552 969 2586 Quae-

184 2596 303 2623 stionum
319 2596 475 2631 Appenilice
489 2598 574 2624 altera
589 2598 640 2625 sub
654 2597 697 2625 lll.

230 2642 257 2677 4)
276 2642 318 2670 Cf.
335 2650 417 2678 supra
428 2643 441 2679 §
454 2643 488 2670 25'
502 2652 529 2678 p.
551 2644 611 2671 106.
629 2644 699 2672 Ilist.
714 2644 794 2672 Laus.
810 2645 854 2672 ed.
867 2643 966 2672 Meurs.

184 2696 245 2723 cap.
266 2688 301 2715 55
319 2688 387 2723 Opp.
410 2689 510 2717 Meurs.
531 2690 548 2716 l.
564 2690 570 2717 1
586 2698 611 2725 p.
634 2690 703 2724 4M;
717 2699 776 2726 cap.
792 2692 826 2719 59
850 2700 875 2726 p.
896 2691 967 2725 456;

183 2742 243 2769 cap.
256 2734 289 2761 47
304 2742 329 2769 p.
342 2735 389 2761 481
403 2744 410 2768 ;
423 2743 483 2770 cap.
502 2736 536 2764 55
548 2744 574 2771 p.
588 2736 657 2770 495;
670 2744 730 2771 cap.
747 2737 780 2764 88
792 2745 820 2772 p.
835 2737 896 2764 555.

218 2781 256 2817 (5)
271 2781 327 2808 VV.
345 2781 397 2809 PP.
412 2782 502 2810 Rosw.
527 2783 575 2811 lib.
591 2783 613 2810 ιι
632 2791 693 2818 cap.
708 2783 724 2810 9
739 2792 766 2819 p.
786 2783 848 2816 467,
867 2784 878 2811 l
898 2783 967 2820 Opp.

183 2826 284 2855 Μαίη-ε.
306 2828 324 2855 l.
336 2827 356 2855 l.
370 2836 397 2862 p.
413 2828 465 2856 6M
481 2837 534 2864 ξφ,
547 2829 659 2864 passim.

219 2873 257 2907 (ti)
275 2873 339 2900 Ibid.
355 2875 400 2901 lib.
417 2874 449 2901 ιιι
463 2875 587 2910 cap.213
599 2883 623 2909 p.
642 2876 703 2906 532,
723 2873 749 2902 i.‘

221 2917 260 2952 (7;
275 2917 341 2946 Ibid.
355 2919 403 2946 lib.
417 2919 448 2946 v1
458 2910 539 2948 libeil.
558 2920 584 2954 Ξ,
601 2921 616 2947 6
636 2929 661 2956 p.
678 2921 739 2953 M9,
754 2920 780 2947 ξ.

1026 1626 1096 1649 eam
1121 1623 1192 1658 post
1221 1620 1325 1651 Ruﬁni
1353 1625 1485 1653 mortem
1508 1625 1718 1664 conscriptam
1746 1634 1815 1657 esse

1025 1676 1090 1699 non
1104 1669 1208 1700 minus
1224 1671 1425 1710 perspicuum
1441 1676 1497 1704 est.
1515 1673 1549 1704 Id
1565 1674 1667 1705 solum
1679 1679 1812 1713 constat,

1023 1717 1097 1748 libri
1128 1720 1210 1750 tertii
1238 1720 1464 1760 praefationem
1487 1732 1505 1754 e
1530 1723 1601 1755 libri
1630 1725 1760 1757 secundi
1784 1729 1815 1756 et

1023 1768 1177 1800 Historiae
1202 1771 1367 1803 Lausiacae
1393 1773 1640 1813 praefationibus
1660 1776 1812 1816 compila-

1024 1822 1099 1856 tam,
1122 1819 1277 1859 illumque
1310 1821 1405 1860 igitur
1430 1822 1546 1854 librum
1575 1824 1660 1855 hisce
1689 1824 1814 1856 duobus

1023 1871 1123 1899 aetate
1140 1870 1347 1908 posteriorem
1364 1880 1443 1903 esse.

1064 1918 1148 1956 §33.
1170 1919 1263 1950 Libro
1296 1921 1406 1960 quinto
1438 1922 1500 1953 VV.
1527 1924 1586 1954 PP.
1616 1924 1813 1956 collectionis

1024 1969 1257 2001 Rosweidianae
1272 1971 1486 2010 septendecim
1502 1973 1540 2003 de
1557 1973 1695 2004 Macariis
1712 1973 1812 2005 histo-

1023 2018 1088 2049 riae
1109 2019 1320 2051 continentur.
1343 2022 1477 2057 Quarum
1505 2027 1576 2054 octo
1608 2024 1648 2055 de
1677 2025 1810 2056 Macario

1023 2070 1177 2109 Aegyptio
1202 2079 1274 2101 cum
1297 2070 1445 2103 fratribus
1463 2073 1568 2103 vinum
1592 2074 1732 2106 bibente.
1756 2076 1810 2107 sed

1024 2122 1133 2158 postea
1148 2128 1206 2158 pro
1221 2119 1331 2158 quovis
1345 2119 1440 2151 calice
1455 2121 1538 2152 diem
1557 2122 1713 2161 integrum
1729 2133 1810 2164 aqua

1022 2169 1198 2200 abstinente
1211 2169 1284 2210 (l4),
1300 2170 1339 2201 de
1358 2171 1499 2203 eiusdem
1519 2173 1642 2204 Macarii
1661 2174 1755 2212 dicto,
1776 2175 1810 2205 in

1021 2220 1222 2261 increpandis
1247 2222 1315 2253 aliis
1336 2222 1376 2253 ad
1397 2223 1590 2254 iracundiam
1617 2228 1808 2255 commotum

1024 2279 1057 2301 se
1075 2271 1178 2310 ipsum
1195 2271 1327 2310 perdere
1340 2270 1418 2311 (15),
1438 2273 1477 2303 de
1493 2273 1634 2304 eiusdem
1654 2274 1806 2310 doctrina,

1024 2329 1082 2353 nos
1099 2325 1298 2362 acceptarum
1318 2321 1398 2358 148
1413 2323 1453 2354 ab
1477 2323 1657 2354 hominibus
1678 2323 1807 2354 iniuria-

1057 2412 1095 2447 (8)
1111 2412 1228 2440 Coleler.
1242 2413 1316 2441 Eccl.
1329 2413 1425 2442 Graec.
1446 2414 1518 2441 Lion.
1533 2415 1565 2442 Τ.
1587 2415 1638 2450 lp.
1661 2415 1714 2443 555
1736 2424 1757 2444 s.
1779 2425 1806 2444 ν.

1021 2458 1156 2487 Macarius
1174 2460 1317 2494 Aegyptius
1334 2459 1419 2496 μιν
1435 2469 1442 2493 ;
1458 2461 1528 2487 infra
1555 2461 1582 2487 in
1602 2462 1698 2488 harum
1715 2462 1807 2495 Quae-

1019 2505 1139 2532 stionum
1156 2505 1312 2539 Appendice
1326 2507 1411 2533 altera
1426 2507 1477 2532 sub
1494 2505 1537 2532 ill.

1055 2551 1092 2584 (9)
1110 2551 1165 2578 VX.
1181 2551 1232 2579 PP.
1252 2551 1343 2580 Hosw.
1357 2552 1463 2586 Proleg.
1480 2552 1501 2579 ν
1515 2561 1541 2587 p.
1561 2552 1647 2579 XXIX
1662 2561 1701 2588 Sil.

1054 2595 1110 2631 (10)
1129 2595 1170 2623 Cf.
1187 2604 1270 2630 supra
1285 2596 1299 2631 §
1314 2596 1365 2631 6p.
1381 2596 1426 2623 24.

1056 2642 1112 2676 (ii)
1126 2641 1182 2669 vv.
1199 2641 1250 2670 PP.
1262 2641 1353 2670 Rosw.
1365 2643 1411 2670 lib.
1428 2642 1483 2669 vui
1499 2651 1524 2678 p.
1542 2643 1594 2671 70!.
1608 2651 1651 2679 sq.

1056 2687 1168 2721 (12)”.
1185 2695 1267 2722 supra
1283 2687 1324 2723 §5
1341 2696 1366 2723 p.
1384 2688 1417 2715 15
1428 2687 1442 2723 §
1453 2689 1469 2715 (i
1484 2696 1509 2723 p.
1522 2688 1558 2716 28
1574 2696 1615 2723 sq.

1056 2732 1111 2767 (ιδ)
1123 2732 1243 2760 Ci.lbid.
1259 2741 1285 2768 p.
1301 2733 1345 2759 24.
1362 2732 1397 2759 28
1409 2741 1451 2767 sq.

1055 2777 1112 2813 (ιι)
1136 2777 1193 2805 vv.
1217 2778 1269 2806 PP.
1293 2778 1385 2806 Rosw.
1412 2779 1458 2806 lib.
1478 2779 1498 2806 v
1514 2780 1598 2809 libell.
1616 2781 1643 2812 4,
1658 2780 1693 2809 26
1709 2780 1805 2816 p.561)

1015 2824 1033 2851 2
1048 2833 1090 2858 sq.

1054 2871 1110 2906 (15)
1125 2870 1192 2899 ibid.
1207 2871 1290 2900 libcll.
1307 2871 1334 2903 ιι,
1351 2871 1386 2898 es
1399 2880 1424 2907 ι».
1441 2872 1503 2907 sio,
1520 2873 1542 2900 i.
