2060 3153
264 134 318 164 159

264 201 334 223 rum
365 193 596 224 reminiscendo
623 201 686 223 tum
715 196 887 227 memoriae
915 196 1051 234 laedere,
1067 201 1090 229 A

264 242 418 274 malorum
438 252 511 273 vero
532 251 550 273 a
569 243 776 275 daemonibus
793 245 982 276 inﬂictorum
1001 254 1052 276 re-

263 293 446 324 cordatione
456 302 520 324 non
531 293 655 325 laedere
663 293 763 334 (1),de
775 296 870 327 modo
882 296 1051 336 orandi(2),

264 341 304 372 de
324 342 428 382 puella
446 343 570 382 gravida
583 353 601 375 a
615 345 748 376 Macario
763 347 917 386 Aegyptio
933 355 966 377 se
980 355 1052 377 cor-

263 396 387 431 ruptam
403 401 471 424 esse
488 395 660 425 mentiente
673 395 726 434 (3),
742 395 782 426 de
802 396 928 427 diabolo
946 396 1051 427 humi-

261 441 347 473 litate
365 451 382 473 a
399 444 534 475 Macario
552 445 706 485 Aegyptio
720 455 754 476 se
770 446 853 477 vinci
867 446 984 478 fatente
998 447 1051 488 (4),

263 490 302 522 de
317 491 397 529 fure,
414 501 508 532 quem
523 493 606 524 idem
621 495 772 526 Macarius
787 495 820 526 in
831 495 909 527 cella
922 505 977 527 sua
994 497 1051 527 de-

261 542 430 581 prehendit
442 543 496 583 (5),
511 544 550 575 de
569 544 724 575 daemone
735 545 884 585 denique,
901 546 956 586 qui
976 546 1051 577 visi-

262 594 334 624 tatis
348 594 493 625 fratribus
504 594 606 626 solum
622 595 682 626 sibi
698 596 911 628 Theoctistum
925 597 1052 628 fratrem

260 643 293 673 in
316 645 512 679 monasterio
537 645 640 675 favere
666 645 766 676 eidem
794 647 927 677 Macario
951 646 1051 677 fassus

261 693 301 724 sit
316 694 370 733 (6),
383 703 478 734 supra
496 695 691 726 excussimus
704 694 757 736 (7).
770 696 928 736 Superest,
942 700 977 727 ut
996 705 1051 727 ce-

260 746 342 774 teras
357 753 470 775 novem
485 754 524 776 ex
539 746 650 777 ordine
666 755 897 778 recenseamus.

303 805 316 821 οι
340 794 422 825 Dixit
444 795 540 826 abbas
567 796 718 827 Macarius
741 796 845 828 abbati
861 797 1048 830 Zachariae:

260 843 421 896 Dic‘mihi,
435 846 521 885 quod
544 850 591 877 est
614 855 695 896 opus
717 847 885 878 monachi?
902 848 982 878 Dixit
1000 849 1049 879 ei:
1066 869 1088 896 Β

259 893 308 923 Me
322 893 506 934 interrogas,
524 895 631 936 pater?
645 897 682 926 Et
695 896 771 927 dixit
786 897 816 928 ei
834 898 929 928 abbas
948 899 1049 929 Maca-

259 943 342 975 rius:
356 946 463 977 Certus
478 955 547 977 sum
559 947 598 977 de
612 947 708 984 te,tili
719 948 880 985 Zacharia;
892 951 939 979 est
954 949 1048 986 enim,

260 993 315 1033 qui
332 1003 383 1025 me
398 995 510 1034 pulsat,
527 999 562 1026 ut
581 995 772 1035 interrogem
791 999 832 1027 te.
849 997 931 1028 Dixit
948 998 977 1029 ei
993 999 1049 1029 Za-

259 1043 380 1075 charias
403 1054 410 1075 :
431 1046 586 1082 Quantum
607 1046 646 1077 ad
670 1055 731 1084 me,
753 1050 852 1086 pater,
872 1047 933 1079 hoc
959 1052 1047 1088 puto,

259 1095 421 1133 quoniam,
443 1096 626 1135 quicunque
650 1097 855 1136 semetipsum
879 1098 1049 1129 necessita-

259 1143 342 1174 tibus
360 1145 539 1182 subiecerit,
552 1149 646 1185 atque
665 1146 814 1185 coegerit,
829 1146 897 1187 ipse
912 1151 959 1178 est
979 1156 1048 1179 mo-

259 1193 378 1225 nachus
390 1194 443 1235 (8).
459 1206 472 1223 n
483 1195 569 1226 Idem
578 1196 698 1235 reperis
706 1196 738 1225 in
748 1196 1025 1236 Apophthegmatis
1032 1206 1050 1228 a

258 1243 413 1274 Cotelerio
429 1244 520 1275 editis
529 1253 555 1275 s.
567 1254 597 1274 v.
608 1245 793 1282 Zacharias,
802 1254 897 1285 quem
912 1247 945 1277 in
959 1247 1050 1277 Scete

258 1293 414 1324 resedisse
435 1294 479 1325 ibi
500 1295 660 1332 edoceris;
677 1304 739 1335 qua
762 1305 801 1326 ex
825 1305 859 1327 re
882 1297 1049 1327 Macarium

258 1343 446 1383 Aegyptium
465 1348 574 1375 nostro
593 1344 664 1376 loco
684 1345 818 1385 intelligi
833 1346 917 1377 haud
935 1346 1049 1378 iniuste

257 1392 398 1432 colliges.
410 1394 575 1425 Zachariae
590 1398 694 1426 autem
708 1396 874 1436 responsio
887 1397 920 1427 in
936 1404 1049 1436 graeco

258 1445 344 1473 textu
361 1442 428 1473 fere
449 1443 526 1474 haec
548 1447 594 1475 est
611 1453 618 1474 :
636 1457 650 1472 «
665 1446 820 1481 Quantum
840 1454 899 1485 ego
921 1447 1050 1486 quidem

257 1493 414 1530 existimo,
428 1497 525 1533 pater,
540 1495 594 1534 qui
610 1503 644 1525 se
658 1495 763 1535 ipsum
779 1496 862 1535 cogit
874 1496 912 1527 ad
932 1497 1047 1534 omnia,

257 1541 284 1571 is
301 1545 347 1572 est
363 1542 538 1573 monachus
552 1542 604 1583 (9).
624 1555 637 1571 »

298 1604 312 1619 ι(
329 1592 602 1631 Interrogaverunt
616 1593 743 1633 quidam
761 1598 885 1634 patrum
904 1594 1048 1627 abbatem

257 1642 425 1673 Macarium
465 1643 652 1682 Aegyptium
685 1644 826 1676 dicentes
851 1655 858 1676 :
884 1647 1047 1682 Quomodo

256 1701 374 1732 corpus
388 1696 487 1730 tuum,
497 1697 528 1724 et
541 1694 668 1734 quando
682 1695 861 1733 manducas,
875 1700 906 1727 et
920 1697 1046 1736 quando

256 1743 388 1780 ieiunas,
408 1744 527 1775 siccum
547 1744 612 1776 est?
628 1746 665 1776 Et
679 1745 755 1776 dixit
771 1746 809 1777 iis
828 1755 944 1777 senex:
963 1747 1049 1779 Sicut

257 1793 377 1833 lignum
391 1794 425 1824 in
436 1803 531 1825 manu
546 1794 694 1832 hominis,
708 1804 779 1827 cum
794 1805 857 1836 quo
871 1796 1000 1828 frutices
1014 1797 1047 1828 in

256 1843 330 1883 igne
349 1847 512 1875 versantur
530 1848 625 1885 atque.
646 1850 854 1884 reversantur,
867 1855 992 1886 semper
1007 1847 1047 1878 ab

256 1893 330 1933 igne
365 1895 572 1932 consumitur,
594 1895 648 1932 ita,
670 1896 696 1927 si
726 1896 822 1927 homo
852 1897 1048 1927 mundaverit

255 1948 395 1975 mentem
410 1954 498 1976 suam
516 1946 549 1976 in
568 1945 681 1977 timore
702 1946 768 1983 Dei,
784 1947 854 1986 ipse
875 1947 970 1978 timor
989 1947 1045 1978 Dei

256 1995 350 2025 etiam
376 2004 446 2026 ossa
473 1996 541 2027 eius
564 1996 644 2032 1&9
664 1997 820 2028 consumit
833 1997 907 2038 (10).
921 2009 935 2026 »
957 1997 1045 2029 Idem

255 2045 379 2075 Macarii
402 2046 546 2086 Aegyptii
566 2046 683 2077 dictum
706 2047 740 2078 in
763 2048 1045 2088 Apophthegmatis

256 2101 351 2134 saepe
363 2094 494 2126 laudatis
504 2095 618 2135 legitur
629 2096 702 2137 (11).
714 2097 778 2128 Nec
793 2106 859 2128 non
867 2097 962 2129 simili
972 2107 1044 2129 cor-

291 2185 332 2222 (l)
347 2186 402 2213 VV.
419 2186 472 2214 PP.
482 2186 573 2215 Rosw.
589 2188 636 2215 lib.
652 2188 672 2215 ν
685 2188 769 2216 libell.
784 2189 829 2221 10,
845 2189 880 2216 54
890 2197 917 2225 p.
933 2189 996 2222 599,
1015 2189 1043 2218 2.

290 2231 330 2269 (2)
344 2232 412 2260 Ibid.
427 2233 510 2262 libell.
527 2234 618 2267 12,10
631 2243 657 2270 p.
674 2235 737 2268 δη,
749 2235 775 2262 1.

290 2280 330 2316 (3)
347 2279 415 2308 Ibid.
430 2281 514 2309 libell.
531 2282 575 2315 l5,
591 2282 626 2310 25
641 2290 667 2317 p.
681 2282 744 2315 625,
754 2282 772 2309 2
786 2291 828 2318 sq.

290 2327 330 2363 (4)
347 2327 418 2354 Ibid.
431 2328 515 2355 libell.
533 2328 577 2361 15,
593 2328 628 2355 26
640 2336 666 2364 p.
685 2329 747 2360 624,
766 2329 793 2356 1.

290 2373 329 2409 (5)
345 2373 413 2401 lbid.
431 2373 515 2402 libell.
531 2374 575 2406 is,
591 2375 608 2402 ο
624 2382 651 2409 ρ.
665 2374 764 2406 651,1.

289 2418 329 2454 (6)
343 2417 410 2446 Ibid.
423 2419 508 2447 libell.
523 2419 566 2452 18,
579 2420 595 2448 9
612 2428 639 2454 p.
653 2419 715 2452 057,
732 2419 744 2446 ι
762 2428 805 2455 sq.

290 2464 331 2500 (τ)
350 2465 391 2492 cr.
406 2464 465 2500 με
480 2465 801 2501 p.152§i7p.65§29
818 2473 845 2500 p.
867 2465 998 2501 419§52
1018 2473 1043 2500 p.

254 2510 318 2538 HS.
334 2510 385 2538 l58
400 2519 442 2546 sq.
460 2510 511 2538 159
525 2519 568 2545 sq.
587 2511 638 2538 155
653 2519 695 2546 sq.
714 2511 765 2538 155
781 2519 823 2546 sq.

293 2556 331 2592 (8)
350 2556 408 2584 νν.
426 2557 477 2584 PP.
496 2556 590 2585 Rosw.
605 2556 685 2584 lib.V
698 2557 782 2584 libell.
800 2559 827 2590 ‘l,
844 2557 861 2584 6
887 2565 915 2592 p.
938 2556 1001 2589 562,
1018 2557 1044 2584 ’l.

291 2602 329 2639 (9)
344 2602 464 2630 Coteler.
477 2602 550 2630 Eccl.
566 2602 662 2630 Graec.
682 2601 798 2630 Mon.T.
816 2602 825 2628 l
842 2611 869 2637 p.
892 2603 945 2630 445
967 2611 991 2630 s.
1017 2611 1044 2630 ν.

254 2647 404 2676 Zacharias
417 2648 430 2684 §
445 2649 457 2675 i
469 2657 476 2681 ;
495 2648 567 2675 intra
581 2648 607 2675 in
619 2648 717 2675 harum
728 2649 924 2681 Quaestionum
938 2649 1046 2685 Appen-

255 2695 316 2722 dice
330 2695 414 2723 altera
427 2694 531 2722 sulilV.

289 2740 347 2775 (to)
366 2740 424 2768 vv.
451 2740 504 2768 PP.
521 2740 614 2770 ηοω.
632 2740 716 2769 lib.V
736 2740 820 2768 libell.
845 2741 872 2776 δ,
895 2740 913 2768 8
937 2749 964 2776 ρ.
980 2740 1043 2774 565,

255 2784 273 2812 2
285 2791 327 2820 sq.

289 2829 346 2866 (ll)
365 2829 484 2859 Coteler.
497 2831 572 2858 Eccl.
588 2831 686 2859 Graec.
696 2831 769 2859 Mon.
787 2831 819 2859 T.
835 2830 883 2867 lp.
899 2831 952 2859 554
962 2840 1003 2866 sq.
1018 2840 1041 2860 s.

254 2884 282 2905 ν.
299 2875 437 2904 ,Παιωνίας
447 2877 591 2912 Aegyptius
606 2878 620 2914 δ
635 2877 698 2906 lill~
719 2878 788 2907 intra
807 2878 834 2906 in
848 2879 943 2907 Irarum
954 2878 1044 2911 Quac-

677 135 728 162 SS.
748 135 980 165 MACARIORUM
999 136 1160 164 AEGYPTII
1181 135 1223 163 ΕΤ
1243 133 1478 162 ALEXANDRINI

1842 134 1895 162 ΜΟ

1105 195 1193 235 poris
1207 194 1348 225 ariditate
1361 193 1512 224 Macarius
1526 190 1753 223 Alexandrinus
1762 190 1832 229 fuit,
1844 192 1897 224 cui

1105 254 1146 276 ne
1166 244 1222 285 pili
1242 243 1370 284 quidem
1390 243 1489 274 menti
1510 242 1594 273 enati
1615 244 1704 272 erant
1722 241 1764 272 ob
1782 241 1898 273 nimios

1105 294 1337 326 exercitationis
1351 293 1476 325 labores
1486 293 1590 332 ohque
1602 291 1729 322 nimiam
1739 291 1819 322 cutis
1832 292 1896 323 ari-

1104 346 1231 377 ditatem
1245 344 1321 385 (12).

1145 407 1157 424 α
1176 395 1327 426 Miserunt
1347 393 1517 434 aliquando
1538 401 1630 423 senes
1650 392 1689 423 de
1709 395 1816 422 monte
1839 392 1895 422 Ni-

1103 445 1181 475 triae
1192 444 1232 476 ad
1242 445 1388 476 abbatem
1399 443 1565 475 Macarium
1575 443 1608 473 in
1620 442 1728 479 Scithi,
1738 446 1894 480 rogantes.

1103 498 1138 525 ut
1150 494 1270 525 veniret
1281 494 1320 525 ad
1335 502 1401 531 eos,
1411 493 1552 533 alioquin
1565 492 1666 528 sciret,
1678 500 1803 522 omnem
1817 492 1897 522 mul-

1103 544 1280 581 titudinem,
1289 544 1315 574 si
1328 543 1397 583 ipse
1406 543 1445 573 ad
1457 551 1511 573 eos
1522 550 1587 573 non
1596 542 1728 578 veniret,
1738 541 1777 571 ad
1791 541 1895 581 ipsum

1103 603 1172 626 esse
1191 598 1367 631 venturam,
1384 592 1534 633 quoniam
1553 591 1773 623 desiderabant
1789 591 1895 622 videre

1103 653 1187 681 eum,
1211 647 1379 683 antequam
1406 642 1553 681 migraret
1574 641 1613 672 ad
1635 641 1814 672 Dominum.
1836 642 1895 677 Qui

1102 703 1174 726 cum
1183 695 1319 726 venisset
1330 694 1363 724 in
1375 697 1527 729 montem,
1539 695 1725 731 congregata
1736 694 1784 722 est
1793 692 1896 723 omnis

1102 745 1269 777 multitudo
1287 744 1417 775 fratrum
1439 743 1477 774 ad
1498 751 1582 773 eum.
1605 742 1770 781 Rogabant
1790 746 1894 773 autem

1103 803 1174 825 eum
1194 802 1297 831 senes,
1311 796 1346 824 ut
1365 793 1482 824 faceret
1499 792 1628 823 verbum
1645 791 1684 822 ad
1704 791 1824 823 fratres.
1839 791 1894 822 Ille

1101 847 1205 876 autem
1214 844 1378 875 lacrimans
1385 843 1428 874 ait
1438 852 1445 873 :
1457 843 1631 879 Ploremus,
1642 842 1764 880 fratres,
1778 846 1808 873 et
1823 850 1895 882 pro-

1102 894 1217 925 ducant
1227 894 1310 925 oculi
1325 894 1425 925 nostri
1440 893 1594 930 lacrimas,
1606 896 1775 932 antequam
1786 901 1894 924 eamus

1101 944 1187 982 hinc,
1196 944 1251 975 ubi
1261 944 1406 975 lacrimae
1417 945 1542 974 nostrae
1551 951 1684 982 corpora
1693 943 1892 974 comburam.

1101 995 1137 1025 Et
1150 995 1303 1026 ﬂeverunt
1318 1002 1428 1026 omnes
1444 997 1475 1024 et
1489 993 1672 1025 ceciderunt
1688 993 1782 1032 proni
1795 994 1828 1024 in
1842 994 1892 1025 fa-

1101 1046 1179 1076 ciem
1194 1046 1348 1077 dicentes:
1359 1046 1460 1081 Pater,
1470 1053 1524 1076 ora
1535 1053 1593 1084 pro
1603 1045 1695 1076 nobis
1704 1044 1765 1084 (13)
1772 1069 1777 1074 .
1784 1056 1798 1073 »
1806 1045 1894 1076 Idem

1101 1099 1199 1126 exstat
1206 1096 1238 1126 in
1245 1094 1523 1135 Apophthegmatis
1533 1103 1550 1125 a
1557 1094 1709 1125 Cotelerio
1721 1094 1811 1125 editis
1819 1095 1844 1135 (1
1850 1095 1892 1136 4).

1100 1145 1201 1175 Verba
1217 1148 1321 1175 autem
1341 1144 1425 1174 senis
1442 1144 1613 1182 nonaginta
1627 1142 1695 1174 fere
1713 1152 1813 1174 annos
1828 1145 1893 1175 nati

1101 1200 1132 1227 et
1146 1196 1291 1228 ultimum
1310 1195 1439 1226 Nitriam
1457 1194 1609 1225 visitantis
1627 1194 1750 1224 animos
1764 1194 1892 1225 fratrum

1099 1246 1139 1278 ad
1169 1246 1312 1277 lacrimas
1343 1244 1562 1281 commovisse,
1588 1243 1659 1284 quis
1698 1252 1764 1274 non
1802 1244 1895 1276 facile

1100 1295 1225 1327 credet?
1238 1296 1392 1334 Indidem,
1404 1294 1512 1336 quanti
1528 1302 1601 1325 eum
1618 1293 1750 1324 fecerint
1768 1293 1891 1332 fratres,

1100 1347 1213 1378 elucet.

1140 1409 1154 1426 α
1173 1398 1274 1428 Abbas
1298 1396 1448 1428 Macarius
1469 1395 1569 1426 maior
1590 1395 1622 1425 in
1645 1394 1743 1425 Scithi
1766 1393 1891 1425 dicebat

1099 1447 1245 1478 fratribus
1255 1450 1327 1487 post
1338 1447 1448 1477 missas
1459 1445 1626 1476 ecclesiae:
1640 1444 1759 1483 Fugite,
1769 1444 1891 1475 fratres.

1099 1497 1137 1526 Et
1151 1496 1226 1527 dicit
1240 1496 1267 1527 ei
1283 1505 1366 1526 unus
1383 1495 1514 1526 fratrum
1528 1503 1534 1524 :
1551 1495 1651 1530 Pater,
1666 1493 1721 1524 ubi
1739 1493 1892 1525 habemus

1062 1549 1084 1578 C
1099 1546 1208 1586 fugere
1226 1546 1360 1586 amplius
1375 1555 1393 1577 a
1408 1545 1577 1577 solitudine
1597 1543 1677 1575 ista?
1696 1545 1733 1575 Et
1754 1545 1892 1584 ponebat

1100 1597 1231 1636 digitum
1254 1605 1344 1627 suum
1362 1596 1396 1626 in
1416 1603 1471 1626 ore
1495 1603 1553 1626 suo
1576 1594 1685 1625 dicens
1701 1602 1708 1623 :
1725 1594 1811 1624 Istud
1830 1598 1889 1632 est,

1100 1646 1185 1686 quod
1198 1645 1382 1685 fugiendum
1393 1645 1481 1683 dico;
1492 1648 1523 1676 et
1536 1645 1581 1676 sic
1593 1644 1728 1674 intrabat
1737 1643 1770 1674 in
1780 1643 1891 1675 cellam

1099 1706 1186 1728 suam
1207 1701 1238 1728 et
1251 1696 1400 1728 claudens
1416 1697 1529 1727 ostium
1542 1694 1671 1725 sedebat
1683 1693 1770 1724 solus
1781 1693 1853 1733 (15).
1874 1706 1888 1722 ν

1098 1748 1186 1779 Idem
1212 1747 1309 1778 habes
1334 1747 1369 1778 in
1392 1744 1671 1786 Apophthegmatis
1694 1752 1713 1775 a
1737 1744 1890 1776 Cotelerio

1098 1796 1270 1837 editis(16),
1279 1796 1339 1827 hoc
1351 1804 1417 1827 uno
1433 1793 1783 1832 discrimine,quodpro
1795 1805 1808 1821 ‹‹
1819 1798 1890 1834 post

1098 1847 1206 1877 missas
1223 1846 1375 1877 ecclesiae
1391 1857 1406 1874 »
1422 1845 1456 1876 in
1473 1853 1585 1884 graeco
1603 1844 1682 1879 150
1696 1848 1889 1884 «postquam

1097 1896 1214 1927 dimisit
1227 1896 1392 1928 ecclesiam
1404 1906 1418 1922 »
1431 1895 1555 1933 legitur.
1567 1895 1771 1926 Taciturnitas
1783 1899 1889 1926 autem

1098 1947 1277 1986 praecipuis
1309 1945 1537 1977 monachorum
1563 1946 1697 1985 Aegypti
1723 1945 1888 1976 virtutibus

1097 1996 1332 2028 adnumeranda
1348 1999 1394 2027 est
1406 1995 1481 2036 (17).

1138 2059 1153 2074 «
1164 2047 1266 2078 Abbas
1276 2046 1470 2083 Theodorus,
1478 2048 1688 2084 cognomento
1696 2046 1735 2076 de
1742 2045 1886 2082 Pherme,

1098 2097 1234 2128 habebat
1253 2099 1314 2127 tres
1333 2096 1458 2127 codices
1476 2095 1589 2126 bonos.
1606 2096 1643 2126 Et
1662 2105 1734 2128 cum
1752 2097 1887 2128 venisset

1064 2183 1089 2213 υ
1101 2195 1221 2219 stronurn
1236 2189 1393 2225 Appendice
1401 2189 1485 2217 altera
1503 2189 1554 2217 sub
1568 2189 1611 2216 Ill.

1135 2236 1189 2272 (‘12)
1209 2235 1252 2262 Cf.
1270 2243 1353 2271 supra
1367 2236 1381 2271 §
1395 2235 1427 2263 i9
1440 2243 1467 2271 p.
1485 2235 1527 2262 75.
1544 2234 1588 2262 79.

1133 2282 1189 2317 (ιδ)
1209 2281 1266 2308 vv.
1279 2281 1330 2308 PP.
1348 2281 1440 2309 nosw.
1453 2281 1502 2309 lib.
1513 2280 1535 2308 v
1551 2281 1635 2309 libell.
1651 2281 1678 2313 5,
1690 2281 1707 2309 9
1720 2289 1747 2317 p.
1761 2281 1824 2316 566,
1843 2283 1869 2309 ς.

1134 2328 1189 2364 (14)
1209 2328 1328 2355 Coteler.
1339 2327 1414 2355 Eccl.
1433 2327 1529 2355 Graec.
1547 2327 1620 2354 Mon.
1638 2326 1671 2354 T.
1686 2327 1697 2354 Ι
1711 2335 1738 2363 p.
1754 2328 1806 2355 555
1817 2337 1840 2356 s.
1858 2337 1885 2356 ν.

1098 2373 1236 2401 Macarius
1261 2373 1404 2408 Aegyptius
1431 2373 1445 2409 ᾗ
1475 2372 1602 2406 XXXIV;
1635 2372 1706 2400 infra
1729 2373 1756 2401 in
1789 2374 1885 2401 harum

1098 2419 1297 2452 Quaestionum
1309 2419 1466 2453 Appendice
1480 2419 1566 2446 altera
1582 2418 1633 2446 sub
1646 2418 1687 2446 ΙΙΙ.

1133 2465 1189 2500 (15)
1213 2464 1268 2491 VV.
1281 2464 1333 2493 PP.
1351 2464 1442 2492 Rosw.
1457 2465 1506 2493 lib.
1518 2465 1540 2492 Υ
1555 2465 1637 2492 libell.
1652 2465 1679 2497 4,
1692 2465 1727 2491 27
1738 2472 1763 2499 p.
1775 2464 1838 2496 570,
1859 2465 1883 2492 Ι.

1132 2511 1190 2547 (16)
1208 2511 1326 2539 Coteler.
1347 2511 1422 2539 Eccl.
1434 2511 1531 2540 Graec.
1547 2511 1618 2539 Mon.
1631 2510 1663 2538 T.
1684 2510 1694 2537 l
1714 2519 1741 2546 p.
1753 2511 1806 2538 5'56
1817 2519 1840 2539 s.
1855 2519 1882 2538 ν.

1098 2558 1236 2586 Macarius
1254 2559 1397 2593 Aegyptius
1415 2558 1428 2594 §
1447 2557 1527 2591 XVI;
1551 2558 1622 2585 infra
1638 2557 1778 2585 in-harum
1789 2557 1881 2591 Quae-

1097 2605 1216 2632 stionum
1231 2604 1389 2639 Appendice
1401 2604 1486 2631 altera
1498 2603 1550 2632 sub
1558 2604 1607 2631 lli.

1132 2650 1189 2685 (17)
1208 2650 1315 2685 Agatho
1325 2649 1420 2681 abbas,
1433 2652 1462 2676 ut
1472 2649 1668 2676 taciturnitatis
1675 2648 1804 2676 virtutem
1814 2655 1884 2675 nan-

1096 2696 1227 2727 ciscatur,
1241 2700 1297 2723 tres
1309 2703 1396 2723 annos
1412 2695 1527 2729 lapidem
1540 2695 1567 2722 in
1579 2703 1627 2722 ore
1641 2699 1764 2730 gestasse
1782 2695 1880 2722 fertur.

1096 2742 1153 2770 VV.
1170 2742 1222 2769 PP.
1235 2741 1326 2770 Rosw.
1343 2741 1391 2769 lib.
1404 2741 1426 2767 γ
1438 2741 1523 2768 libell.
1534 2741 1560 2773 5,
1574 2741 1589 2767 7
1602 2749 1628 2776 p.
1645 2741 1706 2773 568,
1721 2741 1747 2768 l.
1758 2741 1882 2768 Tacitur-

1095 2788 1189 2816 nitatis
1203 2789 1326 2824 exempla
1343 2787 1488 2814 laudantur
1508 2787 1537 2814 in
1553 2786 1645 2815 Indice
1661 2795 1748 2814 rerum
1760 2787 1787 2814 in
1808 2786 1881 2814 Vita:

1100 2834 1210 2862 Patrum
1225 2834 1296 2869 apud
1313 2832 1495 2862 Rosweidum.
