2060 3153
186 137 238 165 Ml

963 136 1077 164 VITAE.

1766 137 1817 165 In

186 198 227 229 ad
249 197 394 230 abbatem
415 195 593 234 Macarium,
608 195 686 227 dixit
707 197 737 227 ei
755 206 760 227 :
780 197 887 228 Habeo
909 201 972 228 tres
987 203 1009 228 Α
1024 196 1091 236 ipsa
1107 197 1208 237 plecta
1222 205 1280 237 per
1294 197 1460 229 fenestram
1472 197 1680 229 descendebat
1694 197 1725 228 in
1741 206 1814 238 spe-

187 248 327 284 codices,
340 250 371 277 et
384 246 515 286 proﬁcio
531 255 569 277 ex
585 246 720 278 lectione
735 256 856 279 eorum.
871 247 931 278 Sed
946 251 977 278 et

189 298 301 329 fratres
313 301 421 337 petunt
436 306 492 328 eos
507 297 546 328 ad
562 297 740 336 legendum,
753 301 784 329 et
800 298 861 338 ipsi
878 299 976 338 proﬁ-

190 349 287 380 ciunt.
309 348 362 379 Dic
386 356 462 386 ergo
483 347 661 387 mihi,quid
682 348 783 378 debeo
802 347 925 378 facere?
941 349 978 378 Et

191 398 385 438 respondens
409 406 507 428 senex
529 397 606 428 dixit
626 406 633 428 :
654 398 733 429 Boni
755 401 829 428 sunt
849 397 977 437 quidem

190 446 350 483 actus,sed
364 446 478 477 melius
488 446 635 477 omnibus
647 446 786 483 est,nihil
803 446 976 486 possidere.

189 496 276 532 Quod
292 504 364 526 cum
378 495 539 532 audiisset,
553 495 640 533 abiit,
657 498 688 526 et
704 495 842 526 vendidit
855 503 977 526 memo-

188 550 271 577 ratos
293 546 431 583 codices,
446 549 478 576 et
502 545 588 576 dedit
610 546 822 584 indigentibus
844 546 978 585 pretium

186 596 330 636 ipsorum
347 596 401 637 (1).
421 609 436 625 n
457 597 574 627 Eadem
596 597 630 627 in
659 596 939 637 Ap0phthegmatis
961 605 979 627 a

186 647 342 678 Cotelerio
366 647 458 677 editis
480 647 523 677 ita
547 650 712 678 narrantur
731 656 737 678 :
761 659 775 674 α
797 647 979 678 Theodorus

187 696 285 727 abbas
298 696 450 727 Phermae
464 699 528 727 tres
542 696 644 728 bonos
658 696 756 727 libros
768 696 932 736 possidens
942 696 980 727 ad

188 746 358 777 Macarium
385 747 529 778 abbatem
553 747 649 784 venit,
670 750 702 778 et
725 756 731 777 :
753 749 840 782 Tres.
865 747 979 787 inquit,

190 796 270 827 mihi
283 800 356 827 sunt
373 796 444 828 libri
462 796 624 837 praeclari,
642 806 681 828 ex
695 806 830 837 quorum
846 798 981 829 lectione

190 847 327 878 fructum
345 848 450 888 capio;
466 848 576 879 fratres
595 857 723 888 quoque
737 848 775 879 iis
792 852 934 886 utuntur,
951 852 982 880 et
996 871 1018 898 Β

192 898 309 937 pariter
335 898 513 938 proﬁciunt.
540 899 641 930 Effare
667 899 763 938 igitur
789 899 877 934 mihi,
903 899 980 939 quid

192 947 323 978 debeam
354 947 473 985 facere;
494 957 570 979 num
594 949 634 980 ad
657 958 760 981 meam
786 949 980 989 fratrumque

191 997 355 1028 utilitatem
375 1007 431 1030 eos
453 999 616 1036 retineam,
631 1008 671 1030 an
692 1000 825 1031 vendam
843 1000 981 1040 demque

192 1047 404 1086 pauperibus?
429 1049 532 1079 Senex
551 1049 714 1089 respondit
726 1058 732 1080 :
744 1049 895 1081 Pulchrae
915 1050 982 1090 qui-

192 1097 262 1127 dem
286 1098 428 1129 actiones
449 1102 532 1137 sunt,
548 1096 605 1130 sed
627 1099 739 1131 melior
762 1100 909 1131 omnibus
936 1104 982 1131 est

192 1152 371 1187 paupertas.
388 1150 455 1185 Quo
474 1149 580 1181 audito
601 1150 754 1187 discessit,
766 1159 884 1190 eosque
904 1160 980 1181 ven-

193 1197 281 1235 didit,
295 1201 325 1229 et
340 1200 508 1238 pecuniam
524 1200 609 1231 dedit
624 1201 814 1240 pauperibus
825 1201 878 1240 (2).
895 1213 908 1229 ››
922 1202 983 1232 Ma—

191 1249 309 1280 carium
320 1251 507 1290 Aegyptium
519 1260 588 1283 esse
600 1252 674 1283 inde
686 1253 821 1283 coniicio
831 1252 884 1293 (3),
896 1253 982 1292 quod

193 1299 327 1331 Pherme
342 1310 442 1341 prope
457 1302 572 1333 Scetim
586 1303 643 1333 sita
659 1305 734 1339 erat,
751 1305 783 1333 et
799 1303 983 1334 Theodorus

193 1349 263 1388 ipse
284 1349 375 1381 initio
396 1349 429 1381 in
450 1352 539 1382 Scete
560 1352 636 1382 vixit
648 1351 702 1392 (4).
720 1353 891 1392 Paupertas
910 1361 982 1384 vero

194 1399 377 1440 principalis
387 1402 615 1442 Aegyptiorum
626 1405 751 1442 patrum
758 1402 854 1434 virtus
863 1402 921 1434 fuit
928 1404 982 1443 (5).

236 1463 251 1478 α
268 1451 359 1482 Venit
379 1452 474 1482 abbas
498 1453 648 1483 Macarius
665 1453 766 1483 maior
783 1453 822 1483 ad
839 1453 983 1485 abbatem

195 1501 364 1532 Antonium
372 1502 405 1532 in
415 1505 566 1539 montem,
574 1505 605 1533 et
613 1512 685 1534 cum
694 1503 849 1543 pulsasset
857 1505 981 1541 ostium,

196 1551 289 1582 exivit
305 1552 345 1583 ad
367 1561 439 1583 eum
459 1556 490 1583 et
508 1553 585 1584 dixit
604 1553 633 1584 ei
646 1562 653 1584 :
665 1554 712 1585 Tu
728 1554 798 1594 quis
814 1553 865 1585 es?
878 1555 916 1585 Et
929 1555 982 1586 ille
995 1547 1016 1576 ο

195 1602 335 1642 aitzEgo
358 1611 426 1634 sum
448 1603 611 1634 Macarius.
632 1605 670 1635 Et
693 1604 843 1635 claudens
867 1605 982 1636 ostium

194 1653 329 1691 intravit,
344 1656 374 1684 et
392 1653 508 1684 dimisit
524 1662 596 1685 eum
614 1654 701 1686 foris.
722 1655 758 1685 Et
772 1664 843 1686 cum
857 1655 984 1687 vidisset

195 1707 305 1744 postea
320 1704 502 1744 patientiam
520 1704 598 1741 eius,
612 1705 735 1745 aperuit
754 1705 794 1735 ei.
809 1706 846 1736 Et
864 1705 982 1744 adgau-

195 1754 275 1785 deus
292 1755 321 1786 ei
341 1754 483 1786 diccbat:
499 1754 629 1786 Multum
647 1758 773 1794 tempus
791 1758 848 1792 est,
862 1764 901 1786 ex
919 1764 984 1796 quo

195 1807 228 1836 te
242 1805 348 1836 videre
361 1805 589 1841 desiderabam,
598 1805 729 1836 audiens
741 1805 780 1836 de
791 1808 834 1836 te.
848 1806 885 1836 Et
900 1805 986 1837 exhi-

196 1855 276 1887 bens
294 1855 323 1886 ei
338 1855 582 1896 hospitalitatem
595 1855 705 1887 refecit
718 1864 790 1886 eum
799 1865 807 1893 ;
824 1857 985 1887 eratenim

197 1905 300 1937 fessus
315 1906 354 1937 de
373 1906 473 1937 multo
492 1906 612 1937 labore.
624 1906 762 1946 Vespere
780 1910 884 1937 autem
903 1906 985 1938 facto

196 1954 312 1986 infudit
332 1955 392 1986 sibi
410 1956 506 1987 abbas
524 1955 678 1986 Antonius
698 1955 836 1986 modicas
855 1956 985 1995 palmas,

198 2009 231 2036 et
251 2005 326 2037 dicit
347 2006 375 2037 ei
396 2006 492 2037 abbas
515 2005 667 2037 Macarius
679 2014 686 2036 :
700 2006 744 2036 Da
764 2005 854 2042 mihi,
873 2009 907 2036 ut
927 2014 986 2045 ego

198 2055 362 2086 infundam
383 2056 468 2096 quod
484 2065 608 2096 operer.
620 2056 675 2087 Ille
690 2059 794 2088 autem
809 2057 904 2088 dixit:
917 2057 988 2088 Non

199 2104 302 2136 habeo
324 2106 404 2146 plus.
428 2107 466 2137 Et
488 2107 607 2138 faciens
629 2106 813 2138 fasciculum
835 2107 988 2138 maiorem

198 2155 313 2186 infudit
324 2165 407 2187 eum.
417 2157 454 2187 Et
467 2157 612 2188 sedentes
621 2166 639 2188 a
648 2165 719 2188 sero
730 2160 760 2188 et
771 2157 989 2197 colloquentes

1027 247 1129 278 Iunca.
1154 248 1191 277 Et
1212 247 1376 286 egrediens
1398 257 1490 279 mane
1511 251 1637 278 sanctus
1662 247 1816 278 Antonius
1848 246 1851 249 ’

1026 297 1102 328 vidit
1117 297 1335 329 collectionem
1352 298 1524 338 plectarum
1542 298 1661 329 abbatis
1680 297 1814 333 Macarii,

1028 352 1059 379 et
1074 348 1244 379 admiratus
1259 352 1316 386 est,
1330 352 1360 379 et
1375 349 1532 379 osculatus
1549 357 1660 379 manus
1679 348 1747 378 eius
1766 347 1815 378 (li-

1028 399 1119 430 cebat
1140 407 1146 429 :
1167 398 1261 429 Multa
1284 399 1379 429 virtus
1402 398 1440 429 de
1464 399 1529 429 istis
1554 398 1711 437 egreditur
1725 396 1778 437 (6).
1798 407 1811 422 »

1028 449 1143 479 Eadem
1162 449 1195 479 in
1217 448 1496 488 Apophthegmatis
1515 457 1533 479 a
1551 448 1704 479 Cotelerio
1724 447 1815 478 editis

1027 498 1192 530 traduntur
1202 499 1256 538 (7).
1272 499 1440 529 Macarium
1455 507 1530 529 vero
1546 499 1730 538 Aegyptium
1743 507 1815 529 eum

1029 550 1059 579 S.
1084 549 1219 580 Antonio
1241 548 1276 588 ('I'
1295 549 1372 579 XVI.
1389 548 1451 579 Cal.
1471 549 1560 579 Febr.
1579 548 1650 588 356)
1673 548 1712 589 (8)
1737 557 1815 579 con—

1030 607 1171 638 gressum
1197 607 1281 636 esse,
1313 598 1363 630 hic
1395 598 1509 629 iterum
1536 598 1745 637 comperimus
1762 597 1815 637 (9).

1030 650 1127 685 Quam
1147 649 1275 689 quidem
1291 649 1452 680 historiam
1470 658 1542 680 cum
1562 649 1612 685 iis,
1625 657 1704 688 quae
1725 658 1817 689 supra

1031 701 1070 732 de
1103 700 1238 732 Macario
1272 699 1373 740 Pispir
1406 699 1553 731 coenobii
1585 699 1696 730 abbate
1724 699 1818 730 relata

1031 755 1104 782 sunt
1119 751 1192 792 (10),
1208 750 1462 782 confundendam
1476 759 1541 781 non
1556 758 1624 781 esse
1639 750 1729 781 facile
1744 759 1818 790 per—

1032 802 1136 842 spicis.

1073 864 1087 880 ‹‹
1105 853 1270 883 Descendit
1297 851 1466 891 aliquando
1494 850 1563 890 ipse
1603 851 1754 881 Macarius
1781 850 1820 881 de

1032 903 1128 934 Scithi
1142 904 1181 935 ad
1196 903 1301 935 locum
1317 903 1372 943 qui
1386 902 1500 933 dicitur
1513 900 1716 937 Terenuthin,
1729 903 1759 930 et
1775 900 1822 931 in-

1029 954 1120 985 travit
1137 954 1274 985 dormire
1288 954 1321 984 in
1336 955 1553 988 monumento,
1567 951 1621 983 ubi
1635 954 1723 982 erant
1739 951 1822 981 anti—

1031 1005 1137 1044 quitus
1158 1004 1281 1044 sepulta
1303 1012 1437 1043 corpora
1457 1011 1663 1042 paganorum.
1680 1002 1716 1031 Et
1731 1001 1823 1032 traxit

1030 1063 1129 1085 unum
1148 1063 1263 1094 corpus
1285 1054 1343 1084 sub
1363 1056 1458 1092 caput
1476 1061 1567 1082 suum
1586 1055 1735 1091 tauquam
1750 1051 1822 1090 plu-

1031 1104 1160 1135 matium
1173 1103 1212 1135 de
1229 1103 1344 1144 scirpo.
1360 1103 1436 1138 151,
1452 1103 1627 1133 Daemones
1642 1105 1758 1138 autem,
1775 1102 1820 1132 vi—

1032 1154 1142 1185 dentes
1161 1154 1306 1185 ﬁduciam
1327 1153 1405 1189 eius,
1420 1153 1511 1183 invisi
1532 1155 1616 1188 sunt,
1633 1155 1664 1183 et
1683 1151 1823 1182 volentes

1031 1207 1150 1236 terrere
1164 1213 1247 1241 eum,
1260 1204 1414 1235 vocabant
1429 1203 1519 1242 quasi
1536 1203 1694 1242 quandam
1709 1202 1822 1232 mulie-

1032 1263 1099 1286 rem
1120 1255 1261 1286 dicentes
1278 1263 1285 1284 :
1302 1254 1413 1284 Nonna
1434 1253 1498 1290 illa,
1515 1252 1587 1283 veni
1607 1252 1769 1283 nobiscum
1784 1252 1823 1283 ad

1033 1304 1191 1336 balneum.
1203 1305 1240 1335 Et
1250 1303 1327 1335 alter
1338 1303 1472 1334 daemon
1483 1303 1582 1333 desub
1592 1303 1662 1342 ipso
1675 1306 1822 1342 tanquam

1034 1364 1071 1386 ex
1085 1355 1216 1386 mortuis
1228 1355 1289 1385 illis
1303 1354 1466 1394 respondit
1478 1353 1602 1385 dicens:
1616 1352 1822 1391 Peregrinum

1034 1404 1191 1444 quendam
1202 1404 1304 1434 habeo
1315 1411 1410 1443 super
1421 1411 1483 1440 me,
1491 1411 1556 1433 non
1567 1411 1696 1442 possum
1704 1402 1822 1432 venire.

1034 1455 1137 1486 Senex
1151 1457 1255 1485 autem
1270 1462 1335 1484 non
1350 1453 1484 1493 expavit,
1501 1453 1556 1483 sed
1571 1452 1735 1483 conﬁdens
1751 1455 1824 1482 tun-

1036 1505 1129 1536 debat
1152 1513 1269 1544 corpus
1295 1503 1385 1541 illud,
1409 1503 1517 1534 dicens
1534 1512 1540 1532 :
1557 1503 1666 1541 Surge,
1688 1502 1779 1539 vade,
1799 1503 1825 1532 si

1033 1557 1134 1594 potes.
1148 1553 1237 1590 Quod
1254 1562 1325 1584 cum
1340 1553 1512 1583 audiissent
1525 1551 1827 1589 daemones,clama-

1032 1607 1145 1635 verunt
1163 1612 1241 1635 voce
1263 1612 1376 1642 magna
1395 1602 1535 1633 dicentes
1553 1611 1559 1632 :
1577 1602 1682 1632 Vicisti
1704 1611 1773 1632 nos.
1790 1603 1826 1632 Et

1033 1655 1180 1694 fugerunt
1197 1653 1320 1685 confusi
1334 1653 1432 1693 (11).»
1450 1652 1566 1683 Eadem
1582 1661 1632 1683 res
1646 1652 1680 1683 in
1695 1652 1824 1692 ApOph-

1033 1705 1198 1744 thegmatis
1220 1712 1315 1744 saepe
1337 1703 1468 1734 laudatis
1483 1703 1616 1733 habetur
1632 1701 1704 1743 (12).
1728 1703 1824 1733 Tere-

1035 1755 1148 1786 nuthin
1171 1763 1245 1786 vero
1273 1754 1328 1785 ubi
1351 1753 1444 1784 situm
1469 1753 1573 1791 fuerit,
1595 1753 1736 1784 invenire
1760 1762 1824 1784 non

1035 1806 1137 1846 potui.

1076 1868 1090 1885 α
1107 1855 1247 1887 Narravit
1262 1854 1357 1886 abbas
1371 1855 1492 1891 Petrus,
1508 1855 1563 1894 qui
1581 1853 1639 1885 fuit
1654 1852 1826 1893 discipulus

1036 1906 1155 1938 abbatis
1174 1907 1242 1942 Lot,
1259 1905 1386 1935 dicens:
1402 1905 1493 1935 Eram
1508 1904 1677 1943 aliquando
1701 1904 1733 1934 in
1748 1902 1826 1934 cella

1037 1956 1156 1988 abbatis
1170 1955 1352 1995 Agathonis,
1368 1957 1399 1985 et
1417 1955 1503 1985 venit
1521 1954 1617 1986 frater
1637 1954 1764 1994 quidam
1788 1953 1827 1984 ad

1038 2017 1122 2045 eum,
1146 2007 1278 2038 dicens:
1301 2005 1381 2036 Volo
1405 2005 1546 2036 habitare
1569 2014 1640 2036 cum
1664 2005 1825 2041 fratribus,

1038 2058 1094 2089 sed
1105 2057 1155 2089 dic
1169 2056 1258 2094 mihi,
1274 2056 1435 2096 quomodo
1451 2055 1588 2086 habitem
1604 2064 1675 2087 cum
1689 2055 1737 2086 iis.
1749 2055 1834 2086 Dicit.

1038 2107 1068 2138 ei
1086 2114 1204 2137 senex:
1220 2105 1306 2135 Sicut
1326 2104 1360 2135 in
1378 2105 1480 2145 prima
1495 2105 1557 2142 die,
1573 2104 1699 2144 quando
1719 2104 1827 2144 ingre-

1039 2156 1122 2188 deris
1133 2155 1172 2187 ad
1183 2163 1249 2192 eos,
1261 2154 1304 2185 ita
1315 2154 1437 2185 custodi
1448 2155 1732 2194 peregrinationem
1744 2158 1826 2185 tuam

201 2205 241 2237 de
261 2207 391 2238 utilitate
412 2207 585 2239 animarum
609 2208 764 2240 faciebant
789 2208 936 2248 plectam,
957 2212 988 2240 et
1003 2219 1025 2245 ι)
1040 2206 1186 2238 omnibus
1200 2205 1311 2237 diebus
1327 2205 1407 2236 vitae
1419 2208 1503 2243 tuae,
1519 2214 1577 2236 nec
1591 2214 1732 2237 assumas
1749 2205 1827 2236 ﬁdu-

237 2333 275 2367 (l)
294 2332 351 2360 VV.
368 2333 420 2360 PP.
433 2333 514 2361 Rosw
527 2334 574 2361 lib.
586 2333 607 2361 ν
619 2335 702 2363 Iibell.
714 2336 741 2368 6,
754 2336 771 2362 6
782 2343 808 2371 p.
824 2335 877 2363 582
890 2343 932 2370 sq.

237 2380 275 2415 (Ξ)
294 2379 413 2407 Coteler.
435 2378 509 2407 Eccl.
529 2380 626 2409 Graec.
648 2381 720 2409 Men.
737 2381 768 2408 T.
790 2381 799 2408 I
815 2389 841 2416 p.
855 2381 903 2409 451
921 2389 944 2408 s.
960 2389 985 2408 v.

203 2426 354 2454 Theodorus
366 2426 531 2454 Pliermensis
544 2426 594 2463 §I;
611 2428 681 2454 infra
694 2429 721 2456 in
735 2428 830 2455 harum
845 2427 988 2461 Quaestio-

202 2480 264 2500 nem
274 2472 431 2507 Appendice
438 2473 524 2500 altera
535 2474 586 2501 sub
600 2473 644 2501 IV.

237 2519 276 2555 (ὃ)
296 2519 365 2547 Hist.
381 2519 464 2547 Laus.
480 2520 524 2546 ed.
546 2519 646 2547 Meurs.
660 2528 721 2556 cap.
743 2520 778 2548 24
794 2520 863 2556 Opp.
885 2521 985 2549 Meurs.

202 2567 223 2592 I.
239 2566 258 2593 I.
271 2574 297 2600 p.
310 2566 373 2596 M7;
388 2566 425 2593 cf.
437 2566 557 2593 Palladii
573 2565 721 2594 Historiam
728 2567 888 2594 Lausiacam
903 2570 936 2594 ad
946 2577 987 2595 co-

203 2612 269 2638 dicis
286 2611 493 2639 Viudobonensis
508 2613 587 2646 ﬁdem
600 2612 710 2639 breviter
724 2613 896 2644 delinealam,
916 2613 986 2640 infra

204 2659 268 2686 huic
277 2662 388 2686 nostrae
401 2659 516 2686 editioni
530 2658 666 2687 Historiae
683 2659 833 2687 Lausiacae
844 2661 986 2695 praeposi-

204 2710 270 2731 tam.

239 2751 278 2782 (Δ)
297 2750 414 2778 Coteler.
440 2750 458 2777 l.
482 2751 500 2777 l.
525 2758 550 2785 p.
571 2750 635 2778 45⁵1.
661 2749 714 2777 458
741 2758 764 2778 s.
789 2758 816 2777 γ.
839 2749 990 2777 Theodorus

205 2793 372 2822 Phermensia
388 2795 401 2830 §
415 2794 498 2822 XXV.
514 2795 609 2822 XXVI.
623 2793 732 2822 XXVII.

240 2841 280 2875 (ὅ)
300 2840 342 2867 Cf.
366 2840 500 2869 Rosweidi
519 2841 637 2869 Iudicem
651 2849 741 2870 rerum
765 2841 793 2868 in
818 2840 874 2868 VV.
897 2839 987 2868 Rosw.

206 2892 232 2915 ι.
248 2894 273 2913 v.
285 2885 445 2919 Paupertas.
903 2891 908 2897 '

1077 2333 1113 2368 (6)
1134 2332 1191 2361 vv.
1206 2332 1258 2360 PP.
1273 2332 1366 2361 Rosw.
1381 2333 1427 2360 lib.
1449 2332 1481 2359 v.
1501 2333 1584 2360 libell.
1599 2332 1626 2364 7,
1645 2332 1662 2359 9
1680 2340 1706 2366 p.
1725 2331 1824 2363 585,1.

1076 2379 1113 2414 (7)
1132 2379 1248 2406 Coteler.
1260 2377 1334 2406 Eccl.
1345 2378 1441 2406 Graec.
1455 2377 1526 2405 Men.
1539 2378 1570 2405 Τ.
1585 2378 1594 2404 I
1607 2386 1632 2412 p.
1645 2377 1696 2404 530
1707 2385 1746 2411 sq.
1763 2386 1787 2405 ε.
1799 2386 1824 2404 v.

1041 2423 1178 2452 Macarius
1196 2425 1338 2460 Aegyptius
1353 2425 1366 2460 §
1381 2424 1433 2457 IV;
1449 2424 1519 2451 infra
1531 2424 1560 2451 in
1576 2424 1670 2450 harum
1684 2422 1826 2456 Quaestio-

1041 2478 1106 2498 num
1118 2470 1275 2505 Appendice
1288 2471 1373 2498 altera
1388 2470 1439 2498 sub
1454 2469 1497 2496 IIl.

1077 2516 1114 2552 (8)
1133 2517 1175 2544 Cf.
1190 2517 1336 2544 Tillemont
1349 2517 1492 2544 Mémoires
1503 2515 1533 2542 T.
1549 2515 1590 2542 VII
1603 2515 1633 2542 P.
1649 2515 1658 2542 I
1674 2524 1698 2551 p.
1715 2516 1777 2543 2‘18.

1075 2562 1113 2596 (9)
1132 2562 1174 2590 Cf.
1197 2563 1397 2597 Apophthegm.
1425 2562 1542 2589 Coteler.
1568 2561 1586 2588 l.
1605 2561 1623 2588 l.
1651 2569 1668 2594 p
1704 2562 1755 2589 559
1781 2570 1825 2597 sq.

1040 2608 1167 2645 §X.\VI;
1181 2609 1252 2636 infra
1262 2609 1276 2644 §
1288 2609 1333 2636 58.

1076 2655 1132 2691 (l0)
1152 2654 1195 2682 Cf.
1214 2662 1295 2689 supra
1315 2654 1328 2690 §
1345 2654 1381 2681 24
1395 2653 1488 2689 p.105
1503 2661 1544 2687 εει.

1075 2701 1131 2736 (ii)
1151 2700 1271 2728 war.
1289 2701 1380 2728 κυεην.
1393 2699 1440 2726 lib.
1453 2697 1570 2726 Vlibell.
1586 2698 1610 2730 7,
1631 2699 1662 2726 io
1675 2707 1701 2734 ρ.
1720 2699 1781 2732 585,
1798 2698 1825 2726 2.

1078 2746 1134 2781 (12)
1153 2740 1272 2774 Coteler.
1290 2746 1364 2773 Eccl.
1377 2745 1474 2772 Graec.
1488 2744 1559 2772 Men.
1574 2745 1606 2772 Τ.
1623 2745 1633 2771 I
1647 2753 1672 2780 p.
1694 2745 1745 2772 535
1759 2754 1781 2772 s.
1800 2754 1825 2773 v.

1044 2792 1180 2820 Macarius
1203 2793 1344 2828 Aegyptius
1362 2792 1376 2828 ᾗ
1399 2790 1476 2824 XIII;
1493 2790 1563 2818 infra
1582 2791 1608 2819 in
1626 2791 1722 2819 Irarum
1737 2791 1826 2826 Quac-

1044 2841 1164 2869 stiouum
1179 2839 1333 2876 Appendicc
1351 2839 1436 2866 altera
1452 2837 1503 2865 sub
1519 2837 1560 2865 Ill.
