2060 3153
273 108 324 135 H3

695 117 746 146 SS.
765 118 996 152 MACARIOHUM
1016 125 1177 156 AEGYPTII
1192 129 1235 157 ΕΤ
1252 131 1485 161 ALEXANDRINI

1848 138 1899 168 ιιι

271 168 362 199 “iam
380 169 458 202 Dic“
472 173 501 203 ei
515 173 610 206 abbas
626 176 778 209 Μθοθτίυε
793 188 800 209 ε
817 181 894 218 Quid
911 183 994 214 enim
1010 185 1057 216 fa-
1077 191 1099 220 A
1114 188 1180 219 ritis
1194 198 1321 229 pueros,
1337 191 1435 223 tollite
1458 193 1589 224 melotes
1604 197 1730 231 vestras,
1747 198 1778 226 et
1793 195 1897 229 disce-

274 219 506 231 -:.m,,.......
531 224 547 231 ._
587 225 592 231 .
748 229 771 231 _,

273 219 314 248 cit
329 219 461 252 ﬁducia?
474 223 551 254 Dicit
566 225 593 255 ei
606 234 702 258 senex
719 237 726 258 :
743 229 792 260 Sic
807 234 853 261 est
864 232 942 264 sicut
955 239 1058 267 aestus

272 270 413 307 grandis;
426 273 480 311 qui
492 275 619 312 quando
634 279 793 317 exarserit,
809 289 919 313 omnes
935 283 1060 324 fugiunt

272 325 289 347 a
304 318 383 349 facie
398 321 474 359 ejus,
490 323 562 362 quia
577 329 679 357 aestus
706 328 798 359 etiam
820 331 966 364 arborum
990 334 1057 366 fru-

272 370 340 398 ctus
351 373 533 411 corrumpit.
546 374 626 406 Dixit
635 377 731 408 abbas
740 380 889 412 Macarius
902 391 908 413 :
920 384 969 415 Sic
978 385 1058 417 mala

271 417 384 450 ﬁducia
406 421 472 452 est?
489 423 663 464 Respondit
684 428 780 461 abbas
804 433 947 471 Agathon
964 444 971 465 :
987 436 1057 467 Non

272 471 320 498 est
337 469 429 508 peior
443 471 539 504 altera
553 477 656 514 passio
671 487 764 518 quam
781 469 908 521 ﬁducia;
924 486 1058 524 genitrix

271 520 318 547 est
332 518 416 549 enim
438 522 578 554 omnium
599 527 793 564 passionum.
809 518 959 564 Convenit
981 544 1057 575 ergo

271 569 412 608 Operatio
434 574 589 606 monacho
609 585 673 608 non
695 588 818 612 sumere
836 583 992 622 ﬁduciam,
1010 587 1057 617 vel

270 617 296 647 si
318 619 402 650 solus
424 621 463 652 sit
480 623 512 653 in
534 625 612 656 cella
630 627 682 667 (1).
709 640 724 657 »
739 631 806 662 Hoc
821 617 991 672 Agathonis
1003 645 1054 668 re-

269 675 421 707 Sponsum
436 671 522 703 fratri
537 674 643 706 datum
659 678 750 710 etiam
763 680 796 712 in
811 671 891 714 libro
906 687 997 717 tertio
1013 686 1054 727 (2)

271 721 302 748 et
315 719 347 749 in
361 719 441 752 libro
451 725 585 763 septimo
597 726 637 765 (3)
650 727 744 768 legis;
758 731 813 762 sed
826 733 949 766 Macarii
961 719 1055 770 verba

270 767 403 820 insciis
433 767 712 816 ApOphthegmatis
740 789 758 811 a
784 783 936 816 Coteleriu
965 767 1055 820 editis

269 817 426 873 adduntur
449 822 501 861 (4).
526 826 608 861 Quae
626 836 665 858 an
691 830 752 861 sint
773 833 918 873 Aegyptii
932 817 1056 869 Macarii

269 868 373 906 verba,
389 879 453 902 non
469 873 541 905 satis
558 878 759 917 perspicuum
771 886 828 912 est.
841 884 961 916 Etenim
977 889 1053 927 Aga-

268 917 344 970 thon
355 920 450 952 abbas
458 923 572 960 152m
581 927 670 960 Scete
679 939 742 961 non
750 932 871 965 videtur
877 936 987 968 vixisse

267 967 376 1000 Petrus
395 976 498 1004 autem
522 975 617 1008 abbas
631 978 664 1010 in
686 981 808 1014 Cellulis
824 967 982 1018 habitabat

267 1022 298 1048 et
312 1020 368 1050 Lot
382 1023 560 1062 magistrum
580 1027 647 1058 eius
662 1029 694 1059 in
711 1039 804 1070 parva
825 1034 938 1073 palude
958 1020 1050 1069 Ar‘sel-I

267 1069 361 1101 noitis
375 1073 510 1111 regionis
525 1075 647 1115 degisse
662 1069 834 1114 credideris
850 1084 902 1124 (7).

306 1131 320 1148 ιι
335 1121 438 1154 Abbas
463 1125 612 1159 Macarius
634 1130 742 1162 volens
765 1121 920 1167 consolari
940 1137 1050 1170 fratres

265 1167 387 1202 dicebat
403 1181 410 1202 :
427 1173 517 1205 Venit
534 1175 596 1209 huc
611 1179 779 1220 aliquando
794 1192 866 1216 cum
881 1167 1050 1221 matres—ua

263 1229 354 1260 puer,
370 1224 425 1262 qui
443 1233 460 1256 a
481 1225 648 1261 daemonio
670 1234 849 1273 vexabatur,
875 1241 905 1268 et
928 1239 1051 1272 dicebat

263 1272 354 1303 matri
377 1282 474 1305 suae:
500 1277 614 1317 Surge,
639 1289 747 1313 eamus
768 1272 851 1317 hinc.
874 1288 929 1319 Illa
944 1294 1048 1322 autem

264 1321 387 1355 dicebat
401 1334 408 1355 :
420 1326 489 1358 Non
499 1336 627 1368 possum
635 1333 768 1371 pedibus
777 1337 947 1370 ambulare.
960 1340 996 1370 Et
1005 1321 1050 1372 di;

264 1371 354 1404 cebat
365 1375 392 1404 ei
403 1374 484 1407 ﬁlius
493 1386 567 1410 suus
577 1388 584 1410 :
594 1381 658 1420 Ego
666 1386 696 1413 te
709 1389 813 1423 porto.
830 1387 867 1417 Et
880 1371 1048 1422 admiratus

263 1430 333 1452 sum
351 1425 493 1458 astutiam
512 1428 713 1470 daemonum,
725 1437 886 1474 quomodo
904 1447 959 1470 eos
973 1440 1046 1472 inde

263 1470 377 1528 fugare
385 1474 508 1528 volebat
524 1477 577 1518 (8).
590 1492 604 1508 ι»
620 1481 705 1513 Idem
719 1470 751 1515 in
766 1470 1047 1528 Apophthegmatis

1111 237 1175 269 dite
1192 238 1266 279 (10).
1284 252 1299 269 »
1315 242 1453 273 Eandem
1468 244 1591 274 Macarii
1605 245 1750 285 Aegyptii
1762 247 1898 287 prophe-

1111 287 1185 319 tiam
1199 289 1231 320 in
1247 290 1525 331 Apophthegmatis
1538 302 1556 324 a
1574 294 1727 326 Cotelerio
1742 296 1833 327 editis
1845 297 1897 329 de-

1109 337 1280 376 prehendis
1296 340 1370 381 (11).
1385 343 1542 378 Quaenam
1556 344 1654 375 Scetis
1667 344 1837 378 devastatio
1850 348 1896 379 in-

1109 391 1234 426 nuatur,
1251 398 1327 420 num
1341 391 1398 423 sub
1419 393 1516 424 Lucio
1537 393 1722 426 Arianorum
1745 396 1896 437 episcopo

1108 437 1311 470 Alexandriae
1326 442 1458 473 Macario
1481 445 1647 483 superstite
1669 445 1748 477 facta
1765 446 1839 487 (12),
1855 457 1895 479 an

1107 487 1160 518 illa
1182 488 1397 528 barbarorum,
1421 493 1476 532 qui
1498 494 1629 533 Moysen
1655 495 1799 527 abbatem
1824 505 1895 528 cum

1108 537 1201 568 sociis
1215 539 1409 571 trucidarunt
1426 541 1498 581 (13),
1515 551 1556 574 an
1571 544 1660 575 tertia
1672 545 1827 585 quaedam
1841 555 1897 578 no-

1108 586 1156 616 bis
1170 587 1340 628 incognita,
1355 590 1491 622 discerni
1511 593 1561 624 vix
1584 595 1709 633 poterit.
1724 595 1894 628 Tillemon-

1109 637 1168 668 tius
1185 639 1378 672 invasionem
1401 641 1605 675 barbarorum
1622 645 1764 684 istorum,
1782 655 1863 687 quos
1878 657 1896 679 e

1107 688 1322 722 crudelissima
1350 692 1500 724 Mazicum
1536 698 1629 734 gente
1656 695 1753 727 fuisse
1787 698 1895 729 nescio

1106 738 1222 777 quibus
1234 740 1274 771 de
1288 742 1461 774 rationibus
1482 744 1646 783 existimat,
1664 746 1743 783 153
1756 748 1896 787 praedici

1106 790 1278 820 autumavit
1297 791 1370 832 (14).
1393 793 1436 823 Ea
1456 797 1572 830 autem,
1589 804 1671 836 quae
1688 798 1720 827 S.
1745 799 1894 837 Augusti-

1106 845 1165 867 nus
1190 838 1229 870 de
1257 841 1389 881 Aegypti
1416 845 1612 876 monasteriis
1638 846 1803 879 devastatis
1829 851 1893 880 tra-

1107 887 1185 919 didit
1199 889 1273 929 (15),
1290 891 1351 923 huc
1369 901 1433 924 non
1449 899 1592 934 spectare
1606 897 1759 929 videntur.

1145 940 1275 976 Quando
1289 941 1369 974 liber
1390 945 1518 984 quintus
1540 947 1733 987 compositus
1754 949 1804 986 sit,
1828 958 1894 982 non

1105 989 1179 1019 satis
1203 994 1335 1022 constat.
1360 993 1516 1025 Laudatur
1532 1000 1637 1026 autem
1658 1005 1676 1027 a
1690 997 1802 1029 Photio
1818 998 1893 1040 (16),

1106 1041 1136 1069 ct
1154 1039 1314 1079 Pelagium
1338 1042 1408 1074 libri
1430 1044 1633 1085 interpretem
1657 1047 1783 1079 saecqu
1805 1053 1893 1081 sexto

1103 1089 1227 1128 vixisse,
1244 1100 1309 1123 non
1321 1096 1441 1125 temere
1462 1095 1667 1128 coniecerunt
1689 1097 1763 1138 (17).
1778 1099 1840 1130 Sed
1853 1100 1894 1131 ad

1104 1141 1220 1174 librum
1234 1149 1356 1177 sextum
1370 1148 1548 1180 transimus.

1144 1194 1168 1231 ξ.
1185 1194 1233 1225 34.
1259 1196 1352 1227 Libro
1378 1201 1477 1229 sexto-
1493 1199 1641 1231 undecim
1668 1201 1777 1232 insunt
1791 1201 1891 1233 histo-

1103 1243 1167 1274 riae
1181 1244 1220 1276 de
1234 1246 1384 1285 Macariis,
1398 1257 1532 1288 quarum
1555 1254 1677 1290 septem
1701 1252 1741 1284 de
1759 1254 1893 1285 Macario

1101 1294 1255 1334 Aegyptio
1280 1301 1446 1338 postquam
1470 1299 1615 1340 fatigatus
1638 1303 1747 1340 oravit,
1771 1303 1891 1335 elevato

1102 1347 1133 1374 et
1160 1348 1244 1376 trans
1277 1346 1395 1379 ﬂumen
1430 1349 1566 1381 demisso
1589 1351 1669 1391 (18),
1697 1352 1737 1384 de
1768 1353 1893 1385 duobus

1101 1393 1354 1428 adolescentibus
1387 1399 1563 1438 peregrinis
1602 1402 1748 1432 eumdem
1788 1403 1891 1434 Maca-

1101 1443 1181 1475 rium
1204 1445 1391 1478 adeuntibus
1415 1452 1446 1479 et
1468 1453 1553 1481 tanta
1570 1451 1682 1482 virtute
1706 1452 1890 1484 excellenti-

1100 1494 1159 1525 bus
1182 1494 1255 1535 (19),
1289 1496 1329 1527 de
1360 1499 1565 1531 Macariorum
1599 1510 1671 1532 cum
1690 1502 1814 1534 duobus
1835 1505 1891 1535 tri-

792 1522 802 1525 _
836 1522 846 1526 _
937 1522 955 1528 ν
1100 1522 1157 1525 .__-
1196 1522 1255 1533 -νη
1291 1522 1328 1527 ν-
1360 1522 1565 1531 ...ιμωιινιμιμ
1599 1522 1671 1532 vum
1690 1522 1814 1534 υνιυνυο
1837 1522 1891 1535 ιιι-

262 1529 279 1551 “
295 1522 447 1556 cotelerio
461 1527 551 1559 editis
566 1529 697 1563 habet“?
712 1534 764 1574 (9)-
789 1537 853 1567 Πῑνί
871 1542 974 1570 amem
987 1542 1048 1572 Ma-
1060 1551 1081 1580 c
1098 1522 1191 1575 bunis
1224 1554 1396 1585 congressu
1431 1549 1552 1581 adiecta
1590 1551 1643 1582 illa
1679 1552 1891 1593 descriptione

262 1571 415 1593 narinrnm
438 1584 487 1593 νιηι-
501 1577 663 1593 o..:L...,...,u-
683 1582 717 1593 _:.
747 1583 753 1593 ι
771 1584 775 1590 -
797 1587 802 1593 .
847 1586 853 1591 .

262 1571 417 1604 cariorum
437 1584 488 1606 res
501 1577 666 1612 tribuenda
680 1571 728 1620 sit,
743 1571 884 1620 historia.
900 1597 981 1628 quae
995 1599 1046 1621 se-

262 1619 378 1658 quitur,
394 1622 521 1656 indicat.

302 1683 315 1697 α
331 1671 458 1705 Dicebat
479 1675 592 1709 iterum
615 1679 655 1711 de
678 1681 871 1716 desolatione
889 1687 985 1719 Scithi
1006 1691 1045 1721 ad

262 1719 370 1752 fratres
389 1731 395 1752 :
412 1724 539 1759 Quando
557 1728 694 1762 videritis
718 1733 827 1765 cellam
851 1719 1043 1770 aedificatam

262 1770 345 1802 iuxta
366 1773 524 1813 paludem,
545 1779 666 1818 scitote,
682 1783 755 1821 quia
773 1793 873 1824 prope
889 1792 935 1818 est
950 1789 1043 1821 deso-

262 1821 334 1852 iatio
353 1823 465 1862 Scithi;
487 1830 613 1866 quando
633 1835 736 1863 autem
752 1821 879 1867 arbores
895 1838 1043 1878 videritis,

260 1871 321 1902 iam
343 1878 416 1906 ante
442 1877 568 1910 ianuam
595 1885 657 1919 est;
684 1885 811 1923 quando
830 1891 934 1919 autem
957 1889 1044 1921 vide-

294 1984 332 2020 (1)
353 1984 410 2013 vv.
428 1986 481 2014 PP.
498 1987 589 2017 Rosw.
611 1991 656 2018 lib.
673 1991 696 2019 v
710 1993 794 2023 libell.
811 1996 887 2028 10,8
901 2005 929 2033 p.
938 1998 1001 2032 596,
1016 1991 1046 2027 2'

295 2030 335 2066 (2)
354 2031 423 2060 Ibid.
444 2034 490 2061 lib.
504 2034 538 2062 ιιι
555 2044 615 2072 cap.
635 2038 687 2067 198
703 2041 806 2075 p.529,
823 2043 850 2071 2.

294 2076 333 2111 (δ)
354 2076 421 2104 Ibid.
438 2079 485 2106 lib.
504 2079 550 2107 vn
567 2089 627 2117 cap.
640 2084 685 2116 42,
702 2086 713 2111 ι
731 2094 758 2121 p.
775 2087 837 2120 685,
859 2089 884 2116 ι.

294 2120 334 2156 (4)
351 2121 467 2151 Coteler.
482 2125 556 2153 Eccl.
572 2127 668 2156 Graec.
686 2120 757 2158 Mon.
777 2133 808 2160 T.
828 2132 878 2169 lp.
895 2134 947 2163 572
962 2144 1003 2172 sq.
1018 2145 1042 2165 ε.

259 2173 285 2192 v.
301 2166 423 2202 Agat/um
445 2169 458 2205 §
477 2170 486 2197 I
502 2180 510 2204 ;
526 2171 596 2199 infra
621 2174 648 2201 in
662 2174 759 2204 harum
773 2166 970 2211 Quaestionum
984 2166 1043 2218 lAp-

259 2212 374 2246 pendice
388 2214 472 2242 altera
490 2217 541 2245 sub
552 2217 597 2247 IV.

295 2257 333 2292 (5)
353 2258 506 2295 Congressu
519 2263 545 2290 in
559 2263 640 2292 Scete
654 2266 747 2295 habito
760 2268 885 2305 Agathon
899 2273 984 2301 abbas
998 2283 1044 2302 ve.

260 2303 301 2330 nit
314 2304 498 2342 fratribusque
513 2317 568 2337 non
588 2317 662 2340 recte
675 2303 810 2343 sancitum
823 2325 884 2346 esse
901 2319 969 2347 dixit
985 2329 992 2353 ;
1011 2329 1045 2348 ex

259 2357 314 2383 quo
325 2358 386 2378 eum
403 2353 430 2380 in
446 2353 525 2382 Scete
551 2364 604 2384 non
624 2359 763 2389 habitasse
777 2367 850 2391 recte
862 2365 985 2400 colliges.
1000 2366 1042 2396 Cf.

259 2395 378 2424 Coteler.
389 2398 462 2427 Eccl.
476 2399 573 2430 Graec.
588 2403 659 2432 Mun.
670 2406 702 2434 T.
715 2406 725 2433 1
740 2416 767 2443 p.
779 2409 832 2436 577
843 2418 866 2438 s.
880 2419 906 2438 ν.
921 2395 1045 2448 Agat/tori

259 2441 273 2477 ς
287 2441 356 2470 xw.

293 2489 331 2525 (6)
351 2489 469 2519 Coteler.
493 2492 568 2521 Eccl.
584 2494 681 2524 Graec.
701 2497 773 2528 Mon.
792 2501 824 2528 Τ.
840 2501 888 2537 lp.
906 2503 957 2531 646
970 2512 993 2532 s.
1017 2513 1042 2532 v.

259 2535 355 2564 Petrus
372 2537 480 2565 Ρίοηίια
495 2539 508 2574 §
525 2539 546 2568 Ι.

294 2582 333 2617 (7)
353 2582 421 2610 Ibid.
439 2592 466 2618 p.
482 2585 531 2612 521
549 2593 573 2614 s.
586 2595 611 2613 ν.
630 2587 679 2615 Lat
695 2589 800 2627 abbas§
816 2591 836 2619 Ι.

294 2627 333 2663 (δ)
354 2626 410 2655 vv.
425 2629 477 2667 re
494 2631 587 2660 ncsw.
603 2634 650 2661 lib.
661 2635 681 2662 v
698 2636 781 2663 libell.
795 2639 837 2669 18,
853 2639 922 2675 10p.
938 2640 1040 2673 638.1.

293 2673 332 2709 (9)
349 2674 466 2703 Coteler.
490 2677 565 2705 Eccl.
577 2678 675 2708 Graec.
701 2681 774 2710 Mon.
793 2683 824 2711 τ.
842 2685 851 2711 1
866 2673 956 2720 p.531
975 2697 998 2715 s.
1015 2697 1041 2715 v.

258 2716 395 2748 Macarius
409 2721 561 2765 “Aegyptius
577 2724 591 2760 §
608 2724 641 2752 Vl
654 2735 661 2758 ;
672 2727 743 2755 infra
763 2729 789 2756 in
803 2716 1044 2766 haru-mQuaestio—

258 2769 323 2791 num
338 2765 494 2801 Appendice
507 2769 592 2797 altera
606 2771 659 2799 sub
677 2772 720 2800 ΙΙΙ.

294 2809 351 2846 (ιο)
363 2810 420 2838 vv.
436 2812 488 2841 PP.
505 2813 596 2843 Rosw.
606 2817 655 2844 lib.
667 2817 687 2844 v
698 2819 833 2853 |ibell.18,
849 2822 877 2848 11
896 2831 922 2858 p.
939 2823 1001 2856 658,
1017 2825 1041 2853 1.

293 2854 351 2889 (11)
370 2857 485 2887 Cotelcr.
500 2859 573 2889 Eccl.
592 2863 688 2893 Graec.
707 2865 779 2894 Mou.
796 2868 813 2894 l.
835 2868 851 2896 l.
867 2854 958 2905 (1:531
975 2854 999 2899 s.
1015 2880 1040 2901 v.

1101 1595 1199 1626 Scetis
1216 1595 1289 1636 (20),
1306 1597 1345 1628 de
1360 1599 1466 1631 cranio
1484 1601 1618 1632 Macario
1638 1603 1791 1643 Aegyptio
1809 1614 1889 1644 poc-

1100 1653 1156 1676 nas
1167 1645 1362 1678 infernorum
1381 1654 1545 1682 enarrante
1560 1650 1634 1690 (21),
1647 1653 1686 1683 de
1700 1653 1890 1686 revelatione

1099 1695 1202 1727 eidem
1219 1698 1352 1728 Macario
1367 1698 1458 1737 facta,
1475 1700 1578 1740 ipsum
1594 1702 1737 1734 virtutem
1757 1703 1888 1736 duarum

1097 1744 1264 1776 mulierum
1286 1748 1427 1779 nondum
1448 1749 1586 1788 attigisse
1603 1750 1675 1792 (22),
1692 1752 1731 1783 de
1747 1753 1888 1785 eiusdem

1098 1794 1221 1825 Macarii
1232 1796 1326 1827 verbo
1338 1798 1424 1837 quod
1435 1799 1512 1830 dixit
1522 1800 1652 1840 Evagrio
1665 1811 1673 1833 :
1683 1802 1798 1834 Umbra
1808 1812 1887 1835 con—

1098 1845 1202 1874 tentus
1216 1848 1283 1875 esto
1300 1846 1372 1886 (23),
1397 1847 1437 1878 de
1460 1848 1598 1880 eiusdem
1620 1850 1835 1889 afﬁrmatione,
1851 1861 1887 1884 se

1098 1893 1206 1932 viginti
1219 1896 1310 1927 anuis
1330 1905 1422 1937 aqua.
1439 1907 1521 1938 pane
1541 1905 1572 1931 et
1588 1910 1700 1933 somno
1714 1903 1886 1936 satietatem

1098 2002 1237 2031 Macarius
1252 2006 1395 2040 Aegyptius
1410 2007 1424 2043 §
1448 2007 1470 2034 V
1483 2018 1490 2041 ;
1509 2010 1580 2037 infra
1596 2011 1623 2038 in
1634 2012 1885 2054 Iiarquuaestio-

1100 2057 1163 2076 num
1179 2052 1336 2086 Appendice
1349 2054 1435 2081 altera
1455 2057 1506 2083 sub
1520 2056 1563 2084 111.

1135 2095 1190 2130 (12)
1210 2096 1253 2123 cf.
1269 2105 1351 2132 supra
1367 2098 1381 2134 §
1396 2100 1412 2127 6
1427 2108 1454 2135 p.
1471 2101 1504 2128 16
1529 2109 1591 2138 sqq.
1609 2103 1632 2139 ς.
1649 2104 1685 2131 27
1699 2114 1726 2141 p.
1744 2107 1797 2135 115
1806 2112 1833 2136 et
1846 2108 1885 2136 in-

1099 2138 1139 2166 fra
1153 2141 1218 2176 Cap.
1235 2141 1293 2169 VIII
1309 2142 1322 2179 §
1336 2144 1380 2172 42.

1133 2186 1188 2221 (15)
1209 2187 1246 2214 De
1258 2188 1308 2216 hac
1319 2190 1402 2218 caede
1410 2191 1447 2218 cf.
1461 2191 1516 2220 VV.
1530 2193 1581 2222 PP.
1597 2195 1689 2224 Rosw.
1703 2198 1748 2226 lib.
1761 2198 1784 2226 ν
1797 2200 1881 2228 libell.

1060 2248 1082 2275 Β
1098 2230 1142 2262 18,
1161 2231 1203 2258 15.
1219 2232 1262 2262 11.
1276 2233 1388 2262 Coteler.
1415 2237 1490 2264 Eccl.
1505 2238 1601 2267 Graec.
1622 2240 1694 2269 Mon.
1717 2244 1748 2270 T.
1766 2243 1816 2279 lp.
1830 2244 1883 2273 555

1097 2283 1121 2303 s.
1134 2284 1160 2303 ν.
1177 2276 1251 2304 Mosa
1275 2279 1356 2306 abbas
1369 2279 1392 2316 ς.
1410 2281 1445 2309 Χ.

1130 2323 1186 2358 (14)
1203 2322 1349 2353 Tillemont
1363 2327 1507 2357 Mémoires
1521 2330 1554 2358 T.
1569 2330 1623 2359 VIII
1635 2332 1667 2360 P.
1680 2334 1713 2361 Ill
1725 2343 1752 2370 p.
1765 2337 1827 2369 992,
1843 2337 1879 2364 cf.

1095 2367 1126 2394 T.
1146 2368 1166 2395 Χ
1183 2370 1227 2398 ed.
1246 2370 1333 2399 Paris.
1352 2381 1379 2408 p.
1396 2374 1442 2403 75.
1460 2376 1520 2403 728.
1537 2377 1575 2406 De
1590 2367 1734 2408 Mazicum-
1744 2367 1824 2418 gente
1841 2383 1878 2411 cf.

1095 2413 1197 2442 Pallad.
1217 2415 1285 2444 Hist.
1299 2416 1382 2446 Laus.
1398 2427 1459 2455 cap.
1475 2421 1502 2449 8.
1518 2422 1642 2452 Cassian.
1659 2426 1729 2455 Coll.
1744 2413 1777 2461 Ῑι,
1791 2429 1816 2455 6.

1129 2460 1184 2495 (15)
1203 2461 1251 2496 Ep.
1280 2463 1328 2491 111
1360 2465 1440 2498 (alias
1466 2467 1539 2503 122),
1556 2469 1584 2497 s.
1611 2471 1728 2507 August.
1746 2460 1815 2510 opp.
1833 2476 1879 2504 ed.

1093 2506 1183 2542 Migne
1198 2507 1230 2535 T.
1246 2508 1269 2537 II
1283 2518 1310 2545 p.
1321 2511 1386 2539 422.

1130 2553 1186 2589 (16)
1206 2554 1276 2583 Bibl.
1292 2557 1353 2585 cod.
1370 2557 1510 2588 cxcvni.

1130 2599 1186 2635 (l7)
1206 2599 1262 2628 νγ.
1277 2600 1331 2630 I‘P.
1346 2602 1438 2632 Rosw.
1454 2605 1561 2642 Proleg.
1575 2607 1623 2635 XV
1636 2617 1663 2644 p.
1681 2610 1762 2640 XLII.

1128 2644 1185 2680 (18)
1205 2645 1262 2673 YV.
1278 2647 1330 2674 PP.
1347 2648 1436 2677 Rosw.
1451 2651 1497 2678 lib.
1510 2651 1544 2679 VI
1556 2654 1640 2682 libell.
1655 2656 1682 2689 2,
1699 2658 1715 2686 6
1727 2667 1755 2694 p.
1770 2659 1832 2694 6‘9,
1845 2659 1876 2690 ε.

1128 2690 1184 2725 (19)
1204 2691 1273 2719 Ibid.
1287 2693 1370 2720 libell.
1384 2695 1411 2726 3.
1426 2696 1444 2722 2
1457 2704 1483 2730 p.
1499 2696 1562 2728 651,
1577 2698 1605 2725 2.

1128 2735 1185 2770 (20)
1205 2735 1272 2763 Ibid.
1286 2738 1370 2765 libell.
1388 2739 1415 2771 5,
1431 2740 1465 2767 ιδ
1481 2749 1507 2776 ρ.
1524 2742 1586 2775 656,
1602 2743 1630 2771 2.

1128 2781 1184 2815 (2i)
1204 2782 1272 2809 Ibid.
1290 2784 1373 2812 libell.
1386 2786 1414 2817 δ,
1431 2787 1463 2813 16
1481 2795 1507 2822 p.
1525 2789 1588 2821 oss.
1604 2790 1622 2816 2
1639 2799 1682 2827 sq.

1127 2827 1182 2862 (22)
1201 2828 1269 2857 Ibid.
1288 2829 1371 2858 libell.
1385 2832 1412 2864 3,
1429 2832 1463 2858 17
1475 2841 1502 2868 p.
1515 2834 1578 2868 657,
1596 2837 1622 2864 1.

1128 2873 1185 2909 (25)
1206 2873 1274 2903 Ibid.
1291 2876 1373 2904 libell.
1389 2878 1415 2915 ι,
1433 2879 1464 2907 17
1479 2887 1506 2914 p.
1519 2880 1581 2915 659,
1592 2878 1620 2910 2.
