2060 3153
158 139 212 165 145

941 146 1053 174 νιτΔΕ.

1745 153 1798 182 116

157 204 260 236 usque
298 204 390 227 usum
423 204 489 227 non
519 205 588 228 esse
619 197 673 239 (l),
704 198 766 231 iam
789 203 951 233 recensui-
967 206 990 234 Α
1005 212 1065 234 nex
1090 203 1195 241 illum,
1220 206 1274 245 qui
1298 210 1442 238 mortuus
1464 207 1580 245 fuerat,
1603 209 1712 241 dicens
1727 211 1794 242 illi:

157 255 231 278 mus
245 245 299 286 (2).
315 247 440 278 Ceterae
455 251 591 287 quatuor
604 248 663 281 hae
679 255 751 282 sunt
767 261 773 282 :

200 309 215 325 α
242 298 382 329 Habebat
407 298 535 337 quidam
563 299 663 331 ﬁlium
689 302 894 342 paralyticum
918 305 952 336 in

157 349 311 388 Aegypto,
327 352 358 380 et
371 349 502 381 adduxit
517 359 590 382 eum
609 352 647 383 ad
661 353 772 385 cellam
788 355 871 387 beati
885 357 950 387 Ma-

160 399 245 435 carii,
264 401 294 429 et
315 398 424 431 relicto
447 407 486 431 eo
511 400 551 432 ad
565 401 681 432 ostium
703 403 799 435 ﬂente
821 406 951 437 recessit

157 447 262 487 longe.
284 449 474 489 Respiciens
497 459 573 489 ergo
595 460 693 484 senex
716 454 792 486 vidit
816 464 950 495 puerum

155 495 344 535 plorantem,
361 500 392 528 et
416 498 494 530 dixit
516 500 546 530 ei
563 509 570 530 :
586 501 660 538 Quis
674 505 704 533 te
719 503 850 536 adduxit
866 505 950 537 huc?

155 546 213 582 Qui
228 546 306 578 dixit
317 556 324 577 :
338 548 431 579 Pater
439 557 531 581 meus
541 551 675 590 proiecit
689 561 739 584 me
749 553 802 585 hic
816 559 847 586 et
860 556 947 587 abiit.

153 596 191 626 Et
205 596 281 628 dicit
303 597 334 628 ei
351 607 449 629 senex
465 608 471 629 :
489 600 587 640 Surge
606 601 684 638 154
699 606 729 634 et
743 605 949 645 apprehende

154 655 238 677 eum.
255 648 313 684 Qui
332 650 435 680 statim
456 659 550 682 sanus
574 652 675 685 factus
698 658 756 692 est,
773 659 804 687 et
818 665 949 697 surgens

152 696 366 735 apprehendit
379 702 500 738 patrem
515 709 619 739 suum,
643 706 674 734 et
694 704 739 736 sic
756 696 901 738 abierunt
914 707 948 738 in

154 745 286 778 domum
301 757 389 779 suam
407 750 459 790 (3).
470 762 484 778 η
498 751 586 783 Idem
600 753 633 784 in
646 753 727 786 libro
743 756 835 788 tertio
852 758 946 790 Besa—

154 796 239 849 ri’oni
260 799 366 831 abbati
388 801 421 831 in
442 803 533 834 Scete
556 803 707 836 habitanti
722 806 782 846 (1),
806 808 840 839 in
860 810 946 849 Apo-

154 846 367 887 phthegmatis
389 859 462 882 vero
485 861 503 883 a
520 854 674 886 Colelerio
697 856 788 888 editis
812 846 946 891 Macario
962 875 984 906 Β

154 900 309 939 Aegyptio
323 901 528 943 tribuitur(5).
541 905 583 936 De
597 907 701 945 puella
712 908 855 940 similiter
863 918 881 941 a
891 919 945 950 pa-

154 950 296 981 rentibus
309 952 348 982 ad
360 952 487 984 ianuam
506 956 631 986 Macarii
646 959 790 998 Aegyptii
804 960 943 999 proiecta

155 1004 186 1032 et
198 1010 215 1032 a
229 1006 334 1033 sancto
349 1008 456 1039 sanata
473 1014 567 1045 supra
581 1006 756 1039 audivimus
770 1009 824 1050 (6).

193 1061 208 1078 α
225 1051 351 1083 Dicebat
374 1053 472 1084 abbas
496 1055 593 1086 Sisois
616 1065 623 1086 :
647 1058 777 1093 Quando
801 1067 885 1090 eram
908 1061 942 1092 in

150 1100 246 1132 Scithi
267 1111 340 1133 cum
356 1103 469 1135 abbate
492 1106 637 1143 Macario,
653 1108 854 1141 ascendimus
872 1119 941 1141 me-

150 1154 215 1182 tere
239 1161 311 1183 cum
335 1162 385 1191 eo,
409 1159 531 1195 septem
550 1158 690 1189 nomina.
722 1160 759 1190 Et
782 1169 855 1192 ecce
880 1171 942 1193 una

148 1200 242 1232 vidua
262 1202 430 1242 colligebat
450 1205 554 1244 spicas
568 1206 608 1237 de
631 1211 704 1247 post
727 1217 796 1246 nos,
822 1212 854 1241 et
876 1219 941 1242 non

148 1252 291 1283 cessabat
310 1253 449 1293 plorans.
469 1255 597 1287 Vocavit
618 1266 694 1297 ergo
717 1267 815 1291 senex
837 1260 940 1292 domi-

148 1311 225 1333 num
240 1304 307 1342 agri
327 1304 411 1336 illius
430 1309 462 1337 et
475 1306 552 1338 dixit
564 1307 594 1338 ei
611 1317 617 1338 :
636 1309 714 1345 Quid
739 1315 785 1340 est
798 1311 941 1344 aniculae

148 1352 233 1391 huic,
250 1355 335 1394 quod
352 1365 478 1397 semper
492 1357 613 1397 plorat?
627 1360 684 1396 Qui
701 1360 778 1391 dixit
794 1361 823 1392 ei
840 1371 847 1392 :
864 1363 940 1399 Quia

149 1403 195 1434 vir
205 1405 274 1436 eius
288 1406 398 1437 habuit
413 1408 591 1448 depositum
609 1410 784 1449 cuiusdam,
799 1416 830 1443 et
848 1422 937 1445 mor-

149 1456 221 1485 tuus
235 1458 282 1486 est
297 1464 363 1487 non
378 1457 524 1497 loquens,
538 1463 570 1490 et
582 1468 645 1491 non
660 1461 747 1498 dixit,
765 1462 820 1493 ubi
836 1464 941 1503 posuit

148 1504 236 1542 illud,
253 1509 284 1537 et
305 1507 370 1538 vult
391 1508 538 1540 dominus
561 1510 696 1550 depositi
712 1513 855 1553 accipere
870 1523 939 1546 eam

148 1558 180 1585 et
198 1555 279 1587 ﬁlios
294 1557 362 1589 eius
373 1559 406 1589 in
424 1561 615 1592 servitutem.
632 1563 669 1592 Et
683 1563 726 1594 ait
746 1572 844 1595 senex
864 1574 870 1595 :
885 1565 939 1597 Dic
953 1557 974 1585 ο

148 1604 204 1642 illi,
222 1610 256 1636 ut
278 1608 382 1639 veniat
406 1609 444 1640 ad
472 1619 549 1648 nos,
577 1613 630 1643 ubi
652 1614 879 1653 requiescimus
905 1616 940 1647 in

148 1661 301 1689 caumate.
316 1660 353 1689 Et
367 1668 440 1691 cum
454 1662 600 1700 venisset,
618 1663 693 1695 dicit
707 1665 735 1696 ei
750 1673 848 1696 senex
865 1675 871 1696 :
888 1667 940 1697 Ut-

148 1706 224 1746 quid
241 1716 366 1748 semper
387 1710 512 1750 ploras?
531 1713 614 1749 Quae
629 1714 672 1744 ait
687 1723 693 1744 :
707 1715 761 1746 Vir
776 1724 867 1746 meus
882 1716 939 1747 de-

147 1756 273 1789 functus
288 1762 345 1797 est,
357 1761 516 1801 accipiens
528 1764 780 1796 commendatum
795 1765 937 1804 alicuius,

147 1810 179 1837 et
192 1816 257 1839 non
271 1809 349 1840 dixit
362 1812 512 1850 moriens,
527 1814 582 1844 ubi
597 1814 703 1853 posuit
713 1814 803 1846 illud.
814 1817 850 1846 Et
863 1816 940 1847 dixit

147 1857 176 1887 ei
192 1867 289 1890 senex
306 1869 312 1889 :
327 1861 418 1896 Veni.
433 1865 464 1893 et
478 1863 610 1894 ostende
627 1865 720 1896 nobis
737 1866 939 1906 sepulchrum

146 1907 205 1938 viri
226 1909 281 1940 tui.
305 1911 342 1941 Et
370 1913 537 1952 assumptis
561 1923 667 1945 secum
692 1915 840 1948 fratribus
864 1918 940 1949 abiit

146 1967 219 1989 cum
229 1967 276 1990 ea.
288 1961 324 1991 Et
339 1970 410 1992 cum
424 1964 584 1995 venissent
599 1965 638 1996 ad
652 1965 767 2003 locum,
784 1967 837 1998 ubi
851 1968 938 2008 posi-

146 2011 197 2039 tus
219 2014 296 2048 erat,
313 2011 391 2042 dixit
409 2013 447 2044 ad
471 2014 556 2046 illam
579 2024 676 2047 senex
693 2026 699 2047 :
715 2018 841 2049 Recede
864 2019 938 2051 hinc

147 2057 179 2088 in
195 2059 323 2091 domum
339 2064 433 2092 tuam.
450 2064 486 2093 Et
502 2065 664 2096 orantibus
683 2065 745 2096 illis
758 2067 877 2098 vocavit
891 2076 938 2098 se-

182 2158 220 2194 (1)
231 2159 349 2188 VV.PP.
367 2161 456 2189 Rosw.
473 2163 521 2191 lib.
534 2163 568 2191 VI
586 2165 669 2193 libell.
686 2165 763 2198 4318
775 2174 802 2201 p.
825 2167 876 2194 659
892 2175 934 2203 sq.

182 2205 220 2241 (2)
239 2206 282 2233 Cl".
304 2215 386 2242 supra
411 2208 425 2244 §
443 2209 478 2236 52
501 2218 528 2244 p.
550 2210 617 2243 146;
645 2211 696 2238 M5
719 2219 800 2246 sqq.;
820 2212 834 2248 §
852 2213 888 2239 25
907 2221 933 2247 p.

147 2253 198 2280 ius
211 2261 266 2288 sq.;
280 2254 340 2289 52s
355 2255 646 2292 p.118;§52p.Mi
667 2265 728 2293 sq.;
746 2258 796 2285 156
806 2267 865 2294 sq.;
878 2259 934 2294 §29
951 2249 972 2276 D

147 2307 172 2333 ι».
194 2299 257 2329 119;
277 2300 339 2327 reo.

181 2345 220 2379 (5)
239 2345 294 2373 VV.
310 2346 362 2374 PP.
385 2345 477 2374 Rosw.
492 2348 539 2375 lib.
558 2347 591 2375 Vl
608 2349 691 2377 libell.
712 2350 739 2380 2.
756 2350 771 2377 7
788 2359 816 2386 p.
830 2351 892 2384 649,
907 2352 934 2379 2.

181 2391 220 2425 (ι)
244 2392 312 2419 Ibid.
327 2393 374 2420 lib.
394 2394 429 2419 ΙΙΙ
444 2401 504 2428 cap.
522 2394 573 2421 122
586 2403 613 2430 p.
629 2395 692 2427 518,
709 2396 728 2422 l.

181 2437 219 2470 (5)
238 2436 355 2464 Coteler.
375 2437 448 2465 Eccl.
472 2437 568 2466 Graec.
586 2439 659 2467 Men.
686 2440 717 2467 T.
739 2441 749 2466 1
779 2449 805 2476 p.
822 2441 874 2469 535
891 2450 933 2477 sq.

145 2489 171 2509 ε.
191 2490 216 2508 v.
236 2481 372 2510 Macarius
394 2483 537 2518 Aegyptius
562 2484 576 2519 §
601 2484 664 2519 XV;
687 2485 758 2514 infra
785 2487 813 2514 in
837 2487 934 2515 harum

144 2527 342 2561 Quaestionum
359 2529 515 2564 Appendice
529 2531 613 2558 altera
629 2532 680 2559 sub
692 2532 737 2559 Ill.

180 2574 219 2610 (6)
238 2573 282 2602 Cf.
298 2583 380 2610 supra
393 2575 406 2611 §
421 2575 454 2602 17
467 2584 493 2610 p.
506 2576 550 2603 60.

178 2621 217 2655 (7)
236 2620 281 2649 Sic
292 2622 374 2654 male,
389 2630 438 2657 pro
450 2622 555 2650 dicens:
566 2622 628 2655 Ille,
640 2624 684 2650 ubi
691 2632 700 2656 ,-
711 2631 808 2659 graece
817 2624 915 2659 λέγων
924 2633 931 2640 ·

145 2665 176 2692 '0
190 2667 283 2695 δεῖνα.
314 2668 356 2696 Ct'.
379 2669 495 2697 Coteler.
523 2669 598 2697 Eccl.
624 2669 722 2698 Graec.
752 2670 826 2698 Mon.
856 2670 888 2698 T.
920 2672 930 2698 l

145 2718 170 2744 ρ,
194 2712 257 2740 813.

178 2759 216 2794 (8)
240 2758 298 2787 νγ.
320 2758 374 2786 ΡΡ.
397 2759 489 2788 Rosw.
504 2760 552 2788 lib.
569 2760 604 2788 Vl
627 2761 710 2789 libell.
729 2762 757 2794 2,
773 2762 790 2789 8
815 2771 843 2798 p.
867 2763 930 2796 649,

143 2804 160 2831 2
173 2813 214 2839 sq.

183 2853 220 2884 (9)
234 2851 352 2880 Cotelcr.
372 2851 446 2880 Eccl.
462 2852 559 2881 Graec.
577 2853 651 2880 Mon.
672 2854 703 2880 T.
720 2853 729 2881 Ι
747 2862 772 2889 p.
791 2855 844 2882 532
861 2864 884 2882 s.
900 2864 926 2882 ν.

144 2895 281 2925 Macarius
305 2898 446 2929 Aequptius
460 2898 474 2930 ᾗ
489 2899 549 2933 \‘ll;
579 2899 650 2927 infra
674 2900 701 2927 in
723 2899 820 2927 barum
837 2900 927 2933 Quac-

1003 254 1062 285 Ubi
1082 255 1125 295 (7)
1146 256 1280 295 posuisti
1303 257 1439 288 alienum
1463 259 1661 299 depositum?
1677 261 1734 297 Qui
1751 270 1798 292 re-

1002 305 1163 345 spondens
1174 306 1250 337 dixit
1261 307 1290 338 ei
1303 317 1309 338 :
1322 309 1357 339 In
1375 309 1470 340 domo
1490 319 1558 341 mea
1577 311 1795 343 absconditum

1002 357 1049 385 est
1062 355 1120 386 sub
1136 355 1218 396 pede
1239 356 1358 388 lectuli.
1373 359 1410 388 Et
1428 359 1471 390 ait
1484 359 1529 390 illi
1552 369 1650 391 senex
1667 369 1674 391 :
1690 361 1796 393 Dormi

1001 403 1114 435 iterum
1135 414 1236 445 usque
1257 407 1291 438 in
1309 407 1393 438 diem
1410 410 1658 442 resurrectionis.
1675 412 1794 443 Viden-

1000 457 1048 486 tes
1069 459 1174 487 autem
1195 456 1306 489 fratres
1326 458 1509 489 ceciderunt
1531 460 1569 491 ad
1587 461 1685 500 pedes
1707 462 1793 500 eius;

1001 506 1116 545 quibus
1130 506 1208 538 dixit
1227 516 1324 539 senex
1343 517 1349 538 :
1365 509 1436 539 Non
1456 513 1586 550 propter
1606 519 1657 542 me
1676 511 1794 543 factum

1001 555 1137 593 esthoc;
1157 557 1236 588 nihil
1260 558 1344 589 enim
1368 567 1455 596 sum;
1477 559 1532 590 sed
1556 564 1685 600 propter
1706 562 1794 593 illam

999 604 1125 636 viduam
1150 609 1181 637 et
1204 607 1364 647 orphanos
1390 608 1489 647 ipsius
1509 608 1584 640 fecit
1605 610 1687 641 Deus
1711 610 1792 642 hanc

999 664 1077 686 rem.
1098 658 1166 688 Hoc
1185 657 1268 688 enim
1286 661 1333 688 est
1355 667 1516 697 magnum,
1540 659 1613 700 quia
1632 659 1700 690 sine
1715 669 1791 700 pec-

999 709 1068 738 cato
1083 706 1148 738 vult
1161 708 1243 738 Deus
1258 717 1326 739 esse
1341 709 1490 746 animam,
1506 712 1537 739 et
1554 709 1581 740 si
1598 710 1673 749 quid
1689 711 1791 750 petie-

998 756 1049 794 rit,
1067 757 1191 797 accipit.
1214 758 1350 789 Veniens
1372 762 1477 790 autem
1503 759 1656 790 nuntiavit
1680 760 1792 792 viduae

998 805 1054 842 illi,
1070 807 1125 837 ubi
1139 810 1205 838 erat
1219 807 1296 839 illud
1316 809 1636 840 commendatum.'At
1660 810 1711 842 illa
1736 821 1791 843 su-

998 864 1088 887 mens
1105 856 1183 893 155
1199 857 1276 888 illud
1291 858 1426 889 reddidit
1441 859 1569 891 domino
1587 869 1644 892 suo
1664 865 1694 892 et
1711 862 1791 893 libe-

998 906 1075 937 ravit
1090 907 1170 938 ﬁlios
1184 917 1269 939 suos.
1284 910 1322 940 Et
1335 910 1389 949 qui
1402 910 1569 942 audierunt
1583 910 1654 949 hoc,
1670 912 1790 951 gloriﬁ-

997 962 1145 989 caverunt
1156 959 1254 990 Deum
1271 959 1321 999 (8).
1338 972 1352 989 »
1373 960 1459 991 Idem
1483 961 1516 991 in
1534 962 1790 1002 Apopthegmatis

996 1015 1013 1038 a
1040 1008 1193 1040 Cotelerio
1227 1010 1318 1041 editis
1352 1009 1484 1042 habetur
1515 1011 1569 1052 (9).
1607 1013 1790 1046 Rosweidus

995 1057 1073 1089 illud
1090 1071 1103 1086 α
1121 1062 1243 1100 septem
1259 1060 1386 1091 nomina
1405 1072 1419 1089 »
1438 1060 1514 1101 quid
1537 1062 1596 1092 sibi
1619 1062 1704 1100 velit,
1722 1073 1788 1095 non

994 1108 1171 1148 intelligere
1188 1119 1222 1141 se
1236 1110 1351 1141 fatetur
1365 1109 1438 1150 (10).
1455 1111 1516 1142 Sed
1531 1120 1549 1142 e
1564 1121 1678 1151 graeco
1691 1113 1724 1145 id
1738 1113 1787 1145 fa-

995 1159 1055 1190 cile
1070 1159 1253 1200 explicatur,
1268 1161 1323 1192 ubi
1344 1160 1421 1200 legis
1438 1172 1452 1189 «
1469 1165 1538 1192 ἔπτὰ
1556 1166 1674 1203 ὀνόματα
1690 1175 1703 1191 ››
1718 1164 1739 1194 i.
1757 1173 1784 1195 e.

996 1213 1117 1248 septem
1137 1209 1292 1241 homines.
1313 1211 1435 1242 Etenim
1452 1220 1512 1242 vox
1530 1215 1645 1252 ὀνόματα
1663 1221 1721 1252 pro
1739 1214 1787 1243 ἄν-

996 1264 1095 1300 θρωποι
1106 1269 1201 1300 saepe
1216 1260 1450 1301 reperitur(ll),
1465 1261 1550 1292 unde
1566 1262 1636 1292 cod.
1652 1271 1710 1293 ms.
1728 1263 1787 1294 Bo-

994 1310 1138 1342 decensis
1163 1310 1315 1341 Bollando
1339 1314 1417 1342 teste
1441 1314 1526 1342 recte
1550 1311 1680 1351 protulit
1700 1324 1713 1340 «
1734 1321 1785 1343 se-

994 1364 1080 1401 ptem
1101 1361 1212 1393 fratres
1228 1360 1300 1401 (12).
1320 1373 1334 1389 »
1352 1361 1422 1392 Noli
1436 1365 1542 1392 autem
1565 1361 1682 1398 mirari,
1699 1362 1786 1402 quod

993 1412 1145 1443 Macarius
1165 1412 1337 1452 Aegyptius
1359 1412 1456 1442 abbas
1481 1412 1593 1443 exiisse
1618 1413 1732 1452 legitur
1746 1413 1785 1444 ad

991 1462 1186 1494 metendum.
1202 1464 1270 1493 Mos
1286 1462 1370 1493 enim
1385 1470 1450 1493 non
1466 1462 1568 1493 solum
1582 1463 1711 1493 fratrum
1727 1464 1784 1494 Se-

994 1511 1131 1552 rapionis
1155 1511 1349 1552 presbyteri,
1374 1511 1428 1551 qui
1456 1511 1566 1543 decem
1598 1512 1664 1544 fere
1688 1512 1785 1544 millia

992 1562 1219 1594 monachorum
1229 1562 1261 1593 in
1273 1563 1402 1601 regione
1413 1563 1573 1594 Arsenoite
1584 1563 1786 1602 regebat,sed

994 1614 1134 1644 omnium
1151 1622 1252 1653 paene
1274 1613 1408 1653 Aegypti
1428 1613 1654 1644 monachorum
1666 1613 1735 1651 fuit,
1751 1617 1786 1644 ut

992 1665 1102 1695 messis
1112 1668 1254 1704 tempore
1264 1663 1303 1695 ad
1315 1664 1497 1695 metendum
1513 1673 1547 1695 se
1557 1664 1783 1702 conducerent,

991 1714 1221 1753 mercedisque,
1245 1722 1344 1753 quum
1371 1717 1543 1753 octogenos
1569 1713 1692 1744 modios
1715 1713 1784 1744 fru-

991 1763 1090 1795 menti
1104 1763 1175 1804 plus
1188 1764 1291 1794 minus
1306 1763 1421 1802 singuli
1437 1764 1644 1804 accepissent,
1663 1767 1784 1804 partem

990 1814 1041 1851 iis,
1058 1823 1139 1854 quos
1154 1817 1316 1852 noverant,
1335 1814 1528 1854 pauperibus
1546 1814 1706 1851 oiferrent,
1724 1823 1783 1845 nec

992 1873 1056 1895 non
1085 1864 1302 1895 Alexandriam
1332 1873 1435 1904 usque
1471 1873 1564 1895 naves
1602 1864 1781 1901 frumento,

991 1915 1076 1954 quod
1088 1915 1253 1954 egentibus
1263 1915 1512 1951 distribueretur,
1528 1918 1655 1945 onustas
1671 1914 1783 1952 dirige-

990 1968 1061 1996 rent
1078 1964 1150 2005 (13).
1174 1964 1292 1996 Pariter
1304 1973 1378 1995 vero
1401 1965 1582 2005 Spiridioni,
1599 1964 1692 2004 Cypri
1712 1964 1781 2004 epi-

989 2024 1100 2055 scopo,
1112 2015 1173 2046 ﬁlia
1186 2014 1344 2050 defuncta,
1361 2014 1414 2045 ubi
1430 2014 1609 2054 depositum
1624 2014 1779 2054 posuerit,

990 2075 1007 2097 e
1022 2064 1191 2106 sepulchro
1204 2063 1406 2104 respondisse
1421 2063 1552 2095 traditur
1567 2063 1640 2103 (Ml.

990 2165 1111 2193 stionum
1126 2163 1282 2201 Appendice
1298 2164 1382 2191 altera
1398 2163 1450 2191 sub
1463 2162 1507 2189 lll.

1024 2211 1080 2246 (10)
1100 2210 1157 2238 νγ.
1176 2210 1228 2236 ΡΡ.
1243 2209 1334 2237 ltosw.
1356 2209 1402 2236 lib.
1423 2209 1455 2236 Vl
1469 2213 1527 2235 not.
1548 2209 1564 2235 6
1580 2217 1606 2244 p.
1620 2208 1684 2240 662,
1701 2209 1725 2235 1.

1023 2257 1079 2292 (ll)
1103 2256 1232 2291 Exempla
1248 2256 1386 2290 congessit
1399 2255 1552 2282 Cotelerius
1568 2255 1587 2281 Ι.
1609 2256 1626 2281 l.
1642 2263 1669 2290 p.
1684 2255 1735 2282 8H
1752 2255 1778 2282 in

986 2307 1052 2330 nuta
1066 2303 1099 2330 ad
1118 2307 1239 2330 nostram
1254 2302 1396 2329 historiam
1413 2302 1452 2336 (p.
1468 2301 1531 2333 552,
1551 2302 1594 2335 A).

1021 2349 1077 2384 (12)
1095 2349 1151 2377 AA.
1169 2348 1219 2375 SS.
1238 2347 1306 2375 Boil.
1325 2347 1387 2375 Jan.
1401 2347 1433 2374 T.
1450 2348 1459 2374 l
1477 2347 1598 2383 p.1009,
1617 2348 1627 2373 1
1654 2350 1712 2373 not.
1725 2346 1751 2372 b.

1023 2385 1078 2430 (is)
1092 2394 1213 2422 VV.PP.
1233 2394 1326 2422 Rosw.
1343 2395 1389 2422 lib.
1404 2394 1426 2421 ιι
1438 2402 1499 2429 cap.
1515 2394 1549 2420 18
1566 2401 1593 2428 p.
1614 2391 1775 2424 476,1.cr.

986 2441 1035 2469 lib.
1051 2440 1166 2469 Vlibell.
1184 2441 1229 2473 17,
1247 2440 1283 2467 ‘20
1293 2448 1321 2475 p.
1339 2440 1402 2473 631,
1419 2441 1447 2468 2.
1475 2441 1504 2467 In
1520 2439 1591 2466 Hist.
1616 2438 1701 2465 Laus.
1729 2438 1775 2464 ed.

986 2487 1087 2515 lleurs.
1103 2494 1165 2522 cap.
1177 2487 1212 2514 77
1229 2487 1298 2522 Opp.
1321 2487 1422 2514 Meurs.
1436 2487 1455 2513 ι.
1474 2487 1492 2513 1.
1510 2494 1536 2521 p.
1556 2485 1610 2512 537
1626 2484 1774 2512 duodecim

984 2534 1095 2560 artabas
1110 2533 1130 2561 i.
1143 2541 1169 2560 e.
1186 2532 1259 2560 circa
1269 2533 1450 2568 quadraginta
1465 2532 1572 2559 modios
1585 2530 1774 2565 unusquisqu

984 2580 1124 2614 accepisse
1155 2579 1251 2607 fertur.
1275 2580 1329 2608 Ista
1350 2580 1433 2615 igitur
1458 2578 1611 2606 diﬂ‘erentia
1634 2576 1774 2612 quomodo

982 2626 1145 2660 explicanda
1162 2626 1209 2658 sit,
1239 2626 1343 2653 nescio.
1371 2626 1460 2660 Caput
1481 2631 1547 2651 vero
1561 2624 1627 2651 illud
1641 2623 1772 2650 editionis

983 2671 1164 2704 Meursianae,
1177 2680 1262 2706 quum
1280 2672 1307 2699 in
1323 2671 1404 2699 codd.
1419 2670 1574 2699 Vindobon.
1586 2670 1771 2701 desideretur,

982 2717 1106 2752 spurium
1118 2725 1180 2745 esse
1195 2718 1344 2745 verisimile
1359 2721 1413 2745 est.

1018 2764 1075 2799 (14)
1096 2763 1188 2791 Ruﬁn.
1207 2763 1276 2790 Hist.
1292 2763 1368 2791 Eccl.
1383 2763 1432 2791 lib.
1444 2763 1455 2790 Ι
1467 2771 1528 2798 cap.
1547 2763 1574 2795 5,
1585 2763 1630 2790 ed.
1649 2762 1732 2789 Basil.
1751 2762 1768 2789 Ι.

982 2810 1085 2846 p.2l8,
1115 2810 1205 2837 Ruﬁni
1231 2809 1300 2845 Opp.
1323 2809 1368 2838 ed.
1392 2809 1509 2837 Vallarsi
1534 2818 1560 2844 p.
1589 2808 1654 2836 222.
1680 2808 1769 2843 Migue

983 2856 1085 2884 Patrol.
1099 2856 1131 2884 T.
1151 2855 1211 2883 XXI
1228 2864 1254 2891 p.
1270 2855 1333 2883 471.
