2060 3153
292 138 344 165 M7

710 144 761 172 SS.
783 143 1012 172 MACARIOIIUM
1034 142 1196 171 AEGYPTII
1217 143 1262 170 ΕΤ
1281 143 1517 171 ΛΗΞΧΑΝΒΒΙΝΙ

1871 144 1917 172 Mil

332 212 346 228 α
362 200 454 232 Venit
468 200 637 240 aliquando
659 201 756 232 abbas
777 201 930 232 Macarius
946 200 998 231 ille
1018 202 1078 231 Ae-
1094 203 1117 230 Δ
1131 199 1315 230 monachus.
1339 199 1495 239 Ignoscite
1519 197 1596 229 mihi
1622 198 1733 230 fratres
1752 197 1805 233 (1).
1833 200 1917 232 Idem

290 250 418 290 gyptius
436 250 475 281 de
496 249 592 280 Scithi
614 250 647 280 in
671 254 811 281 montem
835 250 949 280 Nitriae
975 249 1008 280 in
1029 249 1079 280 die

290 298 458 330 oblationis
472 299 510 330 ad
526 300 749 330 monasterium
772 299 891 330 abbatis
905 299 1032 335 Pambo,
1050 301 1081 329 et

290 347 438 379 dixerunt
454 349 483 379 ei
499 349 639 380 seniores
660 349 722 380 loci
743 349 826 380 illius
842 359 848 379 :
865 350 918 380 Dic
934 349 1080 380 fratribus

289 399 419 430 verbum
443 399 684 436 aediﬁcationis,
708 403 808 440 pater.
833 400 890 436 Qui
914 400 991 432 dixit
1011 400 1049 431 iis
1071 408 1078 430 :

289 449 354 486 Ego
370 448 511 479 nondum
528 449 628 480 factus
648 459 718 481 sum
736 450 920 488 monachus,
942 450 997 481 sed
1016 450 1079 482 vidi

288 498 472 529 monachos.
489 500 525 530 Et
547 499 624 530 dixit
646 509 653 530 ε
671 501 805 531 Sedente
820 501 905 531 enim
928 501 1008 537 156
1028 510 1079 532 me

287 548 457 587 aliquando
472 549 505 579 in
523 549 600 580 cella
619 550 652 580 in
670 549 779 587 Scithi,
802 551 1013 590 perurgebant
1028 559 1079 581 me

287 599 492 638 cogitationes
506 609 595 631 meae
609 600 749 632 dicentes
766 609 773 630 :
791 602 927 640 Surgens
940 601 1017 631 vade
1030 610 1080 632 us-

288 657 350 688 que
364 648 397 678 in
419 649 589 687 desertum,
608 653 638 680 et
652 650 828 688 considera,
848 651 933 690 quod
952 644 1016 682 illic
1031 651 1077 681 vi-

288 698 354 729 des.
371 700 408 729 Et
423 701 595 739 permansit
612 700 794 732 reluctando
815 700 995 732 huiusmodi
1008 702 1078 733 ani-

287 757 357 779 mus
382 758 471 780 meus
498 759 555 790 per
578 751 719 790 quinque
743 760 844 782 annos
867 751 976 782 dicens
1002 761 1008 782 :
1033 753 1078 783 Ne

286 799 368 830 forte
389 809 407 831 a
430 800 636 831 daemonibus
655 801 693 831 sit
715 801 793 832 haec
815 802 984 841 suggestio.
1003 803 1077 833 Cum

287 858 362 888 ergo
384 855 612 890 perseverasset
636 852 782 891 cogitatio
805 852 864 883 ista
879 853 912 883 in
934 861 996 890 me,
1013 853 1076 883 abii

285 900 318 930 in
335 910 453 938 eremo,
465 905 496 932 et
509 903 612 942 reperi
624 902 741 933 ibidem
753 907 897 942 stagnum
910 912 1073 943 aquarum,

286 955 317 981 et
330 951 463 982 insulam
484 953 515 983 in
538 953 642 984 medio
666 954 744 984 eius.
759 954 933 984 Veniebant
947 963 1075 994 quoque

285 1001 405 1033 diversa
428 1004 573 1036 animalia
597 1006 710 1043 eremi,
738 1009 769 1036 et
791 1006 941 1037 bibebant
966 1015 1005 1037 ex
1024 1015 1073 1038 eo.

284 1052 369 1083 Inter
383 1063 464 1093 quae
483 1055 545 1085 vidi
563 1055 644 1086 duos
662 1055 807 1087 homines
821 1056 936 1093 nudos,
952 1059 982 1087 et
995 1065 1074 1087 con-

284 1103 410 1133 tremuit
434 1113 550 1144 corpus
573 1114 694 1142 meum;
711 1105 859 1145 putabam
880 1105 979 1143 enim,
1001 1106 1075 1146 quia

283 1150 411 1188 spiritus
425 1156 509 1183 sunt.
526 1154 666 1193 Cumque
681 1153 830 1185 vidissent
848 1154 893 1185 illi
907 1164 958 1185 me
981 1156 1075 1195 trepi-

283 1199 421 1237 dantem,
438 1202 535 1232 locuti
553 1206 624 1233 sunt
639 1203 678 1234 ad
697 1213 748 1234 me
769 1204 909 1235 dicentes
924 1213 931 1235 :
947 1205 1018 1235 Noli
1033 1205 1074 1235 ti-

283 1259 385 1288 mere;
402 1255 432 1282 et
453 1261 512 1283 nos
528 1253 612 1284 enim
634 1253 781 1285 homines
796 1263 914 1285 sumus.
932 1255 1001 1285 Dixi
1015 1255 1074 1286 ita-

282 1309 344 1339 que
360 1300 420 1331 illis
435 1310 441 1331 :
456 1302 545 1333 Unde
557 1303 642 1340 estis,
656 1307 687 1334 et
701 1304 862 1344 quomodo
872 1305 905 1335 in
917 1304 997 1336 hanc
1009 1314 1076 1336 ere-

282 1358 367 1380 mum
384 1352 595 1388 venistis?Qui
612 1353 758 1385 dixerunt
772 1355 832 1385 :De
845 1356 1000 1386 coenobio
1010 1355 1072 1386 fui-

281 1408 363 1437 mus,
371 1401 507 1432 etfactus
514 1406 559 1432 est
570 1403 661 1434 nobis
667 1413 852 1441 consensus,
861 1408 891 1435 et
901 1406 1017 1444 egressi
1025 1415 1075 1436 su-

282 1458 352 1480 mus
365 1450 437 1488 huc,
453 1460 527 1483 ecce
541 1453 745 1492 quadraginta
759 1455 833 1485 anni
842 1459 924 1486 sunt.
940 1456 1012 1486 Erat
1021 1465 1075 1486 au-

282 1503 344 1530 tem
355 1510 435 1532 unus
445 1510 483 1532 ex
494 1502 570 1542 ipsis
576 1504 842 1544 Aegyptius,alius
848 1505 1071 1545 veroLibycus.

1130 247 1164 277 in
1208 247 1491 287 ApOphthegmatis
1537 247 1681 278 Cotelerii
1717 247 1838 287 reperis
1865 248 1917 289 (2),

1131 297 1248 328 Pambo
1264 297 1408 328 abbatem
1424 306 1495 329 cum
1508 297 1672 328 monachis
1686 298 1750 328 suis
1765 298 1798 328 in
1813 303 1917 329 monte

1131 347 1247 378 Nitriae
1272 346 1444 384 habitasse,
1473 347 1561 378 testis
1600 350 1647 377 est
1682 347 1836 378 Palladius
1863 347 1915 387 (3).

1131 396 1199 426 Duo
1217 395 1263 426 illi
1277 395 1423 427 monachi
1437 395 1564 427 fuerunt
1579 404 1596 426 e
1615 404 1730 435 genere
1745 396 1916 429 anachore-

1130 449 1242 482 tarum,
1259 454 1394 485 quorum
1409 446 1502 477 vitam
1516 455 1610 486 supra
1632 446 1852 487 descripsimus
1863 447 1916 487 (4).

1132 498 1210 534 157
1222 497 1447 528 Monachorum
1459 500 1563 528 autem
1577 505 1657 535 esse,
1675 498 1784 529 sedere
1797 498 1831 528 in
1840 498 1915 530 cella

1131 548 1163 576 et
1175 546 1291 578 deﬂere
1307 551 1434 587 peccata
1452 556 1518 585 sua,
1533 548 1637 588 ipsum
1657 547 1802 580 docuisse
1815 549 1916 580 Maca-

1129 595 1210 627 rium
1226 598 1430 636 cognovimus
1449 597 1501 638 (5).

1170 658 1185 675 ¢
1205 647 1296 678 Venit
1307 647 1435 687 quidam
1446 647 1631 678 adolescens
1646 654 1685 678 aa
1695 647 1840 678 abbatem
1850 649 1915 678 Ma-

1129 697 1258 734 carium,
1274 701 1309 728 ut
1323 701 1485 729 sanaretur
1498 706 1516 728 a
1531 697 1708 728 daemonio.
1725 698 1762 728 Et
1777 697 1851 728 dum
1866 706 1916 729 es-

1128 750 1176 778 set
1189 747 1266 779 foris
1279 751 1379 785 stans,
1393 757 1469 779 ecce
1483 747 1607 778 advenit
1623 748 1751 788 quidam
1765 747 1860 778 frater
1877 748 1916 779 de

1128 797 1190 828 alio
1215 798 1405 829 monasterio
1435 801 1466 828 et
1493 798 1664 829 concubuit
1690 797 1725 828 in
1754 801 1915 837 peccatum

1129 854 1200 876 cum
1223 846 1423 878 adolescente
1443 846 1509 877 illo.
1530 847 1680 886 Egressus
1697 849 1800 877 autem
1821 855 1914 879 senex

1128 896 1227 927 cernit
1246 896 1373 928 fratrem
1392 895 1481 926 illum
1499 899 1683 936 peccantem
1699 904 1771 926 cum
1787 895 1916 938 parvulo

1125 946 1195 983 illo,
1213 949 1243 978 et
1258 955 1323 977 non
1344 955 1416 977 eum
1430 946 1604 985 increpavit
1625 946 1733 976 dicens
1749 954 1756 976 :
1772 946 1804 976 Si
1822 945 1914 983 Deus,

1126 997 1181 1036 qui
1195 996 1358 1037 plasmavit
1371 1005 1442 1033 eos,
1470 996 1579 1027 videns
1603 996 1784 1036 patientiam
1808 996 1840 1027 in
1855 995 1916 1026 illis

1126 1047 1254 1084 habuit,
1280 1047 1356 1087 qui,
1381 1046 1408 1077 si
1429 1046 1521 1077 vellet
1534 1069 1541 1083 ,
1559 1045 1742 1077 incenderet
1759 1054 1832 1083 eos,
1857 1055 1915 1086 ego

1126 1097 1197 1137 quis
1210 1106 1291 1135 sum,
1306 1097 1361 1137 qui
1372 1106 1500 1136 arguam
1514 1105 1569 1128 eos
1580 1095 1642 1136 (6)?
1654 1108 1668 1124 »
1683 1095 1782 1127 Huius
1797 1096 1916 1128 facino-

1126 1149 1168 1180 ris
1184 1149 1279 1180 ceteri
1294 1148 1398 1180 fontes
1411 1149 1595 1180 memoriam
1610 1156 1675 1179 non
1687 1147 1815 1179 faciunt.

1163 1198 1248 1230 Libri
1274 1199 1353 1230 sexti
1380 1199 1535 1239 interpres
1564 1198 1680 1229 latinus
1709 1201 1755 1229 est
1781 1199 1915 1231 Ioannes

1126 1249 1349 1287 subdiaconus,
1374 1258 1470 1289 quem
1488 1249 1616 1289 Pelagii,
1641 1250 1821 1289 interpretis
1843 1249 1915 1281 libri

1126 1299 1238 1340 quinti,
1258 1299 1422 1340 aequalem
1442 1300 1538 1331 fuisse
1561 1299 1738 1331 existimant
1753 1299 1806 1340 (7).
1830 1301 1915 1331 Sexti

1125 1358 1254 1390 quoque
1273 1350 1345 1381 libri
1364 1354 1483 1382 textum
1503 1359 1649 1390 graecum
1668 1350 1796 1381 Photius
1810 1350 1915 1382 laudat

1165 1451 1190 1487 §.
1208 1449 1256 1480 35.
1272 1450 1365 1481 Libro
1379 1451 1514 1490 septimo
1528 1459 1584 1481 sex
1601 1450 1641 1481 de
1654 1450 1794 1481 Macariis
1811 1450 1913 1481 conti-

1125 1503 1240 1531 nentur
1257 1499 1416 1538 historiae,
1433 1509 1450 1531 e
1465 1501 1579 1540 quibus
1596 1503 1701 1532 tamen
1713 1501 1784 1532 novi
1802 1509 1913 1540 parum

281 1549 554 1589 Interrogaverunt
571 1556 675 1583 autem
696 1562 747 1584 me
772 1557 802 1584 et
820 1554 881 1594 ipsi
902 1544 1042 1586 dicentes
1063 1565 1070 1586 :
1086 1544 1110 1576 (ἶ
1125 1550 1288 1588 ἀίεῢίωυεν
1305 1559 1402 1592 quum
1417 1560 1480 1581 ιιηᾶ
1493 1551 1559 1582 δοῙᾶ
1575 1553 1706 1591 excepta
1724 1559 1834 1582 omnes
1850 1551 1912 1581 iam

280 1599 444 1634 Quomodo
460 1605 506 1632 est
521 1603 667 1639 mundus,
684 1606 714 1634 et
729 1603 753 1634 si
769 1605 909 1635 ascendit
923 1614 1003 1645 aqua
1020 1615 1071 1636 se-

280 1649 418 1680 cundum
429 1654 554 1691 tempus
565 1661 667 1690 suum,
681 1653 707 1683 si
724 1653 817 1684 etiam
827 1653 920 1685 habet
936 1656 1072 1687 mundus

279 1698 504 1731 abundantiam
536 1700 645 1732 suam?
672 1703 835 1742 Respondi
863 1704 901 1735 iis
928 1713 934 1734 :
959 1705 1069 1736 Etiam.

280 1749 364 1784 Quos
384 1753 414 1780 et
437 1759 496 1789 ego
522 1751 735 1790 interrogavi:
759 1754 921 1789 Quomodo
942 1764 1071 1795 possum

281 1799 348 1829 ﬁeri
365 1800 557 1832 monachus?
580 1802 692 1833 Dicunt
714 1803 791 1833 mihi
812 1812 818 1833 :
839 1804 903 1834 Nisi
926 1805 997 1845 quis
1019 1815 1071 1836 re-

279 1850 467 1882 nuntiaverit
495 1852 653 1890 omnibus,
678 1862 760 1893 quae
782 1854 816 1885 in
839 1856 958 1886 mundo
982 1861 1070 1895 sunt,

280 1909 345 1931 non
361 1904 464 1940 potest
480 1902 548 1933 ﬁeri
567 1904 752 1935 monachus.
770 1905 888 1941 Quibus
902 1906 967 1937 dixi
983 1915 990 1937 :
1005 1908 1070 1947 Ego

278 1951 422 1983 inﬁrmus
438 1962 507 1984 sum
530 1957 561 1984 et
582 1963 647 1985 non
668 1964 798 1995 possum
822 1956 902 1987 sicut
924 1965 990 1988 vos.
1007 1959 1070 1989 Re-

281 2001 478 2039 sponderunt
492 2002 569 2033 mihi
582 2012 588 2033 :
600 2003 632 2033 Si
647 2012 711 2035 non
724 2007 814 2044 potes
825 2005 905 2035 sicut
916 2014 983 2043 nos,
996 2007 1070 2038 sede

280 2048 313 2080 in
330 2050 406 2081 cella
416 2054 467 2082 tua
485 2055 515 2082 et
528 2052 641 2091 plange
656 2057 785 2093 peccata
799 2057 863 2084 tua.
879 2055 1071 2095 Interrogavi

280 2109 355 2139 ergo
371 2109 425 2132 eos
439 2102 546 2133 dicens
563 2111 570 2133 :
587 2104 623 2134 In
642 2103 746 2136 hieme
760 2114 824 2136 non
841 2107 961 2137 sentitis
972 2107 1070 2146 frigus

278 2154 332 2180 aut
344 2151 377 2181 in
392 2155 509 2183 aestate
525 2162 589 2184 non
605 2154 783 2186 incenditur
798 2165 914 2196 corpus
933 2161 1069 2189 vestrum

1123 1601 1383 1634 recensuerimus.
1396 1602 1543 1633 Narratur
1559 1601 1644 1632 enim
1659 1602 1697 1632 de
1713 1601 1838 1633 diabolo
1852 1602 1913 1633 fra-

1121 1655 1185 1682 tres
1195 1651 1348 1683 invisente
1359 1654 1453 1692 atque
1463 1652 1596 1683 Macario
1606 1653 1759 1692 Aegyptio
1769 1661 1802 1683 se
1810 1652 1912 1683 solum

1124 1713 1138 1730 ιι
1150 1701 1354 1742 Theopistum
1365 1713 1380 1732 in
1392 1702 1528 1733 amicum
1543 1701 1660 1733 habere
1675 1702 1844 1742 proﬁtente
1856 1701 1910 1743 (9),

1123 1750 1162 1782 de
1173 1750 1255 1788 fure,
1270 1761 1364 1791 quem
1381 1751 1465 1782 idem
1482 1752 1634 1782 Macarius
1651 1751 1685 1782 in
1703 1752 1780 1783 cella
1796 1752 1910 1792 depre-

1122 1800 1231 1832 hendit
1240 1800 1314 1841 (10),
1325 1801 1365 1832 de
1375 1801 1501 1833 diabolo
1517 1801 1583 1832 sola
1594 1801 1676 1832 illius
1690 1801 1863 1832 humilitate
1877 1811 1912 1833 se

1121 1851 1204 1882 vinci
1226 1850 1428 1892 fatente(11),
1454 1851 1494 1882 de
1519 1851 1634 1883 Cronio
1649 1875 1656 1889 ,
1679 1852 1734 1892 qui
1756 1852 1790 1882 in
1810 1852 1912 1892 Pispir

1121 1903 1277 1934 coenobio
1299 1903 1467 1934 Macarium
1489 1903 1616 1934 Antonii
1637 1903 1812 1934 ministrum
1832 1912 1910 1935 con-

1121 1953 1205 1984 venit
1212 1953 1272 1993 (12)
1278 1977 1286 1990 ,
1302 1953 1342 1984 de
1349 1953 1475 1984 Macarii
1483 1953 1628 1993 Aegyptii
1636 1953 1844 1993 expositione,
1855 1963 1912 1985 cur

1121 2004 1338 2035 recordatione
1357 2003 1511 2034 malorum
1532 2012 1550 2034 a
1570 2003 1697 2035 diabolo
1719 2004 1911 2035 inﬂictorum

1121 2053 1291 2085 memoriae
1302 2062 1368 2084 non
1383 2061 1552 2084 noceamus
1570 2052 1643 2093 (13).
1659 2054 1912 2094 Superestigitur

1121 2103 1187 2134 sola
1202 2105 1279 2135 haec
1293 2103 1440 2134 historia:

1162 2166 1176 2182 «
1193 2155 1305 2185 Beatus
1320 2155 1469 2185 Macarius
1484 2154 1580 2186 dixit:
1596 2155 1632 2185 In
1646 2155 1775 2186 veritate
1790 2155 1816 2186 si
1830 2155 1911 2187 facta

278 2201 311 2232 in
327 2202 489 2234 caumate?
503 2206 540 2234 At
553 2204 598 2235 illi
611 2205 756 2236 dixerunt
773 2216 780 2236 :
795 2208 877 2238 Deus
891 2208 965 2240 fecit
979 2210 1070 2241 nobis
1086 2222 1108 2249 ι)
1122 2207 1169 2236 est
1178 2204 1334 2236 monacho
1351 2205 1432 2240 158
1444 2204 1605 2244 desPeC’j0
1620 2205 1709 2245 ίῖυθεί
1724 2205 1807 2242 laus:
1830 2215 1911 2246 P3“-

279 2251 359 2282 lianc
376 2252 655 2293 dispensationem,
670 2259 705 2286 ut
720 2265 823 2296 neque
844 2258 877 2289 in
893 2258 997 2293 hieme
1012 2260 1068 2291 fri-

279 2309 337 2340 gus
351 2311 455 2342 neque
478 2307 596 2335 aestate
619 2305 763 2338 ardorem
779 2309 960 2340 sentiamus.
974 2311 1068 2342 Ideo-

279 2360 341 2391 que
357 2351 420 2382 dixi
436 2353 536 2390 vobis,
552 2354 626 2394 quia
640 2363 699 2394 ego
718 2357 860 2388 nondum
881 2358 982 2390 factus
999 2368 1069 2391 sum

315 2422 354 2456 (1)
371 2421 427 2449 νν.
444 2422 497 2450 ΡΡ.
513 2423 606 2452 Rosw.
624 2425 670 2453 lib.
685 2425 720 2453 VI
732 2427 815 2454 libell.
833 2429 861 2459 5,
883 2428 901 2455 4
916 2437 942 2465 p.
958 2430 1022 2463 655,
1038 2431 1065 2458 1.

312 2468 352 2503 (2)
366 2468 485 2497 Coteler.
501 2470 575 2498 Eccl.
589 2471 687 2500 Graec.
709 2473 782 2501 Mon.
797 2474 830 2501 T.
855 2475 866 2502 Ι
886 2483 912 2511 p.
932 2476 985 2504 526
999 2485 1023 2504 s.
1039 2485 1066 2505 ν,

279 2513 418 2542 Macarius
430 2515 596 2553 Aegyptius§
611 2516 634 2544 II
647 2527 654 2552 ;
671 2519 744 2547 infra
757 2521 784 2548 in
803 2521 902 2548 barum
921 2522 1068 2556 Quaestio-

279 2569 345 2588 num
362 2562 520 2596 Appendice
534 2564 619 2591 altera
637 2565 689 2592 sub
704 2565 750 2593 III.

311 2607 349 2642 (5)
366 2607 434 2635 Hist.
453 2608 536 2637 Laus.
555 2610 598 2638 ed.
624 2610 725 2640 Mcurs.
745 2619 807 2648 cap.
828 2613 862 2640 12
876 2613 944 2649 Opp.
967 2614 1067 2643 Meurs.

281 2654 300 2681 l.
318 2654 336 2681 l.
354 2661 380 2689 p.
397 2654 460 2686 575.
478 2656 490 2682 1
510 2664 570 2691 sqq.

318 2699 357 2735 (4)
375 2700 420 2727 Cl".
436 2708 519 2736 supra
534 2701 547 2737 §
564 2703 581 2730 5
594 2711 620 2738 p.
631 2703 647 2730 ιι
662 2711 704 2739 εει.

315 2746 356 2781 (5)
375 2746 462 2781 Supra
478 2748 492 2783 §
507 2749 541 2776 32
558 2758 582 2784 p.
611 2751 674 2778 145.

317 2791 356 2827 (6)
385 2793 443 2820 νγ.
475 2794 527 2821 ΡΡ.
560 2796 653 2824 Rosw.
688 2798 735 2826 lib.
763 2798 798 2826 Vl
821 2799 903 2828 libell.
933 2801 960 2834 Δ,
985 2802 1019 2829 54
1039 2810 1068 2836 p.

283 2836 348 2869 661,
370 2839 388 2874 li.
408 2847 449 2874 sq.

321 2874 359 2917 (Ἰ)
375 2873 442 2902 Ibid.
454 2875 560 2907 Proleq.
576 2876 634 2904 XIV
651 2887 675 2909 ι).
688 2878 767 2906 XLII.

1122 2259 1226 2295 pertas
1241 2255 1321 2287 sicut
1336 2255 1470 2294 divitiae,
1483 2256 1591 2296 inopia
1601 2256 1680 2287 sicut
1691 2256 1814 2297 epulae,
1826 2266 1910 2288 nun-

1122 2314 1215 2346 quam
1231 2305 1372 2337 moritur.
1389 2305 1586 2345 Impossibile
1602 2309 1660 2344 est,
1677 2307 1758 2337 bene
1775 2307 1911 2338 creden-

1122 2359 1185 2387 tem
1200 2360 1232 2387 et
1252 2357 1305 2396 pie
1323 2356 1480 2387 colentem
1495 2357 1593 2387 Deum
1613 2357 1725 2389 cadere
1740 2358 1772 2389 in
1788 2358 1910 2398 passio-

1156 2428 1194 2462 (8)
1209 2427 1278 2454 Bibl.
1295 2427 1357 2455 cod.
1368 2427 1509 2455 CXCVIII.

1154 2475 1192 2509 (9)
1211 2473 1265 2501 VV.
1283 2474 1334 2501 PP.
1352 2474 1444 2502 Rosw.
1457 2475 1505 2502 lib.
1521 2473 1568 2501 VII
1586 2481 1647 2509 cap.
1665 2475 1691 2506 1,
1709 2475 1724 2501 Β
1739 2483 1765 2510 p.
1782 2475 1846 2506 665,
1859 2479 1887 2506 2.

1157 2520 1214 2556 (10)
1230 2520 1300 2548 Ibid.
1313 2521 1363 2548 lib.
1378 2519 1424 2547 VII
1438 2527 1499 2555 cap.
1516 2521 1542 2552 5,
1556 2521 1568 2547 ι
1585 2528 1612 2554 p.
1630 2519 1694 2551 666,
1711 2521 1739 2548 2.

1159 2565 1216 2600 (μ)
1229 2565 1299 2593 lbid.
1318 2565 1366 2592 lib.
1383 2564 1430 2592 vn
1447 2573 1508 2600 cap.
1526 2566 1570 2597 is.
1583 2566 1599 2592 6
1614 2574 1641 2601 p.
1657 2566 1722 2599 cio,
1744 2565 1771 2592 ε.

1155 2611 1212 2646 (l2)
1227 2611 1296 2638 Ibid.
1311 2612 1359 2639 lib.
1374 2611 1422 2638 Vll
1432 2619 1492 2646 cap.
1508 2612 1551 2642 19,
1567 2612 1584 2639 5
1600 2620 1627 2646 [ι.
1639 2613 1702 2644 673,
1720 2612 1746 2638 2.

1158 2657 1212 2692 (15)
1229 2657 1297 2685 lbid.
1317 2658 1364 2684 lib.
1382 2657 1429 2684 VII
1446 2665 1507 2693 cap.
1522 2658 1568 2690 57,
1590 2657 1607 2685 4
1623 2666 1650 2693 p.
1665 2658 1735 2690 681,
1752 2658 1779 2685 2.
1803 2658 1910 2686 Recen-

1121 2705 1227 2730 suimus
1240 2703 1362 2738 quinque
1376 2703 1438 2731 illas
1464 2703 1596 2731 historias
1621 2711 1705 2738 supra
1727 2703 1740 2739 §
1759 2704 1794 2731 52
1812 2712 1838 2739 p.
1858 2704 1912 2732 155

1119 2749 1180 2784 §55
1198 2749 1304 2784 p.148;
1326 2749 1389 2785 ἐδὲ
1406 2757 1434 2785 p.
1462 2750 1514 2776 453
1535 2757 1577 2784 sq.
1602 2750 1664 2786 §55
1693 2759 1720 2785 p.
1744 2751 1811 2783 “8;
1835 2751 1851 2787 δ
1875 2751 1911 2778 52

1118 2803 1145 2830 p.
1163 2795 1211 2822 159
1228 2803 1270 2830 sq.
1286 2795 1299 2830 §
1317 2797 1351 2824 55
1366 2803 1392 2831 p.
1413 2796 1479 2830 MS;
1498 2795 1557 2832 §25
1570 2805 1596 2832 p.
1612 2796 1662 2824 106
1681 2805 1722 2832 sq.
1740 2796 1912 2833 §29p.|19

1122 2841 1184 2877 §55
1199 2850 1224 2876 p.
1240 2841 1301 2870 148.
