2060 3153
698 147 750 176 SS.
772 145 1002 176 MACARIORUM
1022 143 1184 173 AEGYP'I‘II
1204 144 1249 172 ET
1268 141 1505 171 ALEXANDRINI

1854 138 1908 165 εδει

281 198 360 229 cella
372 199 465 234 esset,
482 196 637 236 proﬁcisci
650 196 866 228 Alexandriam
879 205 943 228 non
957 198 1066 238 piguit,
1082 195 1106 224 A
1120 192 1191 223 dam
1206 191 1306 231 diligit
1333 199 1396 228 me,
1412 193 1442 222 Θῐ
1451 190 1505 221 Odi
1520 196 1607 225 eum;
1620 194 1740 228 Ρειιρετ
1753 185 1910 238 νθΐρῄοάίι

282 251 318 278 ut
341 255 435 286 aegro
453 247 594 283 alferret;
614 255 719 287 neque
738 247 816 278 mira
837 256 889 278 res
907 248 1070 279 manifesta

284 298 430 337 cuiquam
452 297 533 327 facta
549 299 596 327 est
612 295 664 335 (l).
685 308 699 325 ››
725 297 767 328 De
787 298 878 328 Petro
901 299 1012 330 abbate
1036 300 1070 330 in

283 347 418 383 CelIulis,
435 348 491 378 Lot
505 347 624 378 abbatis
643 347 810 388 discipulo,
823 358 917 389 supra
933 351 1071 390 disputa-

282 398 384 428 vimus
400 397 452 437 (2).

323 459 338 475 «
362 449 477 478 Iterum
501 449 683 479 memoravit
696 458 704 479 :
717 450 850 482 Macario
871 451 975 483 abbati
995 461 1070 492 prae

283 498 404 528 cunctis
430 498 576 528 fratribus
602 499 634 529 in
653 499 851 539 simplicitate
873 503 1071 534 conversanti

282 546 411 585 quidam
430 557 436 577 :
452 548 522 585 Cur,
550 548 709 588 inquiunt,
734 549 828 581 talem
854 553 886 582 te
912 552 1071 592 praebes?

285 596 338 627 Ille
350 597 512 636 respondit
523 606 529 627 :
538 598 709 629 Duodecim
716 600 806 630 annis
816 601 926 631 servivi
938 602 1070 634 Domino

283 654 368 683 meo,
382 650 416 677 ut
435 647 512 677 mihi
531 647 611 678 hanc
628 647 791 687 largiretur
816 651 955 689 gratiam,
970 656 1001 682 et
1016 662 1072 684 vos

285 705 396 728 omnes
429 697 507 727 mihi
531 697 696 728 consilium
729 699 818 737 datis,
849 703 883 731 ut
915 701 1071 742 deponam

285 754 353 776 nam
368 745 428 786 (3)?
442 759 455 775 »
466 748 550 779 Haec
565 757 640 779 sane
652 757 724 779 cum
734 749 783 786 iis,
796 759 877 790 quae
885 751 924 782 de
939 753 1072 785 Macario

284 797 437 836 Aegyptio
450 797 613 838 hucusque
626 800 848 840 comperimus,
866 802 984 842 optime
999 812 1073 835 con-

284 847 425 877 veniunt.

307 932 310 934 ,
326 908 341 924 α
362 897 521 928 Proditum
536 902 594 936 est,
610 899 689 930 duos
708 899 819 932 fratres
837 902 870 932 in
885 903 974 934 Scete
989 903 1068 934 deli-

285 946 402 985 quisse.
423 948 506 983 Quos
526 957 622 987 quum
641 949 792 980 Macarius
815 951 953 983 πολιτικός
975 952 1071 984 abbas

286 1000 489 1035 segregasset,
506 998 650 1028 nonnulli
667 1000 834 1030 Macarium
848 1010 997 1041 magnum
1009 1005 1070 1033 Ae-

286 1047 429 1085 gyptium
447 1047 589 1077 abbatem
608 1048 760 1079 adeuntes
788 1049 848 1081 hoc
875 1052 1069 1084 nuntiarunt.

285 1096 336 1126 Is:
352 1097 433 1133 Non,
460 1097 573 1137 inquit,
592 1098 703 1129 fratres
730 1103 803 1130 sunt
829 1103 994 1141 segregati,
1015 1103 1071 1134 sed

284 1146 451 1184 Macarius;
464 1156 535 1178 nam
549 1147 697 1187 diligebat
712 1159 795 1181 eum.
805 1152 956 1183 Macarius
968 1157 1072 1185 autem

285 1196 393 1234 abbas,
415 1206 434 1228 a
453 1206 528 1229 sene
549 1207 582 1229 se
608 1203 804 1238 segregatum
829 1210 898 1232 esse
928 1203 1071 1242 audiens,

284 1247 364 1286 fugit
380 1248 417 1278 ad
438 1248 602 1288 paludem;
625 1253 719 1289 atque
741 1250 793 1282 ille
816 1253 933 1292 reperit
959 1262 1032 1285 eum
1054 1264 1073 1287 a

288 1297 364 1332 161
380 1298 533 1329 culicibus
550 1299 755 1339 perforatum.
773 1302 828 1331 Cui
850 1311 857 1332 :
882 1303 938 1340 Tu,
959 1304 1070 1344 inquit,

286 1347 455 1385 segregasti
468 1347 590 1385 fratres,
605 1348 702 1388 iique,
719 1358 805 1385 ecce,
821 1352 970 1384 secedere
985 1358 1074 1393 pote-

286 1400 355 1426 rant
377 1397 409 1427 in
423 1397 537 1428 vicum.
553 1398 618 1437 Ego
640 1407 715 1430 vero
735 1403 764 1430 te
788 1403 957 1441 segregavi,
974 1407 1073 1444 tuque

286 1446 371 1477 velut
384 1447 516 1486 pulchra
528 1448 616 1486 virgo
629 1448 662 1479 in
676 1449 806 1481 interius
818 1452 995 1484 cubiculum
1011 1454 1073 1486 huc

286 1497 404 1536 fugisti.
427 1500 464 1528 At
483 1507 541 1537 ego
559 1500 677 1530 vocatis
703 1500 850 1532 fratribus
868 1502 974 1542 didici,
994 1505 1073 1536 nihil

288 1547 400 1578 horum
430 1548 546 1580 factum
575 1557 654 1580 esse.
683 1551 831 1590 Prospice
859 1553 954 1592 igitur
974 1558 1006 1586 et
1028 1558 1073 1593 tu,

287 1597 394 1635 frater,
414 1607 455 1628 ne
478 1607 496 1629 a
521 1598 726 1630 daemonibus
745 1600 856 1632 illusus
875 1602 986 1641 fueris;
1003 1613 1075 1635 nam

289 1647 366 1678 nihil
381 1648 499 1684 vidisti,
515 1649 570 1679 sed
583 1649 807 1689 paenitentiam
821 1660 877 1691 age
892 1662 951 1692 pro
962 1654 1076 1687 delicto

288 1701 355 1729 tuo.
370 1698 426 1730 Ille
441 1699 603 1739 respondit
617 1709 624 1730 :
641 1700 672 1730 Si
686 1701 743 1738 vis,
762 1701 800 1732 da
815 1702 893 1733 mihi
907 1706 1075 1743 poeniten-

288 1748 504 1780 tiam.Videns
525 1749 619 1789 igitur
641 1758 738 1781 senex
762 1751 966 1785 humilitatem
984 1755 1074 1786 eius:

289 1799 386 1836 Vade,
400 1799 514 1839 inquit,
525 1799 630 1830 ieiuna
641 1800 738 1831 tribus
751 1801 967 1840 hebdomadis,
979 1805 1076 1836 semel

290 1849 421 1889 singulis
443 1849 648 1882 hebdomadis
679 1852 861 1884 comedens.
885 1854 969 1885 Haec
992 1856 1077 1887 enim

290 1903 356 1930 erat
371 1901 551 1932 exercitatio
567 1901 634 1932 eius
651 1906 813 1942 perpetua.
829 1912 887 1943 per
902 1903 1076 1937 hebdoma-

290 1950 345 1981 das
359 1950 500 1982 ieiunare
511 1950 564 1991 (4).
582 1963 597 1980 ››
613 1952 781 1983 Macarium
796 1953 933 1981 πυλιτικόν
947 1955 1078 1987 Alexan-

290 1997 415 2029 drinum
434 2008 502 2030 esse
523 2009 617 2040 supra
632 2001 824 2032 ostendimus
844 2003 896 2042 (5).
914 2004 992 2035 Eum
1004 2014 1077 2037 vero

290 2048 404 2079 iterum
422 2049 514 2080 aliam
528 2050 572 2080 ob
594 2059 718 2082 causam
739 2052 772 2082 in
785 2052 900 2092 palude
915 2055 1012 2086 Scetis
1026 2065 1076 2087 se-

291 2098 374 2129 disse
389 2099 503 2130 scimus
515 2099 568 2139 (6).

332 2160 346 2176 u
373 2149 577 2180 Proﬁcisceus
608 2150 777 2190 aliquando
803 2152 954 2185 Macarius
982 2156 1078 2188 abbas

1120 251 1182 280 me,
1195 245 1225 272 et
1236 241 1331 280 diligo
1345 249 1428 271 eum.
1445 241 1512 277 Quo
1523 239 1630 270 audito
1643 243 1790 268 sermone
1809 236 1910 266 Maea—

1119 293 1184 324 rius
1197 292 1294 323 abbas
1314 291 1483 324 admiratus
1497 295 1555 321 est.
1567 291 1646 320 Tum
1663 287 1775 318 fratres
1792 295 1799 316 :
1816 285 1906 322 Quid,

1119 343 1277 382 inquiunt,
1293 342 1353 374 hoc
1371 342 1458 373 verbi
1474 344 1530 378 est,
1551 343 1649 381 pater,
1664 337 1750 379 quod
1771 336 1907 368 admire-

1120 392 1181 424 ris?
1191 394 1294 424 Senex
1305 391 1468 431 respondit
1480 400 1487 421 :
1505 392 1625 421 Revera
1633 387 1784 419 Dominus
1800 388 1909 417 noster

1119 444 1205 475 dives
1219 447 1276 480 est,
1289 446 1320 474 et
1334 442 1433 482 diligit
1443 450 1513 478 nos,
1527 440 1590 481 ipsi
1605 442 1709 471 autem
1719 437 1867 469 nolumus
1877 436 1909 466 ei

1120 493 1355 533 obtemperare;
1366 491 1512 536 inimicus
1524 493 1632 522 contra
1642 491 1749 520 noster
1763 486 1907 536 diabolus

1120 551 1242 584 pauper
1262 545 1320 579 est,
1332 542 1461 581 oditque
1476 549 1546 578 nos,
1565 543 1596 570 et
1605 548 1663 570 nos
1678 537 1836 577 diligimus
1851 535 1910 566 im-

1121 594 1286 634 puritatem
1305 593 1372 624 eius
1387 592 1440 633 (7).
1461 603 1475 620 ι)
1493 591 1588 629 Digna
1613 598 1689 621 sane
1709 588 1788 619 haec
1812 585 1910 626 expli-

1121 644 1213 680 catio,
1225 651 1305 683 quae
1322 643 1361 674 ad
1375 645 1520 683 posteros
1530 640 1745 672 transferatur.

1162 722 1177 739 α
1189 712 1314 749 Rogans
1323 710 1461 740 Poemen
1474 707 1570 739 abbas
1580 706 1716 745 eundem
1723 706 1828 737 multis
1837 715 1909 744 cum

1121 761 1277 792 lacrimis:
1293 760 1347 791 Dic
1366 759 1454 796 mihi,
1476 758 1594 797 inquit,
1618 756 1778 796 quomodo
1797 757 1908 788 salver.

1122 811 1178 841 Cui
1191 819 1288 841 senex
1300 808 1481 849 respondit:
1494 809 1589 844 Quam
1610 806 1735 846 quaeris
1754 815 1831 844 rem,
1847 807 1909 838 iam

1087 866 1110 897 Β
1124 863 1251 893 recessit
1268 871 1285 893 a
1299 861 1462 893 monachis
1478 859 1532 900 (8).
1556 871 1570 888 »
1591 860 1731 890 Poemen
1748 862 1779 890 et
1794 859 1910 899 Ioseph

1121 913 1248 944 abbates
1267 912 1399 944 Ruﬁnus
1413 911 1447 942 in
1463 910 1564 950 Pispir
1574 909 1688 940 vidisse
1703 918 1736 940 se
1749 910 1842 941 tradit
1853 909 1909 951 (9):

1121 963 1177 994 sed
1190 963 1329 994 Poemen
1346 961 1442 992 abbas
1454 962 1545 991 etiam
1557 959 1590 990 in
1602 959 1693 990 Scete
1707 959 1783 989 vixit
1794 958 1867 1000 (10).

1162 1045 1176 1062 α
1192 1031 1344 1064 Macarius
1357 1033 1454 1064 abbas
1463 1030 1634 1070 aliquando
1649 1029 1725 1061 adiit
1738 1029 1909 1060 Antonium

1121 1083 1277 1114 abbatem.
1290 1084 1431 1120 Quocum
1443 1080 1628 1116 collocutus,
1648 1088 1720 1112 cum
1740 1080 1774 1110 in
1795 1079 1910 1111 Scetim

1122 1136 1340 1170 reverteretur,
1355 1131 1503 1163 fratribus
1517 1131 1640 1161 obviam
1657 1130 1736 1165 162
1753 1129 1910 1160 venienti-

1122 1185 1180 1215 bus
1207 1184 1290 1214 inter
1310 1181 1585 1214 sermocinandum
1601 1189 1608 1210 :
1627 1180 1775 1217 Antonio,
1794 1179 1910 1219 inquit,

1122 1235 1226 1266 abbati
1245 1234 1320 1272 dixi,
1342 1242 1401 1265 nos
1423 1241 1489 1264 non
1508 1232 1624 1263 habere
1646 1232 1680 1262 in
1706 1231 1777 1263 loco
1801 1235 1911 1263 nostro

1123 1285 1324 1317 oblationem.
1332 1284 1393 1315 Sed
1406 1284 1513 1314 Patres
1524 1282 1592 1313 aliis
1602 1282 1642 1312 de
1652 1282 1746 1312 rebus
1757 1282 1911 1313 disserere

1123 1338 1307 1376 coeperunt,
1324 1343 1382 1366 nec
1403 1333 1608 1374 quaesierunt
1631 1332 1766 1372 amplius
1790 1331 1912 1363 discere

1123 1392 1311 1424 responsum
1331 1383 1426 1420 senis,
1447 1390 1552 1421 neque
1572 1381 1640 1421 ipse
1655 1381 1839 1421 prolocutus
1853 1383 1910 1412 est.

1123 1435 1190 1465 Hoc
1205 1434 1298 1473 igitur
1311 1431 1438 1472 quidam
1459 1440 1498 1462 ex
1511 1430 1652 1471 patribus
1665 1430 1743 1461 dixit
1759 1439 1765 1460 :
1783 1430 1814 1460 Si
1828 1429 1913 1461 vide-

1124 1484 1186 1515 rint
1200 1487 1314 1523 patres,
1323 1491 1340 1514 e
1354 1482 1484 1513 fratrum
1495 1481 1646 1512 memoria
1657 1480 1814 1518 excidere,
1823 1483 1858 1510 ut
1872 1479 1913 1511 de

1087 1538 1109 1566 C
1125 1543 1159 1565 re
1177 1534 1215 1564 iis
1230 1533 1299 1564 utili
1324 1533 1531 1572 interrogent,
1554 1531 1683 1571 adigunt
1706 1539 1740 1561 se
1764 1530 1862 1570 ipsos,
1878 1533 1914 1561 ut

1126 1583 1316 1624 principium
1334 1582 1489 1614 sermonis
1502 1580 1678 1621 proferant;
1702 1581 1816 1620 quodsi
1838 1589 1914 1612 vero

1126 1642 1144 1665 a
1172 1633 1319 1664 fratribus
1348 1640 1413 1663 non
1440 1631 1622 1670 adigantur,
1648 1638 1826 1662 sermonem
1848 1638 1914 1661 non

1126 1685 1369 1724 persequuntur,
1397 1685 1432 1713 ut
1455 1690 1495 1713 ne
1519 1680 1796 1721 deprehendantur
1816 1680 1914 1712 locuti

1127 1743 1192 1765 non
1217 1733 1410 1772 interrogati,
1424 1732 1629 1771 videaturque
1654 1730 1781 1771 loquela
1814 1731 1913 1762 otiosa

1128 1793 1197 1816 esse
1219 1784 1293 1824 (11).
1312 1795 1326 1813 n
1340 1783 1507 1815 Macarium
1518 1782 1706 1822 Aegyptium
1720 1781 1758 1813 ad
1774 1782 1805 1812 S.
1820 1783 1916 1812 Anto-

1127 1835 1215 1865 nium
1240 1833 1417 1874 profectum
1441 1839 1509 1862 esse
1535 1831 1598 1862 iam
1631 1839 1725 1870 supra
1755 1831 1913 1871 comperi-

1127 1894 1196 1916 mus
1214 1884 1290 1925 (12);
1306 1883 1391 1915 unde
1405 1883 1488 1914 haud
1501 1882 1609 1921 inepte
1622 1881 1795 1921 discipulus
1808 1882 1838 1912 S.
1853 1884 1916 1912 An-

1127 1935 1206 1966 tonii
1230 1943 1325 1965 sensu
1346 1933 1456 1964 latiore
1477 1940 1495 1962 a
1513 1931 1628 1963 Ruﬁno
1647 1931 1800 1972 appellari
1821 1932 1914 1964 nobis

1127 1987 1211 2017 visus
1229 1988 1276 2016 est
1291 1983 1364 2023 (13).

1168 2068 1182 2084 ‹‹
1200 2054 1393 2095 Paphnutius
1407 2053 1515 2089 abbas,
1537 2051 1662 2082 Macarii
1679 2052 1799 2084 abbatis
1819 2053 1913 2084 disci-

1127 2107 1232 2148 pulus,
1260 2105 1322 2136 hoc
1350 2102 1618 2142 retulitzﬁogavi,
1645 2102 1760 2143 inquit,
1794 2107 1914 2144 patrem

1128 2165 1245 2194 meum,
1264 2159 1300 2186 ut
1325 2153 1404 2185 mihi
1422 2153 1540 2184 diceret
1567 2152 1707 2183 verbum.
1728 2155 1758 2184 Is
1784 2158 1887 2184 autem
1906 2163 1913 2184 :

291 2207 364 2228 cum
378 2198 524 2230 fratribus
542 2208 600 2239 per
618 2203 793 2240 Aegyptum
812 2211 945 2241 puerum
961 2207 1077 2238 audivit
1093 2210 1114 2237 D
1129 2208 1304 2242 Neminem,
1331 2203 1446 2243 inquit,
1477 2202 1614 2240 laeseris,
1635 2211 1694 2234 nec
1725 2212 1915 2243 quemquam

291 2248 382 2279 matri
398 2257 471 2279 suae
488 2249 531 2279 ita
550 2249 732 2289 loquentem
750 2260 756 2280 :
778 2252 885 2290 Mater,
902 2254 986 2287 dives
1004 2259 1074 2298 qui-

293 2340 368 2366 scula
385 2340 452 2375 legis
465 2340 505 2367 sic
521 2341 651 2377 inscripta
663 2353 670 2371 :
680 2345 834 2380 Κεφάλαια
845 2348 898 2375 τοῦ
914 2349 1000 2384 ἁγίου
1013 2352 1075 2378 Μα-

1130 2253 1397 2290 condemnaveris.
1433 2252 1518 2284 Haec
1554 2251 1684 2285 observa
1712 2257 1743 2285 et
1774 2254 1915 2287 salvabe—

1161 2351 1199 2388 (7)
1227 2351 1345 2379 Coleler.
1364 2351 1383 2378 l.
1400 2351 1419 2378 l.
1443 2357 1470 2386 p.
1489 2349 1541 2376 559
1560 2348 1574 2384 §
1598 2347 1694 2381 XXIV,
1719 2347 1791 2376 infra
1813 2349 1840 2376 in
1860 2350 1917 2384 Ap-

292 2387 395 2432 καρίου
427 2390 749 2422 μεταφρασθέντα
790 2394 889 2429 παρὰ
933 2396 1078 2431 Σιμέωγ
1126 2397 1247 2432 pend.|.

291 2431 358 2458 τοῦ
385 2433 430 2458 .10
441 2431 628 2467 τοθέντου
648 2439 707 2468 ρν’.
734 2439 872 2473 opuscula
904 2448 970 2468 vero
995 2442 1078 2468 maxi-

292 2485 364 2504 mam
377 2483 482 2512 partem
505 2480 651 2514 compilata
665 2489 727 2510 esse
746 2485 800 2511 iam
817 2485 869 2513 levi
890 2495 985 2514 eorum
1010 2496 1073 2515 cum

292 2524 414 2552 hemiliis
427 2524 633 2560 comparatione
649 2527 821 2565 intelligitur.

331 2570 370 2604 (I)
392 2569 510 2598 Coleler.
525 2571 599 2598 Mon.
615 2571 691 2600 Eccl.
708 2575 804 2604 Graec.
824 2577 857 2606 T.
871 2578 881 2604 I
897 2587 924 2613 p.
938 2579 990 2607 555
1011 2588 1033 2607 s.
1050 2589 1078 2609 ν.

296 2614 433 2643 Macarius
448 2616 617 2651 Aegyptiua§
632 2617 705 2653 VIII;
731 2621 805 2649 infra
826 2623 852 2650 in
871 2624 967 2651 harum
987 2625 1079 2658 Quae—

293 2667 413 2689 stionum
432 2663 589 2697 Appendice
605 2663 692 2691 altera
702 2667 754 2695 sub
767 2667 811 2696 llI.

327 2709 366 2743 (2)
382 2709 444 2743 §53
459 2718 484 2744 ρ.
503 2710 566 2738 452.

328 2755 367 2790 (5)
388 2755 506 2785 Coleler.
520 2758 538 2786 l.
553 2759 572 2786 l.
588 2768 614 2794 p.
628 2760 705 2796 535§
720 2760 773 2794 IX;
789 2761 860 2789 infra
873 2762 900 2790 in
916 2763 1041 2799 Append.
1055 2765 1075 2793 Ι.

329 2800 368 2835 (4)
388 2801 457 2829 Ibid.
468 2811 496 2838 p.
514 2803 592 2840 557§
608 2805 772 2839 XXI-,infra
784 2809 812 2836 in
825 2809 950 2844 Append.
973 2810 992 2837 Ι.

330 2845 369 2880 (5)
388 2847 431 2874 cr.
446 2848 484 2884 §§.
501 2849 546 2883 24,
561 2850 597 2878 es
614 2852 713 2886 p.105.
732 2853 791 2881 106.

330 2891 370 2929 (6)
388 2892 431 2921 Cf.
452 2902 535 2930 supra
551 2903 578 2930 p.
597 2896 642 2924 67.
659 2898 704 2924 89.

1162 2444 1201 2478 (8)
1222 2442 1289 2469 Ibid.
1306 2449 1333 2477 ρ.
1350 2441 1402 2469 559
1416 2440 1430 2477 §
1442 2439 1526 2472 XXV,
1543 2439 1616 2466 infra
1629 2440 1656 2466 in
1668 2439 1792 2474 Append.
1809 2439 1828 2466 l.

1163 2489 1202 2525 (9)
1218 2488 1310 2516 Itulin.
1327 2488 1399 2515 Hist.
1424 2487 1498 2514 Eccl.
1515 2486 1565 2513 lib.
1590 2484 1612 2512 ll
1634 2493 1696 2520 cap.
1714 2486 1741 2517 8,
1768 2485 1812 2513 ed.
1830 2484 1913 2513 Basil.

1128 2535 1147 2562 I.
1178 2542 1204 2569 p.
1234 2533 1298 2566 246,
1324 2533 1417 2560 Ruﬁni
1435 2533 1505 2567 Opp.
1531 2531 1576 2558 ed.
1597 2530 1715 2559 Vallarsi
1739 2540 1766 2566 p.
1783 2531 1837 2559 278
1857 2539 1913 2567 sq.,

1129 2581 1219 2616 Migne
1234 2588 1262 2615 p.
1278 2579 1341 2608 5t7.
1361 2578 1404 2607 Cf.
1423 2579 1496 2605 infra
1513 2577 1571 2613 ἐϋ).
1586 2585 1612 2612 p.
1628 2577 1688 2604 l76.

1164 2626 1219 2661 (t0)
1235 2625 1353 2653 Coteler.
1367 2625 1385 2653 l.
1404 2624 1423 2652 Ι.
1441 2633 1469 2660 p.
1484 2623 1547 2651 587.
1565 2623 1618 2650 655
1631 2631 1655 2650 s.
1670 2631 1696 2649 v.
1712 2622 1826 2650 Poemen
1839 2623 1853 2659 ἓ
1866 2622 1912 2651 IV.

1129 2672 1143 2708 §
1157 2671 1287 2699 CLXXX.

1165 2717 1222 2754 (tl)
1239 2717 1356 2744 Coleler.
1379 2716 1400 2743 l.
1423 2715 1444 2744 I.
1460 2723 1488 2751 p.
1512 2715 1564 2744 539
1580 2723 1622 2751 sq.
1639 2714 1654 2752 ἕ
1670 2714 1766 2748 XXVI,
1791 2712 1864 2741 inira
1885 2714 1914 2740 in

1129 2763 1254 2800 Append.
1271 2763 1290 2789 l.

1165 2808 1223 2844 (η)
1244 2808 1306 2844 535
1320 2817 1348 2844 p.
1367 2808 1428 2836 150.

1167 2855 1225 2891 (t5)
1246 2854 1335 2890 Supra
1350 2854 1364 2889 §
1377 2854 1412 2881 26
1426 2861 1453 2889 p.
1467 2852 1528 2880 “2.
