2060 3153
149 211 200 239 135

915 206 972 234 νιτ
979 206 1030 234 1E.

1727 208 1779 236 15‘

150 267 193 290 ns
216 257 270 298 (1).
298 269 313 285 ι
343 257 538 297 Paphnutius
549 281 556 294 ,
585 266 765 297 quanquam
799 258 936 291 Palladio
951 263 974 290 Α
988 254 1198 296 phthegmatis
1212 262 1229 285 a
1245 255 1398 287 Cotelerio
1414 255 1504 287 editis
1519 255 1577 286 hac.
1602 259 1665 286 tres
1680 255 1778 287 histo-

150 308 280 349 quidem
305 311 383 339 teste
410 308 536 338 Macarii
567 307 770 338 Alexandrini
798 308 938 349 discipu-

150 358 201 390 lus
218 357 273 398 (2),
301 357 394 388 etiam
420 357 453 388 in
477 357 567 388 Scete
595 357 718 396 degisse
747 357 861 396 legitur
877 358 938 399 (3);

150 409 287 450 primum
301 410 407 445 tamen
430 408 464 438 in
486 407 654 439 solitudine
677 407 844 439 Thebaidis
867 417 940 439 eum

150 458 302 490 habitasse
314 458 484 489 verisimile
498 462 545 489 est
559 457 620 498 (4):

189 521 204 537 «
225 509 376 540 Macarius
404 510 502 540 abbas
523 508 601 539 dixit
624 517 630 538 :
654 508 725 539 Noli
748 508 885 539 dormire
906 509 940 539 in

148 560 227 592 cella
240 560 354 595 fratris.
368 568 464 599 quem
474 559 555 589 mala
569 558 652 589 fama
668 558 757 598 petiit
772 558 825 598 (5).
845 570 859 586 ››

188 632 202 647 ‹‹
220 620 264 650 Ad
278 619 447 650 Macarium
461 618 606 649 abbatem
623 617 654 648 in
672 617 762 648 Scete
779 617 940 657 quondam

147 673 349 700 accesserunt
358 669 481 705 fratres,
495 676 554 699 nec
566 668 739 708 quidquam
752 668 940 698 invenerunt

147 719 182 750 in
192 719 271 750 cella
285 720 354 750 eius
375 719 436 749 nisi
448 727 561 758 aquam
577 718 744 758 putridam.
761 719 870 757 Itaque
885 717 914 748 ei
931 726 937 747 :

150 770 249 806 Abba,
271 769 431 809 inquiunt,
458 768 592 799 ascende
615 768 647 799 in
675 777 802 808 pagum,
819 771 849 798 et
864 768 937 798 reﬁ-

151 819 271 850 ciemus
288 822 330 849 te.
356 819 471 855 Quibus
494 826 591 848 senex
612 817 777 857 respondit
799 826 805 848 :
822 817 937 853 Nostis,

150 869 272 906 fratres,
292 869 457 909 pistrinum
473 868 557 899 illius
571 868 709 899 hominis
725 868 757 898 in
773 867 875 908 pago?
888 867 939 897 Di-

152 922 227 949 cunt
243 918 368 949 :Etiam.
378 917 495 948 Deinde
505 925 602 948 senex
614 925 620 946 :
631 917 694 955 Ego
710 925 837 956 quoque
852 916 935 948 novi.
954 930 974 957 Β

151 969 255 999 Nostis
268 972 298 998 et
319 967 483 1008 praedium
510 967 593 997 illius
615 966 763 1004 hominis,
787 967 865 1002 163
884 967 938 998 ubi

151 1019 263 1049 ﬂuvius
273 1017 362 1049 salit?
375 1018 469 1048 Aiunt
487 1026 493 1047 :
510 1017 670 1048 Novimus.
686 1018 803 1048 Senex:
816 1018 852 1047 Et
866 1026 935 1056 ego,

149 1069 262 1109 inquit,
278 1069 364 1100 novi.
381 1067 512 1105 Quando
526 1067 621 1107 igitur
632 1067 746 1107 placet,
759 1067 847 1098 vobis
861 1067 938 1098 mihi

149 1128 228 1160 opus
249 1127 314 1150 non
333 1122 394 1156 est,
415 1117 470 1149 sed
491 1117 560 1157 ipse
585 1117 664 1148 mihi
687 1117 822 1157 adporto
847 1116 900 1156 (6).
921 1128 935 1145 in

147 1170 231 1200 Haec
255 1168 488 1200 exercitationis
506 1167 603 1198 virtus
617 1176 689 1198 cum
708 1167 831 1204 ceteris,
855 1175 936 1206 quae

147 1219 186 1250 de
198 1219 331 1250 Macario
343 1218 497 1258 Aegyptio
508 1217 719 1257 percepimus,
729 1217 848 1257 optime
862 1225 937 1248 con-

146 1269 251 1300 sentit.

186 1343 200 1358 «
220 1329 414 1370 Paphnutius
432 1329 539 1366 abbas,
557 1327 681 1359 Macarii
701 1327 821 1358 abbatis
839 1326 934 1357 disci-

145 1381 252 1421 pulus,
280 1379 395 1417 retulit,
416 1387 524 1410 senem
552 1377 828 1414 dixissezouando
855 1386 935 1417 puer

145 1441 242 1469 eram,
259 1431 389 1463 buculas
403 1439 474 1462 cum
489 1429 556 1460 aliis
571 1429 677 1469 pueris
688 1427 866 1468 pascebam,
880 1427 935 1467 qui

146 1484 353 1521 perrexerunt
371 1480 508 1510 furatum
527 1479 615 1509 ﬁcus.
633 1478 776 1516 Dumque
791 1480 933 1513 currunt,

146 1540 207 1562 una
225 1539 263 1561 ex
276 1531 314 1561 iis
329 1529 452 1565 cecidit.
469 1537 563 1568 quam
578 1527 692 1558 tollens
702 1526 837 1558 comedi.
849 1526 933 1562 Quo-

146 1581 204 1612 ties
214 1581 308 1620 igitur
321 1581 367 1611 rei
381 1581 449 1611 eius
463 1578 614 1610 memoria
628 1577 719 1614 redit,
737 1576 864 1616 plorans
882 1584 932 1606 se-

147 1632 206 1662 deo
222 1632 276 1671 (7).
297 1643 312 1658 ι›
332 1631 376 1661 De
397 1629 575 1669 Paphnutio
594 1627 719 1659 Macarii
736 1626 855 1658 abbatis
874 1626 935 1657 dis-

145 1682 252 1722 cipqu
265 1681 446 1712 monuimus
457 1680 509 1721 (8).

185 1744 269 1773 Haec
292 1741 420 1782 quidem
447 1740 486 1772 de
503 1738 636 1770 Macario
653 1736 808 1777 Aegyptio
827 1735 936 1766 insunt

146 1791 428 1833 Apophthegmatis
446 1799 464 1822 a
482 1789 635 1821 Cotelerio
656 1788 746 1818 editis
770 1796 796 1817 s.
813 1795 845 1816 v.
861 1787 934 1817 Ma-

145 1843 251 1873 carius
274 1842 457 1882 Aegyptius.
485 1840 545 1872 Sed
570 1837 725 1870 evolventi
741 1835 818 1867 mihi
831 1839 934 1866 cetera

146 1893 454 1933 Apophthegmatum
464 1890 566 1930 capita
580 1889 681 1920 tribus
696 1887 765 1918 aliis
780 1886 858 1917 locis
874 1887 936 1916 Ma-

147 1944 233 1981 carii,
247 1947 281 1974 ut
295 1943 427 1980 videtur,
441 1939 585 1981 Aegyptii
596 1938 714 1970 mentio
730 1937 866 1969 occurrit
880 1936 934 1977 (9).

147 1996 230 2032 Quos
246 1993 374 2034 quidem
387 1992 475 2024 locos
490 1999 585 2031 supra
600 1990 663 2020 iam
677 1988 880 2028 cognovimus
893 1991 937 2018 at-

148 2053 209 2085 que
224 2042 440 2074 reccnsuimus
454 2041 529 2083 (10).

188 2106 267 2143 164
281 2108 296 2144 §
312 2105 360 2136 39.
377 2105 420 2136 De
434 2103 568 2136 Macario
581 2100 792 2133 Alexandrino
807 2099 840 2130 in
854 2101 936 2140 Apo-

183 2218 222 2254 (1)
241 2216 360 2244 Coteler.
385 2215 403 2243 I.
431 2233 440 2242 .
460 2223 486 2250 p.
502 2215 555 2242 510
570 2213 584 2250 §
598 2212 727 2244 XXVIII,
744 2213 816 2240 infra
834 2213 862 2241 in
879 2213 936 2248 Ap-

148 2265 230 2299 penu.
245 2263 264 2290 I.

183 2311 222 2345 (ξ)
243 2309 361 2344 01.519
380 2316 406 2343 ρ.
421 2307 466 2334 75.

185 2358 224 2392 (5)
242 2356 359 2384 Coteler.
383 2355 402 2382 1.
424 2354 442 2381 1.
459 2362 484 2388 p.
501 2353 552 2380 619
569 2361 593 2380 s.
619 2361 644 2379 ν.
663 2351 833 2379 Pavhuulius
852 2351 866 2387 §
888 2350 934 2378 IV.

149 2404 275 2432 Cassian.
286 2402 356 2430 Coll.
376 2399 422 2432 III,
439 2401 464 2426 1.

185 2451 223 2486 (1)
243 2449 313 2477 Hist.
335 2449 419 2476 Laus.
440 2447 484 2475 ed.
500 2445 603 2473 Mcurs.
620 2453 681 2481 cap.
695 2445 730 2473 65
746 2445 816 2481 Opp.
833 2445 934 2472 Meurs.

151 2500 168 2525 1.
187 2499 206 2525 1.
220 2506 248 2533 p.
271 2497 323 2524 524
339 2504 384 2531 sq.
414 2492 694 2522 Animadvertendum
715 2495 773 2522 est,
798 2491 825 2518 in
845 2491 936 2526 capite

149 2545 184 2572 ile
200 2543 354 2579 Paphnutio
377 2540 525 2568 Historiam
543 2537 706 2565 Lausiacam
726 2537 851 2565 codicum
870 2537 935 2564 Vin-

149 2588 353 2617 dobonensium
370 2594 385 2614 a
407 2585 563 2613 Meursiana
584 2583 620 2610 ita
636 2582 756 2614 differre.
767 2587 797 2610 ut
814 2583 858 2609 vix
881 2591 936 2610 uno

150 2634 234 2662 verbo
247 2632 412 2661 consentiat.
422 2631 464 2658 Cl‘.
478 2628 598 2656 Palladii
612 2627 759 2654 (“uarium
769 2627 934 2655 Lauaiacam

151 2681 184 2708 ad
200 2680 300 2707 codicis
327 2678 532 2706 Vindoboncusis
549 2677 628 2711 ﬁdem
649 2685 664 2703 a
678 2676 752 2704 nobis
766 2676 877 2704 breviter
889 2677 937 2703 de-

152 2726 286 2756 tineatam,
313 2724 384 2752 infra
399 2724 462 2751 huic
487 2723 601 2751 editioni
627 2721 764 2755 Historiae
786 2722 937 2750 Lausiacae

153 2771 349 2806 praepositam.

186 2818 224 2852 (5)
244 2816 364 2844 Coteler.
388 2814 407 2842 ἶ.
430 2815 450 2842 1.
468 2822 495 2849 p.
513 2813 564 2841 5.10
581 2812 594 2848 ᾗ
616 2810 721 2844 XXIX;
745 2811 816 2838 intra
837 2811 864 2838 In
887 2810 937 2845 Ap-

170 2862 233 2890 end.
254 2862 273 2889 Ι.

151 2870 311 2943 Ρῦῗὲζιζὶά.
327 2915 353 2941 p.
369 2905 416 2932 541
434 2904 545 2940 εΧΧΧ,
560 2904 631 2932 infra
648 2904 675 2931 in
691 2902 816 2939 Append.
835 2901 855 2928 I.

186 2950 226 2987 (7)
247 2950 313 2978 Ibid.
330 2957 357 2985 p.
372 2949 423 2977 516
437 2948 451 2984 §
468 2947 601 2980 XXXVII,
618 2948 690 2976 infra
713 2948 741 2975 in
755 2944 881 2984 Append.
897 2945 917 2972 I.

990 305 1055 336 riae
1071 304 1269 336 referuntur:

1031 368 1045 383 ι
1066 356 1217 386 Macarius
1232 355 1370 387 πολιτικός
1385 356 1437 387 ille
1447 357 1543 388 abbas
1557 356 1728 397 aliquando
1738 358 1779 389 ad

990 406 1144 437 secundos
1154 406 1328 446 palmarum
1345 415 1449 438 ramos
1464 408 1548 444 exiit,
1566 407 1713 438 fratribus
1730 407 1779 448 ip-

989 463 1060 486 sum
1081 455 1313 488 comitantibus.
1334 456 1391 493 Qui
1415 457 1517 496 primo
1532 457 1582 488 die
1605 458 1634 488 ei
1657 466 1664 488 :
1684 457 1776 495 Veni,

989 506 1147 546 inquiunt,
1163 510 1264 546 pater,
1286 507 1451 538 nobiscum
1467 508 1609 538 comede.
1640 507 1778 539 Accessit

989 556 1084 595 igitur
1098 556 1152 587 ille
1173 560 1204 588 et
1220 558 1369 588 comedit.
1388 557 1492 588 Altero
1512 566 1584 588 eum
1600 557 1651 588 die
1663 558 1779 589 iterum

990 607 1111 643 rogant,
1134 608 1168 635 ut
1191 606 1346 636 comedat.
1370 607 1407 636 At
1421 606 1447 636 is
1462 614 1619 637 renuens:
1634 606 1708 643 Vos,
1724 608 1776 638 in-

990 655 1068 693 quit,
1091 654 1154 691 tilii,
1172 655 1276 686 cibum
1291 656 1420 686 sumatis
1444 664 1572 686 necesse
1586 659 1648 692 est;
1675 656 1777 687 adhuc

990 702 1075 733 enim
1090 712 1162 734 caro
1180 704 1270 740 estis;
1289 712 1348 742 ego
1365 712 1440 734 vero
1454 713 1538 735 nunc
1553 704 1628 735 nolo
1643 705 1777 736 mandu-

989 761 1061 783 care
1080 752 1153 792 (11).
1173 765 1186 779 ιι
1203 754 1286 784 Haec
1307 753 1437 785 historia
1452 754 1484 785 in
1504 754 1628 785 duobus
1644 756 1777 795 Apoph-

989 802 1181 840 thegmatum
1205 803 1366 835 codicibus
1383 803 1680 836 Vindobonensibus
1703 814 1729 836 s.
1743 814 1778 838 ν.

988 852 1150 882 Macarius
1173 852 1344 893 Aegyptius
1358 857 1429 894 post
1447 856 1460 892 §
1473 855 1583 884 XXXII
1598 863 1776 895 perperam,

989 904 1023 931 ut
1033 902 1169 941 quisque
1183 902 1274 933 facile
1286 903 1440 942 intelligit,
1453 903 1569 934 inserta
1581 903 1693 942 legitur
1704 903 1777 944 (12).

990 951 1189 990 Quantopere
1208 955 1312 982 autem
1326 951 1477 982 Macarius
1492 951 1722 983 Alexandrinus
1736 953 1780 984 ci-

989 1000 1036 1030 bis
1047 1000 1243 1038 absunuerit,
1256 1009 1273 1032 e
1287 1001 1423 1032 Palladio
1434 1001 1667 1042 didicimus(13,
1675 1026 1683 1034 .

1030 1062 1043 1077 «
1052 1050 1203 1081 Macarius
1211 1051 1307 1082 abbas
1316 1052 1462 1082 convenit
1472 1051 1676 1082 Pachomium
1685 1052 1780 1084 abba-

987 1100 1366 1131 tem'l‘abennesiotarum.
1374 1102 1472 1137 Quem
1482 1101 1670 1133 Pachomius
1679 1102 1778 1133 inter-

988 1157 1103 1188 rogans
1115 1159 1122 1180 :
1135 1150 1298 1189 Si,inquit,
1310 1150 1421 1182 fratres
1435 1150 1619 1190 disciplinae
1633 1151 1778 1182 ordinem

987 1207 1051 1230 non
1066 1203 1200 1236 servant,
1213 1200 1372 1230 bonumne
1385 1204 1431 1230 est
1444 1200 1604 1240 corripere
1619 1200 1693 1232 eos?
1704 1201 1780 1231 Res-

987 1247 1099 1287 pondit
1115 1248 1266 1278 Macarius
1291 1248 1387 1278 abbas
1403 1256 1410 1278 :
1428 1249 1546 1287 Castiga
1568 1252 1599 1279 et
1625 1248 1705 1279 iuste
1723 1257 1778 1279 eos

985 1298 1100 1335 iudica,
1117 1299 1172 1338 qui
1186 1298 1242 1329 tibi
1262 1298 1487 1333 subiiciuntur;
1503 1302 1588 1329 extra
1602 1307 1677 1329 vero
1700 1299 1780 1330 iudi-

987 1348 1104 1379 caveris
1119 1349 1296 1385 neminem;
1314 1357 1384 1379 nam
1411 1349 1561 1389 scriptum
1575 1353 1622 1380 est
1638 1359 1645 1380 ;
1666 1351 1778 1382 Nonne

987 1398 1026 1429 de
1044 1399 1094 1436 iis,
1106 1399 1162 1438 qui
1182 1399 1267 1430 intus
1282 1403 1365 1435 sunt,
1378 1407 1433 1430 vos
1444 1399 1608 1430 iudicatis?
1621 1401 1696 1431 Nam
1709 1409 1776 1438 eos,

986 1448 1042 1488 qui
1057 1448 1133 1480 foris
1147 1451 1230 1485 sunt,
1243 1449 1324 1479 Deus
1338 1448 1488 1480 iudicabit
1501 1449 1573 1490 (14).
1584 1461 1597 1477 ι»
1611 1449 1778 1481 Macarium

986 1498 1230 1530 Alexandrinum
1261 1507 1333 1529 cum
1365 1498 1535 1529 Pachomio
1573 1492 1779 1538 congressum

987 1558 1067 1585 esse,
1084 1558 1100 1580 a
1119 1549 1257 1580 Palladio
1282 1549 1462 1589 accepimus
1488 1549 1558 1590 (15).
1587 1551 1730 1580 Ceterum
1760 1558 1779 1581 e

947 1602 968 1630 C
985 1598 1146 1639 colloquio
1179 1599 1238 1630 isto
1272 1599 1377 1630 denuo
1418 1598 1579 1639 probatur,
1610 1600 1778 1631 Macarium

986 1649 1229 1680 Alexandrinum
1242 1649 1304 1680 iam
1318 1652 1390 1680 ante
1405 1658 1522 1681 annum
1537 1649 1605 1687 348,
1623 1659 1687 1690 quo
1711 1651 1780 1690 qui-

987 1700 1059 1730 dem
1078 1702 1219 1730 mortuus
1230 1703 1278 1730 est
1294 1699 1492 1736 Pachomius,
1507 1709 1572 1731 non
1588 1701 1700 1739 exigua
1713 1701 1778 1732 vir-

988 1748 1060 1779 tutis
1075 1751 1106 1779 et
1117 1757 1262 1779 asceseos
1276 1748 1358 1779 fama
1375 1749 1560 1780 excelluisse
1572 1748 1645 1788 (16).

1026 1798 1177 1830 Macarius
1190 1798 1286 1830 abbas
1296 1798 1466 1838 aliquando
1476 1808 1534 1838 per
1547 1803 1683 1838 quatuor
1694 1799 1778 1831 inte-

988 1856 1061 1886 gros
1078 1857 1203 1879 menses
1219 1848 1360 1888 quotidie
1375 1848 1517 1880 visitabat
1531 1849 1657 1880 fratrem
1675 1859 1778 1890 quen-

989 1899 1072 1936 dam,
1089 1908 1194 1940 neque
1208 1908 1361 1939 unquam,
1385 1908 1426 1930 ne
1455 1900 1552 1930 semel
1566 1901 1713 1940 quidem,
1726 1901 1778 1932 in-

989 1949 1073 1979 venit
1092 1957 1164 1979 eum
1188 1953 1348 1980 vacantem
1368 1949 1408 1980 ab
1431 1950 1583 1980 oratione.
1602 1950 1779 1982 Admiratus

989 2000 1083 2038 igitur
1103 1999 1181 2030 dixit
1204 2008 1210 2029 :
1227 2000 1318 2034 Ecce.
1343 2000 1498 2032 terrestris
1517 1999 1647 2039 angelus
1664 1999 1743 2041 (17)!
1762 2013 1777 2029 »

988 2049 1175 2080 Cellularum
1191 2049 1338 2080 monachi
1353 2050 1468 2089 singuli
1478 2050 1510 2081 in
1529 2050 1616 2081 cellis
1628 2050 1780 2090 degentes

989 2099 1055 2130 sola
1070 2099 1121 2130 die
1139 2099 1260 2131 sabbati
1275 2103 1306 2130 et
1325 2100 1483 2132 dominica
1512 2102 1597 2146 165-
1610 2101 1779 2134 convenire

1027 2212 1066 2246 (8)
1083 2211 1164 2239 Modo
1181 2220 1208 2247 ι).
1223 2212 1285 2239 162.
1306 2217 1363 2239 not.
1381 2212 1408 2239 7.

1026 2258 1065 2292 (9)
1089 2258 1207 2286 Coteler.
1227 2258 1246 2285 1.
1266 2258 1284 2285 l.
1302 2258 1334 2285 Τ.
1353 2257 1361 2284 1
1387 2265 1414 2293 p.
1432 2257 1496 2285 572.
1515 2258 1578 2286 145.
1593 2259 1657 2287 151.
1683 2267 1708 2287 s.
1733 2268 1779 2288 vv.

990 2304 1112 2340 Agathon
1139 2304 1153 2340 §
1172 2304 1192 2337 1,
1218 2303 1366 2331 Zacharias
1389 2303 1402 2339 §
1427 2303 1448 2336 Ι,
1468 2304 1620 2333 Theodorus
1637 2305 1780 2333 Phariaen-

952 2333 1088 2385 οεεὲθι

1022 2396 1079 2430 (1ο)
1098 2394 1186 2430 Supra
1203 2394 1265 2430 με
1282 2402 1308 2430 ρ.
1325 2395 1386 2422 151.
1405 2395 1545 2423 148.150.

1022 2440 1077 2475 (11)
1095 2440 1215 2467 Coteler.
1230 2439 1304 2467 Eccl.
1319 2439 1415 2467 Graec.
1434 2439 1506 2466 Mon.
1532 2439 1588 2466 T.l
1607 2447 1630 2467 s.
1647 2440 1700 2467 572
1711 2449 1732 2468 s.
1750 2449 1776 2469 ν.

987 2484 1124 2513 Macarius
1141 2486 1294 2518 πολιτικός
1308 2493 1355 2513 seu
1372 2485 1479 2512 urbicus
1499 2485 1523 2520 §.
1541 2485 1568 2519 I;
1590 2485 1662 2513 infra
1680 2487 1706 2514 in
1728 2487 1777 2514 ha-

987 2538 1047 2557 rum
1061 2531 1256 2563 Quaestionum
1268 2531 1424 2566 Appendice
1440 2531 1525 2558 altera
1539 2533 1590 2559 sub
1602 2532 1635 2559 V.

1023 2575 1078 2610 (12)
1095 2575 1210 2603 Codices
1223 2576 1393 2604 laudavimus
1408 2584 1490 2612 supra
1502 2576 1516 2613 §
1530 2577 1559 2604 11
1578 2585 1606 2612 p.
1623 2577 1657 2605 35
1678 2583 1734 2606 not.
1748 2578 1778 2606 2.

988 2630 1014 2658 p.
1035 2622 1070 2649 36
1091 2626 1152 2649 not.
1171 2623 1195 2648 1.

1023 2668 1079 2702 (13)
1094 2667 1182 2703 Supra
1195 2676 1255 2703 cap.
1267 2668 1309 2696 III.

1023 2714 1080 2749 (14)
1100 2714 1218 2742 Coteler.
1237 2714 1255 2741 1.
1272 2715 1293 2741 Ι.
1312 2722 1339 2749 p.
1355 2714 1408 2741 573
1422 2713 1436 2750 §
1448 2713 1486 2748 Il;
1509 2714 1579 2742 infra
1608 2716 1635 2743 in
1651 2717 1775 2752 Append.

987 2761 1006 2788 I.
1021 2760 1074 2788 sub
1087 2759 1119 2787 ν.
1135 2760 1177 2788 Cl'.
1193 2759 1279 2788 ICor.
1295 2761 1322 2792 5.
1339 2760 1383 2788 12.
1401 2761 1444 2788 13.

1025 2805 1080 2840 (15)
1096 2804 1139 2832 Cf.
1157 2812 1239 2835 supra
1256 2812 1282 2840 p.
1300 2804 1344 2832 70.
1356 2803 1390 2832 86
1405 2813 1446 2840 sq.

1023 2852 1079 2887 (16)
1091 2851 1133 2879 Cf.
1147 2858 1230 2886 supra
1244 2859 1271 2886 p.
1284 2850 1319 2879 86
1335 2858 1378 2885 sq.

1025 2896 1081 2932 (17)
1096 2896 1212 2925 Coteler.
1227 2896 1246 2924 1.
1265 2897 1273 2925 1
1300 2905 1328 2932 ρ.
1341 2895 1392 2924 573
1407 2896 1422 2932 ᾗ
1439 2895 1473 2924 111
1486 2905 1493 2929 ;
1511 2895 1582 2924 infra
1609 2899 1636 2926 in
1650 2897 1773 2934 Append.

988 2943 1007 2971 1.
1024 2942 1076 2971 sub
1089 2941 1121 2970 V.
