  <div class='ocr_page' id='page_1' title='image "/cluster/home/n/w/nwhite01/storage/ocr_20150623/34/njp.32101077772547/091.png"; bbox 0 0 2060 3153; ppageno 0'>
   <div class='ocr_carea' id='block_1_1' title="bbox 294 192 347 221">
    <p class='ocr_par' dir='ltr' id='par_1_1' title="bbox 294 192 347 221">
     <span class='ocr_line' id='line_1_1' title="bbox 294 192 347 221; baseline 0.019 -1"><span class='ocrx_word' id='word_1_1' title='bbox 294 192 347 221; x_wconf 76' lang='grc'>155</span> 
     </span>
    </p>
   </div>
   <div class='ocr_carea' id='block_1_2' title="bbox 715 189 1511 219">
    <p class='ocr_par' dir='ltr' id='par_1_2' title="bbox 715 189 1511 219">
     <span class='ocr_line' id='line_1_2' title="bbox 715 189 1511 219; baseline -0.004 0"><span class='ocrx_word' id='word_1_2' title='bbox 715 191 764 219; x_wconf 86' lang='lat' dir='ltr'>SS.</span> <span class='ocrx_word' id='word_1_3' title='bbox 781 190 1010 219; x_wconf 78' lang='lat' dir='ltr'>MACARIORUM</span> <span class='ocrx_word' id='word_1_4' title='bbox 1032 189 1195 218; x_wconf 74' lang='lat' dir='ltr'>AEGYPTIl</span> <span class='ocrx_word' id='word_1_5' title='bbox 1216 189 1259 217; x_wconf 86' lang='lat' dir='ltr'><strong>ET</strong></span> <span class='ocrx_word' id='word_1_6' title='bbox 1280 189 1511 217; x_wconf 80' lang='lat' dir='ltr'>ALEXANDRINI</span> 
     </span>
    </p>
   </div>
   <div class='ocr_carea' id='block_1_3' title="bbox 1865 192 1916 220">
    <p class='ocr_par' dir='ltr' id='par_1_3' title="bbox 1865 192 1916 220">
     <span class='ocr_line' id='line_1_3' title="bbox 1865 192 1916 220; baseline 0.02 -1"><span class='ocrx_word' id='word_1_7' title='bbox 1865 192 1916 220; x_wconf 64' lang='lat'>156</span> 
     </span>
    </p>
   </div>
   <div class='ocr_carea' id='block_1_4' title="bbox 292 235 1914 277">
    <p class='ocr_par' dir='ltr' id='par_1_4' title="bbox 292 235 1914 277">
     <span class='ocr_line' id='line_1_4' title="bbox 292 235 1914 277; baseline -0.001 -8"><span class='ocrx_word' id='word_1_8' title='bbox 292 239 435 270; x_wconf 79' lang='lat' dir='ltr'>solebant</span> <span class='ocrx_word' id='word_1_9' title='bbox 455 237 489 267; x_wconf 88' lang='lat' dir='ltr'>in</span> <span class='ocrx_word' id='word_1_10' title='bbox 508 236 640 268; x_wconf 82' lang='lat' dir='ltr'>ecclesia</span> <span class='ocrx_word' id='word_1_11' title='bbox 657 236 698 277; x_wconf 87' lang='grc'><strong>(1)</strong></span> <span class='ocrx_word' id='word_1_12' title='bbox 714 245 722 274; x_wconf 89' lang='lat'><strong><em>;</em></strong></span> <span class='ocrx_word' id='word_1_13' title='bbox 750 246 767 268; x_wconf 90' lang='lat' dir='ltr'>e</span> <span class='ocrx_word' id='word_1_14' title='bbox 793 246 928 277; x_wconf 90' lang='lat' dir='ltr'>quorum</span> <span class='ocrx_word' id='word_1_15' title='bbox 949 237 1081 268; x_wconf 76' lang='lat' dir='ltr'>fortasse</span> <span class='ocrx_word' id='word_1_16' title='bbox 1095 241 1119 269; x_wconf 74' lang='grc' dir='ltr'>Α</span> <span class='ocrx_word' id='word_1_17' title='bbox 1133 236 1387 275; x_wconf 83' lang='lat' dir='ltr'>cruciﬁgentibus</span> <span class='ocrx_word' id='word_1_18' title='bbox 1401 236 1556 267; x_wconf 82' lang='lat' dir='ltr'>Christum</span> <span class='ocrx_word' id='word_1_19' title='bbox 1568 235 1719 267; x_wconf 90' lang='lat' dir='ltr'>iudicium</span> <span class='ocrx_word' id='word_1_20' title='bbox 1730 243 1769 267; x_wconf 83' lang='lat' dir='ltr'>ex</span> <span class='ocrx_word' id='word_1_21' title='bbox 1778 237 1914 273; x_wconf 77' lang='lat' dir='ltr'>Apostnli</span> 
     </span>
    </p>
   </div>
   <div class='ocr_carea' id='block_1_5' title="bbox 293 286 1081 326">
    <p class='ocr_par' dir='ltr' id='par_1_5' title="bbox 293 286 1081 326">
     <span class='ocr_line' id='line_1_5' title="bbox 293 286 1081 326; baseline -0.001 -8"><span class='ocrx_word' id='word_1_22' title='bbox 293 296 426 319; x_wconf 86' lang='lat' dir='ltr'>numero</span> <span class='ocrx_word' id='word_1_23' title='bbox 436 287 488 318; x_wconf 89' lang='lat' dir='ltr'>ille</span> <span class='ocrx_word' id='word_1_24' title='bbox 497 286 593 317; x_wconf 79' lang='lat' dir='ltr'>frater</span> <span class='ocrx_word' id='word_1_25' title='bbox 602 286 670 324; x_wconf 77' lang='lat' dir='ltr'>fuit,</span> <span class='ocrx_word' id='word_1_26' title='bbox 686 295 781 326; x_wconf 87' lang='lat' dir='ltr'>quem</span> <span class='ocrx_word' id='word_1_27' title='bbox 791 287 942 318; x_wconf 82' lang='lat' dir='ltr'>Macarius</span> <span class='ocrx_word' id='word_1_28' title='bbox 953 287 1081 318; x_wconf 80' lang='lat' dir='ltr'>Alexan-</span> 
     </span>
    </p>
   </div>
   <div class='ocr_carea' id='block_1_6' title="bbox 293 336 1079 377">
    <p class='ocr_par' dir='ltr' id='par_1_6' title="bbox 293 336 1079 377">
     <span class='ocr_line' id='line_1_6' title="bbox 293 336 1079 377; baseline -0.003 -8"><span class='ocrx_word' id='word_1_29' title='bbox 293 338 401 369; x_wconf 90' lang='lat' dir='ltr'>drinus</span> <span class='ocrx_word' id='word_1_30' title='bbox 412 337 595 368; x_wconf 87' lang='lat' dir='ltr'>Cellularum</span> <span class='ocrx_word' id='word_1_31' title='bbox 607 338 771 377; x_wconf 80' lang='lat' dir='ltr'>presbyter</span> <span class='ocrx_word' id='word_1_32' title='bbox 783 341 830 368; x_wconf 91' lang='lat' dir='ltr'>tot</span> <span class='ocrx_word' id='word_1_33' title='bbox 839 346 964 369; x_wconf 87' lang='lat' dir='ltr'>menses</span> <span class='ocrx_word' id='word_1_34' title='bbox 973 336 1079 377; x_wconf 86' lang='lat' dir='ltr'>quoti-</span> 
     </span>
    </p>
   </div>
   <div class='ocr_carea' id='block_1_7' title="bbox 294 387 901 427">
    <p class='ocr_par' dir='ltr' id='par_1_7' title="bbox 294 387 901 427">
     <span class='ocr_line' id='line_1_7' title="bbox 294 387 901 427; baseline 0 -9"><span class='ocrx_word' id='word_1_35' title='bbox 294 388 345 419; x_wconf 98' lang='lat' dir='ltr'>die</span> <span class='ocrx_word' id='word_1_36' title='bbox 358 387 466 418; x_wconf 85' lang='lat' dir='ltr'>adiens</span> <span class='ocrx_word' id='word_1_37' title='bbox 481 396 605 427; x_wconf 87' lang='lat' dir='ltr'>semper</span> <span class='ocrx_word' id='word_1_38' title='bbox 620 391 761 418; x_wconf 82' lang='lat' dir='ltr'>orantem</span> <span class='ocrx_word' id='word_1_39' title='bbox 772 387 901 419; x_wconf 87' lang='lat' dir='ltr'>invenit.</span> 
     </span>
    </p>
   </div>
   <div class='ocr_carea' id='block_1_8' title="bbox 332 444 1080 488">
    <p class='ocr_par' dir='ltr' id='par_1_8' title="bbox 332 444 1080 488">
     <span class='ocr_line' id='line_1_8' title="bbox 332 444 1080 488; baseline 0 -10"><span class='ocrx_word' id='word_1_40' title='bbox 332 448 488 488; x_wconf 82' lang='lat' dir='ltr'>Expositis</span> <span class='ocrx_word' id='word_1_41' title='bbox 498 448 592 487; x_wconf 80' lang='lat' dir='ltr'>igitur</span> <span class='ocrx_word' id='word_1_42' title='bbox 602 448 651 486; x_wconf 89' lang='lat' dir='ltr'>iis,</span> <span class='ocrx_word' id='word_1_43' title='bbox 663 457 744 488; x_wconf 88' lang='lat' dir='ltr'>quae</span> <span class='ocrx_word' id='word_1_44' title='bbox 757 444 791 479; x_wconf 87' lang='lat' dir='ltr'>in</span> <span class='ocrx_word' id='word_1_45' title='bbox 801 447 1080 488; x_wconf 83' lang='lat' dir='ltr'>ApOphthegmatis</span> 
     </span>
    </p>
   </div>
   <div class='ocr_carea' id='block_1_9' title="bbox 292 497 1079 538">
    <p class='ocr_par' dir='ltr' id='par_1_9' title="bbox 292 497 1079 538">
     <span class='ocr_line' id='line_1_9' title="bbox 292 497 1079 538; baseline 0.001 -10"><span class='ocrx_word' id='word_1_46' title='bbox 292 497 355 529; x_wconf 86' lang='lat' dir='ltr'>illis</span> <span class='ocrx_word' id='word_1_47' title='bbox 373 497 412 529; x_wconf 92' lang='lat' dir='ltr'>de</span> <span class='ocrx_word' id='word_1_48' title='bbox 431 497 564 528; x_wconf 89' lang='lat' dir='ltr'>Macario</span> <span class='ocrx_word' id='word_1_49' title='bbox 583 498 794 529; x_wconf 73' lang='lat' dir='ltr'>Alexandrino</span> <span class='ocrx_word' id='word_1_50' title='bbox 815 498 1026 538; x_wconf 86' lang='lat' dir='ltr'>reperiuntur,</span> <span class='ocrx_word' id='word_1_51' title='bbox 1040 497 1079 528; x_wconf 90' lang='lat' dir='ltr'>ad</span> 
     </span>
    </p>
   </div>
   <div class='ocr_carea' id='block_1_10' title="bbox 291 547 1081 587">
    <p class='ocr_par' dir='ltr' id='par_1_10' title="bbox 291 547 1081 587">
     <span class='ocr_line' id='line_1_10' title="bbox 291 547 1081 587; baseline 0 -9"><span class='ocrx_word' id='word_1_52' title='bbox 291 547 502 587; x_wconf 72' lang='lat' dir='ltr'>appendicem</span> <span class='ocrx_word' id='word_1_53' title='bbox 511 547 816 587; x_wconf 83' lang='lat' dir='ltr'>Apophthegmatum</span> <span class='ocrx_word' id='word_1_54' title='bbox 824 547 972 579; x_wconf 85' lang='lat' dir='ltr'>ineditam</span> <span class='ocrx_word' id='word_1_55' title='bbox 981 551 1081 579; x_wconf 86' lang='lat' dir='ltr'>trans-</span> 
     </span>
    </p>
   </div>
   <div class='ocr_carea' id='block_1_11' title="bbox 293 598 470 629">
    <p class='ocr_par' dir='ltr' id='par_1_11' title="bbox 293 598 470 629">
     <span class='ocr_line' id='line_1_11' title="bbox 293 598 470 629; baseline 0 -1"><span class='ocrx_word' id='word_1_56' title='bbox 293 598 340 629; x_wconf 90' lang='lat' dir='ltr'>ire</span> <span class='ocrx_word' id='word_1_57' title='bbox 354 598 470 629; x_wconf 88' lang='lat' dir='ltr'>licebit.</span> 
     </span>
    </p>
   </div>
   <div class='ocr_carea' id='block_1_12' title="bbox 335 659 1080 700">
    <p class='ocr_par' dir='ltr' id='par_1_12' title="bbox 335 659 1080 700">
     <span class='ocr_line' id='line_1_12' title="bbox 335 659 1080 700; baseline 0.001 -11"><span class='ocrx_word' id='word_1_58' title='bbox 335 662 348 696; x_wconf 87' lang='lat'>§</span> <span class='ocrx_word' id='word_1_59' title='bbox 362 659 410 689; x_wconf 79' lang='grc'>40.</span> <span class='ocrx_word' id='word_1_60' title='bbox 426 661 548 691; x_wconf 78' lang='lat' dir='ltr'>Etenim</span> <span class='ocrx_word' id='word_1_61' title='bbox 558 661 590 691; x_wconf 91' lang='lat' dir='ltr'>in</span> <span class='ocrx_word' id='word_1_62' title='bbox 601 669 636 691; x_wconf 91' lang='lat' dir='ltr'>ea</span> <span class='ocrx_word' id='word_1_63' title='bbox 645 659 831 700; x_wconf 82' lang='lat' dir='ltr'>appendice,</span> <span class='ocrx_word' id='word_1_64' title='bbox 839 659 928 690; x_wconf 90' lang='lat' dir='ltr'>cuius</span> <span class='ocrx_word' id='word_1_65' title='bbox 939 659 1080 691; x_wconf 89' lang='lat' dir='ltr'>codicem</span> 
     </span>
    </p>
   </div>
   <div class='ocr_carea' id='block_1_13' title="bbox 294 709 1078 750">
    <p class='ocr_par' dir='ltr' id='par_1_13' title="bbox 294 709 1078 750">
     <span class='ocr_line' id='line_1_13' title="bbox 294 709 1078 750; baseline 0.001 -11"><span class='ocrx_word' id='word_1_66' title='bbox 294 709 328 739; x_wconf 88' lang='lat' dir='ltr'>in</span> <span class='ocrx_word' id='word_1_67' title='bbox 343 709 531 741; x_wconf 84' lang='lat' dir='ltr'>bibliotheca</span> <span class='ocrx_word' id='word_1_68' title='bbox 545 712 692 741; x_wconf 88' lang='lat' dir='ltr'>Caesarea</span> <span class='ocrx_word' id='word_1_69' title='bbox 703 710 940 741; x_wconf 89' lang='lat' dir='ltr'>Vindobonensi</span> <span class='ocrx_word' id='word_1_70' title='bbox 955 710 1015 741; x_wconf 90' lang='lat' dir='ltr'>adii</span> <span class='ocrx_word' id='word_1_71' title='bbox 1027 710 1078 750; x_wconf 78' lang='lat'>(2),</span> 
     </span>
    </p>
   </div>
   <div class='ocr_carea' id='block_1_14' title="bbox 294 759 1082 800">
    <p class='ocr_par' dir='ltr' id='par_1_14' title="bbox 294 759 1082 800">
     <span class='ocr_line' id='line_1_14' title="bbox 294 759 1082 800; baseline 0 -11"><span class='ocrx_word' id='word_1_72' title='bbox 294 763 358 789; x_wconf 89' lang='lat' dir='ltr'>tres</span> <span class='ocrx_word' id='word_1_73' title='bbox 372 759 517 791; x_wconf 83' lang='lat' dir='ltr'>historiae</span> <span class='ocrx_word' id='word_1_74' title='bbox 533 760 572 791; x_wconf 90' lang='lat' dir='ltr'>de</span> <span class='ocrx_word' id='word_1_75' title='bbox 592 760 726 791; x_wconf 87' lang='lat' dir='ltr'>Macario</span> <span class='ocrx_word' id='word_1_76' title='bbox 742 763 873 797; x_wconf 77' lang='lat' dir='ltr'>exstant,</span> <span class='ocrx_word' id='word_1_77' title='bbox 891 769 1023 800; x_wconf 89' lang='lat' dir='ltr'>quarum</span> <span class='ocrx_word' id='word_1_78' title='bbox 1035 759 1082 790; x_wconf 92' lang='lat' dir='ltr'>ul-</span> 
     </span>
    </p>
   </div>
   <div class='ocr_carea' id='block_1_15' title="bbox 294 807 1081 839">
    <p class='ocr_par' dir='ltr' id='par_1_15' title="bbox 294 807 1081 839">
     <span class='ocr_line' id='line_1_15' title="bbox 294 807 1081 839; baseline 0 -1"><span class='ocrx_word' id='word_1_79' title='bbox 294 808 401 838; x_wconf 89' lang='lat' dir='ltr'>timam</span> <span class='ocrx_word' id='word_1_80' title='bbox 418 808 456 838; x_wconf 92' lang='lat' dir='ltr'>de</span> <span class='ocrx_word' id='word_1_81' title='bbox 473 812 597 839; x_wconf 90' lang='lat' dir='ltr'>mortuo</span> <span class='ocrx_word' id='word_1_82' title='bbox 615 808 654 839; x_wconf 89' lang='lat' dir='ltr'>ad</span> <span class='ocrx_word' id='word_1_83' title='bbox 672 807 878 839; x_wconf 89' lang='lat' dir='ltr'>refellendum</span> <span class='ocrx_word' id='word_1_84' title='bbox 894 808 1081 838; x_wconf 82' lang='lat' dir='ltr'>Hieracitam</span> 
     </span>
    </p>
   </div>
   <div class='ocr_carea' id='block_1_16' title="bbox 296 857 1080 898">
    <p class='ocr_par' dir='ltr' id='par_1_16' title="bbox 296 857 1080 898">
     <span class='ocr_line' id='line_1_16' title="bbox 296 857 1080 898; baseline 0.003 -11"><span class='ocrx_word' id='word_1_85' title='bbox 296 857 487 889; x_wconf 88' lang='lat' dir='ltr'>haereticum</span> <span class='ocrx_word' id='word_1_86' title='bbox 510 867 527 889; x_wconf 93' lang='lat' dir='ltr'>a</span> <span class='ocrx_word' id='word_1_87' title='bbox 562 859 694 889; x_wconf 86' lang='lat' dir='ltr'>Macario</span> <span class='ocrx_word' id='word_1_88' title='bbox 723 859 877 898; x_wconf 81' lang='lat' dir='ltr'>Aegyptio</span> <span class='ocrx_word' id='word_1_89' title='bbox 898 859 1080 890; x_wconf 89' lang='lat' dir='ltr'>resuscitato</span> 
     </span>
    </p>
   </div>
   <div class='ocr_carea' id='block_1_17' title="bbox 241 907 1119 948">
    <p class='ocr_par' dir='ltr' id='par_1_17' title="bbox 241 907 1119 948">
     <span class='ocr_line' id='line_1_17' title="bbox 241 907 1119 948; baseline -0.001 -10"><span class='ocrx_word' id='word_1_90' title='bbox 241 908 242 913; x_wconf 74' lang='lat'>‘</span> <span class='ocrx_word' id='word_1_91' title='bbox 296 917 368 938; x_wconf 88' lang='lat' dir='ltr'>cum</span> <span class='ocrx_word' id='word_1_92' title='bbox 393 907 561 939; x_wconf 81' lang='lat' dir='ltr'>lectoribus</span> <span class='ocrx_word' id='word_1_93' title='bbox 592 908 889 939; x_wconf 87' lang='lat' dir='ltr'>communicavimus</span> <span class='ocrx_word' id='word_1_94' title='bbox 913 908 967 948; x_wconf 89' lang='lat'>(3).</span> <span class='ocrx_word' id='word_1_95' title='bbox 994 908 1081 939; x_wconf 84' lang='lat' dir='ltr'>Reli-</span> <span class='ocrx_word' id='word_1_96' title='bbox 1099 910 1119 937; x_wconf 84' lang='grc' dir='ltr'><strong><em>Β</em></strong></span> 
     </span>
    </p>
   </div>
   <div class='ocr_carea' id='block_1_18' title="bbox 296 958 1082 998">
    <p class='ocr_par' dir='ltr' id='par_1_18' title="bbox 296 958 1082 998">
     <span class='ocr_line' id='line_1_18' title="bbox 296 958 1082 998; baseline 0.001 -10"><span class='ocrx_word' id='word_1_97' title='bbox 296 967 388 997; x_wconf 86' lang='lat' dir='ltr'>quae,</span> <span class='ocrx_word' id='word_1_98' title='bbox 403 967 534 998; x_wconf 90' lang='lat' dir='ltr'>quarum</span> <span class='ocrx_word' id='word_1_99' title='bbox 553 967 614 990; x_wconf 85' lang='lat' dir='ltr'>una</span> <span class='ocrx_word' id='word_1_100' title='bbox 636 959 670 989; x_wconf 93' lang='lat' dir='ltr'>in</span> <span class='ocrx_word' id='word_1_101' title='bbox 688 959 806 990; x_wconf 89' lang='lat' dir='ltr'>codicis</span> <span class='ocrx_word' id='word_1_102' title='bbox 823 959 880 990; x_wconf 85' lang='lat' dir='ltr'>fol.</span> <span class='ocrx_word' id='word_1_103' title='bbox 901 958 968 996; x_wconf 79' lang='grc'>148,</span> <span class='ocrx_word' id='word_1_104' title='bbox 987 959 1082 990; x_wconf 88' lang='lat' dir='ltr'>altera</span> 
     </span>
    </p>
   </div>
   <div class='ocr_carea' id='block_1_19' title="bbox 296 1008 1082 1046">
    <p class='ocr_par' dir='ltr' id='par_1_19' title="bbox 296 1008 1082 1046">
     <span class='ocr_line' id='line_1_19' title="bbox 296 1008 1082 1046; baseline -0.001 -7"><span class='ocrx_word' id='word_1_105' title='bbox 296 1009 350 1039; x_wconf 87' lang='lat' dir='ltr'>fol.</span> <span class='ocrx_word' id='word_1_106' title='bbox 369 1008 435 1045; x_wconf 87' lang='lat'><strong>161,</strong></span> <span class='ocrx_word' id='word_1_107' title='bbox 453 1009 465 1040; x_wconf 93' lang='lat'>1</span> <span class='ocrx_word' id='word_1_108' title='bbox 485 1009 627 1046; x_wconf 87' lang='lat' dir='ltr'>habetur,</span> <span class='ocrx_word' id='word_1_109' title='bbox 647 1009 742 1039; x_wconf 84' lang='lat' dir='ltr'>latine</span> <span class='ocrx_word' id='word_1_110' title='bbox 758 1008 897 1039; x_wconf 78' lang='lat' dir='ltr'>redditae</span> <span class='ocrx_word' id='word_1_111' title='bbox 912 1008 971 1039; x_wconf 86' lang='lat' dir='ltr'>hac</span> <span class='ocrx_word' id='word_1_112' title='bbox 986 1012 1059 1039; x_wconf 89' lang='lat' dir='ltr'>sunt</span> <span class='ocrx_word' id='word_1_113' title='bbox 1075 1018 1082 1038; x_wconf 88' lang='lat'><strong>:</strong></span> 
     </span>
    </p>
   </div>
   <div class='ocr_carea' id='block_1_20' title="bbox 338 1057 1086 1093">
    <p class='ocr_par' dir='ltr' id='par_1_20' title="bbox 338 1057 1086 1093">
     <span class='ocr_line' id='line_1_20' title="bbox 338 1057 1086 1093; baseline -0.001 -6"><span class='ocrx_word' id='word_1_114' title='bbox 338 1070 351 1087; x_wconf 68' lang='grc' dir='ltr'>τ(</span> <span class='ocrx_word' id='word_1_115' title='bbox 365 1059 446 1089; x_wconf 81' lang='lat' dir='ltr'>Dixit</span> <span class='ocrx_word' id='word_1_116' title='bbox 461 1058 611 1089; x_wconf 83' lang='lat' dir='ltr'>Macarius</span> <span class='ocrx_word' id='word_1_117' title='bbox 629 1058 725 1089; x_wconf 85' lang='lat' dir='ltr'>abbas</span> <span class='ocrx_word' id='word_1_118' title='bbox 742 1066 748 1087; x_wconf 90' lang='lat'><strong>:</strong></span> <span class='ocrx_word' id='word_1_119' title='bbox 768 1057 846 1093; x_wconf 86' lang='lat' dir='ltr'>Quid</span> <span class='ocrx_word' id='word_1_120' title='bbox 861 1057 981 1088; x_wconf 85' lang='lat' dir='ltr'>iudicas</span> <span class='ocrx_word' id='word_1_121' title='bbox 991 1057 1086 1087; x_wconf 89' lang='lat' dir='ltr'>inter-</span> 
     </span>
    </p>
   </div>
   <div class='ocr_carea' id='block_1_21' title="bbox 296 1105 1086 1146">
    <p class='ocr_par' dir='ltr' id='par_1_21' title="bbox 296 1105 1086 1146">
     <span class='ocr_line' id='line_1_21' title="bbox 296 1105 1086 1146; baseline -0.003 -8"><span class='ocrx_word' id='word_1_122' title='bbox 296 1108 432 1139; x_wconf 82' lang='lat' dir='ltr'>fectores</span> <span class='ocrx_word' id='word_1_123' title='bbox 450 1111 480 1138; x_wconf 90' lang='lat' dir='ltr'>et</span> <span class='ocrx_word' id='word_1_124' title='bbox 496 1107 655 1138; x_wconf 88' lang='lat' dir='ltr'>adulteros</span> <span class='ocrx_word' id='word_1_125' title='bbox 671 1109 701 1137; x_wconf 89' lang='lat' dir='ltr'>et</span> <span class='ocrx_word' id='word_1_126' title='bbox 712 1105 953 1146; x_wconf 88' lang='lat' dir='ltr'>sepulchrorum</span> <span class='ocrx_word' id='word_1_127' title='bbox 968 1105 1086 1146; x_wconf 90' lang='lat' dir='ltr'>depila-</span> 
     </span>
    </p>
   </div>
   <div class='ocr_carea' id='block_1_22' title="bbox 295 1154 1086 1196">
    <p class='ocr_par' dir='ltr' id='par_1_22' title="bbox 295 1154 1086 1196">
     <span class='ocr_line' id='line_1_22' title="bbox 295 1154 1086 1196; baseline -0.004 -8"><span class='ocrx_word' id='word_1_128' title='bbox 295 1159 392 1194; x_wconf 82' lang='lat' dir='ltr'>tore&#39;s,</span> <span class='ocrx_word' id='word_1_129' title='bbox 405 1160 434 1188; x_wconf 93' lang='lat' dir='ltr'>et</span> <span class='ocrx_word' id='word_1_130' title='bbox 443 1157 470 1188; x_wconf 90' lang='lat' dir='ltr'>si</span> <span class='ocrx_word' id='word_1_131' title='bbox 484 1157 555 1196; x_wconf 86' lang='lat' dir='ltr'>quis</span> <span class='ocrx_word' id='word_1_132' title='bbox 568 1156 647 1187; x_wconf 90' lang='lat' dir='ltr'>alius</span> <span class='ocrx_word' id='word_1_133' title='bbox 662 1156 817 1187; x_wconf 90' lang='lat' dir='ltr'>eiusmodi</span> <span class='ocrx_word' id='word_1_134' title='bbox 840 1155 917 1195; x_wconf 90' lang='lat' dir='ltr'>legis</span> <span class='ocrx_word' id='word_1_135' title='bbox 932 1154 1086 1186; x_wconf 78' lang='lat' dir='ltr'>violator?</span> 
     </span>
    </p>
   </div>
   <div class='ocr_carea' id='block_1_23' title="bbox 296 1206 1086 1246">
    <p class='ocr_par' dir='ltr' id='par_1_23' title="bbox 296 1206 1086 1246">
     <span class='ocr_line' id='line_1_23' title="bbox 296 1206 1086 1246; baseline -0.003 -8"><span class='ocrx_word' id='word_1_136' title='bbox 296 1208 419 1238; x_wconf 80' lang='lat' dir='ltr'>Habent</span> <span class='ocrx_word' id='word_1_137' title='bbox 442 1207 579 1238; x_wconf 87' lang='lat' dir='ltr'>iudicem</span> <span class='ocrx_word' id='word_1_138' title='bbox 606 1215 707 1237; x_wconf 91' lang='lat' dir='ltr'>suum.</span> <span class='ocrx_word' id='word_1_139' title='bbox 745 1207 845 1236; x_wconf 91' lang='lat' dir='ltr'>Immo</span> <span class='ocrx_word' id='word_1_140' title='bbox 868 1206 993 1246; x_wconf 87' lang='lat' dir='ltr'>inquire</span> <span class='ocrx_word' id='word_1_141' title='bbox 1020 1214 1086 1237; x_wconf 87' lang='lat' dir='ltr'>non</span> 
     </span>
    </p>
   </div>
   <div class='ocr_carea' id='block_1_24' title="bbox 295 1255 1086 1293">
    <p class='ocr_par' dir='ltr' id='par_1_24' title="bbox 295 1255 1086 1293">
     <span class='ocr_line' id='line_1_24' title="bbox 295 1255 1086 1293; baseline -0.003 -5"><span class='ocrx_word' id='word_1_142' title='bbox 295 1257 391 1288; x_wconf 89' lang='lat' dir='ltr'>modo</span> <span class='ocrx_word' id='word_1_143' title='bbox 406 1258 439 1287; x_wconf 95' lang='lat' dir='ltr'>in</span> <span class='ocrx_word' id='word_1_144' title='bbox 453 1257 553 1288; x_wconf 90' lang='lat' dir='ltr'>aliena</span> <span class='ocrx_word' id='word_1_145' title='bbox 576 1256 726 1293; x_wconf 88' lang='lat' dir='ltr'>facinora,</span> <span class='ocrx_word' id='word_1_146' title='bbox 743 1256 798 1287; x_wconf 90' lang='lat' dir='ltr'>sed</span> <span class='ocrx_word' id='word_1_147' title='bbox 816 1256 909 1287; x_wconf 89' lang='lat' dir='ltr'>etiam</span> <span class='ocrx_word' id='word_1_148' title='bbox 925 1256 959 1286; x_wconf 89' lang='lat' dir='ltr'>in</span> <span class='ocrx_word' id='word_1_149' title='bbox 974 1255 1086 1287; x_wconf 85' lang='lat' dir='ltr'>delicta</span> 
     </span>
    </p>
   </div>
   <div class='ocr_carea' id='block_1_25' title="bbox 296 1306 1087 1346">
    <p class='ocr_par' dir='ltr' id='par_1_25' title="bbox 296 1306 1087 1346">
     <span class='ocr_line' id='line_1_25' title="bbox 296 1306 1087 1346; baseline -0.001 -9"><span class='ocrx_word' id='word_1_150' title='bbox 296 1310 350 1337; x_wconf 88' lang='lat' dir='ltr'>tua</span> <span class='ocrx_word' id='word_1_151' title='bbox 362 1315 456 1346; x_wconf 87' lang='lat' dir='ltr'>saepe</span> <span class='ocrx_word' id='word_1_152' title='bbox 471 1306 707 1346; x_wconf 88' lang='lat' dir='ltr'>praemeditata,</span> <span class='ocrx_word' id='word_1_153' title='bbox 724 1309 754 1336; x_wconf 93' lang='lat' dir='ltr'>et</span> <span class='ocrx_word' id='word_1_154' title='bbox 766 1309 797 1336; x_wconf 90' lang='lat' dir='ltr'>te</span> <span class='ocrx_word' id='word_1_155' title='bbox 816 1306 919 1345; x_wconf 89' lang='lat' dir='ltr'>ipsum</span> <span class='ocrx_word' id='word_1_156' title='bbox 934 1314 1087 1345; x_wconf 87' lang='lat' dir='ltr'>saepenu—</span> 
     </span>
    </p>
   </div>
   <div class='ocr_carea' id='block_1_26' title="bbox 297 1355 1085 1395">
    <p class='ocr_par' dir='ltr' id='par_1_26' title="bbox 297 1355 1085 1395">
     <span class='ocr_line' id='line_1_26' title="bbox 297 1355 1085 1395; baseline 0 -9"><span class='ocrx_word' id='word_1_157' title='bbox 297 1364 385 1387; x_wconf 88' lang='lat' dir='ltr'>mero</span> <span class='ocrx_word' id='word_1_158' title='bbox 399 1356 540 1386; x_wconf 86' lang='lat' dir='ltr'>invenies</span> <span class='ocrx_word' id='word_1_159' title='bbox 555 1355 617 1386; x_wconf 88' lang='lat' dir='ltr'>illis</span> <span class='ocrx_word' id='word_1_160' title='bbox 639 1355 791 1395; x_wconf 86' lang='lat' dir='ltr'>peiorem.</span> <span class='ocrx_word' id='word_1_161' title='bbox 818 1356 894 1386; x_wconf 91' lang='lat' dir='ltr'>Nam</span> <span class='ocrx_word' id='word_1_162' title='bbox 909 1359 943 1386; x_wconf 92' lang='lat' dir='ltr'>tu</span> <span class='ocrx_word' id='word_1_163' title='bbox 958 1364 1085 1395; x_wconf 87' lang='lat' dir='ltr'>quoque</span> 
     </span>
    </p>
   </div>
   <div class='ocr_carea' id='block_1_27' title="bbox 297 1406 1086 1446">
    <p class='ocr_par' dir='ltr' id='par_1_27' title="bbox 297 1406 1086 1446">
     <span class='ocr_line' id='line_1_27' title="bbox 297 1406 1086 1446; baseline 0.001 -10"><span class='ocrx_word' id='word_1_164' title='bbox 297 1406 421 1437; x_wconf 89' lang='lat' dir='ltr'>lascivis</span> <span class='ocrx_word' id='word_1_165' title='bbox 445 1406 544 1437; x_wconf 87' lang='lat' dir='ltr'>oculis</span> <span class='ocrx_word' id='word_1_166' title='bbox 570 1414 636 1436; x_wconf 91' lang='lat' dir='ltr'>non</span> <span class='ocrx_word' id='word_1_167' title='bbox 664 1414 734 1436; x_wconf 86' lang='lat' dir='ltr'>raro</span> <span class='ocrx_word' id='word_1_168' title='bbox 759 1406 1026 1446; x_wconf 78' lang='lat' dir='ltr'>circumspexisti;</span> <span class='ocrx_word' id='word_1_169' title='bbox 1053 1406 1086 1437; x_wconf 88' lang='lat' dir='ltr'>id</span> 
     </span>
    </p>
   </div>
   <div class='ocr_carea' id='block_1_28' title="bbox 301 1456 1085 1497">
    <p class='ocr_par' dir='ltr' id='par_1_28' title="bbox 301 1456 1085 1497">
     <span class='ocr_line' id='line_1_28' title="bbox 301 1456 1085 1497; baseline 0 -9"><span class='ocrx_word' id='word_1_170' title='bbox 301 1457 400 1497; x_wconf 89' lang='lat' dir='ltr'>quod,</span> <span class='ocrx_word' id='word_1_171' title='bbox 414 1460 450 1487; x_wconf 93' lang='lat' dir='ltr'>ut</span> <span class='ocrx_word' id='word_1_172' title='bbox 460 1457 528 1496; x_wconf 86' lang='lat' dir='ltr'>ipse</span> <span class='ocrx_word' id='word_1_173' title='bbox 551 1456 624 1493; x_wconf 86' lang='lat' dir='ltr'>scis,</span> <span class='ocrx_word' id='word_1_174' title='bbox 636 1464 745 1487; x_wconf 91' lang='lat' dir='ltr'>verum</span> <span class='ocrx_word' id='word_1_175' title='bbox 756 1457 818 1487; x_wconf 88' lang='lat' dir='ltr'>iam</span> <span class='ocrx_word' id='word_1_176' title='bbox 832 1460 877 1487; x_wconf 90' lang='lat' dir='ltr'>est</span> <span class='ocrx_word' id='word_1_177' title='bbox 887 1457 1085 1488; x_wconf 89' lang='lat' dir='ltr'>adulterium.</span> 
     </span>
    </p>
   </div>
   <div class='ocr_carea' id='block_1_29' title="bbox 297 1507 1086 1548">
    <p class='ocr_par' dir='ltr' id='par_1_29' title="bbox 297 1507 1086 1548">
     <span class='ocr_line' id='line_1_29' title="bbox 297 1507 1086 1548; baseline 0.001 -11"><span class='ocrx_word' id='word_1_178' title='bbox 297 1509 398 1547; x_wconf 85' lang='lat' dir='ltr'>Saepe</span> <span class='ocrx_word' id='word_1_179' title='bbox 424 1508 518 1538; x_wconf 89' lang='lat' dir='ltr'>etiam</span> <span class='ocrx_word' id='word_1_180' title='bbox 552 1507 639 1538; x_wconf 82' lang='lat' dir='ltr'>fratri</span> <span class='ocrx_word' id='word_1_181' title='bbox 670 1511 725 1538; x_wconf 92' lang='lat' dir='ltr'>tuo</span> <span class='ocrx_word' id='word_1_182' title='bbox 753 1507 951 1545; x_wconf 77' lang='lat' dir='ltr'>maledixisti,</span> <span class='ocrx_word' id='word_1_183' title='bbox 981 1516 1086 1548; x_wconf 91' lang='lat' dir='ltr'>neque</span> 
     </span>
    </p>
   </div>
   <div class='ocr_carea' id='block_1_30' title="bbox 297 1557 1083 1601">
    <p class='ocr_par' dir='ltr' id='par_1_30' title="bbox 297 1557 1083 1601">
     <span class='ocr_line' id='line_1_30' title="bbox 297 1557 1083 1601; baseline 0.001 -13"><span class='ocrx_word' id='word_1_184' title='bbox 297 1558 436 1597; x_wconf 81' lang='lat' dir='ltr'>ignoras,</span> <span class='ocrx_word' id='word_1_185' title='bbox 448 1557 507 1601; x_wconf 72' lang='lat' dir='ltr'>hac</span> <span class='ocrx_word' id='word_1_186' title='bbox 520 1557 559 1588; x_wconf 92' lang='lat' dir='ltr'>de</span> <span class='ocrx_word' id='word_1_187' title='bbox 571 1565 604 1587; x_wconf 91' lang='lat' dir='ltr'>re</span> <span class='ocrx_word' id='word_1_188' title='bbox 614 1557 782 1587; x_wconf 89' lang='lat' dir='ltr'>Dominum</span> <span class='ocrx_word' id='word_1_189' title='bbox 797 1557 963 1595; x_wconf 90' lang='lat' dir='ltr'>revelasse,</span> <span class='ocrx_word' id='word_1_190' title='bbox 975 1557 1083 1589; x_wconf 90' lang='lat' dir='ltr'>dicen-</span> 
     </span>
    </p>
   </div>
   <div class='ocr_carea' id='block_1_31' title="bbox 298 1608 1082 1648">
    <p class='ocr_par' dir='ltr' id='par_1_31' title="bbox 298 1608 1082 1648">
     <span class='ocr_line' id='line_1_31' title="bbox 298 1608 1082 1648; baseline -0.001 -9"><span class='ocrx_word' id='word_1_191' title='bbox 298 1613 362 1640; x_wconf 87' lang='lat' dir='ltr'>tem</span> <span class='ocrx_word' id='word_1_192' title='bbox 389 1617 547 1648; x_wconf 86' lang='lat' dir='ltr'>quemque</span> <span class='ocrx_word' id='word_1_193' title='bbox 576 1608 615 1638; x_wconf 92' lang='lat' dir='ltr'>ad</span> <span class='ocrx_word' id='word_1_194' title='bbox 647 1608 775 1639; x_wconf 88' lang='lat' dir='ltr'>fratrem</span> <span class='ocrx_word' id='word_1_195' title='bbox 801 1617 892 1640; x_wconf 85' lang='lat' dir='ltr'>suum</span> <span class='ocrx_word' id='word_1_196' title='bbox 918 1620 932 1636; x_wconf 69' lang='grc' dir='ltr'><strong><em>α</em></strong></span> <span class='ocrx_word' id='word_1_197' title='bbox 958 1608 1082 1647; x_wconf 76' lang='lat' dir='ltr'>fatue,»</span> 
     </span>
    </p>
   </div>
   <div class='ocr_carea' id='block_1_32' title="bbox 298 1657 1086 1697">
    <p class='ocr_par' dir='ltr' id='par_1_32' title="bbox 298 1657 1086 1697">
     <span class='ocr_line' id='line_1_32' title="bbox 298 1657 1086 1697; baseline 0 -9"><span class='ocrx_word' id='word_1_198' title='bbox 298 1666 388 1689; x_wconf 88' lang='lat' dir='ltr'>reum</span> <span class='ocrx_word' id='word_1_199' title='bbox 407 1666 476 1688; x_wconf 85' lang='lat' dir='ltr'>esse</span> <span class='ocrx_word' id='word_1_200' title='bbox 496 1657 660 1696; x_wconf 83' lang='lat' dir='ltr'>gehennae</span> <span class='ocrx_word' id='word_1_201' title='bbox 675 1657 766 1696; x_wconf 83' lang='lat' dir='ltr'>ignis.</span> <span class='ocrx_word' id='word_1_202' title='bbox 785 1659 896 1697; x_wconf 83' lang='lat' dir='ltr'>Atque,</span> <span class='ocrx_word' id='word_1_203' title='bbox 915 1657 1000 1697; x_wconf 89' lang='lat' dir='ltr'>quod</span> <span class='ocrx_word' id='word_1_204' title='bbox 1020 1666 1086 1688; x_wconf 91' lang='lat' dir='ltr'>om-</span> 
     </span>
    </p>
   </div>
   <div class='ocr_carea' id='block_1_33' title="bbox 298 1706 1085 1746">
    <p class='ocr_par' dir='ltr' id='par_1_33' title="bbox 298 1706 1085 1746">
     <span class='ocr_line' id='line_1_33' title="bbox 298 1706 1085 1746; baseline 0 -8"><span class='ocrx_word' id='word_1_205' title='bbox 298 1708 386 1738; x_wconf 87' lang='lat' dir='ltr'>nium</span> <span class='ocrx_word' id='word_1_206' title='bbox 402 1707 630 1738; x_wconf 86' lang='lat' dir='ltr'>atrocissimum</span> <span class='ocrx_word' id='word_1_207' title='bbox 649 1710 706 1744; x_wconf 90' lang='lat' dir='ltr'>est,</span> <span class='ocrx_word' id='word_1_208' title='bbox 726 1707 775 1737; x_wconf 92' lang='lat' dir='ltr'>vel</span> <span class='ocrx_word' id='word_1_209' title='bbox 792 1707 941 1746; x_wconf 84' lang='lat' dir='ltr'>indignus</span> <span class='ocrx_word' id='word_1_210' title='bbox 954 1706 1085 1738; x_wconf 85' lang='lat' dir='ltr'>fortasse</span> 
     </span>
    </p>
   </div>
   <div class='ocr_carea' id='block_1_34' title="bbox 298 1756 1083 1796">
    <p class='ocr_par' dir='ltr' id='par_1_34' title="bbox 298 1756 1083 1796">
     <span class='ocr_line' id='line_1_34' title="bbox 298 1756 1083 1796; baseline -0.003 -7"><span class='ocrx_word' id='word_1_211' title='bbox 298 1758 338 1789; x_wconf 91' lang='lat' dir='ltr'>ad</span> <span class='ocrx_word' id='word_1_212' title='bbox 352 1760 458 1789; x_wconf 89' lang='lat' dir='ltr'>sancta</span> <span class='ocrx_word' id='word_1_213' title='bbox 471 1761 502 1788; x_wconf 89' lang='lat' dir='ltr'>et</span> <span class='ocrx_word' id='word_1_214' title='bbox 515 1757 699 1788; x_wconf 88' lang='lat' dir='ltr'>intemerata</span> <span class='ocrx_word' id='word_1_215' title='bbox 710 1757 777 1787; x_wconf 92' lang='lat' dir='ltr'>eius</span> <span class='ocrx_word' id='word_1_216' title='bbox 788 1757 935 1796; x_wconf 80' lang='lat' dir='ltr'>mysteria</span> <span class='ocrx_word' id='word_1_217' title='bbox 948 1756 1083 1794; x_wconf 89' lang='lat' dir='ltr'>accedis,</span> 
     </span>
    </p>
   </div>
   <div class='ocr_carea' id='block_1_35' title="bbox 297 1806 1082 1846">
    <p class='ocr_par' dir='ltr' id='par_1_35' title="bbox 297 1806 1082 1846">
     <span class='ocr_line' id='line_1_35' title="bbox 297 1806 1082 1846; baseline -0.001 -8"><span class='ocrx_word' id='word_1_218' title='bbox 297 1808 340 1839; x_wconf 90' lang='lat' dir='ltr'>ita</span> <span class='ocrx_word' id='word_1_219' title='bbox 360 1810 396 1838; x_wconf 88' lang='lat' dir='ltr'>ut</span> <span class='ocrx_word' id='word_1_220' title='bbox 418 1816 490 1838; x_wconf 90' lang='lat' dir='ltr'>reus</span> <span class='ocrx_word' id='word_1_221' title='bbox 511 1807 567 1838; x_wconf 84' lang='lat' dir='ltr'>ﬁas</span> <span class='ocrx_word' id='word_1_222' title='bbox 588 1807 729 1846; x_wconf 90' lang='lat' dir='ltr'>corporis</span> <span class='ocrx_word' id='word_1_223' title='bbox 739 1810 769 1837; x_wconf 87' lang='lat' dir='ltr'>ct</span> <span class='ocrx_word' id='word_1_224' title='bbox 787 1806 948 1846; x_wconf 80' lang='lat' dir='ltr'>sanguinis</span> <span class='ocrx_word' id='word_1_225' title='bbox 961 1806 1082 1837; x_wconf 84' lang='lat' dir='ltr'>Christi.</span> 
     </span>
    </p>
   </div>
   <div class='ocr_carea' id='block_1_36' title="bbox 298 1857 1084 1898">
    <p class='ocr_par' dir='ltr' id='par_1_36' title="bbox 298 1857 1084 1898">
     <span class='ocr_line' id='line_1_36' title="bbox 298 1857 1084 1898; baseline -0.003 -9"><span class='ocrx_word' id='word_1_226' title='bbox 298 1858 354 1890; x_wconf 90' lang='lat' dir='ltr'>Ille</span> <span class='ocrx_word' id='word_1_227' title='bbox 379 1859 483 1897; x_wconf 79' lang='lat' dir='ltr'>igitur,</span> <span class='ocrx_word' id='word_1_228' title='bbox 504 1867 598 1898; x_wconf 89' lang='lat' dir='ltr'>quem</span> <span class='ocrx_word' id='word_1_229' title='bbox 625 1857 757 1894; x_wconf 87' lang='lat' dir='ltr'>iudicas,</span> <span class='ocrx_word' id='word_1_230' title='bbox 778 1866 899 1888; x_wconf 89' lang='lat' dir='ltr'>merum</span> <span class='ocrx_word' id='word_1_231' title='bbox 922 1857 1084 1888; x_wconf 90' lang='lat' dir='ltr'>hominem</span> 
     </span>
    </p>
   </div>
   <div class='ocr_carea' id='block_1_37' title="bbox 299 1907 1084 1949">
    <p class='ocr_par' dir='ltr' id='par_1_37' title="bbox 299 1907 1084 1949">
     <span class='ocr_line' id='line_1_37' title="bbox 299 1907 1084 1949; baseline -0.003 -9"><span class='ocrx_word' id='word_1_232' title='bbox 299 1909 450 1940; x_wconf 88' lang='lat' dir='ltr'>occidisse</span> <span class='ocrx_word' id='word_1_233' title='bbox 470 1908 734 1949; x_wconf 87' lang='lat' dir='ltr'>deprehenditur;</span> <span class='ocrx_word' id='word_1_234' title='bbox 756 1911 791 1939; x_wconf 92' lang='lat' dir='ltr'>tu</span> <span class='ocrx_word' id='word_1_235' title='bbox 814 1917 888 1939; x_wconf 87' lang='lat' dir='ltr'>vero</span> <span class='ocrx_word' id='word_1_236' title='bbox 903 1907 1084 1948; x_wconf 84' lang='lat' dir='ltr'>deprehen-</span> 
     </span>
    </p>
   </div>
   <div class='ocr_carea' id='block_1_38' title="bbox 298 1958 1084 1999">
    <p class='ocr_par' dir='ltr' id='par_1_38' title="bbox 298 1958 1084 1999">
     <span class='ocr_line' id='line_1_38' title="bbox 298 1958 1084 1999; baseline -0.003 -9"><span class='ocrx_word' id='word_1_237' title='bbox 298 1960 382 1991; x_wconf 86' lang='lat' dir='ltr'>deris</span> <span class='ocrx_word' id='word_1_238' title='bbox 393 1959 545 1990; x_wconf 87' lang='lat' dir='ltr'>Christum</span> <span class='ocrx_word' id='word_1_239' title='bbox 557 1959 660 1999; x_wconf 91' lang='lat' dir='ltr'>ipsum</span> <span class='ocrx_word' id='word_1_240' title='bbox 672 1958 819 1990; x_wconf 91' lang='lat' dir='ltr'>occidens</span> <span class='ocrx_word' id='word_1_241' title='bbox 828 1958 1001 1997; x_wconf 86' lang='lat' dir='ltr'>mortisque</span> <span class='ocrx_word' id='word_1_242' title='bbox 1017 1958 1084 1989; x_wconf 90' lang='lat' dir='ltr'>eius</span> 
     </span>
    </p>
   </div>
   <div class='ocr_carea' id='block_1_39' title="bbox 299 2008 1085 2050">
    <p class='ocr_par' dir='ltr' id='par_1_39' title="bbox 299 2008 1085 2050">
     <span class='ocr_line' id='line_1_39' title="bbox 299 2008 1085 2050; baseline -0.003 -10"><span class='ocrx_word' id='word_1_243' title='bbox 299 2019 383 2047; x_wconf 89' lang='lat' dir='ltr'>reus,</span> <span class='ocrx_word' id='word_1_244' title='bbox 405 2019 503 2050; x_wconf 89' lang='lat' dir='ltr'>quum</span> <span class='ocrx_word' id='word_1_245' title='bbox 516 2009 664 2048; x_wconf 82' lang='lat' dir='ltr'>indignus</span> <span class='ocrx_word' id='word_1_246' title='bbox 684 2008 853 2048; x_wconf 84' lang='lat' dir='ltr'>participes</span> <span class='ocrx_word' id='word_1_247' title='bbox 865 2008 1085 2039; x_wconf 88' lang='lat' dir='ltr'>intemeratum</span> 
     </span>
    </p>
   </div>
   <div class='ocr_carea' id='block_1_40' title="bbox 299 2057 1082 2099">
    <p class='ocr_par' dir='ltr' id='par_1_40' title="bbox 299 2057 1082 2099">
     <span class='ocr_line' id='line_1_40' title="bbox 299 2057 1082 2099; baseline -0.003 -9"><span class='ocrx_word' id='word_1_248' title='bbox 299 2068 414 2099; x_wconf 88' lang='lat' dir='ltr'>corpus</span> <span class='ocrx_word' id='word_1_249' title='bbox 430 2062 460 2090; x_wconf 90' lang='lat' dir='ltr'>et</span> <span class='ocrx_word' id='word_1_250' title='bbox 478 2060 674 2098; x_wconf 86' lang='lat' dir='ltr'>sanguinem.</span> <span class='ocrx_word' id='word_1_251' title='bbox 700 2058 789 2097; x_wconf 86' lang='lat' dir='ltr'>Legis</span> <span class='ocrx_word' id='word_1_252' title='bbox 808 2058 890 2089; x_wconf 89' lang='lat' dir='ltr'>enim</span> <span class='ocrx_word' id='word_1_253' title='bbox 905 2066 911 2087; x_wconf 93' lang='lat'>:</span> <span class='ocrx_word' id='word_1_254' title='bbox 927 2058 985 2094; x_wconf 86' lang='lat' dir='ltr'>Qui</span> <span class='ocrx_word' id='word_1_255' title='bbox 1000 2057 1082 2088; x_wconf 90' lang='lat' dir='ltr'>indi-</span> 
     </span>
    </p>
   </div>
   <div class='ocr_carea' id='block_1_41' title="bbox 299 2107 1086 2149">
    <p class='ocr_par' dir='ltr' id='par_1_41' title="bbox 299 2107 1086 2149">
     <span class='ocr_line' id='line_1_41' title="bbox 299 2107 1086 2149; baseline -0.001 -10"><span class='ocrx_word' id='word_1_256' title='bbox 299 2118 360 2149; x_wconf 85' lang='lat' dir='ltr'>gne</span> <span class='ocrx_word' id='word_1_257' title='bbox 388 2110 554 2140; x_wconf 89' lang='lat' dir='ltr'>manducat</span> <span class='ocrx_word' id='word_1_258' title='bbox 576 2112 606 2140; x_wconf 89' lang='lat' dir='ltr'>et</span> <span class='ocrx_word' id='word_1_259' title='bbox 622 2108 710 2145; x_wconf 90' lang='lat' dir='ltr'>bibit,</span> <span class='ocrx_word' id='word_1_260' title='bbox 729 2116 801 2138; x_wconf 92' lang='lat' dir='ltr'>reus</span> <span class='ocrx_word' id='word_1_261' title='bbox 820 2110 867 2138; x_wconf 89' lang='lat' dir='ltr'>est</span> <span class='ocrx_word' id='word_1_262' title='bbox 889 2107 1029 2147; x_wconf 89' lang='lat' dir='ltr'>corporis</span> <span class='ocrx_word' id='word_1_263' title='bbox 1055 2110 1086 2138; x_wconf 87' lang='lat' dir='ltr'>et</span> 
     </span>
    </p>
   </div>
   <div class='ocr_carea' id='block_1_42' title="bbox 299 2157 1085 2197">
    <p class='ocr_par' dir='ltr' id='par_1_42' title="bbox 299 2157 1085 2197">
     <span class='ocr_line' id='line_1_42' title="bbox 299 2157 1085 2197; baseline -0.001 -8"><span class='ocrx_word' id='word_1_264' title='bbox 299 2159 459 2197; x_wconf 84' lang='lat' dir='ltr'>sanguinis</span> <span class='ocrx_word' id='word_1_265' title='bbox 477 2158 588 2189; x_wconf 89' lang='lat' dir='ltr'>Christi</span> <span class='ocrx_word' id='word_1_266' title='bbox 615 2162 646 2189; x_wconf 88' lang='lat' dir='ltr'>et</span> <span class='ocrx_word' id='word_1_267' title='bbox 664 2158 816 2188; x_wconf 82' lang='lat' dir='ltr'>iudicium</span> <span class='ocrx_word' id='word_1_268' title='bbox 839 2157 898 2188; x_wconf 90' lang='lat' dir='ltr'>sibi</span> <span class='ocrx_word' id='word_1_269' title='bbox 919 2157 1085 2188; x_wconf 89' lang='lat' dir='ltr'>manducat</span> 
     </span>
    </p>
   </div>
   <div class='ocr_carea' id='block_1_43' title="bbox 299 2206 1085 2243">
    <p class='ocr_par' dir='ltr' id='par_1_43' title="bbox 299 2206 1085 2243">
     <span class='ocr_line' id='line_1_43' title="bbox 299 2206 1085 2243; baseline 0 -6"><span class='ocrx_word' id='word_1_270' title='bbox 299 2209 330 2237; x_wconf 89' lang='lat' dir='ltr'>et</span> <span class='ocrx_word' id='word_1_271' title='bbox 348 2206 442 2243; x_wconf 82' lang='lat' dir='ltr'>bibit;</span> <span class='ocrx_word' id='word_1_272' title='bbox 458 2206 518 2237; x_wconf 91' lang='lat' dir='ltr'>hoc</span> <span class='ocrx_word' id='word_1_273' title='bbox 534 2210 580 2237; x_wconf 87' lang='lat' dir='ltr'>est</span> <span class='ocrx_word' id='word_1_274' title='bbox 594 2216 600 2236; x_wconf 92' lang='lat'>:</span> <span class='ocrx_word' id='word_1_275' title='bbox 619 2207 704 2237; x_wconf 90' lang='lat' dir='ltr'>Sicut</span> <span class='ocrx_word' id='word_1_276' title='bbox 721 2206 829 2237; x_wconf 90' lang='lat' dir='ltr'>Iudaei</span> <span class='ocrx_word' id='word_1_277' title='bbox 840 2206 886 2237; x_wconf 91' lang='lat' dir='ltr'>illi</span> <span class='ocrx_word' id='word_1_278' title='bbox 902 2206 1085 2237; x_wconf 88' lang='lat' dir='ltr'>occiderunt</span> 
     </span>
    </p>
   </div>
   <div class='ocr_carea' id='block_1_44' title="bbox 1131 287 1442 318">
    <p class='ocr_par' dir='ltr' id='par_1_44' title="bbox 1131 287 1442 318">
     <span class='ocr_line' id='line_1_44' title="bbox 1131 287 1442 318; baseline -0.006 0"><span class='ocrx_word' id='word_1_279' title='bbox 1131 288 1234 318; x_wconf 89' lang='lat' dir='ltr'>verbis</span> <span class='ocrx_word' id='word_1_280' title='bbox 1252 287 1411 318; x_wconf 88' lang='lat' dir='ltr'>subibunt.</span> <span class='ocrx_word' id='word_1_281' title='bbox 1427 300 1442 316; x_wconf 76' lang='grc' dir='ltr'><strong>ι)</strong></span> 
     </span>
    </p>
   </div>
   <div class='ocr_carea' id='block_1_45' title="bbox 1172 335 1916 372">
    <p class='ocr_par' dir='ltr' id='par_1_45' title="bbox 1172 335 1916 372">
     <span class='ocr_line' id='line_1_45' title="bbox 1172 335 1916 372; baseline 0.001 -7"><span class='ocrx_word' id='word_1_282' title='bbox 1172 347 1186 365; x_wconf 81' lang='grc' dir='ltr'><strong>α</strong></span> <span class='ocrx_word' id='word_1_283' title='bbox 1200 336 1281 367; x_wconf 86' lang='lat' dir='ltr'>Alias</span> <span class='ocrx_word' id='word_1_284' title='bbox 1291 336 1454 367; x_wconf 87' lang='lat' dir='ltr'>confessus</span> <span class='ocrx_word' id='word_1_285' title='bbox 1465 339 1510 367; x_wconf 88' lang='lat' dir='ltr'>est</span> <span class='ocrx_word' id='word_1_286' title='bbox 1528 335 1678 366; x_wconf 89' lang='lat' dir='ltr'>Macarius</span> <span class='ocrx_word' id='word_1_287' title='bbox 1692 335 1788 366; x_wconf 85' lang='lat' dir='ltr'>abbas</span> <span class='ocrx_word' id='word_1_288' title='bbox 1799 344 1806 365; x_wconf 87' lang='lat'><strong>:</strong></span> <span class='ocrx_word' id='word_1_289' title='bbox 1817 337 1916 372; x_wconf 88' lang='lat' dir='ltr'>Quum</span> 
     </span>
    </p>
   </div>
   <div class='ocr_carea' id='block_1_46' title="bbox 1130 385 1917 425">
    <p class='ocr_par' dir='ltr' id='par_1_46' title="bbox 1130 385 1917 425">
     <span class='ocr_line' id='line_1_46' title="bbox 1130 385 1917 425; baseline 0 -8"><span class='ocrx_word' id='word_1_290' title='bbox 1130 386 1236 417; x_wconf 90' lang='lat' dir='ltr'>iunior</span> <span class='ocrx_word' id='word_1_291' title='bbox 1251 395 1354 417; x_wconf 89' lang='lat' dir='ltr'>essem</span> <span class='ocrx_word' id='word_1_292' title='bbox 1380 394 1526 425; x_wconf 83' lang='lat' dir='ltr'>curisque</span> <span class='ocrx_word' id='word_1_293' title='bbox 1552 386 1586 416; x_wconf 91' lang='lat' dir='ltr'>in</span> <span class='ocrx_word' id='word_1_294' title='bbox 1607 385 1684 417; x_wconf 90' lang='lat' dir='ltr'>cella</span> <span class='ocrx_word' id='word_1_295' title='bbox 1705 394 1859 423; x_wconf 84' lang='lat' dir='ltr'>vacarem,</span> <span class='ocrx_word' id='word_1_296' title='bbox 1885 387 1917 417; x_wconf 89' lang='lat' dir='ltr'>in</span> 
     </span>
    </p>
   </div>
   <div class='ocr_carea' id='block_1_47' title="bbox 1131 436 1917 476">
    <p class='ocr_par' dir='ltr' id='par_1_47' title="bbox 1131 436 1917 476">
     <span class='ocr_line' id='line_1_47' title="bbox 1131 436 1917 476; baseline 0 -9"><span class='ocrx_word' id='word_1_297' title='bbox 1131 444 1272 467; x_wconf 87' lang='lat' dir='ltr'>eremum</span> <span class='ocrx_word' id='word_1_298' title='bbox 1288 436 1447 476; x_wconf 82' lang='lat' dir='ltr'>profectus</span> <span class='ocrx_word' id='word_1_299' title='bbox 1463 445 1587 467; x_wconf 88' lang='lat' dir='ltr'>mecum</span> <span class='ocrx_word' id='word_1_300' title='bbox 1601 440 1750 476; x_wconf 86' lang='lat' dir='ltr'>reputans</span> <span class='ocrx_word' id='word_1_301' title='bbox 1765 436 1829 467; x_wconf 74' lang='lat' dir='ltr'>dixi</span> <span class='ocrx_word' id='word_1_302' title='bbox 1843 446 1848 466; x_wconf 95' lang='lat'>:</span> <span class='ocrx_word' id='word_1_303' title='bbox 1865 437 1917 467; x_wconf 89' lang='lat' dir='ltr'>Cui</span> 
     </span>
    </p>
   </div>
   <div class='ocr_carea' id='block_1_48' title="bbox 1131 485 1918 525">
    <p class='ocr_par' dir='ltr' id='par_1_48' title="bbox 1131 485 1918 525">
     <span class='ocr_line' id='line_1_48' title="bbox 1131 485 1918 525; baseline 0 -9"><span class='ocrx_word' id='word_1_304' title='bbox 1131 486 1281 523; x_wconf 88' lang='lat' dir='ltr'>occurris,</span> <span class='ocrx_word' id='word_1_305' title='bbox 1301 494 1373 516; x_wconf 92' lang='lat' dir='ltr'>eum</span> <span class='ocrx_word' id='word_1_306' title='bbox 1390 486 1546 524; x_wconf 85' lang='lat' dir='ltr'>interroga</span> <span class='ocrx_word' id='word_1_307' title='bbox 1567 494 1626 525; x_wconf 92' lang='lat' dir='ltr'>pro</span> <span class='ocrx_word' id='word_1_308' title='bbox 1641 485 1774 516; x_wconf 89' lang='lat' dir='ltr'>utilitate</span> <span class='ocrx_word' id='word_1_309' title='bbox 1786 489 1850 516; x_wconf 89' lang='lat' dir='ltr'>tua.</span> <span class='ocrx_word' id='word_1_310' title='bbox 1874 488 1918 516; x_wconf 75' lang='lat' dir='ltr'>At-</span> 
     </span>
    </p>
   </div>
   <div class='ocr_carea' id='block_1_49' title="bbox 1132 535 1917 576">
    <p class='ocr_par' dir='ltr' id='par_1_49' title="bbox 1132 535 1917 576">
     <span class='ocr_line' id='line_1_49' title="bbox 1132 535 1917 576; baseline 0 -10"><span class='ocrx_word' id='word_1_311' title='bbox 1132 544 1195 575; x_wconf 88' lang='lat' dir='ltr'>que</span> <span class='ocrx_word' id='word_1_312' title='bbox 1209 535 1376 575; x_wconf 87' lang='lat' dir='ltr'>puerulum</span> <span class='ocrx_word' id='word_1_313' title='bbox 1394 535 1499 566; x_wconf 90' lang='lat' dir='ltr'>inveni</span> <span class='ocrx_word' id='word_1_314' title='bbox 1516 535 1611 566; x_wconf 89' lang='lat' dir='ltr'>b0ves</span> <span class='ocrx_word' id='word_1_315' title='bbox 1630 539 1823 576; x_wconf 89' lang='lat' dir='ltr'>pascentem,</span> <span class='ocrx_word' id='word_1_316' title='bbox 1839 536 1890 567; x_wconf 91' lang='lat' dir='ltr'>cui</span> <span class='ocrx_word' id='word_1_317' title='bbox 1910 545 1917 566; x_wconf 91' lang='lat'>:</span> 
     </span>
    </p>
   </div>
   <div class='ocr_carea' id='block_1_50' title="bbox 1131 584 1919 625">
    <p class='ocr_par' dir='ltr' id='par_1_50' title="bbox 1131 584 1919 625">
     <span class='ocr_line' id='line_1_50' title="bbox 1131 584 1919 625; baseline 0 -9"><span class='ocrx_word' id='word_1_318' title='bbox 1131 585 1220 622; x_wconf 88' lang='lat' dir='ltr'>Quid,</span> <span class='ocrx_word' id='word_1_319' title='bbox 1232 584 1501 625; x_wconf 84' lang='lat' dir='ltr'>inquam,faciam,</span> <span class='ocrx_word' id='word_1_320' title='bbox 1511 585 1654 625; x_wconf 89' lang='lat' dir='ltr'>puerule,</span> <span class='ocrx_word' id='word_1_321' title='bbox 1666 585 1739 625; x_wconf 87' lang='lat' dir='ltr'>quia</span> <span class='ocrx_word' id='word_1_322' title='bbox 1751 586 1854 616; x_wconf 75' lang='lat' dir='ltr'>esurio</span> <span class='ocrx_word' id='word_1_323' title='bbox 1865 584 1878 616; x_wconf 79' lang='lat'>&#39;?</span> <span class='ocrx_word' id='word_1_324' title='bbox 1890 587 1919 616; x_wconf 88' lang='lat' dir='ltr'>Is</span> 
     </span>
    </p>
   </div>
   <div class='ocr_carea' id='block_1_51' title="bbox 1131 635 1918 675">
    <p class='ocr_par' dir='ltr' id='par_1_51' title="bbox 1131 635 1918 675">
     <span class='ocr_line' id='line_1_51' title="bbox 1131 635 1918 675; baseline 0.001 -10"><span class='ocrx_word' id='word_1_325' title='bbox 1131 635 1207 666; x_wconf 88' lang='lat' dir='ltr'>mihi</span> <span class='ocrx_word' id='word_1_326' title='bbox 1226 644 1231 665; x_wconf 76' lang='grc' dir='ltr'><strong><em>τ</em></strong></span> <span class='ocrx_word' id='word_1_327' title='bbox 1246 635 1392 672; x_wconf 89' lang='lat' dir='ltr'>Comede,</span> <span class='ocrx_word' id='word_1_328' title='bbox 1403 635 1517 675; x_wconf 89' lang='lat' dir='ltr'>inquit,</span> <span class='ocrx_word' id='word_1_329' title='bbox 1529 635 1666 666; x_wconf 85' lang='lat' dir='ltr'>tandem.</span> <span class='ocrx_word' id='word_1_330' title='bbox 1677 635 1756 665; x_wconf 91' lang='lat' dir='ltr'>Tum</span> <span class='ocrx_word' id='word_1_331' title='bbox 1767 644 1824 674; x_wconf 84' lang='lat' dir='ltr'>ego</span> <span class='ocrx_word' id='word_1_332' title='bbox 1837 645 1844 666; x_wconf 88' lang='lat'>:</span> <span class='ocrx_word' id='word_1_333' title='bbox 1860 637 1918 666; x_wconf 89' lang='lat' dir='ltr'>Co-</span> 
     </span>
    </p>
   </div>
   <div class='ocr_carea' id='block_1_52' title="bbox 1130 685 1918 722">
    <p class='ocr_par' dir='ltr' id='par_1_52' title="bbox 1130 685 1918 722">
     <span class='ocr_line' id='line_1_52' title="bbox 1130 685 1918 722; baseline 0 -7"><span class='ocrx_word' id='word_1_334' title='bbox 1130 685 1225 722; x_wconf 88' lang='lat' dir='ltr'>medi,</span> <span class='ocrx_word' id='word_1_335' title='bbox 1240 685 1295 716; x_wconf 90' lang='lat' dir='ltr'>sed</span> <span class='ocrx_word' id='word_1_336' title='bbox 1307 685 1421 716; x_wconf 89' lang='lat' dir='ltr'>iterum</span> <span class='ocrx_word' id='word_1_337' title='bbox 1432 685 1549 716; x_wconf 90' lang='lat' dir='ltr'>esurio.</span> <span class='ocrx_word' id='word_1_338' title='bbox 1563 687 1606 716; x_wconf 90' lang='lat' dir='ltr'>Ac</span> <span class='ocrx_word' id='word_1_339' title='bbox 1620 694 1726 716; x_wconf 89' lang='lat' dir='ltr'>rursus</span> <span class='ocrx_word' id='word_1_340' title='bbox 1736 685 1812 715; x_wconf 89' lang='lat' dir='ltr'>mihi</span> <span class='ocrx_word' id='word_1_341' title='bbox 1823 685 1899 716; x_wconf 81' lang='lat' dir='ltr'>dixit</span> <span class='ocrx_word' id='word_1_342' title='bbox 1911 695 1918 716; x_wconf 92' lang='lat'>:</span> 
     </span>
    </p>
   </div>
   <div class='ocr_carea' id='block_1_53' title="bbox 1131 734 1919 775">
    <p class='ocr_par' dir='ltr' id='par_1_53' title="bbox 1131 734 1919 775">
     <span class='ocr_line' id='line_1_53' title="bbox 1131 734 1919 775; baseline 0.001 -10"><span class='ocrx_word' id='word_1_343' title='bbox 1131 735 1211 773; x_wconf 85' lang='lat' dir='ltr'>Ergo</span> <span class='ocrx_word' id='word_1_344' title='bbox 1217 735 1328 765; x_wconf 86' lang='lat' dir='ltr'>iterum</span> <span class='ocrx_word' id='word_1_345' title='bbox 1335 734 1476 766; x_wconf 86' lang='lat' dir='ltr'>comede.</span> <span class='ocrx_word' id='word_1_346' title='bbox 1487 734 1633 765; x_wconf 90' lang='lat' dir='ltr'>Similiter</span> <span class='ocrx_word' id='word_1_347' title='bbox 1639 738 1669 765; x_wconf 90' lang='lat' dir='ltr'>et</span> <span class='ocrx_word' id='word_1_348' title='bbox 1679 743 1738 773; x_wconf 86' lang='lat' dir='ltr'>ego</span> <span class='ocrx_word' id='word_1_349' title='bbox 1749 736 1919 775; x_wconf 87' lang='lat' dir='ltr'>:Saepenu-</span> 
     </span>
    </p>
   </div>
   <div class='ocr_carea' id='block_1_54' title="bbox 1131 784 1919 825">
    <p class='ocr_par' dir='ltr' id='par_1_54' title="bbox 1131 784 1919 825">
     <span class='ocr_line' id='line_1_54' title="bbox 1131 784 1919 825; baseline 0 -10"><span class='ocrx_word' id='word_1_350' title='bbox 1131 793 1231 822; x_wconf 89' lang='lat' dir='ltr'>mero,</span> <span class='ocrx_word' id='word_1_351' title='bbox 1242 785 1382 825; x_wconf 88' lang='lat' dir='ltr'>inquam,</span> <span class='ocrx_word' id='word_1_352' title='bbox 1394 785 1529 822; x_wconf 89' lang='lat' dir='ltr'>comedi,</span> <span class='ocrx_word' id='word_1_353' title='bbox 1538 784 1706 824; x_wconf 88' lang='lat' dir='ltr'>denuoque</span> <span class='ocrx_word' id='word_1_354' title='bbox 1717 793 1841 825; x_wconf 90' lang='lat' dir='ltr'>semper</span> <span class='ocrx_word' id='word_1_355' title='bbox 1853 793 1919 816; x_wconf 89' lang='lat' dir='ltr'>esu-</span> 
     </span>
    </p>
   </div>
   <div class='ocr_carea' id='block_1_55' title="bbox 1131 835 1918 876">
    <p class='ocr_par' dir='ltr' id='par_1_55' title="bbox 1131 835 1918 876">
     <span class='ocr_line' id='line_1_55' title="bbox 1131 835 1918 876; baseline 0 -10"><span class='ocrx_word' id='word_1_356' title='bbox 1131 836 1189 867; x_wconf 89' lang='lat' dir='ltr'>rio.</span> <span class='ocrx_word' id='word_1_357' title='bbox 1201 835 1246 865; x_wconf 88' lang='lat' dir='ltr'>Ad</span> <span class='ocrx_word' id='word_1_358' title='bbox 1258 835 1335 866; x_wconf 88' lang='lat' dir='ltr'>haec</span> <span class='ocrx_word' id='word_1_359' title='bbox 1344 835 1397 866; x_wconf 93' lang='lat' dir='ltr'>ille</span> <span class='ocrx_word' id='word_1_360' title='bbox 1409 835 1570 876; x_wconf 89' lang='lat' dir='ltr'>respondit</span> <span class='ocrx_word' id='word_1_361' title='bbox 1582 845 1588 865; x_wconf 92' lang='lat'>:</span> <span class='ocrx_word' id='word_1_362' title='bbox 1602 836 1670 866; x_wconf 81' lang='lat' dir='ltr'>Non</span> <span class='ocrx_word' id='word_1_363' title='bbox 1681 835 1811 866; x_wconf 85' lang='lat' dir='ltr'>multum</span> <span class='ocrx_word' id='word_1_364' title='bbox 1821 836 1918 873; x_wconf 87' lang='lat' dir='ltr'>abest,</span> 
     </span>
    </p>
   </div>
   <div class='ocr_carea' id='block_1_56' title="bbox 1131 886 1919 926">
    <p class='ocr_par' dir='ltr' id='par_1_56' title="bbox 1131 886 1919 926">
     <span class='ocr_line' id='line_1_56' title="bbox 1131 886 1919 926; baseline 0.001 -10"><span class='ocrx_word' id='word_1_365' title='bbox 1131 889 1165 916; x_wconf 89' lang='lat' dir='ltr'>ut</span> <span class='ocrx_word' id='word_1_366' title='bbox 1183 886 1288 916; x_wconf 86' lang='lat' dir='ltr'>asinus</span> <span class='ocrx_word' id='word_1_367' title='bbox 1305 886 1358 923; x_wconf 90' lang='lat' dir='ltr'>sis,</span> <span class='ocrx_word' id='word_1_368' title='bbox 1378 886 1469 923; x_wconf 88' lang='lat' dir='ltr'>abba,</span> <span class='ocrx_word' id='word_1_369' title='bbox 1487 886 1605 926; x_wconf 90' lang='lat' dir='ltr'>quippe</span> <span class='ocrx_word' id='word_1_370' title='bbox 1621 886 1675 925; x_wconf 92' lang='lat' dir='ltr'>qui</span> <span class='ocrx_word' id='word_1_371' title='bbox 1696 895 1820 926; x_wconf 89' lang='lat' dir='ltr'>semper</span> <span class='ocrx_word' id='word_1_372' title='bbox 1837 887 1919 918; x_wconf 90' lang='lat' dir='ltr'>vesci</span> 
     </span>
    </p>
   </div>
   <div class='ocr_carea' id='block_1_57' title="bbox 1134 935 1900 977">
    <p class='ocr_par' dir='ltr' id='par_1_57' title="bbox 1134 935 1900 977">
     <span class='ocr_line' id='line_1_57' title="bbox 1134 935 1900 977; baseline 0.001 -11"><span class='ocrx_word' id='word_1_373' title='bbox 1134 935 1220 967; x_wconf 90' lang='lat' dir='ltr'>velis.</span> <span class='ocrx_word' id='word_1_374' title='bbox 1242 937 1351 976; x_wconf 87' lang='lat' dir='ltr'>Itaque</span> <span class='ocrx_word' id='word_1_375' title='bbox 1365 939 1474 967; x_wconf 86' lang='lat' dir='ltr'>nactus</span> <span class='ocrx_word' id='word_1_376' title='bbox 1493 936 1657 967; x_wconf 89' lang='lat' dir='ltr'>utilitatem</span> <span class='ocrx_word' id='word_1_377' title='bbox 1675 936 1802 967; x_wconf 87' lang='lat' dir='ltr'>discessi</span> <span class='ocrx_word' id='word_1_378' title='bbox 1819 937 1871 977; x_wconf 70' lang='lat'>(4).</span> <span class='ocrx_word' id='word_1_379' title='bbox 1886 950 1900 966; x_wconf 75' lang='grc' dir='ltr'><strong>ι)</strong></span> 
     </span>
    </p>
   </div>
   <div class='ocr_carea' id='block_1_58' title="bbox 1172 995 1919 1037">
    <p class='ocr_par' dir='ltr' id='par_1_58' title="bbox 1172 995 1919 1037">
     <span class='ocr_line' id='line_1_58' title="bbox 1172 995 1919 1037; baseline 0.004 -11"><span class='ocrx_word' id='word_1_380' title='bbox 1172 995 1237 1026; x_wconf 87' lang='lat' dir='ltr'>Etsi</span> <span class='ocrx_word' id='word_1_381' title='bbox 1252 995 1459 1036; x_wconf 85' lang='lat' dir='ltr'>perpulehrae</span> <span class='ocrx_word' id='word_1_382' title='bbox 1474 995 1533 1026; x_wconf 89' lang='lat' dir='ltr'>hae</span> <span class='ocrx_word' id='word_1_383' title='bbox 1547 996 1626 1026; x_wconf 89' lang='lat' dir='ltr'>duae</span> <span class='ocrx_word' id='word_1_384' title='bbox 1645 995 1794 1028; x_wconf 87' lang='lat' dir='ltr'>historiae</span> <span class='ocrx_word' id='word_1_385' title='bbox 1809 1006 1919 1037; x_wconf 85' lang='lat' dir='ltr'>reapse</span> 
     </span>
    </p>
   </div>
   <div class='ocr_carea' id='block_1_59' title="bbox 1134 1046 1920 1086">
    <p class='ocr_par' dir='ltr' id='par_1_59' title="bbox 1134 1046 1920 1086">
     <span class='ocr_line' id='line_1_59' title="bbox 1134 1046 1920 1086; baseline 0.004 -10"><span class='ocrx_word' id='word_1_386' title='bbox 1134 1046 1260 1086; x_wconf 89' lang='lat' dir='ltr'>utrique</span> <span class='ocrx_word' id='word_1_387' title='bbox 1273 1047 1478 1077; x_wconf 88' lang='lat' dir='ltr'>Macariorum</span> <span class='ocrx_word' id='word_1_388' title='bbox 1494 1047 1576 1078; x_wconf 89' lang='lat' dir='ltr'>bene</span> <span class='ocrx_word' id='word_1_389' title='bbox 1590 1047 1793 1083; x_wconf 90' lang='lat' dir='ltr'>conveniunt,</span> <span class='ocrx_word' id='word_1_390' title='bbox 1804 1048 1920 1079; x_wconf 87' lang='lat' dir='ltr'>tribue-</span> 
     </span>
    </p>
   </div>
   <div class='ocr_carea' id='block_1_60' title="bbox 1135 1095 1919 1138">
    <p class='ocr_par' dir='ltr' id='par_1_60' title="bbox 1135 1095 1919 1138">
     <span class='ocr_line' id='line_1_60' title="bbox 1135 1095 1919 1138; baseline 0.004 -12"><span class='ocrx_word' id='word_1_391' title='bbox 1135 1095 1193 1126; x_wconf 82' lang='lat' dir='ltr'>rim</span> <span class='ocrx_word' id='word_1_392' title='bbox 1211 1099 1314 1127; x_wconf 88' lang='lat' dir='ltr'>tamen</span> <span class='ocrx_word' id='word_1_393' title='bbox 1334 1105 1385 1127; x_wconf 88' lang='lat' dir='ltr'>eas</span> <span class='ocrx_word' id='word_1_394' title='bbox 1407 1097 1580 1136; x_wconf 82' lang='lat' dir='ltr'>Aegyptio;</span> <span class='ocrx_word' id='word_1_395' title='bbox 1601 1101 1632 1128; x_wconf 91' lang='lat' dir='ltr'>et</span> <span class='ocrx_word' id='word_1_396' title='bbox 1647 1097 1776 1128; x_wconf 88' lang='lat' dir='ltr'>alteram</span> <span class='ocrx_word' id='word_1_397' title='bbox 1792 1099 1919 1138; x_wconf 80' lang='lat' dir='ltr'>quidem</span> 
     </span>
    </p>
   </div>
   <div class='ocr_carea' id='block_1_61' title="bbox 1135 1146 1921 1186">
    <p class='ocr_par' dir='ltr' id='par_1_61' title="bbox 1135 1146 1921 1186">
     <span class='ocr_line' id='line_1_61' title="bbox 1135 1146 1921 1186; baseline 0.005 -10"><span class='ocrx_word' id='word_1_398' title='bbox 1135 1149 1264 1186; x_wconf 91' lang='lat' dir='ltr'>propter</span> <span class='ocrx_word' id='word_1_399' title='bbox 1277 1146 1511 1177; x_wconf 83' lang='lat' dir='ltr'>similitudinem</span> <span class='ocrx_word' id='word_1_400' title='bbox 1522 1147 1682 1179; x_wconf 89' lang='lat' dir='ltr'>doctrinae</span> <span class='ocrx_word' id='word_1_401' title='bbox 1694 1157 1765 1179; x_wconf 86' lang='lat' dir='ltr'>cum</span> <span class='ocrx_word' id='word_1_402' title='bbox 1783 1148 1921 1180; x_wconf 88' lang='lat' dir='ltr'>homiliis</span> 
     </span>
    </p>
   </div>
   <div class='ocr_carea' id='block_1_62' title="bbox 1136 1196 1920 1236">
    <p class='ocr_par' dir='ltr' id='par_1_62' title="bbox 1136 1196 1920 1236">
     <span class='ocr_line' id='line_1_62' title="bbox 1136 1196 1920 1236; baseline 0.006 -10"><span class='ocrx_word' id='word_1_403' title='bbox 1136 1196 1214 1233; x_wconf 86' lang='lat' dir='ltr'>eius,</span> <span class='ocrx_word' id='word_1_404' title='bbox 1224 1196 1352 1227; x_wconf 84' lang='lat' dir='ltr'>alteram</span> <span class='ocrx_word' id='word_1_405' title='bbox 1367 1197 1513 1236; x_wconf 89' lang='lat' dir='ltr'>obipsius</span> <span class='ocrx_word' id='word_1_406' title='bbox 1526 1205 1641 1228; x_wconf 78' lang='lat' dir='ltr'>nexum</span> <span class='ocrx_word' id='word_1_407' title='bbox 1652 1207 1724 1229; x_wconf 90' lang='lat' dir='ltr'>cum</span> <span class='ocrx_word' id='word_1_408' title='bbox 1734 1199 1862 1231; x_wconf 89' lang='lat' dir='ltr'>historia</span> <span class='ocrx_word' id='word_1_409' title='bbox 1880 1201 1920 1232; x_wconf 90' lang='lat' dir='ltr'>de</span> 
     </span>
    </p>
   </div>
   <div class='ocr_carea' id='block_1_63' title="bbox 1136 1247 1919 1289">
    <p class='ocr_par' dir='ltr' id='par_1_63' title="bbox 1136 1247 1919 1289">
     <span class='ocr_line' id='line_1_63' title="bbox 1136 1247 1919 1289; baseline 0.008 -13"><span class='ocrx_word' id='word_1_410' title='bbox 1136 1250 1259 1278; x_wconf 89' lang='lat' dir='ltr'>mortuo</span> <span class='ocrx_word' id='word_1_411' title='bbox 1269 1247 1308 1277; x_wconf 90' lang='lat' dir='ltr'>ad</span> <span class='ocrx_word' id='word_1_412' title='bbox 1318 1247 1522 1278; x_wconf 89' lang='lat' dir='ltr'>refellendum</span> <span class='ocrx_word' id='word_1_413' title='bbox 1531 1248 1716 1279; x_wconf 85' lang='lat' dir='ltr'>Hieracitam</span> <span class='ocrx_word' id='word_1_414' title='bbox 1726 1251 1919 1289; x_wconf 88' lang='lat' dir='ltr'>resuscitato,</span> 
     </span>
    </p>
   </div>
   <div class='ocr_carea' id='block_1_64' title="bbox 1136 1296 1920 1336">
    <p class='ocr_par' dir='ltr' id='par_1_64' title="bbox 1136 1296 1920 1336">
     <span class='ocr_line' id='line_1_64' title="bbox 1136 1296 1920 1336; baseline 0.006 -10"><span class='ocrx_word' id='word_1_415' title='bbox 1136 1304 1216 1335; x_wconf 87' lang='lat' dir='ltr'>quae</span> <span class='ocrx_word' id='word_1_416' title='bbox 1231 1296 1264 1326; x_wconf 91' lang='lat' dir='ltr'>in</span> <span class='ocrx_word' id='word_1_417' title='bbox 1279 1296 1387 1327; x_wconf 89' lang='lat' dir='ltr'>codice</span> <span class='ocrx_word' id='word_1_418' title='bbox 1399 1296 1539 1336; x_wconf 75' lang='lat' dir='ltr'>proxime</span> <span class='ocrx_word' id='word_1_419' title='bbox 1550 1297 1713 1329; x_wconf 87' lang='lat' dir='ltr'>subiuncta</span> <span class='ocrx_word' id='word_1_420' title='bbox 1728 1299 1767 1329; x_wconf 90' lang='lat' dir='ltr'>ad</span> <span class='ocrx_word' id='word_1_421' title='bbox 1785 1299 1920 1330; x_wconf 87' lang='lat' dir='ltr'>eundem</span> 
     </span>
    </p>
   </div>
   <div class='ocr_carea' id='block_1_65' title="bbox 1136 1346 1513 1387">
    <p class='ocr_par' dir='ltr' id='par_1_65' title="bbox 1136 1346 1513 1387">
     <span class='ocr_line' id='line_1_65' title="bbox 1136 1346 1513 1387; baseline 0 -10"><span class='ocrx_word' id='word_1_422' title='bbox 1136 1347 1302 1377; x_wconf 85' lang='lat' dir='ltr'>Macarium</span> <span class='ocrx_word' id='word_1_423' title='bbox 1317 1347 1444 1387; x_wconf 89' lang='lat' dir='ltr'>respicit</span> <span class='ocrx_word' id='word_1_424' title='bbox 1460 1346 1513 1387; x_wconf 88' lang='lat'>(5).</span> 
     </span>
    </p>
   </div>
   <div class='ocr_carea' id='block_1_66' title="bbox 1177 1406 1919 1449">
    <p class='ocr_par' dir='ltr' id='par_1_66' title="bbox 1177 1406 1919 1449">
     <span class='ocr_line' id='line_1_66' title="bbox 1177 1406 1919 1449; baseline 0.007 -12"><span class='ocrx_word' id='word_1_425' title='bbox 1177 1408 1190 1443; x_wconf 69' lang='grc' dir='ltr'>ἐ</span> <span class='ocrx_word' id='word_1_426' title='bbox 1211 1406 1259 1437; x_wconf 85' lang='grc'>41.</span> <span class='ocrx_word' id='word_1_427' title='bbox 1275 1408 1436 1447; x_wconf 87' lang='lat' dir='ltr'>Superest,</span> <span class='ocrx_word' id='word_1_428' title='bbox 1447 1411 1482 1438; x_wconf 86' lang='lat' dir='ltr'>ut</span> <span class='ocrx_word' id='word_1_429' title='bbox 1495 1408 1570 1439; x_wconf 89' lang='lat' dir='ltr'>vitas</span> <span class='ocrx_word' id='word_1_430' title='bbox 1580 1408 1711 1439; x_wconf 86' lang='lat' dir='ltr'>aliorum</span> <span class='ocrx_word' id='word_1_431' title='bbox 1723 1410 1919 1449; x_wconf 87' lang='lat' dir='ltr'>Sanctorum,</span> 
     </span>
    </p>
   </div>
   <div class='ocr_carea' id='block_1_67' title="bbox 1135 1456 1919 1500">
    <p class='ocr_par' dir='ltr' id='par_1_67' title="bbox 1135 1456 1919 1500">
     <span class='ocr_line' id='line_1_67' title="bbox 1135 1456 1919 1500; baseline 0.009 -13"><span class='ocrx_word' id='word_1_432' title='bbox 1135 1456 1169 1487; x_wconf 92' lang='lat' dir='ltr'>in</span> <span class='ocrx_word' id='word_1_433' title='bbox 1187 1457 1302 1496; x_wconf 92' lang='lat' dir='ltr'>quibus</span> <span class='ocrx_word' id='word_1_434' title='bbox 1321 1458 1524 1488; x_wconf 87' lang='lat' dir='ltr'>Macariorum</span> <span class='ocrx_word' id='word_1_435' title='bbox 1547 1463 1724 1491; x_wconf 85' lang='lat' dir='ltr'>nostrorum</span> <span class='ocrx_word' id='word_1_436' title='bbox 1741 1463 1859 1493; x_wconf 90' lang='lat' dir='ltr'>mentio</span> <span class='ocrx_word' id='word_1_437' title='bbox 1876 1464 1919 1500; x_wconf 85' lang='lat' dir='ltr'>ﬁt,</span> 
     </span>
    </p>
   </div>
   <div class='ocr_carea' id='block_1_68' title="bbox 1137 1507 1922 1550">
    <p class='ocr_par' dir='ltr' id='par_1_68' title="bbox 1137 1507 1922 1550">
     <span class='ocr_line' id='line_1_68' title="bbox 1137 1507 1922 1550; baseline 0.009 -13"><span class='ocrx_word' id='word_1_438' title='bbox 1137 1507 1360 1538; x_wconf 83' lang='lat' dir='ltr'>examinemus.</span> <span class='ocrx_word' id='word_1_439' title='bbox 1379 1509 1477 1544; x_wconf 88' lang='lat' dir='ltr'>Quem</span> <span class='ocrx_word' id='word_1_440' title='bbox 1489 1508 1523 1538; x_wconf 92' lang='lat' dir='ltr'>in</span> <span class='ocrx_word' id='word_1_441' title='bbox 1542 1509 1635 1540; x_wconf 84' lang='lat' dir='ltr'>ﬁnem</span> <span class='ocrx_word' id='word_1_442' title='bbox 1650 1510 1769 1550; x_wconf 85' lang='lat' dir='ltr'>singula</span> <span class='ocrx_word' id='word_1_443' title='bbox 1786 1512 1922 1544; x_wconf 88' lang='lat' dir='ltr'>volumi-</span> 
     </span>
    </p>
   </div>
   <div class='ocr_carea' id='block_1_69' title="bbox 1136 1558 1920 1601">
    <p class='ocr_par' dir='ltr' id='par_1_69' title="bbox 1136 1558 1920 1601">
     <span class='ocr_line' id='line_1_69' title="bbox 1136 1558 1920 1601; baseline 0.01 -14"><span class='ocrx_word' id='word_1_444' title='bbox 1136 1566 1178 1589; x_wconf 83' lang='lat' dir='ltr'>na</span> <span class='ocrx_word' id='word_1_445' title='bbox 1192 1559 1252 1588; x_wconf 88' lang='lat' dir='ltr'>AA.</span> <span class='ocrx_word' id='word_1_446' title='bbox 1272 1559 1324 1588; x_wconf 92' lang='lat' dir='ltr'>SS.</span> <span class='ocrx_word' id='word_1_447' title='bbox 1337 1558 1478 1589; x_wconf 86' lang='lat' dir='ltr'>Bollandi</span> <span class='ocrx_word' id='word_1_448' title='bbox 1493 1559 1658 1599; x_wconf 82' lang='lat' dir='ltr'>diligenter</span> <span class='ocrx_word' id='word_1_449' title='bbox 1673 1562 1853 1601; x_wconf 86' lang='lat' dir='ltr'>evolvimus,</span> <span class='ocrx_word' id='word_1_450' title='bbox 1865 1565 1920 1595; x_wconf 89' lang='lat' dir='ltr'>sed</span> 
     </span>
    </p>
   </div>
   <div class='ocr_carea' id='block_1_70' title="bbox 1134 1605 1921 1648">
    <p class='ocr_par' dir='ltr' id='par_1_70' title="bbox 1134 1605 1921 1648">
     <span class='ocr_line' id='line_1_70' title="bbox 1134 1605 1921 1648; baseline 0.009 -11"><span class='ocrx_word' id='word_1_451' title='bbox 1134 1605 1254 1638; x_wconf 89' lang='lat' dir='ltr'>fructus</span> <span class='ocrx_word' id='word_1_452' title='bbox 1268 1616 1386 1647; x_wconf 86' lang='lat' dir='ltr'>paucos</span> <span class='ocrx_word' id='word_1_453' title='bbox 1400 1609 1610 1648; x_wconf 90' lang='lat' dir='ltr'>percepimus.</span> <span class='ocrx_word' id='word_1_454' title='bbox 1626 1611 1777 1642; x_wconf 89' lang='lat' dir='ltr'>Macarius</span> <span class='ocrx_word' id='word_1_455' title='bbox 1786 1613 1921 1644; x_wconf 72' lang='lat' dir='ltr'>Alexan-</span> 
     </span>
    </p>
   </div>
   <div class='ocr_carea' id='block_1_71' title="bbox 1136 1657 1920 1704">
    <p class='ocr_par' dir='ltr' id='par_1_71' title="bbox 1136 1657 1920 1704">
     <span class='ocr_line' id='line_1_71' title="bbox 1136 1657 1920 1704; baseline 0.01 -17"><span class='ocrx_word' id='word_1_456' title='bbox 1136 1657 1243 1688; x_wconf 92' lang='lat' dir='ltr'>drinus</span> <span class='ocrx_word' id='word_1_457' title='bbox 1258 1658 1292 1688; x_wconf 93' lang='lat' dir='ltr'>in</span> <span class='ocrx_word' id='word_1_458' title='bbox 1313 1658 1374 1688; x_wconf 83' lang='lat' dir='ltr'>ﬁne</span> <span class='ocrx_word' id='word_1_459' title='bbox 1391 1659 1542 1699; x_wconf 86' lang='lat' dir='ltr'>epistolae</span> <span class='ocrx_word' id='word_1_460' title='bbox 1565 1671 1579 1687; x_wconf 80' lang='grc' dir='ltr'>α</span> <span class='ocrx_word' id='word_1_461' title='bbox 1594 1661 1756 1692; x_wconf 80' lang='lat' dir='ltr'>Ammonis</span> <span class='ocrx_word' id='word_1_462' title='bbox 1781 1664 1920 1704; x_wconf 89' lang='lat' dir='ltr'>episcopi</span> 
     </span>
    </p>
   </div>
   <div class='ocr_carea' id='block_1_72' title="bbox 1134 1707 1922 1748">
    <p class='ocr_par' dir='ltr' id='par_1_72' title="bbox 1134 1707 1922 1748">
     <span class='ocr_line' id='line_1_72' title="bbox 1134 1707 1922 1748; baseline 0.01 -11"><span class='ocrx_word' id='word_1_463' title='bbox 1134 1707 1174 1738; x_wconf 90' lang='lat' dir='ltr'>ad</span> <span class='ocrx_word' id='word_1_464' title='bbox 1196 1707 1405 1747; x_wconf 84' lang='lat' dir='ltr'>Theophilum</span> <span class='ocrx_word' id='word_1_465' title='bbox 1428 1717 1541 1748; x_wconf 88' lang='lat' dir='ltr'>papam</span> <span class='ocrx_word' id='word_1_466' title='bbox 1560 1709 1763 1742; x_wconf 80' lang='lat' dir='ltr'>Alexandriae</span> <span class='ocrx_word' id='word_1_467' title='bbox 1784 1712 1822 1743; x_wconf 91' lang='lat' dir='ltr'>de</span> <span class='ocrx_word' id='word_1_468' title='bbox 1844 1722 1922 1744; x_wconf 91' lang='lat' dir='ltr'>con-</span> 
     </span>
    </p>
   </div>
   <div class='ocr_carea' id='block_1_73' title="bbox 1135 1757 1922 1798">
    <p class='ocr_par' dir='ltr' id='par_1_73' title="bbox 1135 1757 1922 1798">
     <span class='ocr_line' id='line_1_73' title="bbox 1135 1757 1922 1798; baseline 0.009 -12"><span class='ocrx_word' id='word_1_469' title='bbox 1135 1757 1310 1787; x_wconf 87' lang='lat' dir='ltr'>versatione</span> <span class='ocrx_word' id='word_1_470' title='bbox 1332 1761 1363 1788; x_wconf 90' lang='lat' dir='ltr'>et</span> <span class='ocrx_word' id='word_1_471' title='bbox 1383 1757 1560 1798; x_wconf 87' lang='lat' dir='ltr'>particulari</span> <span class='ocrx_word' id='word_1_472' title='bbox 1581 1759 1641 1790; x_wconf 90' lang='lat' dir='ltr'>vita</span> <span class='ocrx_word' id='word_1_473' title='bbox 1660 1760 1691 1790; x_wconf 89' lang='lat' dir='ltr'>S.</span> <span class='ocrx_word' id='word_1_474' title='bbox 1709 1761 1866 1793; x_wconf 88' lang='lat' dir='ltr'>Pachomii</span> <span class='ocrx_word' id='word_1_475' title='bbox 1890 1766 1922 1794; x_wconf 89' lang='lat' dir='ltr'>et</span> 
     </span>
    </p>
   </div>
   <div class='ocr_carea' id='block_1_74' title="bbox 1134 1805 1921 1850">
    <p class='ocr_par' dir='ltr' id='par_1_74' title="bbox 1134 1805 1921 1850">
     <span class='ocr_line' id='line_1_74' title="bbox 1134 1805 1921 1850; baseline 0.01 -15"><span class='ocrx_word' id='word_1_476' title='bbox 1134 1805 1291 1837; x_wconf 89' lang='lat' dir='ltr'>Theodori</span> <span class='ocrx_word' id='word_1_477' title='bbox 1308 1817 1323 1834; x_wconf 80' lang='grc'>››</span> <span class='ocrx_word' id='word_1_478' title='bbox 1343 1811 1544 1844; x_wconf 87' lang='lat' dir='ltr'>memoratur,</span> <span class='ocrx_word' id='word_1_479' title='bbox 1565 1808 1620 1839; x_wconf 92' lang='lat' dir='ltr'>ubi</span> <span class='ocrx_word' id='word_1_480' title='bbox 1638 1818 1709 1840; x_wconf 91' lang='lat' dir='ltr'>cum</span> <span class='ocrx_word' id='word_1_481' title='bbox 1729 1811 1821 1842; x_wconf 88' lang='lat' dir='ltr'>beato</span> <span class='ocrx_word' id='word_1_482' title='bbox 1836 1813 1921 1850; x_wconf 90' lang='lat' dir='ltr'>Pior,</span> 
     </span>
    </p>
   </div>
   <div class='ocr_carea' id='block_1_75' title="bbox 1134 1855 1922 1896">
    <p class='ocr_par' dir='ltr' id='par_1_75' title="bbox 1134 1855 1922 1896">
     <span class='ocr_line' id='line_1_75' title="bbox 1134 1855 1922 1896; baseline 0.008 -11"><span class='ocrx_word' id='word_1_483' title='bbox 1134 1855 1314 1893; x_wconf 87' lang='lat' dir='ltr'>Aelurione,</span> <span class='ocrx_word' id='word_1_484' title='bbox 1329 1857 1494 1887; x_wconf 88' lang='lat' dir='ltr'>Ammonio</span> <span class='ocrx_word' id='word_1_485' title='bbox 1518 1861 1548 1887; x_wconf 91' lang='lat' dir='ltr'>et</span> <span class='ocrx_word' id='word_1_486' title='bbox 1564 1857 1695 1896; x_wconf 85' lang='lat' dir='ltr'>Isidoro,</span> <span class='ocrx_word' id='word_1_487' title='bbox 1715 1859 1922 1891; x_wconf 81' lang='lat' dir='ltr'>anachoreta-</span> 
     </span>
    </p>
   </div>
   <div class='ocr_carea' id='block_1_76' title="bbox 1135 1905 1921 1947">
    <p class='ocr_par' dir='ltr' id='par_1_76' title="bbox 1135 1905 1921 1947">
     <span class='ocr_line' id='line_1_76' title="bbox 1135 1905 1921 1947; baseline 0.008 -12"><span class='ocrx_word' id='word_1_488' title='bbox 1135 1914 1205 1936; x_wconf 91' lang='lat' dir='ltr'>rum</span> <span class='ocrx_word' id='word_1_489' title='bbox 1221 1905 1362 1936; x_wconf 92' lang='lat' dir='ltr'>omnium</span> <span class='ocrx_word' id='word_1_490' title='bbox 1372 1907 1604 1947; x_wconf 88' lang='lat' dir='ltr'>antiquissimo,</span> <span class='ocrx_word' id='word_1_491' title='bbox 1619 1909 1711 1939; x_wconf 90' lang='lat' dir='ltr'>etiam</span> <span class='ocrx_word' id='word_1_492' title='bbox 1727 1909 1833 1940; x_wconf 74' lang='lat' dir='ltr'>beatus</span> <span class='ocrx_word' id='word_1_493' title='bbox 1847 1911 1921 1941; x_wconf 85' lang='lat' dir='ltr'>Ma-</span> 
     </span>
    </p>
   </div>
   <div class='ocr_carea' id='block_1_77' title="bbox 1135 1955 1922 1997">
    <p class='ocr_par' dir='ltr' id='par_1_77' title="bbox 1135 1955 1922 1997">
     <span class='ocr_line' id='line_1_77' title="bbox 1135 1955 1922 1997; baseline 0.009 -12"><span class='ocrx_word' id='word_1_494' title='bbox 1135 1956 1239 1986; x_wconf 81' lang='lat' dir='ltr'>carius</span> <span class='ocrx_word' id='word_1_495' title='bbox 1249 1956 1287 1986; x_wconf 90' lang='lat' dir='ltr'>iis</span> <span class='ocrx_word' id='word_1_496' title='bbox 1298 1955 1531 1994; x_wconf 88' lang='lat' dir='ltr'>adnumeratur,</span> <span class='ocrx_word' id='word_1_497' title='bbox 1546 1966 1626 1997; x_wconf 87' lang='lat' dir='ltr'>quos</span> <span class='ocrx_word' id='word_1_498' title='bbox 1642 1958 1675 1989; x_wconf 93' lang='lat' dir='ltr'>in</span> <span class='ocrx_word' id='word_1_499' title='bbox 1684 1964 1791 1991; x_wconf 89' lang='lat' dir='ltr'>monte</span> <span class='ocrx_word' id='word_1_500' title='bbox 1806 1961 1922 1993; x_wconf 80' lang='lat' dir='ltr'>Nitriae</span> 
     </span>
    </p>
   </div>
   <div class='ocr_carea' id='block_1_78' title="bbox 1135 2005 1922 2050">
    <p class='ocr_par' dir='ltr' id='par_1_78' title="bbox 1135 2005 1922 2050">
     <span class='ocr_line' id='line_1_78' title="bbox 1135 2005 1922 2050; baseline 0.008 -14"><span class='ocrx_word' id='word_1_501' title='bbox 1135 2006 1316 2037; x_wconf 87' lang='lat' dir='ltr'>Ammonius</span> <span class='ocrx_word' id='word_1_502' title='bbox 1337 2005 1506 2046; x_wconf 90' lang='lat' dir='ltr'>episcopus</span> <span class='ocrx_word' id='word_1_503' title='bbox 1536 2007 1652 2038; x_wconf 88' lang='lat' dir='ltr'>viderat</span> <span class='ocrx_word' id='word_1_504' title='bbox 1677 2012 1706 2039; x_wconf 90' lang='lat' dir='ltr'>et</span> <span class='ocrx_word' id='word_1_505' title='bbox 1731 2019 1922 2050; x_wconf 79' lang='lat' dir='ltr'>magnopere</span> 
     </span>
    </p>
   </div>
   <div class='ocr_carea' id='block_1_79' title="bbox 1134 2055 1922 2097">
    <p class='ocr_par' dir='ltr' id='par_1_79' title="bbox 1134 2055 1922 2097">
     <span class='ocr_line' id='line_1_79' title="bbox 1134 2055 1922 2097; baseline 0.008 -11"><span class='ocrx_word' id='word_1_506' title='bbox 1134 2056 1303 2087; x_wconf 88' lang='lat' dir='ltr'>admiratus</span> <span class='ocrx_word' id='word_1_507' title='bbox 1320 2060 1386 2087; x_wconf 88' lang='lat' dir='ltr'>erat</span> <span class='ocrx_word' id='word_1_508' title='bbox 1408 2055 1466 2096; x_wconf 80' lang='lat'>(6);</span> <span class='ocrx_word' id='word_1_509' title='bbox 1485 2057 1651 2088; x_wconf 89' lang='lat' dir='ltr'>Macarium</span> <span class='ocrx_word' id='word_1_510' title='bbox 1675 2059 1769 2097; x_wconf 79' lang='lat' dir='ltr'>igitur</span> <span class='ocrx_word' id='word_1_511' title='bbox 1785 2060 1922 2092; x_wconf 75' lang='lat' dir='ltr'>Alexan-</span> 
     </span>
    </p>
   </div>
   <div class='ocr_carea' id='block_1_80' title="bbox 1135 2107 1921 2146">
    <p class='ocr_par' dir='ltr' id='par_1_80' title="bbox 1135 2107 1921 2146">
     <span class='ocr_line' id='line_1_80' title="bbox 1135 2107 1921 2146; baseline 0.006 -8"><span class='ocrx_word' id='word_1_512' title='bbox 1135 2107 1259 2138; x_wconf 91' lang='lat' dir='ltr'>drinum</span> <span class='ocrx_word' id='word_1_513' title='bbox 1267 2107 1504 2146; x_wconf 87' lang='lat' dir='ltr'>intelligendum</span> <span class='ocrx_word' id='word_1_514' title='bbox 1517 2117 1584 2139; x_wconf 87' lang='lat' dir='ltr'>esse</span> <span class='ocrx_word' id='word_1_515' title='bbox 1594 2110 1851 2142; x_wconf 88' lang='lat' dir='ltr'>verisimillimum</span> <span class='ocrx_word' id='word_1_516' title='bbox 1863 2117 1921 2143; x_wconf 88' lang='lat' dir='ltr'>est.</span> 
     </span>
    </p>
   </div>
   <div class='ocr_carea' id='block_1_81' title="bbox 1135 2157 1922 2198">
    <p class='ocr_par' dir='ltr' id='par_1_81' title="bbox 1135 2157 1922 2198">
     <span class='ocr_line' id='line_1_81' title="bbox 1135 2157 1922 2198; baseline 0.009 -11"><span class='ocrx_word' id='word_1_517' title='bbox 1135 2159 1299 2188; x_wconf 86' lang='lat' dir='ltr'>Praeterea</span> <span class='ocrx_word' id='word_1_518' title='bbox 1314 2157 1396 2188; x_wconf 90' lang='lat' dir='ltr'>inter</span> <span class='ocrx_word' id='word_1_519' title='bbox 1412 2158 1559 2198; x_wconf 87' lang='lat' dir='ltr'>reliquias</span> <span class='ocrx_word' id='word_1_520' title='bbox 1570 2160 1720 2191; x_wconf 88' lang='lat' dir='ltr'>ecclesiae</span> <span class='ocrx_word' id='word_1_521' title='bbox 1731 2162 1922 2194; x_wconf 87' lang='lat' dir='ltr'>Senonensis</span> 
     </span>
    </p>
   </div>
   <div class='ocr_carea' id='block_1_82' title="bbox 1137 2208 1922 2253">
    <p class='ocr_par' dir='ltr' id='par_1_82' title="bbox 1137 2208 1922 2253">
     <span class='ocr_line' id='line_1_82' title="bbox 1137 2208 1922 2253; baseline 0.011 -17"><span class='ocrx_word' id='word_1_522' title='bbox 1137 2208 1216 2244; x_wconf 79' lang='lat'>167</span> <span class='ocrx_word' id='word_1_523' title='bbox 1244 2208 1369 2238; x_wconf 75' lang='lat' dir='ltr'>Macarii</span> <span class='ocrx_word' id='word_1_524' title='bbox 1387 2208 1506 2240; x_wconf 87' lang='lat' dir='ltr'>abbatis</span> <span class='ocrx_word' id='word_1_525' title='bbox 1530 2215 1735 2242; x_wconf 88' lang='lat' dir='ltr'>recensentur</span> <span class='ocrx_word' id='word_1_526' title='bbox 1758 2212 1922 2253; x_wconf 86' lang='lat' dir='ltr'>reliquiae.</span> 
     </span>
    </p>
   </div>
   <div class='ocr_carea' id='block_1_83' title="bbox 299 2251 1922 2300">
    <p class='ocr_par' dir='ltr' id='par_1_83' title="bbox 299 2251 1922 2300">
     <span class='ocr_line' id='line_1_83' title="bbox 299 2251 1922 2300; baseline 0.004 -14"><span class='ocrx_word' id='word_1_527' title='bbox 299 2264 383 2294; x_wconf 89' lang='lat' dir='ltr'>eum,</span> <span class='ocrx_word' id='word_1_528' title='bbox 399 2256 441 2287; x_wconf 91' lang='lat' dir='ltr'>ita</span> <span class='ocrx_word' id='word_1_529' title='bbox 452 2259 483 2287; x_wconf 91' lang='lat' dir='ltr'>et</span> <span class='ocrx_word' id='word_1_530' title='bbox 494 2257 526 2293; x_wconf 91' lang='lat' dir='ltr'>ii,</span> <span class='ocrx_word' id='word_1_531' title='bbox 539 2256 593 2296; x_wconf 89' lang='lat' dir='ltr'>qui</span> <span class='ocrx_word' id='word_1_532' title='bbox 602 2256 720 2295; x_wconf 83' lang='lat' dir='ltr'>indigni</span> <span class='ocrx_word' id='word_1_533' title='bbox 735 2265 849 2296; x_wconf 81' lang='lat' dir='ltr'>corpus</span> <span class='ocrx_word' id='word_1_534' title='bbox 858 2260 888 2287; x_wconf 90' lang='lat' dir='ltr'>et</span> <span class='ocrx_word' id='word_1_535' title='bbox 899 2256 1082 2296; x_wconf 87' lang='lat' dir='ltr'>sanguinem</span> <span class='ocrx_word' id='word_1_536' title='bbox 1101 2251 1122 2280; x_wconf 70' lang='grc' dir='ltr'>ί)</span> <span class='ocrx_word' id='word_1_537' title='bbox 1136 2264 1216 2294; x_wconf 86' lang='lat' dir='ltr'>quae</span> <span class='ocrx_word' id='word_1_538' title='bbox 1226 2265 1300 2287; x_wconf 91' lang='lat' dir='ltr'>num</span> <span class='ocrx_word' id='word_1_539' title='bbox 1313 2256 1491 2289; x_wconf 86' lang='lat' dir='ltr'>alterutrius</span> <span class='ocrx_word' id='word_1_540' title='bbox 1506 2267 1541 2289; x_wconf 77' lang='lat' dir='ltr'>ex</span> <span class='ocrx_word' id='word_1_541' title='bbox 1560 2260 1674 2291; x_wconf 88' lang='lat' dir='ltr'>nostris</span> <span class='ocrx_word' id='word_1_542' title='bbox 1691 2251 1837 2292; x_wconf 73' lang='lat' dir='ltr'>Macariis</span> <span class='ocrx_word' id='word_1_543' title='bbox 1847 2263 1922 2300; x_wconf 85' lang='lat' dir='ltr'>sint,</span> 
     </span>
    </p>
   </div>
   <div class='ocr_carea' id='block_1_84' title="bbox 299 2307 1084 2343">
    <p class='ocr_par' dir='ltr' id='par_1_84' title="bbox 299 2307 1084 2343">
     <span class='ocr_line' id='line_1_84' title="bbox 299 2307 1084 2343; baseline -0.001 -5"><span class='ocrx_word' id='word_1_544' title='bbox 299 2308 367 2338; x_wconf 91' lang='lat' dir='ltr'>eius</span> <span class='ocrx_word' id='word_1_545' title='bbox 382 2311 520 2343; x_wconf 89' lang='lat' dir='ltr'>sumunt,</span> <span class='ocrx_word' id='word_1_546' title='bbox 531 2308 615 2338; x_wconf 90' lang='lat' dir='ltr'>idem</span> <span class='ocrx_word' id='word_1_547' title='bbox 647 2307 774 2338; x_wconf 87' lang='lat' dir='ltr'>faciunt.</span> <span class='ocrx_word' id='word_1_548' title='bbox 798 2308 875 2338; x_wconf 82' lang='lat' dir='ltr'>Nam</span> <span class='ocrx_word' id='word_1_549' title='bbox 895 2307 1084 2338; x_wconf 88' lang='lat' dir='ltr'>verisimilli-</span> 
     </span>
    </p>
   </div>
   <div class='ocr_carea' id='block_1_85' title="bbox 298 2357 1087 2398">
    <p class='ocr_par' dir='ltr' id='par_1_85' title="bbox 298 2357 1087 2398">
     <span class='ocr_line' id='line_1_85' title="bbox 298 2357 1087 2398; baseline -0.003 -9"><span class='ocrx_word' id='word_1_550' title='bbox 298 2367 385 2389; x_wconf 90' lang='lat' dir='ltr'>mum</span> <span class='ocrx_word' id='word_1_551' title='bbox 403 2361 461 2395; x_wconf 90' lang='lat' dir='ltr'>est,</span> <span class='ocrx_word' id='word_1_552' title='bbox 479 2362 510 2389; x_wconf 89' lang='lat' dir='ltr'>et</span> <span class='ocrx_word' id='word_1_553' title='bbox 524 2366 607 2394; x_wconf 91' lang='lat' dir='ltr'>eum,</span> <span class='ocrx_word' id='word_1_554' title='bbox 620 2358 675 2398; x_wconf 88' lang='lat' dir='ltr'>qui</span> <span class='ocrx_word' id='word_1_555' title='bbox 690 2367 861 2398; x_wconf 89' lang='lat' dir='ltr'>purpuram</span> <span class='ocrx_word' id='word_1_556' title='bbox 876 2358 994 2397; x_wconf 87' lang='lat' dir='ltr'>regiam</span> <span class='ocrx_word' id='word_1_557' title='bbox 1006 2357 1087 2388; x_wconf 90' lang='lat' dir='ltr'>scin-</span> 
     </span>
    </p>
   </div>
   <div class='ocr_carea' id='block_1_86' title="bbox 299 2408 1085 2447">
    <p class='ocr_par' dir='ltr' id='par_1_86' title="bbox 299 2408 1085 2447">
     <span class='ocr_line' id='line_1_86' title="bbox 299 2408 1085 2447; baseline 0 -9"><span class='ocrx_word' id='word_1_558' title='bbox 299 2409 362 2444; x_wconf 85' lang='lat' dir='ltr'>dat,</span> <span class='ocrx_word' id='word_1_559' title='bbox 376 2411 407 2439; x_wconf 91' lang='lat' dir='ltr'>et</span> <span class='ocrx_word' id='word_1_560' title='bbox 416 2408 470 2447; x_wconf 88' lang='lat' dir='ltr'>qui</span> <span class='ocrx_word' id='word_1_561' title='bbox 480 2416 548 2438; x_wconf 87' lang='lat' dir='ltr'>eam</span> <span class='ocrx_word' id='word_1_562' title='bbox 559 2408 704 2445; x_wconf 87' lang='lat' dir='ltr'>maculet,</span> <span class='ocrx_word' id='word_1_563' title='bbox 716 2411 796 2446; x_wconf 79' lang='lat'>166</span> <span class='ocrx_word' id='word_1_564' title='bbox 806 2408 937 2439; x_wconf 87' lang='lat' dir='ltr'>eandem</span> <span class='ocrx_word' id='word_1_565' title='bbox 950 2412 1085 2438; x_wconf 88' lang='lat' dir='ltr'>mortem</span> 
     </span>
    </p>
   </div>
   <div class='ocr_carea' id='block_1_87' title="bbox 298 2456 1086 2498">
    <p class='ocr_par' dir='ltr' id='par_1_87' title="bbox 298 2456 1086 2498">
     <span class='ocr_line' id='line_1_87' title="bbox 298 2456 1086 2498; baseline -0.001 -10"><span class='ocrx_word' id='word_1_566' title='bbox 298 2458 373 2498; x_wconf 90' lang='lat' dir='ltr'>pati.</span> <span class='ocrx_word' id='word_1_567' title='bbox 393 2457 483 2488; x_wconf 91' lang='lat' dir='ltr'>Unde</span> <span class='ocrx_word' id='word_1_568' title='bbox 500 2460 530 2488; x_wconf 91' lang='lat' dir='ltr'>et</span> <span class='ocrx_word' id='word_1_569' title='bbox 546 2457 601 2497; x_wconf 88' lang='lat' dir='ltr'>qui</span> <span class='ocrx_word' id='word_1_570' title='bbox 618 2466 734 2497; x_wconf 90' lang='lat' dir='ltr'>corpus</span> <span class='ocrx_word' id='word_1_571' title='bbox 752 2457 818 2487; x_wconf 89' lang='lat' dir='ltr'>eius</span> <span class='ocrx_word' id='word_1_572' title='bbox 832 2456 1001 2496; x_wconf 87' lang='lat' dir='ltr'>aliquando</span> <span class='ocrx_word' id='word_1_573' title='bbox 1016 2466 1086 2496; x_wconf 88' lang='lat' dir='ltr'>per-</span> 
     </span>
    </p>
   </div>
   <div class='ocr_carea' id='block_1_88' title="bbox 297 2507 1085 2547">
    <p class='ocr_par' dir='ltr' id='par_1_88' title="bbox 297 2507 1085 2547">
     <span class='ocr_line' id='line_1_88' title="bbox 297 2507 1085 2547; baseline -0.001 -8"><span class='ocrx_word' id='word_1_574' title='bbox 297 2508 448 2544; x_wconf 84' lang='lat' dir='ltr'>forarunt,</span> <span class='ocrx_word' id='word_1_575' title='bbox 464 2511 495 2538; x_wconf 92' lang='lat' dir='ltr'>et</span> <span class='ocrx_word' id='word_1_576' title='bbox 512 2507 566 2547; x_wconf 87' lang='lat' dir='ltr'>qui</span> <span class='ocrx_word' id='word_1_577' title='bbox 583 2516 667 2538; x_wconf 90' lang='lat' dir='ltr'>nunc</span> <span class='ocrx_word' id='word_1_578' title='bbox 687 2507 852 2547; x_wconf 90' lang='lat' dir='ltr'>inquinant</span> <span class='ocrx_word' id='word_1_579' title='bbox 865 2507 953 2544; x_wconf 91' lang='lat' dir='ltr'>illud,</span> <span class='ocrx_word' id='word_1_580' title='bbox 966 2507 1085 2547; x_wconf 88' lang='lat' dir='ltr'>quippe</span> 
     </span>
    </p>
   </div>
   <div class='ocr_carea' id='block_1_89' title="bbox 296 2555 1082 2596">
    <p class='ocr_par' dir='ltr' id='par_1_89' title="bbox 296 2555 1082 2596">
     <span class='ocr_line' id='line_1_89' title="bbox 296 2555 1082 2596; baseline -0.001 -9"><span class='ocrx_word' id='word_1_581' title='bbox 296 2557 419 2596; x_wconf 86' lang='lat' dir='ltr'>impura</span> <span class='ocrx_word' id='word_1_582' title='bbox 432 2556 536 2595; x_wconf 89' lang='lat' dir='ltr'>ipsum</span> <span class='ocrx_word' id='word_1_583' title='bbox 552 2559 656 2586; x_wconf 88' lang='lat' dir='ltr'>mente</span> <span class='ocrx_word' id='word_1_584' title='bbox 673 2556 895 2596; x_wconf 88' lang='lat' dir='ltr'>percipientcs,</span> <span class='ocrx_word' id='word_1_585' title='bbox 910 2555 994 2586; x_wconf 89' lang='lat' dir='ltr'>idem</span> <span class='ocrx_word' id='word_1_586' title='bbox 1012 2565 1082 2587; x_wconf 88' lang='lat' dir='ltr'>cum</span> 
     </span>
    </p>
   </div>
   <div class='ocr_carea' id='block_1_90' title="bbox 333 2655 1080 2692">
    <p class='ocr_par' dir='ltr' id='par_1_90' title="bbox 333 2655 1080 2692">
     <span class='ocr_line' id='line_1_90' title="bbox 333 2655 1080 2692; baseline -0.001 -10"><span class='ocrx_word' id='word_1_587' title='bbox 333 2656 370 2692; x_wconf 83' lang='grc'>(1)</span> <span class='ocrx_word' id='word_1_588' title='bbox 384 2655 440 2683; x_wconf 85' lang='lat' dir='ltr'>VV.</span> <span class='ocrx_word' id='word_1_589' title='bbox 456 2655 507 2682; x_wconf 82' lang='lat' dir='ltr'>PP.</span> <span class='ocrx_word' id='word_1_590' title='bbox 524 2655 615 2683; x_wconf 79' lang='lat' dir='ltr'>Rosw.</span> <span class='ocrx_word' id='word_1_591' title='bbox 633 2655 681 2682; x_wconf 88' lang='lat' dir='ltr'>lib.</span> <span class='ocrx_word' id='word_1_592' title='bbox 698 2655 718 2681; x_wconf 90' lang='lat' dir='ltr'>ll</span> <span class='ocrx_word' id='word_1_593' title='bbox 732 2663 793 2691; x_wconf 81' lang='lat' dir='ltr'>cap.</span> <span class='ocrx_word' id='word_1_594' title='bbox 806 2656 878 2690; x_wconf 69' lang='lat' dir='ltr'>22p.</span> <span class='ocrx_word' id='word_1_595' title='bbox 891 2655 954 2686; x_wconf 74' lang='grc'>478,</span> <span class='ocrx_word' id='word_1_596' title='bbox 969 2656 979 2681; x_wconf 81' lang='grc'>1</span> <span class='ocrx_word' id='word_1_597' title='bbox 992 2664 999 2687; x_wconf 89' lang='grc'>;</span> <span class='ocrx_word' id='word_1_598' title='bbox 1010 2655 1080 2681; x_wconf 85' lang='lat' dir='ltr'>Hist.</span> 
     </span>
    </p>
   </div>
   <div class='ocr_carea' id='block_1_91' title="bbox 297 2699 1079 2735">
    <p class='ocr_par' dir='ltr' id='par_1_91' title="bbox 297 2699 1079 2735">
     <span class='ocr_line' id='line_1_91' title="bbox 297 2699 1079 2735; baseline 0.001 -8"><span class='ocrx_word' id='word_1_599' title='bbox 297 2700 380 2728; x_wconf 85' lang='lat' dir='ltr'>Laus.</span> <span class='ocrx_word' id='word_1_600' title='bbox 399 2699 433 2727; x_wconf 91' lang='lat' dir='ltr'>ed</span> <span class='ocrx_word' id='word_1_601' title='bbox 444 2699 544 2726; x_wconf 85' lang='lat' dir='ltr'>Meurs.</span> <span class='ocrx_word' id='word_1_602' title='bbox 558 2707 617 2734; x_wconf 81' lang='lat' dir='ltr'>cap.</span> <span class='ocrx_word' id='word_1_603' title='bbox 633 2700 665 2727; x_wconf 88' lang='lat'><strong>70</strong></span> <span class='ocrx_word' id='word_1_604' title='bbox 674 2700 743 2735; x_wconf 87' lang='lat' dir='ltr'>Opp.</span> <span class='ocrx_word' id='word_1_605' title='bbox 759 2700 858 2728; x_wconf 84' lang='lat' dir='ltr'>Meurs.</span> <span class='ocrx_word' id='word_1_606' title='bbox 876 2700 923 2727; x_wconf 89' lang='lat' dir='ltr'>lib.</span> <span class='ocrx_word' id='word_1_607' title='bbox 945 2699 955 2726; x_wconf 96' lang='lat' dir='ltr'>l</span> <span class='ocrx_word' id='word_1_608' title='bbox 978 2708 1004 2734; x_wconf 89' lang='lat' dir='ltr'>p.</span> <span class='ocrx_word' id='word_1_609' title='bbox 1017 2700 1079 2728; x_wconf 66' lang='lat'><strong>552.</strong></span> 
     </span>
    </p>
   </div>
   <div class='ocr_carea' id='block_1_92' title="bbox 296 2745 616 2781">
    <p class='ocr_par' dir='ltr' id='par_1_92' title="bbox 296 2745 616 2781">
     <span class='ocr_line' id='line_1_92' title="bbox 296 2745 616 2781; baseline -0.006 -7"><span class='ocrx_word' id='word_1_610' title='bbox 296 2747 337 2774; x_wconf 89' lang='lat' dir='ltr'>Cl&#39;.</span> <span class='ocrx_word' id='word_1_611' title='bbox 351 2754 432 2781; x_wconf 84' lang='lat' dir='ltr'>supra</span> <span class='ocrx_word' id='word_1_612' title='bbox 444 2745 502 2781; x_wconf 76' lang='lat'>§28</span> <span class='ocrx_word' id='word_1_613' title='bbox 512 2746 616 2781; x_wconf 78' lang='lat' dir='ltr'>p.117.</span> 
     </span>
    </p>
   </div>
   <div class='ocr_carea' id='block_1_93' title="bbox 330 2791 1077 2828">
    <p class='ocr_par' dir='ltr' id='par_1_93' title="bbox 330 2791 1077 2828">
     <span class='ocr_line' id='line_1_93' title="bbox 330 2791 1077 2828; baseline 0 -10"><span class='ocrx_word' id='word_1_614' title='bbox 330 2792 368 2827; x_wconf 82' lang='lat'>(‘2)</span> <span class='ocrx_word' id='word_1_615' title='bbox 382 2791 457 2818; x_wconf 83' lang='lat' dir='ltr'>Hanc</span> <span class='ocrx_word' id='word_1_616' title='bbox 472 2791 650 2827; x_wconf 82' lang='lat' dir='ltr'>appendicem</span> <span class='ocrx_word' id='word_1_617' title='bbox 663 2792 859 2828; x_wconf 83' lang='lat' dir='ltr'>descripsimus</span> <span class='ocrx_word' id='word_1_618' title='bbox 874 2799 956 2826; x_wconf 87' lang='lat' dir='ltr'>supra</span> <span class='ocrx_word' id='word_1_619' title='bbox 972 2791 986 2826; x_wconf 62' lang='grc' dir='ltr'><strong>ἓ</strong></span> <span class='ocrx_word' id='word_1_620' title='bbox 1002 2791 1031 2818; x_wconf 83' lang='grc' dir='ltr'>Η</span> <span class='ocrx_word' id='word_1_621' title='bbox 1050 2798 1077 2825; x_wconf 90' lang='lat' dir='ltr'>p.</span> 
     </span>
    </p>
   </div>
   <div class='ocr_carea' id='block_1_94' title="bbox 295 2836 671 2869">
    <p class='ocr_par' dir='ltr' id='par_1_94' title="bbox 295 2836 671 2869">
     <span class='ocr_line' id='line_1_94' title="bbox 295 2836 671 2869; baseline -0.003 -5"><span class='ocrx_word' id='word_1_622' title='bbox 295 2837 340 2869; x_wconf 79' lang='lat'>&#39;56,</span> <span class='ocrx_word' id='word_1_623' title='bbox 355 2836 477 2864; x_wconf 77' lang='lat' dir='ltr'>codicem</span> <span class='ocrx_word' id='word_1_624' title='bbox 495 2837 561 2864; x_wconf 86' lang='lat' dir='ltr'>ibid.</span> <span class='ocrx_word' id='word_1_625' title='bbox 573 2842 629 2864; x_wconf 85' lang='lat' dir='ltr'>not.</span> <span class='ocrx_word' id='word_1_626' title='bbox 646 2838 671 2864; x_wconf 80' lang='grc'><strong>1.</strong></span> 
     </span>
    </p>
   </div>
   <div class='ocr_carea' id='block_1_95' title="bbox 331 2882 733 2919">
    <p class='ocr_par' dir='ltr' id='par_1_95' title="bbox 331 2882 733 2919">
     <span class='ocr_line' id='line_1_95' title="bbox 331 2882 733 2919; baseline -0.002 -9"><span class='ocrx_word' id='word_1_627' title='bbox 331 2883 369 2919; x_wconf 79' lang='grc'><strong>(5)</strong></span> <span class='ocrx_word' id='word_1_628' title='bbox 385 2882 474 2917; x_wconf 84' lang='lat' dir='ltr'>Supra</span> <span class='ocrx_word' id='word_1_629' title='bbox 493 2882 506 2917; x_wconf 84' lang='lat'>§</span> <span class='ocrx_word' id='word_1_630' title='bbox 523 2883 564 2909; x_wconf 72' lang='grc'><strong>14.</strong></span> <span class='ocrx_word' id='word_1_631' title='bbox 578 2890 605 2916; x_wconf 89' lang='lat' dir='ltr'>p.</span> <span class='ocrx_word' id='word_1_632' title='bbox 622 2884 656 2910; x_wconf 68' lang='grc'>49</span> <span class='ocrx_word' id='word_1_633' title='bbox 673 2891 733 2917; x_wconf 83' lang='lat' dir='ltr'>sqq.</span> 
     </span>
    </p>
   </div>
   <div class='ocr_carea' id='block_1_96' title="bbox 331 2927 1079 2964">
    <p class='ocr_par' dir='ltr' id='par_1_96' title="bbox 331 2927 1079 2964">
     <span class='ocr_line' id='line_1_96' title="bbox 331 2927 1079 2964; baseline -0.003 -8"><span class='ocrx_word' id='word_1_634' title='bbox 331 2928 369 2964; x_wconf 68' lang='grc'><strong>(6)</strong></span> <span class='ocrx_word' id='word_1_635' title='bbox 382 2927 495 2955; x_wconf 82' lang='lat' dir='ltr'>Tcxtum</span> <span class='ocrx_word' id='word_1_636' title='bbox 505 2935 632 2963; x_wconf 76' lang='lat' dir='ltr'>graecum</span> <span class='ocrx_word' id='word_1_637' title='bbox 646 2937 661 2956; x_wconf 85' lang='lat' dir='ltr'>e</span> <span class='ocrx_word' id='word_1_638' title='bbox 672 2929 765 2956; x_wconf 80' lang='lat' dir='ltr'>codice</span> <span class='ocrx_word' id='word_1_639' title='bbox 779 2928 944 2962; x_wconf 84' lang='lat' dir='ltr'>descriptum</span> <span class='ocrx_word' id='word_1_640' title='bbox 960 2927 1027 2962; x_wconf 76' lang='lat' dir='ltr'>legis</span> <span class='ocrx_word' id='word_1_641' title='bbox 1038 2927 1079 2954; x_wconf 91' lang='lat' dir='ltr'>in-</span> 
     </span>
    </p>
   </div>
   <div class='ocr_carea' id='block_1_97' title="bbox 1136 2307 1922 2349">
    <p class='ocr_par' dir='ltr' id='par_1_97' title="bbox 1136 2307 1922 2349">
     <span class='ocr_line' id='line_1_97' title="bbox 1136 2307 1922 2349; baseline 0.01 -13"><span class='ocrx_word' id='word_1_642' title='bbox 1136 2309 1221 2337; x_wconf 83' lang='lat' dir='ltr'>certo</span> <span class='ocrx_word' id='word_1_643' title='bbox 1237 2307 1342 2338; x_wconf 86' lang='lat' dir='ltr'>dicere</span> <span class='ocrx_word' id='word_1_644' title='bbox 1361 2308 1473 2347; x_wconf 89' lang='lat' dir='ltr'>nequis</span> <span class='ocrx_word' id='word_1_645' title='bbox 1487 2308 1539 2349; x_wconf 90' lang='lat'>(7).</span> <span class='ocrx_word' id='word_1_646' title='bbox 1561 2310 1679 2340; x_wconf 79' lang='lat' dir='ltr'>Rursus</span> <span class='ocrx_word' id='word_1_647' title='bbox 1693 2312 1816 2342; x_wconf 86' lang='lat' dir='ltr'>Macarii</span> <span class='ocrx_word' id='word_1_648' title='bbox 1831 2322 1922 2344; x_wconf 89' lang='lat' dir='ltr'>men-</span> 
     </span>
    </p>
   </div>
   <div class='ocr_carea' id='block_1_98' title="bbox 1135 2356 1922 2400">
    <p class='ocr_par' dir='ltr' id='par_1_98' title="bbox 1135 2356 1922 2400">
     <span class='ocr_line' id='line_1_98' title="bbox 1135 2356 1922 2400; baseline 0.011 -14"><span class='ocrx_word' id='word_1_649' title='bbox 1135 2356 1180 2386; x_wconf 90' lang='lat' dir='ltr'>tio</span> <span class='ocrx_word' id='word_1_650' title='bbox 1198 2356 1232 2387; x_wconf 85' lang='lat' dir='ltr'>ﬁt</span> <span class='ocrx_word' id='word_1_651' title='bbox 1248 2357 1281 2387; x_wconf 92' lang='lat' dir='ltr'>in</span> <span class='ocrx_word' id='word_1_652' title='bbox 1299 2357 1361 2388; x_wconf 82' lang='lat' dir='ltr'>vita</span> <span class='ocrx_word' id='word_1_653' title='bbox 1388 2359 1464 2389; x_wconf 89' lang='lat' dir='ltr'>Iusti</span> <span class='ocrx_word' id='word_1_654' title='bbox 1486 2359 1625 2400; x_wconf 84' lang='lat' dir='ltr'>episcopi</span> <span class='ocrx_word' id='word_1_655' title='bbox 1647 2361 1864 2400; x_wconf 85' lang='lat' dir='ltr'>Lugdunensis</span> <span class='ocrx_word' id='word_1_656' title='bbox 1883 2365 1922 2395; x_wconf 88' lang='lat' dir='ltr'>ab</span> 
     </span>
    </p>
   </div>
   <div class='ocr_carea' id='block_1_99' title="bbox 1136 2407 1923 2451">
    <p class='ocr_par' dir='ltr' id='par_1_99' title="bbox 1136 2407 1923 2451">
     <span class='ocr_line' id='line_1_99' title="bbox 1136 2407 1923 2451; baseline 0.011 -17"><span class='ocrx_word' id='word_1_657' title='bbox 1136 2413 1295 2445; x_wconf 84' lang='lat' dir='ltr'>anonymo</span> <span class='ocrx_word' id='word_1_658' title='bbox 1318 2407 1456 2446; x_wconf 90' lang='lat' dir='ltr'>quodam</span> <span class='ocrx_word' id='word_1_659' title='bbox 1479 2408 1645 2449; x_wconf 88' lang='lat' dir='ltr'>descripta,</span> <span class='ocrx_word' id='word_1_660' title='bbox 1666 2419 1746 2450; x_wconf 85' lang='lat' dir='ltr'>quae</span> <span class='ocrx_word' id='word_1_661' title='bbox 1766 2412 1882 2451; x_wconf 85' lang='lat' dir='ltr'>prodiit</span> <span class='ocrx_word' id='word_1_662' title='bbox 1906 2422 1923 2444; x_wconf 90' lang='lat' dir='ltr'>c</span> 
     </span>
    </p>
   </div>
   <div class='ocr_carea' id='block_1_100' title="bbox 1140 2455 1923 2497">
    <p class='ocr_par' dir='ltr' id='par_1_100' title="bbox 1140 2455 1923 2497">
     <span class='ocr_line' id='line_1_100' title="bbox 1140 2455 1923 2497; baseline 0.01 -12"><span class='ocrx_word' id='word_1_663' title='bbox 1140 2455 1249 2486; x_wconf 89' lang='lat' dir='ltr'>codice</span> <span class='ocrx_word' id='word_1_664' title='bbox 1263 2457 1386 2487; x_wconf 82' lang='lat' dir='ltr'>XXXIII</span> <span class='ocrx_word' id='word_1_665' title='bbox 1397 2458 1534 2497; x_wconf 83' lang='lat' dir='ltr'>Reginae</span> <span class='ocrx_word' id='word_1_666' title='bbox 1548 2460 1688 2490; x_wconf 88' lang='lat' dir='ltr'>Sueciac.</span> <span class='ocrx_word' id='word_1_667' title='bbox 1710 2462 1814 2492; x_wconf 89' lang='lat' dir='ltr'>Iustus</span> <span class='ocrx_word' id='word_1_668' title='bbox 1838 2463 1923 2493; x_wconf 87' lang='lat' dir='ltr'>enim</span> 
     </span>
    </p>
   </div>
   <div class='ocr_carea' id='block_1_101' title="bbox 1139 2506 1922 2552">
    <p class='ocr_par' dir='ltr' id='par_1_101' title="bbox 1139 2506 1922 2552">
     <span class='ocr_line' id='line_1_101' title="bbox 1139 2506 1922 2552; baseline 0.011 -17"><span class='ocrx_word' id='word_1_669' title='bbox 1139 2506 1307 2546; x_wconf 87' lang='lat' dir='ltr'>episcopus</span> <span class='ocrx_word' id='word_1_670' title='bbox 1317 2513 1449 2538; x_wconf 83' lang='lat' dir='ltr'>exeunte</span> <span class='ocrx_word' id='word_1_671' title='bbox 1457 2517 1538 2540; x_wconf 84' lang='lat' dir='ltr'>saec.</span> <span class='ocrx_word' id='word_1_672' title='bbox 1547 2511 1586 2540; x_wconf 82' lang='lat' dir='ltr'>IV</span> <span class='ocrx_word' id='word_1_673' title='bbox 1595 2513 1677 2550; x_wconf 81' lang='lat' dir='ltr'>Acgy</span> <span class='ocrx_word' id='word_1_674' title='bbox 1681 2514 1767 2551; x_wconf 88' lang='lat' dir='ltr'>ptum</span> <span class='ocrx_word' id='word_1_675' title='bbox 1779 2513 1922 2552; x_wconf 89' lang='lat' dir='ltr'>petierat.</span> 
     </span>
    </p>
   </div>
   <div class='ocr_carea' id='block_1_102' title="bbox 1137 2555 1923 2599">
    <p class='ocr_par' dir='ltr' id='par_1_102' title="bbox 1137 2555 1923 2599">
     <span class='ocr_line' id='line_1_102' title="bbox 1137 2555 1923 2599; baseline 0.014 -15"><span class='ocrx_word' id='word_1_676' title='bbox 1137 2555 1172 2585; x_wconf 91' lang='lat' dir='ltr'>In</span> <span class='ocrx_word' id='word_1_677' title='bbox 1195 2556 1283 2586; x_wconf 87' lang='lat' dir='ltr'>cuius</span> <span class='ocrx_word' id='word_1_678' title='bbox 1293 2557 1354 2588; x_wconf 85' lang='lat' dir='ltr'>vita</span> <span class='ocrx_word' id='word_1_679' title='bbox 1375 2559 1508 2598; x_wconf 89' lang='lat' dir='ltr'>scriptor</span> <span class='ocrx_word' id='word_1_680' title='bbox 1526 2560 1706 2599; x_wconf 85' lang='lat' dir='ltr'>incognitus</span> <span class='ocrx_word' id='word_1_681' title='bbox 1726 2562 1804 2594; x_wconf 85' lang='lat' dir='ltr'>haec</span> <span class='ocrx_word' id='word_1_682' title='bbox 1829 2564 1923 2596; x_wconf 83' lang='lat' dir='ltr'>verba</span> 
     </span>
    </p>
   </div>
   <div class='ocr_carea' id='block_1_103' title="bbox 1137 2654 1921 2696">
    <p class='ocr_par' dir='ltr' id='par_1_103' title="bbox 1137 2654 1921 2696">
     <span class='ocr_line' id='line_1_103' title="bbox 1137 2654 1921 2696; baseline 0.014 -16"><span class='ocrx_word' id='word_1_683' title='bbox 1137 2654 1177 2681; x_wconf 73' lang='lat' dir='ltr'>ira</span> <span class='ocrx_word' id='word_1_684' title='bbox 1192 2655 1219 2682; x_wconf 91' lang='lat' dir='ltr'>in</span> <span class='ocrx_word' id='word_1_685' title='bbox 1231 2654 1329 2682; x_wconf 85' lang='lat' dir='ltr'>harum</span> <span class='ocrx_word' id='word_1_686' title='bbox 1342 2655 1540 2689; x_wconf 80' lang='lat' dir='ltr'>Quaestionum</span> <span class='ocrx_word' id='word_1_687' title='bbox 1555 2659 1711 2695; x_wconf 82' lang='lat' dir='ltr'>Appendice</span> <span class='ocrx_word' id='word_1_688' title='bbox 1727 2662 1818 2696; x_wconf 88' lang='lat' dir='ltr'>priore</span> <span class='ocrx_word' id='word_1_689' title='bbox 1835 2663 1888 2691; x_wconf 89' lang='lat' dir='ltr'>sub</span> <span class='ocrx_word' id='word_1_690' title='bbox 1900 2663 1921 2691; x_wconf 85' lang='lat' dir='ltr'>V</span> 
     </span>
    </p>
   </div>
   <div class='ocr_carea' id='block_1_104' title="bbox 1136 2701 1195 2728">
    <p class='ocr_par' dir='ltr' id='par_1_104' title="bbox 1136 2701 1195 2728">
     <span class='ocr_line' id='line_1_104' title="bbox 1136 2701 1195 2728; baseline 0.034 -2"><span class='ocrx_word' id='word_1_691' title='bbox 1136 2701 1195 2728; x_wconf 75' lang='lat'>1.2.</span> 
     </span>
    </p>
   </div>
   <div class='ocr_carea' id='block_1_105' title="bbox 1170 2745 1923 2784">
    <p class='ocr_par' dir='ltr' id='par_1_105' title="bbox 1170 2745 1923 2784">
     <span class='ocr_line' id='line_1_105' title="bbox 1170 2745 1923 2784; baseline 0.013 -12"><span class='ocrx_word' id='word_1_692' title='bbox 1170 2745 1208 2780; x_wconf 81' lang='grc'>(5)</span> <span class='ocrx_word' id='word_1_693' title='bbox 1226 2745 1291 2774; x_wconf 88' lang='lat' dir='ltr'>Eius</span> <span class='ocrx_word' id='word_1_694' title='bbox 1304 2750 1396 2775; x_wconf 76' lang='lat' dir='ltr'>textus</span> <span class='ocrx_word' id='word_1_695' title='bbox 1407 2755 1521 2782; x_wconf 80' lang='lat' dir='ltr'>graecus</span> <span class='ocrx_word' id='word_1_696' title='bbox 1545 2750 1645 2784; x_wconf 77' lang='lat' dir='ltr'>lcgitur</span> <span class='ocrx_word' id='word_1_697' title='bbox 1666 2759 1681 2779; x_wconf 89' lang='lat' dir='ltr'>e</span> <span class='ocrx_word' id='word_1_698' title='bbox 1702 2753 1795 2781; x_wconf 87' lang='lat' dir='ltr'>codice</span> <span class='ocrx_word' id='word_1_699' title='bbox 1816 2754 1923 2782; x_wconf 75' lang='lat' dir='ltr'>desrri-</span> 
     </span>
    </p>
   </div>
   <div class='ocr_carea' id='block_1_106' title="bbox 1134 2790 1923 2861">
    <p class='ocr_par' dir='ltr' id='par_1_106' title="bbox 1134 2790 1923 2861">
     <span class='ocr_line' id='line_1_106' title="bbox 1134 2790 1923 2861; baseline 0.015 -45"><span class='ocrx_word' id='word_1_700' title='bbox 1134 2790 1280 2861; x_wconf 36' lang='lat' dir='ltr'>ptus‘ifnl&#39;ra</span> <span class='ocrx_word' id='word_1_701' title='bbox 1293 2792 1321 2819; x_wconf 93' lang='lat' dir='ltr'>in</span> <span class='ocrx_word' id='word_1_702' title='bbox 1336 2792 1433 2820; x_wconf 84' lang='lat' dir='ltr'>harum</span> <span class='ocrx_word' id='word_1_703' title='bbox 1445 2794 1643 2826; x_wconf 81' lang='lat' dir='ltr'>Quaestionum</span> <span class='ocrx_word' id='word_1_704' title='bbox 1654 2798 1809 2832; x_wconf 74' lang='lat' dir='ltr'>Appendirc</span> <span class='ocrx_word' id='word_1_705' title='bbox 1828 2800 1923 2834; x_wconf 80' lang='lat' dir='ltr'>priore</span> 
     </span>
     <span class='ocr_line' id='line_1_107' title="bbox 1135 2837 1282 2861; baseline 0 0"><span class='ocrx_word' id='word_1_706' title='bbox 1135 2837 1187 2861; x_wconf 84' lang='lat' dir='ltr'>sub</span> <span class='ocrx_word' id='word_1_707' title='bbox 1227 2858 1233 2861; x_wconf 90' lang='lat'><strong>.</strong></span> <span class='ocrx_word' id='word_1_708' title='bbox 1255 2837 1282 2861; x_wconf 81' lang='lat'>5.</span> 
     </span>
    </p>
   </div>
   <div class='ocr_carea' id='block_1_107' title="bbox 1135 2837 1282 2868">
    <p class='ocr_par' dir='ltr' id='par_1_107' title="bbox 1135 2837 1282 2868">
     <span class='ocr_line' id='line_1_108' title="bbox 1135 2837 1282 2868; baseline 0.007 -5"><span class='ocrx_word' id='word_1_709' title='bbox 1135 2837 1187 2863; x_wconf 87' lang='lat' dir='ltr'>sub</span> <span class='ocrx_word' id='word_1_710' title='bbox 1203 2837 1234 2868; x_wconf 87' lang='lat' dir='ltr'>V,</span> <span class='ocrx_word' id='word_1_711' title='bbox 1255 2837 1282 2864; x_wconf 82' lang='lat'>5.</span> 
     </span>
    </p>
   </div>
   <div class='ocr_carea' id='block_1_108' title="bbox 1170 2883 1772 2923">
    <p class='ocr_par' dir='ltr' id='par_1_108' title="bbox 1170 2883 1772 2923">
     <span class='ocr_line' id='line_1_109' title="bbox 1170 2883 1772 2923; baseline 0.013 -15"><span class='ocrx_word' id='word_1_712' title='bbox 1170 2883 1208 2917; x_wconf 84' lang='lat'>(6)</span> <span class='ocrx_word' id='word_1_713' title='bbox 1226 2883 1281 2910; x_wconf 71' lang='lat' dir='ltr'><strong>AA.</strong></span> <span class='ocrx_word' id='word_1_714' title='bbox 1304 2883 1353 2911; x_wconf 86' lang='lat' dir='ltr'>SS.</span> <span class='ocrx_word' id='word_1_715' title='bbox 1374 2885 1437 2912; x_wconf 75' lang='lat' dir='ltr'>Bell.</span> <span class='ocrx_word' id='word_1_716' title='bbox 1460 2885 1521 2913; x_wconf 84' lang='lat' dir='ltr'>Mai.</span> <span class='ocrx_word' id='word_1_717' title='bbox 1544 2886 1576 2913; x_wconf 89' lang='grc' dir='ltr'>Τ.</span> <span class='ocrx_word' id='word_1_718' title='bbox 1598 2886 1630 2914; x_wconf 83' lang='lat' dir='ltr'>Ill</span> <span class='ocrx_word' id='word_1_719' title='bbox 1652 2897 1678 2923; x_wconf 88' lang='lat' dir='ltr'>p.</span> <span class='ocrx_word' id='word_1_720' title='bbox 1699 2889 1748 2916; x_wconf 72' lang='lat'>357</span> <span class='ocrx_word' id='word_1_721' title='bbox 1763 2901 1772 2907; x_wconf 64' lang='grc' dir='ltr'>ι</span> 
     </span>
    </p>
   </div>
   <div class='ocr_carea' id='block_1_109' title="bbox 1169 2929 1655 2967">
    <p class='ocr_par' dir='ltr' id='par_1_109' title="bbox 1169 2929 1655 2967">
     <span class='ocr_line' id='line_1_110' title="bbox 1169 2929 1655 2967; baseline 0.01 -12"><span class='ocrx_word' id='word_1_722' title='bbox 1169 2929 1207 2964; x_wconf 78' lang='lat'>(7)</span> <span class='ocrx_word' id='word_1_723' title='bbox 1226 2929 1293 2957; x_wconf 79' lang='lat' dir='ltr'>ibid.</span> <span class='ocrx_word' id='word_1_724' title='bbox 1315 2930 1416 2958; x_wconf 73' lang='lat' dir='ltr'>Maf.T.</span> <span class='ocrx_word' id='word_1_725' title='bbox 1437 2931 1480 2958; x_wconf 52' lang='lat' dir='ltr'>\‘ll</span> <span class='ocrx_word' id='word_1_726' title='bbox 1501 2941 1525 2967; x_wconf 90' lang='lat' dir='ltr'>p.</span> <span class='ocrx_word' id='word_1_727' title='bbox 1548 2933 1607 2966; x_wconf 73' lang='grc'><strong>131,</strong></span> <span class='ocrx_word' id='word_1_728' title='bbox 1625 2933 1655 2961; x_wconf 78' lang='lat' dir='ltr'>F.</span> 
     </span>
    </p>
   </div>
  </div>
