2060 3153
175 194 228 223 ιω

933 199 1048 228 νιτΑΕ.

1746 209 1798 237 158

175 251 250 282 facit
270 259 278 280 :
300 262 315 279 α
338 251 404 290 Ego
428 254 538 304 autem»
553 251 623 291 ipse
642 255 783 284 sanctum
809 254 967 293 quendam
983 260 1004 287 A
1019 256 1129 294 Pater,
1168 266 1227 297 ego
1258 267 1276 289 a
1301 262 1332 290 te
1367 260 1438 291 volo
1473 260 1628 293 benedici.
1660 264 1800 304 Cumque

176 302 395 343 presbyterum
415 310 516 342 paene
530 302 591 332 iam
614 304 859 342 nonagenariam
878 308 962 336 aeta-

175 356 240 383 tem
260 355 404 391 agentem
420 351 495 389 vidi,
508 352 597 383 cuius
614 352 692 384 mihi
713 352 865 384 relatione
885 354 963 386 haec

176 405 334 441 comperta
361 403 450 438 sunt;
474 410 546 432 nam
566 401 599 432 in
624 411 768 433 sermone
788 403 855 434 eius
874 405 964 444 quasi

175 455 298 482 sanctae
312 450 462 481 historiae
477 450 554 480 ﬁdes
565 451 675 482 inerat.
691 451 869 489 Referebat,
884 461 918 483 se
930 453 963 483 in

172 495 233 530 illis
248 501 345 531 eremi
360 501 502 541 partibus
517 501 570 531 diu
586 504 741 532 moratum
768 501 876 539 fuisse,
903 511 962 534 nec

171 550 272 580 solum
287 551 401 581 vidisse
419 550 591 581 beatissimi
608 551 744 582 nominis
759 553 890 589 Iustum,
907 552 963 583 sed

170 599 262 630 etiam
279 599 486 631 familiaritate
498 600 565 630 eius
575 609 667 630 usum
675 600 783 637 fuisse,
793 609 828 632 ac
839 602 960 640 magni—

170 650 265 681 ﬁcum
281 651 465 690 apparuisse
480 651 562 681 inter
575 650 658 687 illos,
684 651 738 690 qui
752 654 825 682 tunc
838 651 872 682 in
890 661 961 683 ere-

170 709 224 731 mo
243 701 486 732 revelationibus
514 705 608 741 atque
630 701 795 732 virtutibus
813 705 960 742 tanquam

171 760 285 790 magna
295 751 459 783 luminaria
467 752 674 790 refulgebant,
682 755 824 782 sanctum
835 752 960 783 Macha-

172 802 266 839 rium,
282 801 458 832 Pafnutium
473 805 669 840 ceterosque,
691 810 826 841 quorum
845 802 960 832 sancti-

173 851 244 882 tatis
257 852 339 882 fama
357 861 413 892 per
432 852 590 882 Orientem
603 852 726 890 vigebat
738 851 791 891 (l).
806 863 819 879 »
833 851 960 882 Bollan-

173 902 271 933 distae
285 903 451 933 Macarium
475 892 663 942 Aegyptium
684 902 783 932 Sectis
804 902 958 939 abbatem,

173 951 227 982 ubi
243 952 334 982 etiam
347 952 542 992 Paphnutius
558 952 653 983 abbas
669 951 811 990 degebat,
827 951 960 991 intelligi

173 1002 255 1032 haud
272 1005 390 1033 temere
410 1002 548 1033 arbitrati
566 1006 638 1032 sunt
654 1001 707 1042 (2).
717 1001 828 1032 Verbis
840 1024 848 1038 ,
862 1013 876 1029 ς(
889 1005 958 1033 tan-

171 1061 265 1092 quam
281 1061 393 1091 magna
409 1052 572 1084 luminaria
587 1052 816 1092 refulgebant.»
826 1054 960 1094 scriptor

169 1109 346 1141 anonymus
361 1102 400 1133 ad
422 1102 529 1133 Ruﬁni
553 1102 667 1133 librum
691 1105 847 1143 respicere
870 1104 959 1134 vide-

169 1154 220 1182 tur
242 1151 294 1191 (3).
313 1151 456 1191 Denique
482 1146 573 1191 plura
597 1152 744 1191 leguntur
764 1153 802 1183 de
825 1153 959 1185 Macario

169 1202 322 1242 Aegyptio
343 1202 376 1232 in
398 1202 459 1233 vita
484 1203 515 1232 S.
543 1202 730 1242 Apollinaris
753 1203 957 1242 Syncleticae,

169 1252 346 1283 Dorotheus
365 1255 576 1292 nuncupatae,
592 1261 686 1292 quam
701 1253 762 1282 iam
784 1253 959 1284 accuratius

170 1305 405 1340 pertractemus.
416 1301 543 1332 Summa
557 1304 662 1332 autem
678 1310 882 1341 rerum,quae
892 1302 959 1333 eius

169 1351 227 1382 vita
243 1351 455 1388 continentur,
470 1351 532 1382 huc
549 1351 629 1381 redit
648 1360 653 1381 ε

206 1401 395 1441 Apollinaris
405 1401 502 1440 virgo,
512 1401 668 1432 Anthemii
677 1401 874 1441 imperatoris
883 1401 957 1439 ﬁlia,

169 1451 248 1482 vitae
269 1451 475 1482 monachicae
499 1452 602 1482 studio
626 1455 704 1488 acta,
731 1460 829 1491 quum
853 1457 959 1484 sancta

169 1502 237 1532 loca
259 1501 414 1532 invisisset
429 1505 459 1532 et
480 1501 696 1532 Alexandriam
719 1502 903 1540 navigasset,
919 1503 958 1533 ad

168 1551 370 1591 sepulchrum
398 1552 430 1582 S.
465 1552 598 1582 Mennae
621 1552 716 1582 venit.
745 1552 822 1582 Inde
853 1556 958 1592 patres

1014 305 1165 337 fecissent
1181 316 1303 348 preces,
1333 309 1492 340 sederunt.
1516 312 1588 342 Eam
1612 315 1716 343 autem
1745 322 1800 345 ro-

1015 356 1096 394 gavit
1127 358 1222 389 abbas
1252 359 1402 390 Macarius
1435 360 1541 392 dicens
1572 370 1580 392 :
1612 362 1665 393 Dic
1700 363 1798 402 mihi,

1013 403 1120 442 frater,
1142 406 1301 437 undenam
1318 408 1416 444 venis,
1433 412 1464 439 et
1488 410 1573 449 quod
1598 415 1645 441 est
1661 411 1717 442 tibi
1738 421 1799 444 no-

1013 455 1107 486 men?
1119 455 1172 487 Illa
1182 465 1256 487 vero
1268 457 1345 488 dixit
1357 467 1363 488 :
1378 459 1481 489 Voeor
1491 460 1675 498 Dorotheus,
1688 464 1798 493 etcum

1013 505 1182 537 audiissem
1202 507 1241 538 de
1256 509 1382 546 sanctis,
1408 510 1462 548 qui
1481 509 1531 541 hic
1547 515 1629 547 sunt,
1644 513 1797 549 Patribus,

1011 556 1096 587 volui
1119 566 1181 588 una
1206 567 1276 588 cum
1300 559 1339 590 iis
1366 559 1518 597 habitare,
1544 559 1569 590 si
1592 561 1650 591 sim
1674 561 1797 600 dignus.

1012 607 1091 638 Dicit
1109 612 1213 639 autem
1229 609 1258 639 ei
1275 618 1383 640 rursus
1400 618 1497 640 senex
1514 619 1520 639 :
1538 610 1699 646 Quodnam
1719 620 1799 652 Opus

1011 656 1110 688 facis?
1124 659 1168 689 Ea
1182 667 1254 689 vero
1273 659 1368 690 dicit:
1392 660 1526 696 Faciam,
1545 661 1571 690 si
1586 661 1662 700 quid
1685 670 1735 692 me
1749 663 1798 693 iu-

1011 707 1079 738 bes.
1096 708 1125 738 Is
1139 711 1241 739 autem
1254 708 1390 739 ostendit
1410 709 1450 746 ei,
1465 713 1499 739 ut
1515 709 1631 740 faceret
1646 714 1798 742 catenam.

1010 757 1093 788 Deus
1110 766 1185 789 vero
1200 758 1309 789 volens
1326 759 1492 789 ostendere
1508 759 1575 790 eius
1592 760 1688 790 animi
1708 760 1799 792 forti-

1010 807 1162 845 tudinem,
1178 816 1244 839 non
1259 808 1426 839 declaravit
1444 809 1549 839 abbati
1568 810 1712 847 Macario,
1730 819 1800 843 eam

1012 862 1080 885 esse
1105 855 1265 893 feminam,
1290 857 1345 887 sed
1365 857 1391 887 is
1407 861 1557 897 tanquam
1574 858 1674 889 virum
1696 868 1798 890 eunu-

1011 902 1104 934 chum
1121 913 1189 935 eam
1212 914 1280 935 esse
1297 905 1435 945 putabat.
1457 906 1568 937 Multas
1590 910 1694 937 autem
1709 916 1799 939 cura-

1010 953 1113 985 tiones
1130 955 1211 985 Deus
1222 964 1280 994 per
1294 964 1362 986 eam
1380 955 1501 995 peregit
1518 956 1570 996 (5).
1589 967 1603 984 ››
1618 958 1659 987 Ac
1673 961 1798 988 sanctae

1011 1002 1138 1041 quidem
1152 1012 1214 1034 una
1226 1003 1292 1034 sola
1304 1008 1370 1035 erat
1383 1013 1484 1041 soror,
1500 1007 1589 1044 capta
1599 1013 1617 1036 a
1631 1005 1797 1045 daemone,

1010 1052 1065 1091 qui
1086 1052 1224 1084 lacerare
1250 1063 1317 1085 eam
1342 1055 1447 1094 coepit
1468 1059 1499 1086 et
1524 1055 1651 1085 dicere:
1678 1057 1743 1087 Nisi
1763 1056 1798 1088 in

1010 1103 1211 1134 solitudinem
1225 1112 1276 1134 me
1291 1105 1435 1142 tuleritis,
1457 1113 1521 1135 non
1537 1105 1680 1143 egrediar
1695 1115 1734 1137 ex
1748 1115 1796 1138 ea.

1009 1153 1148 1183 Tandem
1161 1153 1332 1192 imperator
1346 1162 1461 1192 magno
1475 1162 1546 1184 cum
1564 1154 1714 1185 comitatu
1728 1163 1798 1186 eam

1010 1202 1049 1232 ad
1073 1205 1176 1242 patres
1201 1202 1379 1233 solitudinis
1404 1203 1531 1233 dimisit.
1565 1215 1579 1230 «
1610 1204 1750 1244 Cumque
1773 1205 1798 1236 ii

1009 1251 1167 1282 venissent
1180 1251 1213 1282 in
1232 1252 1358 1289 Scetim,
1381 1252 1467 1282 novit
1485 1253 1516 1282 S.
1536 1253 1697 1290 Macarius,
1720 1262 1797 1293 pro-

1009 1303 1080 1341 pter
1105 1310 1273 1341 quamnam
1300 1310 1424 1332 causam
1452 1302 1555 1332 adsint
1577 1303 1610 1332 in
1635 1302 1690 1333 illo
1711 1303 1795 1341 loco,

1008 1350 1111 1390 iisque
1144 1359 1328 1391 progressus
1355 1351 1496 1389 obviam,
1528 1353 1650 1392 excepit
1680 1361 1735 1384 eos
1765 1357 1797 1384 et

1009 1400 1112 1431 dixit:
1136 1401 1214 1437 Quid
1240 1401 1303 1433 huc
1328 1401 1487 1439 acceditis,
1510 1411 1530 1433 ο
1558 1401 1635 1433 ﬁlii?
1653 1403 1701 1433 Illi
1721 1412 1796 1435 vero

1009 1450 1184 1481 dixerunt:
1213 1451 1326 1481 Noster
1349 1451 1494 1492 inprimis
1524 1452 1595 1491 pius
1623 1452 1798 1493 imperator

1007 1500 1189 1531 Anthemius
1208 1501 1291 1532 misit
1314 1501 1409 1532 ﬁliam
1435 1510 1534 1538 suam,
1556 1505 1590 1532 ut
1617 1511 1675 1542 per
1697 1503 1797 1535 Deum

1009 1554 1135 1582 curetur
1149 1554 1180 1582 et
1193 1560 1305 1591 preces
1318 1554 1445 1582 vestras.
1461 1552 1536 1582 Cum
1552 1560 1621 1582 eam
1633 1555 1737 1584 autem
1747 1562 1798 1585 ae-

168 1601 266 1632 Scetis
280 1601 412 1638 aditura,
426 1600 482 1631 ubi
496 1609 597 1641 prope
613 1601 760 1641 paludem
777 1601 810 1632 in
825 1601 956 1639 fontem,
972 1598 992 1627 C
1010 1602 1144 1641 cepisset
1158 1610 1176 1632 a
1197 1603 1276 1639 169
1292 1601 1495 1639 cubiculario,
1516 1602 1643 1633 deduxit
1668 1611 1736 1634 eam
1756 1603 1796 1634 ad

169 1652 223 1691 qui
237 1651 309 1682 fons
323 1651 513 1691 Apollinaris
527 1655 638 1690 postea
657 1651 809 1691 appellari
826 1651 957 1689 solebat,

168 1701 289 1739 incidit,
305 1701 464 1732 lecticario
484 1705 515 1731 et
536 1701 651 1732 comite
669 1701 791 1732 itineris
811 1701 958 1733 eunucho

168 1749 408 1787 dormientibus,
424 1753 527 1780 vestes
542 1750 671 1781 mutavit
690 1750 864 1790 habituque
887 1759 958 1782 m0-

166 1800 311 1838 nachico,
328 1809 423 1840 quem
439 1810 547 1832 secum
561 1801 758 1838 reconderat,
777 1801 900 1838 induto,
924 1802 958 1832 in

167 1850 314 1890 paludem
329 1851 448 1890 effugit.
467 1852 548 1888 168
562 1851 621 1881 Ubi
635 1851 750 1882 multos
770 1860 870 1882 annos
886 1861 958 1883 cum

167 1902 373 1933 daemonibus
388 1906 524 1939 certans,
549 1911 664 1942 corpus
689 1911 707 1932 ει
726 1902 878 1933 culicibus
901 1911 957 1934 ex—

166 1960 255 1983 esum
271 1952 347 1992 pelli
361 1952 526 1983 testudinis
540 1951 641 1982 simile
656 1951 793 1990 gerebat.
810 1952 921 1983 Postea
940 1961 958 1983 a

166 2002 230 2033 Deo
246 2002 368 2039 edocta,
383 2006 418 2033 ut
433 2002 639 2041 interroganti
656 2010 772 2032 nomen
787 2002 886 2042 ipsius
900 2002 959 2033 Do—

165 2052 297 2084 rotheus
320 2053 449 2090 diceret,
466 2061 484 2083 e
503 2052 617 2093 palude
640 2061 765 2091 egressa
785 2055 831 2083 est
853 2061 956 2084 ennu-

166 2102 244 2134 chus
257 2103 298 2134 ab
316 2103 463 2134 omnibus
480 2103 598 2134 habita.
624 2115 638 2131 «
656 2104 731 2132 Cum
754 2105 837 2134 esset
852 2106 955 2133 autem

165 2162 269 2191 mane,
287 2155 424 2186 occurrit
439 2154 468 2185 ei
480 2155 511 2185 S.
526 2154 688 2190 Macarius,
705 2157 736 2184 et
748 2153 822 2184 dicit
837 2154 885 2184 ei:
901 2155 959 2185 Be-

165 2205 270 2242 nedic,
288 2208 388 2245 pater.
403 2205 450 2235 Illi
465 2209 568 2236 autem
588 2205 657 2236 data
674 2205 733 2236 sibi
751 2204 886 2235 invicem
903 2214 956 2236 ca-

1008 1650 1152 1681 abbatem
1162 1650 1365 1688 Dorotheum,
1381 1655 1412 1682 et
1422 1651 1497 1682 dicit
1510 1651 1539 1681 ei
1554 1660 1560 1680 :
1577 1652 1719 1691 Fungere
1730 1653 1797 1683 oﬂi-

1008 1699 1059 1730 cio
1075 1699 1220 1737 caritatis,
1237 1700 1386 1740 quoniam
1403 1703 1449 1731 est
1463 1700 1524 1731 ﬁlia
1538 1700 1748 1740 imperatoris,
1764 1707 1796 1734 et

1009 1757 1090 1789 opus
1104 1749 1197 1781 habet
1206 1754 1329 1790 patrum
1339 1750 1486 1790 precibus
1497 1754 1528 1781 et
1537 1751 1657 1782 vestris.
1667 1752 1726 1782 Ora
1735 1761 1794 1792 pro

1009 1807 1057 1837 ea,
1082 1804 1116 1830 ut
1137 1804 1274 1831 curetur.
1298 1801 1382 1831 Haec
1410 1804 1457 1830 est
1479 1800 1563 1830 enim
1586 1809 1707 1832 merces
1730 1805 1793 1832 tua.

1007 1850 1092 1881 Haec
1107 1853 1213 1884 autem
1228 1859 1300 1882 cum
1315 1850 1475 1888 audiisset,
1491 1851 1597 1890 coepit
1611 1851 1686 1882 ﬂere
1704 1855 1735 1883 et
1751 1852 1796 1883 di-

1007 1907 1102 1931 cere:
1126 1900 1273 1936 Quisnam
1297 1908 1356 1939 ego
1377 1908 1446 1930 sum
1462 1904 1620 1940 peccator,
1643 1901 1727 1940 quod
1755 1902 1796 1933 de

1007 1958 1059 1981 me
1082 1950 1174 1981 talem
1201 1951 1374 1990 concepisti
1400 1949 1603 1990 opinionem?
1629 1951 1795 1992 Flexisque

1008 2000 1141 2039 genibus
1164 2001 1286 2032 dicebat
1309 2009 1315 2031 :
1343 2000 1485 2032 Concede
1514 2000 1602 2038 mihi,
1634 2003 1734 2041 pater,
1759 2005 1796 2033 ut

1007 2059 1078 2082 mea
1095 2054 1222 2090 peccata
1244 2051 1391 2087 deﬂeam;
1415 2059 1488 2081 nam
1508 2051 1604 2082 multa
1624 2055 1707 2082 sunt.
1729 2053 1793 2091 Ego

1007 2101 1090 2133 enim
1102 2110 1171 2132 sum
1185 2100 1371 2137 imbecillus,
1388 2100 1545 2140 planeque
1568 2101 1655 2132 rudis
1668 2105 1698 2133 et
1709 2102 1795 2142 igna-

1007 2160 1061 2182 rus
1073 2151 1110 2182 ad
1126 2151 1207 2182 hanc
1223 2160 1300 2182 rem.
1314 2151 1391 2182 Dicit
1406 2151 1435 2182 ei
1450 2151 1546 2182 abbas
1561 2152 1711 2183 Macarius
1725 2162 1732 2182 :
1747 2154 1794 2184 An

1007 2209 1073 2232 non
1092 2205 1164 2232 sunt
1178 2201 1272 2232 etiam
1292 2201 1343 2232 alii
1357 2205 1472 2241 patres,
1490 2201 1544 2241 qui
1561 2210 1617 2242 per
1641 2202 1738 2233 Deum
1756 2202 1795 2232 si-

165 2255 256 2286 ritate
275 2254 477 2286 ambulabant
495 2255 529 2286 in
548 2255 728 2286 solitudine.
753 2255 958 2293 Interrogavit
973 2267 995 2294 ι)
1009 2262 1070 2293 gna
1082 2252 1220 2284 faciunt?
1238 2252 1299 2284 Sed
1316 2256 1421 2283 tamen
1445 2252 1522 2283 haec
1546 2253 1694 2284 remansit
1709 2261 1793 2283 mer-

164 2312 239 2335 vero
253 2304 431 2335 Dorotheus
455 2304 563 2335 dicens
580 2313 586 2334 :
611 2305 713 2341 Pater,
734 2304 805 2344 quis
824 2303 878 2335 es?
900 2304 955 2336 Ille

165 2358 270 2385 autem
290 2354 386 2385 dixit:
405 2355 470 2393 Ego
493 2363 561 2385 sum
584 2355 745 2385 Macarius.
770 2356 799 2386 Is
817 2363 890 2386 vero
906 2355 955 2386 di-

163 2405 209 2435 xit
226 2415 233 2435 :
248 2406 389 2444 Fungerc
404 2404 507 2436 ofﬁcio
533 2405 686 2441 caritatis;
705 2406 772 2436 sine
793 2414 844 2436 me
865 2405 955 2436 habi-

163 2458 230 2485 tare
247 2464 318 2486 cum
336 2455 494 2486 fratribus.
509 2455 655 2485 Praebuit
669 2458 773 2485 autem
788 2455 817 2485 ei
827 2463 955 2494 quoque

164 2505 275 2536 cellam
292 2506 436 2545 protinus
452 2505 505 2546 (4).
523 2517 538 2533 n
553 2507 615 2536 Isto
631 2506 724 2544 igitur
739 2505 810 2537 loco
830 2506 880 2536 die
894 2514 953 2536 no—

163 2559 281 2595 ctuque
293 2564 386 2586 orans
395 2555 547 2587 acerrime
558 2556 705 2588 certabat.
724 2569 736 2583 (ι
751 2555 889 2592 Quodam
901 2565 954 2586 au-

162 2609 227 2636 tem
239 2605 290 2636 die
300 2606 395 2637 abbas
404 2605 555 2636 Macarius
565 2605 651 2636 venit
661 2606 694 2636 in
711 2606 778 2636 eius
788 2605 910 2642 cellam,
922 2608 952 2636 et

163 2655 239 2687 dicit
260 2655 289 2686 ei
305 2665 312 2686 :
329 2657 470 2695 Fungere
487 2655 590 2687 ofﬁcio
614 2656 759 2693 caritatis,
785 2656 868 2687 honc
887 2656 950 2686 fra-

163 2709 225 2742 ter;
260 2706 367 2737 emitte
396 2706 488 2737 nobis
513 2714 636 2745 preces.
671 2705 721 2736 [lla
751 2714 823 2736 vero
847 2705 950 2736 dicit:

198 2795 237 2829 (Ι)
254 2793 322 2821 Ibid.
339 2794 414 2830 Sept.
429 2794 461 2822 Τ.
481 2795 488 2821 Ι
507 2803 530 2830 p.
550 2795 602 2821 575
617 2801 678 2829 cap.
696 2793 724 2821 4.

198 2839 237 2874 (2)
251 2839 320 2867 Ibid.
338 2848 364 2874 p.
381 2840 432 2867 an
447 2845 503 2867 not.
520 2841 538 2868 f.
557 2840 599 2867 Cf.
617 2847 699 2874 supra
717 2839 730 2875 §
747 2839 781 2866 58
799 2847 824 2873 p.
842 2838 903 2865 162.

200 2885 239 2915 (5)
257 2883 312 2912 νν,
329 2883 381 2911 PP.
398 2883 491 2912 Rosw.
507 2885 554 2911 lib.
571 2885 590 2911 ll
608 2892 669 2919 cap.
682 2884 717 2911 28
733 2892 758 2919 β.
775 2883 837 2913 479.
853 2884 869 2910 Ξ
881 2893 887 2916 ;
900 2882 953 2910 ltu-

165 2929 213 2957 ﬁni
231 2929 301 2965 Opp.
318 2929 361 2956 ed.
378 2929 492 2958 Vallarsi
513 2938 539 2964 p.
559 2930 620 2962 l93,
637 2929 725 2964 Migne
742 2938 767 2964 p.
789 2929 851 2956 450.

1005 2312 1068 2335 ces.
1083 2304 1138 2334 Illa
1151 2311 1226 2334 vero
1241 2303 1334 2334 dicit:
1353 2302 1418 2334 Fiat
1432 2302 1487 2333 Dei
1501 2302 1655 2340 voluntas,
1669 2305 1700 2332 et
1710 2306 1794 2334 mota

1006 2354 1199 2395 poenitentia
1220 2362 1288 2384 eam
1312 2353 1434 2392 accepit
1456 2353 1490 2383 in
1514 2352 1636 2389 cellam,
1657 2355 1687 2382 et
1708 2353 1794 2383 novit

1007 2413 1075 2435 eam
1093 2413 1161 2435 esse
1185 2412 1337 2437 sororem.
1355 2404 1497 2442 ﬂensque
1512 2401 1702 2441 conquievit.
1718 2403 1794 2432 Eam

1007 2459 1110 2486 autem
1125 2454 1268 2494 amplexa
1279 2454 1372 2485 dixit:
1390 2456 1473 2485 Bene
1484 2454 1606 2492 venisti,
1623 2462 1722 2484 soror.
1738 2454 1794 2484 Dci

1007 2514 1081 2536 vero
1106 2514 1202 2545 opere
1219 2504 1278 2536 fuit
1302 2513 1338 2536 os
1355 2505 1548 2536 obstructum
1574 2503 1730 2541 daemoni,
1753 2512 1794 2535 ne

1006 2558 1150 2593 argueret
1158 2555 1302 2586 ancillam
1316 2555 1382 2588 Dei.
1395 2554 1480 2594 quod
1490 2558 1572 2585 esset
1583 2553 1708 2584 femina.
1717 2554 1793 2585 Cum

1005 2608 1109 2635 autem
1126 2604 1261 2636 daemon
1280 2614 1348 2636 eam
1364 2604 1418 2635 diu
1431 2604 1592 2643 allligeret,
1610 2613 1667 2644 pe:-
1682 2614 1793 2644 preces

1011 2663 1081 2685 cum
1104 2655 1223 2685 domuit
1233 2655 1285 2695 (6).
1304 2656 1436 2686 »Sanata
1451 2654 1577 2684 demum
1593 2654 1654 2686 ﬁlia
1664 2655 1791 2687 domum

1006 2705 1173 2736 rediitcum
1186 2714 1296 2744 magna
1307 2705 1437 2736 civitatis
1447 2704 1572 2735 laetitia.
1585 2705 1644 2736 Sed
1654 2708 1792 2745 postmo-

1039 2794 1077 2830 (4)
1095 2793 1150 2821 ΑΔ.
1168 2794 1219 2822 SS.
1237 2794 1304 2822 Boll.
1325 2794 1381 2822 Ian.
1400 2793 1431 2820 Τ.
1451 2794 1459 2821 l
1475 2802 1500 2829 p.
1515 2795 1569 2823 200
1582 2802 1643 2830 cap.
1657 2795 1684 2824 5.

1040 2841 1079 2874 (5)
1097 2840 1166 2868 Ibid.

1043 2886 1080 2923 (6)
1096 2886 1164 2915 Ibid.
1177 2895 1237 2922 cap.
1253 2887 1280 2914 4.
