2060 3153
263 200 316 229 159

665 196 716 225 SS.
740 193 970 224 MACARIORUM
989 191 1151 221 AEGYPTII
1173 189 1217 216 ET
1232 186 1467 216 ALEXANDRINI

1838 180 1890 209 160

264 260 339 291 dum
352 257 497 289 diabolus
515 264 583 288 eam
598 264 706 286 rursus
724 254 765 285 ita
784 252 889 288 subiit,
908 253 944 282 ut
957 258 1050 291 prae-
1066 254 1090 281 Α
1142 255 1202 278 nus
1228 255 1270 276 ne
1297 253 1412 275 nsum.
1440 249 1569 291 QUANDO
1586 245 1889 291 _urimon_rltusa_rtc;r‘o:

263 317 364 348 gnaris
377 307 545 338 videretur.
560 303 756 336 Examinanti
769 305 874 333 autem
884 301 943 331 ista
955 300 1054 339 impe-

264 357 361 389 ratori
380 357 547 395 instigante
566 353 691 386 diabolo
711 351 884 392 reSpondit,
909 358 926 381 a
940 357 1052 380 mona-

264 407 325 440 cho
343 406 499 438 Dorotheo
516 405 642 436 allatum
657 403 716 434 sibi
731 406 875 442 stuprum
893 408 974 431 esse.
996 399 1052 429 Sa-

263 458 415 490 tellitibus
429 457 523 496 igitur
532 455 601 486 irati
613 453 765 495 principis
776 453 810 483 in
822 451 937 482 Scetim
951 449 1055 480 missis

264 508 441 539 Dorotheus
454 507 522 547 ipse
538 515 571 537 se
587 505 710 540 obtulit,
724 503 957 540 abeuntemque
970 502 1055 530 totus

265 562 440 591 conventus
452 557 575 588 tristitia
590 555 721 587 afﬂictus
737 552 885 594 precibus
899 551 963 581 suis
978 558 1055 590 pro-

265 612 391 640 secutus
413 611 471 638 est.
497 619 510 634 α
528 606 652 637 Sciebat
669 604 753 635 enim
775 603 872 634 abbas
892 600 1053 636 Macarius,

265 660 299 690 in
313 658 366 689 illo
380 657 456 688 nihil
476 665 544 687 esse
560 655 643 687 mali.
664 666 678 682 ι)
699 653 745 685 Ad
763 652 867 684 aulam
888 650 1056 682 deductam

267 718 363 750 quum
386 709 556 748 imperator
578 713 722 745 uxorque
746 703 813 735 eius
842 701 1054 742 excepissent,

266 769 303 791 ac
327 768 361 790 se
381 759 503 790 detecta
525 757 653 787 veritate
677 754 861 786 dimissuros
887 760 957 782 eam
988 759 1057 781 esse

268 808 495 848 promisissent,
511 806 604 836 ﬁliam
618 805 761 844 ipsorum
783 811 817 833 se
836 801 889 832 illa
901 799 1056 836 exhibuit,

267 866 440 898 sororeque
455 860 559 887 sanata
582 859 654 895 post
678 862 797 894 paucos
814 853 881 884 dies
893 852 926 882 in
943 851 1058 882 Scetim

268 916 390 939 reversa
403 910 461 942 est,
473 905 526 937 ubi
537 913 612 936 mox
626 913 643 935 e
660 903 779 935 mundo
795 911 829 933 se
845 901 998 932 exituram
1008 900 1058 930 in-

268 958 412 997 telligens
426 956 529 988 abbati
543 955 697 986 Macario:
715 965 729 982 ι(
747 954 833 991 Fac,»
861 951 1000 991 inquit,«
1013 949 1060 980 of-

268 1007 374 1039 ﬁcium
385 1006 529 1038 caritatis.
541 1005 574 1035 Si
590 1003 756 1042 contigerit
774 1011 824 1033 me
844 1011 861 1033 e
882 1002 944 1032 vita
964 1009 1058 1032 exce-

268 1059 355 1095 dere,
376 1066 417 1089 ne
435 1065 486 1088 me
499 1058 690 1096 componant
711 1053 869 1085 monachi.
880 1053 994 1083 Isvero
1010 1051 1058 1082 di-

269 1108 310 1139 cit
324 1108 373 1139 ei:
395 1106 560 1144 Quomodo
576 1108 680 1145 potest
695 1104 756 1135 hoc
782 1102 870 1134 ﬁeri?
892 1103 936 1133 Ea
956 1105 1060 1133 autem

269 1160 486 1189 consummata
508 1158 662 1187 venerunt
678 1154 777 1185 sancti
794 1156 910 1193 patres,
934 1156 969 1183 ιιι
987 1160 1059 1183 san-

269 1211 353 1239 ctum
377 1208 445 1238 eius
473 1214 590 1246 corpus
609 1205 758 1236 lavarent.
774 1203 927 1234 Viderunt
956 1206 1061 1233 autem

270 1266 340 1289 eam
355 1266 424 1288 esse
444 1265 521 1287 sexu
540 1255 702 1292 feminam,
730 1256 761 1284 et
781 1253 993 1284 exclamarunt
1010 1251 1060 1282 di-

270 1311 379 1338 centes
393 1315 400 1336 :
416 1305 521 1336 Gloria
532 1304 600 1342 tibi,
617 1304 748 1340 Christe,
764 1302 820 1343 qui
834 1301 950 1333 multos
964 1301 1062 1331 habes

271 1360 396 1388 sanctos
415 1356 568 1388 occultos.
591 1354 768 1386 Admiratus
789 1353 869 1388 170
889 1357 936 1384 est
956 1356 1062 1383 autem

270 1407 368 1439 abbas
386 1407 556 1442 Macarius,
582 1405 669 1445 quod
687 1404 749 1435 hoc
774 1403 835 1434 sibi
859 1412 924 1434 non
953 1402 1063 1433 fuisset

273 1456 454 1488 revelatum.
482 1456 550 1486 Una
570 1463 646 1486 vero
671 1457 764 1485 nocte
789 1453 873 1484 videt
895 1453 1060 1488 visionem,

273 1514 355 1546 quae
377 1505 406 1536 ei
420 1505 514 1536 dicit:
539 1506 584 1536 Ne
599 1504 722 1544 angaris
739 1506 917 1543 propterea.
935 1503 1064 1543 Oportet

274 1554 360 1586 enim
386 1557 418 1584 te
442 1553 587 1584 coronari
610 1561 682 1584 cum
700 1552 815 1583 sanctis
834 1551 986 1591 patribus,
1008 1550 1064 1590 qui

275 1608 349 1636 sunt
365 1614 384 1636 a
400 1604 537 1635 saeculo.
557 1604 644 1634 Tunc
661 1602 690 1633 ei
705 1601 838 1633 narravit
856 1601 948 1632 vitam
964 1605 994 1632 et
1008 1610 1064 1632 no.
1077 1619 1099 1649 ε

275 1664 350 1687 men
370 1655 491 1686 beatae.
514 1653 683 1693 Allatisque
704 1652 820 1684 sanctis
840 1652 907 1682 eius
925 1651 1066 1691 reliquiis

277 1714 347 1736 eam
364 1707 538 1745 posuerunt
550 1703 588 1734 ad
604 1703 762 1734 Orientem
776 1705 900 1733 sanctae
915 1701 1066 1733 ecclesiae

275 1755 311 1786 in
325 1758 414 1786 antro
424 1754 545 1785 abbatis
559 1753 684 1784 Macarii
699 1761 771 1784 cum
785 1751 899 1792 gaudio
915 1756 946 1783 et
955 1752 1064 1791 gloria,

277 1805 416 1844 usquein
426 1803 614 1835 hodiernum
624 1803 719 1839 diem,
733 1811 790 1843 per
798 1803 893 1833 Deum
904 1805 934 1833 et
943 1805 1067 1833 sanctos

279 1858 399 1895 patres,
430 1857 461 1885 et
490 1857 561 1894 post
587 1857 712 1884 sanctae
745 1853 966 1884 dormitionem
997 1861 1069 1893 per-

278 1910 414 1945 aguntur
428 1904 606 1936 curationes
615 1904 711 1943 gratia
727 1907 756 1935 et
767 1904 931 1935 clementia
944 1904 1069 1935 Domini

278 1956 379 1986 nostri
397 1957 469 1986 Iesu
483 1954 606 1991 Christi,
627 1954 677 1985 cui
699 1954 797 1993 gloria
821 1957 852 1985 et
874 1954 1013 1994 potentia
1034 1954 1068 1985 in

279 2005 404 2036 saecula
428 2004 482 2046 (1).
500 2016 514 2034 ν
537 2006 634 2041 Quem
651 2004 780 2043 quidem
800 2004 967 2035 Macarium
991 2012 1068 2041 non,

279 2058 314 2086 ut
324 2063 490 2094 perperam
504 2053 610 2085 statuit
622 2053 803 2091 Bollandus,
814 2054 1068 2091 Alexandrinum,

281 2105 337 2136 sed
358 2104 545 2144 Aegyptium
569 2104 678 2141 fuisse,
699 2104 752 2144 qui
771 2104 805 2135 in
833 2105 922 2135 Scete
947 2104 1068 2135 habita-

281 2155 335 2192 vit,
351 2159 383 2185 et
396 2154 550 2194 praesagii
567 2163 623 2185 seu
639 2154 824 2194 prophetiae
839 2154 950 2194 spiritu
964 2154 1069 2185 excel-

282 2205 351 2242 luit,
369 2204 460 2235 facile
476 2205 588 2236 elucet.
606 2205 717 2240 Quanti
731 2208 834 2235 autem
849 2205 959 2236 feceris
974 2205 1069 2242 illam,

281 2263 377 2294 quam
402 2254 541 2294 aequalis
564 2255 726 2295 scripsisse
755 2254 864 2292 fertur,
898 2254 1070 2292 historiam,

282 2306 352 2345 ipse
365 2305 480 2336 videto.
502 2305 595 2336 Plura
610 2306 644 2336 in
659 2305 721 2336 VV.
738 2306 790 2335 SS.
803 2305 945 2336 Bollandi
958 2305 998 2336 de
1012 2307 1074 2336 Ma-

282 2355 376 2386 cariis
390 2355 504 2386 nostris
517 2363 577 2394 ego
593 2364 656 2386 non
672 2355 802 2386 offendi.

553 2433 674 2463 CAPUT
715 2433 794 2463 VIII.

284 2523 470 2547 SANCTORUM
485 2524 687 2546 MACARIORUM
704 2522 847 2545 AEGYP’I‘II
867 2522 904 2544 ET
926 2522 1068 2544 ALEXAN-

323 2564 411 2586 DRINI
432 2563 563 2586 EXILIUM
587 2564 645 2586 SUB
668 2563 759 2584 LUCIO
789 2562 907 2585 ARIANO
933 2561 1073 2584 ALEXAN-

323 2604 417 2625 DRIAE
444 2603 601 2625 EPISCOPO.
619 2602 784 2629 SOCRATES,
808 2601 999 2629 SOZOMENUS,
1017 2602 1071 2623 CE-

323 2642 459 2669 TERIQUE
480 2643 589 2665 ΒΕιίοΜ
611 2641 908 2666 ECCLESIASTICARUM
926 2641 1072 2663 SCRIPTU-

322 2757 360 2791 (ι)
379 2755 447 2783 ibid.
463 2764 491 2792 ι).
504 2756 555 2784 261
571 2763 632 2791 cap.
648 2756 676 2784 6.

320 2802 360 2837 (‘2)
377 2802 465 2837 Supra
483 2802 496 2838 §
511 2802 527 2829 6
543 2811 570 2838 p.
586 2803 636 2834 .16,
658 2802 672 2838 ς
688 2802 723 2829 27
738 2811 765 2838 p.
785 2803 847 2835 H5,
864 2802 877 2838 §
895 2803 931 2830 33
946 2810 973 2837 p.
993 2802 1055 2830 152.

324 2848 362 2882 (5)
386 2848 459 2875 Petri
477 2849 598 2883 episcopi
621 2849 738 2883 epistola
761 2850 788 2877 in
807 2849 972 2877 Theodoret.
1000 2848 1071 2876 llist.

287 2892 362 2923 Eccl.
387 2894 436 2921 lib.
456 2893 487 2920 lV
515 2902 574 2929 cap.
602 2894 651 2925 l9,
672 2896 741 2930 Opp.
766 2897 809 2923 ed.
835 2895 959 2924 Noesselt
989 2895 1073 2923 Halac

287 2938 366 2967 1771.
380 2940 417 2968 8'.
435 2939 466 2968 T.
484 2939 515 2967 Ill
535 2948 561 2974 p.
579 2939 629 2966 987
643 2948 703 2976 sqq.

1143 295 1212 317 RUM
1231 292 1436 316 MACARIORUM
1463 289 1608 313 AEGYPTII
1622 289 1661 310 ET
1677 285 1892 310 ALEXANDRINI

1143 334 1279 357 AGATUR.

1145 378 1158 415 §
1178 375 1215 406 42
1222 400 1228 405 .
1236 374 1367 414 Saepius
1378 371 1475 404 locuti
1481 379 1588 402 sumus
1596 369 1634 400 de
1641 367 1773 408 Aegypti
1781 375 1891 397 senum

1105 425 1325 466 persecutione
1340 432 1357 454 a
1373 422 1467 453 Lucio
1483 420 1667 451 Arianorum
1688 416 1893 448 Alexandriae

1105 475 1255 515 episcopo
1269 471 1461 512 excitata(2),
1476 471 1511 501 in
1523 479 1584 511 qua
1604 469 1753 509 quoniam
1769 471 1894 507 praeter

1106 525 1184 556 alios
1198 525 1326 555 abbates
1345 523 1438 554 etiam
1460 520 1585 553 Macarii
1605 519 1703 550 nostri
1716 518 1749 548 in
1768 517 1895 548 exilium

1105 574 1193 606 missi
1211 577 1293 610 sunt,
1316 573 1348 604 id
1362 572 1523 612 quomodo
1540 574 1660 610 gestum
1678 569 1728 605 sit,
1746 576 1895 598 enarran-

1107 624 1182 655 dum
1197 627 1254 654 est.
1267 622 1325 653 Rei
1335 625 1438 653 autem
1449 624 1546 651 testes
1557 623 1628 650 sunt
1643 618 1786 654 Ruﬁnus,
1802 625 1896 656 quem
1938 647 1946 649 ᾗ

1107 674 1347 715 persecutiones
1361 672 1439 702 istac
1452 671 1555 711 ipsum
1571 669 1702 709 petiere,
1715 667 1828 698 deinde
1839 667 1896 696 So-

1108 728 1220 761 crates,
1232 724 1425 754 Sozornenus
1440 725 1470 751 et
1483 720 1713 756 Theodoretus,
1730 718 1783 758 qui
1794 716 1897 747 Ruﬁni

1109 775 1309 806 enarratione
1323 773 1513 804 innituntur.

1148 830 1316 862 Athanasio
1336 838 1365 860 a.
1386 828 1442 859 373
1457 830 1582 858 mortuo
1598 827 1708 856 Petrus
1722 824 1761 855 ab
1781 823 1902 863 episco-

1110 882 1160 922 pis
1182 880 1362 922 provinciae
1384 878 1612 917 monachisque
1640 876 1673 907 in
1702 875 1807 906 locum
1833 873 1902 904 eius

1075 937 1095 964 Β
1111 930 1294 961 substitutus
1306 932 1363 960 est.
1380 928 1557 959 Praefectus
1571 928 1675 957 autem
1690 924 1758 955 urbi
1774 923 1901 963 impius,

1112 979 1310 1010 ethnicorum
1334 982 1365 1009 et
1388 977 1575 1009 Iudaeorum
1597 985 1693 1006 manu
1720 977 1900 1011 convocata,

1111 1031 1238 1060 Petrum
1259 1029 1415 1060 eiecturus
1432 1026 1595 1058 ecclesiam
1618 1024 1792 1064 occupavit,
1808 1032 1902 1063 quam

1112 1080 1225 1112 milites
1248 1078 1382 1119 turpiter
1408 1079 1484 1114 171
1511 1077 1727 1118 profanarunt,
1752 1083 1811 1106 nec
1838 1083 1903 1105 non

1112 1129 1225 1160 multas
1238 1129 1374 1168 virgines
1388 1129 1607 1168 stupraverunt
1618 1125 1757 1164 aliasque
1769 1123 1904 1154 fustibus

1113 1183 1260 1211 contusas
1276 1188 1316 1209 nc
1332 1178 1458 1218 sepeliri
1476 1177 1605 1217 quidem
1619 1175 1704 1216 passi
1718 1177 1802 1205 sunt.
1822 1175 1902 1204 Pau—

1113 1231 1158 1261 cis
1173 1234 1246 1270 post
1262 1229 1373 1260 diebus
1387 1227 1500 1259 Lucius
1520 1227 1652 1257 Arianus
1666 1225 1816 1255 militibus
1835 1224 1904 1254 cin—

1112 1285 1180 1313 ctus
1194 1281 1233 1312 ab
1248 1280 1364 1311 Euzoio
1386 1278 1568 1310 Antiochiae
1589 1275 1746 1317 praesule,
1772 1275 1904 1305 Ariano-

1113 1341 1182 1363 rum
1197 1336 1272 1362 tunc
1294 1330 1449 1371 principe,
1470 1329 1504 1360 in
1529 1328 1745 1369 episcopatum
1770 1325 1905 1357 Alexan-

1113 1382 1198 1413 driae
1211 1382 1350 1412 intrusus
1365 1383 1423 1411 est.
1441 1379 1498 1416 Qui
1513 1378 1615 1410 statim
1630 1377 1708 1408 alios
1723 1376 1827 1412 minis,
1842 1375 1907 1406 vin-

1113 1432 1203 1469 culis,
1221 1431 1397 1466 tormentis,
1420 1429 1498 1460 alios
1513 1427 1790 1469 pollicitationibus
1809 1435 1826 1457 a
1846 1426 1907 1456 fide

1114 1483 1250 1513 Nicaena
1266 1489 1397 1512 avocare
1410 1480 1540 1516 studuit,
1558 1487 1689 1518 eosque,
1707 1478 1762 1517 qui
1777 1477 1903 1508 resiste—

1114 1533 1201 1569 bant,
1218 1531 1409 1571 Heliopolim
1428 1531 1460 1561 in
1475 1529 1657 1564 Phoenicia,
1676 1528 1732 1559 ubi
1752 1527 1835 1558 idola
1851 1536 1907 1558 co-

1114 1583 1220 1614 lebant
1235 1590 1357 1618 omnes,
1375 1580 1589 1621 deportandos
1610 1579 1746 1615 curavit;
1765 1585 1906 1608 murmu-

1117 1636 1221 1664 rantes
1235 1641 1311 1663 vero
1327 1632 1364 1662 ad
1380 1630 1506 1662 metalla
1526 1629 1726 1660 Phennensia
1746 1632 1776 1659 et
1790 1629 1908 1659 Proco-

1118 1683 1227 1714 nensia
1242 1682 1490 1718 deducebantur,
1514 1680 1597 1710 inter
1611 1688 1691 1720 quos
1713 1678 1797 1709 haud
1816 1677 1910 1718 pauci

1117 1733 1244 1764 fuerunt
1260 1732 1407 1763 monachi
1428 1731 1481 1772 (3).
1511 1729 1698 1761 Alexandria
1717 1729 1812 1768 igitur
1832 1728 1909 1759 sub-

1118 1787 1186 1814 acta
1206 1782 1429 1824 episcOpisque
1449 1781 1629 1822 provinciae
1653 1781 1909 1815 Neocaesaream,

1119 1844 1213 1876 quam
1232 1835 1342 1866 urbem
1359 1834 1467 1865 Iudaei
1483 1833 1710 1870 inhabitabant,
1733 1833 1767 1863 in
1781 1831 1910 1864 exilium

1119 1885 1234 1922 missis,
1257 1885 1369 1915 milites
1389 1884 1428 1915 ad
1443 1884 1631 1915 monasteria
1647 1883 1849 1914 solitudinum
1866 1882 1911 1913 di—

1120 1936 1197 1966 recti
1212 1940 1295 1972 sunt,
1312 1935 1363 1966 cui
1386 1934 1581 1975 expeditioni
1601 1934 1670 1975 ipse
1688 1933 1828 1965 interfuit
1847 1934 1909 1964 Lu-

1121 1987 1198 2017 cius.
1227 1987 1302 2017 Nam
1329 1989 1412 2016 recte
1437 1986 1652 2016 Sozomenus:
1676 1997 1689 2013 α
1704 1985 1800 2020 Fidei,
1826 1997 1840 2012 »
1859 1985 1910 2015 in-

1121 2035 1199 2075 quit,
1226 2047 1239 2063 «
1265 2044 1376 2065 senum
1403 2034 1593 2065 adhaerebat
1618 2034 1786 2065 multitudo
1813 2034 1910 2073 vulgi,

1122 2085 1243 2125 quippe
1263 2084 1348 2125 quod
1367 2085 1488 2115 veritati
1506 2084 1671 2123 indulgere
1685 2085 1828 2116 crederet
1843 2093 1910 2121 eos,

1122 2135 1177 2174 qui
1196 2135 1343 2165 virtutem
1358 2134 1447 2165 factis
1461 2134 1538 2174 ipsis
1561 2134 1820 2173 proﬁterentur,»
1851 2137 1882 2164 et
1903 2143 1909 2163 :

1124 2197 1138 2213 ‹‹
1155 2185 1245 2216 Unde
1264 2185 1388 2222 Lucius,
1410 2193 1507 2224 quum
1525 2185 1606 2216 bene
1621 2183 1820 2223 intelligeret,
1845 2185 1914 2215 ﬁeri

1123 2244 1188 2266 non
1204 2243 1309 2274 posse,
1325 2238 1360 2264 ut
1379 2235 1482 2265 Ariani
1503 2234 1705 2265 devincerent
1729 2233 1912 2270 catholicos,

1089 2294 1110 2322 ι)
1125 2284 1185 2315 nisi
1199 2283 1373 2314 monachos
1387 2284 1463 2314 istos
1478 2283 1517 2314 ad
1532 2289 1637 2324 partes
1652 2283 1837 2314 Arianorum
1855 2283 1912 2314 de-

1122 2334 1272 2371 duxisset,
1289 2342 1344 2364 eos
1363 2334 1392 2364 vi
1406 2343 1520 2373 cogere
1536 2343 1701 2373 aggressus
1718 2337 1774 2371 est,
1797 2333 1914 2374 quibus

1122 2383 1313 2422 persuadere
1340 2383 1442 2414 verbis
1465 2393 1530 2414 non
1551 2387 1672 2424 poterat
1697 2384 1749 2425 (4).
1773 2397 1787 2412 ››
1812 2387 1914 2424 Atque

1122 2433 1154 2463 in
1175 2442 1294 2470 eremo,
1315 2443 1379 2473 quo
1403 2433 1516 2465 milites
1533 2439 1698 2472 venerunt,
1726 2438 1804 2466 teste
1823 2435 1912 2466 Ruﬁ-

1123 2491 1164 2512 no
1189 2494 1202 2509 «
1224 2483 1378 2513 Macarius
1398 2487 1429 2513 et
1450 2483 1589 2514 Isidorus
1603 2484 1747 2524 aliusque
1762 2484 1915 2515 Macarius

1125 2535 1219 2571 atque
1243 2532 1424 2563 Heraclides
1451 2536 1482 2564 et
1510 2534 1645 2565 Pambus
1667 2534 1792 2565 Antonii
1819 2534 1913 2565 disci-

1126 2581 1193 2621 puli
1207 2589 1265 2621 per
1281 2583 1456 2621 Aegyptum
1478 2587 1508 2614 ct
1526 2584 1662 2614 maxime
1679 2583 1713 2614 in
1733 2583 1848 2615 Nitriae
1861 2583 1916 2614 de-

1128 2631 1201 2662 serti
1221 2632 1361 2671 partibus
1391 2643 1406 2661 »
1427 2633 1578 2665 sederunt
1598 2633 1651 2674 (5),
1683 2643 1718 2666 ac
1741 2635 1799 2666 tria
1817 2633 1913 2665 millia

1165 2756 1203 2792 (4)
1224 2756 1334 2784 Sozom.
1356 2757 1513 2786 Hist:Eccl.
1530 2760 1577 2788 lib.
1597 2759 1627 2786 Vl
1644 2768 1704 2794 cap.
1719 2761 1754 2787 20
1771 2761 1816 2788 etl.
1832 2760 1915 2788 Vale-

1127 2804 1160 2832 sii
1177 2805 1246 2838 Mog.
1265 2804 1334 2831 i677
1345 2812 1373 2839 ρ.
1385 2804 1448 2832 662.

1163 2851 1201 2886 (5)
1218 2850 1281 2878 lluf.
1297 2849 1368 2878 Hist.
1384 2850 1459 2878 Eccl.
1474 2850 1520 2877 lib.
1539 2851 1560 2878 ll
1580 2859 1640 2886 cap.
1657 2853 1673 2879 4
1691 2853 1734 2879 Cll.
1753 2853 1835 2880 Basil.
1851 2853 1872 2880 l.
1886 2861 1914 2889 p.

1125 2897 1194 2928 242;
1219 2896 1309 2924 Rufini
1330 2895 1399 2932 Opp.
1421 2897 1464 2924 ed.
1486 2897 1602 2926 Vallarsi
1619 2907 1645 2934 p.
1666 2899 1730 2931 27l,
1750 2899 1841 2936 Migne
1861 2899 1917 2928 Pa-

1127 2947 1188 2970 trol.
1204 2941 1236 2969 T.
1255 2941 1312 2969 XXI
1329 2949 1356 2976 p.
1374 2942 1436 2969 5H.
