2060 3153
161 162 211 190 161

914 155 1030 185 ἾΙΤΔΕ.

161 219 258 252 simul
284 218 421 250 virorum
443 220 498 248 aut
513 216 648 257 amplius
666 224 724 256 per
747 216 946 248 solitudinem
960 218 985 247 Δ
996 224 1069 247 vere
1082 214 1270 247 domiciliis?
1282 216 1318 246 In
1334 215 1396 248 hoc
1416 216 1487 249 loco
1500 217 1622 258 depulsi
1639 216 1779 260 undique

161 270 379 310 dispersorum
400 267 665 307 oppugnabantur
689 266 742 309 (1).
768 268 833 304 Qua
856 267 896 299 de
913 276 947 298 re

162 321 295 352 Ruﬁnus
307 320 349 351 ita
363 319 471 350 scribit
486 327 494 348 :
511 329 526 347 ε
544 318 628 354 Quae
643 326 792 358 praesens
806 317 869 349 vidi
897 316 947 349 lo-

164 379 256 412 quor,
273 373 304 401 et
318 378 429 401 eorum
445 361 532 408 gesta
545 367 661 405 refero,
677 376 811 409 quorum
821 368 855 399 in
872 377 947 408 pas-

163 421 302 452 sionibus
317 419 423 450 socius
445 426 515 449 esse
539 418 710 457 promerui.
730 417 771 448 Hi
793 417 948 449 ducebant

160 469 332 500 exercitum
355 467 491 504 Domini,
509 475 574 498 non
591 466 772 498 mortalibus
789 466 871 504 telis,
890 466 946 498 sed

160 519 221 550 ﬁde
238 517 399 557 religionis
417 520 581 554 armatum,
598 516 768 548 exercitum
782 517 946 548 moriendo

159 569 354 605 vincentem,
377 570 409 598 et
434 567 489 607 qui
511 567 671 606 sanguinis
693 567 742 597 sui
763 566 946 607 profusione

158 619 261 650 victor
278 618 435 649 Christum
454 622 638 657 sequeretur
658 617 697 648 ad
718 617 852 648 coelum.
876 617 947 654 Qui-

160 678 224 709 que
253 669 330 700 dum
352 669 386 699 in
409 667 619 699 tabernaculis
643 667 738 707 positi
766 669 797 698 et
822 670 946 699 orantes

162 721 382 759 exSpectarent
405 717 620 749 interfectores
647 726 732 754 suos,
757 717 877 748 delatus
900 720 948 749 est

163 768 203 799 ad
219 777 274 800 eos
289 768 386 799 homo
400 768 473 799 olim
487 767 635 798 membris
649 767 794 798 omnibus
809 770 840 798 et
859 776 947 808 prae-

164 819 258 859 cipue
273 818 405 858 pedibus
420 817 535 849 aridus.
552 820 631 855 172
646 817 707 848 Sed
719 826 791 847 cum
805 818 844 849 ab
861 817 900 848 iis
912 818 946 849 in

164 868 294 899 nomine
304 867 425 899 Domini
439 867 511 898 oleo
526 866 634 897 fuisset
648 870 829 906 perunctus,
844 867 946 898 statim

165 917 364 948 conﬁrmatae
384 920 456 947 sunt
473 916 598 956 plantae
618 916 695 947 eius.
716 917 754 948 Et
772 917 947 949 dicentibus

165 967 204 998 iis
228 976 235 998 :
258 968 293 998 In
315 966 444 998 nomine
471 968 543 998 Iesu
566 965 687 1004 Christi,
712 975 807 1007 quem
835 968 947 999 Lucius

165 1017 376 1057 persequitur,
391 1025 483 1056 surge
498 1020 530 1048 et
546 1020 594 1048 sta
614 1017 648 1048 in
669 1018 804 1058 pedibus
822 1018 896 1055 tuis,
916 1021 948 1049 et

165 1067 232 1099 redi
253 1067 287 1098 in
311 1067 440 1099 domum
470 1070 568 1104 tuam,
597 1067 748 1099 continuo
777 1076 948 1107 exsurgens

165 1119 196 1148 et
214 1116 363 1148 exsiliens
396 1117 604 1148 benedicebat
631 1118 741 1155 Deum,
779 1118 949 1149 ostendens

164 1167 238 1206 quia
262 1175 333 1198 vere
356 1169 422 1198 erat
445 1167 479 1198 in
508 1167 547 1198 iis
579 1167 661 1198 Deus
685 1166 739 1206 (2).
770 1177 785 1196 ι
813 1167 949 1198 Narratis

165 1215 281 1247 deinde
294 1216 380 1248 caeci
394 1216 479 1247 illius
488 1216 625 1248 hominis
635 1221 666 1248 et
679 1216 852 1248 catulorum
868 1217 950 1248 leae-

164 1273 226 1296 nae
247 1265 472 1303 sanationibus,
498 1275 575 1306 quas
597 1266 721 1297 Macarii
750 1266 950 1298 Alexandrini

166 1315 281 1345 virtute
302 1315 400 1346 factas
415 1316 476 1347 iam
490 1316 660 1354 attulimus,
675 1316 807 1346 Ruﬁnus
822 1316 866 1347 sic
880 1324 950 1356 per-

167 1365 230 1404 git:
244 1376 259 1393 α
271 1365 333 1396 Sed
347 1365 381 1396 in
395 1365 443 1397 his
453 1366 598 1397 omnibus
612 1366 724 1397 Lucius
739 1375 802 1397 non
813 1366 947 1404 erubuit,

166 1424 226 1446 nec
247 1415 364 1456 aliquid
382 1416 574 1447 reverentiae
593 1416 740 1447 virtutum
757 1416 950 1448 mirabilibus

167 1464 295 1502 detulit;
311 1465 388 1506 quin
400 1466 497 1497 immo
511 1466 598 1497 iubet
612 1469 716 1506 patres
729 1466 815 1506 ipsos
830 1466 950 1498 ablatos

168 1523 187 1544 ι
203 1523 296 1554 grege
310 1524 380 1553 suo,
395 1515 492 1546 immo
516 1515 596 1546 clam
611 1519 728 1555 raptos,
758 1515 792 1546 in
816 1515 950 1547 insulam

996 265 1179 297 latebamus.
1203 266 1367 302 Quomodo
1390 276 1446 300 vos
1467 276 1666 308 nequaquam
1684 269 1779 300 latere

997 314 1176 355 potuimus?
1187 315 1330 347 Cedimus
1343 316 1478 356 antiquis
1490 318 1628 355 sedibus,
1644 319 1779 359 populos

996 368 1116 396 vestros
1134 368 1295 405 terrasque
1312 366 1452 406 recipite.
1467 367 1542 398 Cum
1556 367 1634 399 haec
1649 369 1778 407 diceret,

996 416 1176 456 increpatus
1203 416 1242 447 ab
1263 416 1302 447 iis
1332 417 1447 448 erroris
1464 418 1590 457 spiritus
1613 419 1777 458 etfugatur,

997 471 1030 497 et
1053 466 1157 507 puella
1171 475 1246 498 sana
1258 475 1321 498 una
1339 476 1411 498 cum
1426 469 1606 508 parentibus
1622 470 1686 501 suis
1699 470 1781 501 iace-

996 517 1049 548 bat
1057 517 1096 548 ad
1107 516 1206 556 pedes
1214 517 1313 547 nostri
1320 517 1472 558 temporis
1482 519 1707 558 apostolorum.
1721 521 1778 557 Qui

996 567 1110 598 talibus
1120 567 1256 598 exordiis
1267 567 1483 606 praedicantes
1492 569 1531 599 iis
1543 569 1638 600 ﬁdem
1655 570 1779 601 Domini

995 616 1095 648 nostri
1110 618 1181 648 Iesu
1196 617 1319 654 Christi,
1337 617 1371 648 in
1400 621 1515 649 tantam
1541 619 1779 650 conversionem

996 669 1127 707 repente
1146 675 1201 698 eos
1227 667 1452 706 perduxerunt,
1477 672 1511 699 ut
1525 666 1629 698 statim
1645 668 1696 699 die
1712 669 1781 709 ipsa

996 717 1140 748 manibus
1152 718 1229 755 173
1240 717 1304 747 suis
1326 717 1575 757 antiquissimum
1587 718 1741 758 templum
1752 722 1783 749 et

996 766 1029 798 in
1038 776 1158 798 summa
1171 767 1372 799 veneratione
1382 767 1522 799 habitum
1533 768 1741 805 destruerent,
1751 771 1783 799 et

998 817 1161 849 ecclesiam
1174 817 1338 848 confestim
1354 817 1565 849 aediﬁcarent.
1589 819 1653 850 Nec
1671 818 1710 850 ad
1725 819 1781 850 de-

998 867 1194 899 liberandum
1207 867 1308 907 spatio
1321 868 1473 908 temporis
1489 871 1652 907 eguerunt,
1668 868 1783 908 quibus

999 917 1092 948 ﬁdem
1108 926 1213 948 rerum
1235 916 1375 948 fecerant
1388 925 1454 948 non
1470 917 1578 955 verba,
1596 917 1651 948 sed
1673 917 1781 949 virtus.

999 967 1060 999 Sed
1087 967 1148 999 hoc
1177 975 1250 998 cum
1279 966 1389 998 fuisset
1420 966 1624 999 Alexandriae
1656 967 1783 999 nuntia-

999 1021 1082 1055 tum,
1109 1021 1222 1049 veritus
1241 1018 1364 1055 Lucius,
1385 1025 1427 1048 ne
1449 1017 1530 1049 forte
1549 1018 1640 1050 etiam
1654 1026 1782 1049 suorum

999 1069 1032 1100 in
1051 1077 1124 1100 eum
1147 1068 1218 1100 odia
1230 1069 1315 1108 justa
1334 1071 1577 1107 consurgerent,
1598 1067 1652 1108 qui
1674 1071 1782 1108 aperte

999 1118 1062 1149 iam
1081 1117 1198 1149 bellum
1213 1126 1278 1149 non
1293 1117 1486 1154 hominibus,
1507 1117 1562 1149 sed
1583 1118 1647 1149 Deo
1661 1118 1782 1150 indice-

1000 1172 1058 1206 ret,
1075 1168 1196 1200 occulte
1206 1177 1261 1199 eos
1275 1167 1413 1199 revocari
1428 1171 1458 1198 et
1470 1168 1504 1198 in
1519 1176 1659 1199 eremum
1675 1169 1781 1199 remit-

999 1219 1024 1251 ti
1055 1219 1142 1250 iubet
1161 1218 1213 1259 (3).
1232 1230 1246 1246 n
1269 1219 1438 1257 Hucusque
1457 1218 1588 1248 Ruﬁnus
1614 1218 1653 1249 de
1672 1227 1782 1249 senum

1002 1269 1105 1300 exilio.
1122 1270 1264 1300 Socrates
1278 1267 1380 1299 claudi
1399 1267 1482 1298 illius
1497 1267 1632 1299 hominis
1652 1269 1786 1300 sanatio-

1001 1328 1075 1350 nem
1095 1327 1160 1350 non
1175 1318 1336 1358 exposuit,
1354 1317 1408 1348 sed
1424 1316 1502 1348 haec
1515 1320 1634 1348 tantum
1661 1318 1786 1358 scripsit

1001 1377 1082 1409 quae
1101 1371 1292 1409 sequuntur:
1309 1380 1323 1395 «
1339 1368 1478 1407 Cumque
1500 1367 1539 1398 ad
1561 1367 1665 1398 locum
1680 1367 1785 1407 ipsum

1001 1417 1237 1458 pervenissent,
1266 1416 1349 1448 viros
1383 1415 1658 1456 deprehenderunt
1686 1416 1784 1448 solitis

1002 1466 1113 1498 studiis
1131 1469 1162 1497 et
1176 1465 1449 1497 exercitationibus
1462 1468 1642 1505 occupatos,
1661 1468 1784 1496 orantes

1003 1517 1131 1554 scilicet,
1148 1516 1266 1547 morbis
1280 1515 1453 1552 medentes,
1473 1515 1637 1547 daemonia
1655 1515 1784 1547 eiicien-

169 1564 326 1604 quandam
339 1565 472 1605 Aegypti
486 1565 645 1605 paludium
661 1565 828 1605 deportari,
840 1565 873 1596 in
888 1574 950 1605 qua
964 1560 986 1591 ε
1001 1570 1049 1598 tes
1070 1566 1123 1607 (4).
1137 1578 1152 1595 ι
1167 1567 1211 1597 De
1223 1566 1351 1597 senibus
1368 1565 1401 1596 in
1415 1565 1543 1596 exilium
1565 1565 1663 1606 pulsis
1678 1567 1786 1597 Socra-

169 1618 379 1655 compcrerat,
400 1615 558 1646 neminem
571 1625 700 1656 prorsus
711 1624 779 1646 esse
802 1615 949 1646 Christia-

168 1673 257 1702 num,
280 1673 344 1704 quo
371 1674 430 1705 per
454 1664 515 1696 hoc
540 1665 590 1696 vel
613 1666 731 1705 absque
752 1665 870 1696 solatiis
902 1664 950 1696 vel

168 1715 288 1755 absque
305 1714 464 1746 consuetis
481 1715 601 1746 actibus
614 1715 762 1746 viverent.
782 1716 878 1745 Senes
889 1714 949 1754 igi-

169 1768 219 1796 tur
232 1773 303 1796 cum
315 1765 438 1796 duobus
450 1764 525 1796 solis
537 1765 734 1805 pedissequis
743 1767 837 1795 noctu
852 1765 892 1795 ad
904 1765 952 1795 in-

168 1814 267 1845 sulam
283 1813 491 1851 deducuntur,
501 1815 535 1844 in
544 1823 607 1853 qua
619 1817 683 1845 erat
693 1813 844 1853 templum
854 1813 952 1853 quod-

168 1864 241 1894 dam
263 1872 384 1895 summa
406 1863 606 1894 veneratione
633 1872 651 1894 a
674 1863 735 1894 loci
757 1863 869 1894 incolis
891 1863 949 1894 ob-

169 1917 336 1945 servatum.
360 1915 497 1954 Cumque
519 1914 654 1954 primum
676 1914 817 1945 navicula
839 1922 952 1944 senum

169 1972 257 1995 oram
272 1963 331 1994 soli
360 1963 442 1994 illius
463 1963 653 2002 contigisset,
675 1971 750 1994 ecce
772 1962 875 1993 subito
900 1971 950 1993 sa-

168 2012 306 2044 cerdotis
319 2012 428 2052 templi
440 2013 524 2043 illius
541 2012 627 2051 virgo
647 2012 708 2043 ﬁlia
727 2015 870 2051 correpta
885 2011 950 2051 spi-

169 2062 242 2099 ritu,
256 2071 328 2093 cum
342 2061 462 2101 ingenti
475 2061 697 2093 vociferatione
717 2064 748 2091 et
764 2060 952 2092 clamoribus

169 2120 269 2151 usque
278 2111 317 2142 ad
333 2111 458 2143 coelum
472 2111 563 2149 datis,
579 2111 628 2150 agi
642 2119 699 2151 per
711 2110 833 2141 medios
845 2118 950 2150 popu-

168 2161 217 2193 los
239 2161 356 2202 coepit,
384 2165 416 2193 et
439 2161 566 2193 crebros
585 2161 704 2192 ducens
729 2163 859 2195 rotatus.
886 2159 953 2190 stri—

169 2212 247 2242 dens
275 2211 338 2243 huc
361 2215 454 2251 atque
494 2211 569 2242 illuc
609 2210 716 2241 rabida
741 2218 796 2241 ora
819 2209 950 2240 vibrare.

168 2262 312 2302 Cumque
328 2262 369 2293 ad
387 2262 599 2302 spectaculum
619 2264 684 2292 tam
697 2260 833 2299 ingentis
863 2268 953 2291 mon-

169 2312 236 2349 stri,
249 2312 383 2344 maxime
396 2312 481 2352 quod
492 2316 573 2342 esset
586 2310 756 2342 sacerdotis
763 2309 837 2346 ﬁlia,
852 2309 905 2349 qui
919 2309 952 2339 in

169 2362 292 2394 honore
320 2363 492 2403 praecipuo
517 2362 601 2402 apud
630 2361 701 2392 illos
731 2362 815 2397 erat,
841 2359 953 2399 populi

169 2413 397 2450 convenissent,
416 2421 474 2452 per
486 2421 577 2443 auras
589 2420 658 2442 eam
680 2413 800 2450 raptam
814 2417 951 2448 sequen-

169 2464 218 2492 tes
241 2462 426 2501 perveniunt
444 2469 543 2500 usque
563 2460 602 2491 ad
624 2459 798 2491 naviculam
824 2467 947 2489 senum.

170 2511 217 2542 Ibi
231 2520 303 2542 vero
318 2512 455 2551 proiecta
476 2519 584 2542 eorum
598 2510 729 2550 pedibus
746 2513 777 2540 et
798 2512 950 2549 prostrata

171 2560 304 2591 clamare
326 2563 431 2601 coepit
453 2571 460 2592 :
486 2561 564 2598 Quid
577 2560 702 2592 venistis
726 2559 799 2596 huc,
832 2568 851 2590 ο
873 2558 954 2590 servi

171 2611 227 2641 Dei
248 2612 374 2649 summi,
395 2612 529 2652 antiquis
549 2619 608 2642 nos
628 2613 659 2641 et
676 2609 848 2640 veternosis
867 2608 952 2640 evol-

151 2661 156 2673 l

154 2688 155 2697 ¹
207 2703 246 2738 (ι)
266 2701 334 2728 Ibid.
351 2701 399 2728 lib.
412 2700 432 2727 ιι
444 2708 503 2736 cap.
525 2700 598 2728 sed.
623 2698 706 2726 Basil.
729 2698 748 2725 ι.
765 2705 792 2732 ρ.
808 2697 872 2729 342,
890 2695 955 2723 vu—

174 2748 236 2774 larsi
253 2756 279 2782 p.
291 2747 344 2773 270
358 2754 412 2781 sq.,
429 2746 517 2781 Migne
536 2746 554 2772 Ι.
572 2746 590 2772 l.

208 2792 247 2827 (ξ)
260 2792 329 2820 Ibid.
345 2792 391 2819 lib.
409 2792 429 2818 II
446 2800 506 2826 cap.
525 2791 542 2818 ι
558 2791 576 2818 l.
595 2791 614 2817 ι.

210 2839 249 2873 (5)
263 2838 330 2866 Ibid.
347 2839 391 2866 ed.
410 2838 494 2866 Basil.
513 2838 531 2864 |.
547 2845 574 2872 p.
591 2837 655 2869 243,
670 2836 714 2864 ed.
731 2834 847 2863 Vallarsi
861 2842 887 2870 p.
901 2833 954 2861 272

177 2892 248 2921 δίη..
266 2883 354 2918 Migne
367 2892 394 2919 p.
409 2884 461 2911 512
480 2891 522 2919 sq.

295 2931 430 2962 Pnaon.
449 2932 507 2961 Gn.
530 2930 677 2961 XXXIV.

1003 1620 1070 1648 tes:
1087 1627 1101 1645 α
1116 1616 1268 1654 Quoniam
1281 1615 1389 1654 igitur,
1402 1627 1418 1644 ι
1430 1615 1542 1655 inquit,
1559 1627 1574 1644 α
1589 1616 1786 1648 admirabiles

1002 1667 1048 1697 illi
1071 1666 1129 1697 viri
1149 1666 1235 1697 omni
1255 1665 1412 1703 violentia,
1434 1674 1515 1706 quae
1534 1666 1610 1705 ipsis
1625 1666 1785 1697 infereba-
1839 1673 1842 1677 '

1002 1719 1063 1754 tur,
1079 1717 1258 1757 superiores
1271 1715 1472 1752 exsisterent,
1498 1715 1637 1746 animum
1659 1716 1786 1747 tandem

1003 1765 1203 1805 despondens
1211 1765 1323 1796 Lucius
1330 1763 1402 1795 duci
1416 1764 1569 1795 exercitus
1575 1764 1740 1800 mandavit.
1751 1768 1786 1795 ut

1004 1818 1106 1855 patres
1122 1814 1345 1846 monachorum
1361 1813 1394 1845 in
1416 1813 1542 1845 exilium
1569 1814 1713 1845 mitteret.
1738 1814 1786 1845 Illi

1003 1868 1107 1896 autem
1125 1867 1214 1895 erant
1234 1863 1357 1894 Macarii
1376 1863 1457 1901 duo,
1474 1863 1644 1902 Aegyptius
1664 1866 1695 1893 et
1718 1862 1787 1893 Ale-

1003 1913 1184 1944 xandrinus.
1194 1912 1353 1951 Viriigitur
1358 1912 1403 1942 illi
1412 1912 1566 1952 deportati
1574 1915 1645 1943 sunt
1654 1912 1686 1943 in
1696 1912 1785 1943 insu-

1004 1962 1078 2000 lam,
1092 1962 1125 1992 in
1140 1970 1201 2002 qua
1214 1962 1318 1992 nullus
1336 1964 1402 1992 erat
1414 1961 1604 1992 Christianus
1621 1961 1673 2000 (5).
1693 1973 1702 1990 ι
1726 1961 1786 1991 Cur

1003 2013 1145 2043 Socrates
1172 2012 1255 2043 solos
1277 2011 1426 2042 Macarios
1452 2011 1608 2048 nominet,
1641 2010 1701 2041 nisi
1730 2019 1786 2042 eos

1004 2061 1276 2102 principessenum
1292 2060 1424 2098 duxerit,
1439 2068 1504 2091 non
1515 2059 1682 2098 intelliges.
1697 2060 1786 2091 Cete-

1004 2120 1072 2142 rum
1087 2111 1121 2142 in
1138 2110 1309 2142 enarranda
1328 2111 1396 2151 ipsa
1420 2110 1503 2142 exilii
1529 2119 1639 2141 senum
1658 2109 1788 2142 historia

1004 2161 1120 2199 Ruﬁni,
1135 2169 1229 2201 quem
1249 2160 1475 2201 persecutionis
1488 2160 1576 2191 istius
1589 2164 1700 2192 testem
1717 2160 1787 2191 lau-

1005 2211 1058 2243 dat
1071 2210 1124 2252 (6),
1143 2210 1280 2249 vestigiis
1302 2213 1410 2251 aperte
1430 2210 1614 2249 ingreditur.
1637 2211 1786 2241 Sozome-

1003 2270 1062 2291 nus
1091 2261 1176 2292 illam
1197 2260 1299 2292 claudi
1335 2260 1471 2292 hominis
1505 2261 1697 2292 curationem
1738 2259 1787 2290 his

1000 2310 1112 2350 allegat
1127 2310 1230 2341 verbis
1245 2319 1252 2340 :
1269 2321 1284 2338 κ
1300 2311 1345 2341 Eo
1362 2310 1432 2350 ipso
1453 2313 1607 2350 tempore,
1621 2318 1684 2350 quo
1703 2308 1786 2340 mili-

1000 2362 1047 2389 tes
1071 2359 1104 2389 in
1132 2367 1187 2389 eos
1223 2358 1374 2397 impetum
1398 2358 1508 2390 {acturi
1530 2362 1632 2395 erant,
1658 2358 1788 2389 traditus

998 2407 1077 2447 ipsis
1092 2407 1218 2447 quidam
1233 2416 1301 2438 esse
1317 2408 1440 2446 dicitur,
1457 2409 1545 2439 cuius
1563 2411 1646 2439 artus
1663 2408 1786 2438 iamdu-

1002 2457 1078 2488 dum
1108 2457 1148 2488 ita
1168 2457 1294 2488 arefacti
1317 2462 1405 2488 erant
1431 2462 1524 2498 atque
1553 2457 1724 2494 extenuati,
1754 2461 1788 2488 ut

1004 2506 1137 2546 pedibus
1147 2506 1288 2537 insistere
1300 2515 1364 2537 non
1378 2511 1521 2546 posset...
1536 2506 1589 2546 (7),
1605 2518 1620 2534 ι
1636 2506 1787 2538 vocabulo

1006 2568 1021 2585 α
1036 2559 1138 2596 Hymn
1150 2568 1164 2584 ιο
1181 2568 1195 2584 (ι
1209 2556 1324 2586 dicitur
1336 2568 1350 2583 ιι
1368 2556 1499 2587 fortasse
1522 2556 1670 2587 Ruﬁnum
1688 2555 1787 2594 signi-

1006 2608 1114 2645 ﬁcans,
1128 2616 1146 2637 a
1160 2615 1223 2647 quo
1237 2607 1269 2637 id
1283 2610 1456 2646 acceperat.
1468 2608 1511 2637 De
1525 2607 1652 2637 senibus
1661 2615 1680 2637 a
1692 2607 1788 2638 Lucio

1041 2695 1080 2730 (4)
1095 2694 1203 2722 SOcrat.
1214 2693 1283 2722 Hist.
1298 2693 1369 2721 Eccl.
1381 2693 1429 2721 lib.
1445 2693 1477 2720 IV
1492 2693 1648 2729 cap.2£ed.
1661 2694 1679 2721 1.
1690 2692 1786 2730 p.259.

1041 2743 1079 2778 (ε)
1093 2742 1123 2768 L.
1143 2743 1162 2769 ι.

1041 2788 1079 2822 (6)
1096 2789 1125 2815 L.
1140 2788 1158 2815 l.

1041 2834 1080 2868 (7)
1103 2834 1209 2862 Sozom.
1226 2832 1297 2861 Hist.
1314 2831 1388 2859 Eccl.
1407 2834 1454 2863 lib.
1476 2831 1509 2860 Vl
1527 2840 1588 2868 cap.
1610 2833 1645 2861 20
1661 2832 1706 2861 ed.
1721 2832 1742 2861 1.
1759 2842 1785 2869 p.

1005 2878 1066 2905 663.

1606 2927 1625 2956 ὓ
