2060 3153
298 187 352 215 165

688 181 736 209 SS.
759 178 986 208 MACARIURUM
1003 174 1163 204 AECYPTII
1185 173 1228 200 ET
1254 173 1486 201 ALEXANDRINI

1864 176 1916 206 1ῦῶ

295 241 454 281 exagitatis
464 237 736 271 Sozomenushaec
751 237 864 268 refert:
881 233 1077 266 «Cuiusmodi
1093 235 1113 262 Δ
1130 239 1198 261 rum
1218 229 1338 281 (chorus
1366 230 1582 261 dimitteretur.
1611 231 1656 260 Ita
1693 235 1771 270 175
1802 232 1912 263 civium

294 298 370 325 tunc
403 289 629 322 monachorum
663 286 835 327 praefectos
862 285 958 316 fuisse
985 293 1076 314 acce-

294 342 398 382 pimus
426 338 574 370 Macarios
599 338 689 374 duos,
712 337 751 367 de
770 336 884 375 quibus
902 335 963 365 iam
988 337 1078 364 antea

295 391 441 426 diximus,
468 392 498 420 et
533 388 648 419 Pambo
671 388 750 424 174.
763 390 856 425 atque
883 383 1078 416 Heraclidem

295 445 479 480 ceterosque
506 439 631 470 Antonii
662 437 834 477 discipulos
850 435 902 475 (1).
924 447 938 463 ι)
957 435 1017 465 Sed
1048 438 1080 464 et

293 494 360 532 ipse
370 500 441 522 cum
451 490 564 521 Ruﬁno
573 488 738 524 consentit,
747 488 807 518 hoc
813 486 880 517 solo
889 485 1078 522 discrimine,

294 542 380 582 quod
406 542 439 572 in
470 540 634 572 Sozomeni
665 538 794 569 historia
821 537 859 568 de
888 536 943 567 ista
974 544 1078 566 sacer-

295 592 376 623 dotis
397 592 459 622 ﬁlia
479 603 492 619 ι(
505 590 655 621 Macarius
669 589 800 628 eiusque
819 587 949 618 comites
967 598 980 614 »
1003 586 1078 616 dae-

294 651 421 673 monem
436 641 610 679 obiurgant,
634 642 664 670 et
688 639 722 669 in
745 639 807 670 ﬁne
821 637 934 668 Lucius
957 636 1078 668 occulte

294 692 458 732 praecipit,
482 695 553 727 «ut,
579 690 633 730 qui
661 699 733 721 cum
755 689 886 720 Macario
903 691 1019 724 essent,
1040 687 1080 718 ad

294 742 385 773 sedes
406 751 477 772 suas
492 744 522 772 et
535 741 568 771 in
577 740 776 771 solitudinem
787 743 980 770 revertantur
1005 737 1077 777 (2)».

294 792 510 823 Theodoretus
522 791 670 830 denique,
683 798 780 830 quum
794 789 832 820 de
847 788 1079 820 crudelitatibus

294 843 329 874 in
358 841 575 882 persecutione
605 841 663 871 ista
690 839 874 879 perpetratis
905 838 945 869 ad
975 837 1080 868 literas

296 892 378 923 Petri
391 891 530 931 episcopi
545 890 585 931 (3)
597 890 782 929 delegasset,
803 888 842 919 de
863 887 954 918 exilio
970 895 1079 938 senum
1097 912 1116 938 Β

295 942 374 974 haec
389 942 482 972 verba
500 941 573 972 facit
586 950 591 970 :
619 951 633 969 α
644 940 709 970 Viri
724 942 796 970 sunt
807 939 841 969 in
858 940 1010 977 Aegypto,
1026 937 1080 976 qui

295 992 477 1032 angelorum
515 990 784 1022 conversationem
816 988 1008 1019 aemulantes
1041 987 1080 1017 ab

295 1042 418 1072 urbium
438 1040 620 1072 tumultibus
633 1049 666 1071 se
681 1039 906 1074 subduxerunt,
921 1037 1080 1076 vitamque

295 1092 328 1122 in
351 1091 518 1122 solitudine
532 1099 624 1129 agere
640 1089 826 1120 maluerunt.
842 1088 899 1118 Ubi
915 1096 1081 1118 arenosum

295 1151 331 1172 ac
348 1141 452 1172 sterile
467 1140 567 1170 solum
580 1139 679 1170 fertile
690 1138 858 1169 reddentes
871 1137 1006 1167 fructum
1017 1137 1080 1167 Deo

295 1190 513 1221 suavissimum
530 1189 839 1229 pulcherrimumque
861 1187 965 1217 ferunt
983 1186 1080 1216 virtu-

295 1243 371 1276 tem,
388 1247 482 1279 quam
500 1238 560 1269 sibi
576 1241 722 1277 tanquam
734 1237 835 1275 legem
851 1236 1079 1275 imposuerunt.

296 1290 388 1321 Cuius
403 1288 531 1328 quidem
547 1287 728 1327 disciplinae
744 1286 840 1316 duces
854 1294 925 1316 cum
938 1284 989 1315 alii
1005 1283 1083 1314 mul-

295 1340 317 1370 ti
340 1339 496 1375 exstitere,
524 1342 590 1368 tum
611 1337 748 1377 optimus
762 1336 978 1375 religiosorum
1002 1335 1083 1365 ordi-

296 1398 372 1421 num
387 1388 532 1427 magister
545 1387 604 1418 fuit
625 1387 776 1417 Antonius
786 1386 838 1416 ille
848 1385 1080 1421 celeberrimus,

296 1438 352 1477 qui
375 1438 414 1468 ad
434 1437 553 1467 virtutis
575 1436 758 1476 palaestram
784 1434 946 1465 monachis
971 1434 1080 1464 solitu-

295 1488 404 1518 dinem
427 1487 538 1518 evexit.
563 1486 636 1516 Eius
656 1486 750 1524 igitur
773 1485 828 1515 viri
862 1483 1031 1524 discipulos
1046 1501 1082 1505 —

295 1537 365 1577 ipse
380 1537 463 1567 enim
479 1545 550 1568 cum
566 1536 706 1567 maximis
723 1539 754 1566 et
773 1535 991 1575 pulcherrimis
1009 1543 1083 1566 one-

1128 280 1295 312 tumultum
1309 280 1514 312 extimescens
1541 281 1654 312 Lucius
1679 281 1793 313 sanctis
1823 282 1913 320 viris,

1128 336 1162 364 ut
1177 332 1216 363 ad
1229 331 1394 371 speluncas
1406 339 1477 362 suas
1492 330 1640 368 redirent,
1659 331 1815 362 concessit
1841 330 1912 372 (5).»

1167 432 1211 463 De
1226 432 1318 463 exilio
1331 431 1458 472 quidem
1468 440 1578 463 senum
1593 431 1671 462 haec
1686 431 1776 462 nobis
1796 432 1828 462 in
1848 441 1912 463 me-

1130 482 1216 513 dium
1239 482 1427 523 proferenda
1451 485 1549 513 erant.
1568 482 1821 512 Persecutionem
1843 491 1914 512 vero

1129 533 1219 564 istam
1242 532 1466 563 monachorum
1485 533 1596 563 Lucius
1607 556 1615 569 ,
1627 532 1714 563 urbis
1729 532 1914 572 praefectus.

1131 579 1260 623 eiusque
1279 582 1426 613 satellites
1442 590 1508 613 non
1530 586 1593 613 tam
1613 591 1670 613 suo
1687 583 1794 619 Marte,
1824 591 1915 622 quam

1130 633 1198 672 lege
1218 633 1354 664 Valentis
1368 633 1564 673 imperatoris
1581 633 1681 663 innixi
1697 633 1797 672 egisse
1811 633 1916 663 viden-

1129 687 1192 714 tur.
1209 684 1351 714 Socrates
1362 683 1446 714 enim
1462 684 1501 714 de
1522 683 1591 722 lege
1611 683 1744 723 quadam
1767 683 1914 723 loquitur,

1130 743 1190 773 qua
1219 734 1332 765 Valens
1358 735 1529 774 praecepit,
1549 745 1563 761 (ι
1582 737 1615 764 ut
1631 733 1839 772 [orthodoxi],
1863 735 1916 774 qui

1129 784 1332 815 Alexandriae
1349 787 1380 815 et
1395 783 1428 814 in
1443 783 1562 824 reliqua
1578 786 1682 815 essent
1695 785 1849 824 Aegypto,
1871 784 1916 815 fu-

1131 838 1278 872 garentur
1304 834 1386 874 (6).»
1411 834 1551 864 Ceterum
1566 834 1678 865 Valens
1702 843 1731 865 a.
1759 834 1827 872 373,
1851 834 1914 874 pri-

1130 893 1181 915 ma
1196 885 1330 915 Ianuarii
1353 884 1415 921 die,
1431 884 1532 923 legem
1556 885 1696 921 sancivit,
1714 884 1803 915 cuius
1827 888 1916 915 tenor

1133 934 1184 965 hic
1200 938 1247 965 est
1264 943 1271 965 :
1288 946 1302 963 «
1319 935 1448 971 Quidam
1466 935 1608 974 ignaviae
1624 938 1791 966 sectatores
1809 935 1915 966 deser-

1132 985 1172 1015 tis
1199 985 1354 1016 civitatum
1382 986 1563 1016 muneribus
1592 989 1716 1025 captant
1735 985 1917 1017 solitudines

1133 1042 1169 1065 ac
1184 1038 1313 1072 secreta,
1332 1038 1362 1065 et
1378 1035 1483 1075 specie
1505 1035 1665 1075 religionis
1679 1044 1750 1067 cum
1776 1037 1916 1068 coetibus

1133 1083 1344 1114 Monazonton
1365 1087 1606 1123 congregantur.
1631 1085 1696 1115 Hos
1715 1085 1810 1123 igitur
1825 1088 1917 1125 atque

1134 1130 1313 1164 huiusmodi
1326 1133 1405 1175 intra
1434 1136 1609 1173 Aegyptum
1628 1133 1841 1174 deprehensos
1862 1143 1918 1174 per

1134 1182 1281 1213 comitem
1314 1183 1444 1214 Orientis
1476 1184 1544 1214 erui
1573 1192 1590 1214 e
1622 1184 1747 1215 latebris
1779 1184 1919 1216 consulta

1134 1232 1357 1272 praeceptione
1383 1233 1607 1271 mandavimus,
1637 1237 1730 1274 atque
1759 1235 1796 1265 ad
1813 1236 1918 1266 munia

1134 1281 1305 1321 patriarum
1323 1283 1483 1314 subeunda
1501 1284 1650 1321 revocari,
1668 1288 1720 1314 aut
1734 1293 1791 1324 pro
1810 1288 1918 1316 tenore

1134 1336 1259 1362 nostrae
1279 1333 1448 1364 sanctionis
1468 1333 1664 1364 familiarium
1683 1343 1787 1365 rerum
1813 1343 1919 1366 carere

1134 1381 1312 1420 inlecebris,
1330 1392 1406 1423 quas
1419 1392 1476 1423 per
1489 1392 1543 1414 eos
1563 1385 1741 1415 censuimus
1762 1384 1919 1416 vindican-

1135 1431 1201 1468 das,
1221 1433 1276 1471 qui
1300 1433 1495 1472 publicarum
1519 1438 1622 1464 essent
1646 1434 1776 1465 subituri
1790 1443 1919 1466 munera

1134 1481 1342 1513 functionum.
1381 1493 1436 1523 pp.
1469 1485 1595 1524 Byritho
1635 1485 1765 1516 Kalend.
1795 1486 1917 1516 Ianuar.

1134 1532 1350 1564 Valentiniano
1365 1537 1396 1564 et
1410 1534 1537 1565 Valente
1561 1537 1619 1565 ΛΑ.
1639 1536 1722 1566 Coss.
1751 1535 1803 1575 (7).
1822 1547 1837 1563 ι»
1853 1536 1920 1572 Quo

293 1586 384 1617 ribus
397 1587 436 1617 ad
451 1586 635 1626 tranquillos
650 1589 759 1626 portus
769 1585 977 1625 appulerat—
990 1586 1085 1616 miser
1098 1587 1120 1617 C
1134 1582 1228 1621 igitur
1251 1583 1285 1614 in
1313 1583 1439 1614 decreto
1456 1593 1519 1615 non
1542 1588 1673 1625 propter
1699 1585 1803 1622 vitam,
1825 1595 1919 1624 quam

295 1637 356 1668 iste
380 1640 411 1668 et
428 1637 659 1668 infelicissimus
676 1637 812 1674 [Lucius]
832 1636 999 1668 insectatus
1024 1642 1080 1674 est,

296 1695 335 1717 ac
354 1685 527 1717 divinorum
555 1686 681 1717 illorum
701 1690 845 1716 coetuum
867 1686 977 1723 duces,
998 1687 1081 1717 cele-

298 1738 387 1769 brem
412 1736 501 1767 illum
524 1735 707 1772 Macarium,
732 1739 763 1765 et
788 1735 919 1766 alterum
944 1735 1083 1766 eiusdem

297 1787 446 1824 nominis,
465 1795 522 1817 nec
535 1795 599 1816 non
619 1785 771 1816 Isidorum
787 1785 928 1824 aliosque
952 1785 991 1816 de
1013 1795 1084 1825 spe-

297 1837 401 1869 luncis
425 1837 576 1868 abductos
601 1837 634 1867 in
654 1836 787 1867 insulam
814 1837 970 1876 quandam
999 1836 1081 1867 rele-

300 1888 397 1927 gavit,
429 1895 509 1927 quae
538 1887 576 1918 ab
602 1886 707 1926 impiis
738 1886 917 1918 hominibus
947 1887 1082 1918 habitata

299 1939 422 1970 nullum
434 1947 572 1978 unquam
587 1938 711 1977 pietatis
726 1938 907 1976 magistrum
919 1937 1080 1969 habuerat.

300 1988 439 2026 Cumque
459 1986 579 2018 insulae
598 1995 671 2017 orae
694 1986 977 2026 apprOpinquasset
994 1986 1081 2017 navi-

301 2037 397 2076 gium,
413 2037 564 2073 daemon,
585 2036 640 2075 qui
661 2036 705 2066 ibi
728 2036 897 2073 colebatur,
921 2045 1083 2067 consecra-

300 2091 366 2117 tum
398 2086 457 2116 sibi
482 2086 629 2117 deserens
657 2086 875 2128 simulacrum,
893 2086 979 2125 quod
1007 2086 1083 2116 anti-

301 2144 398 2175 quum
422 2135 489 2165 eius
510 2135 610 2166 fuerat
633 2135 840 2171 domicilium,
866 2135 959 2166 ﬁliam
983 2145 1084 2167 sacer-

1133 1633 1272 1672 degunt,
1295 1635 1530 1672 monachicam,
1555 1644 1662 1666 verum
1690 1636 1764 1676 quia
1789 1645 1920 1668 munera

1133 1684 1233 1714 civilia
1252 1688 1283 1715 et
1307 1684 1434 1716 curialia
1459 1686 1596 1723 eﬂ'ugere
1624 1685 1702 1717 velle
1721 1687 1918 1726 putabantur.

1133 1738 1301 1766 sectatores
1322 1735 1461 1774 ignaviae
1476 1736 1632 1767 dicuntur.
1652 1737 1748 1767 Simili
1768 1745 1807 1767 ex
1828 1746 1920 1768 causa

1132 1784 1182 1815 alii
1195 1793 1320 1824 quoque
1341 1778 1555 1826 imperatores,
1570 1787 1652 1817 inter
1676 1795 1754 1826 quos
1773 1788 1921 1818 Constan-

1132 1835 1227 1872 tinus,
1242 1836 1375 1867 euriales
1385 1837 1562 1868 sacerdotes
1586 1837 1653 1868 ﬁeri
1676 1841 1838 1868 vetuerant
1863 1837 1918 1876 (8).

1133 1886 1242 1925 Neque
1256 1895 1330 1916 vero
1355 1886 1394 1917 de
1412 1888 1522 1926 quovis
1544 1887 1710 1924 monacho,
1735 1896 1838 1927 neque
1858 1896 1918 1918 no—

1131 1935 1272 1965 minutim
1288 1935 1327 1966 de
1346 1944 1476 1966 munere
1493 1936 1617 1967 militari
1632 1936 1680 1967 lex
1694 1936 1748 1967 illa
1766 1936 1918 1976 loquitur,

1132 1986 1188 2016 sed
1211 1986 1250 2016 de
1276 1986 1471 2023 hominibus,
1499 1987 1552 2027 qui
1587 1987 1717 2018 desertis
1740 1987 1921 2018 muneribus

1129 2035 1278 2075 publicis,
1293 2038 1392 2076 specie
1413 2037 1575 2077 religionis
1594 2046 1665 2068 cum
1686 2038 1848 2069 monachis
1861 2038 1919 2069 de-

1133 2089 1225 2123 gunt;
1237 2094 1292 2116 eos
1308 2087 1391 2116 enim
1405 2090 1457 2117 aut
1476 2087 1515 2118 ad
1529 2088 1634 2118 munia
1646 2088 1762 2127 patriae
1774 2088 1920 2119 obeunda

1133 2135 1259 2172 retrahi,
1276 2139 1328 2166 aut
1339 2145 1372 2167 re
1387 2137 1531 2168 familiari
1551 2138 1678 2177 spoliari
1696 2139 1796 2169 iussit.
1820 2140 1922 2175 Quan-

301 2186 383 2217 dotis
409 2186 448 2216 ad
478 2186 628 2216 insaniam
643 2186 807 2216 concitavit
827 2189 857 2216 et
883 2185 1082 2216 furibundam
1132 2194 1227 2225 quam
1261 2186 1405 2217 inimicos
1433 2187 1657 2218 catholicorum
1686 2188 1755 2227 lege
1788 2189 1921 2228 turpiter

300 2233 340 2265 ad
354 2233 427 2264 litus
442 2233 580 2269 deduxit,
597 2243 660 2273 quo
678 2234 779 2264 navim
801 2233 935 2272 remiges
950 2234 1082 2274 appule—
1099 2260 1120 2287 Β
1133 2235 1220 2266 abuti
1245 2235 1336 2267 facile
1368 2238 1506 2276 potuisse
1519 2261 1526 2272 .
1552 2247 1645 2269 nemo
1672 2247 1736 2270 non
1762 2239 1918 2278 intelligit.

300 2287 370 2314 rant
393 2283 447 2324 (4).
463 2294 477 2311 »
506 2284 630 2319 Cetera,
662 2292 742 2322 quae
766 2287 949 2322 sequuntur,
977 2283 1015 2313 ad
1038 2283 1081 2320 id,
1099 2283 1117 2287 ”
1136 2286 1270 2326 Prosper
1296 2287 1423 2326 quidem
1445 2288 1615 2327 Aquitanus
1635 2289 1737 2328 legem
1756 2298 1773 2320 a
1793 2290 1920 2322 Valente

300 2333 386 2373 quod
401 2342 419 2365 e
441 2333 555 2364 Ruﬁno
577 2333 752 2367 didicimus,
768 2332 860 2372 plane
878 2333 1020 2364 redeunt.
1046 2335 1082 2364 In
1136 2335 1238 2366 datam
1254 2345 1322 2367 esse
1335 2337 1477 2368 tradidit:
1498 2350 1511 2366 α
1529 2343 1563 2370 ut
1584 2339 1729 2371 monachi
1741 2340 1918 2378 militarent,

300 2385 362 2415 ﬁne
373 2383 600 2415 Theodoretus:
612 2383 744 2419 «Haec,»
755 2383 867 2422 inquit,
877 2395 889 2410 ‹‹
898 2383 952 2414 ubi
962 2383 994 2413 in
1004 2383 1082 2414 urbe
1136 2385 1279 2417 nolentes
1294 2387 1427 2418 fustibus
1440 2393 1624 2420 necarentur
1635 2390 1687 2430 (9).
1708 2402 1722 2418 »
1739 2394 1818 2428 176
1831 2392 1920 2427 Quod

299 2434 514 2469 innotuerunt,
544 2432 683 2462 omnium
708 2431 792 2462 illico
814 2431 915 2462 factus
937 2436 984 2463 est
1007 2441 1082 2463 con-
1135 2436 1262 2475 quidem
1290 2441 1348 2468 etsi
1371 2438 1439 2477 lege
1464 2448 1528 2470 non
1547 2441 1748 2480 exprimitur,
1775 2450 1921 2480 magnam

300 2493 409 2516 cursus
424 2484 552 2514 Lucium
565 2482 794 2520 obiurgantium
808 2485 838 2512 et
859 2482 962 2513 divina
984 2491 1018 2513 se
1035 2483 1082 2514 ira
1134 2490 1217 2517 certe
1230 2488 1450 2527 crudelemque
1463 2490 1558 2521 fuisse
1576 2491 1800 2522 monachorum
1815 2502 1923 2532 perse-

301 2533 483 2574 plectendos
493 2533 674 2570 dicentium,
687 2532 744 2562 nisi
760 2532 881 2563 divinus
894 2532 946 2564 ille
959 2537 1082 2564 sancto-

336 2633 375 2668 (I)
396 2632 463 2659 Ibid.
479 2641 505 2667 p.
520 2632 582 2659 662.

335 2679 374 2714 (2)
391 2678 458 2706 Ibid.
475 2687 501 2713 p.
515 2679 566 2706 665
582 2679 608 2706 in
627 2679 690 2706 ﬁne.

334 2726 374 2760 (ὃ)
389 2725 502 2753 Exstant
516 2726 542 2752 in
557 2725 719 2752 'I‘heorloret.
736 2723 803 2751 Hist.
820 2724 893 2751 Eccl.
909 2724 956 2751 lib.
969 2723 1001 2750 IV
1015 2733 1075 2760 cap.

303 2769 346 2801 il),
360 2769 428 2804 Opp.
443 2770 486 2797 ed.
504 2770 627 2798 Nxessrlt
645 2772 676 2799 T.
691 2770 722 2796 Ill
742 2779 767 2805 p.
785 2770 838 2797 987
852 2779 912 2805 sqq.

337 2815 374 2850 (Ai)
392 2816 554 2843 Tlleoduret.
573 2817 640 2843 Hist.
662 2816 734 2843 Eccl.
751 2817 798 2844 lib.
816 2815 850 2842 IV
866 2825 929 2852 cap.
951 2818 983 2845 18
997 2817 1041 2844 ed.
1061 2817 1077 2843 ί.

304 2867 328 2895 p.
347 2861 399 2887 985
413 2869 455 2895 sq.

296 2933 298 2942 ν
337 2907 376 2944 (Si)
396 2907 426 2935 L.
441 2906 460 2934 I.
477 2915 502 2942 p.
518 2906 570 2934 986
588 2914 629 2940 sq.

1136 2537 1306 2575 cntionem,
1322 2548 1339 2569 a
1354 2539 1481 2571 Valente
1495 2541 1668 2579 excitatam,
1684 2550 1701 2572 e
1723 2543 1752 2571 S.
1781 2543 1919 2582 Chryso-

1171 2635 1209 2669 (6)
1232 2634 1310 2662 Socr.
1327 2636 1398 2664 Hist.
1415 2637 1487 2665 Eccl.
1500 2639 1548 2667 lib.
1560 2639 1593 2666 ιν
1605 2648 1664 2676 cap.
1675 2641 1711 2668 24
1721 2641 1764 2669 ed.
1783 2641 1801 2668 I.
1815 2650 1840 2676 p.
1853 2634 1918 2669 258.

1170 2681 1210 2715 (7)
1227 2681 1295 2709 Cod.
1310 2682 1447 2712 Theodos.
1464 2685 1521 2717 XII,
1536 2685 1560 2716 1,
1576 2687 1619 2714 65.

1170 2727 1207 2762 (8)
1225 2727 1425 2757 Constantinus
1448 2730 1514 2758 Cod.
1540 2730 1676 2760 Theodos.
1697 2732 1771 2765 XVI,
1787 2733 1819 2762 Ξ,
1836 2734 1862 2760 5.
1884 2733 1920 2763 ϐ;

1135 2772 1341 2802 Valentinianus
1360 2775 1426 2802 ibid.
1443 2776 1515 2808 XVI,
1532 2777 1560 2808 2,
1577 2778 1619 2805 ΓΙ.

1168 2820 1204 2853 (9)
1226 2820 1319 2855 Prosp.
1342 2821 1474 2856 Aquitan.
1496 2824 1598 2851 (iltrou.
1618 2825 1715 2860 integr.
1735 2824 1766 2851 P.
1792 2824 1812 2856 I,
1828 2824 1922 2860 “igne

1133 2864 1235 2893 Patro].
1254 2866 1285 2893 T.
1303 2866 1333 2892 LI
1352 2876 1378 2902 p.
1399 2868 1460 2894 585.
