2060 3153
165 155 216 183 165

920 169 1037 198 VITAE.

1738 185 1788 212 16‘}

165 215 259 246 stomi
280 215 367 247 libris
377 216 524 248 adversus
539 226 767 260 oppugnatores
786 224 868 255 vitae
890 234 957 256 mo-
973 232 994 260 Α
1010 219 1137 258 millima
1144 236 1191 265 ea,
1201 237 1281 268 quae
1288 230 1327 261 de
1337 231 1500 264 virtutibus
1510 235 1712 269 Macariorum
1725 242 1792 273 Ru-

164 265 315 296 nachicae
332 266 373 306 (1)
389 267 550 299 discimus.

206 316 312 345 Restat
338 318 372 346 ut
401 317 606 348 Macariorum
631 321 840 358 mentionem,
861 331 955 362 quam

166 364 236 395 data
252 366 480 404 persecutionis
493 367 582 398 istius
601 371 773 402 narrandae
790 373 954 404 occasione

165 413 295 445 Rufinus
315 414 403 452 fecit,
431 416 568 448 breviter
588 418 639 450 hic
661 421 896 460 subiungamus.
923 424 953 454 Is

165 463 257 499 enim,
273 473 371 503 quum
388 468 564 505 temporum
584 467 708 499 illorum
727 469 886 501 historiam
901 472 954 503 de-

163 513 355 552 scripsisset:
374 526 387 542 ι(
418 515 572 553 Florebat,
588 528 602 544 η
616 517 729 557 inquit,
745 520 865 559 «igitur
896 524 953 554 Ae-

135 556 138 558 ’
163 568 276 603 gyptus
296 572 333 595 ea
352 568 537 604 tempestate
564 575 628 597 non
646 556 748 599 solum
767 556 895 602 eruditis
918 573 951 604 in

161 614 330 646 christiana
344 615 544 655 philosophia
558 617 641 655 viris,
658 628 764 650 verum
781 622 872 652 etiam
890 622 947 660 his,

162 665 215 705 qui
226 673 283 704 per
292 669 408 696 vastam
424 674 561 697 eremum
573 675 807 702 eommanentes
821 673 908 711 signa
919 677 949 704 et

161 715 305 754 prodigia
319 716 495 755 Apostolica
511 717 707 757 simplicitate
728 721 808 752 vitae
827 725 856 752 et
876 732 947 754 cor-

163 764 210 796 dis
232 765 407 797 sinceritate
424 766 586 798 faciebant.
610 770 651 800 Ex
672 771 785 809 quibus
810 773 945 810 interim,

165 824 245 855 quos
262 817 323 856 ipsi
336 817 478 855 vidimus,
491 822 520 848 et
531 828 665 859 quorum
685 821 829 853 benedici
845 825 945 854 mani-

165 867 223 897 bus
238 868 417 904 meruimus,
434 868 465 898 hi
480 872 552 899 sunt
565 879 570 900 :
582 871 731 902 Macarius
743 872 780 903 de
792 874 945 913 superiori

166 926 281 954 eremo,
297 918 374 949 alius
388 920 537 950 Macarius
548 920 586 950 de
598 920 749 958 inferiori,
761 923 896 953 Isidorus
912 924 945 954 in

165 966 257 1005 Seyti,
279 967 411 998 Pambus
433 968 466 998 in
483 968 617 1005 Cellulis,
637 970 759 1009 Moyses
780 973 810 1000 et
832 972 944 1003 Benia-

163 1016 226 1046 min
248 1017 279 1046 in
297 1017 404 1054 Nitria,
437 1019 570 1058 Scyrion
587 1022 618 1049 et
651 1020 755 1050 Helias
779 1024 809 1051 ct
832 1022 945 1053 Paulus

162 1067 193 1097 in
213 1067 364 1107 Apeliote,
390 1067 468 1099 alius
488 1070 600 1101 Paulus
622 1070 656 1101 in
679 1073 780 1110 Focis,
806 1074 943 1105 Poemen

161 1120 189 1146 et
212 1116 325 1156 Ioseph
347 1117 379 1147 in
398 1117 521 1157 Pispiri,
543 1120 596 1158 qui
619 1120 834 1159 appellabatur
853 1131 944 1153 mons

158 1168 362 1199 Antonii.Sed
377 1171 407 1199 et
420 1169 498 1199 alios
513 1171 713 1210 quamplures
728 1171 943 1204 huiuscemodi

157 1218 241 1248 viros
254 1218 287 1248 in
303 1219 432 1259 Aegypti
452 1220 589 1259 partibus
604 1221 847 1259 habitare,ﬁdeli
860 1232 944 1254 com-

155 1269 297 1309 perimus
318 1270 424 1300 auditu
438 1270 491 1310 (2).
511 1282 525 1298 »
545 1272 629 1302 Inter
650 1274 823 1312 Aegyptum
847 1283 942 1313 supc-

154 1319 273 1350 riorem
285 1322 315 1349 et
326 1319 505 1351 inferiorem
517 1321 543 1351 si
554 1321 763 1361 distinguitur,
774 1324 942 1363 superioris

153 1370 255 1400 eremi
279 1370 446 1401 Maearium
469 1372 655 1411 Aegyptium
679 1372 777 1404 Scetis
795 1374 940 1412 incolam,

150 1420 315 1452 inferioris
330 1421 571 1453 Alexandrinum
585 1423 769 1455 Cellularum
783 1426 943 1465 presbyte-

152 1481 225 1503 rum
239 1472 335 1512 i‘qisse
350 1472 546 1503 crediderim.

194 1524 207 1560 §
232 1521 280 1551 43.
299 1522 443 1559 Socratis,
454 1523 629 1560 Sozomeni,
639 1524 762 1560 Suidae,
773 1525 942 1565 Nieephori

1008 276 1089 307 ﬁnus
1099 277 1131 307 in
1143 279 1380 312 Continuatione
1392 283 1546 315 Historiae
1557 286 1789 321 Ecclesiasticae

1005 325 1131 357 Eusebii
1151 328 1316 367 scripserat
1346 330 1398 371 (6),
1428 332 1567 365 alludere
1596 336 1789 370 videntur.E

1004 375 1142 407 fontibus
1151 377 1460 419 deniqueincognitis
1468 384 1608 416 Socrates
1623 386 1699 419 haec
1710 397 1789 421 n0va

1004 426 1131 457 adiecit:
1142 439 1155 455 «
1165 428 1235 459 Erat
1242 438 1335 469 porro
1348 433 1506 468 [Macarius
1515 437 1692 476 Aegyptius]
1702 448 1788 470 reve-

1003 477 1119 507 rendus
1139 479 1254 518 pariter
1272 488 1307 511 ac
1324 489 1449 513 severus
1470 483 1504 514 in
1518 484 1598 523 illos,
1616 488 1669 526 qui
1685 488 1789 528 ipsum

1002 526 1139 557 adibant.
1166 530 1315 561 Macarius
1345 540 1419 563 vero
1449 526 1785 575 Alexandrinusicum

1001 584 1227 617 usquequaque
1247 580 1354 611 similis
1374 585 1455 613 esset
1476 585 1640 624 Aegyptio,
1663 597 1701 618 eo
1721 593 1789 619 tan-

1001 628 1066 655 tum
1079 626 1283 667 discrepabat,
1294 631 1378 669 quod
1393 631 1499 663 hilaris
1511 633 1568 664 fuit
1581 644 1653 674 erga
1668 646 1721 668 eos
1732 640 1787 678 qui

999 675 1037 704 ad
1050 675 1150 715 ipsum
1163 683 1367 717 accesserant,
1376 685 1406 711 et
1416 682 1590 715 urbanitate
1599 686 1730 725 quadam
1741 675 1787 719 iu-

999 725 1104 757 niores
1114 727 1151 757 ad
1162 728 1355 768 disciplinam
1365 733 1579 764 monachicam
1591 735 1696 768 allexit
1706 738 1758 777 (7).
1771 752 1784 767 »

998 777 1103 807 Cetera
1122 778 1225 816 igitur,
1240 787 1278 809 ex
1298 781 1427 819 Evagrio
1443 783 1640 824 deprompta,
1654 787 1693 817 ad
1710 788 1785 820 duas

997 826 1119 857 Macarii
1132 829 1271 868 Aegyptii
1282 829 1424 862 historias
1435 832 1583 871 decausa,
1591 844 1646 866 cur
1655 837 1784 869 iniuria-

997 885 1065 906 rum
1089 878 1127 908 ab
1154 878 1334 910 hominibus
1356 880 1543 913 inﬂictarum
1569 886 1784 918 recordatione

997 928 1165 958 memoriae
1187 929 1248 959 vim
1272 939 1521 971 eorrumpamus,
1542 943 1560 964 a
1579 935 1784 968 daemonibus

995 984 1069 1006 vero
1078 981 1276 1017 acceptarum
1287 981 1516 1013 reminiscendo
1531 992 1595 1013 non
1610 984 1782 1024 laedamus,

996 1029 1026 1056 et
1038 1027 1076 1056 de
1087 1027 1281 1066 abstinentia,
1292 1039 1353 1069 qua
1364 1032 1524 1071 Evagrium
1536 1033 1585 1063 siti
1596 1043 1783 1074 oppressum

995 1077 1103 1108 umbra
1113 1082 1292 1110 contentum
1301 1090 1368 1112 esse
1377 1082 1517 1120 iusserat,
1526 1085 1716 1125 redeunt(8).
1727 1087 1784 1117 So-

995 1136 1144 1159 zomenus
1158 1129 1197 1160 de
1212 1131 1349 1165 Macariis
1365 1142 1464 1172 pauca
1478 1134 1582 1165 retulit
1597 1144 1634 1165 ex
1649 1136 1783 1169 Historia

994 1179 1150 1216 Lausiaca,
1162 1180 1220 1210 hoc
1232 1185 1334 1212 tamen
1346 1184 1518 1222 praemisso
1534 1186 1664 1217 exordio
1678 1196 1684 1216 :
1698 1200 1711 1215 «
1724 1189 1780 1218 0r-

995 1228 1061 1258 diar
1073 1233 1176 1260 autem
1192 1231 1230 1260 ab
1244 1233 1396 1271 Aegypto,
1411 1236 1440 1263 et
1457 1242 1474 1263 a
1491 1234 1613 1265 duobus
1630 1237 1780 1275 Macariis,

994 1277 1203 1309 celeberrimis
1210 1281 1392 1318 rectoribus,
1400 1282 1454 1321 qui
1460 1282 1492 1312 in
1498 1283 1587 1313 Scete
1596 1287 1625 1314 et
1633 1284 1664 1314 in
1674 1291 1781 1317 monte

994 1328 1130 1367 regionis
1143 1329 1225 1360 illius
1240 1331 1451 1370 praefuerunt.
1464 1334 1601 1369 Quorum
1616 1333 1693 1365 alter
1708 1337 1779 1375 qui—

994 1378 1065 1409 dem
1077 1381 1245 1419 Aegyptius
1256 1381 1323 1419 fuit,
1332 1382 1409 1413 alter
1420 1388 1556 1420 πολιτικός
1577 1384 1598 1414 i.
1613 1394 1641 1416 e.
1652 1386 1781 1417 urbicus

992 1428 1162 1460 dicebatur.
1172 1431 1242 1461 Erat
1253 1432 1334 1462 enim
1347 1433 1498 1463 oriundus
1510 1442 1547 1464 ex
1564 1434 1641 1465 urbe
1652 1435 1782 1467 Alexan-

993 1477 1069 1508 dria.
1087 1479 1149 1510 Nec
1162 1488 1227 1510 non
1242 1484 1374 1520 uterque
1388 1482 1428 1512 0b
1442 1482 1578 1513 divinam
1598 1485 1778 1523 praescien-

992 1528 1065 1558 tiam
1086 1537 1121 1560 ac
1141 1530 1374 1571 philosophiam
1392 1532 1582 1563 admirabilis
1601 1536 1631 1563 et
1649 1533 1779 1564 daemo-

153 1571 282 1608 Callisti,
307 1571 503 1612 aliorumque
531 1582 635 1604 rerum
663 1574 976 1607 ecclesiasticarumC
993 1578 1085 1609 nibus
1113 1579 1318 1611 formidabilis
1351 1581 1444 1612 multa
1468 1582 1616 1613 miracula
1638 1587 1668 1614 et
1687 1594 1778 1616 cura-

153 1621 355 1661 seriptorum,
371 1622 424 1661 qui
447 1631 511 1652 non
526 1625 588 1653 tam
611 1632 667 1654 suo
693 1626 798 1661 Marte,
814 1635 908 1665 quam
924 1635 941 1657 e

152 1670 297 1702 fontibus
314 1671 375 1702 illis
395 1671 559 1711 primariis,
579 1682 659 1712 quos
680 1673 844 1714 hucusque
867 1684 940 1707 exa-

152 1725 353 1761 minavimus,
365 1725 403 1755 de
418 1725 556 1756 Macariis
571 1726 706 1763 tradunt,
720 1727 806 1758 locos
821 1728 943 1759 relatio-

152 1784 276 1815 nesque
298 1776 434 1814 integras
457 1776 489 1806 in
512 1777 650 1807 medium
671 1777 813 1817 proferre
834 1787 942 1818 super-

151 1827 254 1858 ﬂuum
270 1836 337 1858 esse
352 1831 442 1858 antea
456 1828 594 1858 arbitrati
607 1837 714 1858 sumus
730 1828 783 1868 (3).
799 1831 942 1860 Attamen

151 1886 206 1908 eos
220 1877 361 1909 breviter
375 1886 540 1908 recensere
554 1886 571 1908 a
586 1886 620 1908 re
638 1877 775 1908 alienum
791 1887 855 1909 non
872 1879 939 1909 erit.

149 1929 187 1960 Et
209 1929 350 1959 Socratis
374 1928 501 1968 quidem
522 1931 584 1959 tota
607 1928 645 1958 de
670 1929 809 1959 Macariis
832 1929 940 1960 relatio

151 1979 242 2011 libris
265 1980 386 2018 Evagrii
408 1979 562 2015 innititur,
578 1979 715 2018 exceptis
737 1979 845 2019 paucis
868 1980 939 2020 qui-

152 2030 288 2061 busdam
311 2030 482 2060 sententiis.
506 2030 529 2060 E
553 2038 684 2069 quarum
712 2038 843 2060 numero
870 2033 941 2060 sunt

152 2081 216 2117 illa,
226 2089 310 2121 quae
322 2089 415 2120 supra
426 2081 464 2110 ad
476 2079 590 2110 librum
601 2080 773 2110 secundum
784 2080 940 2120 respicere

152 2131 319 2162 docuimus
332 2130 384 2170 (4);
398 2130 476 2165 177
487 2130 541 2161 sed
557 2130 675 2167 ultima,
687 2139 767 2170 quae
783 2139 800 2161 e
814 2132 939 2162 Socrate

152 2180 196 2210 ibi
209 2179 382 2216 attulimus,
395 2180 487 2210 verba
502 2179 578 2210 haec
591 2188 597 2209 :
611 2191 625 2208 ε
641 2180 811 2219 Aegyptius
826 2181 938 2218 [Maca-

992 1628 1094 1659 tiones
1118 1630 1286 1670 stupendas
1309 1631 1439 1670 perfecit
1464 1632 1516 1672 (9).
1533 1646 1546 1659 »
1569 1634 1647 1664 Illud
1673 1636 1777 1673 etiam,

992 1679 1078 1717 quod
1093 1688 1188 1719 supra
1207 1681 1398 1718 monuimus,
1415 1683 1606 1714 Sozomenus
1623 1685 1707 1716 solus
1721 1695 1779 1717 nos

992 1727 1113 1765 edocet,
1125 1730 1290 1761 Macarium
1307 1731 1548 1762 Alexandrinum
1564 1736 1778 1774 serius,quam

991 1778 1189 1817 Aegyptium,
1201 1779 1418 1819 presbyterum
1433 1780 1546 1812 factum
1556 1791 1624 1812 esse
1637 1784 1708 1823 (10).
1725 1786 1779 1816 Ce-

991 1833 1092 1860 terum
1101 1830 1278 1860 exHistoria
1286 1831 1431 1861 Lausiaca
1445 1832 1559 1862 famam
1572 1833 1610 1863 de
1622 1838 1745 1865 mortuo
1760 1844 1778 1866 a

991 1880 1123 1909 Macario
1142 1880 1293 1919 Aegyptio
1312 1880 1351 1910 ad
1370 1880 1556 1911 Hieraeitam
1571 1882 1776 1915 refellendum

991 1930 1149 1966 suscitato,
1170 1930 1208 1960 de
1230 1933 1329 1960 aetate
1351 1931 1474 1961 Macarii
1499 1933 1654 1971 Aegyptii,
1670 1936 1701 1963 et
1722 1943 1777 1964 cur

992 1988 1108 2010 nomen
1129 1984 1342 2020 παιδαριογέρων
1365 1980 1445 2015 178
1463 1981 1492 2011 ei
1513 1981 1646 2012 inditum
1670 1982 1774 2021 fuerit,

991 2028 1146 2066 historias,
1157 2030 1292 2069 denique
1305 2029 1493 2068 singularem
1509 2032 1633 2062 Macarii
1647 2032 1777 2064 Alexan-

991 2080 1072 2111 drini
1085 2081 1305 2110 continentiam
1318 2080 1442 2111 tradidit
1454 2080 1525 2120 (11).
1541 2082 1702 2114 Praeterea
1717 2083 1775 2115 So-

991 2138 1140 2160 zomenus
1162 2130 1329 2160 Macarium
1353 2130 1597 2162 Alexandrinum
1613 2144 1626 2161 ι(
1644 2133 1776 2165 Cellula-

991 2190 1059 2211 rum
1088 2182 1306 2221 presbyterum
1327 2193 1340 2208 »
1365 2181 1469 2211 denuo
1497 2181 1612 2220 laudat,
1635 2184 1689 2223 qui
1712 2194 1776 2217 non

153 2228 229 2266 rius]
246 2231 293 2259 tot
308 2228 424 2258 sanavit
437 2236 558 2266 aegros,
569 2230 615 2258 tot
630 2228 774 2259 obsessos
785 2238 802 2259 a
815 2229 940 2260 daemo—
956 2245 977 2273 ο
990 2239 1035 2267 se,
1051 2231 1106 2261 sed
1131 2231 1277 2270 angelum
1300 2231 1403 2261 Marco
1427 2240 1553 2271 semper
1568 2241 1614 2269 ea,
1634 2246 1646 2261 ‹‹
1664 2244 1743 2273 quae
1758 2245 1776 2266 θ

152 2279 246 2310 nibus
260 2279 413 2316 liberavit,
428 2282 473 2315 ut,
489 2287 569 2318 quae
583 2287 639 2318 per
656 2279 784 2316 gratiam
799 2280 854 2310 Dei
869 2288 938 2318 ges-

152 2330 243 2365 serit,
263 2332 440 2369 separatum
456 2338 535 2368 opus
549 2328 726 2359 desiderent
741 2329 812 2365 (5),»
839 2330 877 2360 ad
894 2330 936 2360 si-

189 2437 227 2472 (I)
247 2436 286 2463 lo.
308 2436 498 2473 Chrysostomi
521 2434 589 2470 Opp.
611 2436 656 2463 ed.
676 2435 852 2464 Montiaucon
883 2437 939 2464 T.l

153 2491 177 2517 p.
195 2483 231 2510 44
248 2490 308 2517 sqq.

105 2522 106 2525 “
188 2527 226 2562 (2)
250 2526 341 2555 Hulin.
364 2526 434 2554 Hist.
455 2526 529 2553 Eccl.
544 2526 591 2552 lib.
608 2526 630 2552 ll
646 2534 707 2561 cap.
723 2527 739 2554 8
756 2526 799 2555 ed.
816 2527 899 2556 Basil.
919 2529 936 2555 l.

153 2579 180 2605 p.
193 2571 265 2603 9.46;
282 2571 373 2598 Ruﬁni
388 2571 457 2606 Opp.
471 2570 515 2598 ed.
531 2570 646 2599 Vallarsi
664 2580 689 2606 p.
701 2571 765 2604 278,
781 2571 871 2607 Migne
885 2572 945 2600 Pa-‘

151 2618 216 2645 trol.
234 2617 268 2643 τ.
284 2617 345 2643 xxr
362 2626 389 2652 p.
405 2617 467 2644 517.

187 2661 227 2696 (3)
250 2660 339 2695 Supra
388 2662 418 2688 Η
429 2671 457 2697 p.
475 2662 520 2689 37.

130 2710 132 2714 '
187 2707 226 2742 (4)
249 2706 339 2741 Supra
356 2707 369 2743 ᾗ
384 2708 420 2735 24
437 2716 463 2743 p.
480 2709 530 2735 Hi
548 2716 591 2743 sq.

186 2752 226 2786 (5)
248 2751 281 2777 L.
299 2752 319 2779 ι.

186 2797 225 2830 (6)
244 2796 291 2823 Cf.
307 2797 414 2833 supra§
432 2799 467 2825 27
482 2807 508 2833 p.
526 2799 587 2826 1M.

186 2842 225 2878 (7)
248 2841 328 2870 Socr.
342 2843 411 2871 Hist.
427 2844 501 2873 Eccl.
515 2845 563 2872 lib.
581 2845 613 2872 IV
626 2853 685 2882 cap.
699 2845 734 2872 25
746 2845 788 2872 ed.
803 2845 820 2872 I.
834 2853 860 2880 p.
873 2845 934 2873 254.

152 2887 197 2917 Cf.
212 2889 331 2924 snpra§.
346 2889 381 2917 25
395 2898 422 2925 p.
439 2891 483 2918 97.

991 2280 1152 2311 sacerdote
1183 2279 1325 2310 ﬁdelibus
1354 2279 1392 2310 ad
1424 2279 1518 2311 altare
1552 2283 1695 2320 praeberi
1727 2283 1776 2313 ius

991 2331 1100 2370 fasque
1117 2334 1164 2361 est
1179 2329 1251 2370 (l2),
1266 2341 1279 2357 »
1294 2330 1468 2369 porrexisse
1479 2330 1630 2368 docuerit,
1645 2331 1674 2361 id
1689 2333 1775 2370 quod

1026 2439 1065 2474 (8)
1087 2439 1164 2467 Socr.
1180 2440 1199 2466 ι.
1216 2440 1265 2474 Lp.
1280 2439 1333 2466 Ξῖ)ἒὶ
1347 2439 1521 2474 sq.Ci‘.supra
1542 2439 1556 2475 ἓ
1574 2440 1609 2467 29
1624 2448 1651 2474 p.
1668 2440 1719 2468 H9
1732 2449 1774 2475 sq.

1025 2485 1063 2519 (9)
1084 2485 1191 2512 Sorom.
1215 2484 1286 2512 Hist.
1309 2485 1382 2512 Eccl.
1403 2486 1451 2513 lib.
1468 2486 1502 2512 Ill
1516 2494 1578 2521 cap.
1596 2487 1629 2513 i4
1646 2487 1690 2514 ed.
1706 2487 1724 2514 l.
1746 2495 1773 2522 p.

990 2530 1041 2557 515
1058 2537 1099 2564 sq.

1025 2575 1080 2609 (10)
1099 2574 1140 2602 Cf.
1161 2575 1310 2611 supra§2|
1329 2584 1356 2611 p.
1372 2576 1407 2603 87
1421 2584 1462 2611 sq.

1025 2621 1081 2655 (Η)
1101 2620 1210 2648 Sozam.
1228 2621 1246 2647 l.
1264 2622 1282 2647 Ι.

1025 2666 1080 2701 (12)
1102 2665 1210 2693 Sozom.
1222 2666 1291 2694 Hist.
1307 2667 1379 2695 Eccl.
1397 2668 1445 2695 lib.
1464 2667 1497 2694 Vl
1514 2675 1575 2703 cap.
1591 2669 1625 2697 29
1645 2670 1688 2697 ed.
1710 2670 1728 2697 1.
1745 2678 1772 2704 p.

989 2712 1049 2739 681.
1071 2711 1158 2739 Probe
1176 2713 1390 2747 animadvertas,
1409 2714 1588 2741 Sozomenum
1608 2715 1635 2742 h.
1656 2716 1673 2742 l.
1690 2717 1761 2743 inter

992 2765 1001 2781 ι
1020 2756 1168 2783 Maearium
1184 2757 1350 2784 Cellularum
1366 2758 1566 2793 presbyterum,
1584 2769 1593 2785 ι
1612 2765 1639 2787 et
1657 2769 1665 2785 ι
1683 2760 1771 2788 Maea-

989 2803 1061 2828 rium
1079 2813 1087 2826 l
1103 2803 1146 2830 vel
1162 2813 1171 2828 ‹
1190 2802 1337 2829 Macarium
1360 2804 1494 2831 iuniorem
1513 2814 1522 2830 ι
1540 2805 1716 2842 distinguere,
1735 2807 1771 2833 ita

990 2853 1019 2875 ut
1033 2849 1135 2876 verba:
1152 2859 1161 2874 ‹
1178 2847 1297 2876 Macario
1309 2856 1404 2876 verum
1416 2850 1544 2877 donatum
1561 2851 1612 2878 fuit
1626 2859 1640 2878 a
1655 2851 1743 2879 Deo...
1760 2862 1770 2878 ι

992 2902 1045 2923 non
1058 2895 1090 2922 de
1107 2894 1224 2922 Macario
1240 2894 1404 2922 Cellularum
1421 2896 1591 2931 presbytero,
1604 2897 1649 2924 sed
1664 2897 1697 2924 de
1715 2896 1769 2923 Ma-
