2061 3150
284 189 337 219 tm

675 182 726 210 SS.
748 158 980 210 MACARIOREM
1000 174 1158 203 AEGYPTII
1176 173 1219 202 ET
1239 171 1471 201 ALEXANDRINI

1850 168 1903 197 168

283 259 377 292 supra
392 258 408 281 e
423 246 559 279 Palladio
575 241 837 285 percepimus(1).
852 239 942 280 Apud
963 236 1066 269 Theo-
1082 239 1105 267 A
1118 235 1223 269 biliter
1249 234 1438 276 praedicavit
1462 233 1574 272 iisque,
1599 230 1655 271 qui
1681 229 1716 261 in
1741 230 1904 262 tumentis

281 287 429 334 doretum
450 300 574 339 praeter
598 304 647 332 ea,
667 301 748 334 quae
771 291 946 324 audivimus
960 288 1014 329 (2),
1029 287 1070 318 de

282 350 423 384 Macariis
432 347 546 380 nostris
555 345 635 377 nihil
643 343 759 385 reperi.
773 344 883 382 Neque
899 340 1070 380 quidquam

282 402 366 444 apud
379 399 522 431 Orosium
532 398 571 428 de
581 395 692 428 iisdem
702 393 825 434 uspiam
837 392 966 431 legitur;
976 392 1070 429 atque

283 439 332 489 ea,
352 458 434 491 quae
453 449 488 480 in
511 445 685 478 Cassiodori
707 443 836 475 historia
859 440 1011 481 tripartita
1031 439 1070 470 de

282 501 425 534 Macariis
450 497 605 538 Aegyptio
626 499 657 527 et
676 492 885 526 Alexandrino
904 492 1036 525 exstant,
1052 497 1070 519 e

284 554 411 584 Socrate
427 553 458 581 et
479 547 677 580 Theodoreto
692 545 856 584 desumpta
870 544 942 573 sunt
955 540 1007 581 (3).
1026 539 1071 569 Si-

284 602 400 634 militer
410 596 656 637 Suidasid,quod
663 604 722 626 s.v.
730 593 891 625 Macarius
903 590 1009 622 scribit
1016 589 1069 630 (4),

285 663 303 685 e
319 654 457 688 Socrate,
470 659 506 681 ac
519 647 716 687 Nicephorus
731 644 871 675 Callistus
885 649 965 682 quae
978 640 1071 671 habet

287 705 340 746 (5),
351 712 369 734 e
382 703 557 733 Sozomeno
572 703 603 730 et
615 707 633 729 e
648 698 773 728 Socrate
787 692 1005 733 compilarunt.

324 793 482 826 Fabricius
512 791 545 822 in
581 786 773 820 Bibliotheca
806 785 923 814 Graeca
956 779 1071 821 passim

285 848 434 878 Ioannem
449 841 605 883 quendam
626 835 832 877 Hagioelitam
845 832 893 864 vel
909 831 1070 870 Hagiopo-

285 899 372 929 litam
384 896 407 926 i.
424 903 453 926 e.
473 889 792 930 Hicrosolymitanum
807 884 960 920 nominat,
977 889 1072 922 quem

286 947 328 978 ait
353 946 459 976 Leone
485 940 596 972 Allatio
618 941 698 969 teste
725 934 910 967 Encomium
935 930 1073 963 Macarii

286 995 432 1036 Aegyptii
441 993 475 1024 in
487 988 685 1023 bibliothecis
695 986 787 1018 codd.
800 992 875 1036 mss.
888 981 1074 1036 delitescens

288 1031 465 1080 elaborasse
485 1042 539 1084 (6).
567 1041 659 1072 Cuius
686 1035 831 1078 opusculi
855 1032 919 1065 Leo
946 1031 1075 1063 Allatius

288 1099 360 1130 data
379 1094 546 1128 occasione
563 1092 626 1123 duo
641 1097 734 1130 parva
748 1085 877 1128 protulit
890 1084 1074 1122 fragmenta,

287 1156 387 1181 unum
404 1147 438 1178 in
455 1145 537 1176 libro
556 1151 613 1174 suo
629 1141 668 1172 de
687 1137 881 1180 purgatorio,
894 1134 1025 1166 alterum
1040 1132 1075 1162 in

289 1196 505 1230 dissertatione
522 1194 560 1230 ΙΙ,
573 1200 667 1232 quam
689 1190 728 1221 de
749 1187 837 1218 libris
858 1181 1076 1216 ecclesiasticis

288 1249 476 1279 Graecorum
489 1242 569 1277 179
575 1239 708 1280 scripsit.
719 1237 808 1268 Prius
818 1236 913 1275 igitur
921 1233 1077 1272 fragmen-

288 1303 353 1330 tum
374 1296 468 1327 latine
491 1292 646 1324 redditum
667 1289 728 1320 hoc
749 1290 815 1318 est:
832 1297 846 1314 α
861 1283 1004 1325 Oportuit
1018 1289 1074 1312 au-

289 1353 353 1380 tem
367 1350 397 1378 et
413 1353 484 1377 eum
500 1345 611 1383 utpote
627 1339 785 1371 hominem
801 1341 969 1368 commune
984 1331 1075 1363 debi-

289 1403 356 1430 tum
376 1396 536 1428 exsolvere
557 1395 588 1424 et
605 1392 640 1422 in
659 1389 802 1430 requiem
823 1386 909 1418 illam
931 1383 1075 1416 transire.

290 1446 463 1479 Arcessitur
486 1443 570 1475 enim
593 1451 612 1473 a
634 1444 755 1472 rectore
780 1436 922 1469 omnium
948 1435 1014 1465 Deo
1038 1433 1078 1465 ad

291 1500 414 1531 beatam
424 1495 574 1536 quietem,
583 1493 652 1533 ipse
661 1499 732 1521 vere
742 1489 863 1525 beatus,
873 1489 904 1517 et
913 1483 1077 1516 Dominico

292 1550 406 1580 throno
424 1545 549 1581 assistit,
569 1542 608 1575 ad
634 1540 817 1580 angelorum
837 1539 945 1569 coetus
965 1543 1077 1575 prove-

1121 288 1218 323 erant,
1228 285 1445 321 cessationem,
1455 292 1526 315 cum
1541 291 1598 322 pro
1612 281 1673 312 illis
1685 280 1903 318 funderentur,

1120 336 1357 378 suppeditantes
1369 333 1552 366 monstravit
1563 331 1685 373 (9).»Ex
1696 331 1810 371 quibus
1824 338 1903 362 con-

1119 387 1242 424 ieceris,
1271 385 1449 418 encomium
1461 383 1538 414 illud
1556 382 1732 422 hucusque,
1752 384 1905 421 quantum

1121 439 1227 475 sciam,
1245 437 1396 468 ineditum
1409 434 1469 475 (10)
1489 441 1666 465 sermonem
1682 431 1905 472 panegyricum

1121 496 1201 525 esse,
1213 495 1276 527 quo
1288 486 1439 517 Macarius
1453 483 1622 524 Aegyptius
1635 482 1780 513 laudibus
1792 481 1903 513 eﬂ'era-

1120 543 1181 570 tur.
1193 539 1257 569 Nec
1269 545 1334 568 non
1347 536 1432 567 idem
1447 534 1625 566 encomium
1640 532 1823 564 Assemanni
1837 531 1904 563 lau-

1121 589 1173 621 dat
1187 589 1220 619 in
1238 586 1437 623 Calendariis,
1449 585 1607 624 vitamque
1622 583 1745 614 Macarii
1764 582 1906 622 Aegyptii

1121 647 1139 670 a
1165 639 1283 669 Ioanne
1314 635 1513 676 Hagiopolita
1542 642 1599 664 seu
1623 632 1906 672 Hierosolymitano

1121 689 1267 729 scriptam
1274 686 1412 728 appellat
1421 685 1447 726 (1
1456 684 1492 726 l).
1505 684 1646 716 Eundem
1658 692 1753 724 porro
1759 684 1907 713 Ioannem

1121 740 1326 780 Hagioelitam
1351 747 1409 769 seu
1434 735 1666 776 Hagiopolitam
1691 735 1754 765 Leo
1779 732 1907 763 Allatius

1121 791 1195 823 alibi
1209 793 1282 831 post
1300 791 1451 820 Ioannem
1470 787 1695 818 Damascenum
1711 785 1753 815 ita
1767 791 1907 815 comme-

1121 844 1233 878 morat,
1248 842 1284 871 ut
1302 847 1368 870 non
1388 837 1488 868 multo
1509 836 1571 867 hoc
1589 835 1688 866 serius
1706 833 1819 864 vixisse
1835 840 1908 863 eum

1122 891 1288 924 verisimile
1294 890 1434 921 videatur
1445 887 1643 928 (12).Rursus
1659 885 1738 921 180
1750 884 1783 915 in
1797 883 1909 915 Leonis

1123 941 1225 973 Allatii
1239 940 1321 971 libro
1338 943 1483 979 Συμμικτά
1498 936 1650 976 inscripto
1665 933 1832 975 Epiphanii
1844 934 1908 964 Ha-

1124 991 1293 1032 giopolitae
1328 989 1503 1021 Enarratio
1528 986 1651 1025 Syriae.
1677 984 1765 1015 urbis
1785 987 1909 1014 sanctae

1124 1047 1153 1074 et
1175 1049 1336 1073 sacrorum
1351 1040 1397 1071 ibi
1417 1039 1555 1070 locorum
1583 1037 1726 1073 habetur,
1745 1034 1801 1066 ubi
1818 1038 1908 1075 post-

1124 1102 1219 1134 quam
1234 1093 1265 1123 S.
1279 1093 1389 1123 Menae
1403 1093 1434 1121 et
1447 1090 1479 1120 S.
1494 1087 1689 1124 Theodorae,
1706 1098 1720 1114 «
1738 1094 1818 1126 quae
1839 1093 1910 1116 mu-

1124 1147 1188 1174 tato
1204 1142 1332 1173 nomine
1343 1140 1425 1172 dicta
1435 1142 1482 1171 est
1492 1138 1676 1170 Theodorus
1687 1140 1717 1167 et
1727 1138 1880 1172 accusata,
1895 1146 1909 1163 ιι

1125 1193 1292 1234 sepulchra
1314 1193 1485 1223 memorata
1508 1192 1591 1227 sunt,
1611 1188 1652 1219 de
1675 1187 1809 1218 Macario
1834 1186 1911 1217 haec

1125 1244 1272 1283 leguntur
1291 1252 1297 1273 :
1321 1253 1336 1271 οι
1357 1241 1438 1272 Hinc
1462 1239 1501 1271 ad
1524 1238 1687 1270 meridiem
1709 1236 1912 1268 Alexandriae

1126 1305 1181 1326 sex
1204 1294 1325 1325 dierum
1350 1291 1451 1332 spatio
1474 1292 1612 1321 remotus
1635 1291 1682 1319 est
1706 1288 1736 1318 S.
1762 1286 1914 1318 Macarius

1126 1352 1269 1383 magnus,
1286 1342 1341 1382 qui
1363 1340 1507 1381 paradiso
1531 1337 1802 1378 adpropinquavit.
1819 1336 1913 1367 Cuius

1127 1393 1352 1426 monasterium
1369 1391 1497 1422 abbates
1515 1389 1600 1420 mille
1619 1388 1758 1419 continet
1777 1390 1809 1418 et
1828 1386 1913 1417 mille

1127 1444 1271 1481 cellulas;
1293 1445 1340 1474 est
1363 1445 1467 1473 autem
1488 1440 1643 1471 munitum
1665 1439 1763 1470 instar
1783 1438 1913 1470 castelli.

1127 1497 1228 1535 Atque
1248 1502 1267 1524 a
1287 1493 1317 1523 S.
1339 1490 1473 1522 Macario
1499 1489 1614 1520 distant
1637 1487 1758 1519 dierum
1780 1490 1915 1527 quatuor

1129 1545 1241 1575 itinere
1261 1540 1446 1582 repositoria
1466 1539 1589 1569 XXXVI
1608 1538 1745 1578 Iosephi,
1762 1546 1800 1568 ex
1812 1537 1914 1577 iisque

292 1604 360 1631 ουλε
376 1597 429 1638 (7)-
446 1607 462 1625 ³
479 1595 617 1626 Alterum
629 1600 703 1623 νθνο
715 1589 754 1622 3d
768 1588 906 1638 fabmam
919 1587 958 1638 (te
977 1586 1077 1638 capit?
1091 1582 1111 1611 θ
1130 1595 1208 1626 locis
1227 1591 1466 1634 praetervehere
1487 1593 1578 1630 potes
1596 1588 1712 1619 Phison
1728 1587 1856 1619 ﬂuvium
1874 1586 1914 1618 ad

292 1633 464 1680 sacerdotis
474 1642 598 1684 gentilis
611 1639 744 1672 Macario
755 1636 907 1677 Aegyptio
918 1635 957 1666 de
967 1633 1079 1675 poenis

292 1696 408 1730 inferni
423 1683 595 1726 disserente
608 1690 648 1731 (8)
662 1688 790 1729 respicit
808 1687 920 1726 hisque
937 1683 1079 1724 concipi-

294 1753 344 1780 tur
354 1746 456 1778 verbis
467 1754 474 1775 :
488 1756 503 1772 α
514 1744 606 1774 Cuius
618 1748 727 1781 preces
738 1741 768 1770 et
778 1736 909 1769 calvaria
918 1734 1080 1767 cuiusdam

295 1797 419 1839 gentilis
432 1793 602 1826 sacerdotis
613 1791 647 1822 in
661 1797 768 1822 eremo
786 1787 927 1828 proiecta
944 1784 1079 1816 admira—

295 1871 370 1899 cario
378 1869 495 1900 iuniore,
509 1866 556 1902 qui
571 1865 730 1893 adolescens
748 1860 858 1889 caedem
867 1857 1077 1888 involuntariam

298 1914 414 1945 fecerat,
429 1912 548 1939 valeant.

331 1960 369 1996 (ι)
391 1958 406 1995 §
425 1958 459 1986 is
478 1965 506 1992 p.
526 1956 572 1983 74,
594 1954 620 1990 5.
639 1953 675 1981 εδ
693 1960 720 1988 ρ.
742 1951 803 1979 ιοι.

331 2005 369 2040 (2)
391 2005 405 2040 ς
424 2004 459 2031 42
476 2011 503 2038 ρ.
523 2002 586 2029 tu.

331 2039 368 2088 (δ)
381 2039 566 2084 Hist.tripart.
583 2048 630 2074 lib.
641 2046 686 2073 vn
699 2053 758 2080 cap.
777 2044 803 2071 ι.
820 2043 836 2069 7
850 2042 894 2070 ed.
909 2041 993 2068 Basil.
1009 2039 1078 2067 1544

297 2107 324 2134 ρ.
336 2085 401 2125 asa.
419 2095 471 2123 492
488 2096 514 2128 (e
533 2093 666 2126 Socrate),
678 2091 727 2118 lib.
748 2089 794 2116 vn
810 2097 871 2124 cap.
887 2088 921 2115 59
938 2095 964 2122 p.
982 2086 1034 2114 475
1054 2085 1078 2120 (e

297 2132 480 2172 i‘heodoreto.
491 2140 533 2167 vel
544 2140 634 2175 potius
643 2146 658 2166 e
668 2137 778 2169 Ruﬁno,
787 2136 887 2171 quippe
897 2141 977 2170 quem
990 2132 1078 2159 Theo-

298 2190 408 2218 doretus
420 2185 571 2222 sequatur).

332 2234 371 2271 (4)
391 2233 492 2261 Suidae
508 2231 600 2260 Lexic.
617 2230 643 2258 h.
658 2238 684 2257 ν.

332 2281 372 2317 (5)
392 2279 506 2316 Niceph.
529 2278 635 2306 Callisti
658 2275 731 2304 Eccl.
752 2273 823 2302 Hist.
843 2273 892 2301 lib.
908 2272 945 2300 lx
964 2279 1024 2307 cap.
1045 2271 1080 2299 Η

298 2330 342 2358 ed.
365 2328 449 2356 Basil.
473 2325 543 2354 1555
565 2332 593 2359 ι).
612 2323 675 2357 406,
697 2322 746 2350 lib.
762 2319 799 2348 XI
815 2327 876 2356 cap.
895 2319 929 2347 35
946 2318 1037 2354 p.572
1054 2318 1080 2353 (ε

298 2373 472 2408 Sozomcno);
486 2372 535 2399 lib.
550 2370 586 2398 Xl
601 2378 661 2405 cap.
677 2369 712 2396 Ω
727 2377 752 2404 p.
767 2367 819 2396 579
832 2367 858 2402 (e
874 2365 1009 2399 Socrate).

334 2422 372 2457 (6)
392 2419 509 2448 Fabricii
531 2417 599 2445 Bibl.
619 2416 715 2444 Graec.
729 2414 774 2442 ed.
795 2413 915 2441 Har-less.
930 2410 1080 2446 liamburg.

299 2467 377 2496 1801.
393 2466 426 2494 Τ.
439 2465 465 2493 Χ
477 2473 506 2500 p.
520 2463 578 2492 106⁴
596 2462 659 2490 271.
677 2460 709 2488 Τ.
724 2460 761 2487 XI
777 2468 804 2496 p.
817 2459 879 2487 657.

334 2513 372 2548 (7)
388 2511 460 2538 Ἔδει
482 2509 511 2536 δὲ
537 2509 583 2536 καὶ
605 2508 698 2534 τοῦτον
724 2506 762 2539 ὡς
783 2506 924 2540 ἄνθρωπον
945 2503 976 2531 τὸ
993 2502 1081 2530 κοινὸν

298 2560 426 2587 ὰποτίσαι
452 2557 541 2593 χρέος,
566 2557 613 2582 καὶ
635 2555 702 2590 πρὸς
727 2553 775 2590 τὴν
803 2552 906 2579 ἐκεῖθεν
931 2550 1080 2587 μεταϐῆναι

299 2606 462 2633 ἀνάπαυσιν,
490 2601 679 2638 μετακαλεῖται
703 2599 778 2634 παρὰ
795 2597 842 2625 τοῦ
864 2598 919 2625 τῶν
933 2597 1002 2624 ὅλων
1012 2596 1079 2624 Θεοῦ

299 2651 367 2687 πρὸς
380 2651 429 2685 τὴν
446 2648 582 2684 μακαρίαν
598 2646 683 2683 λῆξιν,
698 2646 713 2672 6
727 2645 810 2676 ὅντως
826 2644 956 2679 μακάριος
976 2643 1023 2669 καὶ
1043 2642 1081 2677 τῷ

299 2695 448 2730 δεσποτικῷ
469 2694 556 2729 θρόνῳ
583 2689 792 2728 μετακομιζεται
816 2689 936 2724 χορείαις
959 2687 1082 2726 ἀγγέλων

300 2741 573 2777 προπομπευόμενος.
600 2738 699 2766 Leonis
718 2736 811 2764 Allatii
829 2737 862 2764 de
878 2735 1023 2770 utriusque
1031 2733 1081 2762 Ec-

300 2789 401 2816 clesiae
426 2785 603 2815 occidentalis
625 2789 706 2820 atque
729 2783 871 2811 orientalis
898 2786 1028 2818 perpetua
1054 2782 1080 2810 in

301 2834 427 2869 dogmate
449 2833 482 2860 de
499 2832 657 2867 purgatorio
670 2830 860 2862 consensione,
881 2829 981 2857 Romae
1010 2828 1076 2856 165Ξί

302 2888 328 2916 p.
347 2880 397 2906 751
412 2888 453 2914 sq.

337 2928 375 2964 (8)
397 2927 482 2962 Supra
501 2928 514 2961 ᾗ
530 2925 564 2951 5‘2
579 2933 604 2959 p.
622 2924 681 2950 Hl.

1128 1647 1268 1685 pontem,
1294 1641 1349 1682 qui
1381 1640 1552 1672 sustinetur
1581 1638 1740 1677 octoginta
1771 1636 1913 1676 navigiis,

1127 1696 1221 1732 atque
1243 1690 1317 1721 inde
1350 1688 1542 1728 Babylonem
1570 1695 1714 1726 magnam
1744 1685 1915 1717 Pharaonis

1129 1743 1244 1781 regiam
1260 1739 1434 1779 ingrederis
1449 1737 1542 1779 (13).»
1557 1738 1614 1768 Vix
1626 1737 1756 1768 dubium
1768 1739 1825 1774 est,
1837 1736 1914 1776 quin

1129 1792 1168 1824 de
1199 1790 1388 1823 monasterio
1422 1787 1548 1820 Macarii
1578 1786 1722 1827 Aegyptii
1755 1785 1912 1826 loquatur.

1165 1866 1203 1899 (9)
1220 1858 1259 1891 Οὖ
1281 1864 1330 1894 τὰς
1344 1862 1496 1898 προσευχὰς
1507 1860 1554 1888 καὶ
1572 1860 1682 1896 κρανίον
1695 1859 1825 1895 Ἕλληνάς
1842 1866 1914 1890 τινος

1131 1911 1225 1945 ἱερέως
1247 1910 1276 1935 ὲν
1290 1909 1385 1944 ἐρήμῳ
1405 1908 1529 1942 κείμενον
1552 1904 1709 1941 παραδόξως
1734 1902 1914 1939 ἁνεκήρυξεν,

1129 1956 1177 1983 καὶ
1192 1956 1248 1986 τοῖς
1266 1955 1295 1981 ὲν
1305 1955 1361 1985 τοῖς
1374 1953 1499 1988 βασάνοις
1513 1951 1604 1978 ἄνεσιν
1620 1949 1801 1986 χαριζομένας
1816 1948 1915 1975 ἐνέδει-

1130 2002 1190 2034 ξεν,
1219 2002 1282 2028 ὅταν
1300 1999 1371 2034 ὑπὲρ
1392 1998 1482 2026 αὐτῶν
1496 1997 1627 2032 γένοιντο.
1650 1995 1749 2023 Leonis
1766 1995 1855 2022 Allatii
1880 1994 1915 2021 de

1130 2048 1207 2075 libris
1223 2046 1376 2074 ecclesiast.
1386 2043 1551 2071 Graecorum
1565 2042 1675 2070 dissert.
1689 2040 1721 2069 ll.
1735 2040 1827 2068 Paris.
1846 2039 1916 2067 1645

1129 2101 1156 2128 p.
1176 2092 1236 2119 t23.

1165 2138 1221 2175 (10)
1236 2137 1378 2165 Fabricius
1395 2143 1480 2163 unum
1495 2139 1601 2162 tantum
1615 2133 1737 2161 codicem
1752 2130 1915 2159 landatNa-

1130 2187 1239 2214 nianum
1255 2182 1388 2211 CXXXVI
1405 2181 1455 2209 Nr.
1471 2181 1518 2214 '24.
1531 2188 1585 2217 quo
1604 2179 1759 2208 encomium
1780 2177 1852 2206 istud
1874 2177 1913 2204 le-

1131 2232 1213 2266 gitur,
1245 2229 1393 2264 loannique
1432 2227 1597 2263 Hagioelilae
1632 2224 1808 2253 adscribitur.
1841 2222 1913 2250 Bibl.

1133 2277 1235 2304 Graeca
1254 2276 1300 2303 ed.
1320 2274 1442 2302 Harless.
1462 2272 1495 2300 Τ.
1517 2271 1537 2300 Χ
1560 2280 1587 2308 p.
1603 2272 1666 2300 271.

1167 2323 1223 2359 (ll)
1243 2321 1404 2351 Assemanni
1426 2320 1589 2348 Calendaria
1608 2317 1743 2346 l‘xclesiae
1769 2316 1915 2344 universae

1131 2369 1163 2397 Τ.
1179 2368 1213 2396 Vl
1233 2368 1337 2395 Romae
1356 2365 1426 2394 1755
1440 2374 1466 2401 p.
1481 2364 1526 2392 98.

1167 2415 1224 2451 (12)
1244 2414 1334 2446 Libri,
1362 2413 1408 2448 qui
1438 2409 1751 2440 inscribitur:loannes
1777 2408 1914 2436 Henricus

1131 2462 1307 2497 Hottingerus
1321 2459 1427 2487 fraudis
1442 2463 1469 2486 et
1486 2458 1655 2493 imposturae
1672 2455 1834 2482 manifestae
1846 2461 1914 2482 con-

1130 2510 1219 2536 victus
1234 2514 1249 2534 a
1265 2506 1354 2534 Leone
1370 2505 1481 2536 Allatio,
1499 2503 1602 2530 Romae
1616 2501 1682 2529 1661
1700 2509 1726 2535 p.
1745 2500 1806 2528 156.

1166 2554 1222 2590 (15)
1238 2553 1292 2580 Καὶ
1308 2552 1376 2588 πρὸς
1391 2551 1465 2577 νότον
1478 2550 1528 2584 τῆς
1542 2547 1744 2583 ’Δλεξανδρειας
1756 2545 1868 2582 ἡμερῶν
1884 2544 1915 2577 ἓξ

1131 2602 1218 2627 κεῖται
1230 2599 1245 2625 6
1266 2598 1342 2632 ἅγιος
1356 2596 1497 2632 Μακάριος
1511 2596 1525 2622 6
1546 2594 1644 2630 μέγας,
1664 2593 1678 2620 6
1702 2591 1855 2627 πλησιάσας
1868 2590 1914 2617 τὸν

1131 2645 1302 2681 παράδεισον.
1331 2643 1409 2678 Ἔχει
1422 2641 1451 2668 δὲ
1464 2642 1481 2676 ἡ
1496 2639 1579 2667 αὑτοῦ
1599 2639 1666 2675 μονὴ
1692 2638 1794 2670 άεάδας
1812 2637 1914 2673 χιλίους

1132 2693 1178 2719 καὶ
1188 2690 1261 2726 χίλια
1280 2688 1382 2716 κελλια.
1405 2687 1479 2714 Ἐστὶ
1495 2686 1523 2713 δὲ
1539 2685 1716 2721 ὶδιόκαστρον,
1737 2684 1784 2710 καὶ
1798 2683 1852 2710 ἀπὸ
1865 2682 1914 2709 τοῦ

1132 2737 1209 2772 ἁγίου
1224 2735 1378 2770 Μακαρίου,
1394 2734 1431 2765 ὡς
1446 2733 1500 2760 ἀπὸ
1510 2732 1621 2767 ἡμερῶν
1635 2730 1786 2766 τεσσάρων,
1803 2728 1872 2757 εἰσὶν
1884 2728 1913 2756 αἱ

1132 2784 1267 2818 ἁποοῷιαι
1289 2780 1335 2808 τοῦ
1358 2781 1454 2816 Ἰωσὴφ
1471 2779 1500 2806 αἱ
1522 2778 1668 2814 τριάκοντα
1686 2776 1726 2809 ἓξ.
1750 2775 1798 2802 κα)⁸
1812 2775 1843 2801 ἐκ
1859 2773 1915 2800 τῶν

1131 2831 1220 2857 ἐκεῖσε
1242 2829 1344 2864 περνᾷς
1365 2827 1411 2854 τὸν
1431 2825 1555 2860 ποταμὸν
1576 2824 1622 2851 τὸν
1637 2822 1724 2849 Φισὼν
1739 2822 1779 2853 εἰς
1791 2820 1916 2854 γέφυραν

1133 2875 1334 2911 βασταζομένην
1349 2874 1400 2900 ὑπὸ
1414 2872 1577 2908 ὀγδοήκοντα
1590 2868 1728 2904 καράσων.
1747 2867 1794 2894 καὶ
1810 2864 1914 2892 ἐκεῖθεν

1132 2909 1282 2957 εἰσέρχεται
1297 2919 1346 2955 τὴν
1371 2918 1492 2954 μεγάλην
1506 2915 1664 2946 Βαϐυλῶνα,
1680 2915 1720 2945 εἰς
1735 2911 1765 2939 τὸ
1781 2909 1915 2946 βασίλειον
