2061 3150
293 176 340 202 171

698 175 747 202 SS.
770 168 1002 202 MACARIOIIUM
1023 174 1193 203 AEGYPTII
1209 174 1254 202 ΕΤ
1273 173 1506 201 ALEXANDRINI

1857 169 1910 198 ΠΕ.

291 233 458 265 Bollandus
475 233 528 273 (1),
542 234 644 274 Dupin
656 234 830 274 (2),Fleury
842 235 1003 274 (3),Oudin
1015 234 1068 276 (4),
1085 240 1107 267 Α
1122 235 1314 271 colebantur,
1346 233 1556 270 multitudine,
1581 232 1685 263 dicere
1709 239 1774 262 non
1796 231 1906 262 ausim.

290 285 368 315 Cave
385 283 438 324 (5),
467 284 519 314 alii
533 283 571 314 de
582 285 721 314 Macariis
737 285 887 324 Aegyptio
900 288 930 315 et
946 285 1076 315 Alexan-

291 333 382 364 drino
393 334 485 364 verba
504 334 631 372 quidem
646 334 799 370 fecerunt,
815 335 868 365 sed
889 343 952 365 rem
969 335 1075 365 critice

291 383 425 422 dispexit
436 383 520 413 solus
529 383 744 414 Tillemontius
773 384 828 423 (6),
844 385 932 414 cuius
947 384 1073 424 exposi-

291 435 392 464 tiones
406 435 536 471 cunctis,
547 444 627 474 quae
637 435 730 466 ceteri
741 435 867 472 habent,
883 435 977 474 longe
989 439 1075 466 antc-

291 483 420 520 rellunt,
435 484 507 514 licet
518 488 548 514 et
560 485 628 524 ipse
642 476 791 516 nonnulla
807 494 971 525 perperam
985 485 1074 516 intel-

291 534 410 571 lexerit,
429 535 506 570 183
517 535 548 564 id
564 535 649 574 quod
665 539 785 566 nostras
808 536 1007 575 quaestiones
1020 536 1073 575 qui

291 584 411 623 legerit,
433 585 502 624 ipse
519 585 666 615 inveniet.
687 585 746 615 Cur
764 585 930 615 Bollandus
944 585 1072 615 meliora

291 643 355 665 non
372 634 518 671 attulerit,
531 634 620 665 facile
641 634 713 664 inde
735 634 914 673 explicatur,
935 634 1018 673 quod
1034 634 1073 664 de

289 685 537 724 Maeariisprimo
549 684 679 723 insignis
702 684 806 723 operis
832 683 988 714 volumine
1006 684 1071 714 dis-

290 734 462 774 putandum
476 737 552 769 erat,
564 733 698 772 ideoque
713 736 880 772 apparatus
900 733 951 763 ille
966 733 1072 764 litera-

290 784 364 820 rius,
379 793 442 823 quo
460 783 632 823 posteriora
649 782 806 812 volumina
823 782 971 819 eminent,
996 792 1074 813 non-

289 833 364 864 dum
379 833 494 863 aderat.
510 832 555 862 Ad
581 835 772 872 postremum
791 831 947 862 Semlerus
964 832 997 862 in
1013 832 1073 862 dis-

289 883 520 919 sertationibus,
543 891 620 922 quas
644 882 682 912 de
698 882 838 912 Macariis
853 882 987 921 scripsit,
1007 890 1072 913 non

289 934 393 970 vitam,
409 933 463 963 sed
476 933 590 973 scripta
606 941 714 963 eorum
727 932 912 963 examinavit
925 931 978 971 (7).

329 984 404 1021 §44.
425 985 592 1023 Superest,
620 987 656 1013 ut
679 983 718 1013 de
740 982 809 1018 die,
832 991 895 1022 quo
914 983 1073 1022 utriusque

288 1033 410 1063 Macarii
422 1032 571 1063 memoria
585 1031 617 1062 in
628 1031 758 1062 ecclesia
777 1031 961 1068 celebretur,
974 1032 1074 1062 brevi-

287 1085 335 1113 ter
354 1082 573 1121 disquiramus.
587 1081 708 1111 Etenim
729 1079 948 1119 martyrologia
969 1083 1073 1111 vetera

283 1120 382 1162 'Iatina
395 1120 525 1162 Macario
537 1131 689 1170 Aegyptio
698 1130 780 1160 diem
791 1129 1073 1166 XV,Alcxandrino

287 1182 369 1212 diem
388 1183 415 1212 ll
438 1181 571 1211 Ianuarii
583 1181 738 1210 tribuunt.
757 1180 780 1209 Ε
797 1188 930 1218 quorum
942 1189 1073 1210 numero

286 1230 666 1271 suntBeda(8),Usuardus
677 1229 1072 1269 (9),Ado(10),Notker(I1),

286 1281 541 1321 martyrologium
558 1289 721 1311 romanum
741 1279 813 1318 (19.),
831 1284 934 1310 cetera
959 1280 1031 1319 (I3).
1050 1282 1072 1310 A

286 1332 411 1361 Graecis
421 1340 491 1360 vero
504 1334 635 1369 uterque
644 1330 794 1360 Macarius
806 1330 869 1360 XIX
882 1330 1013 1360 Ianuarii
1022 1339 1073 1359 co-

286 1380 370 1417 litur,
382 1384 415 1411 ut
426 1390 442 1410 e
454 1380 588 1410 Menaeis
595 1379 807 1418 ctMenologio
819 1381 902 1418 patet
911 1379 934 1418 (1
943 1379 982 1417 4).
991 1380 1073 1409 Ilaec

285 1431 381 1469 igitur
394 1430 473 1465 184¹
487 1430 646 1460 diversitas
661 1429 745 1460 unde
761 1433 830 1460 nala
845 1429 894 1466 sit,
916 1430 974 1459 nisi
994 1429 1073 1459 forte

288 1480 512 1519 emagnaillius
523 1480 659 1510 nominis
669 1479 817 1516 virorum,
828 1479 881 1518 qui
893 1479 932 1509 ab
944 1479 1074 1509 ecclesia

1125 285 1291 316 Macarium
1324 293 1410 321 vero,
1437 284 1525 314 cuius
1552 283 1666 313 festum
1697 281 1830 313 Romani
1854 281 1906 311 XV

1124 335 1257 366 Ianuarii
1282 338 1388 373 agunt,
1404 334 1425 364 i.
1443 342 1471 364 e.
1488 332 1686 372 Aegyptium,
1704 331 1738 362 in
1753 334 1906 370 marlyro-

1124 385 1214 423 logiis
1231 384 1334 415 latinis
1347 383 1427 414 haud
1444 391 1514 413 raro
1527 383 1557 413 S.
1574 381 1700 412 Antonii
1718 381 1906 420 discipulum

1124 433 1288 474 appellari,
1303 432 1389 472 quod
1403 432 1570 463 Bollandus
1581 432 1761 462 observasse
1776 439 1810 460 se
1823 431 1905 461 arbi-

1125 488 1220 515 tratus
1235 487 1281 514 est
1296 482 1370 522 (15),
1390 490 1579 521 magnopere
1590 481 1715 520 quidem
1731 489 1795 510 non
1805 480 1906 510 oﬁ‘en-

1123 533 1186 568 dat,
1199 541 1296 571 quum
1308 540 1401 561 sensu
1411 530 1520 560 latiore
1537 529 1630 560 etiam
1650 527 1800 558 Macarius
1812 529 1910 566 Aegy-

1123 583 1205 621 ptius
1219 581 1341 612 Antonii
1352 579 1522 619 discipulus
1531 579 1591 609 dici
1603 577 1710 618 possit.
1720 578 1859 607 Ceterum
1870 577 1909 607 de

1124 634 1245 670 diebus,
1258 633 1371 672 quibus
1394 634 1477 662 recte
1499 629 1641 660 colantur
1661 627 1747 658 fastis
1766 626 1908 663 testibus,

1122 684 1210 723 plura
1228 683 1281 722 qui
1301 682 1461 713 addiscere
1481 680 1577 719 cupit,
1593 677 1775 708 Assemanni
1793 676 1907 707 librum

1123 738 1153 765 et
1162 732 1346 764 Bollandum
1368 730 1426 771 (16)
1444 730 1574 767 evolvat,
1588 729 1643 760 ubi
1658 731 1825 768 apparatus
1843 726 1910 757 ido-

1122 793 1201 815 neus
1219 783 1383 823 reperitur.

1415 839 1536 869 CAPUT
1566 838 1618 868 IX.

1088 910 1108 937 Β
1144 908 1163 930 Α
1178 907 1302 929 SANCTIS
1312 906 1454 928 MACARIIS
1467 904 1620 927 AEGYPTIO
1635 904 1673 925 ET
1688 902 1908 925 ALEXANDRINO

1162 947 1323 968 MACARIUM
1358 946 1384 967 S.
1413 945 1541 967 ΑΝΤΟΝΙΙ
1564 943 1732 965 MINISTRUM
1761 941 1911 968 ALIOSQUB

1163 985 1360 1008 COGNOMINES
1373 984 1524 1006 DIVERSOS
1537 983 1608 1004 ESSE
1622 981 1828 1003 OSTENDITUR.

1164 1038 1190 1073 §.
1208 1036 1255 1066 45.
1270 1034 1491 1071 Macarium,S.
1503 1033 1628 1064 Antonii
1641 1031 1840 1071 discipulum,
1857 1031 1910 1062 cui

1124 1085 1303 1125 quindecim
1323 1085 1413 1116 annis
1427 1083 1618 1115 ministrabat
1638 1085 1669 1113 et
1690 1082 1778 1112 cuius
1792 1089 1908 1120 corpus

1125 1134 1277 1174 sepelivit,
1294 1143 1310 1165 a
1330 1134 1468 1164 Macariis
1483 1132 1634 1172 Aegyptio
1649 1135 1680 1162 et
1701 1130 1909 1161 Alexandrino

1125 1183 1223 1223 probe
1255 1182 1509 1221 distinguendum
1545 1189 1612 1212 esse
1649 1180 1772 1220 saepius
1805 1179 1912 1210 docui-

1125 1242 1194 1263 mus
1209 1233 1280 1272 (17).
1296 1232 1444 1263 Macarius
1460 1231 1541 1262 enim
1557 1231 1587 1260 S.
1601 1229 1725 1260 Antonii
1740 1228 1912 1268 discipulus

1124 1282 1156 1312 in
1167 1283 1321 1312 coenobio
1338 1282 1438 1321 Pispir
1452 1289 1552 1320 prope
1568 1289 1652 1310 mare
1667 1279 1803 1310 Rubrum
1825 1278 1912 1315 vixit,

1125 1331 1263 1361 Macariis
1287 1331 1400 1361 nostris
1415 1330 1446 1360 in
1466 1329 1597 1360 desertis
1624 1329 1738 1367 Libyae
1768 1327 1911 1366 degenti—

1126 1380 1184 1410 bus
1195 1379 1266 1417 (18).
1277 1379 1336 1408 Sed
1349 1387 1431 1408 unus
1447 1386 1606 1408 remanere
1621 1377 1722 1416 potuit
1732 1376 1909 1416 scrupulus.

1126 1428 1215 1463 Quid,
1233 1428 1256 1457 si
1274 1427 1419 1457 alteruter
1435 1436 1473 1457 ex
1496 1427 1608 1457 nostris
1622 1426 1761 1457 Macariis
1773 1426 1909 1466 primum

1127 1478 1158 1506 S.
1174 1478 1298 1507 Antonii
1318 1477 1490 1516 discipulus
1502 1476 1681 1517 quindecim
1698 1477 1786 1507 annis
1803 1476 1910 1513 fuerit,

323 1576 362 1610 (I)
385 1576 440 1602 AA.
467 1573 518 1602 SS.
546 1573 615 1601 Boll.
636 1573 693 1601 Ian.
724 1573 785 1601 T.l
809 1581 836 1609 p.
861 1573 930 1600 I005
954 1581 1014 1608 sqq.
1045 1572 1078 1599 84
1092 1575 1112 1603 C
1165 1571 1201 1606 (8)
1218 1571 1376 1598 Additiones
1393 1571 1520 1597 nimirum
1533 1570 1565 1596 ad
1579 1569 1665 1596 Bedae
1678 1569 1910 1605 Martyrologium,

288 1630 336 1656 sqq
341 1642 347 1648 .

324 1664 364 1697 (2)
385 1663 472 1698 Dupin
485 1662 616 1690 Nouvellc
628 1663 816 1698 bibliothéque
831 1664 879 1691 des
899 1665 1018 1692 Auteurs
1032 1672 1077 1690 ec-

288 1709 477 1744 clésiastiques
508 1709 586 1736 Paris
605 1710 673 1737 I695
699 1709 730 1736 Τ.
746 1710 765 1736 ll
784 1718 810 1744 p.
829 1710 862 1737 69
876 1719 937 1745 sqq.

323 1755 362 1791 (5)
381 1755 478 1791 Fleury
498 1755 617 1783 Histoire
629 1756 837 1792 ceclésiastiqile
862 1757 940 1784 Paris
954 1757 1021 1783 1724
1042 1756 1072 1783 Τ.

289 1799 322 1828 IV
352 1808 379 1835 p.
396 1800 449 1827 220
465 1809 526 1835 sqq.

330 1846 368 1881 (ιι)
389 1845 606 1873 Commentarius
635 1846 671 1873 De
697 1847 807 1881 Scriptt.
831 1847 983 1875 ecclesiast.
1009 1847 1041 1874 T.
1064 1847 1073 1873 1

288 1899 314 1926 p.
332 1891 384 1918 474
399 1899 421 1918 s.
440 1900 464 1917 v.
485 1890 600 1917 Macarii
616 1898 666 1918 (res
685 1893 814 1918 monac/ii.

324 1937 362 1970 (5)
383 1936 494 1971 Scriptt.
508 1937 607 1963 ecelcs.
630 1937 698 1964 Ilisl.
720 1938 772 1964 litt.
789 1946 812 1965 s.
825 1946 850 1966 ν.
863 1937 1000 1965 Macarius
1032 1947 1072 1965 se-

288 1982 346 2008 nior
364 1985 388 2007 et
407 1981 542 2008 Macarius
558 1982 656 2008 iunior.

322 2026 360 2060 (6)
381 2026 522 2053 Mémoires
550 2025 582 2052 T.
610 2026 664 2052 VIII
693 2026 721 2054 P.
741 2026 775 2053 lll
803 2035 829 2062 p.
853 2027 905 2054 955
928 2027 1067 2063 sqq.I0tI

288 2079 349 2107 sqq.
367 2079 428 2098 cum
451 2073 521 2099 notis
539 2074 566 2098 in
582 2073 709 2099 Iiuctomi
724 2073 848 2100 adiectis.

323 2117 361 2150 (Τ)
378 2116 455 2143 I'rior
464 2117 561 2151 prodiit
576 2119 627 2144 sub
641 2118 729 2144 iudice
746 2127 751 2143 :
771 2118 912 2152 Speciuieu
934 2118 1068 2145 examinis

287 2162 375 2188 critiei
407 2170 530 2196 operum,
559 2170 628 2197 quae
660 2163 695 2189 ita
719 2164 853 2195 l‘eruutur,
876 2164 995 2195 Macarii,
1017 2165 1068 2192 sub

288 2206 452 2234 laetissimos
479 2207 616 2241 festosque
633 2207 692 2233 dies
717 2207 827 2233 Christo
840 2207 874 2233 ab
896 2207 991 2234 inferis
1011 2215 1068 2233 ma-

286 2252 383 2288 gniﬁce
413 2253 534 2280 redeunti
565 2260 658 2279 saeros
684 2254 747 2279 honi
769 2253 868 2280 ominis
883 2261 965 2281 causa
983 2253 1068 2280 edidit
1086 2271 1105 2297 ο

286 2297 306 2324 1.
323 2297 351 2326 S.
368 2297 396 2324 S.
414 2296 470 2324 Sal.
489 2296 573 2324 Thur.
595 2296 623 2323 S.
639 2297 691 2324 LL.
711 2296 739 2324 S.
758 2297 840 2325 Ilalae
849 2298 1069 2334 Magdeburgieae

287 2344 474 2378 I7tt5;altera
510 2344 561 2370 hoc
595 2344 752 2371 inscribitur
783 2345 859 2372 titulo
886 2354 892 2371 :
927 2343 1069 2380 Specimen

285 2391 551 2418 animadversionum
578 2391 604 2417 in
632 2391 736 2424 aliquot
752 2391 882 2425 opuscula
897 2399 994 2426 graeca
1012 2391 1070 2417 Ma—

285 2437 364 2467 carii,
382 2437 408 2463 in
418 2436 532 2463 natalem
551 2436 621 2462 diem
639 2436 690 2463 viri
704 2445 809 2464 summe
823 2437 974 2468 reverendi,
984 2437 1071 2464 excel-

285 2481 441 2512 lentissimi.
461 2481 613 2508 «lectissimi
634 2481 801 2516 Sigismundi
819 2481 907 2510 lacohi
925 2483 1071 2518 Baumgar-

286 2531 330 2552 ten
349 2525 399 2553 SS.
415 2525 509 2552 Tlicol.
527 2526 599 2553 doct.
616 2532 643 2553 et
657 2526 726 2560 prol‘.
744 2535 770 2560 p.
789 2535 815 2553 ο.
835 2527 909 2554 Seni.
927 2528 1009 2554 tlleol.
1030 2529 1070 2554 di-

285 2572 418 2603 rectoris,
437 2573 542 2606 patroni
560 2576 588 2599 et
607 2572 790 2606 praeceptoris
812 2573 1010 2600 olliciosissime
1025 2581 1070 2600 co-

286 2617 370 2647 lendi.
386 2617 453 2644 bene
466 2618 667 2644 omiuabundus
680 2618 765 2644 edidit
791 2618 827 2644 Io.
851 2619 906 2645 Sal.
932 2619 1070 2646 Selulerus

286 2661 405 2690 Salfelda
425 2662 558 2698 Thuring.
577 2663 658 2690 Halae
670 2663 774 2690 Salicae
785 2663 862 2691 1746.
877 2663 997 2697 Quarum
1012 2665 1070 2692 dis-

284 2709 463 2736 sertationum
480 2709 596 2736 cardoin
607 2716 641 2736 eo
652 2710 776 2741 vertitur,
790 2710 996 2742 utostendatur,
1013 2710 1070 2737 Ala--

284 2755 350 2780 earii
362 2755 474 2788 scripta,
484 2755 609 2788 inprimis
633 2755 692 2782 eius
703 2755 837 2789 Opuscula
850 2764 921 2791 quae
933 2756 1066 2788 feruntur,

284 2800 377 2833 spuria
393 2807 463 2832 esse,
499 2800 532 2826 ad
551 2801 623 2834 quod
640 2801 835 2828 ostendendum
862 2802 959 2836 partim
975 2803 1067 2830 conie-

283 2845 381 2877 cturis,
395 2846 491 2879 partim
502 2847 667 2882 argumentis
677 2855 709 2874 ex
719 2847 778 2883 ipso
789 2847 981 2882 Opuaculorum
992 2852 1067 2877 textu

284 2890 377 2926 petitis
393 2891 485 2917 utitur.

1129 1625 1197 1652 quas
1214 1626 1229 1644 c
1243 1617 1323 1643 codd.
1349 1616 1376 1643 S.
1395 1616 1499 1651 Cyriaci
1517 1615 1703 1642 llenschenius
1730 1620 1756 1642 et
1774 1615 1910 1650 Papebro-

1128 1664 1207 1691 chius
1233 1663 1388 1690 ediderunt.
1420 1659 1474 1688 AA.
1494 1660 1544 1688 SS.
1575 1661 1641 1687 Bell.
1675 1660 1762 1688 Martii
1786 1661 1817 1688 Τ.
1840 1661 1860 1687 II
1881 1669 1908 1696 ρ.

1129 1708 1196 1736 VIII.
1215 1708 1259 1734 IX.

1163 1755 1200 1789 (9)
1219 1753 1442 1789 Martyrologium
1465 1751 1593 1783 Usuardi,
1616 1751 1672 1778 AA.
1691 1751 1742 1779 SS.
1761 1751 1829 1779 Boll.
1845 1751 1908 1779 Mai.

1125 1801 1156 1828 T.
1171 1801 1203 1827 Vl
1217 1808 1242 1835 p.
1261 1800 1287 1827 5.
1306 1800 1351 1826 5t.

1159 1847 1214 1882 (I0)
1233 1845 1336 1872 Adonis
1364 1844 1439 1871 arch.
1459 1843 1556 1869 Vieim.
1576 1842 1812 1878 Martyrologium,
1838 1841 1908 1868 Bibl.

1124 1892 1192 1919 Max.
1209 1891 1261 1918 PP.
1279 1891 1364 1925 Lugd.
1381 1889 1413 1917 T.
1431 1889 1487 1916 XVI
1504 1897 1529 1924 p.
1548 1888 1609 1915 852.
1626 1888 1688 1915 851.

1161 1937 1338 1973 (II)i\'otkcri
1359 1935 1588 1970 Martyrologium,
1617 1933 1741 1961 Galland.
1767 1933 1837 1960 Bibl.
1855 1932 1907 1960 PP.

1121 1983 1152 2010 T.
1166 1982 1224 2009 XIII
1243 1991 1268 2017 p.
1280 1983 1354 2014 I700.
1372 1981 1431 2007 705.

1156 2029 1210 2064 (12)
1227 2027 1307 2055 Vetus
1328 2027 1479 2053 Romanum
1497 2025 1729 2060 martyrologium,
1752 2025 1819 2051 Bibl.
1834 2023 1908 2051 Max.

1121 2075 1170 2101 l‘P.
1186 2074 1269 2108 Lugd.
1280 2073 1311 2099 T.
1328 2072 1385 2099 XVI
1400 2080 1425 2106 p.
1441 2071 1502 2098 812.
1520 2071 1739 2107 Martyrologium
1755 2071 1907 2098 Romanum

1119 2121 1162 2147 ed.
1176 2120 1309 2146 Barouius
1321 2119 1352 2146 ad
1369 2119 1396 2145 h.
1412 2117 1457 2145 dd.

1154 2165 1208 2199 (I5)
1225 2164 1305 2192 Plura
1327 2163 1520 2198 martyr-elogia
1543 2168 1720 2190 recensentur
1741 2171 1755 2190 ο
1778 2163 1908 2190 Bollando

1118 2211 1173 2238 AA.
1191 2211 1239 2237 ss.
1256 2210 1311 2237 Ian.
1332 2209 1364 2236 T.
1384 2208 1435 2243 Ip.
1453 2209 1497 2236 at.

1156 2256 1210 2291 (14)
1225 2256 1265 2283 CI.
1281 2255 1460 2290 Menologium
1475 2255 1577 2286 Sirleti,
1589 2255 1660 2289 quod
1673 2255 1798 2282 Canisius
1813 2255 1908 2282 edidit.

1120 2303 1224 2330 Cauisii
1239 2303 1299 2329 lect.
1312 2302 1396 2336 antiq.
1408 2301 1451 2327 ed.
1468 2300 1589 2336 Basnage
1599 2300 1631 2327 Τ.
1645 2301 1677 2327 Ill
1692 2309 1717 2336 p.
1733 2301 1785 2328 M5
1802 2301 1829 2328 in
1843 2302 1905 2328 ﬁne.

1121 2351 1150 2377 In
1157 2349 1315 2376 Calendario
1324 2349 1456 2375 ecclesiae
1465 2347 1777 2381 Constantinopolitanae
1784 2348 1827 2374 ed.
1835 2348 1907 2375 Mor-

1121 2395 1180 2422 celli
1198 2394 1298 2421 Romae
1316 2394 1383 2420 I788
1395 2393 1426 2420 T.
1443 2393 1451 2419 I
1467 2401 1492 2428 p.
1507 2392 1541 2419 85
1552 2393 1584 2419 ad
1606 2392 1665 2418 XIX
1686 2392 1801 2419 Ianuarii
1819 2394 1904 2428 legis:

1124 2451 1133 2466 ι
1149 2442 1181 2476 τῇ
1201 2441 1269 2475 αὐτῇ
1289 2439 1379 2475 ἡμέρᾳ.
1397 2439 1490 2474 μνήμη
1507 2438 1560 2464 τῶν
1581 2439 1660 2464 ὁσίων
1690 2438 1815 2473 πατέρων
1829 2439 1906 2474 ἡμῶν

1122 2485 1264 2521 Μακαρίου
1278 2485 1325 2511 τοῦ
1348 2484 1483 2519 Ῥφμαίου
1500 2483 1579 2519 (sic!)
1597 2484 1643 2510 καὶ
1660 2483 1752 2518 ἑτέρου
1763 2484 1904 2519 Μακαρίου

1121 2531 1166 2558 τοῦ
1183 2531 1340 2565 Αἰγυπτίου.
1357 2540 1366 2556 ι

1156 2576 1213 2611 (I5)
1225 2576 1253 2602 lu
1269 2575 1378 2602 Macarii
1394 2575 1570 2602 Alexandrini
1586 2575 1641 2601 vita
1660 2574 1678 2601 1.
1697 2573 1729 2606 1.,
1744 2578 1770 2601 et
1787 2574 1814 2600 in
1848 2574 1904 2601 vita

1122 2621 1232 2648 Macarii
1249 2620 1371 2655 Aegyptii
1391 2620 1408 2646 1.
1423 2620 1453 2650 1.,
1471 2629 1495 2654 p.
1511 2619 1588 2646 1005.

1157 2667 1213 2699 (16)
1226 2666 1386 2693 Assemanni
1400 2665 1559 2692 Calendaria
1566 2663 1702 2692 Ecclesiae
1715 2665 1857 2692 universae
1868 2665 1902 2691 ad

1120 2713 1179 2740 XIX
1209 2713 1315 2739 Ianuar.
1332 2711 1364 2738 T.
1381 2711 1413 2738 VI
1433 2711 1534 2738 Romae
1546 2711 1614 2738 I755
1631 2719 1657 2746 p.
1677 2711 1710 2738 98
1725 2719 1766 2746 sq.
1782 2711 1838 2738 AA.
1851 2710 1902 2737 SS.

1120 2757 1257 2784 BollJan.
1273 2756 1304 2784 T.
1323 2756 1331 2782 I
1357 2764 1382 2791 p.
1395 2757 1438 2783 81.

1154 2803 1283 2839 (rugat
1310 2811 1334 2838 p.
1355 2802 1414 2829 tot.
1436 2801 1493 2836 ges
1507 2809 1532 2836 p.
1563 2801 1654 2838 107.§
1675 2801 1711 2830 30
1726 2810 1753 2838 ρ.
1773 2801 1824 2830 125
1836 2810 1898 2839 sqq.

1155 2851 1211 2885 (I8)
1229 2850 1313 2884 Supra
1329 2849 1388 2884 ἓίῶ
1399 2857 1424 2884 p.
1445 2848 1502 2873 I07.
