2061 3150
186 145 238 174 175

949 158 1061 187 VITAE.

1757 166 1805 196 εἷς

183 209 298 263 deinde
314 213 399 263 post
433 214 566 263 mortem
597 213 663 243 eius
699 215 817 246 deserta
851 215 965 256 Libyae
981 220 1001 250 A
1017 221 1128 258 pturus
1141 222 1282 261 tempore
1298 223 1668 263 opportuno.186Tunc
1682 229 1809 256 sanctus

184 259 329 299 petierit?
341 262 424 292 Haec
441 261 535 300 igitur
549 262 700 294 dubitatio
719 264 811 304 plane
827 270 971 297 movetur

184 311 246 342 vita
261 312 448 350 Posthumii,
465 321 528 353 qua
541 315 708 346 Macarium
725 316 756 346 S.
772 317 896 347 Antonii
909 317 968 347 mi-

184 363 317 394 nistrum
341 363 374 394 in
390 364 546 395 coenobio
569 365 647 400 185
664 365 765 405 Pispir
779 366 862 397 diem
878 367 971 397 etiam

184 421 365 452 supremum
374 414 489 445 obiisse
497 414 665 446 edocemur
677 426 685 445 :
696 416 861 446 Macarium
869 420 973 448 autem

182 462 382 502 Aegyptium,
402 466 437 493 ut
451 472 469 493 e
477 463 613 495 Palladio
625 468 756 503 constat,
767 466 800 496 in
812 467 901 497 Scete
916 466 955 507 (1)
963 491 971 505 ,

181 514 276 551 atque
298 512 556 550 Alexandrinum,
571 514 656 553 quod
671 524 710 546 ex
729 515 839 546 eodem
861 516 971 546 verisi-

181 562 347 593 millimum
383 566 441 600 est,
470 563 503 594 in
531 565 654 596 Cellulis
681 566 889 597 obdormiisse
909 567 971 598 sci-

181 622 251 644 mus
261 612 313 653 (2).
325 614 360 643 In
370 614 430 644 vita
441 614 524 645 enim
536 615 589 645 illa
603 615 680 646 haec
695 615 841 654 leguntur
853 625 860 646 :
871 629 884 644 ‹‹
894 618 973 648 Nota

181 660 276 699 igitur
288 660 370 692 facta
391 665 438 692 est
462 666 570 693 sancto
590 664 734 702 Macario,
750 665 870 696 scilicet
890 667 974 698 beati

183 711 310 741 Antonii
331 711 497 751 discipulo.
523 715 717 745 conversatio
740 715 924 752 P'osthumii,
943 719 974 746 et

184 761 311 792 celebre
324 763 391 793 eius
411 763 526 794 factum
536 767 584 794 est
602 773 730 802 nomen,
746 766 910 805 visumque
927 769 973 797 est

184 811 242 848 illi,
258 812 298 843 ad
312 812 396 844 hunc
407 814 491 845 abire
506 815 539 845 in
556 823 708 846 eremum.
724 817 800 846 Nam
815 816 897 847 idem
907 817 974 848 Ma—

187 861 289 893 carius
304 863 342 893 ab
367 863 478 894 illustri
502 865 566 895 viro
587 865 722 896 Antonio
745 866 973 897 monachorum

185 908 254 941 fere
278 911 502 951 quinquaginta
533 913 627 944 millia
652 918 832 954 susceperat
855 916 971 954 guber-

188 960 299 991 nanda.
328 962 475 993 Eiusdem
504 963 599 1002 igitur
635 965 760 995 Macarii
795 965 896 996 exitus
933 965 974 996 de

188 1011 312 1042 saeculo
333 1013 620 1053 apprOpinquabat,
643 1018 674 1045 et
691 1015 854 1047 Dominico
875 1015 973 1055 gregi,

189 1062 259 1101 quis
282 1067 354 1102 post
381 1064 449 1095 eius
467 1073 630 1095 excessum
655 1066 825 1105 magisterii
846 1066 974 1097 nomine

189 1112 421 1152 subrogaretur,
456 1115 680 1154 inquirebatur.
706 1117 837 1147 Sanctus
868 1117 974 1156 itaque

188 1163 339 1194 Macarius
361 1173 432 1194 cum
451 1164 490 1195 ad
513 1169 655 1196 sanctum
680 1166 814 1196 venisset
838 1166 974 1196 Posthu-
1001 1164 1010 1171 ”

189 1213 297 1249 mium,
316 1214 439 1253 excepit
453 1223 524 1245 eum
536 1215 678 1251 libenter,
696 1215 865 1254 praecipue
885 1215 975 1245 cuius

189 1262 251 1293 iam
269 1264 308 1294 ab
324 1264 436 1302 angelo
450 1264 563 1295 famam
575 1265 723 1296 audierat.
750 1266 818 1295 Non
835 1273 909 1303 ergo
922 1264 976 1294 ille

190 1317 224 1343 ut
239 1313 368 1353 hospes,
380 1314 435 1344 sed
447 1315 513 1345 eius
523 1315 677 1345 subtiliter
688 1314 850 1354 explorare
861 1322 977 1354 propo-

189 1364 282 1395 situm
290 1369 425 1396 venerat.
434 1366 530 1397 Porro
543 1365 664 1396 Macarii
677 1365 877 1405 adspectibus
890 1366 976 1396 Post-

189 1413 289 1446 humii
308 1415 497 1455 complacuit
507 1416 714 1453 conversatio,
724 1419 754 1446 et
764 1425 835 1447 eum
845 1415 976 1446 suadere

190 1465 305 1504 coepit,
316 1469 350 1496 ut
361 1466 459 1496 sancti
479 1467 605 1497 Antonii
614 1467 873 1497 anachoretarum
893 1466 978 1505 prin-

191 1515 269 1555 cipis
291 1524 354 1547 non
374 1520 551 1555 gravaretur
585 1517 708 1548 visitare
733 1517 891 1556 reliquias.
914 1516 976 1546 Sed

191 1574 262 1596 cum
280 1567 365 1597 omni
380 1566 490 1597 virtute
514 1567 701 1598 reniteretur
712 1570 742 1597 et
757 1567 841 1598 abire
853 1566 977 1606 penitus
991 1564 1011 1592 C

192 1615 355 1653 noluisset,
384 1616 417 1646 in
440 1617 557 1647 somnis
572 1617 772 1648 Posthumius
791 1616 858 1647 sine
873 1615 979 1655 aliquo

192 1666 390 1697 cunctamine
415 1667 460 1697 ire
486 1667 588 1699 iussus
617 1668 739 1698 divinae
764 1666 980 1698 contradicere

193 1724 257 1747 non
282 1719 402 1756 poterat
432 1717 594 1748 maiestati.
624 1719 733 1757 Itaque
755 1726 827 1748 cum
847 1717 980 1747 Macario

193 1767 373 1805 aggreditur
389 1767 458 1804 iter,
475 1768 705 1798 multitudinem
730 1767 981 1806 congregationis

193 1815 431 1852 monachorum,
448 1825 528 1855 quae
548 1825 565 1847 a
579 1816 647 1847 solo
664 1817 895 1854 gubernabatur
915 1817 979 1847 Ma-

193 1865 289 1901 cario,
312 1865 483 1904 ingressus,
530 1866 569 1896 de
597 1874 660 1905 quo
700 1874 795 1905 saepe
833 1865 980 1902 diximus,

193 1922 309 1954 corpus
323 1916 483 1955 sepeliisse
502 1915 651 1954 magistri,
677 1925 749 1946 cum
764 1915 891 1955 spiritus
915 1915 982 1946 eius

195 1969 321 1996 vocatus
336 1969 430 1996 estex
440 1966 575 1996 saeculo.
592 1965 650 2002 Qui
662 1974 732 1996 cum
743 1973 777 1996 se
791 1966 824 1995 in
840 1969 980 1996 extremo

195 2015 275 2045 vitae
286 2015 374 2046 istius
390 2015 570 2055 temporalis
578 2016 763 2055 adspiceret,
781 2015 930 2046 advocato
941 2014 980 2045 ad

196 2073 229 2095 se
242 2068 349 2096 sancto
362 2066 557 2102 Posthumio,
572 2066 615 2096 ita
638 2074 767 2097 exorsus
783 2068 829 2096 est
846 2065 876 2095 ei
891 2074 898 2095 :
922 2065 980 2102 En,

194 2115 300 2152 frater,
316 2119 442 2156 tempus
456 2116 655 2147 resolutionis
670 2125 757 2147 meae
775 2116 885 2152 instat;
902 2125 980 2155 qua-

198 2169 328 2207 propter
352 2167 482 2198 audiens
509 2168 627 2198 bonum
654 2167 865 2198 testimonium
888 2166 927 2197 de
938 2169 979 2204 te,

197 2217 291 2247 tinem
320 2217 489 2248 senectutis
513 2226 602 2248 meae
630 2216 796 2248 debilitatis
829 2216 1019 2257 supposui”

198 2267 354 2306 gressibus
368 2268 406 2298 ad
422 2267 661 2307 pertingendum
676 2276 777 2307 usque
787 2267 825 2298 ad
837 2272 878 2297 te.
892 2267 980 2298 Nunc

196 2318 291 2356 igitur
301 2318 382 2348 bene
394 2317 493 2348 fecisti
504 2319 609 2349 venire
622 2326 754 2348 mecum.
767 2318 897 2356 Suscipe
906 2326 981 2355 ergo

198 2372 328 2408 paterno
344 2377 450 2399 amore
461 2377 586 2407 gregem
597 2368 652 2399 Dei
667 2368 705 2398 ad
718 2367 900 2407 regendum.
911 2367 982 2397 Noli

199 2427 360 2458 quaerere,
372 2417 457 2457 quod
471 2418 527 2448 tibi
539 2418 614 2448 utile
624 2421 681 2455 est,
698 2417 752 2448 sed
770 2417 856 2457 quod
863 2416 978 2452 multis,

199 2473 232 2499 ut
251 2468 325 2499 salvi
346 2467 435 2504 ﬁant;
460 2475 499 2497 ne
514 2476 589 2506 ergo
605 2476 700 2506 neges
713 2465 905 2506 suscipiendi
920 2465 979 2496 ho-

201 2519 284 2549 noris
313 2518 454 2557 gratiam,
473 2517 650 2548 mcrcedem
675 2525 693 2548 a
720 2517 853 2547 Domino
889 2523 978 2546 rece-

235 2610 272 2645 (1)
289 2611 376 2645 Supra
396 2610 409 2646 §
427 2610 460 2637 12
476 2610 561 2646 μμ.

235 2655 273 2688 (ε)
288 2656 374 2690 Supra
389 2655 403 2691 ς
418 2656 451 2682 21
471 2664 498 2690 ι).
517 2655 562 2683 86.
578 2654 639 2690 §so
655 2662 681 2689 p.
697 2654 759 2680 m.

237 2701 274 2735 (5)
294 2700 354 2727 Vita
378 2701 407 2728 ὃ.
435 2701 589 2728 Posthuinii
610 2708 671 2735 cap.
693 2699 787 2733 7,VV.
813 2698 864 2726 PP.
890 2699 980 2726 Rosw.

202 2753 228 2781 p.
243 2747 295 2773 233
308 2755 349 2781 sq.

237 2793 275 2827 (ιι)
294 2792 308 2824 §
322 2792 366 2819 24.
384 2801 409 2827 p.
425 2793 476 2820 103
492 2795 537 2827 'sq.

238 2836 275 2871 (5)
292 2836 360 2863 Hist.
377 2836 458 2864 Laus.
474 2838 516 2865 ed.
537 2837 636 2865 Mcurs.
653 2844 712 2863 can.
732 2836 765 2863 l8
795 2835 862 2871 Opp.
882 2836 981 2863 Meurs.

204 2881 224 2908 I.
238 2881 258 2909 1.
276 2889 303 2917 p.
316 2881 377 2909 385.
395 2882 436 2909 Cl'.
451 2883 560 2910 Somni.
579 2883 645 2910 Hist.
661 2881 731 2909 Eccl.
749 2881 832 2908 lib.“
859 2889 918 2916 cap.
936 2882 980 2910 ‘29.

1023 269 1221 302 Posthumius
1242 272 1374 312 pedibus
1388 273 1454 304 eius
1468 274 1652 314 provolutus
1672 275 1714 305 ait
1732 275 1807 305 :Ca-

1022 320 1145 351 rissime
1155 324 1253 361 pater,
1266 324 1425 362 quomodo
1436 324 1513 354 mihi
1523 327 1585 354 tam
1595 333 1724 363 magnae
1730 324 1809 355 mul-

1022 369 1162 400 titudinis
1172 379 1277 401 curam
1288 371 1436 412 imponis,
1443 373 1559 404 rustico
1566 373 1696 410 homini,
1704 374 1809 405 literas

1023 419 1194 451 nescienti?
1204 421 1335 451 Provide
1344 421 1437 459 igitur
1450 431 1488 453 cx
1499 422 1537 453 iis
1549 424 1694 454 meritum
1704 423 1807 454 homi-

1023 477 1107 506 nem,
1124 470 1179 510 qui
1206 470 1304 510 possit
1318 480 1389 502 cum
1405 471 1613 503 sollicitudine
1625 476 1726 504 tantas
1738 474 1807 505 aui-

1023 528 1089 550 mas
1109 529 1217 559 regere
1244 521 1446 561 populorum.
1471 523 1558 553 Tunc
1585 524 1734 554 Macarius
1767 524 1809 554 ait

1023 570 1206 601 Posthumio
1227 572 1473 602 :Excusationes
1496 581 1561 602 non
1576 573 1680 610 audio,
1705 582 1808 613 neque

1025 631 1132 653 causas
1143 623 1272 663 recipio;
1282 623 1316 653 hi
1332 623 1416 654 enim
1429 632 1537 654 omnes
1549 624 1606 654 sub
1628 627 1680 654 tua
1691 624 1808 655 ditione

1024 674 1206 711 manebunt,
1232 683 1291 704 nec
1311 673 1389 704 alius
1411 677 1457 704 est
1473 677 1577 705 tantae
1606 674 1810 705 abstinentiae

1024 721 1081 759 vir,
1095 722 1149 762 qui
1160 723 1258 762 possit
1267 723 1356 753 istius
1372 723 1482 763 populi
1494 724 1667 762 gubernare
1679 723 1807 760 animas,

1023 778 1059 801 ac
1082 771 1214 802 sollicite
1239 775 1428 811 pertractare
1449 781 1456 808 ;
1474 775 1505 802 et
1522 776 1556 802 ut
1572 772 1686 802 certius
1697 772 1809 809 dicam,

1023 820 1223 853 dilectissime
1241 822 1346 859 frater,
1367 826 1398 853 te
1414 822 1566 853 electione
1583 831 1639 853 sua
1661 822 1811 852 Dominus

1025 871 1196 910 designavit
1205 872 1243 903 ad
1254 872 1488 913 suscipiendum
1499 872 1582 903 hunc
1594 872 1756 903 ministerii
1767 872 1812 903 lo-

1025 930 1116 959 cum;
1133 930 1331 962 nequaquam
1353 931 1427 961 ergo
1447 922 1576 953 coelesti
1596 923 1713 962 poteris
1733 931 1810 954 con-

1023 971 1177 1002 tradicere
1199 972 1342 1003 iussioni.
1370 972 1453 1003 Nihil
1471 981 1508 1003 ex
1523 972 1584 1003 hoc
1611 971 1813 1003 Posthumius

1024 1021 1146 1053 locutus
1180 1025 1227 1053 est
1261 1023 1406 1059 Macario,
1435 1023 1491 1053 sed
1517 1023 1591 1053 dum
1618 1022 1684 1052 eius
1717 1022 1812 1053 verba

1025 1080 1132 1103 secum
1161 1072 1195 1103 in
1212 1073 1317 1104 animo
1348 1072 1497 1110 volveret,
1523 1072 1675 1103 Macarius
1711 1072 1814 1103 emisit

1025 1124 1179 1163 spiritum,
1208 1125 1375 1165 statimque
1395 1125 1586 1166 populorum
1602 1125 1712 1164 ingens
1722 1125 1814 1155 turba

1025 1174 1144 1205 intente
1155 1174 1193 1205 ad
1207 1174 1302 1205 funus
1312 1179 1452 1205 currunt.
1466 1175 1512 1205 Ibi
1523 1174 1721 1213 psallentium
1733 1173 1814 1204 mul-

1025 1225 1125 1255 titudo
1141 1225 1269 1256 diversis
1292 1224 1482 1264 hymnorum
1495 1224 1634 1260 vocibus,
1647 1223 1734 1263 quasi
1749 1232 1815 1254 uno

1027 1284 1091 1311 ore,
1122 1275 1230 1306 laudes
1253 1276 1316 1306 Deo
1330 1276 1494 1312 canebant,
1521 1274 1622 1306 donec
1644 1283 1758 1314 corpus
1774 1274 1814 1304 ad

1024 1325 1228 1366 sepulchrum
1253 1325 1460 1356 deduceretur
1486 1325 1697 1362 humandum;
1719 1333 1814 1355 nemo

1026 1379 1130 1406 tamen
1145 1375 1348 1406 vehementer
1365 1375 1490 1406 dolebat
1504 1384 1554 1413 eo,
1580 1375 1667 1415 quod
1689 1378 1815 1407 sanctus

1025 1426 1176 1457 Macarius
1186 1429 1250 1457 tam
1262 1425 1413 1457 velociter
1423 1425 1649 1457 monasterium
1659 1425 1816 1464 relinque-

1027 1480 1084 1513 ret,
1095 1477 1243 1516 quoniam
1253 1476 1404 1507 Dominus
1415 1476 1547 1507 similem
1559 1475 1588 1507 ei
1598 1475 1815 1506 Posthumium

1028 1527 1113 1567 gregi
1124 1535 1181 1557 suo
1188 1526 1368 1565 magistrum
1379 1526 1555 1567 providerat
1567 1525 1606 1566 (3)
1614 1550 1621 1556 .
1635 1538 1650 1554 »
1659 1526 1816 1566 Quidquid

1028 1577 1121 1617 igitur
1134 1577 1173 1608 de
1185 1577 1243 1608 hac
1258 1577 1320 1608 vita
1335 1576 1454 1614 statuis,
1471 1577 1529 1608 etsi
1541 1577 1615 1608 satis
1631 1577 1761 1616 antiqua
1777 1585 1816 1608 ea

1029 1636 1098 1658 esse
1129 1627 1280 1664 videatur,
1314 1630 1443 1667 apparet
1476 1629 1593 1664 tamen,
1636 1627 1815 1665 Macarium,

1030 1686 1124 1717 quem
1148 1677 1228 1708 vitae
1256 1676 1390 1716 scriptor
1429 1676 1459 1707 S.
1487 1676 1611 1708 Antonii
1626 1676 1816 1717 discipulum

1029 1730 1118 1758 vocat
1139 1729 1169 1758 et
1195 1727 1382 1763 ministrum,
1411 1726 1466 1766 qui
1482 1735 1597 1766 corpus
1622 1726 1688 1758 eius
1699 1726 1815 1767 sepeli-

1029 1778 1118 1814 verit,
1142 1777 1368 1817 monachisque
1388 1780 1459 1817 post
1478 1781 1611 1808 mortem
1634 1778 1664 1807 S.
1689 1777 1818 1808 Antonii

1031 1826 1209 1866 praefuerit,
1221 1835 1239 1857 a
1252 1826 1367 1856 nostris
1392 1826 1533 1857 Macariis
1553 1825 1710 1857 diversum
1734 1834 1814 1856 esse.

1032 1877 1226 1916 Quapropter
1240 1877 1331 1907 etiam
1353 1877 1430 1907 duas
1445 1877 1513 1908 illas
1527 1876 1566 1907 de
1593 1877 1728 1907 Macario
1744 1884 1816 1915 gra-

1031 1927 1142 1957 tiarum
1154 1927 1184 1956 S.
1206 1927 1331 1957 Antonii
1349 1926 1483 1958 haerede
1498 1926 1652 1963 historias,
1668 1934 1746 1965 quas
1761 1934 1815 1956 su-

1032 1985 1088 2015 pra
1102 1985 1120 2007 e
1134 1977 1307 2008 Meursiana
1326 1977 1480 2007 Historiae
1495 1976 1660 2007 Lausiacae
1679 1976 1816 2006 editione

1032 2025 1153 2064 spurias
1167 2025 1365 2056 exhibuimus
1377 2025 1429 2065 (4),
1445 2025 1483 2056 ad
1497 2024 1718 2065 Pispiritanum
1733 2025 1815 2056 refe-

1032 2077 1144 2107 rendas
1159 2085 1228 2108 esse
1237 2076 1438 2108 crediderim.

1073 2166 1086 2202 §
1119 2163 1166 2194 46.
1193 2163 1238 2195 Ad
1263 2167 1383 2195 ceteros
1414 2164 1528 2195 deinde
1547 2164 1636 2195 istius
1666 2164 1818 2204 temporis

1033 2214 1182 2245 Macarios
1231 2214 1317 2254 quod
1367 2214 1502 2252 attinet,-
1539 2214 1636 2244 nostri
1690 2213 1818 2254 quidem

1033 2264 1157 2295 Macarii
1192 2273 1211 2295 a
1256 2264 1390 2295 Macario
1434 2264 1568 2301 iuniore,
1609 2264 1675 2304 qui,
1720 2273 1818 2304 quum

1034 2315 1130 2346 boves
1165 2323 1297 2354 pascens
1336 2314 1464 2347 caedem
1491 2314 1575 2345 haud
1609 2315 1817 2355 praemedita-

1035 2368 1097 2395 tam
1131 2367 1350 2405 perpetrasset,
1376 2365 1409 2395 in
1444 2365 1612 2396 solitudine
1645 2364 1818 2395 monachus

1035 2414 1260 2453 paenitentiam
1295 2415 1406 2454 agebat
1443 2415 1514 2456 (5),
1553 2418 1584 2446 et
1631 2423 1648 2445 a
1684 2415 1818 2445 Macario

1037 2464 1115 2498 187
1161 2464 1364 2495 Alexandriae
1405 2465 1589 2504 presbytero
1638 2464 1819 2504 ptochotro—

1034 2513 1165 2553 phiique
1179 2514 1380 2546 Alexandrini
1394 2515 1553 2556 praefecto
1571 2515 1624 2556 (6),
1648 2524 1707 2547 nec
1722 2524 1788 2546 non
1801 2524 1819 2546 a

1036 2605 1193 2635 Cassiodor.
1217 2606 1289 2635 Hist.
1317 2607 1424 2642 tripart.
1446 2607 1495 2636 lib.
1519 2607 1576 2634 Vlll
1592 2615 1654 2643 cap.
1672 2608 1685 2634 1
1705 2607 1732 2634 in
1754 2607 1818 2636 line.

1035 2651 1180 2687 Nicephor.
1197 2652 1302 2680 Callist.
1318 2653 1425 2684 Eccles,
1439 2653 1508 2681 Hist.
1526 2654 1573 2681 lib.
1588 2653 1621 2680 XI
1637 2661 1698 2688 cap.
1716 2652 1761 2680 55.

1072 2697 1110 2733 (6)
1128 2697 1198 2725 Hist.
1214 2697 1297 2725 Laus.
1309 2698 1353 2726 ecl.
1383 2698 1484 2725 Meurs.
1501 2706 1560 2733 cap.
1579 2698 1595 2724 7
1620 2697 1688 2733 Opp.
1715 2697 1818 2725 Meurs.

1037 2745 1055 2771 1.
1066 2744 1083 2770 l.
1100 2752 1126 2780 p.
1143 2745 1192 2771 757
1203 2752 1244 2780 sq.
1259 2745 1328 2771 Idem
1339 2744 1471 2771 Macarius
1488 2745 1628 2779 presbyter
1638 2743 1820 2771 Alexandriae

1038 2791 1122 2819 fuisse
1152 2791 1271 2822 videtur,
1303 2798 1382 2824 quem
1414 2790 1526 2817 laudant
1551 2791 1630 2817 Socr.
1650 2789 1720 2817 llist.
1742 2789 1817 2816 Eccl.

1038 2838 1083 2866 lib.
1099 2838 1117 2864 I.
1132 2846 1193 2873 cap.
1219 2838 1264 2870 ‘27-,
1278 2836 1386 2863 Sozom.
1404 2835 1473 2863 Hist.
1489 2836 1561 2863 Eccl.
1581 2836 1628 2863 lib.
1647 2836 1667 2862 II
1686 2843 1746 2871 cap.
1762 2835 1822 2867 22,,

1040 2890 1094 2911 tum
1109 2883 1300 2916 Cassiodorus,
1318 2880 1488 2917 Nicephorus
1505 2882 1635 2911 Callistus
1650 2885 1704 2910 cet.
