2061 3150
294 183 347 212 185

684 177 732 205 SS.
755 173 982 203 MACARIURUM
999 169 1158 199 AEGVPTII
1181 169 1224 196 ET
1249 168 1483 196 ALEXANDRINI

1860 171 1912 204 1ΰό

291 237 449 278 exagitatis
460 233 732 267 Sozomenushaec
747 233 860 263 refert:
877 228 1073 262 «Cuiusmodi
1088 230 1110 257 A
1126 235 1194 257 rum
1213 225 1334 278 chorus
1359 225 1578 278 dimitteretur.
1604 227 1652 278 Ita
1689 230 1770 278 1757
1798 227 1908 259 civium

290 294 365 321 tunc
399 285 625 318 monachorum
659 282 830 323 praefectos
857 281 953 312 fuisse
982 288 1072 310 acce-

290 338 394 378 pimus
421 334 570 366 Macarios
595 334 685 369 duos,
708 332 747 363 de
765 331 880 371 quibus
897 331 959 361 iam
984 333 1074 360 antea

291 387 438 422 diximus,
464 388 494 416 et
528 383 644 415 Pambo
666 384 746 420 17A.
759 385 852 421 atque
879 379 1074 411 Heraclidem

291 441 474 476 ceterosque
502 435 628 466 Antonii
658 433 830 473 discipulos
846 431 898 470 (1).
920 443 934 459 »
953 430 1012 461 Sed
1045 433 1075 460 et

289 489 356 528 ipse
365 496 437 519 cum
447 486 559 517 Ruﬁno
569 484 733 520 consentit,
743 482 876 514 hocsolo
885 481 1073 518 discrimine,

290 538 376 579 quod
401 538 435 567 in
465 535 630 567 Sozomeni
661 533 790 564 historia
816 533 855 564 de
883 532 939 562 ista
970 539 1074 562 sacer-

291 588 372 619 dotis
394 587 455 618 ﬁlia
475 599 489 615 «
501 585 651 616 Macarius
665 585 796 623 eiusque
815 582 945 614 comites
962 594 976 610 »
999 581 1073 612 dae-

290 647 416 669 monem
432 637 606 675 obiurgant,
629 638 660 665 et
684 635 718 665 in
741 635 803 666 ﬁne
818 633 930 664 Lucius
953 631 1074 664 occulte

289 688 454 728 praecipit,
478 691 549 723 «ut,
575 686 629 726 qui
657 694 729 717 eum
751 685 882 716 Macario
899 686 1015 719 essent,
1036 683 1075 713 ad

290 738 381 769 sedes
402 747 472 768 suas
488 740 517 767 et
532 737 565 767 in
573 736 773 767 solitudinem
783 738 976 766 revertantur
1001 733 1073 773 (2)».

290 788 506 819 Theodoretus
518 787 666 826 denique,
679 794 775 826 quum
790 785 829 815 de
843 783 1075 816 crudelitatibus

290 839 325 869 in
353 837 572 878 persecutione
601 837 659 867 ista
686 834 870 875 perpetratis
901 834 940 864 ad
972 833 1076 864 literas

292 888 375 919 Petri
387 887 526 927 episcopi
542 886 581 927 (3)
593 885 778 924 delegasset,
799 884 838 915 de
858 883 950 914 exilio
966 891 1075 914 senum

291 938 370 969 haec
385 937 478 968 verba
496 937 588 968 facit:
615 947 629 964 α
640 935 704 966 Viri
720 934 837 966 suntin
854 935 1006 973 Aegypto,
1022 933 1076 972 qui

291 988 473 1028 angelorum
511 986 780 1018 conversationem
813 984 1004 1015 aemulantes
1037 983 1076 1013 ab

292 1038 414 1069 urbium
434 1036 616 1067 tumultibus
630 1045 662 1066 se
677 1035 902 1070 subduxerunt,
917 1033 1076 1072 vitamque

292 1088 325 1118 in
347 1087 514 1118 solitudine
528 1095 620 1125 agere
637 1085 822 1116 maluerunt.
838 1083 895 1114 Ubi
910 1091 1076 1114 arenosum

291 1147 327 1169 ac
345 1137 449 1168 sterile
463 1136 563 1167 solum
575 1135 675 1166 fertile
686 1134 854 1165 reddentes
867 1133 1002 1163 fructum
1013 1133 1076 1163 Deo

291 1186 509 1217 suavissimum
526 1185 835 1225 pulcherrimumque
857 1182 961 1213 ferunt
979 1182 1076 1212 virtu-

292 1239 367 1272 tem,
384 1243 478 1275 quam
497 1235 556 1265 sibi
573 1238 719 1273 tanquam
730 1233 831 1271 legem
847 1232 1075 1272 imposuerunt.

292 1286 385 1317 Cuius
399 1284 527 1324 quidem
543 1283 724 1323 disciplinae
740 1282 835 1312 duces
851 1290 921 1312 cum
934 1280 986 1311 alii
1001 1279 1079 1310 mul-

291 1336 314 1367 ti
336 1336 492 1371 exstitere,
520 1338 586 1364 tum
607 1333 744 1373 optimus
758 1332 974 1371 religiosorum
998 1331 1079 1362 ordi-

290 1394 369 1417 num
383 1385 528 1423 magister
541 1383 600 1414 fuit
620 1383 772 1413 Antonius
781 1382 834 1412 ille
844 1381 1076 1417 celeberrimus,

293 1434 348 1473 qui
372 1434 411 1464 ad
430 1433 549 1464 virtutis
571 1432 754 1473 palaestram
780 1430 942 1462 monachis
967 1429 1076 1460 solitu-

292 1484 400 1515 dinem
424 1484 534 1514 evexit.
558 1483 631 1513 Eius
652 1482 746 1520 igitur
769 1481 825 1512 viri
858 1480 1028 1520 discipulos
1042 1497 1078 1501 —

291 1533 362 1573 ipse
376 1533 459 1564 enim
475 1541 547 1564 cum
561 1532 702 1563 maximis
719 1535 750 1562 et
769 1531 987 1571 pulcherrimis
1005 1540 1080 1562 one-

1124 276 1291 307 tumultum
1305 276 1510 307 extimescens
1537 277 1651 308 Lucius
1675 277 1789 309 sanctis
1819 278 1908 315 viris,

1124 331 1158 359 ut
1173 327 1212 358 ad
1225 327 1390 367 speluncas
1402 335 1473 358 suas
1488 326 1636 363 redirent,
1655 327 1811 358 concessit
1838 326 1908 367 (5).:

1163 428 1207 459 De
1222 427 1314 459 exilio
1328 427 1454 468 quidem
1464 436 1574 459 senum
1589 426 1667 458 haec
1682 427 1773 458 nobis
1792 427 1825 458 in
1844 436 1908 460 me-

1125 478 1212 509 dium
1234 477 1423 518 proferenda
1447 481 1545 509 erant.
1565 478 1817 508 Persecutionem
1839 487 1909 509 vero

1125 529 1215 560 istam
1238 528 1463 559 monachorum
1481 528 1593 559 Lucius
1604 552 1611 564 ,
1623 528 1710 558 urbis
1725 528 1910 567 praefectus,

1126 575 1256 618 eiusque
1275 578 1423 609 satellites
1438 586 1504 608 non
1526 582 1589 608 tam
1609 586 1666 608 suo
1683 579 1791 615 Marte,
1821 587 1910 618 quam

1125 628 1194 667 lege
1213 629 1350 659 Valentis
1364 629 1560 668 imperatoris
1577 628 1677 659 innixi
1693 628 1793 668 egisse
1808 629 1911 659 viden-

1125 682 1188 710 tur.
1205 680 1348 710 Socrates
1358 679 1442 709 enim
1458 679 1497 710 de
1518 679 1587 718 lege
1607 679 1741 719 quadam
1763 679 1909 719 loquitur,

1126 739 1186 769 qua
1215 729 1327 760 Valens
1354 730 1525 769 praecepit,
1546 741 1559 757 ι(
1578 734 1612 760 ut
1627 729 1836 768 [orthodoxi],
1859 731 1912 770 qui

1125 779 1328 810 Alexandriae
1345 783 1376 810 et
1392 779 1424 810 in
1439 779 1558 819 reliqua
1574 782 1678 811 essent
1692 781 1845 819 Aegypto,
1867 780 1911 811 fu-

1127 834 1274 868 garentur
1300 829 1382 869 (6).»
1407 830 1548 860 Ceterum
1562 830 1674 861 Valens
1699 839 1727 861 a.
1755 830 1823 868 373,
1847 830 1910 870 pri-

1126 889 1177 910 ma
1192 879 1326 910 Ianuarii
1349 880 1411 917 die,
1427 880 1528 918 legem
1552 881 1692 917 sancivit,
1710 880 1799 911 cuius
1822 884 1912 911 tenor

1129 930 1180 961 hic
1196 934 1243 961 est
1260 939 1266 961 :
1284 942 1297 959 α
1315 931 1444 966 Quidam
1462 930 1605 969 ignaviae
1620 934 1788 961 sectatores
1805 930 1910 962 deser-

1128 981 1168 1011 tis
1195 981 1351 1012 civitatum
1379 981 1560 1012 muneribus
1588 984 1712 1020 captant
1731 980 1912 1012 solitudines

1129 1038 1165 1060 ac
1180 1033 1309 1068 secreta,
1328 1034 1358 1061 et
1374 1031 1479 1071 specie
1501 1031 1661 1070 religionis
1675 1040 1746 1062 cum
1772 1032 1912 1063 coetibus

1129 1079 1340 1110 Monazonton
1362 1084 1602 1119 congregantur.
1627 1081 1692 1111 Hos
1711 1080 1806 1119 igitur
1821 1084 1912 1120 atque

1130 1127 1309 1160 huiusmodi
1321 1122 1401 1170 intra
1430 1131 1605 1169 Aegyptum
1624 1129 1837 1169 deprehensos
1859 1139 1913 1169 per

1130 1178 1278 1209 comitem
1309 1179 1441 1210 Orientis
1473 1180 1540 1210 erui
1570 1188 1586 1210 e
1618 1179 1744 1210 latebris
1775 1179 1914 1211 consulta

1130 1228 1353 1268 praeceptione
1380 1229 1604 1267 mandavimus,
1633 1233 1727 1269 atque
1755 1231 1793 1261 ad
1810 1231 1913 1262 munia

1129 1277 1300 1317 patriarum
1320 1279 1479 1310 subeunda
1497 1279 1646 1316 revocari,
1664 1283 1716 1310 aut
1730 1289 1787 1320 pro
1806 1283 1913 1311 tenore

1131 1332 1255 1358 nostrae
1274 1329 1444 1359 sanationis
1464 1328 1660 1360 familiarium
1679 1338 1783 1360 rerum
1809 1338 1914 1361 carere

1130 1377 1307 1415 inlecebris,
1326 1388 1402 1418 quas
1415 1388 1472 1419 per
1485 1388 1540 1410 eos
1559 1380 1737 1411 censuimus
1758 1380 1915 1411 vindican-

1131 1427 1196 1464 das,
1218 1429 1272 1467 qui
1297 1429 1491 1468 publicarum
1515 1433 1618 1460 essent
1642 1430 1772 1461 subituri
1786 1439 1915 1461 munera

1130 1477 1338 1509 functionum.
1376 1489 1432 1519 pp.
1465 1481 1592 1519 Byritho
1632 1480 1761 1511 Kalend.
1791 1481 1912 1511 Ianuar.

1130 1528 1346 1560 Valentiniano
1361 1534 1392 1560 et
1406 1529 1533 1561 Valente
1557 1533 1616 1561 AA.
1635 1532 1718 1561 Coss.
1747 1531 1799 1570 (7).
1818 1542 1833 1559 »
1849 1532 1915 1568 Quo

290 1583 380 1614 ribus
393 1583 432 1614 ad
448 1582 632 1622 tranquillos
646 1585 755 1622 pertus
765 1581 973 1622 appulerat—
987 1582 1081 1612 miser
1094 1583 1115 1613 C
1131 1578 1224 1617 igitur
1248 1579 1281 1609 in
1309 1579 1435 1610 decreto
1451 1589 1515 1610 non
1539 1584 1669 1620 propter
1696 1581 1799 1618 vitam,
1822 1590 1914 1620 quam

291 1634 352 1665 iste
376 1636 407 1664 et
424 1633 655 1665 infelicissimus
672 1633 808 1670 [Lucius]
828 1633 996 1664 insectatus
1020 1638 1076 1671 est,

292 1691 331 1714 ac
349 1682 524 1713 divinorum
551 1682 677 1713 illorum
697 1686 842 1712 coetuum
863 1683 973 1719 duces,
994 1683 1078 1714 cele-

1129 1629 1268 1668 degunt,
1292 1630 1527 1668 monachicam,
1551 1640 1659 1662 verum
1687 1632 1760 1671 quia
1785 1640 1916 1663 munera

1129 1679 1229 1711 civilia
1248 1684 1279 1711 et
1303 1680 1430 1712 curialia
1455 1682 1593 1719 effugere
1619 1681 1698 1712 velle
1717 1682 1914 1722 putabantur.

294 1735 383 1766 brem
408 1732 497 1763 illum
520 1731 703 1768 Macarium,
728 1736 759 1762 et
785 1731 915 1761 alterum
940 1732 1079 1762 eiusdem
1129 1735 1298 1762 sectatores
1318 1732 1458 1770 ignaviae
1473 1732 1628 1763 dicuntur.
1648 1732 1745 1763 Simili
1765 1741 1803 1763 ex
1824 1741 1917 1764 causa

292 1783 442 1820 nominis,
461 1791 518 1813 nec
532 1791 596 1812 non
614 1781 768 1812 Isidorum
783 1781 924 1820 aliosque
948 1782 987 1812 de
1009 1791 1080 1821 spe—
1128 1780 1178 1811 alii
1191 1789 1316 1820 quoque
1337 1773 1552 1821 imperatores,
1566 1782 1649 1813 inter
1672 1791 1750 1822 quos
1769 1783 1917 1814 Constan-

294 1834 397 1866 luncis
422 1833 572 1865 abductos
597 1833 630 1863 in
650 1832 784 1863 insulam
810 1832 967 1872 quandam
995 1833 1078 1863 rele-
1129 1831 1224 1868 tinus,
1239 1832 1371 1863 curiales
1381 1833 1559 1863 sacerdotes
1583 1833 1649 1863 ﬁeri
1673 1836 1834 1863 vetuerant
1859 1832 1915 1871 (8).

296 1884 393 1923 gavit,
425 1891 506 1923 quae
534 1883 573 1914 ab
598 1883 703 1922 impiis
735 1882 914 1914 hominibus
943 1883 1079 1914 habitata

295 1935 418 1966 nullum
430 1943 569 1974 unquam
583 1933 707 1974 pietatis
722 1934 903 1973 magistrum
916 1933 1077 1965 habuerat.

296 1984 435 2023 Cumque
456 1983 575 2014 insulae
594 1991 668 2013 orae
691 1983 973 2022 appropinquasset
990 1982 1077 2013 navi-

296 2034 393 2072 gium,
409 2033 560 2069 daemon,
582 2032 636 2072 qui
658 2032 701 2062 ibi
724 2032 894 2069 colebatur,
917 2041 1080 2063 consecra-

295 2087 362 2113 tum
395 2083 453 2112 sibi
478 2082 626 2113 deserens
653 2082 872 2123 simulacrum,
890 2082 975 2121 quod
1003 2082 1080 2112 anti-

297 2141 395 2172 quum
418 2131 485 2162 eius
506 2131 607 2162 fuerat
630 2131 837 2167 domicilium,
863 2131 955 2162 ﬁliam
979 2140 1080 2162 sacer-

296 2182 379 2214 dotis
406 2182 443 2212 ad
474 2182 624 2212 insaniam
640 2181 804 2212 concitavit
823 2185 854 2211 et
879 2181 1079 2211 fur’ibundam

1129 1882 1238 1920 Neque
1252 1890 1326 1913 vero
1351 1882 1390 1912 de
1408 1883 1518 1922 quovis
1540 1883 1707 1919 monacho,
1731 1892 1834 1923 neque
1855 1892 1915 1914 no-

1128 1930 1268 1961 minatim
1285 1931 1324 1962 de
1342 1940 1473 1962 munere
1489 1932 1613 1963 militari
1628 1932 1677 1963 lex
1690 1931 1744 1963 illa
1762 1932 1914 1971 loquitur,

1127 1981 1184 2012 sed
1207 1982 1246 2012 de
1273 1982 1467 2019 hominibus,
1496 1983 1549 2022 qui
1584 1983 1712 2014 desertis
1736 1983 1917 2014 muneribus

1126 2031 1275 2070 publicis,
1289 2034 1388 2072 specie
1409 2033 1572 2073 religionis
1591 2042 1662 2064 cum
1682 2033 1844 2064 monachis
1858 2034 1915 2065 de-

1129 2085 1221 2119 gunt;
1234 2089 1288 2112 eos
1304 2082 1387 2112 enim
1401 2086 1454 2113 aut
1472 2083 1511 2113 ad
1526 2084 1631 2114 munia
1643 2083 1759 2123 patriae
1770 2084 1917 2115 obeunda

1130 2131 1255 2168 retrahi,
1272 2135 1325 2162 aut
1335 2141 1369 2162 re
1383 2132 1527 2164 familiari
1548 2134 1675 2173 spoliari
1693 2134 1792 2164 iussit.
1816 2135 1919 2171 Quan-

1130 2189 1224 2220 quam
1258 2181 1402 2213 inimicos
1430 2183 1654 2214 catholicorum
1682 2183 1752 2222 lege
1785 2185 1919 2224 turpiter

296 2229 336 2262 ad
350 2229 423 2260 litus
438 2229 576 2266 deduxit,
593 2238 656 2269 quo
675 2229 776 2260 navim
798 2229 932 2268 remiges
946 2229 1078 2269 appulc-
1096 2256 1117 2282 Β
1131 2231 1216 2261 abuti
1241 2231 1332 2262 facile
1365 2234 1522 2272 potuisse.
1549 2242 1642 2265 nemo
1669 2243 1733 2265 non
1759 2234 1915 2273 intelligit.

296 2284 366 2311 rant
389 2280 443 2320 (4).
459 2290 474 2308 ››
503 2280 626 2315 Cetera,
658 2287 739 2318 quae
763 2282 945 2317 sequuntur,
973 2279 1012 2309 ad
1035 2279 1077 2316 id,

296 2330 382 2370 quod
397 2338 415 2361 e
438 2329 551 2361 Ruﬁno
573 2329 748 2363 didicimus,
764 2328 857 2368 plane
875 2328 1017 2359 redeunt.
1044 2331 1079 2360 In

297 2381 359 2411 ﬁne
369 2380 596 2411 Theodoretus:
608 2379 740 2414 «Haec,»
752 2378 864 2418 inquit,
873 2390 886 2406 α
895 2378 948 2409 ubi
958 2379 990 2409 in
1001 2378 1078 2409 urbe

295 2430 510 2465 innotuerunt,
540 2427 681 2458 omnium
705 2427 788 2458 illico
811 2427 911 2458 factus
934 2432 980 2458 est
1003 2436 1078 2459 con-

296 2489 406 2512 cursus
420 2479 548 2510 Lucium
561 2477 790 2516 obiurgantium
805 2480 834 2508 et
856 2478 958 2509 divina
980 2487 1014 2509 se
1031 2478 1078 2509 ira

297 2530 480 2570 plectendos
490 2529 670 2565 dicentium,
683 2527 741 2558 nisi
757 2528 878 2559 divinus
891 2528 942 2559 ille
956 2532 1079 2560 sancto-

333 2629 371 2664 (I)
392 2627 460 2655 Ibid.
475 2637 502 2663 p.
517 2627 579 2654 662.

332 2675 371 2710 (2)
387 2674 455 2702 Ibid.
471 2683 497 2709 p.
511 2674 563 2701 663
578 2675 605 2702 in
623 2674 687 2702 ﬁne.

331 2721 371 2756 (3)
386 2721 498 2748 Exstant
513 2721 539 2748 in
554 2722 716 2749 'I‘heoonret.
733 2719 800 2748 Hist.
816 2720 889 2747 Eccl.
905 2720 952 2746 lib.
965 2719 998 2746 IV
1012 2729 1071 2756 cap.

299 2766 342 2798 Ii),
357 2765 425 2800 Opp.
440 2766 482 2793 ed.
501 2766 623 2794 boessclt
641 2768 672 2795 T.
688 2766 718 2792 Ill
738 2775 764 2801 p.
781 2766 834 2794 987
848 2775 908 2801 sqq.

332 2812 370 2847 (ὁ)
389 2813 550 2840 Theodoret.
569 2813 637 2840 IIist.
658 2813 731 2840 l‘lccl.
748 2813 795 2840 lib.
811 2811 846 2838 IV
863 2821 925 2848 cap.
948 2814 979 2841 I8
993 2813 1037 2840 ed.
1057 2813 1073 2839 I.

300 2865 325 2892 p.
343 2858 395 2885 985
410 2866 451 2893 sq.

292 2932 295 2940 ν
333 2905 372 2941 (5)
392 2904 422 2932 L.
437 2904 456 2932 I.
473 2913 499 2940 p.
514 2903 567 2933 986
584 2912 625 2939 sq.

1132 2281 1266 2321 Prosper
1292 2282 1419 2321 quidem
1441 2284 1611 2323 Aquitanus
1632 2285 1733 2324 legem
1752 2294 1770 2316 a
1789 2285 1917 2317 Valente

1133 2330 1233 2362 datam
1250 2340 1318 2362 esse
1331 2333 1474 2364 tradidit:
1494 2346 1508 2361 «
1525 2338 1560 2364 ut
1580 2335 1725 2366 monachi
1737 2335 1916 2373 militarent,

1132 2381 1275 2412 nolentes
1290 2382 1423 2413 fustibus
1436 2389 1621 2415 necarentur
1632 2385 1684 2425 (9).
1704 2397 1718 2414 »
1736 2389 1814 2424 176
1827 2388 1918 2422 Quod

1131 2432 1258 2470 quidem
1286 2437 1343 2464 et51
1367 2433 1436 2472 lege
1460 2443 1524 2465 non
1543 2436 1745 2476 exprimitur,
1772 2445 1919 2476 magnam

1130 2485 1213 2512 certe
1226 2483 1446 2522 crudelemque
1458 2485 1554 2516 fuisse
1573 2487 1796 2518 monachorum
1812 2497 1919 2527 perse-

1132 2532 1302 2570 cutionem,
1318 2543 1335 2565 a
1349 2535 1477 2566 Valente
1491 2537 1664 2574 excitatam,
1681 2546 1698 2568 e
1719 2538 1750 2567 S.
1778 2538 1916 2578 Chryso-

1167 2630 1205 2665 (6)
1228 2630 1306 2658 Socr.
1323 2631 1394 2660 Hist.
1410 2632 1483 2661 Eccl.
1496 2635 1544 2663 lib.
1556 2634 1590 2661 IV
1601 2643 1660 2671 cap.
1672 2636 1708 2664 ει
1717 2637 1761 2664 ed.
1779 2637 1797 2664 I.
1812 2645 1836 2672 p.
1849 2630 1915 2664 23's.

1166 2677 1205 2711 (Ἰ)
1224 2677 1291 2704 Cod.
1306 2677 1443 2708 Theodos.
1460 2680 1517 2713 XII,
1532 2681 1556 2712 I.
1572 2682 1615 2710 65.

1166 2723 1203 2758 (8)
1222 2723 1421 2753 Constantinus
1444 2726 1511 2754 Cod.
1536 2726 1673 2756 Theodos.
1693 2728 1768 2761 XVI,
1783 2729 1815 2758 2.
1832 2729 1858 2756 5.
1880 2729 1916 2759 6;

1131 2768 1337 2797 Valentinianus
1355 2771 1422 2798 ibid.
1439 2771 1511 2803 XVI,
1528 2772 1556 2804 2,
1573 2774 1615 2801 I7.

1164 2816 1201 2849 (9)
1222 2815 1315 2851 Prosp.
1337 2817 1470 2852 Aquitan.
1492 2819 1594 2846 Chron.
1614 2820 1712 2855 integr.
1732 2820 1762 2847 Ρ,
1788 2819 1808 2852 I,
1825 2820 1918 2856 Μίεηο

1130 2860 1230 2889 Patrol.
1250 2862 1281 2889 Τ.
1299 2862 1329 2889 LI
1348 2871 1374 2898 p.
1395 2864 1456 2890 555.
