2061 3150
153 165 205 193 163

907 168 1024 197 VITAE.

1726 171 1775 199 166

155 225 248 256 stomi
268 224 355 255 libris
365 223 513 255 adversus
527 229 756 265 oppugnatores
774 226 857 256 vitae
878 234 946 256 mo-
962 231 983 259 Α
998 216 1126 255 millima
1133 232 1179 261 ea,
1190 232 1269 264 quae
1277 224 1315 255 de
1326 225 1490 256 virtutibus
1499 225 1702 256 Macariorum
1714 229 1781 260 nu-

155 275 304 307 nachicae
321 274 362 313 (1)
378 274 539 305 discimus.

196 325 302 354 Restat
328 326 362 353 ut
392 323 596 353 Macariorum
621 323 830 359 mentionem,
851 331 945 362 quam

158 375 227 405 data
242 373 470 413 persecutionis
484 373 572 404 istius
592 374 764 404 narrandae
780 373 944 404 occasione

158 424 287 455 Ruﬁnus
306 422 395 459 fecit,
423 422 559 453 breviter
580 422 631 454 hic
652 423 888 461 subiungamus.
914 424 945 453 Is

158 473 249 508 enim,
265 481 363 512 quum
378 475 557 511 temporum
575 471 700 502 illorum
719 471 878 502 historiam
893 472 946 503 de-

156 522 348 561 scripsisset:
366 533 380 549 a
411 521 565 557 Florebat,
581 533 594 548 »
609 521 722 561 inquit,
737 522 857 560 «igitur
889 524 946 553 Ae-

128 566 130 569 ’
157 577 270 613 gyptus
290 581 327 603 ea
345 573 531 611 tempestate
558 580 622 601 non
640 571 741 602 solum
761 572 888 602 eruditis
911 572 944 603 in

156 624 325 655 christiana
339 622 539 662 philosophia
552 622 635 658 viris,
653 631 758 653 verum
775 623 866 653 etiam
883 622 942 660 his,

157 675 210 715 qui
222 683 279 714 per
287 677 403 704 vastam
419 681 556 703 eremum
568 677 802 703 commanentes
816 673 903 712 signa
914 676 944 703 et

156 724 300 764 prodigia
315 722 490 762 Apostolica
506 722 702 762 simplicitate
724 723 803 753 vitae
823 726 852 753 et
871 731 943 754 cor-

159 774 207 805 dis
229 774 403 804 sinceritate
419 773 582 803 faciebant.
606 774 647 803 Ex
669 774 782 813 quibus
806 773 941 809 interim,

160 833 241 865 quos
258 825 320 864 ipsi
333 824 475 862 vidimus,
487 827 518 854 et
528 833 662 864 quorum
682 824 826 855 benedici
842 824 942 854 mani-

160 877 220 907 bus
234 876 415 911 meruimus,
432 874 463 904 hi
478 878 549 904 sunt
562 884 568 904 :
579 874 729 905 Macarius
740 874 778 905 de
790 874 943 913 superiori

162 935 280 963 eremo,
296 926 373 956 alius
386 926 536 956 Macarius
547 925 584 955 de
596 924 747 961 inferiori,
759 924 895 954 Isidorus
911 923 943 953 in

162 975 256 1015 Scyti,
277 975 410 1005 Pambus
433 974 466 1004 in
482 973 616 1009 Cellulis,
637 973 759 1011 Moyses
779 975 809 1002 et
832 972 943 1002 Benia-

161 1026 226 1056 min
248 1026 279 1055 in
297 1025 404 1061 Nitria,
438 1024 570 1064 Scyrion
587 1026 618 1053 et
651 1022 755 1053 Helias
779 1025 809 1052 et
832 1022 945 1052 Paulus

161 1078 194 1107 in
215 1076 365 1116 Apeliote,
391 1074 469 1105 alius
488 1075 601 1105 Paulus
623 1074 657 1104 in
680 1075 780 1112 Focis,
807 1076 944 1105 Poemen

162 1130 192 1156 et
213 1124 327 1165 Ioseph
348 1125 380 1154 in
400 1124 523 1163 Pispiri,
544 1124 598 1163 qui
620 1123 835 1163 appellabatur
854 1131 945 1153 mons

161 1176 364 1208 Antonii.Sed
379 1178 410 1206 et
422 1175 500 1206 alios
515 1175 715 1214 quamplures
730 1173 945 1204 huiuscemodi

161 1229 244 1258 viros
257 1227 290 1257 in
305 1226 435 1265 Aegypti
454 1225 592 1265 partibus
606 1225 757 1260 habitare,
767 1224 850 1254 ﬁdeli
863 1232 947 1254 com-

162 1279 301 1319 perimus
321 1277 427 1307 auditu
442 1276 495 1316 (2).
515 1287 529 1303 »
548 1277 632 1306 Inter
653 1277 827 1314 Aegyptum
851 1282 946 1313 supe-

163 1329 277 1359 riorem
290 1331 320 1358 et
330 1327 510 1357 inferiorem
522 1326 548 1356 si
559 1325 768 1364 distinguitur,
778 1324 947 1364 superioris

164 1379 261 1410 eremi
285 1377 451 1408 Macarium
474 1376 661 1415 Aegyptium
684 1375 782 1406 Scetis
799 1374 946 1410 incolam,

162 1430 321 1461 inferioris
336 1427 577 1459 Alexandrinum
591 1426 776 1457 Cellularum
789 1426 949 1466 presbyte-

165 1490 233 1513 rum
246 1481 342 1521 i'qisse
357 1478 553 1510 crediderim.

206 1533 220 1568 §
240 1530 288 1560 43.
306 1525 949 1565 Socratis,Sozomeni,Suidae,Nicephori

997 274 1078 304 ﬁnus
1088 274 1120 304 in
1132 274 1369 305 Continuationc
1382 275 1536 306 Historiae
1546 275 1779 307 Ecclesiasticae

995 323 1121 354 Eusebii
1141 323 1306 363 scripserat
1335 323 1389 364 (6),
1419 324 1557 355 alludere
1586 325 1780 356 videntur.E

994 373 1133 404 fontibus
1141 373 1451 413 deniqueincognitis
1459 375 1600 405 Socrates
1615 375 1691 406 haec
1702 384 1781 407 nova

995 423 1122 454 adiecit:
1133 436 1146 452 «
1157 424 1226 455 Erat
1233 433 1326 464 porro
1339 425 1498 461 [Macarius
1506 425 1685 465 Aegyptius]
1694 435 1781 457 reve—

995 475 1112 505 rendus
1131 474 1246 514 pariter
1263 483 1298 505 ac
1316 483 1442 505 severus
1462 475 1496 505 in
1510 475 1591 511 illos,
1608 476 1662 515 qui
1678 476 1782 515 ipsum

995 524 1132 554 adibant.
1159 524 1308 555 Macarius
1339 533 1412 555 vero
1441 524 1677 563 Alexandrinus,
1709 535 1779 557 cum

995 582 1221 613 usquequaque
1241 574 1348 605 similis
1368 578 1448 605 esset
1470 576 1634 614 Aegyptio,
1657 585 1695 606 eo
1715 580 1783 606 tan-

995 626 1061 653 tum
1073 623 1277 663 discrepabat,
1288 624 1373 663 quod
1387 624 1494 655 hilaris
1504 625 1562 655 fuit
1575 634 1647 664 erga
1662 634 1716 656 eos
1727 627 1782 666 qui

995 673 1033 703 ad
1045 673 1145 712 ipsum
1158 677 1362 710 accesserant,
1371 678 1401 704 ct
1411 675 1584 705 urbanitate
1594 675 1726 714 quadam
1736 676 1783 706 iu-

995 724 1100 754 niores
1110 724 1147 754 ad
1157 724 1350 763 disciplinam
1361 724 1575 755 monachicam
1587 725 1692 756 allexit
1702 726 1755 765 (7).
1767 739 1780 754 ››

995 775 1100 804 Cetera
1118 774 1221 813 igitur,
1237 783 1274 804 ex
1295 774 1423 812 Evagrio
1439 775 1636 814 deprompta,
1650 776 1689 806 ad
1706 776 1782 807 duas

994 823 1116 854 Macarii
1128 824 1269 863 Aegyptii
1280 824 1422 854 historias
1432 824 1470 854 de
1477 833 1580 861 causa,
1588 835 1643 856 cur
1652 826 1781 857 iniuria—

995 883 1063 904 rum
1087 875 1125 905 ab
1152 874 1332 904 hominibus
1354 873 1541 904 inilictarum
1567 875 1783 906 recordatione

995 924 1164 954 memoriae
1186 924 1247 954 vim
1271 933 1520 963 corrumpamus,
1541 933 1559 955 a
1578 924 1783 956 daemonibus

995 982 1068 1004 vero
1078 977 1275 1014 acceptarum
1286 974 1515 1004 reminiscendo
1531 983 1594 1004 non
1610 973 1781 1011 laedamus,

996 1027 1026 1054 et
1038 1024 1076 1054 de
1086 1024 1281 1060 abstinentia,
1292 1033 1353 1063 qua
1364 1024 1525 1063 Evagrium
1537 1024 1586 1054 siti
1596 1033 1783 1063 oppressum

996 1075 1104 1105 umbra
1114 1078 1293 1105 contentum
1302 1083 1369 1105 esse
1379 1075 1517 1112 iusserat,
1527 1075 1657 1105 redeunt
1665 1074 1718 1115 (8).
1728 1075 1784 1106 So-

997 1134 1145 1156 zomenus
1160 1125 1198 1155 de
1213 1125 1351 1158 Macariis
1367 1134 1465 1165 pauca
1479 1125 1584 1155 retulit
1599 1134 1636 1155 ex
1651 1125 1785 1157 Historia

996 1176 1153 1212 Lausiaca,
1164 1175 1223 1206 hoc
1234 1180 1336 1206 tamen
1349 1175 1520 1215 praemisso
1537 1175 1666 1206 exordio
1680 1185 1686 1205 :
1700 1188 1713 1203 «
1726 1176 1782 1206 Or-

998 1226 1064 1256 diar
1076 1230 1178 1256 autem
1195 1226 1233 1256 ab
1247 1228 1399 1265 Aegypto,
1414 1228 1444 1255 et
1460 1233 1477 1255 a
1494 1225 1616 1255 duobus
1633 1225 1783 1262 Macariis,

998 1275 1207 1306 celeberrimis
1214 1274 1396 1311 rectoribus,
1404 1274 1457 1313 qui
1465 1273 1496 1303 in
1502 1274 1591 1304 Sccte
1600 1273 1668 1303 etin
1678 1278 1785 1304 monte

999 1326 1134 1364 regionis
1148 1325 1230 1355 illius
1244 1325 1456 1365 praefuerunt.
1468 1325 1605 1360 Quorum
1620 1322 1698 1354 alter
1712 1324 1784 1363 qui-

999 1376 1070 1407 dem
1083 1376 1250 1416 Aegyptius
1261 1375 1414 1412 fuit,alter
1426 1379 1562 1410 πολιτικός
1583 1374 1604 1404 i.
1618 1383 1646 1405 e.
1658 1374 1786 1405 urbicus

999 1426 1169 1457 dicebatur.
1178 1427 1248 1456 Erat
1259 1426 1340 1457 enim
1353 1425 1505 1456 oriundus
1516 1433 1554 1455 ex
1570 1424 1647 1455 urbe
1657 1424 1787 1454 Alexan-

1000 1475 1076 1505 dria.
1094 1476 1156 1506 Nec
1169 1484 1234 1506 non
1248 1478 1380 1514 uterque
1394 1474 1434 1505 ob
1449 1474 1584 1504 divinam
1605 1473 1785 1512 praescieri-

999 1526 1072 1556 tiam
1093 1534 1129 1556 ac
1149 1524 1381 1565 philosophiam
1400 1523 1590 1554 admirabilis
1608 1526 1638 1552 et
1657 1522 1786 1553 daemo-

166 1580 290 1616 Callisti,
315 1578 511 1617 aliorumque
540 1586 643 1608 rerum
671 1575 984 1607 ecclesiasticarumC
1002 1576 1093 1607 nibus
1122 1574 1327 1606 formidabilis
1357 1573 1452 1604 multa
1477 1573 1624 1604 miracula
1647 1576 1677 1604 et
1695 1582 1786 1604 cura-

167 1630 364 1670 scriptorum,
380 1628 434 1668 qui
456 1636 520 1658 non
534 1631 596 1658 tam
619 1635 676 1658 suo
701 1628 807 1662 Marte,
823 1635 917 1665 quam
932 1634 950 1656 e

167 1680 307 1711 fontibus
324 1679 385 1709 illis
404 1677 569 1717 primariis,
589 1686 668 1716 quos
690 1676 853 1715 hucusque
876 1684 950 1706 exa-

168 1733 363 1769 minavimus,
375 1732 414 1762 de
428 1730 567 1761 Macariis
581 1730 717 1765 tradunt,
730 1730 817 1760 locos
831 1728 953 1759 relatio-

168 1793 288 1824 nesque
309 1784 445 1821 integras
468 1781 500 1812 in
523 1781 661 1811 mediiim
683 1779 824 1820 proferre
845 1787 953 1818 super-

169 1837 266 1867 ﬂuum
281 1844 349 1866 esse
364 1837 454 1865 antea
468 1832 606 1864 arbitrati
619 1840 726 1862 sumus
741 1829 795 1870 (3).
812 1832 953 1859 Attamen

170 1896 226 1918 eos
240 1885 374 1917 breviter
388 1891 552 1915 recensere
567 1891 583 1912 a
598 1890 632 1912 re
650 1881 788 1911 alienum
803 1888 867 1910 non
884 1879 951 1910 erit.

169 1939 207 1969 Et
230 1937 363 1968 Socratis
387 1935 514 1975 quidem
535 1936 598 1964 tota
620 1932 659 1962 de
683 1930 823 1961 Macariis
845 1929 954 1961 relatio

171 1988 259 2020 libris
280 1986 400 2025 Evagrii
421 1985 576 2020 innititur,
592 1981 729 2022 exceptis
751 1980 859 2021 paucis
882 1980 952 2020 qui-

171 2039 304 2070 busdam
326 2035 497 2068 sententiis.
521 2035 544 2065 E
568 2041 699 2073 quarum
726 2039 858 2062 numero
884 2033 956 2061 sunt

171 2090 235 2126 illa,
246 2097 325 2129 quae
337 2095 430 2127 supra
441 2086 479 2117 ad
491 2085 605 2115 librum
616 2082 788 2114 secundum
799 2080 955 2121 respicere

173 2140 335 2171 docuimus
348 2137 400 2177 (4);
414 2136 491 2171 1'77
503 2135 557 2166 sed
572 2134 690 2169 ultima,
702 2141 783 2172 quae
799 2140 816 2162 e
830 2133 955 2162 Socrate

173 2189 217 2220 ibi
230 2187 398 2223 attulimus,
411 2186 504 2216 verba
518 2184 595 2214 haec
608 2192 613 2213 :
628 2194 642 2211 ε
658 2182 828 2221 Aegyptius
843 2182 955 2219 [Maca-

1001 1626 1103 1656 tiones
1127 1626 1295 1665 stupendas
1319 1624 1448 1664 perfecit
1473 1624 1525 1664 (Ο).
1541 1637 1554 1651 n
1578 1624 1656 1654 Illud
1682 1624 1786 1661 etiam,

1002 1676 1087 1716 quod
1103 1685 1196 1715 supra
1217 1675 1407 1711 monuimus,
1424 1676 1615 1704 Sozomenus
1632 1674 1717 1704 solus
1730 1682 1788 1705 nos

1002 1726 1122 1760 edocet,
1136 1725 1300 1756 Macarium
1317 1724 1558 1754 Alexandrinum
1574 1726 1684 1759 serius,
1694 1732 1788 1762 quam

1002 1775 1200 1815 Aegyptium,
1213 1774 1429 1813 presbyterum
1444 1772 1635 1803 factumesse
1647 1772 1719 1812 (10).
1736 1773 1790 1803 Ce-

1002 1831 1103 1858 terum
1112 1826 1289 1856 exHistoria
1298 1824 1443 1854 Lausiaea
1457 1823 1570 1853 famam
1583 1823 1621 1853 de
1633 1826 1756 1854 mortuo
1771 1832 1789 1853 a

1003 1876 1136 1907 Macario
1154 1875 1306 1914 Aegyptio
1325 1873 1363 1904 ad
1382 1872 1568 1903 Hieracitam
1583 1871 1789 1903 refellendum

1004 1927 1162 1962 suscitato,
1183 1925 1221 1956 de
1243 1927 1342 1955 aetate
1364 1922 1488 1953 Macarii
1511 1922 1666 1961 Aegyptii,
1683 1926 1715 1952 et
1734 1931 1791 1952 cur

1005 1985 1122 2008 nomen
1143 1979 1356 2015 παιδαριογέρων
1379 1973 1459 2007 178
1477 1972 1506 2002 ei
1526 1972 1660 2002 inditum
1684 1971 1788 2008 fuerit,

1005 2027 1160 2062 historias,
1171 2025 1306 2064 denique
1320 2022 1508 2062 singularem
1524 2022 1647 2052 Macarii
1661 2021 1792 2052 Alexan-

1006 2078 1087 2109 drini
1100 2075 1320 2107 continentiam
1333 2073 1457 2104 tradidit
1469 2071 1541 2111 (11).
1555 2072 1717 2102 Praeterea
1732 2071 1790 2102 So-

1007 2135 1156 2158 zomenus
1178 2125 1344 2156 Macarium
1370 2121 1613 2153 Alexandrinum
1629 2134 1642 2149 «
1659 2122 1792 2153 Cellula-

1008 2188 1076 2209 rum
1105 2177 1323 2218 presbyterum
1344 2186 1356 2201 »
1381 2174 1486 2204 denuo
1514 2172 1629 2210 laudat,
1651 2173 1705 2212 qui
1728 2181 1793 2204 non

176 2238 250 2275 rius]
266 2239 311 2267 tot
325 2234 441 2266 sanavit
455 2241 575 2271 aegros,
586 2235 632 2262 tot
647 2231 792 2261 obsessos
802 2239 819 2260 a
833 2229 958 2261 daemo—
973 2244 994 2272 ο
1008 2238 1053 2265 se,
1069 2228 1123 2259 sed
1148 2225 1294 2265 angelum
1318 2225 1421 2254 Marco
1445 2231 1570 2262 semper
1585 2231 1632 2259 ea,
1651 2235 1663 2250 «
1681 2231 1761 2262 quae
1775 2232 1793 2253 a

175 2288 266 2319 nibus
279 2286 431 2322 liberavit,
446 2288 491 2321 ut,
507 2291 587 2323 quae
601 2291 658 2322 per
674 2281 802 2320 gratiam
817 2280 872 2310 Dei
887 2288 956 2318 ges-

175 2339 264 2374 serit,
282 2339 459 2377 separatum
475 2343 554 2374 opus
568 2332 744 2364 desiderent
760 2330 831 2366 (5),»
857 2330 896 2361 ad
913 2329 955 2360 si-

213 2446 249 2481 (1)
269 2445 307 2472 lo.
328 2441 518 2480 Chrysostomi
542 2439 610 2475 Opp.
631 2440 676 2466 ed.
696 2437 871 2466 Montiaucon
903 2436 934 2464 T.
951 2437 959 2463 l

177 2500 201 2527 p.
219 2492 254 2519 44
270 2498 330 2525 sqq.

214 2536 250 2571 (2)
271 2535 363 2562 Ruﬁn.
385 2533 456 2561 Hist.
477 2531 551 2559 Eccl.
566 2530 613 2557 lib.
630 2529 650 2556 ll
668 2537 728 2564 cap.
744 2529 760 2556 8
777 2528 821 2556 ed.
837 2528 921 2556 Basil.
940 2528 958 2555 I.

179 2589 205 2615 p.
219 2581 287 2612 9.46;
304 2579 395 2606 Ruﬁni
410 2578 480 2613 Opp.
493 2575 537 2604 ed.
553 2574 668 2602 Vallarsi
685 2582 711 2609 p.
723 2573 787 2605 278,
803 2572 892 2608 Migne
906 2572 967 2599 Pa-'

179 2627 241 2654 trol.
259 2626 291 2653 Τ.
306 2624 368 2651 XXI
385 2633 412 2659 p.
427 2623 490 2650 517.

151 2661 159 2703 ἶ
215 2671 253 2705 (5)
275 2669 362 2704 Supra
378 2669 393 2704 ς
412 2669 481 2703 np.
498 2668 544 2694 37.

155 2707 159 2725 ³
214 2717 253 2752 (4)
274 2716 363 2750 Supra
380 2714 393 2750 §
409 2715 444 2742 24
461 2722 486 2749 p.
504 2713 554 2741 111
572 2721 615 2747 sq.

215 2762 254 2797 (5)
274 2761 306 2787 L.
324 2760 344 2787 l.

216 2807 253 2840 (6)
271 2806 316 2833 Cf.
331 2812 412 2839 supra
426 2804 439 2839 §
457 2805 492 2831 27
507 2812 533 2839 p.
552 2803 612 2830 1M.

215 2853 253 2888 (7)
275 2852 353 2879 Socr.
367 2850 437 2877 Hist.
452 2850 527 2878 Eccl.
541 2850 589 2877 lib.
606 2848 639 2876 IV
652 2856 711 2885 cap.
725 2847 760 2873 25
771 2846 815 2873 ed.
829 2846 846 2873 ι.
860 2854 886 2880 p.
898 2845 960 2873 251.

180 2899 225 2929 Cf.
239 2905 323 2935 SUpra
333 2897 357 2930 ᾗ.
373 2896 408 2924 25
422 2904 449 2931 p.
465 2897 509 2924 97.

1010 2277 1170 2309 sacerdote
1201 2274 1343 2306 ﬁdelibus
1371 2272 1410 2303 ad
1442 2272 1536 2302 altare
1570 2271 1713 2311 praeberi
1745 2271 1794 2301 ius

1010 2329 1118 2368 fasque
1136 2329 1182 2357 est
1198 2325 1270 2365 (12),
1284 2336 1298 2351 »
1313 2322 1487 2363 porrexisse
1498 2321 1649 2358 docuerit,
1663 2320 1693 2350 id
1708 2320 1794 2359 quod

1047 2436 1086 2471 (8)
1106 2436 1184 2464 Socr.
1200 2435 1220 2462 l.
1237 2435 1285 2469 l.p.
1300 2434 1353 2461 255
1368 2432 1542 2468 sq.Cl'.supra
1562 2430 1576 2465 §
1594 2431 1629 2457 29
1644 2438 1671 2464 p.
1688 2430 1739 2457 119
1752 2438 1794 2463 sq.

1046 2483 1084 2517 (9)
1105 2482 1213 2509 Sozom.
1236 2479 1307 2507 Hist.
1330 2479 1403 2506 Eccl.
1424 2478 1472 2506 lib.
1489 2477 1522 2504 ΙΙΙ
1538 2485 1599 2511 cap.
1617 2477 1650 2503 M
1667 2476 1711 2504 ed.
1727 2477 1744 2503 l.
1767 2483 1794 2511 p.

1011 2527 1063 2555 515
1080 2535 1121 2562 sq.

1048 2573 1102 2607 (10)
1122 2571 1163 2599 Cl‘.
1183 2570 1332 2606 supra§2l
1351 2578 1378 2605 p.
1394 2569 1429 2596 87
1443 2577 1484 2604 sq.

1048 2618 1104 2653 (11)
1124 2617 1233 2644 Sozom.
1251 2616 1269 2642 l.
1288 2617 1305 2642 Ι.

1049 2664 1104 2699 (t2)
1125 2663 1233 2689 Sozom.
1245 2661 1314 2689 Hist.
1330 2661 1403 2688 Eccl.
1420 2661 1468 2687 lib.
1487 2658 1520 2686 Vl
1538 2666 1598 2694 cap.
1613 2659 1648 2687 29
1668 2659 1712 2686 ed.
1733 2658 1752 2685 l.
1768 2666 1795 2692 p.

1012 2710 1073 2737 681.
1095 2708 1183 2735 Probe
1200 2707 1414 2739 animadvertas,
1432 2707 1612 2733 Sozomenum
1632 2705 1659 2732 h.
1679 2705 1697 2731 l.
1714 2706 1785 2731 inter

1016 2763 1026 2779 ‹
1044 2753 1193 2780 Macarium
1208 2752 1374 2779 Cellularum
1391 2751 1591 2786 presbyterum,
1609 2759 1617 2775 ι
1636 2754 1664 2777 et
1681 2758 1690 2774 a
1708 2749 1795 2776 Maca-

1014 2801 1085 2826 rinm
1104 2809 1113 2823 ι
1129 2799 1172 2826 vel
1187 2808 1196 2824 ι
1216 2797 1363 2824 Macarium
1385 2797 1520 2823 iuniorem
1539 2805 1548 2821 ι
1565 2796 1742 2831 distinguere.
1760 2796 1796 2822 ita

1016 2851 1045 2874 ut
1060 2847 1141 2873 verba
1154 2853 1161 2871 :
1179 2854 1187 2870 ι
1204 2843 1323 2871 Macario
1335 2849 1430 2869 verum
1443 2842 1570 2869 dentatum
1587 2842 1637 2868 fuit
1652 2849 1666 2868 a
1681 2840 1769 2868 Deo...
1786 2850 1796 2866 ι

1019 2900 1072 2920 non
1085 2892 1117 2919 de
1134 2890 1251 2918 Macario
1266 2887 1431 2916 Cellularuin
1447 2887 1617 2922 presbytero,
1630 2887 1676 2914 sed
1691 2887 1723 2913 de
1742 2885 1796 2911 Ma-
