2061 3150
284 195 337 224 167

675 188 726 216 SS.
749 164 980 215 MACARIOREM
1000 181 1159 211 AEGYPTII
1175 181 1219 209 ET
1239 179 1470 209 ALEXANDRINI

1850 177 1903 206 168

283 265 377 297 supra
392 264 409 286 e
423 252 559 285 Palladio
575 247 837 291 percepimus(l).
852 246 942 286 Apud
963 243 1066 297 Theo-
1082 246 1105 274 Α
1118 243 1223 276 biliter
1249 242 1438 283 praedicavit
1462 241 1574 281 iisque,
1599 239 1655 280 qui
1682 239 1716 270 in
1741 239 1904 271 tormentis

281 293 429 339 doretum
450 306 574 344 praeter
598 309 646 338 ea,
666 307 748 340 quae
771 297 946 330 audivimus
960 295 1013 336 (2),
1029 293 1069 325 de

282 355 422 389 Macariis
432 353 546 385 nostris
555 351 634 383 nihil
643 349 759 390 reperi.
773 350 882 388 Neque
899 347 1070 387 quidquam

282 407 365 449 apud
378 404 522 436 Orosium
533 404 571 434 de
581 402 692 433 iisdem
701 399 824 441 uspiam
837 398 965 438 legitur;
976 400 1070 436 atque

283 446 331 494 ea,
352 464 433 496 quae
452 455 487 485 in
510 451 685 484 Cassiodori
707 449 836 481 historia
858 447 1011 488 tripertita
1030 446 1069 476 de

282 506 424 539 Macariis
449 503 604 544 Aegyptio
625 504 656 533 et
676 499 884 531 Alexandrino
903 499 1035 532 exstant,
1052 504 1069 526 e

283 560 410 590 Socrate
426 558 457 587 et
478 553 676 585 Theodoreto
692 551 856 590 desumpta
869 551 941 579 sunt
953 546 1006 587 (3).
1025 546 1071 576 Si-

283 608 399 639 militer
409 602 655 642 Suidasid,quod
662 610 722 632 s.v.
729 600 890 632 Macarius
902 597 1008 629 scribit
1016 596 1068 636 (4),

284 668 302 690 e
318 660 455 693 Socrate,
469 664 505 686 ac
518 653 715 693 Nicephorus
730 650 869 682 Callistus
883 656 964 688 quae
977 646 1071 678 habet

286 710 339 751 (5),
350 717 368 740 e
381 708 555 739 Sozomeno
571 708 601 736 et
614 713 632 735 e
647 704 772 734 Socrate
785 698 1004 740 compilarunt.

322 798 481 831 Fabricius
510 796 544 827 in
580 792 772 825 Bibliotheca
804 791 921 821 Graeca
954 786 1070 828 passim

283 853 432 883 Ioannem
447 846 604 888 quendam
624 841 831 882 Hagioelitam
843 839 891 870 vel
907 837 1069 877 Hagiopo-

283 903 370 934 litam
383 901 405 932 i.
423 909 451 932 e.
472 895 790 936 Hierosolymitanum
806 891 957 927 nominat,
975 895 1070 928 quem

284 952 327 983 ait
351 952 457 981 Leone
484 946 594 978 Allatio
616 947 696 975 teste
723 941 908 973 Encomium
933 937 1071 969 Macarii

284 1000 430 1041 Aegyptii
439 999 473 1030 in
485 995 683 1029 bibliothecis
693 991 785 1024 codd.
798 999 872 1041 mss.
885 988 1071 1020 delitescens

286 1038 463 1085 elaborasse
483 1048 537 1089 (6).
564 1047 657 1078 Cuius
684 1041 829 1084 opusculi
853 1038 916 1071 Leo
944 1038 1072 1069 Allatius

286 1104 358 1135 data
377 1100 543 1133 occasione
561 1097 624 1129 duo
639 1103 732 1136 parva
746 1091 875 1134 protulit
886 1090 1071 1129 fragmenta,

285 1162 385 1186 unum
401 1153 436 1183 in
454 1150 534 1181 libro
553 1156 611 1180 suo
626 1147 665 1178 de
684 1143 878 1186 purgatorio,
891 1141 1022 1172 alterum
1038 1138 1073 1168 in

286 1201 503 1235 dissertatione
519 1200 558 1236 11,
571 1205 665 1238 quam
686 1195 725 1226 de
746 1193 834 1224 libris
855 1188 1074 1222 ecclesiasticis

285 1254 474 1284 Graecorum
487 1247 566 1283 179
573 1244 705 1285 scripsit.
716 1243 805 1274 Prius
815 1241 910 1281 igitur
918 1239 1074 1278 fragmen-

285 1308 351 1334 tum
371 1301 466 1332 latine
488 1297 644 1329 redditum
664 1295 725 1325 hoc
746 1296 812 1324 est:
829 1303 844 1320 (ι
858 1289 1002 1331 Oportuit
1015 1296 1072 1318 au-

286 1358 351 1385 tem
364 1356 395 1383 et
410 1359 482 1382 eum
498 1351 608 1389 utpote
624 1344 782 1376 hominem
798 1348 966 1374 commune
981 1338 1072 1369 debi-

286 1408 354 1435 tum
374 1401 534 1434 exsolvere
555 1401 585 1429 et
603 1398 637 1428 in
656 1395 799 1435 requiem
821 1392 906 1423 illam
928 1390 1072 1422 transire.

288 1451 460 1484 arcessitur
484 1449 568 1480 enim
590 1456 609 1479 a
631 1449 752 1477 rectore
777 1443 919 1475 omnium
945 1441 1010 1472 Deo
1035 1440 1075 1471 ad

288 1505 412 1536 beatam
422 1501 571 1542 quietem,
580 1499 649 1538 ipse
658 1505 729 1527 vere
740 1495 860 1531 beatus,
870 1496 901 1524 et
910 1491 1074 1523 Dominico

289 1555 403 1585 throno
421 1550 546 1587 assistit,
566 1548 606 1580 ad
631 1546 814 1586 angelorum
834 1546 942 1575 coetus
961 1549 1074 1582 prove-

1086 919 1108 948 Β

1120 296 1218 330 erant,
1228 293 1445 329 cessationem,
1455 300 1526 323 cum
1541 299 1598 331 pro
1612 289 1673 321 illis
1685 289 1902 327 funderentur,

1120 344 1356 386 suppeditantes
1369 341 1551 374 monstravit
1563 340 1684 382 (9).»Ex
1695 339 1810 379 quibus
1824 347 1903 370 con-

1119 395 1242 432 ieceris,
1270 393 1449 426 encomium
1460 391 1538 423 illud
1555 391 1731 430 hucusque,
1752 393 1904 430 quantum

1120 446 1226 483 sciam,
1244 445 1396 476 ineditum
1409 443 1468 484 (10)
1489 450 1665 474 sermonem
1681 440 1904 482 panegyricum

1120 504 1200 533 esse,
1213 503 1276 535 quo
1288 494 1439 525 Macarius
1453 492 1622 533 Aegyptius
1635 491 1779 522 laudibus
1791 491 1903 522 effera-

1119 550 1180 577 tur.
1192 547 1256 577 Nec
1269 553 1334 576 non
1346 544 1431 575 idem
1446 543 1624 574 encomium
1639 541 1822 572 Assemanni
1836 540 1903 571 lau-

1120 596 1172 628 dat
1186 597 1220 627 in
1237 594 1437 632 Calendariis,
1448 594 1606 633 vitamque
1621 592 1744 623 Macarii
1762 591 1905 631 Aegyptii

1119 654 1138 677 a
1164 646 1282 677 Ioanne
1314 643 1512 684 Hagiopolita
1541 651 1598 673 seu
1622 640 1905 681 Hierosolymitano

1119 696 1266 736 scriptam
1273 695 1410 736 appellat
1420 693 1446 735 (1
1455 693 1491 734 1).
1504 692 1645 724 Eundem
1657 700 1752 733 porro
1758 692 1906 722 Ioannem

1119 747 1324 787 Hagioelitam
1351 755 1408 777 seu
1433 744 1665 785 Hagiopolitam
1690 743 1753 773 Leo
1778 741 1907 772 Allatius

1120 798 1194 830 alibi
1208 800 1281 839 post
1299 798 1449 828 Ioannem
1469 796 1694 827 Damascenum
1710 793 1752 824 ita
1766 800 1906 824 comme-

1119 851 1232 886 morat,
1247 850 1283 878 ut
1301 855 1366 878 non
1387 845 1487 876 multo
1508 844 1569 875 hoc
1587 843 1687 875 serius
1705 841 1818 873 vixisse
1834 849 1907 873 eum

1120 898 1286 931 verisimile
1293 897 1433 928 videatur
1444 895 1642 936 (12).Rursus
1657 893 1737 930 180
1749 893 1782 924 in
1796 892 1908 924 Leonis

1121 948 1222 980 Allatii
1237 947 1319 979 libro
1336 950 1482 987 Συμμικτά
1497 944 1649 984 inscripto
1663 942 1831 983 Epiphanii
1842 942 1907 972 Ha-

1121 998 1291 1039 giopolitae
1327 997 1501 1029 Enarratio
1526 995 1649 1034 Syriae,
1675 992 1763 1023 urbis
1784 996 1909 1023 sanctae

1121 1054 1151 1081 et
1173 1057 1334 1080 sacrorum
1350 1047 1396 1079 ibi
1416 1047 1553 1078 locorum
1581 1045 1724 1082 habetur,
1743 1043 1799 1074 ubi
1817 1046 1907 1084 post-

1122 1109 1216 1141 quam
1232 1100 1263 1130 S.
1277 1100 1386 1130 Menae
1401 1101 1432 1129 et
1445 1098 1477 1128 S.
1492 1095 1688 1132 Theodorae,
1704 1106 1718 1123 α
1736 1102 1817 1134 quae
1837 1102 1908 1124 mu-

1121 1154 1186 1182 tato
1202 1150 1330 1181 nomine
1341 1148 1423 1180 dicta
1433 1150 1479 1179 est
1491 1145 1674 1178 Theodorus
1685 1148 1715 1176 et
1725 1147 1878 1181 accusata,
1893 1155 1908 1172 ιο

1123 1200 1289 1241 sepulchra
1312 1201 1483 1230 memorata
1506 1200 1589 1234 sunt,
1610 1196 1649 1228 de
1674 1196 1807 1227 Macario
1832 1195 1910 1225 haec

1123 1251 1295 1290 leguntur:
1319 1261 1334 1278 α
1354 1250 1436 1280 Hinc
1460 1248 1499 1279 ad
1522 1247 1684 1278 meridiem
1707 1245 1911 1277 Alexandriae

1123 1311 1179 1333 sex
1201 1301 1323 1332 dierum
1347 1299 1449 1340 spatio
1472 1301 1610 1330 remotus
1633 1299 1680 1327 est
1704 1297 1735 1326 S.
1760 1296 1912 1327 Macarius

1123 1360 1267 1390 magnus,
1283 1349 1338 1390 qui
1360 1348 1505 1389 paradiso
1529 1346 1801 1387 adpropinquavit.
1817 1345 1911 1376 Cuius

1124 1400 1349 1433 monasterium
1366 1399 1494 1430 abbates
1512 1397 1597 1428 mille
1616 1396 1756 1428 continet
1776 1399 1806 1426 et
1825 1395 1911 1426 mille

1124 1451 1268 1488 cellulas;
1290 1453 1336 1481 est
1359 1453 1464 1480 autem
1486 1448 1641 1479 munitum
1662 1447 1760 1478 instar
1781 1446 1910 1478 castelli.

1123 1504 1224 1542 Atque
1244 1509 1263 1531 a
1283 1500 1314 1530 S.
1335 1498 1469 1530 Macario
1495 1497 1611 1528 distant
1634 1496 1755 1527 dierum
1778 1498 1911 1535 quatuor

1125 1551 1237 1582 itinere
1257 1547 1444 1589 repositoria
1463 1547 1586 1577 XXXVI
1605 1546 1742 1586 Iosephi,
1759 1554 1797 1576 ex
1809 1545 1912 1586 iisque

289 1609 358 1636 ctus
373 1603 426 1644 (7).
443 1613 458 1631 »
476 1601 614 1632 Alterum
626 1606 699 1629 vero
712 1596 751 1628 ad
766 1594 902 1644 fabulam
916 1593 954 1644 de
974 1592 1074 1644 capite

1126 1601 1204 1633 locis
1223 1598 1463 1641 praetervehere
1484 1601 1575 1637 potes
1592 1596 1708 1627 Phison
1724 1595 1853 1627 ﬂuvium
1871 1595 1912 1627 ad

289 1640 460 1685 sacerdotis
471 1648 595 1690 gentilis
608 1645 741 1678 Macario
752 1643 904 1684 Aegyptio
915 1642 953 1673 de
964 1640 1076 1681 poenis

289 1701 405 1736 inferni
420 1700 592 1732 disserente
604 1697 644 1737 (8)
658 1695 786 1736 respicit
804 1693 916 1733 hisque
933 1690 1075 1730 concipi-

290 1758 341 1785 tur
351 1751 453 1783 verbis
464 1759 471 1781 :
485 1761 499 1778 α
511 1749 602 1780 Cuius
614 1755 724 1788 preces
734 1748 765 1776 et
774 1743 905 1776 calvaria
915 1741 1076 1773 cuiusdam

292 1802 415 1844 gentilis
429 1799 598 1832 sacerdotis
609 1797 643 1828 in
657 1803 764 1828 eremo
782 1794 923 1835 proiecta
940 1791 1075 1822 admira-

291 1876 367 1904 cario
375 1874 491 1906 iuniore,
505 1872 552 1908 qui
567 1870 726 1899 adolescens
744 1867 854 1896 caedem
863 1863 1073 1894 involuntariam

295 1920 410 1951 fecerat,
425 1918 544 1945 valeant.

327 1965 366 2002 (ι)
388 1964 402 2000 §
422 1963 456 1991 is
474 1971 502 1998 p.
523 1961 568 1988 τι.
591 1959 616 1995 5.
635 1959 671 1987 εδ
689 1967 716 1994 ρ.
739 1957 800 1986 ιοι.

328 2011 366 2046 (2)
388 2011 401 2046 θ
421 2010 455 2036 is
471 2017 499 2044 p.
520 2007 582 2035 ιη.

327 2059 365 2094 (5)
377 2056 562 2090 llist.tripart.
579 2053 626 2080 lib.
638 2052 682 2079 Vll
695 2059 754 2086 cap.
773 2050 799 2078 1.
816 2050 832 2075 7
846 2049 890 2077 ed.
904 2048 989 2075 Basil.
1005 2046 1074 2073 1514

293 2113 321 2140 ρ.
333 2092 398 2131 iss.
415 2102 467 2129 492
484 2102 510 2135 (ε
529 2099 662 2133 Socrate),
674 2098 724 2125 lib.
744 2096 790 2123 vu
807 2103 867 2130 cap.
882 2094 917 2122 39
935 2101 960 2128 p.
977 2093 1030 2120 475
1049 2092 1074 2127 (e

293 2138 476 2178 Theodoreto,
487 2147 528 2174 vel
539 2146 630 2181 potius
639 2152 654 2172 e
664 2143 774 2175 Ruﬁno,
783 2142 883 2178 quippe
893 2147 974 2176 quem
986 2138 1074 2166 Theo-

293 2196 403 2224 doretus
416 2192 567 2229 sequatur).

329 2241 367 2277 (Α)
387 2239 488 2267 Suidae
503 2238 596 2267 Lexic.
613 2237 639 2264 h.
654 2245 680 2264 v.

328 2287 368 2323 (5)
388 2285 502 2322 Niceph.
525 2284 630 2313 Callisti
653 2282 727 2311 Eccl.
748 2279 819 2309 Hist.
839 2279 888 2307 lib.
904 2279 940 2306 lx
960 2286 1021 2313 cap.
1041 2278 1076 2305 ﬂ

294 2335 338 2364 ed.
361 2333 445 2361 Basil.
469 2331 539 2360 1555
561 2338 589 2365 ι).
608 2330 671 2363 ioc,
693 2328 742 2356 lib.
758 2326 794 2354 x1
810 2334 872 2362 cap.
891 2326 925 2353 55
942 2324 1033 2361 p.572
1050 2324 1076 2360 (e

295 2379 469 2414 Sozomeno);
482 2378 531 2405 lib.
545 2375 582 2404 XI
597 2383 657 2411 cap.
673 2375 708 2402 42
722 2383 748 2410 p.
762 2373 815 2402 579
828 2374 853 2408 (e
870 2372 1004 2406 Socrate).

330 2427 368 2463 (6)
389 2425 506 2453 Fabricii
527 2423 595 2451 Bibl.
615 2422 710 2449 Graec.
725 2420 770 2448 ed.
791 2419 911 2447 Harless.
925 2417 1075 2452 Hamburg.

296 2473 373 2502 1801.
389 2471 421 2500 Τ.
436 2470 461 2498 Χ
474 2478 502 2506 p.
516 2469 575 2497 106.
592 2468 654 2495 2⁵11.
673 2466 705 2494 Τ.
720 2466 756 2493 XI
773 2474 799 2502 p.
813 2465 874 2493 657.

330 2518 369 2554 (7)
385 2517 456 2544 Ἔδει
478 2515 507 2542 δὲ
533 2514 579 2541 καὶ
600 2513 693 2540 τοῦτον
720 2512 758 2545 ὡς
779 2512 919 2546 ἄνθρωπον
941 2510 972 2537 τὸ
988 2509 1076 2537 κοινὸν

295 2566 422 2593 ἀποτίσαι
448 2563 537 2599 χρέος,
562 2562 609 2588 καὶ
630 2561 698 2596 πρὸς
722 2560 771 2595 τὴν
799 2558 902 2585 ἐκεῖθεν
927 2557 1076 2593 μεταϐῆναι

295 2611 457 2638 ἀνάπαυσιν.
485 2607 675 2644 μετακαλεῖται
699 2605 773 2640 παρὰ
791 2604 837 2631 τοῦ
860 2604 914 2631 τῶν
928 2604 998 2630 ὅλων
1008 2602 1075 2630 Θεοῦ

294 2657 362 2694 πρὸς
376 2657 424 2691 τὴν
441 2654 577 2691 μακαρίαν
593 2652 679 2688 λῆξιν,
693 2652 707 2678 ὀ
723 2651 805 2682 ὅντως
821 2650 952 2686 μακάριος
972 2649 1019 2675 καὶ
1038 2648 1077 2683 τῷ

294 2701 444 2736 δεσποτικῷ
465 2700 552 2735 Θρόνῳ
579 2696 787 2734 μετακομίζεται
811 2695 931 2731 χορείαις
955 2693 1077 2732 ἀγγέλων

295 2747 568 2784 προπομπευόμενος.
595 2745 694 2772 Leonis
713 2743 806 2771 Allatii
824 2743 858 2770 de
874 2742 1018 2776 utriusque
1028 2739 1076 2768 Ec-

295 2795 395 2823 clesiae
421 2792 598 2821 Occidentalis
620 2796 701 2826 atque
723 2790 866 2817 orientalis
893 2792 1023 2824 perpetua
1049 2788 1075 2815 in

296 2840 422 2875 dogmate
443 2839 478 2866 de
494 2839 653 2874 purgatorio
666 2837 856 2868 consensione,
876 2835 977 2863 Romae
1005 2834 1071 2862 1653

297 2895 323 2923 p.
342 2886 392 2913 754
407 2894 448 2920 sq.

333 2934 371 2969 (8)
392 2933 478 2968 Supra
497 2931 560 2967 §52
574 2939 599 2965 p.
618 2930 676 2957 Ml.

1092 2304 1114 2332 D

1124 1654 1265 1691 pontem,
1290 1648 1345 1688 qui
1377 1647 1548 1679 sustinetur
1578 1645 1736 1684 octoginta
1767 1645 1911 1684 navigiis,

1124 1703 1217 1738 atque
1239 1696 1314 1728 inde
1346 1695 1538 1735 Babylonem
1565 1702 1710 1733 magnam
1740 1693 1912 1725 Pharaonis

1125 1750 1241 1788 regiam
1256 1746 1431 1787 ingrederis
1445 1745 1538 1786 (13).»
1553 1745 1611 1775 Vix
1621 1744 1752 1775 dubium
1765 1747 1821 1782 est,
1833 1744 1911 1784 quin

1125 1800 1164 1831 de
1194 1797 1385 1830 monasterio
1419 1795 1544 1827 Macarii
1574 1794 1719 1835 Aegyptii
1751 1793 1909 1834 loquatur.

1161 1873 1199 1907 (9)
1216 1865 1255 1898 Οὗ
1277 1871 1327 1901 τὰς
1340 1869 1493 1905 προσευχὰς
1503 1868 1551 1896 καὶ
1569 1867 1678 1903 κρανίον
1692 1867 1821 1903 Ἕλληνάς
1838 1874 1910 1898 τινος

1127 1917 1222 1952 ἱερέως
1244 1917 1273 1942 ὲν
1286 1916 1381 1951 ἐρήμῳ
1401 1915 1526 1949 κείμενον
1549 1911 1706 1948 παραδόξως
1730 1909 1910 1947 ἀνεκήρυξεν,

1125 1963 1173 1990 καὶ
1188 1963 1245 1993 τοῖς
1263 1962 1291 1988 ὲν
1301 1962 1357 1992 τοῖς
1370 1960 1496 1996 βασάνοις
1510 1959 1601 1986 ἄνεσιν
1617 1957 1797 1993 χαριζομένας
1812 1956 1911 1982 ἐνέδει-

1126 2009 1186 2041 ξεν,
1215 2009 1279 2035 ὅταν
1296 2007 1367 2042 ὑπὲρ
1388 2005 1478 2033 αὐτῶν
1492 2004 1624 2040 γένοιντο,
1647 2003 1746 2031 Leonis
1761 2002 1851 2029 Allatii
1876 2002 1911 2029 de

1126 2055 1203 2082 libris
1219 2053 1371 2081 ecclesiast.
1381 2050 1547 2078 Graecorum
1562 2049 1671 2077 dissert.
1685 2048 1717 2076 ll.
1731 2048 1823 2076 Paris.
1842 2047 1911 2075 1645⁵

1125 2108 1152 2135 p.
1172 2099 1232 2126 123.

1161 2146 1217 2181 (10)
1232 2143 1374 2171 Fabricius
1390 2150 1475 2170 unum
1491 2145 1597 2169 tantum
1611 2140 1734 2168 codicem
1748 2139 1840 2167 laudat
1850 2138 1910 2166 Na-

1126 2193 1234 2220 nianum
1251 2188 1382 2218 CXXXVI
1401 2187 1450 2216 Nr.
1466 2189 1513 2221 24,
1527 2195 1581 2224 quo
1600 2187 1754 2216 encomium
1776 2184 1848 2214 istud
1871 2184 1909 2212 le-

1126 2239 1209 2272 gitur,
1241 2236 1389 2271 loannique
1427 2234 1593 2270 Hagioelitae
1628 2232 1803 2261 adscribitur.
1837 2230 1908 2258 Bibl.

1129 2283 1230 2311 Graeca
1250 2282 1296 2310 ed.
1315 2281 1437 2310 Harless.
1457 2279 1491 2307 T.
1512 2279 1532 2307 X
1556 2288 1583 2316 p.
1598 2279 1662 2307 271.

1163 2329 1218 2366 (11)
1238 2328 1400 2357 Assemanni
1422 2327 1584 2355 Calendaria
1603 2324 1739 2354 Ecclesiae
1765 2324 1910 2352 universae

1126 2375 1159 2403 Τ.
1175 2375 1208 2402 Vl
1229 2374 1333 2402 Romae
1351 2372 1422 2401 1755
1435 2381 1462 2408 p.
1477 2372 1522 2399 98.

1162 2422 1219 2457 (12)
1239 2421 1330 2453 Libri,
1357 2420 1404 2455 qui
1434 2419 1596 2447 inscribitur
1610 2427 1617 2445 :
1631 2417 1746 2444 Ioannes
1772 2416 1909 2444 Henricus

1126 2468 1302 2504 llottingerus
1317 2466 1422 2494 fraudis
1437 2470 1464 2493 et
1481 2465 1650 2500 imposturae
1668 2462 1830 2490 manifestae
1842 2469 1908 2490 con-

1125 2516 1215 2543 victus
1230 2521 1245 2540 a
1260 2513 1350 2540 Leone
1365 2511 1476 2543 Allatio,
1494 2510 1596 2538 Romae
1611 2508 1678 2536 1661
1696 2516 1722 2543 p.
1740 2508 1801 2535 156.

1161 2560 1218 2596 (15)
1234 2559 1288 2586 Καὶ
1304 2558 1371 2594 πρὸς
1387 2558 1460 2584 νότον
1473 2557 1523 2591 τῆς
1537 2554 1740 2590 Ἀλεξανδρείας
1751 2553 1863 2590 ἡμερῶν
1878 2551 1909 2585 ἐξ

1126 2608 1213 2634 κεῖται
1225 2606 1240 2632 ὸ
1262 2604 1337 2639 ἅγιος
1351 2603 1492 2638 Μακάριος
1506 2603 1520 2629 ὁ
1541 2601 1639 2637 μέγας,
1659 2601 1674 2628 ὀ
1697 2599 1851 2635 πλησιάσας
1863 2598 1908 2625 τὸν

1127 2652 1297 2688 παράδεισον.
1326 2650 1404 2685 Ἐχει
1417 2648 1475 2683 cui
1491 2647 1573 2674 αὐτοῦ
1594 2646 1661 2682 μονὴ
1687 2646 1789 2677 ἀὸάδας
1807 2645 1908 2680 χιλίους

1127 2699 1174 2726 καὶ
1183 2697 1256 2733 χίλια
1275 2695 1378 2723 χελλία.
1401 2694 1474 2721 Ἐστὶ
1490 2693 1518 2720 δὲ
1534 2693 1711 2728 ιδιόκαστρον,
1732 2692 1779 2718 καὶ
1793 2691 1847 2718 ἀπὸ
1860 2690 1908 2717 τοῦ

1127 2744 1204 2778 ἁγίου
1220 2742 1374 2777 Μακαρίου,
1389 2741 1426 2771 ὼς
1441 2740 1495 2766 ἀπὸ
1505 2739 1616 2774 ἡμερῶν
1630 2738 1781 2773 τεσσάρων,
1797 2736 1867 2763 εἰσὶν
1879 2736 1907 2763 αι

1127 2790 1262 2825 ἁωθῆκαι
1284 2787 1330 2816 τοῦ
1353 2787 1450 2822 Ἰωσὴφ
1466 2786 1494 2813 αι
1517 2785 1663 2821 τριάκοντα
1682 2783 1721 2815 ἓξ.
1745 2782 1792 2809 καὶ
1807 2783 1838 2808 ἐκ
1854 2781 1909 2807 τῶν

1127 2838 1216 2864 ἐκεῖσε
1237 2836 1338 2871 περνᾷς
1360 2834 1406 2861 τὸν
1426 2832 1549 2867 ποταμὸν
1570 2831 1616 2858 τὸν
1632 2829 1719 2857 Φισὼν
1734 2829 1774 2860 είς
1786 2827 1910 2862 γέφυραν

1129 2882 1330 2917 βασταζομένην
1344 2881 1395 2907 ὑπὸ
1409 2879 1571 2914 ὁγδοήκοντα
1585 2876 1723 2912 καράϐων.
1741 2874 1788 2901 καὶ
1805 2871 1908 2899 ἐκεῖθεν

1128 2916 1277 2963 εἰσέρχεται
1293 2926 1341 2961 τὴν
1366 2924 1487 2960 μεγάλην
1501 2922 1660 2954 Βαόυλῶνα,
1675 2922 1715 2952 εἰς
1730 2919 1760 2947 τὸ
1775 2916 1909 2954 βασίλειον
