2061 3150
175 154 224 183 169

912 147 1027 176 VITAE.

1741 143 1801 170 ΓΠ)⁴

173 210 340 242 Thcodora
364 218 437 241 vero
464 217 521 239 seu
556 206 882 240 Pseudo-Theodorus
909 205 962 236 ille
976 208 997 236 Α
1013 205 1194 236 monasterii
1214 204 1469 244 frequentantur;
1486 202 1592 241 ibique
1612 201 1704 231 etiam
1730 203 1795 241 epi-

175 259 259 291 haud
287 259 379 291 dubie
408 261 455 290 est
485 256 660 289 Dorotheus
687 255 737 286 vel
771 256 958 296 Apollinaris

177 310 350 350 Syncletica
363 309 461 348 virgo,
473 308 562 340 cuius
575 316 646 338 cum
659 307 792 339 Macario
806 306 959 347 Aegyptio

179 368 378 400 congressum
396 358 600 399 exposuimus
611 357 665 398 (1).

217 449 260 481 Ad
282 448 461 481 Macrizium
480 448 634 486 venimus,
650 448 719 479 Sec.
740 447 793 478 XV
814 447 962 479 historiae

177 501 344 541 Coptomm
369 499 566 540 scriptorem,
586 508 605 530 e
627 502 719 538 gente
743 499 878 530 Arabum
908 498 960 539 (2).

178 549 234 586 Qui
248 549 306 581 etsi
321 549 480 589 praeclare
495 549 629 589 scripsit,
646 549 685 579 de
704 548 844 580 Macariis
858 552 963 580 tamen

176 603 306 640 propter
317 599 472 630 inscitiam
487 598 585 630 multa
598 598 674 629 falsa
684 598 889 629 commiscuit.
903 597 964 628 Sed

177 658 275 689 quum
291 649 371 680 liber
385 649 451 680 eius
464 649 564 680 rarius
578 648 766 685 inveniatur,
783 647 872 679 locus
886 648 966 679 inte-

179 708 235 739 ger
251 700 344 731 nobis
362 699 595 739 depromendus
614 707 683 729 esse
698 698 830 735 videtur,
846 698 901 738 qui
919 698 964 729 la-

179 750 247 781 tino
270 759 416 782 sermone
437 749 488 781 hic
510 752 580 780 est:
603 761 617 777 α
641 749 686 780 Ad
710 749 798 780 WAdi
819 749 932 786 Habib,
950 761 964 778 »

180 799 296 840 inquit,
320 811 334 828 α
351 800 435 841 quod
450 799 569 837 attinet,
585 799 619 831 id
632 799 717 840 quod
732 804 763 830 et
778 799 965 830 Wildi-l-Na-

184 850 255 880 trun
269 849 317 879 vel
336 849 477 889 planities
496 848 622 879 Schihétt
635 848 683 878 vel
698 848 842 888 planities
859 849 968 888 Asquit

182 900 232 930 vel
256 898 520 930 Mizén-el-Coldb
541 898 631 937 (libra
653 899 807 937 cordium]
828 903 967 936 vocatur,

185 949 258 980 olim
274 953 398 980 centum
417 949 461 979 ibi
484 949 673 980 monasteria
692 952 797 980 erecta
816 952 916 986 erant,
931 957 970 979 ex

185 999 296 1038 quibus
314 1002 422 1039 postea
442 1002 563 1038 septem
586 998 787 1029 Occidentem
806 1007 914 1029 versus
931 999 970 1029 ad

184 1047 264 1079 latus
290 1047 431 1087 planitiei
458 1047 639 1086 regionibus
664 1046 847 1079 el-Buheira
871 1050 902 1078 et
924 1046 970 1078 el-

184 1098 302 1138 Fejjum
326 1097 537 1128 interiacentis
561 1097 629 1135 sita,
645 1098 700 1130 ubi
722 1098 826 1138 campi
848 1097 972 1129 arenosi

184 1147 286 1179 solum
309 1147 374 1178 sale
397 1147 538 1188 plenum,
555 1148 621 1187 agri
639 1157 740 1188 aquae
765 1148 857 1187 egeni
879 1156 972 1188 prae-

185 1201 277 1238 rupta
306 1205 379 1229 saxa
406 1198 577 1237 excipiunt,
601 1200 826 1229 remanserunt.
848 1198 974 1229 Incolae

186 1256 300 1288 aquam
328 1248 367 1279 ad
396 1247 568 1279 bibendum
597 1256 614 1278 e
642 1248 744 1288 puteis
775 1247 972 1285 hauriebant,

187 1307 318 1330 munera
371 1299 409 1329 iis
465 1299 745 1338 eleemosynasque
802 1298 975 1329 offerebant

187 1349 361 1380 Christiani.
397 1350 486 1380 Nunc
523 1349 652 1389 quidem
691 1349 832 1380 funditus
873 1349 974 1380 diruta

189 1399 268 1434 181
283 1402 369 1430 sunt.
388 1400 487 1439 Atque
509 1398 672 1430 Christiani
693 1408 799 1430 rerum
818 1402 975 1438 gestarum

188 1448 357 1491 scriptores
388 1447 593 1485 tradiderunt,
625 1456 664 1479 ex
690 1448 752 1479 illis
778 1449 976 1480 monasteriis

189 1499 263 1528 Amr
274 1499 339 1528 Ben
359 1497 464 1528 el-’Asi
478 1497 674 1538 septuaginta
691 1498 788 1529 millia
806 1497 976 1530 monacho-

1009 254 1098 292 stola,
1106 254 1145 285 ab
1156 254 1237 284 ’Amr
1242 253 1351 284 Ben-el
1358 253 1427 283 -’Asi
1439 252 1599 283 monachis
1607 251 1691 282 Wadi
1699 251 1802 281 Hablb»

1009 303 1049 334 de
1082 303 1269 336 collectione
1301 303 1515 341 [decimarum]
1550 301 1584 332 in
1617 300 1798 340 regionibus

1009 353 1114 385 lateris
1142 352 1345 385 occidentalis
1369 352 1485 392 scripta
1501 350 1693 388 reconditur,
1713 349 1799 390 quod

1011 404 1089 435 mihi
1099 404 1226 444 quidam
1236 403 1381 439 narravit,
1396 402 1450 442 qui
1460 402 1499 433 ab
1514 401 1588 437 alio,
1600 401 1689 432 cuius
1699 399 1799 431 oculis

1011 454 1064 486 illa
1078 454 1199 485 obiecta
1212 453 1324 490 fuerat,
1340 455 1515 493 acceperat.
1527 451 1595 482 Abu
1605 451 1707 482 Macer
1726 451 1801 480 natu

1012 504 1113 534 maior
1137 504 1160 534 i.
1185 512 1214 535 e.
1242 503 1391 534 Macarius
1411 502 1506 533 vitam
1524 501 1739 532 monachicam
1761 500 1801 530 ab

1014 552 1147 583 Antonio
1158 552 1275 589 didicit,
1286 552 1340 592 qui
1352 552 1471 592 primus
1484 559 1594 582 eorum
1607 549 1764 581 cucullum
1771 551 1803 578 et

1013 602 1154 634 aschkim
1169 602 1201 633 h.
1219 611 1248 633 e.
1263 601 1423 640 cingulum
1443 609 1460 632 e
1475 600 1562 632 corio
1575 599 1765 634 confectum,
1784 606 1803 628 e

1015 661 1079 693 quo
1104 652 1221 691 efﬁgies
1230 652 1341 682 Christi
1353 650 1438 682 cruci
1452 649 1535 682 afﬁxi
1557 648 1685 690 pendet,
1705 649 1804 686 gesta-

1015 702 1078 739 bat,
1107 702 1185 732 illud
1210 700 1351 740 quidem,
1380 708 1444 740 quo
1469 698 1617 730 monachi
1642 697 1727 736 cingi
1751 705 1804 727 so-

1015 751 1092 782 lent.
1117 750 1285 782 Antonium
1308 749 1437 789 quidem
1460 748 1494 779 in
1518 749 1626 778 monte
1650 744 1804 782 orientali,

1016 801 1070 833 ubi
1082 801 1270 832 coenobium
1280 799 1419 831 el'Araba
1429 801 1487 835 est,
1501 796 1631 833 invenit,
1645 803 1806 836 quumque

985 873 1005 900 B
1017 851 1210 891 aliquantum
1232 850 1384 891 temporis
1400 849 1463 880 illic
1483 847 1695 883 remansisset,
1709 845 1748 876 ab
1769 853 1807 875 eo

1018 905 1104 932 veste
1115 900 1343 932 monachorum
1357 900 1498 936 indutus,
1512 899 1545 930 in
1558 896 1808 930 Wadi-l-Natrun

1019 951 1159 983 habitare
1171 952 1274 983 iussus
1285 955 1343 987 est,
1355 960 1419 990 quo
1435 957 1567 988 magnus
1582 945 1807 978 monachorum

1019 1011 1169 1034 numerus
1187 1003 1226 1034 ad
1244 1002 1514 1042 obtemperantem
1527 997 1688 1030 conﬂuxit.
1714 995 1810 1026 Multa

1019 1057 1124 1085 autem
1159 1060 1259 1092 eaque
1293 1049 1542 1092 praeclarissima
1568 1050 1745 1083 narrantur,
1776 1046 1810 1076 in

1021 1104 1136 1144 quibus
1150 1106 1181 1134 et
1204 1102 1265 1133 hoc
1294 1104 1469 1132 memoratu
1488 1100 1618 1139 dignum
1642 1100 1700 1134 est,
1725 1095 1812 1136 quod

1022 1153 1395 1194 quinquagintaintegros
1403 1151 1470 1183 dies
1476 1150 1620 1181 ieiunans
1627 1157 1685 1180 nec
1692 1148 1796 1179 cibum
1802 1170 1810 1182 ,

1023 1212 1081 1235 nec
1093 1206 1201 1244 potum
1216 1202 1396 1242 sumpserit,
1412 1204 1586 1240 noctesque
1599 1200 1730 1238 insuper
1744 1206 1814 1237 pcr-

1022 1253 1203 1293 vigilaverit.
1227 1253 1392 1283 Praeterea
1417 1251 1591 1292 palmarum
1617 1248 1712 1285 foliis,
1733 1255 1814 1287 quae

1023 1303 1082 1334 sibi
1101 1304 1351 1344 praeparaverat,
1375 1301 1490 1332 victum
1516 1299 1681 1340 quaesivit,
1709 1306 1815 1337 neque

1023 1362 1163 1394 unquam
1185 1355 1345 1384 recentem
1359 1360 1475 1392 panem
1493 1350 1639 1385 comedit,
1656 1347 1710 1380 sed
1725 1347 1816 1379 oleri-

1024 1404 1083 1435 bus
1094 1402 1136 1445 (3)
1151 1411 1234 1443 aqua
1247 1402 1422 1443 palmarum
1432 1400 1515 1431 foliis
1534 1399 1699 1439 superfusa
1714 1397 1814 1439 empl-

1024 1450 1087 1482 litis
1118 1451 1199 1486 182
1223 1451 1294 1491 ipse
1314 1459 1387 1482 cum
1419 1449 1583 1481 monachis
1614 1447 1815 1484 vescebatur,

1026 1501 1178 1541 quamdiu
1209 1501 1363 1537 vivebant,
1388 1499 1455 1531 sine
1480 1498 1567 1531 omni
1592 1497 1815 1529 additamento.

189 1558 258 1580 rum
271 1549 393 1580 obviam
400 1549 533 1585 venisse,
543 1557 678 1588 quorum
690 1549 975 1589 quisquebaculum
990 1547 1010 1575 (ἶ
1027 1553 1084 1584 Hic
1094 1553 1188 1591 igitur
1201 1552 1290 1583 cibus
1314 1560 1424 1583 eorum
1442 1559 1500 1592 per
1516 1553 1616 1581 totum
1644 1549 1725 1580 vitae
1743 1556 1817 1588 spa-

190 1599 340 1639 gestabat.
357 1599 475 1636 Quibus
492 1598 557 1636 ille,
572 1608 670 1638 quum
694 1599 755 1639 ipsi
768 1608 802 1630 se
824 1600 977 1632 subiecis-

190 1651 270 1686 sent,
291 1647 456 1688 epistolam
471 1646 557 1678 dedit
576 1647 735 1687 hodieque
748 1648 833 1688 apud
850 1656 905 1680 eos
930 1656 979 1679 re-

192 1702 324 1739 pertam.
350 1698 397 1728 Ad
418 1697 477 1728 ista
494 1697 588 1736 igitur
607 1698 794 1728 monasteria
816 1701 978 1729 monaste-

191 1749 273 1779 rium
290 1749 337 1778 Bu
350 1747 455 1778 Macer
472 1750 547 1778 natu
560 1747 698 1784 maioris,
713 1755 789 1786 prae
804 1748 916 1779 ceteris
930 1756 979 1779 ce-

192 1798 357 1835 lebratum,
371 1797 518 1837 pertinet,
531 1797 566 1828 in
589 1796 677 1827 cuius
691 1800 863 1837 conspectu
882 1798 978 1829 multa

193 1847 382 1879 monasteria
387 1847 488 1878 diruta
497 1847 650 1878 adiacent.
661 1846 695 1877 Id
703 1846 778 1878 olim
788 1848 978 1880 coenobium

193 1897 420 1930 monachorum
444 1897 513 1934 fuit,
529 1905 588 1927 nec
609 1896 794 1936 patriarcha,
810 1897 931 1929 etiamsi
946 1899 978 1930 in

194 1948 341 1980 cathedra
353 1947 556 1978 Alexandriae
578 1947 710 1987 positus,
727 1947 765 1977 ab
776 1947 815 1979 iis
830 1956 980 1987 agnosce-

195 1998 297 2036 batur,
334 2002 502 2038 antequam
533 1998 574 2036 ei,
612 2001 646 2029 ut
684 1998 797 2029 solium
838 1999 980 2040 ipsorum

197 2049 345 2081 coenobii
366 2052 545 2089 occuparet,
567 2049 793 2089 permisissent.
822 2051 865 2080 Ac
896 2050 981 2081 mille

198 2100 362 2140 quingenti
387 2099 534 2131 monachi
556 2099 716 2139 quondam
751 2099 796 2130 ibi
826 2100 982 2131 habitasse

200 2149 360 2186 dicuntur;
393 2158 478 2180 nunc
499 2149 650 2189 perpauci
674 2151 795 2180 tantum
826 2149 982 2182 incolunt.

199 2199 323 2231 Macarii
337 2203 400 2230 tres
418 2199 660 2238 distinguuntur,
680 2202 755 2229 natu
769 2199 878 2238 maior,
895 2201 984 2232 cuius

199 2250 277 2281 illud
289 2249 347 2281 fuit
357 2249 543 2281 coenobium
549 2273 556 2286 ,
563 2248 738 2280 AbuMacAr
745 2249 989 2288 Alexandrinus,

201 2302 234 2331 et
247 2300 317 2330 Abu
331 2299 432 2330 Macer
447 2299 626 2339 episcopus.
642 2299 780 2334 Quorum
796 2307 868 2330 ossa
885 2301 986 2331 tribus

1026 1603 1104 1633 tium
1117 1602 1188 1640 fuit,
1208 1602 1387 1642 usquedum
1398 1602 1432 1632 in
1451 1601 1583 1642 patriam
1599 1599 1715 1631 reversi
1733 1601 1818 1629 sunt.

1027 1653 1096 1683 Abu
1106 1653 1207 1683 Macer
1221 1651 1448 1683 Alexandrinus
1461 1649 1648 1682 Alexandria
1659 1648 1699 1680 ad
1719 1647 1819 1684 illum,

1029 1711 1124 1742 quem
1133 1701 1278 1738 diximus,
1289 1701 1459 1733 Macarium
1465 1700 1560 1738 venit,
1571 1699 1661 1731 cuius
1668 1699 1825 1730 inmanus

1028 1755 1099 1783 vota
1128 1751 1313 1782 monachica
1332 1749 1424 1782 fecit.
1453 1749 1575 1782 Tertius
1599 1749 1731 1781 accessit
1753 1747 1830 1778 Abu.

1029 1801 1143 1838 Macer,
1155 1800 1211 1840 qui
1221 1800 1390 1841 episcopus
1404 1799 1505 1830 factus
1516 1802 1564 1829 est
1575 1798 1630 1839 (4).
1647 1809 1661 1826 io
1679 1797 1741 1828 Sed
1754 1797 1830 1827 Ma-r

1031 1851 1158 1882 crizium
1166 1850 1297 1881 Macario
1304 1849 1456 1889 Aegyptio
1467 1857 1485 1879 a
1495 1849 1526 1878 S.
1533 1847 1830 1886 Antonio,quocum.

1031 1902 1225 1942 aliquantum
1236 1901 1386 1940 temporis
1393 1900 1446 1930 ille
1455 1900 1577 1936 vixerit,
1587 1901 1706 1930 vestem
1714 1906 1823 1929 mona-

1033 1951 1154 1983 chicam
1171 1951 1273 1982 datam
1289 1959 1371 1986 esse,
1398 1949 1477 1981 falso
1499 1958 1626 1980 narrare
1644 1957 1739 1988 supra
1762 1947 1822 1979 do-

1034 2001 1155 2034 cuimus
1174 2000 1231 2041 (5);
1256 2003 1351 2040 atque
1374 2000 1408 2031 in
1422 2000 1472 2037 iis,
1494 2008 1575 2040 quae
1595 1999 1635 2030 de
1658 1998 1835 2029 virtutibus.

1034 2051 1159 2082 Macarii
1173 2050 1309 2090 scripsit,
1321 2050 1506 2090 Aegyptium
1518 2058 1590 2081 cum
1601 2048 1823 2086 Alexandrino,

1036 2101 1076 2133 de
1091 2109 1156 2141 quo
1180 2101 1290 2132 eadem
1308 2100 1464 2132 Palladius
1477 2100 1603 2131 tradidit
1622 2099 1677 2139 (6),
1693 2099 1835 2130 confunm

1037 2151 1112 2182 dere
1127 2159 1211 2189 eum,
1223 2159 1318 2182 nemo
1332 2158 1398 2181 non
1411 2150 1506 2181 videt.
1517 2149 1669 2181 Macarius
1683 2158 1757 2180 vero
1771 2149 1825 2180 ille

1038 2200 1208 2241 episcopus
1228 2200 1372 2239 quisnam
1385 2199 1489 2236 fuerit,
1501 2198 1562 2229 nisi
1573 2198 1655 2229 forte
1673 2197 1823 2229 Hieroso-

1037 2251 1195 2291 lymorum
1210 2251 1380 2290 episcopus
1392 2249 1445 2289 (7),
1462 2249 1586 2288 ignoro.

1078 2301 1127 2332 Ad
1147 2301 1339 2332 recentiores
1352 2299 1489 2339 denique
1515 2307 1622 2330 rerum
1636 2296 1825 2329 ecclesiasti—

203 2350 333 2390 singulis
351 2350 461 2381 loculis
474 2349 586 2389 ligneis
599 2348 760 2380 recondita
775 2358 793 2380 a
807 2349 987 2383 Christianis
1004 2349 1024 2376 Β
1040 2359 1148 2382 carum
1166 2350 1336 2390 scriptores
1352 2349 1438 2390 quod
1453 2349 1584 2386 attinet,
1595 2347 1747 2379 Baronius
1765 2346 1824 2386 (8),

205 2467 252 2494 ⁸εοῠ
264 2467 372 2504 Φαραώ.
386 2467 485 2495 Leonis
500 2466 590 2494 Allatii
603 2465 749 2502 Συμμικτά
766 2466 823 2494 sive
839 2466 987 2501 opusculo-

207 2521 266 2540 rum
282 2521 440 2548 graecorum
452 2517 480 2541 et
494 2513 641 2540 latinorum
655 2512 835 2539 vetustiorum
848 2519 880 2539 ac
893 2519 989 2539 recen-

207 2559 306 2586 tiorum
325 2559 387 2587 libri
404 2559 470 2591 duo,
489 2558 618 2586 Coloniae
638 2557 804 2593 Agrippinae
820 2558 890 2585 1655
912 2557 961 2585 lib.
978 2556 990 2583 ι

208 2613 235 2640 p.
253 2605 297 2633 55.

244 2651 283 2687 (Ι)
303 2650 390 2686 Supra
410 2650 425 2687 ᾗ
441 2651 475 2678 11
491 2659 519 2686 p.
535 2650 586 2678 167
598 2657 660 2686 sqq.

245 2696 283 2732 (2)
299 2696 371 2725 Obiit
379 2697 487 2725 Macrizi
496 2705 568 2724 anno
576 2696 642 2732 Heg.
651 2696 714 2728 845,
721 2695 824 2723 Christi
833 2695 898 2723 lui
905 2715 912 2727 ,
923 2699 994 2723 teste

210 2742 243 2771 de
259 2743 414 2771 Schnurrer
429 2743 499 2770 Bibl.
516 2743 634 2771 Arabica
649 2741 733 2770 Halae
748 2741 815 2769 1811
833 2749 861 2776 p.
877 2741 939 2770 156.

246 2789 284 2823 (5)
303 2788 357 2816 Pro
378 2788 490 2816 oleribus
504 2787 612 2816 codices
622 2787 727 2815 arabici
742 2786 920 2814 calceamenta
942 2786 994 2813 (ri—

216 2839 244 2862 ta
268 2835 308 2862 vel
331 2835 476 2862 anteriores
497 2839 585 2869 partes
611 2841 724 2865 ocreae;
745 2833 853 2860 restitui
876 2832 992 2860 oleribus

213 2888 245 2908 ex
263 2880 332 2907 llist.
353 2879 485 2909 Lausiacn
503 2879 633 2914 Palladii,
648 2887 729 2915 quam
751 2878 827 2914 sequi
854 2878 905 2906 hoc
932 2877 992 2905 loco

1042 2468 1200 2497 Macrizium
1217 2469 1244 2498 in
1260 2472 1354 2504 aperto
1365 2471 1418 2496 est.

1078 2514 1115 2549 (1)
1135 2514 1245 2542 Macrizi
1268 2514 1429 2542 Gesch.der
1457 2512 1562 2547 Copten
1588 2510 1645 2536 Aus
1670 2508 1721 2536 (ιι-η
1738 2506 1825 2534 Ilnnd-

1042 2558 1153 2587 scritten
1169 2567 1202 2586 zu
1213 2558 1298 2586 Gotha
1305 2559 1361 2586 und
1371 2558 1451 2585 Wien
1459 2565 1486 2584 v.
1496 2554 1678 2587 Wiistenl'clll,
1688 2551 1825 2587 Coctting.

1043 2603 1112 2631 1845
1123 2612 1150 2639 p.
1168 2604 1218 2632 109
1229 2612 1272 2638 sq.

1077 2649 1116 2684 (5)
1137 2648 1201 2684 ges
1219 2656 1245 2683 p.
1265 2647 1327 2675 us.

1078 2694 1117 2730 (6)
1136 2693 1177 2721 Cf.
1191 2701 1272 2728 supra
1286 2701 1312 2728 p.
1326 2691 1370 2719 66.

1079 2739 1118 2774 (7)
1137 2738 1176 2766 De
1203 2738 1325 2765 Macario
1353 2736 1603 2771 Hierosolymorum
1635 2735 1766 2770 episcopo
1789 2731 1828 2759 cf.

1044 2783 1206 2812 Theodoret.
1220 2782 1292 2810 Hist.
1310 2781 1385 2809 Eccl.
1402 2781 1450 2809 lib.
1464 2781 1474 2807 l
1492 2789 1552 2813 cap.
1566 2779 1599 2807 16

1082 2831 1121 2864 (8)
1140 2829 1247 2856 Baronii
1275 2828 1393 2856 Annales
1413 2827 1446 2855 ad
1463 2835 1489 2855 a.
1509 2826 1562 2853 572
1585 2825 1620 2852 Νη
1636 2825 1682 2857 88,
1703 2824 1746 2853 ed.
1759 2822 1835 2853 an.

1047 2875 1078 2904 τ.
1096 2877 1115 2903 Υ
1130 2885 1154 2911 p.
1171 2875 1222 2903 587
1237 2883 1278 2909 sq.
