2061 3150
688 171 737 199 SS.
760 166 992 199 MACAIIIORUM
1013 170 1183 199 AEGYPTII
1200 171 1243 198 ET
1262 169 1496 198 ALEXANDRINI

1847 165 1900 194 179.

280 230 448 262 Bollandus
465 230 518 270 (1),
530 231 634 270 Dupin
646 231 698 270 (2),
710 231 820 270 Fleury
832 231 993 270 (3),Oudin
1005 230 1059 272 (4),
1075 236 1097 263 A
1112 232 1304 268 colebantur,
1336 229 1545 266 multitudine,
1570 228 1674 259 dicere
1698 235 1763 258 non
1785 226 1896 257 ausim.

280 283 358 312 Cave
374 281 428 321 (5),
457 281 509 311 alii
523 280 561 311 de
572 281 711 311 Macariis
726 282 876 321 Aegyptio
890 284 920 312 et
936 281 1066 311 Alexan-

281 331 372 361 drino
384 331 475 361 verba
494 331 621 370 quidem
636 331 788 367 fecerunt,
805 331 858 361 sed
879 340 942 361 rem
960 331 1065 361 critice

281 380 415 419 dispexit
425 379 510 410 solus
519 380 734 411 Tillemontius
763 380 818 420 (6),
834 381 922 411 cuius
937 381 1063 420 exposi—

281 431 382 462 tiones
395 432 525 468 cunctis,
538 441 617 471 quae
627 432 720 462 ceteri
732 431 857 468 habent,
873 431 966 471 longe
979 435 1066 462 ante-

281 480 409 518 cellunt,
425 481 497 511 licet
508 484 538 511 et
550 482 617 521 ipse
632 474 781 512 nonnulla
797 491 960 521 perperam
974 481 1064 512 intel-

281 532 400 568 lexerit,
419 532 496 566 183
508 532 538 562 id
553 532 638 571 quod
654 535 775 562 nostras
798 533 997 571 quaestiones
1010 532 1064 571 qui

282 582 400 620 legerit,
422 582 491 621 ipse
508 582 656 612 inveniet.
677 583 736 612 Cur
754 582 921 612 Bollandus
935 582 1063 612 meliora

281 640 345 662 non
362 630 610 668 attulerit,faeile
630 631 703 661 inde
724 630 905 670 explicatur,
925 631 1008 670 quod
1025 630 1063 661 de

279 682 417 712 Macariis
426 682 527 721 primo
539 681 669 720 insignis
692 681 796 720 operis
821 680 978 711 volumine
996 680 1061 710 dis-

279 731 452 771 putandum
466 734 542 766 erat,
553 730 688 769 ideoque
703 733 870 769 apparatus
890 729 941 760 ille
957 729 1062 760 litera-

279 781 354 818 rius,
368 790 432 821 quo
449 780 622 820 posteriora
639 779 795 809 volumina
813 779 962 815 eminent,
987 788 1065 810 non-

279 830 353 861 dum
369 831 483 861 aderat.
500 829 545 860 Ad
570 831 763 868 postremum
782 828 938 859 Semlerus
955 828 987 858 in
1003 828 1064 859 dis-

1115 282 1281 313 Macarium
1314 289 1400 317 vero,
1427 279 1515 311 cuius
1542 278 1656 309 festum
1687 277 1821 309 Romani
1845 276 1896 307 XV

1114 331 1247 362 Ianuarii
1272 334 1378 369 agunt,
1394 330 1415 360 i.
1433 338 1461 360 e.
1478 329 1675 368 Aegyptium,
1694 327 1727 358 in
1743 330 1896 366 martyre-

1114 381 1205 419 logiis
1220 380 1323 411 latinis
1336 379 1417 410 haud
1435 387 1504 409 raro
1517 380 1547 408 S.
1564 377 1689 408 Antonii
1708 377 1897 416 discipulum

1114 430 1278 470 appellari,
1293 429 1379 469 quod
1394 428 1560 459 Bollandus
1571 428 1750 458 observasse
1766 435 1800 456 se
1813 426 1895 457 arbi-

1115 485 1210 511 tratus
1225 483 1271 510 est
1286 478 1360 518 (15),
1380 486 1568 517 magnopere
1580 477 1704 517 quidem
1721 484 1784 506 non
1795 476 1897 506 offen-

1114 529 1176 564 dat,
1189 537 1286 568 quum
1298 536 1392 558 sensu
1402 526 1510 556 latiore
1526 526 1620 556 etiam
1640 523 1790 554 Macarius
1802 525 1900 561 Aegy-

1114 580 1196 618 ptius
1210 578 1332 608 Antonii
1342 576 1512 616 discipulus
1521 575 1581 606 dici
1593 573 1700 615 possit.
1710 574 1850 603 Ceterum
1861 573 1899 602 de

1114 631 1235 666 diebus,
1248 628 1362 669 quibus
1385 630 1467 658 recte
1489 625 1631 656 colantur
1651 623 1737 654 fastis
1756 623 1898 658 testibus,

1113 680 1201 720 plura
1218 679 1271 718 qui
1292 678 1451 709 addiscere
1472 676 1568 716 cupit,
1583 673 1765 704 Assemanni
1783 672 1897 703 librum

1113 735 1143 761 et
1153 729 1335 760 Bollandum
1358 727 1416 767 (16)
1434 726 1564 763 evolvat,
1578 725 1633 756 ubi
1648 727 1815 764 apparatus
1833 722 1900 753 ido-

1113 789 1192 811 neus
1210 779 1373 819 reperitur.

1405 835 1527 865 CAPUT
1557 834 1608 864 ΙΧ.

279 881 510 916 sertationibus,
533 888 611 919 quas
634 879 673 909 de
688 878 828 909 Macariis
844 879 977 918 scripsit,
998 887 1063 910 non
1078 907 1099 934 Β
1135 905 1154 926 Α
1169 903 1292 925 smcns
1302 902 1445 925 meum
1458 900 1610 923 Αεῦγνπο
1625 900 1663 921 ετ
1678 898 1898 921 “nummo

279 931 383 967 vitam,
399 930 453 960 sed
466 931 581 970 scripta
596 938 705 960 eorum
717 929 902 959 examinavit
916 928 969 968 (7).

319 981 393 1018 §44.
415 982 582 1021 Superest,
610 983 646 1010 ut
669 980 708 1010 de
729 979 799 1016 die,
822 988 885 1018 quo
904 979 1064 1019 utriusque

278 1030 401 1060 Macarii
411 1029 560 1060 memoria
576 1029 606 1059 in
619 1028 748 1059 ecclesia
767 1028 951 1065 celebretur,
965 1029 1065 1059 brevi-

277 1083 325 1110 ter
344 1079 563 1118 disquiramus.
577 1078 698 1108 Etenim
718 1076 938 1116 martyrologia
959 1080 1064 1107 vetera

273 1118 372 1160 latina
384 1129 516 1160 Macario
527 1128 679 1167 Aegyptio
688 1127 770 1157 diem
781 1126 1063 1163 XV,AIexandrino

278 1179 361 1209 diem
379 1180 405 1209 ll
428 1178 561 1209 Ianuarii
573 1178 728 1207 tribuunt.
747 1177 770 1206 E
787 1185 920 1216 quorum
932 1185 1063 1207 numero

276 1229 435 1261 suntBeda
444 1228 482 1267 (8)
490 1227 656 1265 ,Usuardus
667 1226 983 1267 (9),Ado(10),Notker
991 1225 1014 1262 (1
1024 1226 1063 1264 1),

278 1279 531 1318 martyrologtum
548 1286 711 1308 romanum
731 1276 803 1316 (12),
821 1282 924 1307 cetera
949 1276 1021 1315 (l3).
1040 1278 1063 1306 A

277 1329 401 1359 Graecis
411 1338 482 1358 vero
494 1331 626 1366 uterque
635 1327 784 1357 Macarius
797 1327 859 1357 XIX
873 1326 1003 1357 Ianuarii
1013 1335 1064 1356 co-

277 1377 360 1414 litur,
372 1381 406 1408 ut
417 1387 432 1408 e
444 1377 614 1407 Menaeiset
622 1377 798 1415 Menologio
809 1378 892 1415 patet
902 1376 1063 1415 (14).IIacc

276 1428 372 1466 igitur
384 1427 463 1462 184
478 1427 637 1457 diversitas
652 1427 736 1457 unde
752 1430 821 1457 nata
835 1427 884 1463 sit,
906 1427 964 1456 nisi
984 1426 1064 1456 forte

278 1477 503 1516 emagnaillius
514 1477 650 1507 nominis
661 1477 808 1513 virorum,
818 1476 872 1516 qui
884 1476 922 1506 ab
934 1475 1065 1506 ecclesia

1153 943 1314 965 MACARIUM
1348 942 1374 963 S.
1404 941 1531 963 ΛΝἸῸΝΙΙ
1555 939 1722 961 MINIS’I‘RCM
1751 937 1901 964 ALIOSQUE

1154 982 1351 1004 COGNOMINES
1364 980 1515 1002 DIVERSOS
1527 979 1598 1000 ESSE
1613 977 1818 1000 OSTENDITUR.

1155 1034 1180 1069 §.
1199 1032 1245 1062 45.
1260 1029 1481 1067 Macarium,S.
1494 1029 1618 1060 Antonii
1631 1027 1831 1067 discipulum,
1847 1027 1900 1057 cui

1115 1082 1294 1122 quindecim
1313 1081 1403 1112 annis
1417 1079 1609 1110 ministrabat
1629 1082 1659 1109 et
1680 1077 1768 1108 cuius
1783 1085 1898 1116 corpus

1115 1131 1268 1170 sepelivit,
1285 1139 1301 1160 a
1320 1129 1459 1160 Macariis
1474 1128 1625 1168 Aegyptio
1640 1130 1670 1158 et
1692 1126 1899 1157 Alexandrino

1115 1179 1214 1219 probe
1246 1177 1500 1218 distinguendum
1535 1185 1602 1208 esse
1639 1176 1762 1216 saepius
1795 1174 1903 1206 docui-

1115 1238 1184 1259 mus
1200 1229 1271 1268 (17).
1287 1228 1435 1258 Macarius
1450 1226 1532 1257 enim
1547 1227 1578 1256 S.
1592 1225 1716 1256 Antonii
1731 1224 1903 1263 discipulus

1115 1278 1146 1308 in
1159 1279 1312 1309 coenobio
1328 1277 1428 1316 Pispir
1442 1285 1543 1316 prope
1558 1284 1643 1306 mare
1657 1275 1794 1305 Rubrum
1816 1274 1902 1310 vixit,

1116 1327 1254 1358 Macariis
1277 1327 1391 1357 nostris
1407 1326 1437 1356 in
1457 1324 1588 1355 desertis
1615 1324 1729 1363 Libyae
1759 1323 1902 1362 degenti—

1117 1376 1175 1406 bus
1186 1375 1326 1413 (18).Sed
1340 1383 1422 1404 unus
1438 1381 1597 1404 remanere
1613 1372 1900 1412 potuitscrupulus.

1117 1424 1206 1459 Quid,
1223 1424 1248 1453 si
1265 1423 1410 1453 alteruter
1426 1431 1463 1452 ex
1487 1422 1599 1452 nostris
1613 1422 1752 1452 Macariis
1764 1422 1900 1462 primum

1118 1474 1148 1503 S.
1164 1474 1289 1504 Antonii
1309 1473 1480 1512 discipulus
1493 1472 1672 1512 quindecim
1689 1472 1778 1502 annis
1795 1472 1902 1509 fuerit,

314 1573 352 1607 (1)
375 1573 430 1598 AA.
458 1570 508 1598 SS.
537 1570 605 1598 Boll.
626 1570 684 1597 Ian.
714 1570 746 1597 T.
765 1570 774 1597 I
800 1578 826 1605 p.
851 1569 921 1597 1005
945 1578 1004 1604 sqq.
1035 1569 1068 1596 84
1082 1572 1103 1599 C
1156 1567 1191 1602 (8)
1208 1567 1367 1594 Addilioncs
1383 1566 1511 1593 nimirum
1524 1566 1556 1592 ad
1570 1566 1656 1592 Bedae
1669 1564 1901 1600 Martyrologium,

279 1627 327 1653 sqq
332 1639 338 1644 .

315 1661 354 1694 (2)
376 1659 463 1694 Dupin
475 1659 607 1687 Nouvellc
619 1659 806 1694 bibliothéque
821 1660 870 1688 des
890 1661 1008 1688 Auteurs
1023 1668 1068 1687 ec-

278 1706 467 1740 clésiastiques
499 1705 577 1732 Paris
595 1706 664 1733 -1695
689 1705 721 1731 Τ.
737 1706 756 1732 11
775 1714 801 1740 p.
819 1705 853 1733 69
867 1714 927 1741 sqq.

314 1752 352 1787 (3)
372 1752 468 1787 Flcnry
488 1751 608 1779 llistoire
620 1752 828 1788 ecclesiastiqite
852 1753 932 1780 Paris
945 1753 1012 1779 1724
1033 1752 1064 1779 Τ.

280 1795 313 1825 ιν
343 1805 370 1832 p.
387 1797 440 1823 2°20
456 1805 516 1831 sqq.

321 1843 359 1877 (ιι)
380 1842 596 1869 Commentarios
626 1842 661 1870 De
687 1842 798 1877 Scriptt.
822 1843 973 1871 ecclesiast.
1000 1843 1031 1870 Τ.
1055 1843 1064 1869 I

279 1896 305 1924 ρ.
323 1888 374 1914 471
389 1896 412 1914 s.
430 1896 455 1914 ν.
476 1886 591 1913 Macarii
607 1894 657 1914 (res
676 1888 805 1914 monac/ti.

315 1933 353 1967 (5)
374 1933 486 1968 Scriptt.
500 1933 598 1959 eceles.
621 1932 689 1960 Ilist.
711 1933 762 1960 litt.
780 1942 841 1962 s.v.
855 1933 990 1960 Macarius
1024 1943 1063 1961 se-

279 1979 338 2004 nior
355 1982 379 2004 et
398 1977 534 2004 Macarius
550 1978 647 2004 iunior.

313 2023 351 2057 (6)
373 2022 514 2049 Mémoires
541 2021 573 2048 T.
601 2021 655 2048 VIII
684 2021 713 2050 Ρ,
732 2022 765 2049 111
794 2031 820 2058 p.
844 2023 897 2051 955
919 2023 1058 2059 squOii

279 2076 340 2104 sqq.
358 2076 419 2095 cmn
442 2069 513 2095 notis
530 2070 558 2094 in
574 2068 626 2094 line
637 2069 700 2094 tomi
715 2069 839 2096 adiectis.

314 2113 352 2147 (7)
369 2112 446 2140 Prior
455 2113 553 2147 prodiit
567 2115 618 2139 sub
633 2113 720 2140 indice
737 2122 742 2139 :
763 2114 904 2148 Specimeu
925 2115 1059 2142 examinis

278 2159 366 2185 critici
398 2166 521 2193 operum,
551 2166 620 2193 quae
651 2160 686 2185 ila
709 2160 845 2191 feruntur,
867 2160 986 2190 Macarii,
1008 2161 1059 2187 sub

279 2203 443 2230 laetissimos
469 2203 607 2238 festosque
624 2203 682 2230 dies
707 2203 818 2230 Christo
832 2203 866 2229 ab
887 2202 982 2229 inferis
1001 2210 1058 2228 ma-

277 2249 374 2284 gnilice
403 2249 524 2276 redeunti
555 2257 649 2276 sacros
675 2250 738 2275 boni
761 2249 859 2276 ominis
874 2256 956 2276 causa
974 2248 1059 2275 edidit
1076 2267 1096 2292 Ι)

277 2293 297 2320 1.
314 2294 342 2322 S.
359 2293 388 2320 S.
405 2292 461 2320 Sal.
480 2293 564 2321 Tliur.
585 2293 614 2320 S.
629 2293 682 2321 LL.
702 2293 730 2321 S.
749 2293 831 2321 Italae
840 2294 1060 2329 Magdeburgicne

277 2340 466 2374 1745;:dlera
500 2341 551 2367 hoc
585 2341 743 2367 inscribitur
774 2341 851 2368 titulo
877 2350 884 2368 :
917 2339 1059 2376 Specimen

277 2387 542 2414 auimmlversionum
569 2387 595 2414 in
623 2387 727 2421 aliquot
744 2387 873 2421 opuscula
889 2395 984 2422 graeca
1003 2387 1060 2414 Ma-

277 2433 356 2463 curii,
373 2433 400 2459 in
409 2433 523 2460 natalem
542 2433 613 2460 diem
629 2433 680 2459 viri
696 2441 801 2460 summe
816 2433 1062 2463 revcrcndi.excel-

277 2477 432 2508 Ientissimi.
452 2478 604 2505 doctissimi
625 2478 792 2513 Sigismundi
811 2477 899 2505 Iacchi
916 2479 1062 2514 Baumgar-

277 2528 322 2548 ten
341 2521 391 2549 SS.
406 2522 500 2549 Tlicol.
518 2523 591 2549 doct.
608 2528 634 2549 et
648 2523 717 2556 prof.
736 2531 762 2557 p.
781 2531 807 2550 ο.
827 2523 900 2550 Sem.
919 2524 1000 2550 theol.
1021 2524 1062 2550 di-

276 2569 410 2599 rectoris,
429 2569 533 2602 patroni
552 2573 579 2595 et
599 2569 782 2602 praeeriptoris
804 2569 1002 2596 oﬂiciosissime
1016 2576 1062 2596 co-

277 2614 361 2644 lendi,
378 2614 444 2641 bene
458 2614 659 2640 ominalmndus
672 2614 756 2640 edidit
782 2613 819 2640 l0.
843 2615 898 2640 Sal.
924 2615 1062 2641 Semlerus

277 2659 397 2686 Salfelda
417 2659 549 2694 Tliuring.
568 2659 650 2687 Halac
662 2659 766 2686 Salicae
776 2659 854 2687 1716.
869 2659 989 2693 Quarum
1004 2660 1061 2687 dis-

276 2706 454 2733 sertationum
471 2706 588 2733 cardoin
599 2713 632 2732 eo
644 2706 768 2737 vertitur,
782 2706 988 2738 utostendatur,
1004 2706 1062 2733 Ma--

275 2752 341 2778 carii
353 2752 466 2785 scripta,
476 2751 600 2786 inprimis
625 2752 684 2778 eius
695 2751 829 2786 Opuscula
842 2761 912 2787 quae
925 2752 1057 2784 feruntur,

275 2797 368 2831 spuria
385 2805 455 2828 esse,
491 2797 524 2823 ad
543 2797 615 2831 quod
631 2797 827 2824 ostendendum
854 2799 951 2832 partim
966 2799 1058 2825 conie-

275 2843 373 2874 cturis,
386 2843 482 2877 partim
494 2843 659 2879 argumentis
669 2851 701 2870 ex
711 2843 770 2879 ipso
781 2843 973 2878 Opuuulorum
984 2847 1058 2872 textu

276 2887 369 2923 petitis
385 2888 476 2915 utitur.

1119 1621 1188 1648 quas
1204 1622 1219 1640 e
1234 1613 1313 1640 codd.
1339 1612 1366 1638 S.
1385 1611 1490 1647 Cyriaei
1507 1611 1693 1638 llenschenius
1720 1616 1747 1638 et
1765 1611 1902 1646 Papcbro-

1118 1660 1198 1687 chius
1224 1660 1378 1686 ediderunt.
1410 1657 1464 1685 AA.
1485 1657 1535 1684 SS.
1566 1656 1631 1683 Boll.
1665 1656 1752 1683 Martii
1777 1656 1807 1683 T.
1831 1657 1852 1683 II
1872 1665 1901 1691 β.

1119 1705 1186 1732 VIII.
1206 1705 1249 1731 IX.

1153 1752 1191 1786 (9)
1210 1749 1432 1785 Martyrologium
1455 1747 1583 1779 Usuardi,
1606 1746 1662 1774 AA.
1681 1747 1733 1774 SS.
1752 1747 1820 1775 BoII.
1836 1747 1901 1775 Mai.

1115 1797 1147 1824 T.
1162 1797 1193 1823 vi
1208 1805 1232 1831 p.
1297 1796 1341 1822 54.

1150 1843 1205 1877 (10)
1225 1841 1326 1868 Adonis
1354 1840 1429 1867 arcti.
1449 1839 1546 1866 Vicnn.
1566 1837 1803 1874 Martyrologium,
1829 1837 1900 1864 Bibl.

1114 1888 1183 1914 Max.
1200 1887 1252 1914 PP.
1269 1887 1355 1921 Lugd.
1371 1885 1403 1913 Τ.
1422 1885 1478 1912 XVI
1495 1893 1520 1919 p.
1538 1884 1600 1911 852.
1617 1884 1679 1911 851.

1152 1932 1330 1969 (t'llNotkcri
1349 1931 1579 1967 Martyrologium,
1608 1929 1732 1957 Gallam].
1759 1928 1828 1956 Bibl.
1846 1927 1899 1956 PI’.

1112 1979 1144 2005 τ.
1158 1978 1215 2005 xui
1234 1978 1345 2012 p.\760.
1362 1977 1422 2003 765.

1147 2025 1200 2060 (12)
1217 2023 1298 2051 Vetus
1318 2022 1469 2048 Romanum
1488 2021 1720 2056 martyrologinm,
1743 2020 1810 2047 Bibl.
1826 2019 1900 2047 Max.

1112 2070 1161 2096 I‘P.
1176 2069 1260 2104 Lugd.
1271 2068 1302 2095 Τ.
1318 2067 1375 2094 XVI
1391 2075 1415 2102 p.
1431 2066 1492 2093 819..
1511 2067 1731 2102 ltIartyrologium
1747 2066 1898 2093 Romanum

1110 2116 1152 2143 ed.
1167 2115 1300 2142 Baronius
1311 2114 1342 2141 ad
1360 2114 1387 2140 li.
1402 2113 1448 2140 dd.

1145 2160 1199 2195 (l5)
1216 2159 1295 2187 Plura
1318 2158 1510 2193 martyr-elogia
1534 2162 1711 2186 recensentur
1732 2166 1746 2184 a
1769 2157 1900 2185 Bollando

1108 2207 1163 2233 AA.
1181 2206 1230 2233 ss.
1247 2206 1302 2232 Ian.
1323 2204 1354 2232 τ.
1374 2204 1384 2230 1
1399 2212 1426 2239 ρ.
1444 2204 1488 2231 84.

1146 2252 1201 2286 (1-1)
1215 2252 1256 2279 Cf.
1272 2251 1451 2285 Menologium
1465 2250 1568 2281 Sirleti,
1580 2250 1651 2284 quod
1664 2250 1790 2278 Canisius
1804 2250 1899 2277 edidit.

1111 2298 1215 2326 Canisii
1230 2299 1290 2324 lect.
1303 2298 1386 2332 antiq.
1399 2297 1442 2323 ed.
1458 2296 1580 2331 Basnage
1589 2295 1622 2323 T.
1636 2296 1667 2322 Ill
1683 2304 1709 2331 p.
1725 2296 1776 2322 “5
1793 2296 1820 2323 in
1835 2297 1897 2324 ﬁne.

1113 2346 1140 2373 In
1148 2345 1306 2372 Calendario
1314 2344 1446 2371 ecclesiae
1455 2342 1768 2376 Constantinopolitanae
1775 2343 1818 2370 ed.
1827 2343 1899 2370 Mor-

1112 2391 1171 2417 cclli
1188 2389 1289 2416 Romae
1306 2389 1374 2416 1788
1386 2389 1417 2416 Τ.
1434 2389 1442 2415 I
1457 2397 1483 2423 p.
1497 2387 1532 2414 85
1543 2388 1574 2414 ad
1598 2387 1656 2414 XIX
1677 2387 1792 2415 Ianuarii
1809 2389 1875 2423 legis
1889 2398 1895 2415 :

1115 2447 1124 2462 ι
1139 2438 1172 2472 τῇ
1192 2437 1260 2471 αὑτῇ
1280 2435 1370 2470 ἡμέρᾳ
1388 2435 1481 2470 μνήμη
1497 2433 1551 2460 τῶν
1572 2434 1651 2460 ὁσίων
1681 2433 1806 2468 πατέρων
1820 2434 1898 2469 ἡμῶν

1112 2481 1255 2517 Μακαρίου
1269 2480 1316 2507 τοῦ
1339 2479 1474 2514 Ῥῳμαίου
1491 2479 1570 2514 (sic!)
1589 2479 1634 2505 καὶ
1651 2479 1743 2514 ἑτέρου
1754 2480 1896 2514 Μακαρίου

1112 2527 1156 2554 τοῦ
1173 2526 1331 2560 Αἰγυπτίου.
1348 2535 1357 2551 ι

1147 2572 1203 2607 (15)
1216 2571 1244 2598 In
1259 2571 1369 2597 Macarii
1385 2570 1561 2598 Alexandrini
1577 2569 1631 2597 vita
1651 2569 1670 2596 I.
1688 2568 1720 2601 I.,
1735 2573 1762 2596 et
1778 2569 1805 2596 in
1839 2569 1895 2596 vita

1113 2617 1222 2643 Macarii
1240 2615 1362 2650 Aegyptii
1382 2615 1399 2641 Ι.
1414 2616 1444 2646 1,,
1462 2624 1486 2650 p.
1503 2614 1579 2642 1005.

1147 2663 1204 2694 (16)
1217 2661 1378 2689 Assemanni
1391 2661 1550 2688 Calendaria
1557 2658 1694 2688 Ecclesiae
1706 2661 1849 2687 universae
1859 2660 1894 2687 ad

1112 2708 1170 2735 XIX
1200 2708 1306 2735 Ianuar.
1323 2706 1355 2734 T.
1372 2707 1405 2734 VI
1425 2707 1524 2734 Romae
1538 2706 1605 2733 I755
1622 2714 1648 2741 p.
1668 2706 1701 2733 98
1716 2714 1758 2742 sq.
1774 2707 1830 2733 AA.
1842 2705 1893 2733 SS.

1112 2753 1179 2780 Bell.
1190 2753 1249 2780 Ian.
1264 2752 1296 2779 Τ.
1314 2751 1323 2778 I
1348 2760 1374 2787 p.
1387 2751 1430 2778 84.

1145 2798 1274 2835 (ιηξεω
1301 2806 1326 2833 p.
1346 2798 1406 2825 104.
1427 2797 1484 2832 §23
1498 2805 1524 2832 p.
1555 2797 1614 2825 107.
1631 2797 1645 2834 §
1667 2797 1702 2826 50
1717 2805 1744 2833 p.
1764 2797 1816 2825 125
1827 2806 1890 2834 sqq.

1146 2846 1202 2880 (18)
1220 2846 1305 2880 Supra
1320 2845 1380 2880 ξίὶὸ
1391 2853 1417 2879 p.
1436 2843 1494 2869 107.
