2061 3150
184 152 236 182 175

947 159 1059 187 VITAE.

1755 160 1803 189 Πί-

182 216 297 248 deinde
327 219 398 256 post
432 219 562 247 mortem
595 217 662 247 eius
697 218 816 248 deserta
850 217 1126 258 LibyaeApturus
1140 221 1280 260 tempore
1296 219 1666 261 opportuno.186Tunc
1681 222 1807 250 sanctus

184 266 328 307 petierit?
341 268 423 298 Haec
441 266 534 305 igitur
548 266 699 298 dubitatio
718 267 810 306 plane
826 271 970 298 movetur

184 319 246 349 vita
261 318 447 355 Posthumii,
465 326 527 357 qua
541 319 707 350 Macarium
725 319 755 348 S.
772 318 896 349 Antonii
908 318 968 348 mi-

186 369 317 400 nistrum
341 369 374 400 in
390 369 546 400 coenobio
557 387 558 390 η
569 368 647 404 185
663 368 765 409 Pispir
779 368 862 400 diem
878 369 971 399 etiam

185 427 367 459 supremum
374 419 489 450 obiisse
498 419 665 450 edocemur
677 430 685 449 :
696 418 861 449 Macarium
870 421 973 450 autem

184 469 383 509 Aegyptium,
403 472 438 500 ut
452 468 614 499 ePalladio
625 471 756 505 constat,
768 469 800 499 in
813 469 902 499 Scete
918 467 972 508 (1),

183 522 278 558 atque
298 518 557 555 Alexandrinum,
572 518 658 558 quod
673 527 711 549 ex
730 518 841 549 eodem
862 517 972 548 verisi-

184 569 349 600 millimum
385 571 444 606 est,
471 569 505 599 in
533 569 656 600 Cellulis
683 568 891 600 obdormiisse
911 568 973 599 sci-

184 629 253 651 mus
263 619 316 660 (2),
327 621 363 650 In
372 619 432 650 vita
443 619 526 650 enim
539 619 591 650 illa
606 619 683 650 haec
697 619 843 657 leguntur
856 627 862 648 :
873 631 887 646 ‹‹
896 619 975 649 Nota

185 667 278 706 igitur
291 667 373 698 facta
394 670 441 698 est
464 671 572 698 sancto
592 667 737 705 Macario,
753 667 873 698 scilicet
892 668 976 698 beati

186 718 312 748 Antonii
335 717 500 757 discipulo,
526 718 720 748 conversatio
742 717 927 753 Posthumii,
946 720 977 747 et

188 768 315 799 celebre
327 768 395 799 eius
415 768 529 800 factum
540 772 587 799 est
606 776 734 805 nomen,
750 768 914 807 visumque
931 770 977 797 est

188 819 246 855 illi,
261 819 301 849 ad
316 819 399 850 hunc
411 819 496 850 abire
510 820 544 850 in
560 827 712 850 eremum.
728 819 804 849 Nam
819 818 901 849 idem
911 819 978 849 Ma-

191 868 292 899 carius
308 869 346 899 ab
371 869 483 899 illustri
506 869 571 899 viro
593 869 726 900 Antonio
749 867 977 899 monachorum

190 916 258 947 fere
282 917 507 957 quinquaginta
537 917 632 948 millia
657 920 837 957 susceperat
860 917 976 956 guber-
993 899 1015 926 Β

193 967 305 998 nanda.
333 968 481 998 Eiusdem
510 968 604 1007 igitur
641 968 765 999 Macarii
801 968 902 998 exitus
939 966 979 998 de

193 1017 318 1049 sacculo
338 1018 625 1059 appropinquabat,
649 1021 680 1049 et
697 1017 860 1049 Dominico
880 1017 979 1056 gregi,

194 1069 265 1108 quis
287 1073 360 1109 post
388 1069 456 1100 eius
473 1078 636 1100 excessum
661 1068 831 1108 magisterii
852 1067 981 1099 nomine

195 1119 428 1159 subrogaretur,
463 1120 687 1159 inquirebatur.
712 1120 844 1149 Sanctus
874 1118 981 1157 itaque

195 1169 346 1200 Macarius
369 1179 440 1200 cum
458 1169 497 1200 ad
520 1173 662 1200 sanctum
687 1169 821 1200 venisset
846 1167 981 1198 Posthu-
1008 1164 1017 1172 ”

196 1220 304 1256 mium,
324 1220 447 1259 excepit
461 1228 532 1250 eum
543 1219 686 1255 libenter,
704 1217 873 1257 praecipue
893 1216 983 1247 cuius

197 1269 259 1300 iam
277 1270 316 1301 ab
331 1269 444 1308 angelo
458 1269 571 1300 famam
583 1269 732 1300 audierat.
758 1268 827 1297 Non
843 1274 917 1304 ergo
931 1265 984 1295 ille

198 1324 232 1351 ut
247 1319 376 1359 hospes,
388 1319 443 1350 sed
455 1320 521 1350 eius
532 1318 686 1350 subtiliter
697 1317 859 1357 explorare
870 1323 985 1356 propo-

198 1371 291 1402 situm
298 1374 434 1402 venerat.
443 1372 539 1401 Porro
551 1369 674 1400 Macarii
686 1367 886 1407 adspectibus
899 1367 985 1397 Post-

199 1421 297 1452 humii
317 1421 507 1461 complacuit
517 1419 723 1455 conversatio,
734 1422 763 1449 et
773 1426 845 1449 eum
855 1416 985 1447 suadere

200 1472 314 1511 coepit,
326 1474 360 1502 ut
371 1471 469 1502 sancti
489 1470 615 1501 Antonii
624 1469 882 1500 anachoretarum
904 1466 987 1506 prin-

201 1522 279 1562 cipis
301 1530 364 1553 non
385 1525 561 1560 gravaretur
595 1521 718 1551 visitare
743 1518 901 1558 reliquias.
925 1516 987 1547 Sed

1022 268 1220 300 Posthumius
1241 270 1373 310 pedibus
1387 270 1453 300 eius
1468 269 1652 310 provolutus
1671 269 1713 300 ait
1731 269 1806 299 :Ca-

1022 319 1144 350 rissime
1154 323 1252 360 pater,
1266 321 1425 360 quomodo
1436 320 1512 350 mihi
1523 323 1584 350 tam
1594 327 1723 358 magnae
1730 317 1809 349 mul-

1022 368 1162 400 titudinis
1172 377 1277 400 curam
1288 369 1435 409 imponis,
1443 369 1559 400 rustico
1566 368 1696 404 homini,
1704 368 1810 398 literas

1023 417 1194 450 nescienti?
1204 418 1335 449 Provide
1344 418 1437 457 igitur
1451 427 1488 449 ex
1499 418 1537 449 iis
1549 419 1694 449 meritum
1705 416 1807 448 homi-

1024 477 1108 506 nem,
1124 469 1180 509 qui
1206 468 1305 509 possit
1319 477 1390 500 cum
1406 467 1613 499 sollicitudine
1626 471 1726 498 tantas
1738 467 1807 499 ani-

1024 528 1091 550 mas
1110 527 1219 558 regere
1245 518 1447 559 populorum.
1472 519 1558 548 Tunc
1586 518 1736 549 Macarius
1768 517 1811 548 ait

1025 569 1208 600 Posthumio
1229 569 1475 600 :Exeusationes
1497 577 1562 598 non
1577 568 1681 604 audio,
1706 576 1810 607 neque

1027 630 1135 653 causas
1145 621 1274 661 recipio;
1285 621 1318 651 hi
1335 620 1419 651 enim
1431 628 1540 651 omnes
1551 619 1608 649 sub
1629 622 1682 649 tua
1693 618 1810 649 ditione

1026 673 1209 710 manebunt,
1235 681 1293 702 nec
1314 671 1391 702 alius
1413 673 1460 701 est
1476 673 1579 701 tantae
1609 669 1812 699 abstinentiae

1027 721 1084 759 vir,
1099 721 1152 762 qui
1163 721 1261 761 possit
1270 721 1359 751 istius
1375 719 1485 760 populi
1497 719 1670 758 gubernare
1682 717 1811 753 animas,

1027 779 1063 801 ac
1086 770 1217 801 sollicite
1243 771 1431 810 pertractare
1452 777 1460 805 ;
1478 771 1508 799 et
1525 771 1559 798 ut
1576 767 1690 798 certius
1701 765 1812 802 dicam,

1027 820 1227 852 dilectissime
1245 820 1350 856 frater,
1372 823 1402 850 te
1418 817 1570 849 electione
1587 826 1643 848 sua
1665 815 1815 846 Dominus

1029 871 1201 910 designavit
1210 870 1248 901 ad
1258 869 1492 911 suscipiendum
1504 867 1587 898 hunc
1598 866 1761 898 ministerii
1772 865 1816 896 lo-

1030 930 1121 958 cum;
1137 929 1336 960 nequaquam
1358 928 1432 958 ergo
1452 917 1580 950 coelesti
1600 917 1717 957 poteris
1737 924 1815 947 con-

1028 971 1182 1002 tradicere
1205 970 1347 1001 iussioni.
1376 968 1458 1000 Nihil
1476 978 1514 999 ex
1528 968 1589 999 hoc
1616 965 1818 998 Posthumius

1029 1021 1151 1052 locutus
1186 1024 1232 1052 est
1267 1019 1412 1056 Macario,
1441 1019 1496 1049 sed
1523 1018 1597 1049 dum
1623 1017 1690 1048 eius
1723 1015 1818 1046 verba

1031 1080 1138 1103 secum
1167 1072 1201 1102 in
1219 1071 1323 1102 animo
1354 1069 1504 1106 volveret,
1529 1067 1681 1099 Macarius
1717 1065 1820 1097 emisit

1032 1123 1186 1164 spiritum,
1214 1123 1381 1163 statimque
1402 1121 1593 1162 populorum
1608 1121 1719 1160 ingens
1729 1118 1821 1149 turba

1032 1174 1151 1204 intente
1162 1173 1200 1204 ad
1214 1173 1309 1203 funus
1319 1175 1459 1203 currunt.
1474 1171 1519 1201 Ibi
1530 1169 1728 1209 psallentium
1740 1167 1820 1198 mul-

1033 1224 1132 1255 titudo
1148 1223 1277 1254 diversis
1300 1222 1489 1262 hymnorum
1502 1219 1642 1256 vocibus,
1654 1217 1742 1258 quasi
1756 1225 1821 1248 uno

1035 1283 1099 1311 ore,
1130 1274 1238 1305 laudes
1261 1274 1324 1304 Deo
1339 1272 1503 1308 canebant,
1530 1270 1631 1301 donec
1652 1277 1767 1309 corpus
1781 1267 1821 1298 ad

1032 1324 1237 1365 sepulchrum
1261 1323 1468 1354 deduceretur
1494 1320 1705 1356 humandum;
1727 1326 1822 1349 nemo

1034 1378 1138 1406 tamen
1153 1374 1356 1405 vehementer
1375 1372 1499 1403 dolebat
1513 1380 1564 1408 co,
1589 1370 1676 1410 quod
1698 1372 1824 1400 sanctus

1035 1425 1185 1457 Macarius
1195 1428 1259 1456 tam
1273 1423 1422 1454 velociter
1432 1421 1658 1453 monasterium
1669 1419 1825 1458 relinque-

1037 1480 1094 1513 rct,
1105 1475 1253 1516 quoniam
1263 1473 1413 1504 Dominus
1425 1472 1557 1503 similem
1569 1471 1597 1502 ei
1608 1469 1825 1501 Posthumium

1038 1527 1123 1567 gregi
1134 1534 1191 1556 suo
1198 1525 1378 1564 magistrum
1389 1522 1566 1564 providerat
1578 1521 1631 1562 (3).
1646 1533 1660 1550 »
1669 1519 1826 1560 Quidquid

201 1581 273 1603 cum
290 1573 376 1603 omni
390 1571 500 1602 virtute
524 1571 711 1602 reniteretur
723 1573 753 1600 et
767 1569 851 1600 abire
864 1567 988 1608 penitus
1002 1564 1022 1592 C
1038 1564 1132 1616 {sum
1145 1576 1184 1607 de
1196 1575 1254 1606 hac
1270 1575 1330 1606 vim
1345 1573 1465 1610 statuis,
1482 1573 1540 1604 etsi
1552 1572 1626 1603 satis
1641 1571 1771 1610 antiqua
1788 1579 1826 1601 ea

203 1621 366 1659 noluisset,
395 1622 429 1652 in
451 1621 568 1652 somnis
584 1620 783 1651 Posthumius
803 1618 870 1648 sine
884 1617 990 1656 aliquo

203 1672 402 1704 cunctamine
427 1672 471 1702 ire
498 1672 600 1703 iussus
628 1671 750 1701 divinae
776 1667 992 1700 contradicere

205 1731 269 1755 non
294 1725 415 1762 poterat
444 1721 606 1752 maiestati.
635 1723 744 1760 Itaque
767 1728 839 1750 eum
859 1717 992 1748 Macario

205 1773 386 1812 aggreditur
402 1772 471 1808 iter,
487 1771 718 1802 multitudinem
742 1768 994 1808 congregationis

205 1821 444 1857 monachorum,
461 1829 542 1860 quae
561 1829 578 1851 a
593 1820 660 1850 solo
677 1818 908 1857 gubernabatur
927 1817 992 1847 Ma-

207 1871 302 1907 cario,
326 1872 497 1910 ingressus,
543 1870 582 1900 de
611 1877 674 1908 quo
713 1876 808 1907 saepe
846 1866 993 1902 diximus,

207 1929 323 1961 corpus
338 1921 497 1961 sepeliisse
515 1919 664 1958 magistri,
691 1927 762 1949 cum
777 1917 906 1957 spiritus
928 1916 995 1946 eius

209 1975 335 2002 vocatus
350 1974 395 2002 est
406 1979 444 2001 ex
455 1970 590 2001 saeculo.
607 1968 746 2005 Quicum
757 1976 791 1998 se
805 1967 838 1998 in
854 1970 995 1998 extremo

210 2022 289 2052 vitae
302 2022 389 2052 istius
405 2019 585 2060 temporalis
593 2019 777 2059 adspiceret,
795 2017 944 2048 advocato
955 2015 995 2046 ad

211 2080 244 2102 se
257 2074 364 2102 sancto
378 2071 572 2107 Posthumio,
587 2070 630 2100 ita
653 2077 782 2100 exorsus
798 2070 844 2098 est
861 2066 891 2097 ei
907 2075 913 2096 :
938 2065 995 2103 En,

211 2121 316 2159 t't'ater,
332 2126 457 2162 tempus
472 2119 670 2152 resolutionis
685 2127 773 2150 meae
791 2118 901 2154 instat;
918 2125 996 2156 qua-

215 2176 344 2214 propter
367 2173 498 2203 audiens
525 2172 643 2202 bonum
669 2168 881 2200 testimonium
904 2167 944 2198 de
954 2169 996 2204 te,

213 2225 308 2254 tinem
336 2223 505 2253 senectutis
529 2229 619 2253 meae
646 2219 812 2251 debilitatis
845 2217 998 2258 supposui
1014 2230 1035 2257 υ

215 2273 371 2313 gressibus
385 2273 423 2304 ad
439 2271 678 2312 pertingendum
693 2278 794 2309 usque
804 2268 842 2300 ad
854 2273 895 2299 te.
908 2268 997 2298 Nunc

214 2325 307 2363 igitur
318 2324 399 2354 bene
411 2322 510 2353 fecisti
522 2323 626 2353 venire
639 2329 772 2351 mecum.
785 2319 914 2358 Suscipe
924 2326 998 2356 ergo

216 2379 345 2416 paterno
361 2381 468 2406 amore
479 2381 603 2412 gregem
615 2371 671 2402 Dei
684 2371 722 2401 ad
734 2369 918 2409 regendum.
929 2367 999 2398 Noli

217 2433 378 2465 quaerere,
390 2423 475 2463 quod
489 2423 545 2453 tibi
556 2422 632 2453 utile
642 2424 698 2458 est,
716 2420 770 2451 sed
788 2418 873 2459 quod
882 2417 997 2452 multis,

218 2479 251 2506 ut
269 2475 343 2506 salvi
364 2473 453 2509 ﬁant;
477 2481 517 2502 ne
533 2480 607 2510 ergo
622 2479 718 2510 neges
732 2467 923 2508 suscipiendi
938 2466 997 2496 ho-

220 2526 303 2556 noris
331 2523 472 2564 gratiam,
492 2521 670 2552 mercedem
694 2529 712 2551 a
739 2519 872 2550 Domino
908 2524 998 2547 recc-

254 2617 292 2651 (1)
308 2617 396 2651 Supra
415 2616 428 2651 ς
447 2615 480 2642 12
496 2614 580 2650 ιλιι.

255 2662 292 2695 (Ξ)
307 2662 394 2696 Supra
409 2661 423 2696 ᾗ
438 2661 470 2687 ει
491 2668 517 2695 p.
537 2659 582 2687 86.
598 2657 659 2694 ςδο
675 2665 701 2692 p.
717 2657 779 2684 127.

258 2707 294 2741 t3)
314 2706 375 2733 Vita
398 2706 428 2734 ὃ.
455 2704 610 2732 Posthumii
631 2711 691 2738 cap.
713 2703 739 2736 7,
753 2701 808 2729 νγ.
833 2700 884 2728 PP.
910 2700 1000 2727 Rosw.

223 2760 249 2788 p.
263 2753 315 2779 233
329 2760 370 2787 sq.

258 2799 296 2833 (4)
315 2798 328 2830 §
343 2797 388 2824 24.
405 2806 430 2832 p.
446 2797 497 2825 103
513 2799 558 2831 sq.

259 2843 297 2877 (ὅ)
313 2842 382 2869 llist.
398 2841 479 2869 Laus.
495 2842 538 2869 ed.
558 2840 658 2868 Meurs.
674 2847 734 2866 can.
754 2838 786 2865 18
817 2837 884 2872 Opp.
903 2837 1003 2864 Mcurs.

226 2888 246 2915 I.
259 2888 280 2916 ὶ.
297 2895 324 2924 ρ.
338 2887 399 2914 385.
417 2887 458 2914 Cf.
473 2887 581 2914 Summ.
601 2886 667 2913 Hist.
683 2885 753 2911 Eccl.
771 2882 854 2911 iib.V|
881 2891 939 2917 cap.
958 2883 1001 2910 ‘29.

1040 1636 1109 1658 esse
1140 1626 1291 1662 videatur,
1325 1626 1454 1664 apparet
1488 1626 1604 1659 tamen,
1647 1621 1827 1658 Macarium,

1041 1685 1136 1716 quem
1159 1675 1239 1706 vitae
1268 1674 1401 1714 scriptor
1440 1673 1470 1703 S.
1499 1671 1622 1703 Antonii
1638 1670 1827 1711 discipulum

1041 1729 1131 1757 vocat
1151 1728 1181 1757 et
1207 1725 1394 1761 ministrum,
1423 1723 1478 1763 qui
1494 1731 1609 1762 corpus
1634 1721 1701 1752 eius
1711 1719 1827 1760 sepeli-

1042 1777 1131 1814 verit,
1155 1775 1381 1814 monachisque
1400 1777 1472 1814 post
1490 1776 1624 1804 mortem
1646 1772 1676 1802 S.
1702 1770 1830 1801 Antonii

1043 1825 1252 1866 praefuerit,a
1265 1823 1380 1854 nostris
1405 1822 1545 1854 Macariis
1566 1821 1722 1852 diversum
1746 1827 1827 1849 esse.

1045 1877 1240 1916 Quapropter
1254 1875 1344 1905 etiam
1367 1874 1444 1904 duas
1459 1873 1526 1904 illas
1540 1872 1579 1903 de
1606 1871 1741 1902 Macario
1757 1878 1830 1909 gra-

1045 1926 1156 1957 tiarum
1167 1926 1198 1955 S.
1220 1924 1346 1955 Antonii
1363 1923 1497 1954 haerede
1511 1921 1666 1957 historias,
1682 1928 1760 1959 quas
1774 1928 1829 1949 su-

1046 1985 1102 2016 pra
1117 1985 1134 2006 e
1148 1975 1322 2006 Meursiana
1340 1973 1495 2004 Historiae
1509 1972 1673 2002 Lausiacae
1693 1969 1830 2001 editione

1047 2025 1168 2064 spurias
1182 2024 1380 2055 exhibuimus
1391 2021 1444 2061 (4),
1459 2021 1498 2053 ad
1512 2020 1732 2061 Pispiritanum
1747 2018 1830 2050 refe-

1047 2076 1160 2107 rendas
1174 2084 1243 2106 esse
1253 2073 1453 2105 crediderim.

1089 2165 1103 2201 ς
1135 2163 1182 2193 46.
1209 2162 1254 2194 Ad
1279 2164 1400 2193 ceteros
1429 2159 1544 2192 deinde
1563 2159 1652 2190 istius
1681 2157 1834 2198 temporis

1049 2213 1198 2244 Macarios
1247 2211 1333 2252 quod
1383 2210 1518 2247 attinet,-
1554 2208 1653 2240 nostri
1706 2207 1834 2248 quidem

1049 2263 1174 2295 Macarii
1209 2271 1228 2293 a
1273 2261 1406 2292 Macario
1450 2260 1585 2297 iuniore,
1626 2259 1691 2299 qui,
1737 2266 1834 2297 quum

1051 2315 1147 2345 boves
1183 2321 1314 2353 pascens
1353 2311 1481 2343 caedem
1508 2310 1592 2341 haud
1626 2308 1834 2350 praemedita-

1052 2368 1115 2395 tam
1149 2365 1368 2403 perpetrasset,
1393 2362 1427 2392 in
1462 2360 1629 2392 solitudine
1662 2357 1836 2390 monachus

1054 2413 1279 2453 paenitentiam
1313 2412 1424 2451 agebat
1460 2411 1532 2452 (5),
1571 2413 1602 2441 et
1649 2418 1666 2440 a
1702 2407 1836 2439 Macario

1055 2463 1133 2497 187
1179 2462 1382 2492 Alexandriae
1423 2461 1608 2500 presbytero
1656 2457 1838 2499 ptochotro—

1053 2513 1184 2553 phiique
1198 2512 1399 2543 Alexandrini
1412 2511 1572 2553 praefecto
1589 2510 1643 2550 (6),
1667 2519 1726 2541 nee
1741 2517 1806 2540 non
1819 2517 1838 2540 a

1055 2605 1213 2634 Cassiodor.
1236 2605 1309 2633 Hist.
1335 2605 1444 2640 tripart.
1466 2604 1514 2631 lib.
1538 2602 1595 2629 Vlll
1612 2609 1674 2637 cap.
1692 2602 1704 2628 1
1725 2601 1752 2628 in
1773 2601 1838 2629 fine.

1055 2651 1201 2686 Nicephor.
1217 2650 1322 2678 Callist.
1338 2649 1445 2680 Eceles,
1459 2649 1528 2677 Hist.
1546 2649 1593 2676 lib.
1608 2647 1642 2675 Xl
1658 2655 1718 2682 cap.
1736 2645 1781 2673 55.

1092 2697 1131 2732 (6)
1148 2696 1218 2723 llist.
1234 2695 1318 2723 Laus.
1329 2695 1373 2722 ed.
1403 2694 1504 2722 Mcurs.
1521 2701 1580 2728 cap.
1599 2693 1614 2719 7
1640 2692 1708 2727 Opp.
1736 2691 1838 2718 Mcurs.

1058 2744 1076 2770 l.
1086 2744 1104 2770 l.
1120 2751 1146 2778 p.
1163 2742 1212 2770 757
1224 2750 1265 2777 sq.
1279 2742 1349 2768 idem
1360 2741 1491 2768 Macarius
1508 2739 1649 2775 presbyter
1659 2737 1841 2765 Alexandriae

1059 2790 1143 2818 fuisse
1173 2789 1292 2820 videtur,
1324 2795 1404 2822 quem
1435 2787 1547 2814 laudant
1572 2786 1651 2812 Socr.
1671 2783 1742 2811 llist.
1763 2783 1838 2810 Eccl.

1059 2838 1105 2864 lib.
1120 2837 1139 2863 Ι.
1154 2843 1214 2870 cap.
1240 2835 1285 2867 ‘17;
1299 2834 1408 2861 Sozom.
1426 2832 1495 2859 Hist.
1509 2831 1582 2858 Eccl.
1602 2831 1650 2858 lib.
1668 2830 1688 2857 li
1707 2837 1767 2865 cap.
1783 2829 1844 2861 22,,

1062 2889 1116 2910 tum
1131 2881 1322 2913 Cassiodorus,
1340 2878 1509 2914 Nicophorus
1526 2877 1657 2905 Callistus
1672 2880 1726 2904 cet.
