2061 3150
235 131 289 160 173

546 130 596 159 SS.
617 129 847 159 MACARIORUM
866 129 1024 158 AEGYPTII
1057 130 1102 158 ΕΤ
1129 130 1360 160 ALEXANDRINI
1382 130 1510 158 VITAE.

1803 129 1854 157 178

235 188 368 222 Macario
385 191 675 232 Hierosolymorum
695 193 844 234 episcopo
864 191 920 233 (1),
937 192 1019 224 aliis-
1032 194 1056 223 Α
1069 201 1127 230 ne,
1147 202 1229 234 quae
1244 193 1283 224 de
1306 192 1443 224 Macario
1469 189 1678 222 Alexandrino
1701 188 1855 220 Palladius

236 241 500 282 que(2)facillimc
520 243 728 283 distinguitur.
744 243 804 275 Sed
824 251 887 275 una
906 251 1019 283 super-

236 295 285 324 est
306 292 490 330 difﬁcultas,
520 302 614 333 quam
644 294 750 325 obiicit
773 294 981 332 fragmentum
1004 302 1022 324 e

236 351 381 374 sermone
399 343 536 385 Philippi
553 344 689 376 Sidensis
712 345 804 376 XXIV
818 345 852 376 in
870 343 1022 376 Gallandii

236 393 428 425 Bibliotheca
440 394 498 424 PP.
511 402 670 431 excusum,
683 403 746 435 quo
756 394 882 426 scholae
888 394 1022 425 Alexan-

237 442 344 473 drinae
367 447 590 474 enumerantur
613 445 793 484 praepositi.
815 444 861 475 Ab
885 443 1022 475 Athena-

237 499 312 531 gora
328 492 423 529 enim,
439 493 492 533 qui
505 493 653 525 Hadriani
668 498 699 526 et
713 494 862 525 Antonini
873 493 1024 534 tempori-

236 543 297 574 bus
314 543 464 581 ﬂorebat,
487 543 658 584 incipiens,
683 545 845 576 recensitis
863 544 1024 576 nonnullis

238 593 306 624 aliis
320 593 359 624 ad
369 593 572 634 Serapionem
585 595 713 632 transit,
731 607 745 624 α
762 603 868 635 quem,
880 606 894 623 »
909 594 1023 635 inquit,

240 654 255 670 ε
274 644 398 683 excepit
416 652 549 683 magnus
566 644 619 676 ille
633 645 742 676 Petrus
757 646 925 685 episcopus
939 653 1023 676 mar-

238 693 320 732 tyrio
342 693 489 733 inclytus.
523 695 597 726 Post
618 696 745 726 Petrum
774 695 942 733 Macarius,
970 696 1025 735 qui

240 745 372 776 πολιτικὸς
398 751 416 774 a
444 745 656 776 conterraneis
693 748 740 776 est
775 746 1023 784 cognominatus.

239 792 312 823 Post
326 801 398 824 eum
413 793 562 834 Didymus
572 818 580 832 ,
603 798 676 835 post
689 795 858 835 Didymum
876 795 1024 833 Rhodon,

240 843 295 882 qui
306 842 409 880 etiam,
421 848 455 874 ut
465 845 552 876 testis
564 848 611 875 est
620 845 687 885 ipse
699 844 874 886 Philippus,
885 845 1025 877 scholam

239 893 395 924 transtulit
408 893 440 924 in
450 894 535 926 illam
545 895 646 935 ipsam
655 895 810 927 civitatem
822 896 917 927 Siden
926 896 1025 936 impe-

241 945 329 975 rante
345 951 459 982 magno
473 944 660 976 Theodosio.
682 946 782 977 Huius
803 945 967 978 Rhodonis
990 955 1024 977 se

242 992 429 1033 discipulum
445 993 540 1025 fuisse
562 995 604 1026 ait
618 995 820 1036 Philippus...
840 1008 854 1024 ν
876 996 929 1036 (3).
946 996 1024 1033 Quid

241 1042 354 1082 igitur?
367 1043 448 1074 Num
465 1045 614 1076 Macarius
628 1045 865 1084 Alexandrinus,
884 1046 940 1086 qui
953 1047 1024 1078 Pal-

242 1091 325 1124 ladio
344 1092 476 1132 aliisque
496 1095 627 1125 testibus
649 1099 783 1126 πολιτικὸς
804 1105 823 1128 a
848 1096 1025 1128 coaetaneis

242 1145 369 1173 vocatus
382 1147 430 1173 est
441 1142 494 1183 (4),
510 1143 689 1184 aliquando,
705 1149 776 1177 ante
789 1146 955 1186 Didymum
964 1146 1026 1177 sci-

244 1192 316 1225 licet
338 1193 464 1225 scholae
477 1193 702 1226 Alexandrinae
708 1195 1028 1236 praefuitTOmniasa-

280 1300 319 1335 (l)
332 1300 440 1329 Sozom.
456 1301 524 1329 Hist.
538 1299 613 1329 Eccl.
626 1300 674 1328 lib.
689 1299 699 1327 l
727 1307 788 1336 cap.
801 1300 851 1335 l7;
861 1300 1028 1330 Theodoret.

247 1345 319 1375 Hist.
336 1347 410 1376 Eccl.
424 1347 472 1376 lib.
488 1347 498 1374 l
521 1355 582 1383 cap.
599 1346 643 1380 l6,
660 1345 727 1383 Opp.
744 1347 789 1375 ed.
806 1346 932 1376 Noesselt
946 1347 979 1377 Τ.
996 1348 1030 1376 ιιι

246 1401 273 1428 Ρ.
283 1393 397 1474 gilii:
408 1438 544 1473 pertinent
556 1436 691 1465 Macarius
708 1435 860 1470 Romanus,
879 1439 959 1466 cuius
970 1439 1027 1466 vita

248 1486 339 1511 exstat
349 1482 407 1510 VV;
424 1482 476 1509 PP.
491 1482 584 1510 Rosw.
600 1481 654 1508 234
668 1489 724 1517 sq.,
735 1481 871 1511 Macarius
881 1483 1030 1512 Mathema-

249 1529 332 1562 ticus,
356 1536 437 1564 quem
460 1527 574 1557 Ruﬁnus
591 1528 618 1556 In
636 1527 750 1564 Apolog.
766 1527 926 1566 [lnvectiv.]
941 1530 990 1559 lib.
1007 1530 1029 1558 ll

1072 243 1230 282 ceterique
1244 242 1458 280 tradiderunt,
1473 242 1503 273 ei
1520 239 1748 272 contradicunt.
1759 241 1854 270 Acce-

1072 293 1127 330 dit,
1140 293 1226 333 quod
1247 293 1413 330 Palladius,
1425 292 1480 333 qui
1489 295 1552 323 tres
1562 299 1661 322 annos
1670 298 1741 321 cum
1752 289 1855 320 Maca-

1072 343 1120 374 rio
1130 343 1340 374 Alexandrino
1351 343 1424 373 vixit
1431 342 1471 384 (5)
1482 366 1490 380 ,
1499 346 1530 373 et
1537 341 1679 377 Rufinus,
1687 340 1753 380 qui,
1764 339 1857 379 Didy-

1072 400 1125 423 mo
1141 401 1197 423 sex
1210 401 1310 423 annos
1320 391 1477 429 audito,in
1487 399 1625 422 cremum
1637 389 1676 421 ad
1690 389 1856 421 Macarium

1073 442 1234 483 profectus
1244 447 1291 474 est
1303 442 1357 484 (6),
1368 443 1451 475 illius
1466 443 1512 474 rei
1527 451 1566 474 ne
1582 442 1768 473 levissimam
1784 441 1855 481 qui-

1074 493 1147 525 dem
1167 494 1361 526 mentionem
1378 494 1506 525 faciunt.
1522 495 1567 524 Ex
1582 493 1696 533 quibus
1712 501 1771 531 ego
1785 492 1856 532 qui-

1074 544 1146 576 dem
1177 544 1330 582 coniicio,
1367 545 1534 575 Macarium
1567 551 1694 583 quoque
1727 545 1857 573 πολιτικόν

1073 594 1173 632 illum,
1197 594 1324 626 scholae
1349 594 1575 625 Alexandrinae
1592 594 1672 629 188
1689 592 1857 632 aliquando

1074 645 1253 682 antistitem,
1269 653 1288 676 a
1303 645 1418 676 nostris
1428 644 1569 675 Macariis
1582 644 1738 674 diversum
1748 642 1857 673 fuisse.

1075 696 1155 726 Num
1169 703 1244 726 vero
1261 695 1412 726 Macarius
1426 695 1590 735 presbyter
1602 694 1661 725 iste
1675 691 1857 724 Alexandri-

1075 754 1135 777 nus
1151 745 1279 777 antistes
1291 745 1417 776 scholae
1436 745 1520 777 illius
1536 744 1717 776 statuendus
1729 743 1784 781 sit,
1799 751 1857 775 ne-

1076 804 1138 836 que
1152 804 1266 835 negare
1281 804 1387 836 neque
1401 796 1554 827 afﬁrmare
1570 795 1681 827 ausim.

1115 895 1223 935 Itaque
1238 895 1438 935 quaestiones
1451 894 1491 926 de
1499 893 1701 925 Macariorum
1717 892 1860 932 Aegyptii

1078 948 1109 976 et
1131 945 1331 977 Alexandrini
1354 945 1425 976 vitis
1447 945 1646 976 absolvimus.
1674 944 1720 974 Ad
1747 943 1860 982 scripta

1078 1004 1186 1027 eorum
1196 995 1281 1036 quod
1287 996 1406 1033 attinet,
1413 1004 1450 1027 ea
1456 995 1583 1036 quidem
1591 994 1771 1034 dignissima
1776 996 1859 1031 sunt,

1077 1047 1116 1078 de
1126 1046 1240 1086 quibus
1252 1045 1345 1077 simili
1363 1045 1482 1077 ratione
1491 1044 1665 1077 accuratius
1674 1044 1858 1084 inquiratur.

1077 1096 1139 1127 Sed
1152 1096 1210 1127 hac
1225 1095 1453 1136 disquisitione,
1474 1104 1572 1136 quum
1591 1095 1630 1126 ab
1653 1094 1713 1126 hoc
1734 1094 1861 1134 quidem

1079 1145 1242 1187 proposito
1263 1149 1371 1177 nostro
1385 1145 1487 1177 aliena
1501 1145 1552 1183 sit,
1564 1145 1598 1176 in
1617 1144 1793 1186 praesentia
1806 1152 1861 1175 su-

1080 1196 1294 1237 persedemus.

1081 1303 1185 1336 laudat,
1201 1307 1256 1332 cet.

1116 1349 1156 1385 ('5)
1170 1348 1295 1377 Galland.
1313 1347 1442 1376 Bibliotb.
1462 1347 1515 1376 PP.
1530 1347 1563 1376 τ.
1579 1346 1615 1375 IX
1634 1355 1662 1383 p.
1679 1347 1753 1375 ιωυ

1115 1395 1154 1431 (ι)
1166 1395 1208 1423 cr.
1225 1402 1307 1430 supra
1324 1394 1339 1431 ε
1354 1394 1390 1422 24
1404 1402 1432 1430 p.
1444 1394 1496 1423 ιοι
1511 1394 1526 1431 §
1540 1393 1576 1422 25
1593 1393 1687 1430 p.105
1701 1401 1762 1429 sqq.

1116 1441 1155 1477 (5)
1172 1441 1259 1477 Supra
1275 1449 1302 1477 p.
1320 1441 1367 1469 66.
1381 1441 1427 1469 85.

1117 1486 1156 1523 (6)
1171 1486 1260 1522 Supra
1276 1486 1290 1520 ε
1305 1487 1322 1515 6
1336 1495 1365 1522 p.
1381 1487 1426 1516 l8.
