2061 3150
205 192 252 220 181

185 248 290 283 ἀὐτὴν
309 247 338 274 ἐν
358 248 474 283 σχήματι
495 247 628 283 φορϐάδος
651 248 808 284 ἀπωδύρετο
829 248 876 275 καὶ
892 249 984 277 ἔκλαιε

203 293 253 328 τὴν
276 293 431 328 συμφοράν·
447 293 493 319 καὶ
515 293 769 328 προσκαλεσάμενος
785 296 847 325 τοὺς
866 295 983 330 πρεσϐυ-

202 339 298 375 τέρους
317 340 366 374 τῆς
388 339 484 373 κώμης
505 338 623 375 δείκνυσι
644 339 742 374 αὐτὴν,
760 339 806 366 καὶ
822 340 882 366 οὐδὲ
904 341 982 367 αὐτοὶ

204 385 320 420 συνῆκαν
333 385 363 410 τὸ
377 384 496 418 γεγονός.
518 385 565 411 καὶ
582 385 628 410 ἐπὶ
651 387 725 420 τρεῖς
743 385 849 420 ἡμέρας
868 385 980 420 μηδενὸς

201 429 370 464 γευσαμένης
394 428 493 463 αὐτῆς,
509 429 602 460 τέλος,
623 429 666 455 ἵνα
685 429 800 464 δοξασθῇ
820 430 834 455 ὀ
853 429 919 461 Θεὸς
935 429 980 456 τὸν

200 473 275 507 ἅγιον
291 474 382 506 αὑτοῦ,
396 474 479 510 ἀνέϐη
495 475 540 501 ἐπὶ
553 474 575 490 ’⁵ο
590 475 635 501 τὸν
652 475 714 501 νοῦν
729 475 775 501 τοῦ
788 475 894 511 ἀνδρὸς,
909 476 979 509 ἀγα-

199 520 256 552 γεῖν
274 519 358 553 αὐτὴν
373 519 394 534 ι*
418 520 458 550 εἰς
475 520 523 554 τὴν
540 518 642 555 ἔρημον
656 519 678 534 ⁴¹
695 519 763 555 πρὸς
783 520 828 546 τὸν
853 519 929 553 ἅγιον
945 519 978 546 ⁸³.

198 566 244 591 καὶ
273 565 422 600 φορὸιὰσας
440 565 463 581 ⁸⁸
482 566 564 600 αὐτὴν
588 566 624 597 ὡς
657 566 754 598 ἵππον,
783 565 868 596 οὕτως
895 565 979 600 αὐτὴν

197 611 299 646 ήγαγεν
310 630 317 641 ,
333 610 396 637 ἔνθα
410 610 478 645 ᾧκει
492 612 506 638 ὁ
519 611 566 637 τοῦ
581 611 648 637 ε)εοῦ
669 611 820 646 ἄνθρωπος.
837 611 885 637 καὶ
899 611 926 637 ἐν
941 610 979 645 τῷ

196 655 343 692 πλησιάσαι
368 656 491 690 λέγουσιν
517 657 591 692 αὐτῷ
613 657 638 683 οἱ
664 657 790 691 ἀδελφοί’
808 657 834 683 τί
861 653 910 683 ὦδε
929 656 979 691 τὴν

197 701 318 736 φορϐάδα
330 702 450 737 ἡγαγεςς
466 703 513 728 καὶ
535 702 609 736 λέγει
632 703 745 734 ἐκεῖνος·
773 700 813 729 ἵνα
830 702 927 737 ἐλεηθῇ
943 703 977 737 τῇ

197 749 336 782 προσευχῇ
358 747 404 773 τοῦ
426 747 540 775 δικαίου.
559 749 582 774 οἱ
599 748 626 774 δὲ
646 749 713 783 πρὸς
730 748 810 774 αὐτόν
827 748 867 764 ⁸³·
882 748 908 774 τί
924 747 977 783 γὰρ

198 791 254 826 ἔχει
269 792 352 817 κακόν
364 800 370 824 ;
385 792 456 825 λέγει
467 793 566 824 αὐτοῖς·
584 793 663 828 αὕτη,
676 793 709 828 ἦν
723 794 802 828 ὁρᾶτε
811 793 834 809 ⁸⁸
844 793 975 828 φορϐάδα,

198 838 214 872 ἡ
238 839 305 873 γυνή
328 846 379 872 μου
393 837 425 874 ἦν
445 839 460 874 ὴ
486 838 576 871 ἀθλία,
594 841 641 866 καὶ
662 841 711 866 οὐκ
728 838 796 872 οἶδα,
817 840 842 866 τί
861 840 908 866 νῦν
927 841 976 876 μὲν

197 883 264 919 αὐτή
276 883 307 909 ⁵⁷.
334 884 511 920 ἀπεκαλύφθη
533 885 561 911 δὲ
586 885 623 920 τῷ
646 886 715 920 ἁγίῳ
737 886 824 912 πάντα
846 886 880 912 τὰ
895 895 975 920 γεγο-

197 929 260 954 νότα
273 929 338 963 αὐτῇ
352 929 384 961 ⁸⁸,
399 930 447 956 καὶ
461 929 494 965 ἦν
508 930 633 965 δεόμενος
647 931 692 958 τοῦ
709 931 777 957 θεοῦ
792 932 857 967 περὶ
879 932 974 966 αὐτῆς.

196 973 220 998 οξ
237 973 265 998 δὲ
285 973 450 1005 ἀκούσαντες
471 974 557 1000 ταῦτα
578 975 743 1010 ἀναφέρουσι
766 975 806 1010 τῷ
829 976 974 1010 θεράποντι

195 1017 239 1044 τοῦ
251 1019 367 1054 Χριστοῦ
378 1019 513 1056 Μακαρίῳ
523 1020 658 1054 λέγοντες,
670 1021 710 1047 ὅτι
721 1021 843 1056 φορϐάδα
857 1021 974 1048 ἐνταῦθά

192 1072 234 1095 τις
248 1064 360 1098 ἢγαγεν.
385 1065 457 1099 λέγει
478 1066 584 1097 αὐτοῖς·
607 1067 685 1101 ὑμεῖς
701 1067 761 1093 ἐστε
776 1067 864 1098 ἵπποι,
880 1068 905 1093 οἰ
918 1067 973 1094 τῶν

193 1110 282 1136 ἵππων
296 1111 358 1142 τοὺς
371 1111 526 1146 ὀφθαλμοὺς
535 1111 651 1146 ἔχοντες·
664 1112 755 1148 ὲκείνη
769 1112 796 1138 δὲ
806 1113 874 1147 γυνή
888 1114 972 1143 ἐστιν,

191 1156 228 1188 ὡς
237 1156 359 1191 ἐκτίσθη,
373 1157 442 1183 ἀλλὰ.
459 1157 537 1193 μόνον
550 1158 629 1185 τοῦτο
641 1159 790 1193 φαινομένη
799 1159 821 1174 ⁵⁵
837 1168 973 1194 μετασχη-

193 1202 356 1236 ματισθεῖσα
378 1205 435 1235 τοῖς
460 1203 609 1239 ὀφθαλμοῖς
632 1204 686 1231 τῶν
708 1206 900 1240 ἠπατημένων.
926 1205 972 1232 καὶ

191 1248 391 1283 προσαχθείσης
419 1250 504 1284 αὐτῆς
526 1251 676 1286 εὐλογήσας
694 1251 766 1286 ὕδωρ
786 1252 832 1277 καὶ
851 1251 905 1277 ἀπὸ
924 1261 971 1278 κο-

192 1289 279 1324 ρυφῆς
294 1291 407 1325 ἐπιχέας
430 1292 496 1326 αὐτῇ
523 1293 629 1327 γυμνῇ,
646 1293 692 1318 καὶ
718 1293 799 1327 εὐχὴν
819 1293 935 1327 ποιήσας
948 1293 970 1308 ⁵⁰

190 1335 237 1361 ἐπὶ
252 1335 301 1370 τὴν
318 1337 440 1372 κεφαλὴν
460 1337 546 1371 αὐτῆς
558 1338 591 1369 ⁵¹,
609 1338 778 1374 παραχρῆμα
799 1338 885 1372 ἐφάνη
905 1339 970 1364 πᾶσι

189 1380 257 1415 γυνὴ
280 1381 431 1416 καθορῶσιν
442 1383 475 1412 ⁵³,
503 1382 550 1408 καὶ
568 1382 709 1408 ἐκέλευσεν
731 1382 797 1417 αὐτῇ
821 1382 932 1417 δοθῆναι
948 1383 970 1398 ³³

190 1427 295 1460 φαγεῖν.
312 1427 424 1453 ὑπέθετο
452 1427 480 1454 δὲ
501 1428 569 1463 αὐτῇ
583 1429 597 1453 ὀ
614 1427 661 1454 τοῦ
684 1428 750 1454 Θεοῦ
772 1428 914 1463 ἄνθρωπος
931 1429 970 1454 ει-

189 1467 247 1493 πι-ᾲν
257 1475 264 1482 ”
280 1468 414 1503 μηδέποτε
435 1468 602 1503 ἀπολειφθῇς
612 1469 634 1484 ⁵⁵
646 1469 694 1504 τῆς
711 1469 758 1494 τοῦ
772 1468 840 1494 Θεοῦ
871 1469 970 1504 ἐκκλη-

189 1512 249 1544 σίας
259 1513 282 1529 ⁸⁵
296 1514 342 1539 καὶ
357 1514 406 1548 τῆς
427 1514 569 1545 κοινωνίας
588 1514 642 1540 τῶν
664 1514 819 1549 μυστηρίων
838 1514 884 1541 τοῦ
901 1515 968 1550 Χρι-

190 1558 252 1584 στοῦ
267 1559 299 1585 ⁵⁸.
322 1559 401 1585 τοῦτο
422 1559 475 1594 γάρ
495 1552 536 1586 σοί
560 1559 658 1594 συνέϐη
678 1559 721 1585 διὰ
740 1559 771 1585 τὸ
789 1559 835 1585 ἐπὶ
850 1559 872 1574 ⁸⁷
888 1560 967 1586 πέντε

188 1602 338 1637 ἑϐδομάδας
364 1603 401 1638 μὴ
428 1604 656 1639 προσεληλυθέναι
687 1612 716 1629 σε
741 1605 797 1636 τοῖς
823 1604 966 1638 ἀκράντοις

189 1645 359 1679 μυστηρίοις.
383 1645 467 1676 οὕτως
483 1646 627 1681 ἰασάμενος
640 1645 723 1681 αὐτὴν
733 1645 965 1682 σώματικαὶψυχῇ

187 1685 321 1712 ἀπέλυσεν
334 1686 429 1721 αὑτήν.

227 1729 349 1762 Ἐλέγετο
363 1729 401 1760 δὲ,
421 1729 462 1755 ὅτι
483 1730 513 1755 ἐν
534 1728 573 1763 τῷ
597 1728 695 1764 μακρῷ
718 1729 768 1763 τῆς
787 1729 859 1763 ζωῆς
886 1729 967 1755 αὑτοῦ

187 1771 273 1806 χρόνῳ
287 1771 413 1805 ὑπόγειον
424 1772 447 1787 ⁵⁵
460 1773 574 1807 ποιήσας
584 1772 606 1788 ⁵⁹
622 1772 739 1806 σύριγγα
752 1772 906 1807 ὀρύγματος
916 1773 970 1798 ἀπὸ

186 1816 236 1851 τῆς
261 1816 360 1851 κὲλλης
383 1816 464 1842 αὑτοῦ
488 1816 648 1851 ἡμισταδίου
671 1817 757 1850 μῆκος
777 1817 815 1847 εἰς
835 1818 866 1842 τὸ
885 1817 968 1852 ἄκρον

187 1858 316 1893 σπήλαιον
339 1859 520 1890 ἀπετέλεσεν,
543 1858 589 1884 καὶ
606 1858 631 1884 εῐ
658 1866 722 1883 ποτε
747 1858 869 1889 πλείονες
894 1859 968 1894 αὐτῴ

185 1904 305 1939 ιῖιχλουν⁷
331 1903 460 1939 κρυπτῶς
477 1904 508 1929 ὲκ
533 1904 582 1938 τῆς
602 1904 701 1939 κέλλης
725 1903 804 1936 ἐξιὼν
829 1905 911 1940 ἀπῄει
928 1906 968 1937 εἱς

185 1950 217 1976 τὸ
241 1949 371 1984 σπήλαιον
401 1950 448 1975 καὶ
479 1949 528 1984 οὐχ
553 1949 711 1984 εὐρῐσκετο·
739 1949 786 1975 καὶ
812 1949 852 1975 ὅτι
879 1950 967 1976 ἀπιὼν

185 1994 229 2021 διὰ
245 1995 294 2029 τῆς
314 1994 443 2028 σύριγγος
456 1994 543 2020 εἴκοσι
560 1994 693 2029 τέσσαρας
709 1994 796 2020 ἐποίει
812 1993 894 2029 εὐχὰς
915 1995 967 2026 ἕως

184 2039 231 2066 τοῦ
248 2034 389 2074 σπηλαίου,
406 2039 452 2065 καὶ
467 2039 612 2074 ἐρχόμενος
624 2039 704 2065 πάλιν
716 2039 826 2074 ὁμοίως.

219 2085 286 2120 Περὶ
301 2084 397 2111 τούτου
409 2084 504 2120 ἐξῆλθε
519 2086 608 2120 φήμη,
621 2085 661 2111 ὅτι
676 2085 723 2110 καὶ
738 2085 833 2120 νεκρὸν
844 2085 963 2120 ἤγειρεν,

186 2127 227 2158 ἵνα
245 2131 380 2166 αἱρετικὸν
394 2131 475 2166 πείσῃ
498 2131 535 2166 μὴ
551 2131 732 2166 ὁμολογοῦντα
747 2131 895 2161 ἀνάστασιν
911 2140 965 2157 σω-

185 2178 286 2213 μάτωψ
305 2178 350 2204 καὶ
363 2177 432 2213 αὕτη
447 2178 464 2213 ὴ
481 2178 559 2213 φήμη
577 2177 687 2213 ἐκράτει
702 2178 768 2212 περὶ
782 2177 864 2204 αὑτοῦ
882 2178 911 2204 ἐν
930 2179 964 2214 τῇ

184 2223 279 2257 ὲρήμῳ
294 2223 327 2249 °°-

219 2264 274 2290 Kal.
284 2264 376 2291 ἄλλοτε
397 2263 564 2300 προσενέχθη
584 2263 657 2298 αὐτῷ
667 2263 808 2295 νεανίσκος
818 2264 963 2299 δαιμονιῶν

183 2309 259 2345 παρὰ
275 2310 322 2345 τῆς
340 2309 407 2340 ἰδίας
425 2309 536 2344 μητρὸς,
556 2309 615 2335 δυσὶ
635 2309 786 2341 νεανίσκοις
806 2310 963 2345 συνδεδεμέ-

182 2364 226 2387 νος
241 2356 269 2388 ἐξ
277 2355 406 2389 ἑκατέρου
424 2355 534 2389 μέρους·
552 2355 653 2390 ταύτην
661 2355 689 2380 δὲ
702 2355 723 2370 ⁶¹
734 2355 783 2390 τὴν
797 2355 936 2390 ἐνέργειαν
949 2357 962 2382 ὁ

181 2398 284 2432 δαίμων
309 2395 390 2432 εἶχεν·
423 2396 505 2431 τριῶν
522 2397 619 2431 μοδίων
643 2396 741 2431 ἄρτους
751 2397 840 2432 ἤσθιε,
861 2397 907 2423 καὶ
920 2406 962 2424 κι-

181 2441 295 2467 λικίσιον
325 2440 419 2471 ὓδατος
444 2439 551 2465 ἔπινεν·
579 2439 649 2474 ειπερ
674 2441 696 2455 "
719 2440 898 2475 ἑρευγόμενος
922 2442 962 2472 εἰς

182 2485 266 2520 ἀτμὸν
284 2485 316 2500 ⁸¹⁸
329 2484 424 2510 ἀνέλυε
438 2483 467 2509 τὰ
477 2483 608 2518 βρώματα
623 2483 660 2515 ὡς
674 2484 727 2510 ἀπὸ
743 2484 764 2500 ⁵³
776 2484 860 2519 πυρὸς
875 2485 961 2512 δαπα-

181 2531 288 2567 νώμενα
299 2530 330 2556 ⁸⁸.
348 2532 403 2557 ἐστι
418 2530 472 2564 γάρ
488 2537 514 2555 τι
529 2529 664 2564 δαιμόνιον
682 2529 772 2564 τάγμα
792 2530 901 2565 πύρινον
919 2531 962 2557 λε-

181 2577 306 2612 γόμενον,
326 2575 376 2602 οὐκ
396 2575 490 2606 οὐσίας
508 2574 721 2610 μεταϐληθεὶσης
734 2575 767 2608 ⁸³,
789 2575 847 2602 ἀλλ’
863 2575 899 2607 ὡς
916 2577 961 2602 καὶ

954 192 1056 220 ACTA.

1757 196 1810 224 £82

999 255 1021 282 Α
1036 252 1118 285 venit,
1131 252 1158 278 in
1176 252 1262 279 forma
1272 260 1358 287 equae
1372 260 1429 279 eam
1439 252 1621 287 conspicatus,
1634 252 1763 286 ingemuit
1777 260 1809 280 ac

1033 296 1105 324 ﬂevit
1119 297 1152 324 de
1167 298 1211 330 iis,
1237 306 1306 332 quae
1325 298 1489 325 necideraat.
1514 298 1622 324 Vacalis
1641 297 1739 324 deinde
1755 297 1808 325 vici

1031 343 1197 377 presbyteris
1212 351 1270 370 eam
1279 344 1407 374 ostendit,
1426 343 1471 370 sed
1488 351 1520 370 ne
1534 343 1558 369 hi
1573 343 1682 377 quidem
1695 351 1749 369 rem
1764 345 1807 370 in-

1031 389 1203 415 tellexerunt.
1231 390 1318 422 Quum
1346 390 1427 424 igitur
1443 389 1486 415 illa
1510 389 1598 415 tribus
1621 389 1716 416 diebus
1741 389 1807 416 nihil

1031 434 1141 461 omnino
1169 435 1341 466 comedisset,
1377 439 1541 469 postremum
1575 435 1645 462 Deus
1681 439 1806 461 sanctum

1033 485 1115 505 suum
1147 479 1350 514 gloriﬁcaturns
1374 480 1563 514 cogitationem
1589 481 1687 506 marito
1715 481 1806 514 injecit

1031 523 1146 550 adeundi
1174 532 1235 551 cum
1261 533 1292 551 ea
1318 530 1440 552 sanctum
1474 525 1562 551 virum
1586 525 1612 550 in
1641 525 1804 558 solitudine;

1030 576 1114 602 quare
1133 569 1156 596 is
1173 571 1293 604 capistro
1307 570 1415 604 ligatam
1431 573 1459 595 ut
1474 577 1569 603 equam
1590 569 1677 599 duxit,
1705 571 1750 596 tibi
1763 571 1805 596 vir

1030 613 1075 642 Dei
1098 615 1246 643 habitabat.
1265 615 1499 651 Appropinquanti
1527 615 1647 641 fratres:
1666 615 1745 648 Quid,
1766 615 1806 641 in-

1029 659 1136 693 quiunt,
1153 660 1206 686 huc
1223 668 1320 695 equam
1343 660 1498 686 adduxisti?
1517 658 1563 686 ille
1588 660 1754 693 respondet:
1770 658 1805 686 Ut

1026 705 1093 739 justi
1116 705 1239 733 oratione
1265 706 1480 733 misericordiam
1493 710 1685 740 consequatur.
1703 707 1736 732 At
1751 706 1778 732 bi
1796 715 1802 733 :

1028 751 1098 784 Quid
1115 752 1222 778 tandem
1240 753 1302 779 mali
1320 752 1419 779 habet?
1434 752 1586 786 Respondet
1605 762 1611 779 :
1630 752 1710 787 250
1723 752 1804 784 llaec.

1028 805 1108 833 quant
1128 798 1224 825 videtis
1238 806 1344 833 equam,
1359 807 1423 826 cara
1438 807 1495 825 mea
1521 807 1589 825 uxor
1606 804 1674 831 erat,
1688 803 1724 830 et,
1739 798 1805 833 quid

1025 844 1080 879 jam
1088 844 1111 870 ei
1124 844 1367 875 acciderit,nescio.
1378 844 1504 872 Revelata
1512 849 1600 871 autent
1611 849 1705 871 sancto
1713 845 1804 871 omnia

1026 894 1114 922 erant,
1130 898 1199 924 quae
1220 891 1318 918 femina
1338 897 1486 925 pateretur,
1501 895 1527 916 et
1541 892 1622 916 Deum
1646 890 1739 917 orabat
1755 899 1804 925 pro

992 934 1014 962 Β
1027 943 1068 962 ea.
1082 935 1120 962 Illi
1137 943 1201 962 vero
1216 943 1277 962 cum
1298 936 1349 963 ista
1368 935 1548 966 audivissent,
1562 936 1683 962 referunt
1696 936 1728 962 ad
1744 944 1803 963 ser-

1025 988 1088 1007 vnm
1113 981 1213 1008 Christi
1234 981 1390 1011 Macarium,
1418 981 1539 1008 dicentes
1559 991 1564 1008 :
1581 981 1680 1016 Equam
1704 982 1803 1016 aliquis

1024 1026 1221 1053 huc'adduxit.
1253 1027 1358 1059 Quibus
1375 1027 1398 1053 is
1415 1026 1498 1058 :Vos,
1523 1027 1620 1061 inquit.
1636 1028 1702 1055 estis
1728 1027 1800 1061 equi,

1024 1071 1069 1105 qui
1083 1079 1213 1106 equorum
1227 1072 1322 1099 oculos
1339 1071 1459 1104 habetis;
1474 1073 1520 1099 illa
1534 1076 1623 1099 autem
1638 1072 1736 1100 femina
1750 1077 1800 1105 est,

1023 1121 1052 1143 ut
1065 1121 1104 1143 est
1124 1121 1226 1148 creata,
1243 1120 1269 1143 et
1283 1117 1319 1143 ita
1330 1116 1526 1144 transformata
1538 1117 1624 1144 oculis
1636 1121 1739 1144 tantum
1756 1125 1802 1151 ap-

1022 1167 1098 1197 paret
1110 1170 1216 1195 eorum,
1233 1163 1277 1196 qui
1292 1167 1358 1190 sunt
1376 1163 1490 1196 decepti.
1507 1162 1609 1190 Deinde
1633 1171 1701 1197 aqua
1717 1163 1800 1190 bene-

1021 1208 1092 1234 dicta
1107 1209 1217 1240 nudam,
1233 1216 1314 1242 quam
1334 1208 1512 1239 adduxerant,
1542 1216 1555 1234 a
1573 1217 1679 1240 summo
1700 1209 1800 1236 vertice

1021 1254 1145 1287 aspersit,
1170 1262 1308 1288 quumque
1330 1262 1411 1288 super
1428 1259 1510 1288 caput
1529 1254 1589 1289 ejus
1615 1260 1741 1288 precatus
1754 1263 1799 1282 es-

1020 1299 1170 1329 set,statim
1181 1299 1306 1326 omnibus
1314 1306 1372 1325 eam
1387 1299 1541 1327 videntibus
1554 1300 1650 1327 femina
1663 1301 1797 1335 apparuit.

1019 1345 1107 1379 Atque
1125 1345 1165 1370 vir
1180 1343 1227 1371 Dei
1249 1345 1274 1371 ei
1289 1345 1378 1370 cibum
1408 1346 1505 1379 apponi
1526 1345 1619 1379 jussit.
1641 1345 1709 1372 Tum
1738 1354 1798 1373 eam

1019 1390 1186 1416 commonuit
1208 1390 1302 1417 dicens
1320 1399 1327 1418 :
1343 1389 1488 1424 Nunquam
1509 1399 1562 1418 non
1586 1399 1745 1426 compareas
1770 1391 1797 1418 in

1019 1436 1133 1462 ecclesia
1151 1435 1197 1462 Dei
1210 1439 1238 1462 et
1256 1436 1282 1462 in
1299 1437 1490 1464 communione
1504 1438 1694 1472 mysteriorum
1716 1438 1798 1464 Chri-

1020 1482 1068 1513 sti;
1095 1482 1160 1508 baec
1173 1482 1244 1507 enim
1266 1481 1315 1508 tibi
1335 1482 1505 1512 acciderunt.
1523 1483 1585 1517 quia
1606 1483 1661 1517 jam
1680 1484 1799 1517 quinque

1008 1526 1234 1554 ihebdomadibus
1251 1534 1303 1552 non
1319 1527 1461 1554 accessisti
1479 1527 1510 1554 ad
1526 1528 1681 1555 intemerata
1698 1529 1798 1556 Christi

1019 1571 1158 1606 mysteria.
1184 1570 1222 1596 Ita
1244 1578 1301 1597 eam
1322 1577 1436 1604 Corpore
1455 1574 1481 1597 et
1507 1572 1594 1596 anima
1612 1575 1735 1598 sanatam
1757 1570 1799 1598 di—

1019 1616 1103 1643 misit.

1054 1661 1139 1688 Porro
1165 1661 1306 1688 dicebatur
1330 1662 1479 1698 posteriore
1500 1663 1571 1689 vitae
1588 1669 1653 1689 suae
1676 1665 1799 1697 tempore

1021 1706 1224 1733 subterraneum
1250 1707 1352 1735 fodisse
1378 1708 1533 1735 cuniculum
1561 1708 1586 1737 in
1607 1707 1713 1734 dimidii
1735 1716 1798 1743 spa-

1020 1753 1085 1778 tium
1096 1753 1185 1785 stadii,
1202 1757 1228 1780 et
1243 1754 1399 1788 speluncam
1417 1754 1560 1788 ailjecisse.
1577 1753 1605 1780 Si
1625 1754 1735 1788 quando
1749 1754 1799 1788 igi-

1020 1801 1063 1823 tur
1076 1799 1232 1832 complnres
1259 1799 1284 1825 ei
1309 1804 1388 1825 erant
1416 1799 1536 1830 molesti,
1552 1799 1660 1826 occulte
1685 1807 1700 1826 e
1730 1800 1798 1825 cella

1018 1851 1145 1878 egressus
1170 1844 1235 1870 abiit
1256 1844 1288 1876 in
1312 1845 1480 1879 speluncam,
1506 1845 1554 1875 ita,
1582 1849 1611 1872 ut
1638 1852 1717 1870 nemo
1733 1853 1794 1871 enm

1022 1889 1167 1915 inveniret.
1179 1889 1281 1915 Abiens
1297 1897 1363 1916 vero
1381 1898 1429 1925 per
1446 1890 1604 1916 cuniculum
1619 1890 1710 1924 viginti
1730 1898 1798 1924 qua—

1017 1937 1080 1960 tuor
1112 1935 1251 1962 orationes
1276 1934 1385 1962 dicebat
1405 1943 1492 1970 usque
1521 1935 1555 1961 ad
1575 1935 1746 1970 speluncam,
1771 1939 1797 1962 et

1017 1979 1126 2006 rediens
1149 1979 1274 2007 totidem.

983 1704 1003 1732 C

1051 2038 1128 2066 Deeo
1143 2047 1252 2074 quoque
1271 2039 1342 2066 fama
1359 2040 1435 2071 exiit,
1459 2040 1532 2075 quod
1548 2044 1684 2067 mortuum
1706 2040 1797 2067 susci-

1015 2086 1091 2117 tarit.
1109 2090 1138 2112 ut
1158 2086 1334 2113 convinceret
1348 2087 1526 2118 haereticum,
1544 2087 1589 2122 qui
1615 2088 1795 2114 resurrectio-

1015 2140 1076 2159 nem
1107 2139 1251 2165 corporum
1281 2140 1336 2159 non
1367 2133 1555 2167 proﬁtebatur.
1584 2134 1660 2166 Quae
1685 2134 1794 2168 quidem

1015 2178 1086 2205 fama
1107 2182 1236 2205 constans
1253 2177 1304 2205 fuit
1318 2179 1344 2205 in
1365 2178 1523 2206 solitudine.

1048 2257 1126 2291 251
1140 2256 1211 2283 Alias
1219 2257 1252 2284 ad
1264 2257 1351 2292 ipsum
1363 2261 1449 2284 mater
1461 2257 1573 2284 adduxit
1585 2257 1792 2291 adolescentem,

1014 2305 1059 2338 qui
1074 2312 1089 2331 a
1101 2305 1233 2331 daemone
1247 2305 1404 2334 vexabatur,
1428 2312 1443 2330 a
1455 2305 1562 2331 duobus
1576 2305 1793 2332 adolescentibus

979 2367 1002 2396 Β
1015 2350 1149 2383 utrimque
1161 2349 1348 2376 constrictum.
1366 2349 1486 2384 Eamque
1498 2349 1525 2376 in
1537 2357 1597 2376 eum
1614 2349 1666 2375 vim
1681 2350 1792 2375 daemon

1016 2395 1146 2425 exercuit,
1168 2400 1197 2422 ut
1214 2395 1296 2421 trium
1312 2394 1463 2421 modiorum
1481 2402 1564 2429 panes
1584 2393 1749 2424 comederet,
1767 2397 1794 2419 et

1016 2440 1162 2474 amphorae
1186 2439 1338 2468 Ciliciensis
1366 2448 1462 2475 aquam
1493 2441 1604 2467 biberet.
1627 2439 1699 2472 Quos
1718 2440 1794 2466 cibos

1016 2486 1112 2513 exinde
1130 2492 1258 2513 eructans
1275 2487 1300 2512 in
1327 2494 1452 2519 vaporem
1477 2487 1646 2516 resolvebat,
1665 2491 1792 2519 tanquam

1014 2531 1075 2565 igne
1089 2536 1326 2558 consumerentur.
1339 2530 1384 2557 Est
1399 2531 1471 2558 enim
1486 2531 1552 2558 ordo
1561 2531 1669 2565 quidam
1684 2531 1794 2557 daemo-

1015 2585 1091 2606 num.
1108 2577 1153 2610 qui
1168 2576 1264 2611 igneus
1275 2581 1404 2610 vocatur,
1417 2576 1463 2611 qui
1474 2575 1581 2610 quidem
1596 2584 1649 2602 non
1664 2575 1792 2607 essentia,

806 2621 932 2649 VAlllAE
951 2623 1154 2650 LECTIONES.

216 2668 238 2683 “
252 2667 332 2697 Belc.
370 2666 391 2682 “
408 2665 428 2700 Β
444 2665 526 2700 αὐτὴν
541 2665 615 2699 πρὸς
629 2667 730 2692 αὐτόν.

179 2703 232 2730 ΑΒ.
253 2703 275 2718 ³⁵
290 2702 309 2728 Β
323 2702 347 2727 οἱ
359 2702 386 2727 δὲ
400 2699 493 2728 εἷπον.
506 2699 510 2700 ⁷
531 2701 553 2716 ⁸⁸
565 2702 587 2726 Α
597 2700 710 2736 ὁρᾶταιἒ
738 2700 808 2727 "AB
818 2699 902 2736 αῦὶή.
940 2702 962 2718 ⁸⁸

775 2666 799 2702 δῖ
814 2667 833 2692 Δ
844 2667 954 2701 ἔριμον,
970 2673 995 2695 et
1013 2668 1052 2695 sic
1068 2667 1123 2702 fere
1142 2668 1250 2702 ubique.
1289 2668 1310 2683 ”
1326 2667 1400 2700 πρὸς
1417 2668 1470 2694 τὸν
1482 2667 1566 2701 ἅγιον
1575 2675 1627 2694 om.
1645 2666 1674 2693 Β.
1712 2666 1734 2682 ⁸⁸
1749 2667 1793 2693 Sic

976 2702 1098 2741 {dim},
1144 2703 1187 2735 εἰς
1194 2701 1299 2741 ςῠζιήτς.
1337 2703 1359 2717 λ’
1370 2702 1421 2741 i’ro
1434 2703 1512 2741 ᾀλλὰ
1523 2701 1710 2741 μόνᾳντοᾷτρ
1726 2711 1793 2741 gat:

179 2737 288 2777 νομένη
315 2736 420 2777 Βιοῡζω
435 2735 473 2777 ὃς.
485 2735 629 2777 gub-52w.
665 2736 688 2777 ‘-°
698 2735 807 2777 ΡΓρ-κξιὶ
818 2737 877 2777 (iam
887 2737 1188 2777 ,κορυρῆς-ποςήσας
1204 2738 1223 2762 Β
1230 2737 1418 2777 ρπἐχςριςξπξ
1425 2737 1480 2770 τὴν
1491 2735 1625 2777 κορυφὴν
1636 2735 1729 2775 (ιῄτῆς
1745 2737 1793 2777 χιιι

178 2773 306 2805 ποιήσας
317 2773 415 2803 εὐχάς.

454 2771 474 2785 ⁸¹
491 2769 584 2806 αὐτῆς
599 2778 653 2806 om.
667 2771 697 2806 ᾼ.
716 2805 720 2806 ν
736 2771 758 2785 ¹²
774 2770 826 2797 Pro
837 2769 932 2806 ὲςράνή
951 2769 1025 2798 πᾶσι
1038 2772 1113 2806 γυνὴ
1134 2769 1330 2806 καθορῶσιῖιό
1339 2772 1453 2802 ἔδειξεν
1467 2769 1570 2805 αῠτῖὴν’
1579 2771 1704 2806 γυναῖκα
1721 2772 1794 2798 κατὰ

178 2809 280 2842 φύσιν.
318 2807 340 2821 ⁵³
349 2805 475 2842 ῥοθῆνιιι
491 2813 544 2842 out.
616 2805 652 2842 »⁵⁵
667 2804 687 2831 Β
706 2804 931 2842 ἀπολειφθῆναι,
970 2808 993 2822 ⁵⁵
1007 2804 1059 2842 τοῦ
1078 2807 1152 2833 Θεοῦ
1168 2804 1222 2833 om.
1239 2806 1270 2832 A.
1308 2807 1331 2822 "
1347 2806 1400 2832 τοῦ
1416 2807 1544 2842 Χριστοῦ
1560 2804 1612 2833 out.
1700 2807 1722 2821 "
1744 2807 1791 2833 ἐπὶ

179 2839 232 2869 om.
251 2842 279 2867 Β.
314 2841 336 2856 ⁸³
349 2840 473 2870 Entcnd.,
500 2839 544 2866 ΑΒ
571 2840 697 2874 ὑπόγηον.
754 2841 813 2866 "A
842 2841 963 2875 ποιήσῃ.

1008 2842 1030 2857 ⁶⁰
1053 2841 1072 2867 Β
1087 2842 1161 2868 addit
1177 2842 1292 2867 "titulum
1311 2851 1317 2868 :
1336 2842 1402 2874 Περὶ
1434 2841 1488 2868 τοῦ
1518 2841 1726 2876 δηιμενιὼντος
1744 2842 1793 2868 καὶ

178 2878 276 2904 πολλὰ
287 2877 448 2912 ἐσθίοντος.
488 2875 509 2890 "
521 2870 701 2912 ΔΙἸοΑτηίἇὲην
710 2874 744 2901 δὲ
757 2876 777 2901 Α
791 2870 908 2912 malech
917 2870 1038 2909 τᾶὐτην.
1077 2876 1099 2891 ⁶¹
1113 2876 1133 2902 Β
1147 2877 1196 2902 ἆπε
1201 2885 1216 2912 ρ
1227 2877 1286 2903 καί.
1320 2877 1353 2891 ⁶¹¹¹
1372 2870 1428 2904 i’ro
1456 2876 1550 2908 ἀτμὸν
1565 2870 1590 2902 ’Β
1612 2879 1680 2904 male
1689 2870 1791 2903 αὐτόν.

179 2913 201 2929 ⁸³
218 2912 239 2940 Β
257 2912 326 2939 ὑπό.
364 2910 386 2925 ⁵⁵
399 2910 487 2942 Corn,
513 2909 556 2936 AB
568 2910 776 2945 δαπανίῗμεναι.
812 2911 832 2926 ⁸⁵
844 2911 932 2943 Com,
954 2912 975 2938 Α
990 2912 1010 2938 Β
1023 2909 1260 2946 μεταϐληθήὲης.
