2061 3150
182 186 236 214 185

948 182 1048 211 ACTA.
1063 199 1066 203 ι

1742 186 1793 215 186

183 255 251 282 τραν
266 245 351 281 ἄρτου
362 244 456 276 ἐσθίει,
468 243 516 271 xui.
526 243 629 276 κλάσας
639 244 673 270 τὰ
688 243 845 279 βουκελάτα,
856 243 874 271 ἃ.
883 240 961 279 εἶχεν,

1015 243 1094 279 panis
1106 244 1268 277 comederet;
1283 252 1369 280 quare
1384 245 1475 282 fregit,
1488 254 1558 281 quae
1566 245 1671 279 habuit,
1684 246 1794 274 buccel-

183 292 309 319 ἐνέσαλεν
330 291 370 322 είς
392 289 529 325 κεράμια,
553 290 650 326 κρίνας
670 289 796 316 τοσοῦτον
817 289 917 316 ἐσθίειν
929 289 963 321 ’⁸,

182 339 243 365 ὅσον
256 337 288 365 ἂν
302 337 317 373 ἠ
333 336 393 372 χεὶρ
405 335 486 363 αὐτοῦ
501 335 648 371 άνενέγκῃ.
671 335 776 371 μεγάλη
789 335 817 362 δὲ
834 335 881 362 καὶ
895 334 963 371 αὕτη

183 383 340 419 ἐγκράτεια.
363 383 483 418 διηγεῖτο
500 381 554 417 γὰρ
577 383 643 418 ἡμῖν
662 381 905 418 χαριεντιζόμενος,
924 381 965 408 ὃτι

182 429 415 465 περιεδρασθόμην
435 428 485 464 μὲν
497 429 520 444 "
535 427 664 455 πλειόνων
676 427 851 464 κλασμάτων,
864 427 894 454 οὐ
904 435 966 454 συν-

181 474 340 510 εχωρούμην
352 474 382 501 δὲ
395 473 418 489 ⁸⁸
429 473 581 508 ἐξενεγκεῖν
590 473 644 500 ὑπὸ
653 473 700 500 τοῦ
715 472 808 500 στενοῦ
820 473 870 508 τῆς
882 472 963 508 ὀπῆς.

153 524 164 534 ·“
179 521 194 547 ὁ
217 519 337 555 τελώνης
360 519 416 555 γάρ
438 528 495 554 μοι.
522 519 604 554 φησὶν
618 520 657 550 ".
678 519 708 546 οὐ
733 519 900 555 συνεχώρει¹
933 518 964 545 τδ

178 565 317 598 παντελῶς
342 566 380 603 μὴ
399 566 409 582 ⁸
431 565 544 594 ἐσθίειν.
567 565 637 592 οὕτω
659 563 706 592 οὖν
719 565 729 581 ⁸
753 565 800 592 ἐπὶ
830 564 894 601 τρία
916 564 964 600 ἔτη

177 612 274 646 ἐποίει,
291 612 429 648 τέσσαρας
442 611 458 646 ἢ
475 612 555 638 πέντε
571 611 683 645 οὺγκίας
697 611 709 626 δ
722 611 820 637 ἐσθίων
832 610 878 637 καὶ
891 609 936 636 τὸν
953 609 964 625 ⁵

179 658 258 685 ἴσον·
283 658 404 694 σταθμὸν
428 657 499 693 ὕδωρ
519 657 619 684 πίνων·
647 657 742 692 ξέστην
764 656 792 683 δὲ
807 657 897 683 ἐλαίου
923 656 963 688 είς

176 705 280 740 τροφὴν
303 705 351 731 τοῦ
376 703 498 731 ἐνιαυτοῦ
527 703 680 739 ἀνήλισκεν.
708 703 798 737 ἔκρινε
825 702 872 729 δέ’
896 711 962 729 ποτε

179 749 265 777 ὕπνου
279 749 485 786 περιγενέσθαι,
496 749 534 781 ὼς
550 749 628 780 αὺτδς
645 749 803 784 διηγήσατο,
821 748 860 774 ὅτι
877 747 888 764 ⁸
912 748 962 774 οὑκ

178 796 324 831 εἰσῆλθον⁹
342 795 394 822 ὑπὸ
411 795 508 830 στέγην
529 794 575 821 ἐπὶ
590 793 677 821 εἴκοσι
698 793 889 829 νυχθημέροις,
905 794 962 825 τοῖς

181 842 231 878 μὲν
246 841 368 877 καύμασι
382 841 544 877 φλεγόμενος
555 840 663 877 ἡμέρας
675 840 709 872 ⁸⁸.
720 840 759 875 τῷ
771 839 800 866 δέ
814 838 961 874 νυκτερινῷ

179 887 290 924 πυρετῴ
302 887 464 922 στυφόμενος
473 893 481 901 ⁶
496 887 544 913 καὶ
555 887 579 913 εί
592 886 629 922 μὴ
642 886 745 921 τάχιον,
760 885 824 920 ἔφη,
839 885 891 911 ὑπὸ
902 885 960 911 στέ-

179 942 232 969 γην
253 933 374 968 εἰσῆλθον
396 933 443 960 καὶ
464 933 625 969 ἐχρησάμην
643 931 735 968 ὕπνῳ,
760 931 846 963 οὕτως
872 939 923 967 μου
938 931 959 947 “

179 978 312 1014 ἐξηράνθη
334 978 349 1005 ὁ
371 978 544 1013 ἐγκέφαλος,
567 978 605 1010 ὡς
628 978 668 1010 είς
689 977 798 1004 ἔκτασιν
818 985 851 1013 με
866 977 960 1004 ἐλάσαι

178 1024 280 1052 λοιπόν.
294 1026 341 1051 καὶ
355 1024 386 1051 τὸ
403 1024 465 1051 ὅσον
482 1024 510 1051 ἐν
524 1024 605 1060 ἐμοὶ,
627 1024 720 1059 φησὶν,
736 1023 850 1059 ἐνίκησα
866 1022 960 1058 ὕπνον,

177 1070 208 1097 τὸ
223 1071 356 1107 χρήσιμον
371 1070 454 1097 αὑτοῦ
465 1071 499 1106 τῇ
513 1070 593 1106 φύσει
607 1070 821 1107 παραχωρήσας.

212 1127 265 1154 Τοῦ
278 1127 356 1161 ἁγίου
371 1126 466 1154 τούτου
480 1128 509 1154 ἐν
518 1128 550 1163 τῇ
565 1127 647 1163 κέλλῃ
664 1126 845 1161 καθεζομένου
859 1124 930 1161 πρωῒ
940 1125 960 1142 ¹¹

177 1172 279 1208 κώνωψ
292 1173 339 1199 ἐπὶ
353 1172 400 1199 τοῦ
414 1173 492 1204 ποδὸς
505 1172 586 1199 αὑτὸν
601 1172 756 1208 ἐκέντησεν.
773 1171 820 1198 καὶ
838 1171 961 1206 ἀλγήσας

176 1221 210 1254 τῇ
225 1220 297 1255 χειρὶ
308 1218 404 1245 τοῦτον
418 1219 548 1252 κατέαξεν
561 1219 583 1234 ί¹
598 1217 797 1254 κεκορεσμένον
813 1217 836 1232 ¹⁸
853 1216 901 1243 τοῦ
916 1216 960 1243 αῖ-

179 1274 273 1301 ματος.
294 1265 408 1301 ὕστερον
427 1265 457 1292 δὲ
480 1264 660 1299 κατεγνωκὼς
685 1262 782 1291 ἐαυτοῦ
798 1263 820 1279 ¹¹
836 1262 874 1294 ώς
890 1263 961 1289 ἐαυ-

176 1312 223 1339 τὸν
237 1312 259 1327 ¹⁰
273 1311 464 1347 ἔκδικήσαντος
480 1309 655 1342 καταδικάζει
667 1307 773 1341 ἑαυτὸν,
791 1309 860 1335 ὥστε
876 1308 916 1339 εἰς
930 1306 961 1334 τὸ

176 1358 237 1390 ἕλος
247 1358 297 1393 τῆς
312 1358 448 1393 Σκήτεως,
463 1357 478 1383 ὃ
490 1358 564 1384 ἐστιν
581 1357 610 1383 ἐν
625 1357 659 1391 τῇ
676 1355 826 1390 πανερήμῳ
842 1354 874 1385 ",
890 1353 959 1380 καθ-

176 1403 290 1439 εσθῆναι
310 1403 413 1438 γυμνὸν
447 1402 494 1428 ἐπὶ
518 1401 605 1438 μῆνας
626 1401 673 1433 ἒξ,
699 1400 763 1428 ἔνθα
783 1400 806 1426 οἱ
831 1398 960 1431 κώνωπες

177 1449 306 1477 δύνανται
321 1449 343 1465 ⁸⁸
364 1448 412 1475 καὶ
426 1448 551 1484 συάγρων
572 1447 694 1483 δέρματα
712 1445 872 1481 τιτρώσκειν
894 1445 961 1472 ὡσεὶ

178 1495 283 1531 σφῆκες
290 1494 365 1526 ὄντες
377 1493 500 1530 μεγάλοι.
516 1492 603 1525 οὕτως
617 1492 663 1518 ὑπ’
673 1490 762 1518 αὐτῶν
773 1490 879 1526 ἐτρώθη
889 1489 959 1522 ὅλος,

177 1540 216 1571 ὡς
234 1541 282 1567 καὶ
297 1540 458 1574 σφονδύλους
480 1538 630 1573 ἐξενεγκεῖν
645 1537 707 1564 καθ’
727 1537 788 1564 ὅλου
800 1535 846 1563 τοῦ
869 1535 962 1571 σώμα-

1015 289 1112 324 lata,et
1123 290 1150 317 in
1168 290 1290 325 lagenam
1304 291 1428 324 immisit,
1447 297 1568 320 statuens
1584 296 1689 319 tantum
1700 300 1793 320 come-

1014 335 1087 367 dere,
1097 340 1228 372 quantum
1239 344 1335 365 manus
1345 338 1431 372 ipsius
1440 346 1550 366 sursum
1562 339 1681 366 tulisset.
1695 338 1793 374 Magna

1015 387 1105 410 autem
1121 383 1188 411 haec
1214 391 1323 419 quoque
1337 384 1387 412 fuit
1412 386 1589 413 continentia.
1607 385 1674 413 Nam
1696 385 1794 413 festive

1014 428 1093 456 nobis
1114 429 1243 456 narrabat
1258 439 1265 458 :
1282 429 1363 457 Plura
1379 430 1488 465 quidem
1503 431 1590 459 frusta
1606 432 1793 467 apprehende-

1014 475 1087 506 bam,
1100 475 1147 503 sed
1167 476 1263 504 etferre
1282 484 1337 504 non
1363 481 1484 513 poteram
1501 478 1537 505 ob
1553 480 1705 513 angustiam
1721 479 1794 506 fora-

1014 519 1104 548 minis.
1119 519 1282 550 Publicanus
1303 523 1388 555 enim,
1404 523 1504 558 inquit,
1521 523 1586 550 mihi
1613 532 1665 552 non
1680 524 1794 559 permit-

1014 567 1087 593 tebat
1112 567 1224 593 omnino
1251 575 1305 595 non
1328 568 1413 596 vesci.
1438 568 1484 596 Sic
1509 569 1592 603 igitur
1621 575 1676 597 tres
1704 577 1792 598 annos

1012 611 1126 646 peregit,
1138 617 1256 647 quatuor
1267 613 1375 648 quidem
1392 614 1434 641 vel
1445 614 1565 649 quinque
1587 615 1681 642 uncias
1703 623 1794 643 come-

1012 656 1080 685 dens
1095 660 1123 685 et
1139 658 1276 686 modicum
1291 667 1378 695 aquae
1402 660 1508 689 bibens.
1521 661 1577 688 Olei
1593 665 1682 688 antem
1703 667 1794 689 sexta-

1011 702 1083 729 rium
1103 707 1161 731 toto
1176 711 1249 732 anno
1264 705 1292 733 in
1309 706 1468 734 alimentum
1489 708 1676 736 consumebat.
1694 708 1795 737 Statuit

1012 748 1157 783 aliquando
1167 758 1298 786 superare
1309 759 1445 785 somnum,
1453 757 1482 780 ut
1494 753 1552 788 ipse
1560 754 1640 781 nobis
1655 756 1793 784 narravit:

1012 793 1089 822 Totis
1100 795 1197 830 viginti
1216 795 1313 824 diebus
1320 801 1347 824 et
1356 798 1482 826 noctibus
1493 800 1651 827 subtectum
1665 808 1719 828 non
1734 809 1795 829 sum

1011 839 1162 874 ingressus,
1172 840 1290 868 interdiu
1303 842 1411 876 quidem
1423 849 1499 872 aestu
1512 846 1619 877 urebar,
1637 851 1720 874 noctu
1730 854 1795 876 vero

1011 884 1081 913 febri
1103 886 1235 921 rigebam.
1259 887 1337 920 Quod
1355 888 1408 916 nisi
1433 893 1532 916 tectum
1555 890 1638 919 citius
1650 899 1738 919 essem
1754 892 1797 919 in-

1011 938 1133 966 gressus,
1146 932 1293 967 inquiebat,
1307 937 1334 961 et
1347 941 1442 961 somno
1458 943 1525 963 usus
1540 943 1639 970 essem,
1652 938 1795 965 cerebrum

1009 976 1048 1004 ita
1055 977 1121 1005 mihi
1132 981 1205 1006 esset
1213 978 1374 1012 arefactum,
1388 984 1428 1012 ut,
1438 982 1504 1016 quin
1514 983 1541 1008 in
1553 984 1674 1010 exstasin
1688 991 1795 1019 agerer,

1010 1029 1108 1058 parum
1118 1023 1236 1051 abesset.
1250 1024 1283 1052 Et
1295 1029 1440 1060 quantum,
1452 1027 1552 1061 inquit,
1567 1028 1594 1054 in
1608 1036 1652 1056 me
1669 1028 1730 1061 fuit,
1741 1029 1795 1057 vici

1009 1076 1148 1103 somnum,
1161 1074 1292 1104 quantum
1308 1078 1377 1106 opus
1393 1077 1446 1105 est,
1464 1077 1579 1101 naturae
1593 1075 1760 1103 concedens.

1044 1125 1134 1160 Quum
1152 1126 1198 1154 hic
1215 1131 1328 1156 sanctus
1340 1137 1420 1157 mane
1433 1130 1461 1157 in
1472 1131 1541 1158 cella
1557 1131 1675 1164 sederet,
1689 1131 1716 1159 in
1728 1132 1796 1168 pede

1008 1180 1071 1200 eum
1098 1173 1177 1200 culex
1203 1175 1327 1209 pupugit,
1348 1183 1444 1210 quem,
1470 1177 1605 1212 sanguine
1630 1181 1794 1212 salutatum,

1008 1217 1103 1245 dolore
1117 1222 1207 1246 tactus
1221 1227 1303 1247 manu
1323 1221 1405 1248 elisit.
1422 1221 1556 1257 Deinceps
1578 1231 1642 1250 vero
1656 1230 1685 1251 ae
1707 1231 1797 1259 repre-

1009 1263 1115 1295 hendit,
1129 1264 1175 1298 qui
1192 1272 1221 1291 se
1236 1265 1294 1299 ipse
1316 1266 1391 1293 ultus
1401 1271 1484 1299 esset,
1493 1275 1577 1302 aeque
1591 1269 1794 1302 condemnavit,

1009 1307 1091 1345 254
1100 1313 1127 1336 ιιι
1140 1309 1247 1337 sederet
1264 1311 1354 1338 nudus
1369 1319 1415 1339 sex
1428 1319 1536 1340 menses
1552 1312 1578 1340 in
1586 1314 1684 1348 palude
1696 1314 1793 1348 Scetis,

1010 1361 1081 1388 quae
1095 1359 1137 1382 est
1153 1355 1181 1382 in
1197 1361 1272 1384 vasta
1287 1358 1446 1390 solitudine,
1458 1358 1504 1386 ubi
1517 1359 1619 1386 culices
1628 1365 1743 1395 possunt
1752 1361 1795 1388 vel

1009 1408 1138 1435 aprorum
1158 1402 1242 1437 pelles
1256 1403 1392 1435 sauciare.
1415 1411 1498 1439 quum
1517 1405 1573 1432 sint
1592 1413 1677 1441 aeque
1700 1407 1792 1442 magni

1010 1450 1041 1472 ut
1053 1453 1163 1480 vespae.
1176 1446 1217 1473 Ab
1230 1447 1264 1475 iis
1277 1447 1360 1482 igitur
1371 1452 1444 1476 totus
1458 1449 1493 1475 ita
1509 1450 1648 1478 sauciatus
1659 1455 1711 1483 est,
1727 1456 1756 1478 ut
1768 1457 1796 1479 et

1010 1491 1097 1519 aculei
1109 1491 1137 1519 in
1145 1495 1202 1519 toto
1212 1499 1326 1532 corpore
1342 1493 1430 1529 ipsius
1443 1493 1610 1527 viderentur,
1624 1503 1656 1523 ac
1669 1497 1795 1524 nonnulli

1010 1536 1165 1570 crederent,
1196 1538 1376 1573 elephantiasi
1400 1547 1462 1568 eum
1491 1541 1626 1569 laborare.
1645 1541 1795 1570 “eversum

177 1594 232 1618 τος,
247 1586 293 1613 καί
307 1594 383 1618 τινας
398 1585 508 1621 νομίσαι
520 1584 541 1601 ¹⁸
554 1585 595 1611 ὅτι
618 1583 810 1618 ἐλεφαντίησεν
827 1583 860 1614 ¹⁶,
877 1583 960 1609 ἐπαν-

1010 1590 1075 1610 vero
1091 1584 1119 1611 in
1135 1583 1260 1611 cellulam
1285 1592 1364 1612 suam
1379 1593 1413 1614 ex
1437 1587 1496 1615 sola
1520 1594 1587 1616 voce
1608 1592 1796 1624 cognoverunt

177 1631 261 1658 ελθὼν
284 1632 312 1659 δὲ
330 1632 370 1663 είς
390 1632 420 1658 τὸ
440 1630 543 1658 κελλίον
559 1629 640 1656 αὐτοῦ
657 1629 711 1656 άπὸ
730 1629 780 1664 τῆς
800 1628 893 1664 φωνῆς
910 1628 958 1664 μό-

177 1687 221 1705 νον
233 1679 255 1694 ¹¹
272 1677 435 1714 ἐγνωρίζετο
451 1676 533 1704 αὐτὸν
544 1674 613 1703 εῖναι
626 1675 672 1702 τδν
687 1675 840 1711 Μακάρων.

218 1733 389 1769 Ἐπεθύμησέ
400 1735 423 1750 ²¹
438 1741 513 1765 ποτε,
527 1732 564 1763 ὡς
575 1731 656 1764 αὐτὸς
669 1732 735 1767 ἡμῖν
746 1731 903 1767 διηγήσατο,
918 1731 959 1763 εἰς

177 1780 387 1816 Ιι’δκισιποτάφιον
406 1779 537 1806 εἰσελθεῖν
562 1777 662 1805 Ἰαννοῦ
673 1778 696 1793 ¹³
715 1778 762 1804 καὶ
781 1777 911 1813 Ἰαμδροῦ
924 1777 958 1809 ’⁸,

177 1827 231 1853 τῶν
253 1826 347 1862 μάγων
367 1825 422 1852 τῶν
440 1825 487 1851 ἐπὶ
508 1824 556 1851 τοῦ
575 1822 685 1860 Φαραὼ,
705 1823 825 1859 ἱστορίας
846 1823 928 1858 χάριν
941 1823 958 1858 ἢ

178 1873 322 1908 συντυχίας
333 1871 387 1899 τῶν
397 1872 486 1898 ἐκεῖσε
494 1870 638 1905 δαιμόνων.
648 1869 756 1904 ἐλέγετο
773 1868 827 1904 γὰρ
846 1868 959 1900 πολλοὺς

177 1923 226 1946 καὶ
237 1919 371 1954 χαλεποὺς
381 1915 627 1953 άπκεκληρῶσθαι
639 1916 668 1942 ἐν
676 1915 749 1951 αὐτῷ
760 1915 825 1952 παρ’
836 1914 926 1941 αὐτῶν
935 1915 958 1931 ³⁸

177 1965 307 2000 δαίμονας
320 1964 353 1991 δι’
370 1963 521 1999 ὑπερϐολὴν
544 1963 664 1998 μαγικῆς
678 1962 792 1997 τέχνης,
806 1961 840 1988 δι’
856 1959 890 1997 ἦς
910 1961 958 1988 καὶ

177 2011 213 2038 τὰ
226 2011 324 2047 πρῶτα
338 2007 410 2046 εἶχον
421 2009 476 2037 τῶν
489 2009 551 2037 κατ’
565 2008 669 2035 ἐκείνου
685 2009 707 2024 ³⁸
719 2007 816 2044 καιροῦ
831 2008 907 2044 παρὰ
920 2007 960 2043 τῷ

178 2057 287 2093 Φαραιίν
299 2057 337 2088 ὼς
350 2054 396 2083 οὖν
409 2056 459 2091 τὴν
483 2056 513 2082 ἐν
529 2056 659 2090 Δίγύπτῳ
684 2054 842 2081 δυναστείαν
858 2062 958 2089 κεκτη-

180 2103 255 2137 μένοι
266 2104 295 2129 ἐν
307 2102 346 2138 τῷ
357 2102 407 2138 τῆς
419 2102 492 2138 ζωῆς
506 2101 595 2129 αὐτῶν
605 2101 693 2138 χρόνῳ
703 2101 725 2117 ’⁷
743 2102 776 2127 ἐκ
787 2100 959 2136 τετραπέδων

178 2149 258 2176 λίθων
271 2149 381 2175 ἔκτισαν
395 2148 425 2175 τδ
436 2147 515 2184 ἔργον
527 2148 623 2180 ἐκεῖνο,
640 2148 669 2173 ἐν
681 2146 755 2181 αὐτῷ
767 2146 861 2182 μνῆμα
873 2146 896 2162 ¹³
912 2154 958 2172 πε-

178 2195 321 2230 ποιηκότες
331 2195 379 2221 καὶ
395 2193 494 2229 χρυσον
507 2193 591 2220 πολὺν
603 2192 777 2228 ἀποθέμενοι,
793 2192 842 2219 καὶ
863 2191 959 2227 δένδρα

177 2242 291 2267 παντοῖα
311 2239 506 2274 ἐφυτεύσαντο,
530 2238 578 2265 καὶ
598 2237 687 2272 φρέαρ
709 2237 804 2269 ὕδατος
831 2237 958 2272 μέγιστον
973 2251 995 2279 D

178 2286 284 2322 ὤρυξαν
296 2286 320 2302 ¹⁹
330 2285 483 2318 ἐλπίζοντες
497 2284 576 2319 δῆθεν
590 2283 661 2319 μετὰ
668 2283 718 2318 τὴν
732 2283 856 2310 ἐντεῦθεν
868 2283 958 2309 ἐκεῖσε

178 2333 268 2368 ἄφιξιν
281 2332 304 2348 ⁸⁸
318 2333 347 2359 ἐν
357 2331 445 2366 τούτῳ
460 2330 481 2346 ³³
492 2329 532 2365 τῷ
550 2329 707 2365 παραδείσῳ
717 2330 833 2365 τρυφᾷν.
850 2329 899 2364 τὴν
911 2327 958 2356 οὖν

178 2379 224 2406 ἐπὶ
239 2379 285 2406 τδν
304 2378 392 2414 κῆπον
410 2377 504 2404 τοῦτον
523 2375 582 2403 ὁδον
601 2374 707 2409 ἀγνοῶν
732 2376 746 2402 6
770 2375 818 2402 τοῦ
839 2375 958 2412 Χριστοῦ

1009 1628 1162 1656 Macarium
1176 1636 1247 1657 esse.

1042 1729 1134 1766 Cupiit
1149 1730 1307 1766 aliquando,
1325 1736 1354 1759 ut
1368 1732 1450 1760 nobis
1463 1732 1521 1768 ipse
1537 1733 1672 1765 narravit,
1689 1732 1795 1768 ingredi

1007 1782 1226 1808 monumentum,
1243 1777 1316 1812 quod
1334 1777 1438 1805 dicitur
1453 1779 1622 1814 κηποτάφιον
1648 1778 1750 1807 Jannes
1766 1785 1796 1808 et

1006 1820 1131 1850 Jambres
1147 1830 1300 1858 magorum,
1317 1824 1363 1858 qui
1378 1824 1489 1851 fuerunt
1501 1829 1622 1860 tempore
1631 1825 1794 1860 Pharaonis,

1007 1866 1117 1895 videndi
1131 1874 1225 1900 causa,
1241 1871 1288 1894 aut
1308 1868 1467 1901 daemones,
1482 1869 1528 1904 qui
1542 1869 1580 1896 ibi
1603 1875 1678 1902 sunt,
1695 1878 1794 1898 conve—

1008 1913 1111 1941 niendi.
1129 1911 1297 1941 Dicebantur
1312 1914 1384 1942 enim
1403 1915 1481 1941 multi
1498 1915 1570 1950 iique
1584 1916 1690 1944 feror-es
1707 1916 1744 1944 ibi
1759 1916 1795 1944 ab

1008 1960 1064 1988 illis
1081 1960 1210 1987 collocati
1229 1967 1290 1987 esse
1305 1959 1451 1987 daemones
1470 1968 1518 1995 per
1533 1960 1720 1988 excellentiam
1736 1969 1796 1988 ma-

1008 2007 1088 2043 gicae
1105 2006 1183 2040 artis,
1197 2014 1250 2042 qua
1271 2007 1375 2042 primas
1385 2014 1493 2042 quoque
1509 2007 1556 2034 illo
1568 2011 1690 2042 tempore
1702 2011 1795 2043 partes

1008 2052 1081 2088 apud
1097 2052 1268 2080 Pharaonem
1282 2053 1448 2080 habuerunt.
1461 2052 1511 2085 Qui
1530 2054 1567 2080 ita
1583 2054 1656 2081 nacti
1673 2057 1795 2089 potesta-

1008 2103 1063 2126 tem
1085 2099 1113 2126 in
1130 2098 1261 2134 Aegypto,
1282 2103 1404 2134 tempore
1422 2100 1492 2127 vitae
1515 2108 1582 2127 suae
1597 2108 1629 2128 ex
1652 2101 1795 2136 quadratis

1007 2145 1148 2181 lapidibus
1165 2150 1379 2173 construxerunt
1395 2145 1462 2172 illud
1485 2153 1565 2180 opus,
1581 2147 1608 2173 in
1624 2154 1679 2181 quo
1694 2155 1792 2175 monu-

1008 2195 1128 2220 mentum
1156 2191 1280 2219 i'ecerunt
1300 2196 1327 2218 et
1358 2191 1475 2219 multum
1499 2192 1559 2219 auri
1586 2192 1795 2228 deposuerunt,

1009 2237 1100 2265 omnis
1117 2244 1227 2273 quoque
1241 2237 1349 2273 generis
1374 2238 1489 2265 arbores
1511 2238 1680 2273 plantarum,
1697 2243 1724 2266 et
1743 2246 1795 2274 puo

1012 2287 1086 2312 leum
1102 2291 1189 2319 aquae
1201 2284 1349 2311 maximum
1371 2283 1507 2316 foderunt,
1523 2290 1667 2319 sperantes
1682 2285 1794 2320 quidem

1011 2329 1079 2361 fore,
1095 2334 1125 2357 ut
1139 2335 1199 2364 post
1213 2337 1292 2357 suum
1304 2330 1368 2357 hinc
1385 2330 1451 2357 illuc
1469 2330 1624 2358 discessum
1637 2331 1794 2357 fruerentur

1010 2376 1117 2404 deliciis
1131 2376 1158 2403 in
1172 2376 1224 2404 hoc
1236 2376 1374 2411 paradiso.
1391 2376 1494 2404 Servus
1516 2377 1600 2412 igitur
1619 2375 1719 2403 Christi
1735 2375 1791 2402 Ma-

810 2473 938 2502 VARIAE
956 2473 1156 2502 LECTIONES.

212 2575 236 2591 “
249 2575 302 2602 Pro
313 2574 362 2601 καὶ
377 2573 536 2605 κλάσας-
546 2571 658 2600 ἐσθίειν
672 2571 691 2598 Β
703 2570 740 2598 τὰ
750 2570 932 2603 βουκελάτα,
949 2569 968 2597 ἁ
982 2569 1132 2605 ἐκέκτητο.
1145 2570 1189 2602 εις
1205 2569 1294 2602 μικρὰ
1317 2569 1425 2603 τρίψας
1449 2568 1599 2605 ἀπέϐαλεν
1616 2568 1659 2605 είς
1669 2565 1791 2605 κεράμια

178 2611 324 2638 τοσοῦτον
338 2610 433 2640 μόνον
443 2607 555 2635 ἐσθιειν
564 2607 678 2640 κρίνας.

179 2648 189 2662 ¹
207 2647 226 2673 Β
241 2647 275 2672 τὸ
291 2644 359 2680 μηδ’
377 2644 464 2676 ὅλως.

178 2689 233 2708 om.
247 2681 279 2707 Α.
316 2681 325 2695 ⁷
345 2680 378 2706 δὲ
391 2679 464 2706 οιιι.Δ

715 2606 804 2656 "(cr
822 2613 876 2633 om.
897 2605 927 2632 B‘.
964 2605 987 2645 ’ξ
1009 2604 1043 2631 δὲ
1056 2612 1111 2630 οιιι.
1125 2604 1153 2631 Β.
1191 2605 1214 2620 ’ν
1227 2604 1300 2637 φησὶ
1316 2611 1372 2631 om.
1382 2604 1415 2629 A.

777 2641 797 2656 D
812 2640 925 2656 “tnui-—
951 2649 1006 2656 σιν...
1031 2638 1175 2656 Ᾱιιιιιυόηηη
1223 2639 1234 2654 Ι
1248 2639 1317 2656 (‘nrr
1364 2639 1415 2656 ,λυ

502 2642 513 2659 ³
530 2638 712 2674 Βοῧτωςνδέ.
746 2638 760 2656 λ
777 2641 798 2667 Β
811 2640 925 2674 οὺγκίας
951 2639 1006 2674 τῆς
1031 2638 1185 2674 ἡμετέρας.

316 2673 330 2695 ⁷’
345 2680 378 2706 δὲ
391 2673 486 2706 οιιι.Ἀ.
523 2677 534 2694 ⁸
552 2677 598 2703 ὅτι
611 2673 665 2703 om.
683 2676 712 2703 Β.
749 2678 760 2694 ⁹
775 2673 957 2708 Βεὶσῆλθεν.
996 2675 1017 2690 ¹⁰
1034 2673 1147 2708 ἡμέρας
1160 2681 1215 2700 om.
1242 2675 1272 2700 Α.

1453 2604 1461 2619 ¹
1477 2604 1499 2629 A
1525 2603 1686 2635 συνεχώρει
1702 2601 1788 2635 φησι.

1223 2636 1339 2668 “Corn.
1364 2639 1418 2665 τὸν
1441 2645 1484 2664 om
1519 2637 1549 2669 Β,
1570 2637 1592 2664 Α
1616 2638 1659 2664 τό,
1698 2636 1791 2663 'l’a'or

1312 2673 1332 2688 ¹¹
1346 2673 1415 2707 ἔφη,
1430 2674 1490 2700 ὑπο
1502 2672 1720 2707 στέγην-μον
1733 2679 1787 2698 οιιι.

179 2705 233 2742 Π
247 2705 279 2731 δῖ
287 2715 338 2742 Pro
349 2705 406 2741 Τοῦ
418 2713 504 2748 ἁγίου
517 2727 551 2732 -
566 2712 642 2748 πρωΐ
650 2711 668 2737 Β
685 2711 811 2748 Ἀρι)τέ
824 2705 894 2736 ποτε
953 2705 1168 2748 κέλλῃςζόύτου
1176 2705 1402 2748 καθεζομένούί
1420 2708 1441 2723 ’³
1454 2707 1507 2734 Pro
1528 2705 1634 2748 τοῦτοχ-
1647 2705 1791 2748 κιξέαξεν

180 2751 200 2778 Β
220 2750 381 2783 συνέτριψε
416 2745 532 2775 τοῦτον.
571 2747 688 2776 “Corn,
715 2746 759 2772 AB
788 2745 990 2779 κορεισμένον.
1030 2745 1051 2759 ¹¹
1063 2745 1153 2774 Corn,
1170 2745 1213 2769 AB
1229 2745 1422 2776 κιιταγνωκὼς
1433 2745 1572 2768 σεαυτοῦ.
1611 2745 1633 2757 ³⁸
1649 2745 1693 2767 ΑΒ
1704 2748 1790 2767 σεαυ-

180 2787 241 2811 τόν,
280 2786 300 2801 ιτ
314 2784 438 2811 Ειιιειιά..
450 2784 470 2810 Α
485 2781 651 2811 πανηρέμῳ,
667 2780 688 2806 Β
699 2780 805 2811 ἐρήμῳ.
825 2780 845 2796 ⁸⁸
859 2781 879 2806 Α
892 2780 1029 2806 δύναντε.
1052 2779 1073 2794 ¹⁹
1084 2777 1252 2811 Ανομίζζςιν.
1272 2778 1294 2793 ¹⁰
1307 2777 1382 2804 Corr.
1406 2777 1424 2803 Β
1437 2777 1607 2811 disparata,
1622 2776 1716 2803 ἐστίν.
1734 2775 1790 2811 ἰγΒ

178 2787 241 2814 τόν.
280 2786 300 2801 ⁸⁷
311 2780 438 2814 Emend"
450 2784 470 2810 Δ
485 2781 651 2816 πανηρέμῳ,
667 2780 688 2806 Β
699 2780 796 2816 ἐρήμῳ

1030 2741 1051 2759 ¹¹
1063 2744 1153 2774 Corn,
1170 2743 1213 2769 AB
1229 2742 1422 2776 κιιταγνωκὼς
1433 2741 1572 2768 σεαυτοῦ.
1611 2742 1633 2757 ¹⁶
1649 2741 1693 2767 ΑΒ
1704 2748 1790 2776 creat;

179 2810 533 2858 ga'w's’ﬁmm.
556 2810 844 2858 "i'B'Zl-‘wél’i‘réﬁé;
877 2814 934 2858 τις
954 2813 1125 2858 verres
1141 2811 1448 2858 'i.‘{9#€eﬁ;,,",_lf:9
1463 2810 1791 2858 στιν

179 2845 281 2888 ᾗπᾶρῖ
295 2845 393 2882 dare;
402 2845 440 2880 'éi'r
448 2845 551 2885 ἐκεϊὶεῳ
564 2851 703 2888 τῷγτόςτῳ.
729 2845 866 2888 _"_"_Corr_..
880 2849 924 2876 ΑΒ
936 2850 996 2888 κατ’
1006 2845 1120 2888 exe/11m.
1141 2848 1179 2888 _"
1236 2845 1285 2888 fda
1298 2845 1352 2880 τῆς
1370 2845 1455 2888 (9Ξῆςὶ
1463 2845 1672 2888 αὑτῷν-χρόνέρ
1686 2854 1741 2888 quin.
1758 2845 1789 2888 Β.ζ

179 2891 203 2907 ¹¹
219 2890 238 2917 Β
259 2891 287 2916 ἐν
307 2889 380 2924 αὐτῷ
413 2888 446 2924 ζὸ

177 2924 370 2961 μετάστασιν.
385 2923 405 2940 ³¹
421 2923 441 2950 Β
452 2923 480 2949 ὲν
496 2923 610 2955 ἐκεινῳ.

469 2882 562 2922 μνῆμα
581 2882 690 2913 αὐτῶν.
728 2886 751 2902 ³⁸
763 2884 783 2912 Β
802 2884 890 2920 φρέαρ
915 2884 1058 2920 μέγιστον
1074 2882 1193 2917 ὤρυξαν
1211 2882 1330 2914 ὕδατος.

1383 2881 1406 2897 ³⁸
1432 2879 1488 2909 Ριό
1510 2879 1609 2909 ἐκεῖσε
1639 2881 1741 2917 ἄφιξιν
1769 2879 1791 2907 Β
