2061 3150
181 183 234 211 I89

939 179 1042 207 ACTA.

1742 181 1793 208 190

181 238 309 268 εισελθὼν
322 239 369 266 καὶ
384 237 501 273 θηλάσας
516 237 664 274 ὴρκέσθην.
685 238 702 273 ἢ
715 237 737 253 ⁸⁸
751 238 797 265 καὶ
810 237 873 273 Θείῳ
883 246 965 273 προσ-

1017 237 1037 263 Ε
1054 236 1165 272 quibus,
1180 237 1281 270 aiebat,
1296 244 1349 264 una
1363 237 1476 265 vitulum
1490 238 1594 266 habens
1609 237 1674 264 mihi
1696 246 1730 265 ex
1746 239 1794 266 ad-

181 287 302 321 τάγματι
311 284 493 321 πειθαρχοῦσα
501 284 643 319 ἠκολούθει
655 284 706 317 ἕως
716 285 764 319 τῆς
777 283 882 319 κέλλης,
895 283 961 319 ἐμοῦ

185 331 235 366 μὲν
252 330 411 366 θηλάζοντος
423 329 445 346 ⁸¹
462 329 557 363 αὐτὴν,
574 329 620 356 τὸν
645 329 675 356 δὲ
703 330 802 365 μόσχον
825 329 908 364 αὐτῆς
924 329 962 366 μὴ

182 375 323 411 δεχομένη.

218 516 328 542 ’Δλλοτε
341 515 422 543 πάλιν
434 514 547 550 πλησίον
562 515 651 550 ορύων
664 516 711 542 καὶ
726 516 872 551 φρυγάνων
885 516 964 552 ὀρύσ-

181 571 236 589 σων
250 562 272 578 n
287 561 376 597 φρέαρ
391 562 405 587 ό
421 561 547 596 ἐνάρετος
563 561 586 576 ⁸²
600 558 675 592 οὗτος
690 562 730 593 εἰς
745 562 898 588 ἀνάπαυσιν
916 571 964 597 μο-

180 608 271 644 ναχῶν
290 608 342 634 ὑπὸ
364 607 477 638 ἀσπίδος
500 606 609 642 ἐδήχθη.
630 607 799 642 ἀναιρετικὸν
811 608 839 634 δὲ
855 608 892 635 ίδν
907 609 963 643 εχει

165 654 260 681 ,τοῦτο
273 654 304 680 τὺ
315 654 419 689 θηρίον.
439 653 606 689 δραξάμενος
619 651 664 680 οὗν
678 654 727 688 τῆς
738 655 849 685 ἀσπίδος
861 656 875 681 ὁ
887 655 964 689 ἆγιος

180 699 242 730 ταῖς
261 698 355 734 χερσὶν
376 698 429 724 ἀπὸ
449 698 502 724 τῶν
525 698 668 733 χελυνείων
676 699 699 715 ⁸⁸
718 700 801 735 αὐτῆς
824 700 964 736 διέρρηξεν

183 744 269 779 αὐτὴν
291 743 391 770 εἰπών’
411 743 447 778 μὴ
468 744 677 776 ἀποστείλαντός
692 745 715 760 ³⁵⁸
734 753 764 771 σε
786 746 888 781 Κυρίου
913 755 963 781 μου

183 789 242 819 πῶς
257 788 408 823 ἐτόλμησας
426 789 456 814 σὺ
471 788 540 823 πρός
555 797 588 823 με
607 788 710 821 ὲλθείν;

221 831 306 866 οὗτος
323 835 338 860 ὀ
351 834 434 869 μέγας
457 834 601 869 Μακάριος
620 834 764 869 διαφόρους
778 834 876 866 κέλλας
893 833 964 870 εῖχεν

184 881 214 907 ὲν
229 882 262 916 τῇ
280 881 384 916 ἐρήμῳ,
400 881 429 906 ὲν
443 877 487 911 αἷς
503 880 566 912 τοὺς
580 880 676 912 ἄθλους
691 881 740 915 τῆς
757 881 856 916 ἀρετῆς
873 881 965 916 εἰργά-

184 926 256 959 ζετο,
276 926 338 961 μιαν
354 927 383 953 ὲν
401 928 435 962 τῇ
453 927 551 961 Σκήτει
571 927 604 962 τῇ
620 926 745 962 ὲνδοτέρᾳ
759 927 782 943 ⁸⁸
801 928 962 962 πανερήμῳ,

186 973 250 1008 μίαν
265 974 304 1003 εἰς
322 973 424 1008 Λιϐύην
434 973 456 989 ⁵⁷
473 974 512 1004 εἰς
526 973 560 999 τὰ
578 973 712 1008 λεγόμενα
730 973 831 1005 κελλία,
855 974 901 1000 καὶ
917 974 963 1000 ἆλ-

184 1019 233 1054 λην
247 1020 287 1051 εἰς
301 1019 331 1046 τὸ
343 1019 406 1054 ὅρος
419 1019 469 1054 τῆς
480 1020 604 1055 Νιτρίας.
619 1021 666 1047 καὶ
679 1021 707 1047 αἱ
729 1020 778 1055 μέν
789 1021 887 1046 εἰσινη
900 1020 963 1046 ἀθυ-

185 1065 300 1101 ρίδωτοι,
317 1066 357 1096 εἰς
373 1065 406 1096 ἃς
424 1065 532 1099 ἐλέγετο
551 1067 565 1092 ὁ
581 1067 721 1101 Μακάριος
738 1066 767 1092 ὲν
788 1067 820 1101 τῇ
844 1069 870 1101 μ’
883 1066 963 1092 καθέ-

182 1111 275 1142 ζεσθαι
291 1111 314 1126 ⁵ο
343 1111 372 1137 ὲν
398 1111 503 1146 σκοτίᾳ·
517 1112 534 1146 ἡ
563 1112 591 1138 δὲ
617 1112 683 1146 άλλη
713 1111 795 1138 κέλλα
820 1112 964 1147 στενοτάτη

182 1156 288 1191 ὑπῆρχε
298 1155 380 1187 πάνυ,
396 1157 437 1187 είς
449 1157 483 1191 ἥν
496 1158 613 1183 ἐκτεῖναι
625 1157 688 1188 τοὺς
701 1158 723 1173 ⁶⁰
731 1157 814 1188 πόδας
825 1157 874 1183 οὐκ
887 1155 930 1192 ἦν·

181 1201 211 1227 δὲ
227 1201 306 1236 τρίτη
319 1201 475 1236 πλατυτέρα
490 1202 511 1217 ⁸³
523 1199 568 1237 ἦν,
583 1203 612 1228 ἐν
623 1199 640 1239 ᾖ
652 1203 698 1228 καὶ
713 1202 896 1237 συνετύγχανε
908 1203 965 1234 τοῖς

184 1246 250 1281 πρὸς
267 1246 348 1273 αὑτὸν
363 1247 505 1281 φοιτῶσιν.

217 1288 301 1323 Οὗτος
327 1292 342 1318 ὁ
368 1291 492 1326 φιλόθεος
519 1292 647 1319 τοσοῦτον
674 1293 776 1328 πλῆθος
800 1293 965 1329 ἐθεράπευσε

183 1337 389 1372 δαιμονῶντων,
407 1338 446 1369 ὡς
465 1338 501 1373 μὴ
521 1339 620 1373 ῥαδίως
638 1339 750 1370 τούτους
769 1339 966 1366 ὑποϐάλλεσθαι

183 1384 303 1420 ἀριθμῷ.
325 1385 465 1420 παρόντων
483 1385 512 1411 δὲ
533 1386 609 1421 ἡμῶν
626 1385 694 1421 πρὸς
716 1386 809 1412 τοῦτον
831 1386 878 1412 τὸν
894 1387 967 1413 ὅσιον

184 1430 317 1465 παρθένος
335 1439 377 1462 τις
394 1432 447 1457 ἀπὸ
471 1431 679 1467 Θεσσαλονίκης,
699 1432 810 1468 εὐγενὴς
830 1432 867 1467 τῷ
881 1433 966 1466 γένει,

184 1477 299 1503 πλουσία
322 1477 361 1512 τῷ
379 1477 428 1512 βίῳ
450 1477 490 1510 ⁸¹,
515 1478 634 1513 φοράδην
657 1478 806 1513 ἐκομίσθη,
823 1478 966 1506 πολυετίαν

185 1521 284 1557 ἔχουσα
301 1524 329 1549 ὲν
353 1523 516 1558 παραλύσει.
541 1525 587 1551 καὶ
616 1524 703 1560 τούτῳ
722 1525 906 1561 προσαχοείσα
922 1527 967 1560 ep-

1013 291 1092 310 verso
1108 283 1194 310 stetit.
1212 283 1296 318 Cujus
1315 289 1421 311 uterum
1440 293 1523 319 quum
1538 285 1609 311 lacte
1624 284 1708 311 ﬂuere
1719 285 1794 312 vide-

1011 336 1079 361 rem,
1097 329 1211 360 accessi,
1225 333 1252 356 et
1264 336 1350 363 usque
1365 330 1398 356 ad
1414 331 1566 358 satietatem
1583 331 1703 358 nutritus
1720 339 1792 358 sum.

1012 374 1051 400 Ac
1066 373 1158 401 divino
1179 374 1269 408 jussui
1295 382 1394 408 parens
1414 383 1457 402 me
1479 380 1571 403 secuta
1590 380 1631 403 est
1647 384 1733 410 usque
1759 376 1793 403 ad

1013 420 1118 452 cellam,
1135 425 1160 447 et
1175 428 1218 447 me
1233 420 1342 455 quidem
1353 421 1478 453 nutrivit,
1496 429 1582 456 neque
1597 429 1661 449 vero
1677 422 1792 449 vitulum

1013 475 1094 495 suum
1106 467 1226 495 admisit.

1047 512 1153 540 Rursus
1177 513 1244 540 alias
1266 513 1311 540 hic
1337 513 1436 540 virtute
1461 513 1600 548 praeditus
1633 515 1685 545 vir,
1709 523 1792 550 quum

1013 567 1097 594 prope
1113 559 1177 586 folia
1192 564 1217 586 et
1235 563 1371 586 sarmenta
1390 563 1498 594 puteum
1515 558 1619 586 foderet
1640 559 1666 586 in
1689 567 1794 586 recrea—

1013 605 1114 631 tionem
1138 605 1347 635 monachorum,
1363 605 1397 632 ab
1412 605 1507 639 aspide
1526 612 1633 632 morsus
1649 610 1700 631 est.
1716 605 1794 637 Quod

1014 650 1112 677 animal
1129 650 1208 677 letale
1230 658 1362 677 venenum
1387 650 1479 677 habet.
1495 650 1698 684 Apprehensam
1714 652 1796 685 igitur

1013 703 1029 722 a
1043 696 1168 723 faucibus
1195 697 1315 731 aspidem
1331 697 1441 723 sahetus
1450 695 1581 723 ambabus
1598 697 1724 722 manibus
1739 697 1793 723 dis-

1015 742 1129 776 cerpsit,
1159 746 1186 769 et
1199 751 1205 768 :
1218 742 1321 775 Quum,
1338 742 1435 776 inquit,
1459 746 1484 769 te
1509 750 1563 768 non
1582 742 1687 768 miserit
1704 741 1795 768 Demi-

1013 795 1067 814 nus
1083 796 1169 820 meus,
1184 790 1320 822 quomodo
1337 796 1402 816 ausa
1420 797 1449 815 es
1470 788 1504 815 ad
1520 796 1563 815 me
1579 786 1727 816 accedere?

1050 834 1099 860 llic
1113 834 1250 862 Macarius
1262 843 1374 869 magnus
1383 835 1506 862 diversas
1520 835 1602 861 cellas
1614 835 1639 861 in
1653 835 1798 862 solitudine

1014 880 1119 911 habuit.
1137 881 1164 907 in
1175 881 1275 915 quibus
1287 881 1435 908 certamina
1454 881 1563 907 virtutis
1579 883 1697 915 peregit:
1716 889 1797 907 unaui

1014 925 1121 960 quidem
1140 925 1167 952 in
1186 925 1274 958 Scete,
1292 933 1361 960 quac
1377 925 1451 960 regio
1464 929 1505 952 est
1523 926 1550 952 in
1567 925 1695 952 interiore
1722 930 1798 952 vasta

1013 971 1171 1003 solitudine,
1184 979 1265 998 unam
1280 971 1306 998 in
1319 971 1404 1005 Libya
1418 971 1444 998 in
1461 970 1562 1002 Celliis,
1573 979 1642 1005 quae
1658 971 1797 1004 dicuntur,

1012 1022 1040 1045 et
1052 1018 1133 1044 aliam
1153 1017 1180 1044 in
1198 1022 1288 1045 monte
1303 1017 1415 1044 Nitriae.
1432 1017 1470 1044 Ex
1482 1018 1582 1052 quibus
1606 1018 1674 1045 aliae
1689 1018 1798 1052 quidem

1013 1064 1084 1091 ostio
1098 1063 1238 1094 carebant,
1253 1064 1281 1090 in
1298 1063 1398 1098 quibus
1421 1063 1556 1090 Macarius
1572 1063 1714 1091 dicebatur
1727 1067 1798 1090 tem-

1013 1116 1078 1143 pore
1093 1109 1317 1143 quadragesimae
1333 1109 1428 1136 sedere
1449 1109 1474 1135 iu
1491 1109 1623 1136 tenebris.
1641 1109 1733 1136 Altera
1749 1117 1799 1136 au-

1013 1159 1068 1182 tem
1083 1155 1150 1182 cella
1175 1156 1261 1182 multo
1279 1156 1421 1190 angustior
1438 1159 1497 1182 erat
1511 1156 1620 1187 ceteris,
1638 1156 1665 1182 in
1679 1164 1732 1190 qua
1747 1163 1799 1182 nec

1014 1203 1109 1238 pedem
1122 1203 1269 1230 extendere
1289 1207 1404 1237 poterat.
1418 1203 1509 1229 Tertia
1523 1211 1588 1230 vero
1603 1203 1718 1237 amplior
1729 1205 1798 1233 erat,

1013 1250 1043 1276 in
1056 1257 1110 1284 qua
1119 1249 1200 1276 etiam
1216 1257 1263 1277 eos
1282 1249 1471 1280 conveniebat,
1489 1249 1535 1283 qui
1549 1248 1583 1275 ad
1601 1249 1693 1283 ipsum
1707 1249 1797 1276 venti-

1015 1296 1121 1322 tabam.

1051 1340 1101 1368 Hic
1124 1341 1166 1368 vir
1192 1345 1305 1368 sanctus
1332 1344 1436 1366 tantam
1459 1339 1661 1367 multitudinem
1692 1340 1800 1367 sanavit

1015 1396 1121 1419 eorum,
1140 1388 1185 1422 qtli
1202 1395 1216 1414 a
1236 1387 1415 1414 daemonibus
1429 1387 1609 1419 vexabantur,
1626 1392 1656 1412 ut
1679 1394 1727 1414 eos
1747 1395 1799 1413 uu-

1017 1433 1147 1459 merando
1163 1433 1234 1459 haud
1255 1432 1335 1459 facile
1351 1439 1536 1466 percenseres.
1554 1431 1641 1463 antm
1653 1438 1703 1457 nos
1718 1430 1799 1457 ades-

1017 1487 1119 1512 semus,
1129 1480 1162 1506 ad
1172 1480 1245 1507 hunc
1255 1484 1378 1507 sanctum
1387 1477 1663 1510 virgoThessalonica
1673 1477 1798 1508 oriunda,

1017 1527 1117 1554 nobilis
1132 1534 1230 1561 genere
1249 1529 1276 1552 et
1297 1525 1324 1552 in
1344 1525 1394 1551 hac
1413 1525 1467 1550 rita
1482 1523 1569 1554 dives,
1589 1528 1729 1557 apportata
1746 1527 1800 1554 est,

187 1568 252 1604 ρίφη
275 1567 389 1604 πλησίον
408 1569 457 1604 τῆς
475 1569 556 1596 αὐτοῦ
580 1570 688 1606 κὲλλης.
711 1572 750 1603 είς
769 1571 802 1606 ἥν
823 1572 966 1606 σπλαγχνι-

1018 1579 1088 1607 quae
1112 1572 1205 1600 multis
1230 1571 1309 1598 annis
1341 1570 1458 1605 paralysi
1486 1569 1636 1596 laborabat.
1655 1569 1741 1603 Atque
1767 1569 1800 1595 ad

186 1612 260 1645 σθεὶς
275 1614 322 1640 καὶ
339 1614 535 1650 ἐπευξάμενος,
555 1616 635 1651 ἐλαίῳ
661 1617 730 1652 ἁγίῳ
752 1617 868 1652 ἀλείφων
883 1617 967 1653 αὐτὴν

184 1659 244 1690 ταῖς
259 1659 342 1685 αὐτοῦ
359 1661 463 1695 χερσὶν,
479 1661 525 1688 καὶ
539 1662 655 1693 ἐκτενῶς
667 1663 735 1698 ὑπὲρ
748 1663 831 1698 αὐτῆς
856 1672 969 1698 προσευ-

186 1703 299 1739 χόμενος
320 1705 425 1739 συχνῶς
449 1705 472 1721 ⁸⁸
492 1706 539 1732 ὲπὶ
558 1707 643 1733 εἴκοσι
659 1708 762 1743 ἡμέρας
781 1708 883 1743 ταύτην
904 1709 968 1744 ὑγιῆ

185 1749 226 1780 είς
251 1748 301 1784 τὴν
329 1749 430 1784 ἑαυτῆς
458 1751 600 1777 ἀπέστειλε
630 1752 705 1778 πόλιν
729 1754 762 1786 ⁸⁸,
790 1753 864 1785 ίδίοις
890 1754 969 1780 ποσὶν

185 1793 356 1821 ἀπελθοῦσαν
366 1795 400 1828 ⁸⁸,
411 1796 472 1831 ἥτις
482 1796 581 1832 πολλὴν
593 1799 780 1834 καρποφορίαν
791 1799 936 1826 ἀπέστειλε
946 1799 968 1814 ⁸⁸

185 1841 242 1870 τοῖς
258 1840 356 1873 ἁγίοις.

222 1883 305 1917 Οὗτος
321 1887 336 1912 ὁ
349 1886 436 1921 μέγας
454 1887 594 1922 Μακάριος
610 1888 729 1920 ἀκούσας
744 1889 777 1921 ⁸⁷,
793 1890 833 1916 ὃτι
849 1890 969 1926 μεγάλην

186 1931 278 1966 ἔχουσι
297 1931 434 1958 πολιτείαν
452 1933 475 1959 ot
491 1933 726 1969 Ταὸεννησιῶται,
745 1936 968 1972 μεταμφιεσάμε-

186 1986 232 2009 νος
245 1977 267 1992 ⁸⁸
287 1977 334 2004 καὶ
351 1978 493 2004 άναλαὸὼν
515 1980 648 2014 κοσμικὸν
668 1981 760 2015 σχῆμα
783 1981 909 2016 ἐργάτου.
934 1982 969 2008 δι’

186 2023 298 2058 ἡμερῶν
313 2027 343 2049 ιε’
357 2024 480 2059 εἰσῆλθεν
493 2026 532 2057 είς
546 2026 595 2060 τὴν
608 2025 728 2061 Θηϐαΐδα
741 2026 785 2053 διὰ
802 2027 851 2062 τῆς
864 2027 968 2062 ἐρήμου

185 2069 299 2103 ὁδεύσας
310 2069 392 2096 ⁶⁹·καὶ
404 2070 488 2096 ἐλθὼν
506 2072 535 2098 ὲν
546 2071 585 2106 τῷ
600 2072 760 2108 ἀσκητηρίῳ
772 2073 826 2099 τῶν
839 2073 970 2108 Ταϐεννη-

188 2115 292 2141 σιωτῶν
315 2115 443 2150 ἐπεζήτει
462 2117 508 2143 τὴν
528 2117 743 2152 ἀρχιμανδρίτην
760 2119 848 2145 αὐτῶν
871 2119 968 2154 Παχώ-

189 2168 260 2194 μιον,
276 2160 360 2196 ἄνδρα
375 2161 569 2196 δοκιμώτατον,
587 2163 634 2189 καὶ
649 2164 771 2199 χάρισμα
789 2164 883 2199 ἔχοντα
903 2174 969 2201 προ-

187 2207 309 2241 φητικόν.
335 2207 478 2242 ἀπεκρύϐη
488 2208 512 2224 ⁷⁸
532 2208 560 2234 δὲ
590 2208 676 2244 τούτῳ
689 2209 712 2225 ⁷¹
732 2210 766 2236 τὰ
795 2210 865 2237 κατὰ
883 2211 906 2226 "
922 2211 968 2238 τὸν

1017 1625 1079 1645 eum
1094 1617 1222 1647 adducta.
1239 1624 1323 1651 prope
1335 1616 1430 1642 cellam
1444 1617 1530 1642 sancti
1543 1615 1663 1649 proiecta
1681 1618 1732 1642 est.
1748 1613 1800 1647 Qui

1017 1663 1204 1690 misericordia
1214 1666 1366 1689 commotus
1377 1661 1640 1696 quumz57preces
1651 1661 1766 1688 l'umlens
1775 1665 1801 1687 et

1016 1709 1078 1736 oleo
1092 1713 1187 1737 sancto
1208 1716 1268 1736 eam
1296 1708 1414 1743 propriis
1439 1708 1497 1735 suis
1524 1708 1648 1735 manibus
1684 1716 1800 1742 ungens;

1016 1756 1113 1791 viginti
1127 1755 1223 1782 diebus
1239 1763 1321 1789 super
1333 1762 1391 1781 eam
1407 1754 1502 1781 sedulo
1511 1761 1542 1780 ac
1552 1754 1666 1780 multum
1683 1761 1800 1786 orasset,

1016 1808 1111 1828 sanam
1127 1801 1155 1827 in
1174 1800 1312 1827 civitatem
1328 1799 1389 1833 ejus
1401 1799 1514 1826 dimisit.
1533 1799 1607 1832 Quae
1620 1799 1738 1834 propriis
1754 1808 1801 1834 pe-

1016 1846 1099 1874 dibus
1113 1853 1248 1880 regressa.
1261 1846 1398 1880 copiosam
1411 1845 1514 1873 sanctis
1531 1846 1696 1873 oblationem
1714 1846 1800 1873 misit.

1052 1891 1103 1918 Hic
1117 1899 1233 1926 magnus
1250 1891 1385 1918 Macarius
1401 1899 1484 1926 quum
1503 1891 1643 1923 audiisset,
1657 1892 1800 1919 Tabenne-

1017 1938 1103 1965 siotas
1118 1938 1289 1972 praeclarum
1308 1937 1409 1964 habere
1425 1937 1498 1964 vitae
1514 1937 1679 1968 institutum,
1698 1942 1801 1965 mutata

1016 1988 1092 2012 veste
1101 1987 1128 2011 et
1142 1983 1284 2017 adsumpto
1294 1983 1430 2010 mundano
1445 1983 1564 2017 operarii
1584 1983 1691 2015 habitu,
1707 1984 1798 2017 spatio

1017 2029 1174 2064 quindecim
1191 2027 1298 2055 dierum
1317 2027 1345 2054 in
1359 2026 1538 2060 Thebaidem,
1560 2035 1607 2062 per
1625 2028 1800 2055 solitudinem

1018 2075 1170 2110 profectus,
1194 2074 1327 2109 pervenit.
1354 2074 1405 2101 Ubi
1435 2081 1518 2108 quum
1548 2074 1575 2101 in
1603 2075 1801 2102 monasterium

1018 2120 1278 2148 Tabennesiotarum
1306 2118 1437 2149 venisset,
1459 2117 1634 2145 Pachomium
1647 2126 1740 2146 eorum
1758 2127 1802 2146 ar-

1017 2166 1227 2194 chimandritam
1241 2165 1387 2200 quaesivit,
1407 2165 1494 2191 virum
1510 2164 1743 2199 probatissimum,
1754 2165 1800 2200 qui

1018 2214 1134 2249 gratiam
1152 2212 1309 2247 prophetiae
1327 2211 1453 2238 habebat.
1469 2210 1520 2237 Cui
1545 2216 1634 2237 tamen
1655 2210 1800 2238 Macariqu

188 2251 275 2286 μέγαν
289 2251 312 2267 ⁷³
336 2252 487 2287 Μακάρων.
513 2253 665 2289 περιτυχὼν
677 2254 700 2270 ’⁷⁸
727 2252 773 2281 οὖν
794 2255 868 2291 αὑτῷ
893 2256 966 2290 λέγει

1019 2267 1147 2294 magnum
1164 2266 1227 2286 esse
1243 2257 1473 2285 abscondebatur.
1490 2256 1556 2283 Eum
1571 2257 1653 2292 igitur
1668 2265 1729 2284 cum
1746 2256 1802 2283 Ma-

186 2296 260 2331 αὐτῷ
274 2298 288 2323 ὁ
304 2297 462 2332 Μακάριος’
478 2298 572 2333 δέομαι
588 2307 634 2325 σου
645 2319 652 2330 ,
676 2299 763 2335 κύριε,
783 2299 856 2333 δέξαι
877 2311 909 2336 με
930 2303 970 2334 εἰς

186 2345 234 2379 τὴν
252 2346 336 2379 μονήν
351 2353 411 2378 σου,
429 2345 471 2372 ἵνα
484 2347 606 2381 γένωμαι
625 2348 750 2382 μοναχός.
771 2348 843 2382 λέγει
866 2350 938 2384 αὑτῷ
954 2351 968 2376 ὸ

187 2391 347 2426 Παχώμιος·
363 2391 455 2418 λοιπὸν
467 2393 506 2423 είς
522 2393 609 2429 γῆρας
623 2393 735 2427 ἧλασας,
749 2394 808 2425 πῶς
831 2397 862 2422 σὺ
876 2396 968 2422 ἀσκεῖν

187 2437 297 2464 δύναται
308 2446 315 2470 ;
331 2437 439 2472 ἀδελφοί
452 2439 520 2464 εἰσιν
533 2439 586 2465 ἀπὸ
600 2439 725 2473 νεότητος
737 2441 906 2476 ἀσκήσαντες
920 2442 967 2468 καὶ

186 2483 243 2514 τοῖς
255 2483 346 2515 πόνοις
364 2484 623 2518 συνανατραφέντες.
641 2485 688 2511 καὶ
702 2486 732 2512 οὐ
746 2486 770 2501 ⁷⁵
788 2486 900 2522 φέρουσι
922 2486 968 2512 τὸν

188 2528 318 2562 κάματον.
348 2529 379 2555 σὺ
408 2529 436 2555 δὲ
461 2530 491 2556 ὲν
516 2529 601 2565 ταύτῃ
626 2532 658 2566 τῇ
687 2530 779 2566 ἡλικία
800 2532 831 2558 οὑ
857 2531 967 2558 δύνασαι

187 2573 346 2608 ὑπενεγκεῖν
359 2575 382 2590 ⁷⁸
402 2575 465 2606 τοὺς
485 2575 534 2610 τῆς
556 2575 698 2611 ἀσκήσεως
720 2577 897 2611 πειρασμοὺς,
921 2577 968 2603 καὶ

1019 2306 1111 2332 carius
1126 2304 1298 2331 convenisset
1311 2311 1316 2328 :
1328 2304 1382 2330 Uro
1395 2307 1430 2333 te.
1447 2303 1544 2338 inquit,
1559 2303 1677 2334 domine,
1693 2303 1802 2337 suscipe

1019 2358 1062 2377 me
1079 2351 1107 2376 in
1128 2349 1324 2376 monasterium
1341 2352 1434 2379 tuum,
1451 2352 1480 2374 ut
1498 2348 1648 2374 monachus
1664 2347 1735 2373 ﬁam.
1751 2347 1800 2374 Cui

1019 2395 1181 2422 Pachomius
1199 2403 1206 2421 :
1223 2395 1317 2421 Aetate
1332 2398 1386 2420 tam
1408 2398 1552 2428 provectus
1569 2393 1615 2427 qui
1632 2393 1761 2427 deinceps
1775 2397 1801 2420 te

1018 2448 1145 2468 exercere
1161 2440 1278 2474 poteris?
1292 2438 1401 2466 Fratres
1417 2447 1431 2465 a
1447 2439 1592 2473 juventute
1615 2446 1644 2465 se
1661 2443 1798 2469 exercent,

1019 2492 1045 2514 et
1062 2488 1088 2513 in
1103 2486 1243 2513 laboribus
1258 2485 1445 2516 adolevrrunt,
1461 2493 1546 2519 neque
1563 2484 1653 2511 ferunt
1668 2485 1799 2513 laborem.

1020 2532 1061 2558 Tu
1073 2539 1137 2559 vero
1152 2532 1203 2558 hac
1217 2535 1306 2558 aetate
1322 2539 1375 2557 non
1391 2535 1466 2565 potes
1483 2531 1620 2558 sustinere
1637 2531 1801 2570 tegtationes

1019 2577 1238 2605 exercitationis.
1267 2576 1435 2609 Olfenderis,
1465 2576 1573 2610 exibis,
1602 2580 1629 2603 et
1657 2577 1800 2604 maledicos

817 2643 947 2672 VARIAE
966 2645 1167 2674 LECTIONES.

223 2696 246 2737 3°
261 2695 280 2729 ἦ
292 2705 348 2737 fim-
433 2699 710 2737 "lprmrﬂnlliforfoc
725 2701 745 2727 Β
761 2701 906 2736 δεχομένη
920 2703 1066 2736 θηλάζειν.
1103 2705 1127 2720 "
1140 2703 1185 2730 AB
1201 2703 1367 2737 ὀρῤύσσων.
1404 2703 1426 2720 ⁸³
1437 2703 1458 2729 Β
1470 2705 1486 2730 ὁ
1501 2703 1644 2736 μακάριος
1673 2705 1697 2723 ⁸⁸
1711 2706 1799 2734 συντ..

247 2733 463 2772 lateret—ituri“
479 2736 500 2761 Α
514 2731 745 2772 ιξςτρσζέλαντός,
761 2737 780 2762 Β
794 2731 1045 2772 ἆᾶοστέλλοντος.

189 2765 373 2816 Ξέῗξῗῗῖῖπέῖ
386 2770 496 2816 ξίέἷὺηι.
522 2765 958 2816 ".I‘JW‘VWH"iit”???-
997 2765 1228 2816 ”’έίίτὲς.⁰1“·,’λ-
1257 2774 1288 2816 .⁸¹
1305 2765 1561 2816 Αδξέιῖθῖυστέίῗίί

242 2805 363 2839 σιςχνῶς
395 2811 447 2831 οιη.
478 2805 505 2831 Β.
544 2806 567 2822 ⁸⁵
579 2806 598 2832 Β
612 2805 722 2839 κώμην.
761 2807 783 2822 ⁵⁵
799 2806 818 2832 Β
829 2807 1023 2838 βαδίζουσαν.
1061 2810 1082 2825 ⁸⁸
1095 2805 1116 2835 Β
1132 2807 1294 2836 ἀπέσταλε.

1083 2740 1106 2756 ⁸⁵
1130 2739 1150 2765 Α
1167 2739 1200 2774 τῇ
1210 2739 1245 2764 ἐν
1256 2738 1404 2774 ἐνδοτέρᾳ.
1444 2739 1466 2755 ⁵⁷
1482 2737 1533 2765 Pro
1546 2740 1620 2772 μίαν
1633 2740 1676 2774 εἰς
1694 2740 1802 2772 λιΰύην

1605 2774 1626 2789 ⁶¹
1645 2773 1665 2800 Β
1687 2775 1721 2800 ἑν
1741 2774 1799 2808 βίῳ.

1352 2808 1372 2823 ⁸⁷
1386 2808 1405 2834 Β
1419 2809 1561 2840 ἀκηκοώς.
1601 2809 1622 2824 ⁸⁸
1640 2808 1683 2834 ΑΒ
1695 2817 1802 2843 μεταμ-

190 2836 397 2878 φεαίζάίιενςςο,
419 2839 440 2856 ⁶⁹
452 2839 505 2878 Pro
519 2841 566 2878 διὰ
576 2841 631 2878 τῆς
647 2836 757 2878 Quium;
770 2836 932 2878 ὀδεῦσαςςΒ
947 2843 1059 2870 ὁδεύων
1071 2845 1117 2871 διὰ
1129 2844 1183 2876 τῆς
1194 2843 1313 2878 ἐρήμου.
1348 2843 1374 2878 ξ¹⁰
1388 2845 1404 2868 Α
1424 2836 1580 2876 (ὶπὲκρύὶῖε.
1617 2845 1640 2860 ⁷¹
1665 2844 1682 2870 Β
1695 2836 1728 2871 δὲ
1738 2836 1802 2871 τέκε

189 2871 237 2932 fit;
245 2871 317 2905 ἁγίῳ
336 2871 448 2908 ἐκείνῳ.
486 2876 507 2891 ⁷¹
524 2876 546 2903 Α
561 2871 642 2914 μετά.
658 2871 666 2876 ”
679 2871 808 2911 ’ίμέγαν
821 2884 875 2904 om.
886 2871 928 2905 'B.

240 2918 263 2932 Ι·

240 2918 263 2933 Ι·

987 2879 1011 2895 ⁷⁵
1040 2879 1061 2906 Β
1091 2878 1232 2912 ἐντυχών.

1289 2878 1312 2892 ⁷⁵
1347 2877 1367 2902 Β
1401 2878 1449 2904 καὶ
1479 2878 1580 2911 μόλις,
1633 2880 1695 2906 ⁷⁶Β
1721 2881 1802 2912 Ere)”
