2048 3153
292 162 342 192 191

703 165 753 195 SS.
773 165 1002 195 IIACARIORUM
1021 167 1182 197 AEGYPTII
1201 169 1245 197 ET
1264 169 1496 198 ALEXANDle

1841 167 1891 197 I92

284 219 374 248 nobis.
391 219 483 256 Neque
494 227 556 248 eum
571 221 700 257 suscepit.
716 221 764 250 Ille
782 227 873 250 autent
896 224 1018 258 perstitit
1033 231 1065 252 ac

1116 225 1289 263 σκανδαλίζῃ,
1307 226 1354 253 καὶ
1372 225 1480 263 ἐξέρχῃ,
1502 226 1549 253 καὶ
1565 225 1723 261 κακολογεϊς
1745 225 1830 262 ἡμᾶς,
1847 231 1893 265 καὶ

282 265 394 301 jejunus
419 265 551 293 remansit
574 270 676 302 septem
706 267 776 296 dies.
801 267 904 296 Deinde
932 268 1066 298 Macarius

283 318 400 346 magnus
415 318 423 336 :
438 310 489 342 Me,
505 311 606 346 inquit,
633 313 752 348 suscipe,
778 313 858 346 abba,
876 319 903 342 et
925 315 979 342 nisi
994 315 1067 350 jeju-

281 363 394 389 navero,
406 357 479 385 sicut
491 357 542 391 illi,
551 363 578 386 et
586 363 715 394 operatus
726 359 814 393 fuero,
828 368 898 395 quae
908 368 1065 396 operantur,

282 408 341 429 tum
357 401 422 436 jube
435 410 478 431 me
493 403 556 437 ejici
566 411 582 431 e
595 405 772 432 monasterio.
789 405 902 440 Magnus
918 406 1000 441 igitur
1013 406 1066 434 Pa-

283 446 410 474 ehomius
435 447 567 476 fratribus
594 450 748 484 persuadet,
764 454 793 477 ut
818 458 880 479 eum
902 452 1064 488 suscipiant.

282 492 439 520 Conventus
463 498 553 521 autem
578 494 652 522 illius
676 496 835 524 monasterii
862 502 971 525 constat
991 498 1066 526 mille

281 538 489 574 quadringentis
506 540 572 567 viris
588 541 614 567 in
633 541 794 569 hodiernum
811 550 898 578 usque
911 543 993 570 diem.
1008 543 1065 572 Hoc

282 583 364 618 igitur
374 585 568 612 monasterium
581 585 714 614 Macarius
728 595 841 622 magnus
853 588 974 615 intravit.
986 588 1063 616 Brevi

281 633 372 657 autem
387 634 508 665 tempore
519 635 580 666 post
588 636 647 659 erat
657 633 874 668 quadragesima.
883 635 922 661 Ac
929 633 1064 663 Macarius

281 682 395 710 magnus
409 683 492 710 quum
510 676 711 713 vidisse1258
720 686 941 716 unumquemque
955 682 1063 710 diversa

279 720 434 754 suscepisse
445 721 552 748 vivendi
566 722 701 754 instituta.
716 724 798 751 alium
815 726 924 760 quidem
939 734 1062 762 vespere.

279 765 362 792 alium
376 771 436 800 post
448 767 528 798 duos,
541 767 623 795 alium
640 772 701 804 post
714 770 834 805 quinque
843 771 901 800 dies
910 773 1062 807 comedere,

278 811 361 838 alium
375 812 457 839 etiam
470 816 544 841 stare
561 821 608 848 per
621 818 705 842 totam
715 821 832 851 noctem,
845 817 961 845 interdiu
973 823 1063 847 autem

277 857 312 884 ad
324 865 394 892 opus
405 858 500 887 sedere
516 868 522 886 :
540 860 609 894 ipse,
627 868 710 895 quum
727 869 818 891 ramos
845 864 896 891 sibi
913 864 1062 899 palmarum

1115 271 1165 298 οὐκ
1177 271 1283 304 ἐδέξατο
1292 272 1379 300 αὐτόν.
1404 273 1418 299 6
1430 272 1459 299 δὲ
1471 272 1601 308 ηὐτόνησε
1616 271 1784 308 παραμείνας
1801 272 1892 308 νῆστις

1114 316 1167 349 ἕως
1193 317 1302 353 ἡμερῶν
1316 319 1338 334 "
1353 319 1431 345 ἑπτά.
1449 317 1562 353 ὕστερον
1582 318 1611 345 δὲ
1628 317 1702 352 λέγει
1720 317 1796 353 αὗτῷ
1813 319 1827 346 ό
1845 319 1892 355 μέ-

1115 370 1165 396 γας
1176 362 1327 399 Μακάριος·
1340 364 1412 397 δέξαι
1426 372 1470 399 με,
1486 364 1567 396 ἀδεᾶ,
1583 365 1630 391 καὶ
1647 365 1695 392 ἐὰν
1709 364 1745 401 μὴ
1755 365 1892 400 νηστεύσω

1114 408 1175 434 κατ’
1198 409 1296 440 αὐτοὺς
1310 410 1332 425 ⁷⁸
1351 410 1397 436 καὶ
1414 410 1588 446 ἐργάζωμαι,
1602 411 1620 438 δ
1639 411 1817 446 ἐργάζονται,
1833 411 1892 438 τότε

1114 454 1241 481 κέλευσόν
1269 464 1304 490 με
1328 456 1471 492 ἐκριφῆναι
1492 457 1515 473 ⁷³
1538 457 1587 492 τῆς
1618 459 1711 493 μονῆς.
1735 457 1823 484 πείθει
1846 455 1892 484 οὖν

1113 499 1176 531 τοὺς
1194 499 1325 534 ἀδελφοὺς
1345 502 1360 528 ὁ
1378 502 1462 536 μέγας
1488 501 1633 537 ῐῘαχώμιος
1652 502 1779 536 δέξασθαι
1800 502 1889 530 αὐτόν.

1114 544 1171 570 ἐστὶ
1185 545 1212 571 δέ
1225 545 1256 571 τὸ
1272 545 1397 582 σύστημα
1413 547 1462 582 τῆς
1474 547 1558 582 μονῆς
1572 548 1679 583 ἐκείνης
1702 548 1782 583 χίλιοι
1798 556 1892 583 τετρα-

1113 590 1201 616 κόσιοι
1212 591 1235 606 ⁸⁸
1249 590 1344 627 ἄνδρες
1361 591 1442 627 μέχρι
1456 593 1504 627 τῆς
1525 593 1653 628 σήμερον.
1669 593 1793 628 εἰσῆλθεν
1812 591 1859 620 οὖν
1869 593 1890 609 ⁸¹

1113 636 1153 667 είς
1175 636 1277 672 ταύτην
1291 637 1313 652 ¹¹
1332 637 1346 663 ό
1371 637 1455 672 μέγας
1479 638 1629 674 Μακάριας.
1656 638 1834 674 παρελθόντος
1864 638 1891 665 δὲ

1113 681 1204 715 ὀλίγου
1220 682 1316 717 χρόνου
1332 682 1432 718 ἐπέστη
1450 683 1466 718 ἠ
1480 682 1508 718 μ’
1519 683 1553 714 ⁸³,
1566 683 1613 710 καὶ
1627 683 1688 710 ἰδὼν
1700 684 1714 710 6
1735 684 1819 719 μέγας
1833 683 1891 710 Μα-

1113 727 1208 762 κάριος
1224 728 1246 744 “
1260 727 1373 755 ἕκαστον
1387 728 1476 755 αὐτῶν
1486 729 1508 745 ⁸⁸
1521 729 1663 765 διαφόρους
1678 729 1814 761 πολιτείας
1827 729 1889 756 ἀνα-

1112 772 1286 808 λαμόάνοντα
1302 774 1336 805 ⁸⁸,
1349 774 1395 801 τὸν
1411 774 1434 790 ⁸⁷
1449 775 1498 809 μὲν
1518 774 1641 802 ἐσθίοντα
1660 775 1689 801 ἐν
1710 775 1824 811 ἑσπέρᾳ,
1845 775 1889 802 τδν

1112 816 1141 843 δὲ
1153 816 1197 844 διὰ
1208 817 1263 849 δύο,
1277 817 1322 844 τὸν
1334 817 1362 844 δέ
1373 817 1416 844 διὰ
1431 818 1520 851 πέντε,
1533 819 1611 846 άλλον
1623 819 1652 846 δέ
1662 819 1742 846 πάλιν
1753 820 1776 835 ⁸⁸
1787 819 1890 846 ἐστῶτα

1112 861 1157 888 διὰ
1173 863 1263 898 πάσης
1277 862 1327 898 τῆς
1342 864 1448 896 νυκτὸς,
1464 864 1513 900 τὴν
1527 865 1555 891 δέ
1567 865 1673 900 ἡμέραν
1686 865 1837 900 καθήμενον
1851 866 1889 897 εὶς

278 903 377 931 multos
403 904 603 937 madefecisset,
624 906 650 933 in
672 908 774 942 angulo
790 916 844 935 uno
859 910 945 943 stetit,
961 917 1059 946 neque,

1113 906 1202 942 ἔργον,
1225 895 1417 943 οὖτος-βρέξας
1430 895 1548 941 θαλλοὺς
1562 895 1630 941 τοὺς¹
1649 911 1681 936 ἐκ
1705 895 1832 944 φοινίκων
1851 895 1890 940 εἰς

277 948 364 977 donec
375 950 583 986 quadragesima
599 952 710 987 impleta
722 958 795 981 esset
811 959 838 982 et
852 955 954 990 pascha
979 956 1060 984 adve-

277 996 373 1028 nisset,
391 1003 488 1031 panem
513 1005 601 1033 neque
624 1006 721 1034 aquam
746 1001 845 1035 tetigit.
875 1009 962 1037 neque
989 1010 1060 1038 genu

275 1041 361 1074 ﬂexit,
378 1049 466 1076 neque
488 1043 569 1076 sedit,
586 1051 674 1079 neque
690 1046 827 1079 accubuit,
846 1054 934 1082 neque
948 1049 1060 1076 omnino

275 1087 348 1115 aliud
366 1088 514 1124 quidquam
535 1091 664 1125 gustavit,
678 1091 730 1119 nisi
745 1091 829 1119 cruda
843 1093 966 1121 crambes
983 1093 1059 1128 folia,

275 1139 345 1167 quae
356 1133 474 1168 sumpsit
488 1133 532 1162 die
547 1135 695 1167 dominica.
714 1140 743 1164 ut
756 1137 893 1166 videretur
906 1140 1058 1174 comedere,

275 1185 363 1213 neque
377 1178 404 1205 in
418 1179 537 1214 aliquam
549 1181 583 1207 de
598 1189 627 1208 se
636 1182 791 1216 opinionem
806 1184 946 1213 incideret.
961 1185 1058 1221 Atque.

273 1222 297 1250 si
313 1223 422 1258 quando
438 1227 549 1259 propter
561 1227 753 1254 necessitatem
770 1235 847 1254 suam
859 1228 1058 1264 egrediebatur,

273 1268 357 1296 citius
374 1269 530 1303 regrediens
544 1271 620 1298 stetit
632 1271 666 1298 ad
680 1279 749 1307 opus
765 1280 861 1301 manus
874 1281 950 1306 suae,
971 1282 1060 1310 neque

272 1321 304 1342 os
321 1316 437 1350 aperuit,
454 1324 505 1343 nec
523 1324 607 1351 pauca
623 1317 731 1346 locutus
744 1326 794 1346 nec
813 1320 908 1352 multa,
920 1320 967 1348 sed
984 1321 1059 1348 stetit

274 1360 371 1389 silens.
387 1361 481 1396 Neque
500 1371 614 1397 prorsus
628 1364 700 1391 aliud
715 1364 873 1400 quidquam,
891 1366 944 1394 nisi
957 1367 1060 1394 oratio-

272 1414 334 1434 nem
351 1407 407 1443 egit
418 1408 445 1435 in
461 1409 554 1442 corde,
564 1413 591 1437 et
603 1418 693 1437 ramos
705 1412 842 1444 tractavit,
858 1419 928 1447 quos
944 1412 1059 1440 habebat

273 1452 301 1479 in
321 1453 457 1481 manibus.
476 1455 550 1483 Haec
559 1460 647 1483 autem
657 1464 751 1484 omnes
767 1457 961 1486 exercitatores
983 1459 1057 1488 illius

273 1500 436 1532 monasterii
449 1509 533 1535 quum
545 1502 689 1535 vidissent,
702 1503 912 1531 insurrexerunt
927 1505 1057 1534 adversus

273 1543 438 1599 praefectum
450 1552 540 1577 suum,
555 1551 635 1581 atque
647 1555 653 1573 :
667 1547 819 1580 Undenam,
830 1549 967 1584 inquiunt.
979 1551 1058 1579 nobis
1071 1567 1095 1599 ε

273 1588 409 1616 adduxisti
425 1589 498 1617 hunc
520 1591 656 1618 hominem
677 1596 807 1627 tanquam
831 1594 890 1621 siue
905 1602 988 1623 carne
1009 1596 1058 1624 de-

271 1638 377 1670 gentem
393 1635 425 1663 ad
444 1640 564 1664 nostram
575 1638 828 1667 condemnationem
838 1641 849 1667 2
858 1639 911 1668 Aut
919 1649 980 1669 eum
997 1642 1059 1670 hinc

271 1680 350 1715 ejice,
366 1685 412 1708 aut
423 1681 492 1709 bene
504 1683 583 1715 scito,
597 1690 646 1711 nos
663 1691 757 1712 omnes
774 1685 837 1713 hinc
852 1686 931 1714 hodie
941 1695 1002 1716 esse
1015 1694 1059 1716 re-

271 1725 486 1760 cessuros.Quae
500 1735 582 1762 quum
596 1727 760 1757 Pachomius
774 1737 888 1765 magnus
898 1738 913 1757 a
928 1731 1058 1760 fratribus

272 1771 415 1804 audiisset.
430 1773 583 1802 sciscitatus
606 1778 648 1801 est
660 1775 694 1802 de
712 1783 754 1802 eo.
773 1775 805 1802 Et
820 1783 902 1811 quum
918 1776 1057 1806 didit-isset

270 1818 330 1852 ejus
352 1819 422 1846 vitae
446 1819 582 1851 instituta,
602 1819 685 1848 Deum
709 1821 807 1852 oravit.
834 1826 873 1853 ut,
894 1824 955 1858 quis
972 1828 1055 1857 esset,

271 1863 324 1890 sibi
336 1864 513 1892 revelaretur.
530 1866 686 1893 Revelatum
700 1870 741 1894 est
754 1867 789 1900 ei,
800 1867 946 1895 Macarium
962 1877 1057 1896 mona-

270 1909 351 1936 chum
368 1917 439 1937 esse.
454 1909 523 1938 Tum
547 1911 674 1939 dominus
693 1911 856 1940 Pachomius
872 1913 932 1948 ejus
944 1921 1055 1942 manum

271 1955 416 1990 prehendit
434 1964 550 1992 eumque
564 1957 637 1984 foras
651 1957 753 1990 eduxit;
768 1962 849 1994 atque
865 1967 947 1994 quum
964 1961 990 1988 in
1005 1961 1055 1988 do-

271 2009 342 2038 mum
362 2001 486 2034 oratorii,
503 2002 548 2029 ubi
568 2006 610 2029 est
621 2003 715 2034 altare,
730 2010 792 2030 eum
812 2003 980 2037 deduxisset,
997 2013 1054 2032 am-

271 2045 420 2080 plexusque
436 2051 530 2073 esset:
551 2046 638 2079 Tune,
660 2048 709 2080 ait,
729 2054 769 2080 es,
778 2049 929 2077 venerande
952 2051 1051 2077 senexl

269 2089 309 2116 Tu
322 2098 352 2117 es
367 2090 511 2124 Macarius,
521 2091 602 2127 idque
610 2093 714 2124 celasti,
723 2100 774 2120 nec
783 2093 848 2120 mihi
858 2094 1050 2123 manifestastil

271 2135 308 2162 Ex
324 2136 417 2163 multis
431 2137 511 2165 annis
526 2139 599 2172 cupii
615 2142 641 2166 te.
660 2139 763 2172 videre,
782 2148 865 2174 quum
882 2141 915 2168 de
930 2145 955 2169 te
973 2142 1052 2169 audi-

269 2189 337 2209 rent.
354 2181 446 2210 Habeo
457 2182 506 2210 tibi
521 2184 633 2219 gralias,
645 2184 717 2220 quod
731 2185 870 2220 subegeris
884 2186 953 2213 ﬁlios
965 2194 1050 2220 meos,

1112 950 1213 987 πλῆθος
1227 951 1289 988 ἔστη
1302 953 1331 978 ἐν
1347 952 1432 988 γωνίᾳ
1448 954 1495 988 μιᾷ
1508 953 1565 986 καὶ,
1584 953 1680 989 μέχρις
1691 949 1722 980 οὗ
1735 955 1752 989 ἡ
1765 957 1791 989 μ’
1806 953 1890 989 ἐπλη-

1113 996 1187 1032 ρώθη
1198 996 1245 1023 καὶ
1255 997 1285 1023 τὸ
1293 998 1384 1033 πάσχα
1397 998 1582 1034 παραγέγονεν
1592 1018 1599 1030 ,
1606 999 1656 1025 οὐκ
1666 998 1758 1032 άρτου,
1768 999 1816 1034 οὐχ
1825 998 1889 1025 ὕδα-

1111 1050 1157 1074 τος
1168 1043 1265 1078 ἥψατο,
1274 1043 1304 1069 οὺ
1314 1043 1378 1077 γόνυ
1388 1043 1520 1079 ἔκαμψεν,
1528 1044 1577 1070 οὐκ
1587 1044 1789 1079 ἐκαθέσθη,οὺκ
1797 1044 1890 1071 ἀνέπε-

1113 1096 1158 1114 σεν
1167 1109 1175 1122 ,
1186 1088 1291 1121 οὐδενὸς
1303 1088 1382 1116 ἄλλου
1395 1089 1526 1123 ἐγεύσατο
1539 1090 1674 1126 παρεκτὸς
1686 1090 1792 1125 φύλλων
1801 1090 1890 1126 κράμ-

1112 1133 1163 1169 όης
1184 1133 1268 1167 ὠμῶν
1278 1154 1285 1165 ,
1306 1131 1343 1161 ὧν
1360 1134 1511 1170 ἐλάμϐανεν
1527 1135 1597 1162 κατὰ
1611 1134 1761 1170 κυριακὴν,
1773 1134 1816 1161 ῐνα
1826 1134 1890 1170 δόξῃ

1111 1179 1220 1212 ἐσθίειν,
1236 1180 1283 1206 καὶ
1299 1180 1335 1216 μὴ
1350 1181 1389 1211 είς
1405 1180 1490 1216 οῐησιν
1507 1180 1624 1216 ἐμπέσῃ.
1641 1182 1689 1208 καὶ
1709 1181 1800 1207 εἴποτε
1816 1179 1890 1215 ἐξῄει

1111 1224 1151 1255 είς
1164 1224 1213 1260 τὴν
1229 1224 1322 1260 χρείαν
1342 1224 1439 1256 αὐτοῦ,
1459 1225 1554 1252 θᾶττον
1578 1225 1670 1252 είσιὼν
1687 1225 1780 1252 ῐστατο
1797 1226 1837 1257 είς
1859 1225 1890 1251 τὸ

1111 1269 1266 1305 ἐργόχειρον
1276 1269 1309 1301 ⁵⁵,
1330 1270 1367 1305 μὴ
1380 1270 1495 1297 ἀνοίγων
1509 1270 1606 1306 στόμα.
1629 1271 1667 1306 μὴ
1686 1270 1802 1303 λαλήσας
1817 1270 1889 1304 μὴν

1112 1314 1209 1350 μικρὸν
1225 1314 1262 1349 μὴ
1276 1314 1298 1330 ¹¹
1315 1315 1397 1350 μέγα,
1413 1312 1470 1341 ἀλλ’
1489 1314 1574 1346 ἐστὼς
1592 1314 1707 1347 ἐσιώπα,
1724 1314 1805 1350 μηδὲν
1826 1314 1890 1341 ἀλλο

1110 1361 1195 1387 ποιῶν
1213 1361 1347 1395 παρεκτὸς
1368 1361 1416 1396 τῆς
1431 1362 1460 1388 ἐν
1482 1362 1516 1397 τῇ
1548 1361 1646 1396 καρδίᾳ
1670 1361 1822 1396 προσευχῆς
1844 1361 1890 1387 καὶ

1109 1406 1164 1433 τῶν
1179 1405 1281 1433 θαλλῶν
1297 1407 1330 1439 ³⁸,
1346 1402 1382 1434 ὧν
1398 1404 1470 1441 εἶχεν
1491 1406 1521 1432 ἐν
1543 1408 1601 1438 ταῖς
1618 1406 1704 1442 χερσί.
1729 1406 1890 1441 θεασάμενοι

1110 1452 1138 1479 δὲ
1154 1452 1177 1468 ⁵³
1190 1452 1283 1479 τοῦτον
1302 1452 1402 1484 πάντες
1422 1452 1447 1478 οί
1470 1451 1589 1488 ἀσκηταὶ
1611 1451 1659 1486 τῆς
1684 1451 1766 1486 μονῆς
1783 1451 1889 1486 ἐκείνης

1110 1499 1273 1526 ἐστασίασαν
1285 1498 1355 1525 κατὰ
1365 1498 1410 1525 τὸν
1421 1498 1571 1533 ἡγούμενον
1581 1498 1603 1513 ’⁸
1616 1497 1704 1524 αὐτῶν
1716 1498 1738 1514 ⁵⁸
1753 1497 1888 1531 λέγοντες·

1110 1544 1191 1571 πόθεν
1208 1545 1273 1579 ἡμῖν
1298 1543 1400 1578 ἢγαγες
1423 1542 1516 1570 τοῦτον
1537 1543 1582 1569 τὸν
1604 1541 1723 1577 ἄσαρκον
1744 1541 1888 1578 ἄνθρωπον

1109 1591 1149 1622 είς
1160 1590 1295 1626 ἡμετέραν
1306 1588 1482 1624 κατάκρισιν;
1492 1589 1509 1624 ἢ
1521 1587 1633 1615 ἔκϐαλλε
1647 1587 1740 1615 τοῦτον
1752 1588 1888 1620 ἐντεῦθεν,

1108 1636 1124 1672 ἢ
1152 1636 1205 1663 ἴσθι
1230 1636 1264 1666 ’⁸.
1287 1635 1327 1661 ὅτι
1351 1635 1431 1670 ἡμεῖς
1449 1635 1568 1667 ἅπαντες
1582 1635 1603 1651 ⁸⁷
1624 1634 1817 1670 άναχωροῦμέν
1840 1642 1888 1661 σου

1109 1682 1236 1717 σήμερον.
1269 1680 1388 1712 ἀκούσας
1415 1681 1444 1707 δέ
1466 1681 1552 1707 ταῦτα
1578 1681 1593 1707 6
1622 1680 1708 1716 μέγας
1742 1680 1889 1720 Παχώμιος

1107 1727 1181 1764 παρὰ
1197 1728 1251 1754 τῶν
1265 1727 1385 1762 ἀδελφῶν
1400 1726 1525 1762 ἠρώτησε
1540 1726 1575 1753 τὰ
1593 1727 1650 1753 κατ’
1662 1726 1753 1758 αὑτὸν,
1769 1726 1816 1753 καὶ
1835 1734 1890 1761 μα-

1107 1773 1161 1800 θὼν
1179 1774 1213 1801 τά
1235 1774 1298 1809 περὶ
1319 1774 1369 1809 τῆς
1390 1772 1473 1800 αὑτοῦ
1491 1773 1628 1805 πολιτείας
1652 1773 1823 1809 προσηύξατο
1846 1772 1887 1808 τῷ

1106 1819 1175 1855 Θεῷ,
1199 1819 1243 1846 ἵνα
1267 1819 1341 1854 αὐτῷ
1362 1818 1522 1854 ἀποκαλύψῃ
1549 1818 1579 1844 τὸ
1593 1818 1616 1834 ’³
1633 1818 1675 1850 τίς
1699 1820 1773 1845 ἐστιν
1797 1815 1885 1849 οὗτος.

1106 1865 1285 1900 ἀπεκαλύφθη
1311 1865 1339 1892 δὲ
1363 1864 1447 1900 αὐτῷ.
1471 1864 1512 1891 ὅτι
1529 1861 1604 1896 οὗτός
1634 1864 1692 1891 ἐστι
1713 1864 1854 1899 Μακάριος
1869 1862 1884 1889 ὁ

1107 1912 1231 1947 μοναχός.
1247 1911 1301 1938 τότ’
1314 1911 1426 1946 ἐκράτει
1438 1911 1461 1927 ⁹⁹
1473 1909 1553 1937 αὑτὸν
1567 1911 1616 1946 τὴν
1629 1911 1707 1945 χεῖρα
1717 1911 1725 1925 ¹
1740 1911 1755 1936 6
1772 1909 1864 1945 κύριος
1874 1910 1885 1925 ¹

1104 1958 1251 1994 Παχώμιος
1275 1958 1322 1985 καὶ
1344 1958 1435 1991 ἐξάγει
1450 1957 1460 1972 ³
1484 1957 1565 1983 αὑτὸν
1587 1956 1648 1989 ἔξω,
1667 1957 1714 1983 καὶ
1730 1954 1884 1990 είσαγαγὼν

1104 2005 1184 2032 αὑτὸν
1209 2006 1249 2036 είς
1264 2004 1294 2031 τὺ
1312 2004 1454 2039 εὐκτήριον
1469 2003 1553 2034 οίκου.
1570 2003 1598 2029 ἐν
1612 1999 1635 2036 ᾧ
1650 2002 1680 2028 τὸ
1694 2002 1884 2037 θυσιαστήριον

1102 2049 1136 2086 ἦν
1155 2051 1176 2083 ⁸,
1198 2051 1244 2077 καὶ
1271 2050 1462 2084 ἀσπασάμενος
1483 2048 1563 2076 αὐτὸν
1585 2048 1659 2082 λέγει
1684 2047 1776 2083 αὐτῷ·
1793 2047 1883 2082 δεῦρο.

1103 2095 1247 2131 καλόγηρε.
1264 2096 1296 2121 σὺ
1315 2093 1342 2121 εἴ
1354 2094 1497 2130 Μακάριος
1512 2095 1557 2121 καὶ
1572 2094 1735 2129 ἀπέκρυψας
1748 2093 1758 2109 ¹
1772 2093 1819 2120 καί
1832 2093 1882 2120 οὐκ

1102 2141 1277 2177 ἐφανέρωσάς
1300 2148 1353 2175 μοι.
1376 2141 1408 2166 ἐκ
1432 2139 1538 2167 πολλῶν
1561 2139 1630 2165 ἐτῶν
1662 2139 1815 2174 ἐπεθύμουν
1851 2146 1881 2164 σε

1103 2188 1177 2219 ἰδεῖν,
1195 2185 1301 2213 ἁκούων
1316 2184 1350 2212 τὰ
1364 2185 1427 2220 περὶ
1444 2184 1503 2212 σοῦ.
1523 2184 1604 2221 χάριν
1621 2193 1663 2210 σοι
1675 2184 1738 2218 ἔχω,
1753 2184 1794 2210 ὅτι
1807 2184 1881 2209 ἐκον-

269 2235 303 2254 ne
315 2228 369 2255 alte
384 2228 505 2256 sentiant
520 2229 554 2256 de
569 2231 761 2258 exercitatione
783 2238 842 2258 sua.
861 2230 936 2266 Rogo
953 2236 989 2263 te.
1005 2240 1050 2260 re-
1067 2239 1068 2242 ‘

1108 2231 1212 2262 Βύλισας
1232 2231 1267 2257 τὰ
1283 2229 1378 2256 παιδία
1396 2238 1459 2265 μου,
1478 2229 1522 2256 ῐνα
1538 2230 1576 2264 μὴ
1597 2229 1668 2264 μέγα
1683 2228 1817 2264 φρονῶσιν
1833 2227 1880 2254 ἐπὶ

267 2273 334 2300 cede
354 2274 380 2300 in
406 2274 494 2302 locum
521 2279 608 2309 tuum;
625 2283 676 2303 nos
700 2276 773 2303 enim
798 2276 865 2304 satis
889 2277 1050 2310 aediﬁcasti,

268 2323 349 2353 atque
363 2327 410 2346 ora
430 2327 480 2355 pro
493 2321 581 2348 nobis.
600 2321 701 2349 Deinde
725 2322 759 2349 ab
773 2329 806 2349 eo
820 2326 942 2358 rogatus,
955 2328 1051 2359 peten-

267 2364 340 2392 tibus
356 2373 464 2400 quoque
479 2366 607 2393 omnibus
627 2366 768 2400 fratribus,
785 2367 908 2395 recessit.

301 2464 382 2500 259
397 2465 500 2494 Rursus
512 2462 633 2494 alias‘hic
642 2466 683 2493 vir
693 2466 851 2501 impatibllis
859 2467 939 2495 nobis
952 2474 1045 2495 narra-

265 2511 313 2539 vit.
325 2511 420 2546 Omne,
431 2513 529 2548 inquit,
537 2514 609 2541 vitae
617 2513 792 2541 monachicae
800 2514 964 2547 institutum,
972 2514 1044 2550 quod

1100 2279 1134 2313 τῇ
1150 2276 1253 2304 ἐαυτῶν
1275 2276 1399 2311 ἀσκήσει.
1416 2275 1568 2311 παρακαλῶ
1588 2283 1628 2308 σε,
1651 2274 1752 2302 ἄπελθε
1774 2275 1814 2306 είς
1834 2274 1880 2300 τδν

1099 2321 1181 2347 τόπον
1203 2327 1265 2346 σου·
1283 2319 1426 2355 αὐτάρκως
1452 2319 1506 2354 γὰρ
1528 2319 1705 2354 ῲκοδόμησας
1727 2319 1816 2354 ἡμᾶς,
1833 2319 1879 2346 καὶ

1099 2364 1179 2400 εὔχου
1192 2364 1261 2400 ὑπὲρ
1277 2364 1365 2399 ἡμῶν.
1385 2363 1445 2390 τότε
1464 2363 1588 2395 ἀξιωθεὶς
1599 2364 1609 2379 '
1621 2363 1667 2390 ὑπ’
1681 2362 1762 2390 αὑτοῦ
1774 2363 1879 2399 δεηθέν-

1097 2418 1154 2437 των
1168 2410 1258 2437 αὐτῶν
1271 2410 1379 2436 πάντων
1393 2410 1448 2436 τῶν
1462 2409 1584 2445 ἀδελφῶν
1597 2409 1779 2445 ἀνεχώρησεν,

1134 2465 1244 2493 ’Δλλοτε
1260 2466 1341 2492 πάλιν
1349 2462 1369 2478 ⁷“
1381 2465 1529 2501 διηγήσατο
1538 2466 1548 2482 ⁸
1564 2467 1631 2502 ἡμῖν
1649 2463 1725 2497 οὗτος
1735 2466 1750 2492 ὀ
1757 2465 1875 2501 ἀπαθὴς,

1096 2512 1138 2539 ὅτι
1157 2512 1246 2538 πᾶσαν
1262 2511 1399 2538 πολιτείαν
1417 2512 1569 2548 ἀσκητικὴν
1581 2512 1614 2548 ἢν
1633 2512 1794 2547 ἐπεθύμησα
1808 2520 1875 2539 κατ-

891 2612 1019 2641 VARIAE
1044 2611 1190 2640 LECTION
1193 2611 1244 2639 ES.

295 2700 317 2715 ""
335 2699 354 2726 Β
369 2699 420 2731 ἓως
431 2699 552 2733 ἡμέρας.

263 2736 302 2766 είς
320 2735 425 2769 αὐτήν.
445 2731 492 2751 7³³⁷
505 2731 797 2768 Βτεσσαρακοστήδ
819 2735 843 2750 ⁸⁸
860 2734 911 2761 Pro
924 2731 991 2769 dpé

261 2806 294 2832 Α.
332 2805 354 2821 ’⁵
371 2805 391 2831 Β
410 2804 479 2831 κατὰ
500 2805 552 2831 τοῦ
573 2804 751 2839 ἡγουμένου.

262 2840 286 2857 ’⁸
304 2840 337 2873 ζό
356 2847 410 2866 om.
429 2839 458 2866 Β.
496 2840 518 2855 ⁹⁹
538 2839 559 2866 Β
579 2841 638 2866 τότε
657 2839 817 2873 κρατήσας.

262 2870 346 2908 τῆν
359 2882 413 2901 om.
429 2874 459 2901 Β.
481 2875 491 2890 ⁸
508 2873 633 2908 Emend.
647 2870 691 2900 ΑΒ
708 2870 895 2908 ἀποκρύψας.

589 2699 613 2715 "'
624 2699 685 2727 κατ’
693 2699 803 2733 αὐτοὺς
815 2707 868 2727 om.
883 2699 914 2727 Β.
950 2699 973 2715 "
986 2699 1006 2725 Β
1017 2698 1174 2732 ἐκριφῆναι
1186 2706 1233 2731 με.
1271 2698 1293 2713 ³⁸
1306 2698 1326 2724 Β
1337 2698 1416 2733 χίλιοι
1433 2698 1634 2737 πεντακόσιοι.
1672 2698 1693 2713 ¹¹
1709 2700 1731 2724 Δ
1744 2698 1786 2723 δέ.
1815 2698 1839 2714 ⁸⁸
1851 2698 1873 2724 Β

589 2734 782 2768 νσαραχοστή,
819 2735 843 2750 ⁸⁸
860 2734 911 2761 Pro
924 2731 941 2758 δ
954 2733 1046 2768 μέγ-ας
1059 2733 1206 2766 Μακάριος
1217 2732 1237 2759 Β
1248 2734 1269 2768 cl
1281 2733 1372 2768 γέρων
1419 2733 1440 2749 ⁸⁸
1452 2735 1550 2768 αὑτων
1561 2741 1615 2759 om.
1629 2732 1661 2759 Α.
1699 2732 1722 2748 ³⁸
1733 2732 1752 2768 Β
1761 2733 1873 2768 ἀναλα-

262 2771 352 2798 ϐόντα
391 2767 421 2786 ’⁸⁷
440 2769 459 2796 Β
475 2770 523 2797 καί
544 2770 600 2796 τόν.
637 2767 660 2786 ⁸³
679 2769 722 2796 ΑΒ
736 2769 857 2802 agitur.
895 2770 916 2785 "
939 2767 983 2796 Sic
996 2767 1055 2795 ΑΒ.
1094 2769 1116 2783 ’⁸
1128 2768 1170 2801 μὴ

790 2805 812 2820 ⁷³
828 2803 926 2831 αὐτῶν
940 2812 995 2831 om.
1011 2803 1040 2830 B.
1080 2803 1103 2818 “
1119 2803 1169 2837 Αῆ
1191 2803 1240 2829 ἵνα
1257 2803 1365 2829 εἰδέναι
1380 2803 1463 2837 ἔχῃς.

870 2840 877 2855 ¹
897 2839 917 2865 Β
932 2838 986 2889 ἷῆιξ
992 2838 1308 2889 ικῗίίὶέςληᾷηῗᾶἐῗῗέ

959 2873 979 2899 Β
992 2874 1037 2899 ἐπὶ
1049 2875 1081 2908 τῇ
1094 2873 1222 2904 ἀσκήσει
1233 2873 1340 2900 αὐτῶν,

1271 2697 1293 2713 ⁸⁸
1306 2697 1326 2724 Β
1337 2697 1416 2733 χίλιοι
1433 2698 1634 2733 πεντακόσιοι.
1672 2697 1786 2733 ἰῗΔγδέ.
1815 2697 1839 2714 ⁸¹
1851 2696 1874 2724 Β

1186 2775 1240 2794 om.
1260 2767 1290 2794 Β.
1328 2769 1349 2784 ¹¹
1363 2768 1383 2794 Β
1404 2768 1429 2795 ﬁ.
1467 2769 1490 2784 "
1509 2767 1528 2793 Β
1547 2768 1686 2795 θαλλίων.
1725 2767 1747 2782 ¹¹
1768 2767 1802 2793 δὲ
1813 2776 1869 2795 om.

1404 2768 1429 2803 ἦ.
1467 2769 1490 2784 ’⁸
1509 2768 1528 2793 Β
1547 2768 1686 2795 ouum.
1725 2768 1747 2782 "
1768 2768 1866 2795 δὲοηι.

1404 2812 1463 2836 mc.
1502 2803 1522 2818 "’
1545 2802 1566 2829 Α
1589 2803 1628 2828 ὅτι
1643 2801 1752 2835 πάντες
1769 2801 1866 2836 ἡμεῖς,

1450 2838 1459 2853 ³
1479 2837 1500 2864 Β
1517 2837 1564 2864 καὶ
1578 2837 1669 2871 ἐξήτα
1684 2834 1744 2864 ἐνξ
1770 2837 1780 2852 ⁵
1793 2834 1832 2863 ’ἐν
1850 2834 1876 2871 ᾧ

1474 2873 1557 2899 coni..
1572 2873 1593 2899 A
1607 2847 1726 2899 ἐειωδείς
1741 2879 1790 2899 oro
1802 2871 1872 2899 τότε

1189 2837 1209 2863 Β
1227 2839 1240 2864 6
1257 2838 1412 2872 μακάριος.
1450 2838 1459 2853 ³
1479 2837 1500 2864 Β
1517 2837 1564 2864 καὶ
1578 2837 1730 2899 ἐξήταῦηεν.
1770 2837 1780 2852 ⁵
1796 2837 1832 2863 ἐν
1850 2837 1872 2871 ᾧ

1189 2881 1222 2899 πει
1233 2872 1340 2900 αὐτῶν,
1380 2874 1390 2888 ⁷
1412 2872 1449 2900 Ex
1474 2873 1557 2905 coni.,
1572 2873 1593 2900 A
1607 2872 1670 2905 ἐξιω
1688 2873 1726 2905 εἰς
1741 2879 1790 2907 pro
1802 2871 1872 2899 τότε

1380 2874 1390 2888 ⁷
1412 2872 1449 2900 Ex
1474 2873 1557 2905 coni.,
1572 2873 1593 2900 A
1607 2872 1670 2905 ἐξιω

259 2901 395 2942 dabam;
416 2909 436 2936 Β
454 2908 547 2942 οὕτως
565 2901 633 2937 οὖν’
645 2901 847 2943 καρακληᾶείξν.
862 2901 882 2923 ⁷³
894 2907 937 2936 ΔΒ
955 2901 1081 2935 miller
1097 2909 1107 2923 ³
1120 2907 1143 2934 Α
1161 2901 1296 2941 διηγεῖτο.
