2061 3150
274 155 325 184 1⁷95

679 153 730 182 SS.
747 152 979 182 MACAIHORUM
999 151 1163 180 AEGYPTII
1182 151 1227 179 ET
1248 151 1482 180 ALEXANDRINI

1834 154 1885 184 196

273 217 380 242 domum
396 222 472 242 suam
489 221 613 242 reversus
625 213 783 250 gloriﬁcavit
794 214 929 247 Deum,ac
948 214 1050 249 gratias
1065 240 1067 245 ,

1107 221 1164 248 ραις
1185 212 1246 247 ἰάθη
1270 213 1318 238 καὶ
1334 212 1465 248 ὲτρίχωσε
1487 213 1534 239 καὶ
1555 212 1676 248 ἀπῆλθεν
1689 212 1730 244 εἰς
1748 213 1793 239 τδν
1814 209 1890 241 οἶκον

273 262 327 297 egit
344 265 448 288 sancto.

310 308 412 334 Rursus
422 306 475 333 vidi
489 305 521 333 ad
533 313 594 333 eum
607 305 703 333 adduci
715 313 826 341 puerum
842 312 857 331 a
871 305 967 339 spiritu
977 303 1054 331 mali-

273 360 325 388 gno
339 357 474 379 vexatum.
487 351 536 379 Cui
551 354 662 380 sanctus
674 359 782 377 manum
795 350 916 377 dextram
932 350 958 376 in
972 353 1053 384 caput

273 397 404 432 imposuit
425 397 502 436 261
527 401 554 424 et
567 397 707 423 sinistram
723 403 805 431 supra
828 403 887 427 eor,
903 403 935 422 ac
952 395 1052 421 tamdiu

272 444 370 475 oravit,
387 443 473 470 donec
497 442 606 470 fecisset
626 450 686 469 eum
704 442 820 476 pendere
843 442 870 468 in
897 448 968 467 aere.
986 440 1054 467 Puer

274 488 365 523 igitur,
383 490 453 515 sicut
479 493 540 514 uter
556 486 678 519 inﬂatus,
690 487 717 513 in
735 494 850 521 corpore
870 486 1054 519 maximopere

273 532 412 563 intumuit,
437 531 544 562 deinde,
570 539 654 566 quum
680 531 771 558 subito
799 531 990 561 exclamasset,
1006 537 1054 564 per

273 585 368 605 omnes
386 585 483 604 sensus
495 583 592 611 aquam
608 576 707 609 emisit;
725 583 795 610 quae
817 583 898 610 quum
915 576 1053 607 desiisset,

273 623 300 650 in
315 631 385 653 eam,
401 623 541 656 quainitio
552 622 647 654 fuerat,
662 629 817 649 mensuram
832 621 922 649 rediit.
934 621 1054 656 Eumque

273 676 356 703 quum
371 669 431 696 oleo
444 673 539 695 sancto
559 668 683 695 unxisset
696 673 720 694 et
744 675 814 702 aqua
834 667 976 694 benedicta
993 674 1056 702 per-

273 713 399 744 fudisset,
421 713 491 747 patri
514 712 641 743 reddidit.
667 720 698 739 ac
713 713 811 745 vetuit,
828 720 861 739 ne
880 719 988 739 carnem
1004 719 1055 739 nec

274 760 366 787 vinum
382 761 525 794 attingeret
535 758 710 794 quadraginta
722 759 826 786 diebus.
840 758 927 785 Puero
944 758 1053 793 quidem

273 807 309 832 ita
324 810 421 833 sanato
436 813 484 833 eos
505 804 618 832 dimisit.

312 893 389 920 Hunc
407 891 554 919 Macarium
572 898 700 926 magnum
712 889 849 925 quondam
867 894 1001 916 vexarunt
1015 897 1059 916 eo-
1075 899 1095 926 Β

277 939 422 975 gitationes
441 945 527 964 vanae
551 937 664 972 gloriae,
684 943 754 970 quae
769 943 831 962 eum
849 942 864 962 e
881 935 947 961 cella
962 935 1061 969 ejicere

274 989 425 1017 tentarunt.
434 989 460 1012 et
468 987 659 1019 suggesserunt
670 983 705 1016 ei,
714 986 743 1009 ut
751 982 964 1018 dispensationis
973 983 1059 1017 gratia

274 1032 389 1060 Romam
407 1036 539 1068 pergeret,
553 1032 708 1066 justamque
722 1039 833 1059 causam
847 1032 999 1067 allegarunt
1015 1039 1059 1059 sa-

277 1081 414 1107 nationem
438 1087 544 1110 eorum,
561 1078 608 1113 qui
630 1078 665 1105 ibi
682 1084 756 1111 sunt,
776 1078 958 1105 inﬁrmorum.
975 1077 1059 1105 Valde

275 1126 347 1153 enim
367 1125 394 1152 in
406 1133 438 1152 eo
450 1125 581 1152 adversus
599 1123 710 1158 spiritus
724 1124 888 1158 operabatur
900 1126 986 1159 gratia
1004 1124 1057 1150 Do-

274 1172 351 1198 mini.
364 1171 458 1206 Longo
469 1175 557 1197 autem
573 1173 694 1204 tempore
707 1170 741 1197 ab
764 1170 798 1197 iis
813 1174 958 1201 tentatum,
974 1177 1057 1205 quum

273 1225 327 1244 non
353 1216 511 1248 obediisset,
537 1219 567 1242 ut
590 1215 772 1249 egrederetur,
799 1215 890 1242 acrius
908 1215 1055 1250 agitarunt.

272 1261 428 1289 Prostratus
440 1261 521 1296 igitur
533 1265 643 1287 sanctus
659 1261 685 1287 in
695 1261 786 1287 limine
798 1260 883 1288 cellae
896 1268 963 1287 suae
973 1260 1057 1295 pedes

273 1307 347 1334 foras
360 1306 461 1337 emisit,
471 1305 701 1340 daemonibusque
712 1313 796 1332 vanae
802 1306 921 1340 gloriae:
934 1305 1056 1338 Trahite,

273 1353 371 1387 inquit,
395 1360 437 1379 me
456 1355 482 1378 et
506 1352 604 1383 vellite,
626 1351 784 1384 daemones,
809 1352 832 1378 si
856 1352 982 1386 potestis.
1000 1351 1056 1388 Ego

272 1398 344 1425 enim
369 1397 435 1424 meis
466 1397 579 1431 pedibus
593 1397 662 1424 alias
685 1405 739 1423 non
761 1397 850 1424 abibo.
870 1397 917 1423 Sin
943 1391 1056 1432 potestis

273 1444 355 1471 talem
370 1452 412 1470 me
427 1444 581 1480 deportare,
601 1451 655 1478 quo
669 1443 770 1475 dicitis,
788 1444 954 1478 perveniam.
968 1444 1056 1478 Atque

271 1490 372 1526 juravit
387 1489 420 1516 iis
435 1498 442 1515 :
461 1489 516 1521 Sic,
535 1488 632 1523 inquit,
646 1488 743 1523 jacebo
760 1497 845 1524 usque
858 1490 889 1517 ad
903 1497 1053 1525 vesperam).

272 1535 330 1563 Nisi
349 1543 392 1562 me
409 1535 559 1567 moveritis,
574 1534 651 1562 vobis
664 1542 719 1562 non
729 1535 865 1563 obediam.
887 1535 976 1568 Quum
992 1544 1055 1564 vero

1106 258 1188 285 αὐτοῦ
1205 257 1350 291 δοξάζωνυ
1365 258 1410 284 τὸν
1428 258 1494 285 Θεὸν
1508 260 1555 285 καὶ
1569 259 1736 295 εὐχαριστῶν
1749 259 1788 294 τῷ
1808 260 1887 295 ἁγίῳ.

1141 302 1217 330 Εἶδον
1240 304 1320 330 πάλιν
1332 304 1372 337 δ’,
1399 305 1440 330 ὅτι
1467 304 1639 340 προσηνέχθη
1665 304 1739 340 αὺτῷ
1763 305 1888 340 παιδαρί-

1107 358 1170 381 σκος
1177 351 1198 364 “
1206 349 1398 384 ἐνεργούμενος
1406 350 1458 376 ὑπὸ
1467 349 1621 385 πνεύματος
1629 359 1696 385 πονη
1701 350 1758 385 ροῦ.
1772 350 1889 383 Ἐπιθεὶς

1105 395 1134 422 δὲ
1144 395 1217 430 αὐτῷ
1226 395 1275 430 τὴν
1285 395 1373 427 δεξιὰν
1387 397 1434 422 ἐπὶ
1443 396 1492 431 τῆς
1500 396 1622 431 κεφαλῆς
1636 397 1683 423 καὶ
1693 398 1742 432 τὴν
1752 397 1890 432 εὐώνυμον

1106 440 1152 466 ἐπὶ
1162 440 1210 475 τὴν
1222 440 1350 475 καρδίαν,
1363 441 1408 466 ἐπὶ
1419 440 1545 468 τοσοῦτον
1560 443 1574 468 ὸ
1588 441 1664 476 ἆγιος
1675 441 1698 457 ⁵⁸
1708 442 1890 478 προσηύξατο,

1106 485 1156 516 ἕως
1172 482 1201 512 οὗ
1220 485 1301 511 αὑτὸν
1315 486 1368 512 ἀπὸ
1385 486 1466 521 ἀέρος
1479 487 1591 522 ἐποίησε
1602 488 1792 523 κρεμασθῆναι
1803 488 1836 515 ⁸⁵.
1855 489 1892 514 ol-

1106 529 1190 565 δήσας
1202 528 1248 557 οὖν
1257 531 1271 557 ὁ
1280 532 1344 562 παῖς
1356 532 1394 562 ὡς
1404 532 1487 563 ἀσκὸς
1499 531 1689 567 ὑπερμεγέθης
1698 533 1722 548 ⁸⁵
1731 533 1769 567 τῷ
1784 533 1890 568 σώματι

1106 576 1223 610 ὼγκώθη
1237 576 1270 608 ⁸⁷,
1285 577 1332 603 καὶ
1350 578 1480 612 αἰφνίδιον
1491 578 1646 614 ἀνακράξας
1666 578 1709 605 διὰ
1724 580 1818 605 πασῶν
1835 580 1889 606 τῶν

1107 622 1257 657 αἰσθήσεων
1270 622 1342 658 ὕδωρ
1351 623 1466 658 ἤνεγκεν
1476 623 1509 655 ⁵⁸,
1520 624 1566 650 καὶ
1579 623 1707 659 λωφήσας
1717 626 1757 656 el;
1769 625 1783 651 ὃ
1797 623 1830 660 ἦν
1842 624 1890 651 ἀπ’

1107 668 1194 702 ἀρχῆς
1211 668 1323 702 γέγονεν
1333 669 1365 695 δ’.
1385 670 1432 695 καὶ
1454 669 1567 704 ἀλείψας
1587 669 1666 696 αὑτὸν
1686 670 1755 705 ἁγίῳ
1770 670 1792 686 ⁵ο
1809 671 1890 706 ἐλαίῳ

1108 714 1291 749 ηὑλογημένον
1306 714 1328 730 ⁸¹
1347 714 1417 749 ὕδωρ
1434 715 1550 750 ἐπιχέων
1567 715 1749 750 παραδίδωσιν
1767 716 1790 732 ¹¹
1809 717 1890 743 αὐτὸν

1107 759 1147 794 τῷ
1165 760 1247 796 πατρὶ
1262 759 1354 792 αὐτοῦ,
1371 761 1567 795 παραγγείλας,
1585 761 1621 796 μὴ
1643 761 1741 796 κρεῶν,
1764 761 1801 797 μὴ
1820 763 1889 789 οίνου

1109 806 1228 840 ἅψασθαι
1247 807 1327 833 αὑτὸν
1347 807 1392 832 ἐπὶ
1407 807 1514 842 ἡμέρας
1532 811 1569 843 μ’.
1585 808 1632 834 καὶ
1648 807 1734 840 οὕτως
1747 809 1891 844 ἰασάμενος

1109 852 1242 878 ἀπέλυσεν
1254 853 1352 884 αὐτούς
1363 853 1396 880 ⁸³.

1146 898 1282 933 Ὤχλησαν
1305 898 1391 934 τούτῳ
1408 898 1472 925 ποτὲ
1494 898 1533 933 τῷ
1550 898 1660 934 μεγάλῳ
1684 899 1820 935 Μακαρίῳ
1847 900 1891 926 λο-

1111 944 1204 979 γισμοὶ
1228 945 1379 977 κενοδοξίας
1401 945 1564 980 πειρώμενοι
1586 945 1679 971 τοῦτον
1699 945 1822 972 ὲκὸαλεῖν
1841 947 1890 981 τῆς

1110 989 1218 1023 κέλλης,
1241 989 1431 1024 ὑποτιθέμενοι
1447 988 1604 1024 οἰκονομίας
1620 990 1700 1023 χάριν
1716 989 1890 1023 καταλαμϐά-

1109 1042 1165 1060 νειν
1180 1033 1227 1070 τὴν
1248 1033 1367 1069 Ῥώμην,
1384 1034 1422 1065 ὡς
1434 1033 1480 1059 ἐπὶ
1495 1034 1628 1068 προφάσει
1640 1033 1719 1068 δῆθεν
1733 1034 1891 1070 εὐεργεσίας

1109 1081 1162 1106 τῶν
1177 1081 1236 1106 ἐκεῖ
1251 1079 1472 1115 ἀρρωστούντων.
1488 1079 1579 1114 ἄκρως
1595 1079 1648 1114 γὰρ
1665 1079 1735 1105 κατὰ
1744 1079 1797 1106 τῶν
1809 1088 1889 1106 πνευ-

1110 1126 1202 1160 μάτων
1218 1126 1257 1157 εἰς
1273 1125 1354 1151 αὑτὸν
1373 1126 1482 1160 ἐνήργει
1496 1125 1520 1140 ⁸⁸
1531 1126 1546 1160 ή
1557 1125 1637 1160 χάρις
1653 1125 1700 1151 τοῦ
1715 1125 1826 1161 Κυρίου.
1842 1126 1890 1153 καὶ

1108 1171 1145 1202 ὡς
1162 1171 1208 1197 ἐπὶ
1223 1170 1289 1196 πολὺ
1305 1170 1446 1205 ὀχλοῦντες
1461 1170 1510 1205 οὐχ
1528 1170 1648 1205 ὑπήκουε
1660 1170 1694 1203 ⁵³,
1707 1171 1890 1206 σφοδροτέρως

1108 1216 1181 1250 αὐτῷ
1207 1215 1424 1251 προσελάσαντες
1447 1215 1540 1241 τοῦτον
1558 1215 1714 1250 ἐξήλαυνον.
1739 1215 1830 1241 πεσὼν
1844 1215 1890 1242 οὖν

1107 1262 1153 1288 ἐπὶ
1174 1262 1224 1297 τὴν
1253 1261 1333 1295 φλιὰν
1355 1261 1405 1296 τῆς
1427 1261 1523 1287 ἑαυτοῦ
1541 1260 1638 1294 κὲλλης
1662 1262 1676 1287 ὁ
1694 1261 1769 1295 ἅγιος
1789 1262 1850 1293 τοὺς
1867 1262 1890 1277 ⁵⁸

1107 1307 1190 1338 πόδας
1205 1307 1327 1338 ἐκτείνας
1347 1305 1454 1340 ἀφῆκεν
1466 1307 1513 1332 ἐπὶ
1535 1305 1568 1332 τὰ
1591 1305 1653 1339 ἔξω,
1667 1306 1754 1340 λέγων
1769 1308 1825 1338 τοῖς
1839 1307 1890 1341 τῆς

1107 1353 1258 1385 κενοδοξίας
1271 1353 1395 1387 δαίμοσιν
1406 1359 1412 1367 ⁸
1423 1352 1516 1378 ἓλκετέ
1528 1361 1560 1387 με
1578 1351 1702 1387 σύροντες
1710 1353 1743 1384 ⁸⁷,
1754 1353 1888 1387 δαίμονες,

1106 1399 1154 1425 ἐάν
1173 1398 1285 1424 δύνασθε
1302 1398 1335 1424 ⁸⁸.
1353 1397 1408 1432 ἐγὼ
1429 1399 1483 1433 γὰρ
1498 1399 1554 1429 τοῖς
1575 1399 1650 1433 ἐμοῖς
1673 1399 1751 1424 ποσὶν
1773 1397 1889 1434 ἀλλαχοῦ

1106 1444 1156 1470 οὐκ
1168 1444 1332 1479 ἀπέρχομαι.
1350 1444 1375 1470 εί
1391 1442 1437 1470 οὖν
1453 1443 1568 1470 δύνασθε
1581 1443 1603 1459 ⁸’
1625 1452 1657 1478 με
1675 1443 1761 1475 οὕτως
1777 1444 1891 1477 ἀπενεγ-

1106 1491 1174 1521 κεῖν,
1191 1489 1257 1515 ὄπου
1267 1489 1371 1523 λέγετε,
1383 1488 1581 1523 ἀπελεύσομαι,
1592 1488 1771 1524 διομνύμενος
1781 1489 1873 1521 αὐτοῖς
1881 1497 1888 1504 ”

1106 1536 1147 1562 ὅτι
1164 1535 1250 1566 οὕτως
1269 1535 1364 1569 ἔσομαι
1379 1533 1505 1569 κείμενος
1521 1534 1573 1564 ἓως
1588 1534 1724 1569 ἑσπέρας·
1740 1533 1787 1560 ἐὰν
1804 1534 1840 1568 μή
1855 1541 1890 1568 με

274 1583 401 1609 immotus
421 1582 577 1612 mansisset.
596 1588 657 1608 sero
672 1581 778 1616 vesperi
793 1581 900 1608 tandem
923 1582 1055 1609 surrexit.

1110 1581 1268 1616 σαλεύσητε,
1284 1581 1314 1606 οὐ
1330 1581 1367 1616 μὴ
1383 1581 1459 1616 ὑμῶν
1479 1581 1637 1608 ὑπακούσω.
1653 1581 1699 1608 καὶ
1721 1580 1814 1616 μείνας
1828 1581 1892 1607 ἀσά-

275 1629 328 1656 Sed
337 1632 416 1656 nocte
427 1627 589 1655 adventante
598 1635 694 1654 rursus
707 1635 767 1654 eum
781 1627 967 1655 vehementius
976 1627 1057 1654 etiam

273 1674 398 1702 insectati
413 1678 485 1701 sunt.
503 1673 591 1706 Quare
610 1676 721 1700 sanctus
733 1673 864 1703 surrexit,
883 1672 1056 1706 duorumque

271 1720 329 1748 fere
341 1720 493 1747 modiorum
505 1723 624 1754 sportam
635 1718 856 1752 arenaimplevit,
867 1726 919 1753 qua
934 1718 1058 1745 humeris

274 1766 402 1800 imposita
419 1770 502 1792 totam
532 1764 706 1792 solitudinem
724 1763 852 1798 pervasit.
873 1764 923 1791 Cui
938 1763 1058 1790 occurrit

275 1812 354 1848 262
370 1810 537 1838 Tlieosebius
554 1810 698 1837 Cosmetor
712 1809 909 1841 Antiochcnus,
919 1812 962 1836 et:
975 1809 1056 1842 Quid,

272 1857 373 1893 inquit,
394 1861 498 1893 portas,
520 1856 608 1884 abba?
627 1855 698 1883 Cede
719 1855 784 1882 mihi
802 1863 883 1886 onus,
911 1862 978 1882 neve
1000 1855 1058 1890 ipse

274 1904 397 1930 vexeris!
417 1903 463 1929 Ille
479 1905 569 1928 autem
588 1910 594 1928 :
617 1899 705 1932 Vexo,
722 1898 826 1935 inquit,
846 1908 926 1932 eum,
945 1900 991 1934 qui
1015 1907 1058 1927 me

273 1953 362 1976 vexat.
375 1948 434 1983 Ipse
448 1948 519 1975 enim
534 1954 617 1982 quum
631 1946 750 1973 lascivus
763 1946 810 1977 sit,
824 1945 889 1972 mihi
901 1945 1057 1980 peregrina-

271 1996 362 2023 tiones
383 1995 514 2030 suggerit.
539 1993 584 2021 Sic
603 2001 666 2021 vero
689 2001 772 2028 quum
799 2000 828 2020 se
852 1993 967 2019 multum
992 1999 1057 2027 per-

273 2042 415 2074 movisset,
434 2042 462 2068 in
480 2039 575 2068 cellam
587 2040 701 2066 intravit
720 2039 841 2067 contrito
854 2046 981 2074 corpore.

316 2129 353 2156 De
384 2132 479 2156 sancto
525 2128 615 2155 Marco
652 2135 750 2163 magno
790 2127 970 2155 exercitatam
1012 2127 1057 2155 hic

273 2172 442 2200 admirabilis
450 2171 584 2200 Macarius
596 2173 649 2200 hoc
663 2173 820 2200 incredibile
831 2172 909 2200 nobis
920 2173 1056 2201 narravit:

273 2218 361 2252 Quum
380 2225 469 2249 sacro,
482 2218 579 2252 inquit,
594 2225 706 2245 munere
718 2217 855 2252 fungerer.
869 2221 990 2253 tempore
1004 2217 1058 2245 dis-

1108 1626 1202 1657 λευτος
1224 1627 1246 1642 ⁶⁰
1271 1626 1369 1661 ἀνέστη
1389 1626 1480 1653 λοιπὸν
1513 1625 1634 1661 ἑσπέρας
1658 1625 1741 1661 οὔσης
1769 1625 1888 1660 βαθείας.

1108 1672 1204 1703 νυκτὸς
1212 1671 1240 1698 δὲ
1252 1671 1333 1698 πάλιν
1345 1671 1543 1706 ἐπιγενομένης
1555 1671 1740 1706 σφοδροτέρως
1747 1670 1889 1705 ἐνώχλουν.

1107 1717 1227 1749 ἀναστὰς
1239 1715 1285 1743 οὖν
1299 1717 1313 1742 ὁ
1328 1716 1405 1751 ἆγιος
1418 1716 1452 1750 ",
1463 1717 1510 1743 καὶ
1526 1717 1547 1732 θ’
1562 1715 1652 1742 λαϐὼν
1665 1716 1782 1752 σπυρίδα
1799 1716 1836 1747 ὼς
1844 1716 1891 1743 δύο

1109 1763 1208 1798 μοδίων
1220 1763 1347 1797 ψάμμου.
1362 1761 1464 1797 ταύτην
1475 1762 1627 1798 ἐπλήρωσε,
1641 1762 1687 1788 καὶ
1701 1761 1831 1793 τεθεικὼς
1845 1763 1891 1788 ἐπὶ

1107 1808 1153 1835 τὸν
1167 1808 1265 1835 ἑαυτοῦ
1280 1804 1353 1842 ὦμον
1368 1808 1477 1835 διεκίνει
1492 1808 1513 1824 ⁸⁸
1526 1808 1575 1844 τὴν
1591 1808 1704 1843 ἔρημον.
1727 1807 1815 1842 τούτῳ
1830 1815 1891 1834 συν-

1107 1854 1222 1889 ήντησεν
1247 1853 1270 1868 ⁸⁸
1294 1853 1436 1885 Θεοσέὸιος
1465 1853 1480 1879 ὁ
1508 1853 1655 1888 κοσμήτωρ
1689 1853 1842 1886 ’Δντιοχεὺς
1867 1853 1890 1867 ⁸³

1107 1897 1154 1924 καὶ
1166 1897 1239 1931 λέγει
1253 1897 1326 1933 αὐτῷ
1338 1905 1345 1911 ·
1361 1897 1388 1923 τί
1406 1897 1560 1932 βαστάζεις,
1579 1897 1669 1930 ά66ᾱ;
1689 1897 1891 1933 παραχώρησον

1107 1943 1169 1978 ἐμοὶ
1189 1944 1219 1970 τὸ
1233 1943 1342 1978 φορτίον
1356 1944 1402 1970 καὶ
1417 1944 1454 1979 μὴ
1471 1943 1585 1970 σκύλλου
1599 1943 1681 1975 αὐτὸς
1693 1953 1700 1959 ·
1715 1945 1729 1970 ὁ
1752 1944 1780 1970 δὲ
1797 1944 1888 1978 ἔλεγε·

1109 1989 1214 2015 σκύλλω
1221 1989 1266 2015 τὸν
1280 1988 1429 2015 σκύλλοντά
1442 1997 1476 2024 με
1487 1997 1495 2004 ·
1512 1989 1606 2021 ἄνετος
1619 1989 1672 2024 γὰρ
1686 1989 1723 2016 ὢν
1735 1990 1890 2026 ἀποδημίας

1108 2043 1154 2069 μοι
1181 2034 1337 2061 ὑποϐάλλει.
1368 2035 1415 2060 καὶ
1446 2034 1492 2060 ἐπὶ
1520 2034 1588 2061 πολὺ
1615 2035 1775 2071 διακινήσας
1803 2035 1889 2067 οὕτως

1107 2080 1230 2116 εἰσῆλθεν
1243 2081 1283 2111 εἰς
1302 2079 1350 2115 τὴν
1368 2079 1466 2106 κέλλαν
1481 2080 1628 2115 συντρίψας
1641 2080 1670 2106 τὸ
1688 2080 1776 2115 σῶμα.

1143 2126 1211 2161 Περὶ
1225 2126 1248 2141 ⁵⁸
1260 2124 1374 2159 Μάρκου
1390 2124 1437 2151 τοῦ
1453 2125 1502 2159 μὲν
1517 2125 1636 2160 ἀσκητοῦ
1651 2126 1681 2152 τὸ
1700 2125 1850 2161 παράδοξον
1866 2126 1888 2141 "

1107 2171 1185 2198 τοῦτο
1197 2172 1211 2197 ὁ
1223 2170 1374 2205 θαυμάσιος
1384 2167 1462 2204 οὗτος
1477 2172 1621 2207 Μακάριος
1633 2172 1781 2207 διηγήσατο
1791 2172 1888 2206 λέγων·

1107 2217 1147 2244 ὃτι
1164 2218 1193 2243 ὲν
1215 2215 1254 2252 τῷ
1275 2217 1443 2252 λειτουργεῖν
1469 2225 1502 2252 με
1518 2217 1735 2253 ἐπεσημηνάμην
1749 2217 1803 2252 ἐγὼ
1820 2218 1889 2245 κατά

273 2263 432 2290 tributionis
458 2263 647 2298 mysteriorum
684 2262 785 2290 Christi
817 2271 867 2298 ego
893 2263 1054 2296 observavi,

1107 2263 1152 2289 τὸν
1166 2262 1260 2298 καιρὸν
1281 2262 1331 2297 τῆς
1351 2262 1495 2294 διαδόσεως
1509 2262 1564 2289 τῶν
1577 2262 1624 2289 τοῦ
1645 2263 1763 2298 Χριστοῦ
1785 2272 1889 2299 μυστη-

274 2309 365 2336 Marco
373 2309 545 2336 exercitatori
554 2316 692 2344 nunquam
707 2316 750 2335 me
759 2308 869 2336 dedisse
879 2309 1055 2341 oblationem,

274 2354 322 2383 sed
342 2355 454 2390 angelus
479 2355 504 2382 ei
529 2355 612 2382 dabat
635 2355 669 2382 de
696 2355 790 2384 altari.
811 2354 868 2389 Ego
888 2362 952 2382 vero
968 2354 1056 2382 solum

273 2402 444 2437 splendorem
472 2409 570 2429 manus
595 2401 651 2429 vidi
674 2401 744 2437 ejus,
769 2402 816 2437 qui
844 2402 869 2429 ei
892 2401 1056 2428 oblationem

1108 2309 1183 2345 ρίων,
1208 2310 1250 2335 ἔτι
1275 2309 1381 2344 Μάρκῳ
1411 2308 1450 2343 τῷ
1469 2309 1574 2344 ἀσκητῇ
1600 2309 1729 2335 οὐδέποτε
1753 2309 1841 2336 ἔδωκα
1866 2309 1889 2326 ⁸⁸

1108 2354 1164 2387 ἐγὼ
1179 2355 1201 2370 oo
1219 2354 1389 2390 προσφοράν,
1404 2354 1462 2381 ἀλλ’
1482 2355 1598 2389 ἄγγελος
1618 2356 1691 2391 αὐτῷ
1705 2356 1781 2383 ἐδίδω
1793 2357 1816 2372 ⁷⁰
1835 2357 1889 2384 ἀπὺ

1105 2400 1154 2427 τοῦ
1171 2400 1365 2436 θυσιαστηρίου
1379 2399 1536 2431 λαμϐάνων.
1550 2401 1605 2435 ἐγὼ
1619 2402 1648 2428 δὲ
1660 2402 1705 2428 τὸν
1718 2402 1889 2438 ἀστράγαλον

907 2514 1033 2542 VARIAE
1054 2512 1257 2541 LECTIONES.

306 2600 327 2638 θ’
344 2600 364 2626 Β
390 2600 672 2641 χαΙρωνηδοξάζιρνε
697 2602 720 2618 ⁸³
738 2603 783 2641 ΑΒ
807 2602 914 2641 πάλλιν,
928 2609 968 2641 sic
989 2604 1047 2630 fere
1073 2604 1184 2641 ubique:
1222 2603 1277 2641 “1?
1291 2602 1372 2641 παῖς.

1415 2603 1439 2619 ⁸⁸
1454 2604 1471 2630 ὁ
1484 2603 1567 2637 ἅγιος
1589 2611 1644 2631 om.
1661 2604 1692 2630 Β.
1729 2603 1752 2620 ⁸⁵
1770 2603 1822 2630 Pro
1836 2603 1888 2635 ἕως

273 2633 365 2673 οῨῦ--τ
389 2633 638 2673 ἆρεραᾳθῆνρινβ
661 2636 713 2669 ἕως
742 2638 835 2664 αὐτὸν
852 2633 912 2673 ,εἰς’
927 2638 1015 2673 ἀέρα,
1030 2633 1232 2672 κρεμαάθῆναι
1261 2633 1414 2671 ἐποίησεν.
1449 2638 1471 2654 ⁸⁸
1495 2633 1590 2670 Cori,
1621 2638 1666 2665 AB
1693 2633 1886 2673 ὑπερμεγέθηξ

274 2670 295 2686 ⁴⁷
304 2670 332 2706 Β
344 2671 462 2704 ὼγνχώθη
474 2671 532 2705 ὅλῳ
547 2671 587 2704 τῷ
600 2671 721 2705 σώματι.
741 2672 763 2688 ⁸⁸
774 2673 794 2698 Β
807 2670 965 2706 ιιὲξένεγνκε.⁷
975 2673 995 2690 ⁴⁶
1010 2670 1134 2704 Emend,
1147 2670 1271 2706 Α’Τέτον

274 2705 317 2731 AB
330 2707 446 2740 εὐλογει

275 2747 329 2776 om.
349 2741 379 2767 Β.
414 2741 436 2756 ³³
452 2740 583 2773 Emend.,
599 2742 643 2767 AB
668 2740 778 2776 ἐνήρῄ

274 2774 430 2802 δύνασθαι.
468 2776 490 2791 ⁸⁸
504 2776 629 2808 Emend.,
649 2777 693 2802 AB
714 2774 897 2810 ἁάάλεύτως.

1271 2681 1297 2704 ε,
1309 2673 1329 2698 Β
1339 2673 1481 2708 κατέστη.
1506 2673 1529 2708 "f
1541 2673 1613 2708 ἁγίῳ
1627 2681 1681 2699 om.
1692 2674 1722 2700 Β.
1758 2674 1779 2689 ⁸¹
1795 2673 1885 2703 (Σοὶ-ι’..

446 2706 548 2740 μένον.
583 2706 605 2722 ¹¹
625 2707 678 2733 Pro
695 2707 821 2742 ἐπιχέων
848 2707 1049 2740 παραδίδωσιν
1064 2708 1084 2733 Β
1103 2707 1225 2741 ἐπιχέας
1252 2707 1469 2740 παραδέδωκεν.
1507 2707 1530 2723 ⁵³
1545 2706 1593 2734 καὶ
1613 2709 1705 2740 οὕτως
1729 2723 1764 2728 -
1777 2708 1888 2740 αὐτοὺς

453 2740 554 2758 R‘mnnrl
604 2742 643 2758 an
671 2742 778 2758 διημιλιυιμνε
825 2743 847 2758 ιι
867 2743 912 2758 ειη
938 2743 977 2758 ΔΩ
1020 2743 1044 2758 σε
1060 2742 1080 2758 n
1100 2742 1147 2758 mni
1168 2742 1230 2758 μοι-..τι
1278 2743 1300 2758 I'I
1320 2743 1332 2758 Δ
1360 2743 1505 2758 "Jun-nun"
1547 2743 1569 2758 ll
1587 2744 1599 2758 Α
1631 2743 1774 2758 λήμην-Ωιι.
1823 2743 1846 2758 ΙΙ
1869 2743 1881 2758 Δ

782 2763 788 2769 .
825 2743 847 2758 ⁵⁸
867 2743 913 2770 Sic
933 2743 985 2768 AB.
1020 2743 1044 2758 “
1059 2742 1081 2768 B
1100 2742 1149 2769 καὶ
1168 2742 1240 2774 τούς.
1278 2743 1300 2758 ³⁷
1315 2743 1336 2769 Α
1360 2743 1514 2776 σύραντες.
1547 2743 1569 2758 ⁵³
1583 2744 1601 2768 Α
1629 2743 1785 2770 δύνασθαι.
1823 2743 1846 2759 ⁵⁵
1865 2743 1887 2769 Δ

782 2777 897 2810 πεύτως.
936 2778 955 2793 ⁵²
971 2778 988 2804 ὁ
1003 2777 1087 2811 ἅγιος
1106 2785 1160 2804 om.
1177 2776 1207 2804 Β.
1246 2777 1268 2792 ⁸⁸
1286 2777 1335 2804 καὶ
1353 2785 1406 2804 om.
1425 2777 1456 2804 Α.
1496 2777 1518 2793 ⁸³
1536 2777 1556 2803 Β
1573 2778 1657 2811 διῄει.
1697 2777 1720 2793 ⁸⁵
1736 2777 1756 2804 Β
1772 2777 1887 2810 συν-τήν-

1439 2751 1514 2774 ντες.
1547 2743 1601 2768 "A
1629 2743 1785 2770 δύνασθαι.
1823 2743 1846 2759 ⁵⁵
1865 2743 1888 2769 Δ

275 2816 350 2848 τηιζε
367 2810 404 2849 ,δὲ
422 2811 525 2849 τούτῳ.
541 2812 583 2849 ,⁵⁵
630 2813 645 2838 ό
660 2811 810 2849 ἀντιοχειξς.
848 2811 907 2849 “_A
922 2813 1008 2849 literis
1024 2810 1147 2849 ntiniatis
1160 2812 1193 2849 ad
1205 2813 1366 2849 _marginem
1391 2811 1537 2849 adscripsit
1553 2810 1645 2849 :_-n:épl.
1667 2813 1784 2849 μάρκου,
1809 2811 1830 2838 Β
1844 2813 1887 2849 in:

276 2845 386 2882 scripsit
395 2854 410 2882 ε
431 2845 555 2882 περιτιζό
576 2846 681 2882 μάρκου
704 2845 751 2873 τοῦ
774 2847 905 2881 ἀσκητοῦ.
926 2847 964 2882 η⁴¹⁷
979 2847 1001 2873 Α
1016 2847 1145 2882 περὶτοῦ
1161 2847 1245 2882 ἁγίου
1262 2845 1371 2874 τὰύτου
1385 2847 1502 2881 μάρκου
1527 2847 1580 2874 τοῦ
1601 2845 1735 2882 ﬁeri/Iov
1752 2846 1886 2881 ἀσκητοῦ

274 2876 453 2912 παρᾶἃοξον.
468 2876 474 2880 ’
491 2880 514 2896 ⁸⁸
531 2881 552 2906 Β
571 2876 694 2908 δέδωκα.
733 2882 754 2897 ⁸³
773 2882 829 2916 ἐγὼ
840 2876 903 2909 ὀιη.
925 2881 956 2909 Β.
994 2882 1017 2899 ⁷ο
1031 2876 1123 2917 Corn,
1136 2876 1266 2910 ΑΒάὺτό
1279 2876 1388 2909 ἐδίδουξ
