2048 3153
169 187 221 217 (9⁸1

939 184 1041 213 ACTA.

1722 184 1774 212 198

169 247 247 283 μόνον
257 246 308 280 τῆς
323 245 414 281 χειρὸς
428 245 560 281 ἐθεώρουν
572 245 619 272 τοῦ
631 245 793 278 ἐπιδιδόντος
810 246 883 282 αὐτῷ
894 247 942 281 τὴν

994 247 1086 273 dabat.
1112 245 1160 272 llic
1177 252 1240 273 vero
1254 244 1361 273 Marcus
1384 252 1467 280 quum
1487 244 1582 280 junior
1596 249 1678 278 esset,
1697 250 1775 274 vetus

164 290 315 319 κοινωνίαν.
329 288 406 322 οὗτος
415 290 443 317 δὲ
455 291 469 317 ὁ
478 290 591 325 Μάρκος
604 291 626 306 ⁷¹
641 291 771 327 νεώτερος
787 291 824 318 ὼν
839 292 873 307 “‘
889 301 942 318 πα-

164 337 241 364 λαιὰν
252 337 299 364 καὶ
310 337 406 372 καινὴν
419 337 529 374 γραφὴν
538 337 723 373 ἁπεστήθισεν
738 339 826 373 πρᾶος
834 338 871 364 ὢν
881 339 942 366 καθ’

165 383 325 419 ὑπερϐολήν,
339 383 420 418 ἁγνὸς
429 383 458 410 δὲ
475 384 500 410 ει
519 384 566 411 καί
581 392 622 416 τις
634 384 723 416 ἄλλος.

197 430 270 460 Μιᾶς
288 429 317 455 δὲ
331 429 385 456 τῶν
405 429 517 465 ἡμερῶν
539 429 718 466 καιρούμενος
737 431 759 446 ⁷¹
778 430 833 464 ἐγὼ
853 431 893 462 εις
912 431 944 457 τὸ

165 475 276 510 ἔσχατον
290 474 373 502 αὐτοῦ
390 475 480 511 γῆρας
492 475 585 502 λοιπὸν
599 475 754 511 ἀπέρχομαι
770 476 837 511 πρὸς
851 476 940 503 αὐτόν.

165 519 210 546 καὶ
227 519 454 555 παρακαθέζομαι
476 521 509 556 τῇ
524 520 593 556 θύρᾳ
617 521 666 556 τῆς
681 521 778 556 κέλλης
792 522 885 554 αὑτοῦ,
905 522 943 553 ὡς

165 565 210 592 ἅτε
231 566 287 600 ἐγὼ
299 566 432 601 ἀρχάριος
445 567 470 583 ⁷³
483 566 522 593 ὣν
536 567 654 602 νομίζων
667 568 690 583 ⁷⁸
703 568 784 594 αὐτὸν
804 569 874 604 ὑπὲρ
897 569 943 596 ἄν·

165 613 272 647 Θρωπον
286 610 367 645 εἶναι,
385 612 480 648 ὥσπερ
493 613 540 639 καὶ
560 611 604 648 ἦν.
620 613 667 640 καὶ
681 613 838 650 ἠκροώμην,
848 614 875 640 τί
889 614 943 650 ἄρα

164 656 266 692 λαλεῖῆ
288 657 314 683 τί
336 657 498 693 διαπράττει
520 658 553 684 ⁷⁵.
572 658 618 685 καὶ
640 657 795 693 μονώτατος
817 659 854 686 ὢν
869 659 943 686 ἔνδον

164 703 226 737 περὶ
251 703 285 729 τὰ
307 703 406 729 ἑκατὸν
427 703 474 738 ἐτη
491 703 591 735 ἐλάσας
614 703 664 739 ἤδη
687 704 735 730 καὶ
756 705 819 736 τοὺς
835 705 943 737 ὀδόντας

162 747 297 779 ἀπολέσας
312 748 401 783 ἑαυτῷ
411 748 554 784 διεμάχετο
566 749 612 775 καὶ
623 749 661 784 τῷ
675 749 800 784 διαϐόλῳ,
813 749 899 783 λέγων
908 751 941 766 ⁷⁸·

162 793 188 818 τί
207 793 294 824 θέλεις
310 793 420 827 λοιπόν,
442 794 598 830 κακόγηρε;
621 794 675 821 ἰδοὺ
695 795 742 821 καὶ
760 794 831 821 οἴνου
849 795 943 828 ἔλαϐες

162 839 208 865 καὶ
219 839 311 866 ἐλαίου
324 840 396 875 ἥψω.
414 840 508 868 λοιπὸν
522 840 549 867 τί
563 840 651 872 θέλεις
664 841 687 857 ""
702 842 806 877 ποιήσω
819 850 875 874 σοι,
893 850 943 868 πο-

161 885 289 920 λιοξάγε,
315 886 477 913 κοιλιόδουλε
504 887 599 913 ἑαυτὸν
630 886 796 922 ὲξυϐρίζων;
819 885 878 914 εἶτα
903 887 942 923 τῷ

159 917 286 966 δαίμονιέ
301 932 414 964 ἄπελθε,
429 933 526 967 λέγων,
543 933 589 960 ἀπ’
606 917 674 968 ἐμοῦ
687 917 846 965 ’ἰνδιάϐολε
876 917 941 968 συγζ
957 917 978 944 Β

161 978 322 1013 γεγήρακάς
345 987 390 1013 μοι
408 980 437 1005 ὲν
461 979 642 1014 ἀδιαφορίαις,
661 979 802 1006 ἀσθένειάν
825 988 869 1014 μοι
893 979 940 1005 τοῦ

161 1023 286 1059 σώματος
298 1024 453 1059 ὲπιῤῥίψας.
472 1024 542 1051 οἴνου
555 1033 587 1060 με
602 1026 623 1041 τ’
636 1025 766 1059 ἐποίησας
779 1024 941 1060 μεταλαϐεῖν

160 1070 207 1096 καὶ
233 1070 336 1100 ἐλαίου.
357 1070 498 1106 φιλήδονόν
524 1079 557 1105 με
583 1071 820 1107 ἀπεργασάμενος.
852 1070 889 1106 μὴ
917 1071 940 1089 ⁸ο

159 1117 251 1151 ἀκμήν
273 1117 313 1143 σοί
329 1125 355 1142 τι
377 1115 521 1152 χρεωστιῖ);
547 1116 622 1142 οὐδὲν
641 1116 778 1151 εὑρίσκεις
796 1117 825 1142 ἐν
846 1115 908 1151 ἐμοὶ
926 1116 941 1143 ὃ

160 1162 249 1194 θέλεις
271 1163 387 1197 συλῆσαι
408 1163 441 1190 ⁸¹.
458 1162 559 1189 ἄπελθε
575 1162 668 1189 λοιπὸν
683 1162 731 1189 ἀπ’
749 1162 828 1197 ἐμοῦ,
841 1162 940 1198 μισάν-

160 1209 263 1244 θρωπε.
285 1209 332 1236 καὶ
349 1208 386 1240 ώς
416 1208 546 1246 στερίζων
572 1208 660 1244 ἑαυτῴ
684 1208 833 1243 διελέγετο·
860 1208 941 1244 δεῦρο

159 1255 261 1287 λοιπόν,
277 1256 355 1291 λῆρε,
372 1256 531 1290 πολιοφάγε,
554 1255 706 1290 φαγόγηρε,
729 1255 782 1287 ἓως
798 1255 863 1282 πότε
881 1254 941 1281 ἔσο-

160 1309 210 1328 μαι
227 1300 296 1335 μετὰ
310 1301 356 1327 σοῦ
367 1309 374 1332 ;

195 1347 348 1382 Διηγήσατο
362 1348 384 1363 ³¹
403 1347 431 1374 δὲ
447 1347 512 1382 ἡμῖν
530 1347 576 1373 καὶ
589 1347 603 1373 ό
616 1346 709 1378 δοῦλος
725 1346 772 1373 τοῦ
786 1347 905 1383 Χριστοῦ
917 1347 940 1363 ⁸⁸

159 1392 329 1426 Παφνούτιος
348 1393 362 1418 ὁ
380 1393 426 1419 τοῦ
443 1392 567 1427 γενναίου
582 1393 605 1408 ⁸⁸
627 1392 721 1419 τούτου
740 1393 872 1428 μαθητής,
899 1394 940 1420 ὃτι

160 1439 227 1473 μιᾶς
240 1438 296 1465 τῶν
319 1438 432 1474 ἡμερῶν
451 1437 634 1473 καθεζομένου
649 1437 696 1465 τοῦ
711 1439 852 1474 Μακαρίου
867 1439 890 1455 ⁸⁵
903 1440 941 1466 ol-

158 1491 210 1509 κου
234 1483 258 1498 ⁸⁸
281 1483 309 1509 ὲν
332 1484 365 1518 τῇ
390 1482 467 1518 αὐλῇ,
498 1483 547 1509 καὶ
570 1482 609 1518 τῷ
627 1482 686 1518 Θεῷ
715 1483 941 1518 προσομιλοῦντος

158 1528 241 1556 ὗαινα
255 1528 372 1555 λαϐοῦσα
389 1529 434 1555 τὸν
458 1529 558 1564 ἑαυτῆς
575 1528 694 1564 σκύμνον
718 1529 740 1544 ⁸⁷
757 1529 855 1563 τυφλὸν
876 1530 940 1556 ὄντα

993 298 1020 319 et
1034 299 1134 319 novum
1160 294 1352 318 testamentum
1370 291 1527 318 memoriter
1546 290 1652 325 didicit,
1669 291 1775 326 fuitque

993 338 1137 373 insigniter
1152 338 1227 365 mitis
1244 341 1326 372 atque
1342 341 1446 370 castus,
1470 338 1494 365 si
1511 339 1572 372 quis
1586 339 1667 365 alius.

1028 427 1150 460 Quodam
1166 428 1209 455 die
1222 435 1306 462 quum
1324 428 1409 455 otium
1434 428 1499 455 mihi
1523 434 1604 461 esset,
1619 429 1652 456 ad
1665 437 1726 457 eum
1746 430 1774 457 in

992 477 1113 501 extrema
1132 474 1192 508 ejus
1210 477 1351 501 senectute
1369 474 1486 509 perrexi.
1501 474 1586 507 Quem
1601 483 1684 510 quum
1713 484 1773 510 ego,

993 523 1087 553 utpote
1101 519 1146 554 qui
1161 520 1236 547 rudis
1248 528 1347 552 essem,
1357 528 1439 555 supra
1456 520 1591 547 hominem
1606 529 1666 549 esse
1680 522 1775 549 existi-

993 572 1105 597 marem,
1123 570 1152 592 ut
1165 566 1245 592 etiam
1257 565 1319 598 fuit,
1334 566 1407 593 ostio
1424 567 1509 593 cellae
1524 567 1611 601 ipsius
1627 567 1720 594 adsedi
1734 573 1772 599 et,

993 610 1058 645 quid
1072 611 1229 645 loqueretur
1243 612 1284 639 vel
1299 616 1402 647 ageret,
1419 612 1581 640 auscultavi.
1599 612 1678 640 Solus
1693 614 1775 648 igitur

992 656 1066 684 intus
1078 664 1161 692 quum
1185 657 1242 692 jam
1260 664 1369 685 centum
1386 658 1443 686 fere
1466 666 1552 686 annos
1569 659 1690 689 haberet.
1709 660 1775 686 den-

993 706 1088 737 tesque
1108 704 1257 736 amisisset,
1272 712 1364 732 secum
1386 709 1413 732 et
1436 712 1498 732 cum
1515 705 1624 732 diabolo
1645 707 1776 740 pugnavit

993 756 1025 776 ac
1041 758 1047 775 :
1064 748 1134 782 Quid
1153 750 1272 781 tandem,
1289 750 1389 785 inquit,
1404 750 1458 783 vis,
1474 751 1544 778 male
1565 752 1662 778 senex!
1682 751 1720 778 En
1736 752 1776 778 vi-

992 800 1057 819 num
1069 792 1162 820 bibisti
1175 797 1203 821 et
1216 794 1305 822 oleum
1319 795 1442 830 tetigisti.
1461 796 1531 828 Quid
1546 795 1587 823 vis
1598 796 1713 830 amplius
1726 797 1773 823 tibi

992 839 1101 872 faciam,
1126 847 1211 867 vorax
1236 841 1264 867 in
1286 841 1396 871 canitie,
1422 842 1544 869 serviens
1564 842 1671 869 ventri?
1691 841 1729 869 lta
1745 851 1776 870 se

992 885 1051 920 ipse
1064 887 1236 914 contumeliis
1252 887 1404 921 castigavit.
1415 886 1526 915 Diabolo
1539 892 1628 916 autem
1641 887 1774 920 :Recede,

992 931 1091 966 inquit,
1100 939 1114 958 a
1125 940 1177 965 me,
1186 931 1302 960 diabole.
1315 932 1490 960 Consenuisti
1499 941 1605 961 mecum
1618 935 1643 961 in
1652 935 1772 970 pigritia.

991 976 1177 1005 Inﬁrmitatem
1186 979 1308 1014 corporis
1320 979 1385 1006 milii
1398 979 1531 1007 indixisti.
1539 979 1637 1008 Vitium
1646 985 1673 1008 et
1684 981 1773 1008 olcum

990 1030 1034 1050 me
1050 1023 1131 1059 263
1146 1025 1286 1058 percipere
1304 1025 1404 1053 fecisti.
1420 1025 1608 1061 Voluptarium
1627 1035 1670 1055 me
1686 1027 1775 1055 reddi-

990 1068 1065 1096 disti.
1081 1069 1150 1102 Quid
1166 1071 1214 1098 tibi
1229 1071 1340 1106 insuper
1351 1072 1453 1100 debeo?
1466 1073 1539 1101 Nihil
1556 1074 1661 1102 invenis
1679 1075 1706 1101 in
1719 1082 1773 1106 me,

990 1114 1064 1148 quod
1083 1115 1205 1150 deripere
1219 1117 1296 1145 velis.
1310 1116 1415 1146 Recede
1427 1126 1491 1154 ergo
1502 1127 1518 1146 a
1528 1127 1580 1152 me,
1596 1120 1706 1148 inimice
1722 1121 1774 1147 lto-

991 1160 1106 1188 minlun.
1119 1160 1158 1189 Ac
1169 1162 1252 1189 Veluti
1267 1163 1337 1190 latro
1356 1164 1408 1191 sibi
1431 1165 1509 1199 ipse:
1524 1166 1656 1201 Agedum,
1672 1166 1771 1201 inquit,

990 1211 1117 1240 nugator,
1134 1207 1161 1233 in
1178 1208 1278 1234 canitie
1293 1213 1414 1241 vorator,
1430 1209 1495 1236 etin
1507 1209 1666 1238 heluatione
1676 1218 1771 1238 senex.

990 1251 1126 1284 Quamdiu
1141 1252 1222 1280 etiam
1236 1258 1324 1281 tecum
1340 1255 1404 1282 ero?

1025 1341 1194 1378 Paphnutius
1217 1351 1326 1379 quoque
1346 1342 1448 1372 Christi
1474 1353 1570 1373 servus
1586 1348 1613 1372 et
1639 1345 1772 1380 praeclari

991 1389 1073 1424 hujus
1081 1389 1131 1416 viri
1146 1390 1297 1425 discipulus
1311 1390 1378 1418 haec
1392 1391 1471 1418 nobis
1485 1392 1620 1418 narravit:
1637 1392 1770 1425 Quodam,

990 1435 1089 1470 inquit,
1105 1436 1158 1467 die,
1184 1444 1268 1471 quum
1286 1436 1421 1464 Macarius
1435 1436 1508 1464 domi
1531 1437 1559 1464 in
1574 1437 1636 1465 aula
1655 1438 1771 1470 sederet,

990 1487 1017 1509 et
1033 1482 1152 1509 animum
1169 1481 1224 1509 Deo
1236 1483 1370 1510 intentum
1385 1483 1508 1515 haberet,
1524 1483 1627 1520 hyaena
1651 1485 1771 1512 catulum

990 1534 1101 1555 caecum
1115 1535 1194 1555 suum
1210 1528 1313 1561 attulit,
1329 1531 1356 1555 et
1368 1529 1440 1556 ostio
1460 1529 1539 1557 aulae
1553 1529 1642 1564 capite
1665 1530 1773 1565 pulsato

157 1576 268 1610 ἦνεγκε,
285 1574 385 1610 καὶτῷ
398 1574 507 1610 θυριδίῳ
518 1575 567 1609 τῆς
584 1574 669 1609 αὐλῆς
684 1574 823 1610 κρούσασα
841 1577 874 1610 τῇ
895 1584 940 1602 κε-

992 1573 1114 1608 ingressa
1130 1578 1182 1603 est.
1201 1573 1247 1600 illo
1263 1574 1343 1601 etiam
1365 1574 1490 1602 sedente.
1506 1574 1592 1609 Cujus
1615 1579 1677 1603 ante
1690 1576 1771 1610 pedes

157 1621 231 1657 φαλῇ
256 1622 377 1656 εἰσῆλθεν
405 1621 444 1648 ἔτι
472 1620 554 1648 αὐτοῦ
582 1622 640 1647 ἐκεῖ
666 1620 863 1656 καθεζομένου.
893 1622 941 1649 καί

158 1668 250 1702 ῥίπτει
265 1667 346 1694 αὑτὸν
357 1667 409 1694 ὑπὸ
420 1667 482 1698 τοὺς
499 1666 582 1698 πόδας
596 1666 677 1694 αὐτοῦ
687 1675 694 1681 ·
710 1666 803 1694 τοῦτον
815 1667 861 1694 τὸν
874 1667 941 1694 σκύ-

159 1721 227 1748 μνον
243 1712 332 1739 λαϐὼν
348 1713 362 1739 ὁ
377 1713 454 1746 ἅγιος
464 1712 606 1747 Μακάριος
618 1712 640 1728 ⁸⁸
658 1712 705 1739 καὶ
722 1712 874 1745 ὲπιπτύσας
884 1714 941 1744 τοῖς

157 1758 308 1794 ὀφθαλμοῖς
332 1757 413 1785 αὐτοϋ
437 1757 574 1792 ἐπηύξατο
588 1778 597 1790 ,
626 1758 674 1785 καὶ
698 1759 869 1794 παραχρῆμα
895 1759 943 1785 ἀν-

157 1803 268 1838 έϐλεψε,
279 1803 327 1829 καὶ
338 1803 492 1837 θηλάσαντα
502 1802 584 1829 αὑτὸν
595 1803 617 1818 ⁸³
628 1802 708 1830 ὕαινα
717 1802 833 1837 ἀπῆλθε.
846 1803 892 1829 καὶ
905 1804 940 1838 τῇ

158 1849 223 1884 ἑξῆς
243 1848 335 1884 ἡμέρᾳ.
357 1848 453 1875 κώδιον
477 1848 594 1884 μεγάλου
623 1848 758 1884 προϐάτου
783 1849 882 1884 ἡνεγκε
903 1848 943 1883 τῷ

157 1895 231 1928 ἁγίῳ
249 1894 383 1929 Μακαρίῳ
399 1894 437 1909 ’θ’
454 1894 522 1929 ὅπερ
549 1893 645 1921 κώδιον
660 1894 739 1926 αὐτὸς
758 1894 886 1920 κατέλιπε
903 1894 943 1928 τῷ

157 1937 229 1972 ἁγίῳ
260 1937 408 1972 ’Δθανασίῳ
432 1938 471 1972 τῷ
495 1938 646 1973 ὲπισκόπῳ.
668 1939 747 1974 καὶὴ
771 1939 894 1974 μακαρία
915 1938 942 1965 δὲ

156 1984 270 2018 Μελάνη
288 1981 348 2010 εἴπέ
374 1992 436 2019 μοι·
454 1984 494 2010 ὅτι
515 1984 591 2020 παρὰ
613 1983 660 2010 τοῦ
682 1984 758 2018 ἁγίου
781 1984 938 2011 Ἀθανασίου

158 2030 249 2056 ἐκεῖνο
265 2029 294 2055 τὸ
309 2029 404 2056 κώδιον
420 2029 515 2056 ἔλαϐον
529 2030 551 2046 ’ί
569 2050 576 2061 ,
592 2028 678 2062 ξένιον
689 2030 739 2064 τῆς
754 2030 848 2065 ὑαίνης
862 2030 939 2065 λεγό-

989 1627 1050 1646 eum
1064 1618 1186 1654 proiecit.
1199 1618 1316 1647 Sanctus
1326 1619 1408 1654 igitur
1416 1619 1550 1648 Macarius
1558 1628 1640 1656 quum
1652 1622 1771 1648 catulum

989 1664 1151 1698 accepisset,
1177 1663 1290 1698 ejusque
1315 1663 1342 1690 in
1360 1664 1456 1692 oculos
1475 1665 1604 1699 spuisset,
1622 1665 1722 1697 oravit,
1744 1669 1773 1692 et

989 1709 1080 1736 statim
1096 1709 1203 1736 catulus
1223 1709 1300 1737 vidit.
1316 1709 1401 1743 Quem
1416 1718 1500 1745 quum
1517 1710 1654 1743 lactasset,
1668 1712 1772 1747 byaena

990 1754 1065 1781 abiit.
1075 1754 1123 1782 Die
1139 1758 1229 1782 autem
1245 1755 1368 1790 sequenti
1378 1757 1473 1790 pellem
1483 1764 1596 1792 magnae
1608 1758 1667 1785 ovis
1678 1763 1772 1785 sancto

989 1799 1079 1827 Marco
1092 1801 1191 1832 attulit,
1205 1809 1286 1836 quam
1303 1801 1412 1836 quidem
1425 1803 1522 1837 pellem
1537 1803 1559 1831 is
1576 1807 1672 1831 sancto
1688 1804 1773 1831 Atha-

990 1847 1068 1874 nasio
1080 1847 1207 1882 episcopo
1222 1847 1342 1882 reliquit;
1359 1847 1438 1875 beata
1461 1853 1553 1876 autem
1570 1849 1684 1876 Melania
1706 1849 1772 1876 mihi

990 1892 1069 1924 dixit,
1090 1899 1122 1920 se
1142 1900 1158 1919 a
1180 1897 1274 1921 sancto
1293 1893 1446 1921 Athanasio
1469 1893 1543 1921 illam
1572 1895 1680 1930 pellem.
1703 1903 1773 1930 quae

990 1945 1091 1965 munus
1104 1937 1224 1973 hyaenae
1248 1938 1446 1973 appellabatur,
1468 1940 1617 1974 accepisse.
1632 1939 1661 1966 ld
1682 1944 1772 1968 autem

991 1982 1122 2010 Dominus
1136 1983 1209 2017 fecit,
1222 1988 1250 2011 ut
1260 1985 1408 2019 gloriosum
1424 1985 1547 2013 redderet
1561 1993 1668 2013 servum
1681 1994 1772 2020 suum,

991 2029 1062 2057 sicut
1076 2030 1157 2056 etiam
1173 2029 1200 2056 in
1215 2029 1272 2056 Elia
1284 2034 1310 2057 et
1325 2030 1353 2057 in
1366 2030 1476 2058 Daniele
1489 2031 1561 2059 fecit.

159 2084 243 2110 μενον
257 2076 291 2102 ⁹¹.
305 2075 383 2102 τοῦτο
398 2075 453 2110 γὰρ
467 2075 615 2110 πεποίηκεν
626 2076 642 2102 ὁ
664 2074 768 2110 κύριος,
793 2074 863 2102 ὥστε
890 2076 1000 2109 δοξάσαι
1029 2076 1074 2103 τὸν
1091 2075 1183 2104 δοῦλον
1210 2075 1303 2110 αὑτοῦ,
1331 2076 1370 2108 ώς
1386 2077 1433 2105 καὶ
1454 2077 1501 2105 ἐπὶ
1515 2078 1564 2105 τοῦ
1588 2078 1678 2106 Ἠλίου
1690 2078 1713 2096 ⁸³
1727 2080 1774 2106 καὶ

157 2120 205 2148 τοῦ
225 2120 324 2156 Δανιὴλ
339 2121 497 2156 πεποίηκεν.

200 2167 325 2201 Ἐλέγετο
348 2167 377 2194 δὲ
390 2167 414 2183 ’δ
433 2168 498 2203 περὶ
514 2167 596 2194 αὑτοῦ
611 2167 658 2194 τοῦ
674 2167 696 2183 ’⁸
713 2166 802 2201 ἁγίου,
820 2167 871 2198 ὅτι.
893 2168 939 2202 ἀφ’

1027 2167 1173 2196 Dicebatur
1199 2167 1243 2194 hic
1265 2172 1388 2199 sanctus,
1402 2175 1436 2195 ex
1455 2168 1509 2204 quo
1526 2168 1679 2203 baptizatus
1689 2174 1772 2204 esset,

158 2210 190 2241 οὗ
213 2213 377 2248 ἐϐαπτίσθη.
394 2212 444 2239 οὐκ
469 2213 569 2239 ἔπτυσε
591 2213 614 2229 ³⁸
637 2213 724 2248 χαμαὶ
739 2213 786 2239 ἐπὶ
809 2212 941 2248 ἐξήκοντα

159 2259 218 2294 ἐτη.
237 2258 506 2293 τεσσαρακονταετὴς
529 2257 583 2293 γὰρ
597 2257 748 2293 ἐϐαπτίσθη
764 2258 797 2285 ’⁷.
815 2256 851 2293 ἦν
864 2258 892 2285 δὲ
909 2258 941 2284 τὸ

160 2303 229 2336 εἶδος
243 2304 294 2340 τῆς
314 2304 398 2330 αὑτοῦ
419 2304 442 2320 ³⁸
461 2303 568 2339 ἡλικίας
591 2302 765 2335 ὑποκόλοϐον,
787 2304 890 2330 σπανὸν
907 2304 940 2336 ’⁸,

160 2351 206 2377 ἐπὶ
220 2349 267 2376 τοῦ
282 2349 389 2384 χείλους
403 2349 482 2383 μόνον
495 2349 556 2384 ἔχον
571 2349 676 2384 τρίχας,
692 2349 739 2375 καὶ
758 2350 797 2380 εἰς
810 2349 840 2375 τὸ
858 2349 942 2384 ἄκρον

159 2398 188 2424 δὲ
201 2397 248 2424 τοῦ
267 2396 372 2430 γενείου
385 2394 457 2431 εἶχεν
479 2395 586 2429 ὀλίγας·
604 2395 740 2430 ὑπερϐολῇ
763 2394 818 2430 γὰρ
833 2396 944 2432 ἀσκητι-

161 2443 217 2469 κῶν
232 2443 323 2469 πόνων
334 2441 396 2468 οὐδὲ
413 2442 442 2468 αἱ
460 2441 551 2477 τρίχες
565 2440 616 2476 τῆς
636 2439 772 2475 γενειάδος
789 2439 873 2467 αὑτοῦ
901 2442 945 2474 ἐξ-

160 2483 273 2514 ἐφυσαν.

994 2213 1070 2241 humi
1084 2221 1138 2241 non
1149 2213 1257 2248 spuisse
1270 2220 1317 2248 per
1333 2213 1473 2249 sexaginta
1484 2222 1582 2242 annos.
1594 2216 1690 2243 Annos
1700 2216 1772 2243 enim

994 2259 1174 2294 quadraginta
1198 2263 1279 2286 natus
1302 2259 1456 2294 baptizatus
1477 2264 1527 2288 est.
1546 2259 1657 2288 Statura
1683 2266 1772 2289 autem

995 2304 1040 2332 illa
1057 2309 1145 2332 aetate
1165 2305 1231 2332 satis
1254 2305 1358 2332 minuta
1374 2312 1405 2332 ac
1422 2312 1483 2332 rara
1498 2305 1565 2340 fuit;
1583 2306 1653 2341 pilos
1666 2306 1693 2333 in
1715 2307 1773 2334 sola

995 2349 1070 2376 labro
1085 2349 1189 2379 habuit,
1205 2353 1287 2384 atque
1305 2349 1388 2385 264
1405 2349 1433 2377 in
1458 2358 1584 2385 suprema
1601 2355 1678 2386 parte
1690 2351 1773 2378 menti

991 2395 1088 2422 habuit
1102 2402 1213 2429 paucos.
1227 2394 1294 2421 Nam
1318 2399 1428 2430 propter
1450 2396 1550 2424 nimios
1569 2397 1773 2424 exercitationis

993 2441 1100 2469 labores
1120 2448 1154 2468 ne
1167 2440 1216 2475 pili
1231 2441 1339 2475 quidem
1357 2441 1438 2469 ntenti
1452 2441 1512 2476 ejus
1528 2442 1600 2469 enati
1615 2446 1689 2470 sunt.

795 2529 923 2558 VARIAE
943 2528 1133 2558 LECTIONES

193 2590 216 2606 τι
236 2590 258 2615 Β
272 2584 350 2619 οὗτος
363 2587 390 2614 δὲ
403 2588 417 2613 ό
429 2585 703 2627 μακάριοςημάρκον
716 2595 724 2617 ς
737 2587 784 2615 sed
803 2587 874 2615 haud
897 2586 979 2614 dubie
1000 2585 1036 2613 ibi
1056 2585 1198 2636 lelgendum
1209 2589 1253 2628 est
1266 2587 1280 2612 ὸ
1298 2585 1431 2621 μακάριος
1449 2585 1509 2620 μάρ

199 2625 223 2636 -Ω
233 2624 255 2636 n
271 2623 483 2636 ..ιηκηυψιηηηιυι
531 2621 554 2636 1|
564 2623 608 2636 ιιι.
622 2621 661 2636 AI!
707 2623 731 2636 τι
744 2622 814 2636 ID...—
858 2622 896 2636 ΔΙ)
910 2621 1019 2636 ..λιι-νο...
1066 2622 1075 2634 ’1
1102 2621 1121 2636 Ω
1136 2620 1339 2636 λιησνιιηορο-ηι
1387 2622 1409 2636 τε
1422 2621 1475 2636 Β-ιι
1489 2621 1506 2636 λ

531 2621 554 2637 ⁷³
564 2621 608 2648 Sic
618 2621 671 2648 AB.
707 2623 731 2638 ⁷⁸
744 2622 836 2652 (ΞΟΠ-η
853 2622 897 2649 AB
910 2621 1029 2656 νόμιζον.
1066 2621 1090 2636 ⁷⁵
1101 2621 1121 2647 Β
1135 2621 1350 2654 διαπράττεται.
1387 2622 1409 2637 ⁷⁸
1422 2621 1476 2648 Pro
1488 2621 1571 2655 διεμά

531 2657 560 2689 up
586 2657 765 2690 μαχόμενος.
819 2658 841 2674 ’⁷
858 2656 955 2689 θέλεις
978 2664 1033 2684 om.
1059 2655 1092 2691 Β.
1137 2656 1161 2691 τ’
1181 2655 1317 2691 Βνᾶπελθε
1338 2655 1388 2683 ἀπ’
1404 2656 1476 2691 ἐμοῦ
1491 2655 1571 2690 ,λέγει

158 2624 188 2662 ἓ·
199 2625 223 2662 3’
233 2624 258 2662 Β
268 2623 491 2662 ιὶκαιρούιιειίος;

157 2660 179 2685 Β
193 2658 346 2693 διελέγετο
369 2656 408 2693 τῷ
432 2656 570 2693 διαϐόλῳ
586 2657 765 2693 μαχόμενος.

1510 2594 1573 2618 κος.
1609 2586 1645 2602 "'
1657 2586 1700 2614 ὢν
1718 2595 1773 2616 om.

1387 2621 1476 2657 "Pro
1488 2621 1776 2657 διεμάχετο-λέγων

1636 2657 1658 2673 ⁷⁸
1675 2658 1697 2683 Α
1713 2666 1775 2692 μοι.

990 2629 1029 2647 ον.
1066 2620 1090 2636 ⁷⁸
1101 2621 1121 2647 Β
1135 2620 1350 2654 διαπράττεται.

157 2695 180 2710 ⁸⁸
192 2694 238 2728 μὴ
256 2690 313 2721 θεῖ’·
327 2692 360 2728 Β·
397 2691 523 2728 "ww
540 2691 689 2728 εὑρζςηέεις
700 2706 734 2728 —:
746 2692 882 2727 συλῆσαι
897 2700 952 2719 om-
967 2691 1003 2728 B:
1035 2690 1063 2728 .“_
1074 2690 1124 2728 Hic
1139 2690 1254 2728 Bllabet
1273 2691 1381 2728 ιίίυιιιπι
1394 2700 1401 2718 =
1416 2690 1480 2728 περὶ
1489 2691 1541 2728 φῆς
1554 2690 1647 2728 sum;
1664 2690 1776 2728 τῆξτδν

156 2726 258 2764 τυξρλὸν
283 2726 402 2764 σκύμνον
417 2726 554 2764 ἐχούσης..
585 2726 615 2764 _"
629 2726 743 2764 Bﬂeoﬁ.

795 2725 874 2754 “‘AB
901 2726 1005 2762 γενεοῦ
1030 2725 1104 2761 (sic).

158 2764 181 2780 “
197 2760 286 2791 blxov
305 2760 361 2789 om.
376 2762 405 2788 Β.
442 2762 464 2777 ⁸⁷
480 2760 616 2794 Βαὺτῆς
631 2760 684 2796 τὸν
708 2762 836 2796 σκύμνον.
874 2760 933 2788 ΤΒ
951 2761 1075 2796 μάρκος.

1198 2726 1383 2767 Βιξακρρίου
1412 2725 1462 2767 καὶ
1480 2725 1631 2767 ώθανὰτοιέ
1647 2725 1774 2767 μάῥκιζυ.

1113 2761 1138 2777 ⁸³
1152 2759 1198 2788 Sic
1222 2761 1275 2787 ΑΒ.
1294 2759 1373 2788 Forte
1398 2760 1551 2788 addendum
1579 2759 1708 2789 λαϐοῦσα.
1734 2761 1775 2790 An

159 2799 281 2833 praefers
293 2805 367 2833 corr.
384 2795 640 2833 θηλάσασαναὺτόνῖν
676 2795 805 2833 ὀρθή-η
822 2797 866 2825 ΑΒ
878 2795 982 2832 μάριὶῳ
997 2796 1036 2833 cf.
1057 2803 1139 2833 supra
1153 2804 1186 2833 _p_.
1203 2795 1319 2833 757sqq.‘
1351 2796 1375 2833 ξ)
1393 2796 1416 2833 [1
1428 2796 1526 2833 ἔλαϐε.
1547 2796 1586 2833 ,ς
1606 2795 1628 2833 β
1642 2796 1777 2833 ἐπιλεγό-

155 2831 261 2871 μενοτς.
279 2833 318 2860 De
341 2831 391 2871 hac
416 2832 495 2871 pellis
522 2831 828 2871 donationeﬁisputavj
843 2831 932 2871 p.16
953 2836 1010 2871 not.
1024 2831 1058 2871 2.Δ
1104 2831 1189 2871 ".AB
1211 2831 1312 2871 amns.”
1350 2831 1373 2847 "
1393 2831 1482 2871 [hiem

159 2865 181 2884 ⁵³
199 2869 253 2895 τοῦ
270 2875 327 2895 om.
346 2867 379 2893 A.
416 2865 439 2882 θ’
458 2866 495 2902 Ex
514 2865 660 2902 coni.,_AB
673 2865 763 2893 ἔπεσε.
802 2869 823 2884 ³⁷
843 2865 864 2896 Β
878 2866 1028 2902 ἐϐαπτίσθη
1042 2868 1059 2894 ὁ
1083 2866 1208 2901 γνήσιος
1223 2865 1276 2894 τοῦ
1287 2866 1415 2900 Χριστοῦ
1429 2866 1539 2900 δοῦλος
1551 2865 1675 2902 μάρκοζι.

158 2904 251 2931 αὐτοῦ
267 2903 335 2937 τῆς.
374 2902 397 2918 ’⁸
416 2901 450 2929 ΩΟ
470 2901 559 2934 Corn,
577 2900 621 2928 AB
638 2901 748 2932 σπανός.

1104 2831 1189 2867 "VAB
1211 2831 1311 2867 nlla."
1350 2830 1373 2847 "
1393 2830 1518 2867 Emend"
1539 2830 1681 2867 ABER”:
1703 2830 1775 2861 τόδε.
