2048 3153
177 160 228 189 201

941 158 1044 187 ACTA.

1733 161 1789 191 $02

178 221 283 252 κασίας,
297 219 343 246 καὶ
357 219 378 235 ¹¹
393 217 564 251 ἀπευδόκησα
576 216 631 251 ἐγὼ
644 215 761 252 ἐμαυτοῦ
774 215 852 243 τοῦτο
865 215 956 250 μαθὼν

1012 214 1085 250 poris
1102 214 1205 242 viribus
1225 215 1400 248 instructum,
1422 217 1515 250 plures
1537 217 1667 245 trecentis
1685 218 1788 246 oratio-
1821 244 1832 254 ,

177 265 360 300 λογιζόμενος,
375 264 416 290 dri
435 264 505 298 ἀνὴρ
521 261 702 297 δυνατώτερος
721 262 782 288 κατ’
802 261 908 295 ἐκείνην
923 261 956 295 τῇ

179 309 258 346 ῥώμῃ
271 308 319 336 τοῦ
334 307 458 343 σώματος
473 305 682 343 δημιουργηθεὶς
693 306 763 341 ὑπὲρ
781 305 831 337 τὰς
848 313 957 340 τριακο-

180 356 240 387 σίας
258 354 342 389 εὒχὰς
356 354 405 380 οὐκ
421 353 557 389 ἠδυνήθην
569 352 654 379 πλείω
669 351 780 386 ποιῆσαι
796 351 829 378 ¹³.
845 350 959 386 ἀποκρί-

178 408 251 426 νεται
264 399 339 434 αὺτῷ
354 400 368 426 ὁ
382 399 457 433 ἅγιος
470 398 611 433 Μακάριος
623 397 709 432 λέγων
725 395 799 431 αὐτῷ
809 404 816 411 ·
829 395 884 429 ἐγὼ
898 395 959 430 ἐξη-

178 444 274 471 κοστὸν
295 444 355 476 ἔτος
375 443 444 479 ἔχω,
460 443 506 478 ἀφ’
526 440 556 470 οὗ
576 442 744 477 τεταγμένας
759 441 854 468 ἑκατὸν
877 440 960 475 εὐχὰς

178 491 257 522 ποιῶ,
281 491 328 517 καὶ
352 489 387 517 τὰ
410 489 478 526 πρὸς
499 489 548 524 τὴν
571 488 674 524 τροφὴν
697 485 878 523 ἐργαζόμενος
899 486 960 518 ταῖς

178 537 266 572 χερσί,
284 537 330 563 καὶ
350 537 406 568 τοῖς
421 535 544 570 ἀδελφοῖς
559 535 609 570 τὴν
623 533 799 569 ὀφειλομένην
815 531 959 566 συντυχίαν

177 582 329 614 ἀποδιδούς,
343 583 389 608 καὶ
403 582 433 608 οὐ
445 582 533 617 κρίνει
548 589 581 616 με
598 580 629 607 τὸ
645 579 767 610 συνειδός
785 587 834 614 μου
846 578 884 608 ὡς
893 578 960 612 ἀμε-

177 628 316 663 λήσαντα·
337 629 369 654 σὺ
386 628 414 654 δὲ
430 627 479 664 [εί]
496 627 519 643 ¹⁵
538 626 696 663 τριακοσίας
714 625 797 660 εὐχὰς
810 623 893 650 ποιῶν
908 622 960 649 ὑπὸ

177 673 225 699 τοῦ
242 673 391 705 συνειδότος
405 674 496 709 κρίνῃ,
512 673 591 709 δῆλος
604 670 630 699 εἴ
647 672 663 707 ἢ
682 670 807 707 καθαρῶς
822 668 907 700 αὐτὰς
922 668 959 703 μὴ

177 718 333 754 εὐχόμενος,
355 718 374 754 ἢ
396 718 522 750 πλείονας
537 718 684 754 δυνάμενος
707 715 834 751 εῠχεσθαι
852 714 899 741 καὶ
923 712 960 749 μὴ

177 764 272 790 ποιῶν.

559 830 591 858 2.

1009 261 1091 288 nibus
1118 260 1207 288 facere
1227 269 1282 288 non
1315 263 1443 296 potuisse.
1474 262 1652 297 Respondeas
1677 267 1788 291 sanctus

1011 307 1146 334 Macarius
1162 317 1169 334 :
1185 307 1250 343 Ego,
1273 307 1372 343 inquit,
1390 309 1587 343 sexagesimum
1609 316 1659 344 ago
1675 317 1787 343 annum,

1010 359 1043 379 ex
1067 359 1121 386 quo
1148 355 1264 380 statutas
1285 356 1394 380 centum
1421 354 1560 381 orationes
1581 354 1662 386 facio,
1692 362 1788 389 eaque,

1010 405 1080 432 quae
1107 402 1172 424 sunt
1194 397 1227 424 ad
1254 398 1413 425 alimentum
1439 399 1604 431 necessaria,
1632 399 1699 426 meis
1722 399 1788 426 mihi

1011 443 1137 470 manibus
1149 450 1287 478 comparo,
1300 450 1331 470 ac
1343 443 1474 471 fratribus
1488 444 1604 471 debitam
1621 452 1662 472 me
1672 444 1789 471 adeundi

1011 488 1116 522 copiam
1132 487 1225 519 reddo,
1242 495 1290 514 nec
1306 495 1349 514 me
1364 495 1423 514 mea
1439 488 1605 515 conscientia
1621 488 1722 516 iudicat
1739 497 1788 516 ne-

1012 533 1158 567 gtigentem
1175 539 1244 560 esse.
1262 531 1304 558 Tu
1317 539 1392 563 vero,
1406 539 1488 566 quum
1504 535 1638 559 trecentas
1652 532 1789 559 orationes

1012 577 1115 606 faciens
1138 585 1153 604 a
1175 577 1342 604 conscientia
1359 577 1500 609 iudicaris,
1522 581 1569 604 aut
1586 585 1639 604 non
1657 585 1723 612 pure
1742 585 1790 605 eas

1011 627 1038 651 te
1060 623 1150 651 facere
1173 623 1278 658 prodis,
1299 627 1357 655 aut,
1371 623 1496 658 quamvis
1520 623 1613 658 plures
1629 622 1718 651 facere
1732 631 1791 658 pos

1012 670 1061 702 sis,
1076 676 1130 696 non
1144 667 1233 695 facere

1385 831 1414 859 2.

177 898 247 934 Περὶ
260 899 411 934 Εὑλογίου
427 899 475 926 καὶ
488 898 540 926 τοῦ
549 898 755 933 λελωϐημένου
766 897 815 925 καὶ
828 896 884 932 τῆς
896 899 960 932 κρί-

1012 897 1052 926 De
1068 897 1180 932 Eulogto
1197 901 1222 924 et
1239 899 1377 929 mutilata,
1397 904 1421 926 et
1441 899 1477 926 de
1494 899 1646 927 discrimine
1665 908 1681 926 α
1701 904 1792 927 sancto

323 942 401 968 σεως
418 934 471 961 τοῦ
485 934 570 969 ἁγίου
593 934 746 968 Ἀντωνίου
766 934 798 960 ¹⁵.

213 1021 221 1029 .
235 1020 242 1028 .
261 1018 269 1027 ι
288 1021 295 1029 .
311 1001 368 1028 ἔστι
378 1001 407 1028 δὲ
417 1001 579 1038 (τδὸροςτοῦ
591 1001 669 1035 ἁγίου
690 1000 844 1035 Ἀντωνίου)
858 998 957 1036 μεταξὺ

178 1046 336 1078 Βαϐυλῶνος
352 1047 400 1073 καὶ
428 1047 591 1082 Ἡρακλέους
606 1047 645 1078 εῑς
660 1046 710 1082 τὴν
723 1045 891 1081 πανέρημον,
908 1045 959 1081 τὴν

177 1091 313 1127 φέρουσαν
327 1092 398 1119 κατὰ
413 1092 463 1128 τὴν
481 1092 598 1128 ἐρυθρὰν
615 1091 760 1124 Θάλασσαν,
777 1092 813 1123 ὡς
822 1091 875 1118 ἀπὸ
882 1092 960 1127 τριά-

176 1146 260 1165 κοντα
279 1137 400 1173 σημείων
411 1137 458 1165 τοῦ
473 1137 608 1173 ποταμοῦ.
624 1137 707 1164 ἐλθὼν
723 1138 763 1170 είς
775 1137 806 1164 τὸ
823 1138 959 1173 μοναστή-

180 1192 237 1219 ριον
248 1183 279 1210 τὸ
295 1183 373 1218 παρὰ
387 1183 432 1210 τὸν
445 1184 577 1218 ποταμόν,
590 1185 618 1210 ἐν
629 1180 651 1218 ᾦ
667 1185 691 1211 οί
707 1183 826 1219 μαθηταὶ
840 1184 922 1211 αὑτοῦ
935 1185 957 1203 ¹⁶

178 1229 350 1262 ἐκαθέζοντο,
369 1229 409 1261 είς
432 1229 462 1256 τὸ
478 1229 622 1265 λεγόμενον
647 1230 748 1264 Πίσπιρ
769 1230 801 1261 ¹¹¹,
819 1230 960 1265 Μακάριος

177 1275 227 1302 καὶ
251 1275 382 1310 Ἀμάτας,
405 1275 429 1302 οἳ
444 1276 491 1302 καὶ
514 1275 615 1310 ἔθαψαν
633 1275 679 1302 τὸν
703 1275 836 1311 μακάριον
863 1275 962 1302 Ἀντὼ-

178 1329 235 1347 νιον
253 1321 274 1336 ¹⁸
300 1320 478 1356 κοιμηθέντα,
500 1321 664 1357 ἐξεδεξάμην
684 1321 789 1357 ἡμέρας
813 1321 903 1353 πέντε,
917 1322 962 1349 ἵνα

179 1365 305 1401 συντύχω
315 1365 354 1401 τῷ
369 1366 438 1402 ἁγίῳ
460 1366 602 1402 Ἀντωνίῳ.
617 1366 724 1401 ἐλέγετο
734 1367 762 1393 δὲ
780 1366 961 1402 παραϐάλλειν

181 1411 264 1438 αὑτὸν
276 1411 316 1447 τῷ
332 1412 503 1447 μοναστηρίῳ
515 1412 602 1447 τούτῳ
615 1413 679 1440 ποτὲ
693 1413 742 1448 μὲν
755 1412 798 1440 διὰ
807 1412 841 1447 ιβ’
852 1413 884 1445 η,
896 1412 961 1440 ποτὲ

179 1458 209 1485 δὲ
227 1458 271 1485 διὰ
284 1457 308 1484 κ’
322 1458 356 1490 ὀ,
377 1458 442 1485 ποτὲ
460 1458 488 1485 δὲ
504 1458 547 1486 διὰ
565 1462 586 1485 ν’
604 1458 625 1474 ¹¹
640 1458 761 1494 ἡμερῶν,
777 1458 866 1491 καθὼς
881 1458 962 1486 αὐτὸν

180 1503 197 1530 ὁ
212 1504 281 1535 Θεὸς
296 1504 342 1530 ἐπὶ
355 1504 499 1540 εὐεργεσίᾳ
509 1504 564 1530 τῶν
580 1505 839 1540 παρατυγχανόντων
854 1503 920 1540 ἦγεν
933 1506 967 1532 ἐν

1298 935 1411 961 Antonio
1428 935 1509 969 facta.

1044 1000 1092 1028 Est
1108 1005 1198 1028 autem
1214 1001 1303 1036 (mons
1319 1000 1348 1028 S.
1364 1001 1486 1036 Antonii)
1503 1001 1574 1028 inter
1588 1001 1750 1037 Babylonem
1766 1006 1792 1030 et

1009 1046 1168 1074 Heracleam
1185 1047 1255 1074 situs
1272 1047 1300 1073 in
1319 1050 1397 1074 vasta
1420 1046 1579 1079 solitudine,
1594 1054 1663 1081 quae
1678 1046 1731 1074 fert
1759 1047 1792 1074 ad

1010 1099 1086 1119 mare
1105 1091 1228 1119 Rubrum
1254 1100 1287 1119 ac
1310 1092 1423 1127 triginta
1449 1092 1506 1120 fere
1527 1093 1652 1120 milliaria
1673 1093 1757 1121 distat
1777 1100 1793 1119 a

1010 1139 1103 1167 fluvio.
1135 1139 1176 1166 Ad
1209 1140 1403 1173 monasterium
1435 1139 1518 1175 igitur
1545 1148 1628 1175 quum
1658 1140 1793 1167 venissem

1011 1193 1095 1221 prope
1111 1185 1222 1213 ﬂuvnum
1243 1186 1325 1213 situm
1346 1193 1377 1212 ac
1397 1185 1487 1221 Pispir
1498 1190 1636 1218 vocatum,
1650 1185 1696 1213 ubi
1710 1186 1793 1213 disci-

1010 1232 1068 1266 puli
1085 1231 1144 1258 eius
1163 1231 1295 1259 sedebant
1312 1230 1447 1259 Macarius
1467 1235 1494 1258 et
1510 1232 1631 1264 Amatas,
1644 1232 1690 1267 qui
1712 1233 1793 1259 etiam

1012 1281 1137 1304 sanctum
1150 1276 1299 1303 Antonium
1312 1276 1470 1304 defunctum
1484 1277 1660 1312 sepelierunt,
1674 1278 1795 1312 quinque

1012 1323 1121 1355 diebus,
1144 1328 1174 1350 ut
1196 1328 1322 1350 sanctum
1342 1323 1491 1350 Antonium
1514 1323 1697 1354 convenirem,
1714 1330 1794 1357 expe-

1012 1368 1095 1395 ctavi.
1114 1367 1166 1401 Qui
1179 1368 1212 1395 ad
1235 1368 1288 1395 hoc
1305 1368 1502 1395 monaSterium
1519 1368 1600 1395 modo
1612 1371 1673 1403 post
1688 1368 1794 1402 decem,

1012 1413 1094 1440 modo
1109 1418 1170 1448 post
1188 1414 1294 1450 viginti,
1311 1413 1448 1441 interdum
1467 1417 1494 1441 et
1514 1417 1575 1448 post
1595 1414 1794 1449 quinquaginta

1012 1459 1072 1487 dies
1086 1459 1216 1487 accedere
1230 1459 1382 1491 dicebatur,
1400 1463 1481 1494 prout
1496 1458 1567 1486 Deus
1583 1467 1643 1486 eum
1657 1463 1748 1494 ageret
1761 1459 1794 1486 ad

1014 1505 1230 1534 subveniendum
1254 1506 1299 1537 iis,
1317 1505 1363 1540 qui
1388 1513 1420 1532 eo
1439 1505 1613 1532 advenerant.
1629 1505 1708 1540 267
1721 1504 1795 1532 Varii

179 1547 218 1582 τῷ
247 1548 429 1584 μοναστηρίῳ.
450 1549 573 1585 διάφοροι
595 1547 641 1576 οὖν
661 1549 832 1585 συνήχϐημεν
855 1549 962 1585 ἀδελφοὶ

1015 1555 1105 1578 autem
1120 1551 1218 1580 fratres
1231 1551 1266 1579 ob
1278 1551 1368 1579 varias
1382 1551 1560 1578 necessitates
1569 1558 1793 1582 conveneramus,

178 1593 323 1630 διαφόρους
344 1594 451 1629 ἔχοντες
473 1594 576 1630 χρείας,
602 1595 630 1621 ἐν
646 1592 687 1626 οἷς
706 1596 754 1622 καὶ
770 1595 897 1628 Εὺλόγιός
920 1604 962 1627 τις

180 1648 208 1666 κ.
222 1648 248 1667 τ.
263 1639 288 1667 λ.

239 1723 248 1731 .
269 1725 277 1732 .
297 1705 395 1740 συνέϐη
409 1705 436 1732 δὲ
447 1705 496 1741 τὴν
509 1706 591 1742 ἄλλην
601 1706 708 1742 ἡμέραν
720 1706 806 1734 ἐλθεῖν
818 1707 864 1734 τὸν
877 1707 963 1743 μέγαν

187 1751 328 1778 ’Λντώνιον
342 1752 461 1787 ἑσπέρας
474 1752 593 1787 βαθείας,
607 1752 645 1784 ὡς
657 1752 708 1788 ἔφη
720 1753 735 1779 ὁ
744 1753 869 1788 Κρόνιος,
879 1754 963 1788 ἐμπε-

179 1797 354 1832 φιϐλωμένην
370 1798 408 1813 ¹¹¹
427 1797 549 1833 χλαμύδα
569 1797 731 1834 δερματίνην
756 1799 856 1834 φορῶν.
871 1799 963 1834 εἰσήρ-

178 1851 244 1879 χετο
256 1845 296 1875 εις
313 1843 344 1870 τὸ
360 1845 539 1880 μοναστήριον
554 1845 647 1877 αὑτοῦ,
663 1844 711 1871 καὶ
727 1845 828 1880 ταύτην
844 1843 901 1880 εἶχε
914 1845 963 1880 τὴν

180 1889 326 1924 συνήθειαν
345 1891 374 1917 ἐν
385 1890 424 1925 τῷ
443 1890 548 1926 ἐρωτᾷν
560 1890 606 1916 τὸν
622 1890 746 1926 μαθητὴν
765 1890 848 1916 αὑτοῦ
864 1890 963 1917 Μακά-

181 1943 239 1971 ρων
255 1936 320 1971 περὶ
335 1936 388 1963 τῶν
402 1937 566 1972 ἐρχομένων,
589 1937 651 1968 τοὺς
663 1937 712 1972 μὲν
731 1936 863 1971 μοναχοὺς
883 1936 962 1972 Ἰερο-

180 1982 328 2016 σολυμίτας
350 1983 452 2015 καλεῖν,
475 1983 539 2014 τοὺς
563 1982 592 2009 δὲ
615 1983 764 2018 κοσμικοὺς
786 1983 962 2016 Αἰγυπτίους.

179 2027 276 2062 ἠρώτα
298 2026 344 2054 οὖν
373 2029 387 2054 ό
407 2028 507 2063 μέγας·
524 2028 620 2063 ἁδελφὲ
641 2029 778 2065 Μακάριε,
793 2027 875 2064 ἦλθόν
892 2037 964 2060 τινες

180 2074 291 2108 ἀδελφοὶ
318 2073 426 2106 ἐνθάδε;
447 2075 494 2101 καὶ
514 2074 666 2110 ἀπεκρίθη·
689 2073 781 2111 ἦλθον.
805 2075 852 2102 καὶ
874 2074 962 2109 λέγει·

179 2120 324 2153 Αἰγύπτιοί
335 2121 403 2146 εἰσιν
417 2121 434 2153 ἣ
452 2120 678 2156 Ἰεροσολυμῖταις
693 2121 776 2148 ἔδωκε
786 2121 814 2148 δὲ
828 2121 902 2156 αὑτῷ
916 2130 964 2156 ση-

183 2168 257 2201 μεῖον
280 2167 343 2197 τοὺς
362 2165 628 2201 ἀπραγοτέρους-και
640 2167 663 2182 ¹¹
689 2167 799 2202 ἀεργεῖς
814 2167 904 2201 λέγειν
922 2167 963 2193 ὄτι

181 2211 324 2244 Δίγυτττιοί
340 2211 418 2242 εἰσιν,
440 2212 487 2238 καὶ
503 2211 594 2245 ἔλεγεν
616 2211 690 2247 αὐτῷ
716 2213 780 2247 περὶ
804 2212 858 2239 τῶν
883 2213 963 2247 Αιγυ-
980 2222 1001 2250 ι)

182 2257 268 2284 πτὶων
283 2257 317 2272 ⁸³·
332 2257 444 2292 ποίησον
461 2257 546 2291 φακὸν
563 2258 610 2284 καὶ
625 2258 668 2289 δὸς
687 2259 778 2290 αὐτοῖς
794 2259 900 2293 φαγεῖν.
916 2259 963 2285 καὶ

181 2303 269 2329 ἐποίει
297 2303 390 2334 αὐτοῖς
416 2303 497 2339 εὐχὴν
516 2304 540 2320 ³⁸
563 2304 609 2330 καὶ
633 2304 748 2331 ἀπέλυεν
773 2305 881 2336 αὐτούς.
904 2306 958 2332 ἁπ-

181 2347 312 2382 εκρίνατο
326 2348 354 2374 δὲ
365 2347 425 2374 τότε
439 2349 453 2374 ὁ
469 2349 610 2384 Μακάριος
625 2349 689 2385 περὶ
701 2349 778 2384 ἡμῶν
798 2349 842 2376 διὰ
859 2349 904 2376 τὸν
918 2350 963 2376 λε-

181 2393 349 2429 λωϐημένον,
373 2394 414 2420 ὃτι
438 2394 548 2428 μιγάδες
568 2395 646 2422 εἰσίν.
674 2395 723 2422 ἐάν
748 2395 776 2422 δὲ
799 2395 901 2430 ἔλεγεν,
922 2397 962 2423 ὅτι

187 2438 399 2474 ἰεροσολυμτταί
415 2440 483 2466 εἰσιν
499 2440 533 2471 ⁸⁵,
547 2439 692 2473 ἐκαθέζετο
706 2441 750 2468 διὰ
762 2441 851 2476 πάσης
867 2441 963 2473 νυκτὸς

181 2485 229 2511 καὶ
244 2484 335 2511 ἐλάλει
358 2485 448 2516 αὐτοῖς
468 2485 502 2512 τὰ
519 2485 586 2520 πρὸς
603 2486 749 2522 σωτηρίαν.
767 2487 795 2513 ὲν
810 2487 901 2524 ἐκείνῃ
915 2486 963 2514 οὖν

180 2532 215 2566 τῇ
229 2531 334 2566 ἑσπέρᾳ
347 2530 507 2563 καθεσθείς,
524 2531 600 2567 φησι,
618 2533 810 2568 προσκαλεῖται
832 2535 935 2566 πάντας
948 2535 962 2561 6

185 2577 272 2612 μέγας
287 2585 314 2604 κ.
331 2585 356 2604 τ.
371 2577 395 2604 λ.

1013 1605 1045 1625 ex
1059 1597 1158 1632 quibus
1175 1602 1200 1625 et
1216 1597 1345 1632 Eulogius
1358 1596 1560 1624 Alexandrinus
1575 1595 1708 1624 fuit.......

1107 1705 1212 1736 Evenit,
1229 1709 1259 1732 ut
1271 1705 1358 1732 altero
1376 1704 1420 1731 die
1438 1711 1554 1739 magnus
1565 1704 1712 1737 Antonius,
1723 1704 1796 1732 chla-

1012 1750 1102 1786 myde,
1115 1751 1187 1778 sicut
1197 1749 1315 1777 Cronius
1332 1750 1466 1782 narravit,
1479 1750 1590 1784 pellicea
1602 1751 1718 1778 amictus
1733 1759 1796 1779 sero

1012 1796 1119 1830 vesperi
1135 1795 1248 1823 veniret.
1265 1795 1354 1830 Atque
1373 1795 1513 1830 ingressus
1528 1799 1570 1823 est
1599 1797 1794 1824 monasterium

1013 1849 1104 1869 suum.
1123 1841 1179 1868 llac
1194 1846 1284 1868 autem
1302 1841 1329 1868 in
1351 1840 1470 1869 Macario
1480 1841 1615 1876 discipulo
1636 1849 1686 1869 suo
1700 1843 1733 1870 de
1749 1842 1794 1874 iis,

1013 1888 1060 1923 qui
1085 1887 1262 1920 advenerant,
1279 1887 1472 1922 interrogando
1499 1887 1628 1915 utebatur
1650 1893 1796 1915 consuetu-

1013 1934 1086 1965 dine,
1103 1938 1133 1960 ut
1150 1932 1300 1960 monachos
1316 1936 1427 1960 vocaret
1446 1932 1719 1968 Hierosolymitanos.
1733 1941 1795 1961 sae-

1013 1980 1120 2007 culares
1135 1985 1200 2006 vero
1228 1979 1385 2014 Aegyptios.
1416 1971 1544 2014 Magnus}
1564 1978 1669 2013 igitur:
1693 1979 1796 2006 Macari

1014 2024 1107 2056 frater,
1124 2023 1224 2059 inquit,
1244 2028 1414 2052 veneruntne
1432 2024 1485 2051 huc
1506 2023 1590 2059 aliqui
1607 2023 1725 2052 fratres?
1746 2024 1794 2052 Re-

1013 2071 1122 2106 spondit
1137 2080 1143 2098 :
1158 2069 1310 2098 Venerunt.
1329 2069 1375 2097 llle
1391 2079 1398 2097 :
1416 2069 1521 2097 Suntne
1535 2070 1668 2105 Aegyptii,
1685 2078 1719 2097 an
1733 2069 1795 2097 Hie-

1013 2117 1224 2152 rosolymitani?
1238 2116 1324 2151 Eique
1349 2116 1455 2151 signum
1472 2115 1593 2148 dederat,
1612 2120 1641 2142 ut
1660 2123 1717 2147 eos,
1735 2115 1796 2150 qui-

1013 2162 1066 2190 bus
1089 2163 1180 2190 minus
1203 2162 1304 2197 negotii
1321 2165 1404 2192 esset,
1428 2161 1576 2196 Aegyptios
1600 2168 1661 2188 esse
1681 2161 1797 2188 diceret.

1015 2209 1104 2243 Atque
1118 2208 1152 2235 ad
1171 2207 1320 2243 Aegyptios
1340 2206 1413 2242 quod
1429 2211 1546 2241 spectat,
1561 2206 1699 2234 Macario:
1714 2206 1794 2238 Para.

1015 2255 1117 2290 inquit,
1144 2255 1254 2287 lentem,
1277 2258 1305 2282 et
1328 2254 1362 2281 da
1385 2253 1419 2281 iis
1440 2253 1593 2280 comedere.
1614 2252 1716 2280 Deinde
1733 2259 1795 2279 cum

1016 2302 1051 2330 iis
1073 2302 1224 2329 orationem
1252 2299 1379 2331 faciebat,
1407 2307 1508 2334 eosque
1529 2299 1692 2326 dimittebat.
1719 2297 1796 2325 Tunc

1015 2347 1152 2375 Macarius
1171 2347 1205 2374 de
1220 2346 1299 2374 nobis
1318 2346 1354 2373 ob
1373 2345 1526 2372 mutilatum
1542 2345 1617 2372 illum
1634 2343 1773 2378 respondit
1787 2353 1792 2370 :

1015 2394 1092 2422 Mixti
1114 2393 1223 2421 adsunt.
1247 2392 1296 2419 Sin
1313 2391 1421 2418 dicebat
1438 2400 1445 2418 :
1460 2389 1698 2425 llicrosolymitani
1719 2394 1794 2422 sunt,

1015 2445 1128 2468 sanctus
1151 2446 1199 2473 per
1221 2442 1305 2464 totam
1332 2441 1441 2462 noctem
1468 2435 1594 2466 sedebat,
1619 2435 1653 2462 ad
1675 2442 1794 2470 eosque,

1015 2494 1086 2522 quae
1104 2485 1137 2513 ad
1155 2485 1269 2512 salutem
1284 2482 1430 2517 pertinent.
1450 2481 1623 2516 loquebatur.
1643 2480 1690 2508 llla
1705 2485 1797 2508 autem

1019 2539 1133 2567 vespera
1144 2530 1256 2565 Magnus
1273 2528 1371 2556 sedens
1388 2534 1483 2555 omnes
1495 2527 1695 2554 arcessivit.....

812 2656 940 2684 VARIAE
958 2656 1103 2685 LECTION
1108 2655 1158 2684 ES.

218 2727 243 2765 _"
262 2728 312 2754 καὶ
326 2737 381 2765 om.
397 2730 429 2756 A.
468 2729 489 2746 ¹³
506 2728 560 2765 Pro
576 2732 639 2756 κατ’
653 2729 774 2764 ἐκείνην
784 2746 818 2750 -
829 2730 954 2763 ποιῆσαι
970 2730 990 2756 Β
1003 2731 1079 2765 ὑπὲρ
1094 2730 1220 2765 γυναῖκα
1232 2729 1280 2756 καὶ
1293 2729 1350 2764 ἐγὼ
1365 2728 1458 2765 πλείω
1478 2726 1538 2753 τῶν
1553 2726 1730 2765 τριακοσίων
1747 2727 1796 2765 sub:

183 2762 245 2797 χῶν
257 2765 314 2790 οὐκ
329 2764 487 2798 ἠδυνήθην
503 2764 624 2799 ποιῆσαι.
663 2765 686 2782 ¹δ
702 2767 727 2792 ει
744 2761 798 2792 om.
813 2766 834 2792 A
849 2766 878 2797 Β,
890 2761 986 2792 addidi
1001 2774 1035 2792 ex
1051 2761 1124 2793 coni.
1164 2766 1184 2782 "
1199 2765 1219 2792 Β
1236 2761 1339 2799 profert.
1360 2763 1467 2799 titulum
1479 2771 1491 2799 γε
1505 2763 1571 2799 περί
1583 2761 1727 2799 εὐλογίοέ).
1741 2761 1795 2787 τοῦ

182 2799 388 2835 σχολαστικῷ
406 2800 454 2826 καὶ
477 2800 530 2826 τοῦ
550 2800 768 2834 λελωϐημένου.
807 2801 828 2816 ¹⁶
847 2801 868 2827 Β
884 2800 1001 2835 μαθηταὶ
1024 2801 1077 2828 τοῦ
1094 2801 1227 2835 μεγάλου
1241 2799 1398 2835 (interimi.

1437 2798 1456 2812 ¹⁷
1477 2797 1635 2829 ἐκαθέζοντο
1649 2811 1681 2815 ——
1694 2795 1796 2830 Πίσπιρ

184 2830 237 2859 om.
258 2832 288 2859 Β.
328 2834 350 2850 ⁸⁸
366 2834 417 2861 Pro
433 2835 487 2861 τὸν
495 2835 642 2869 μακάριον
658 2830 811 2862 Ἄντώνιον·
827 2835 847 2862 Β
860 2830 955 2862 uim)»:
969 2836 1030 2862 τόν.
1069 2830 1124 2862 ¹⁹’Β
1135 2830 1216 2862 δέκα.
1255 2835 1277 2850 ¹⁰
1288 2834 1308 2860 Β
1320 2833 1426 2860 εῖκοσι.
1440 2868 1444 2869 ν
1465 2833 1485 2848 ²¹
1497 2833 1517 2858 Β
1531 2833 1706 2869 περςῖίκονιςᾳ
1721 2830 1792 2869 (sic).

184 2869 217 2906 "'_
233 2869 255 2894 Δ
270 2869 353 2906 verbo
364 2870 483 2902 φιϐλοΰν.
495 2865 537 2897 ’τι
553 2865 682 2905 Stephani
700 2870 831 2899 Thcsaur.
870 2871 892 2886 “
911 2871 960 2897 καὶ
987 2879 1042 2899 om.
1055 2871 1086 2899 Λ.
1125 2871 1148 2888 ¹³
1165 2872 1230 2906 περὶ
1250 2870 1309 2898 τῶν
1319 2868 1486 2904 Αἰγυπτίων
1497 2876 1551 2896 om.
1566 2867 1596 2894 Β.
1634 2867 1657 2883 ’δ
1676 2866 1696 2893 Β
1712 2865 1797 2900 εὐχὴν·

182 2904 266 2937 μίαν,
309 2904 331 2920 ²⁸
351 2905 426 2932 εἰσιν
438 2912 491 2933 om.
507 2906 538 2932 Λ.
