2061 3150
259 162 311 190 205

637 224 664 252 3.

560 290 598 318 De
626 291 742 321 Valente.

296 365 396 394 Valens
410 367 532 402 quidam,
551 377 651 405 genere
669 370 854 407 Palaestinas,
874 374 902 401 in
923 375 1045 404 solitudi-

262 418 324 438 nem
339 412 478 447 prol‘ectus
490 414 599 450 longum
618 421 724 454 tempus
740 419 883 447 nobiscum
900 420 1044 451 habitavit.

261 456 312 489 Qui
337 466 421 494 quum
451 461 569 489 maxima
600 463 710 492 vivendi
738 465 884 494 severitate
907 475 1044 496 summam

261 504 407 532 asceticam
427 507 512 534 vitam
531 510 710 544 suscepisset,
726 519 796 539 vana
814 513 848 541 de
865 521 896 541 se
917 515 1046 550 opinione

261 556 294 574 ac
317 552 444 585 superbia
469 560 485 580 a
507 553 640 582 daemone
654 556 750 585 irrisus
775 561 803 585 et
822 559 869 586 tali
888 561 1045 595 perniciosa

260 594 344 622 animi
362 597 517 626 calamitate
535 600 610 628 brevi
634 606 756 638 tempore
780 594 911 641 deceptus
939 612 992 641 est,
1015 612 1045 636 ut

260 643 372 677 angelos
387 651 449 671 cum
461 645 520 680 ipso
535 649 702 683 conversari,
724 655 750 678 et
765 650 793 678 in
807 654 905 687 quovis
917 654 1044 683 ministe-

260 687 302 714 rio
330 687 381 723 ipsi
407 690 540 720 inservire
564 693 689 722 iactaret.
713 695 738 724 Is
764 699 901 732 quondam
922 705 1044 735 sportam

259 740 407 768 consuens.
431 741 460 764 ut
481 738 542 766 eius
563 740 631 767 socii
652 747 811 776 narrarunt,
830 744 913 780 268
927 747 1044 781 vesperi,

259 786 344 814 quum
354 781 454 810 multae
467 785 595 813 tenebrae
606 792 710 821 essent,
719 796 872 825 acum,qua
882 792 1044 825 consuebat,

260 825 362 872 amisit.
377 827 435 860 Qua
455 837 511 857 non
527 831 645 866 inventa,
661 833 776 862 daemon
795 836 820 863 ei
836 836 988 872 lampadem
1004 837 1046 866 le-

259 871 308 904 cit,
331 879 384 909 qua
414 881 491 902 acum
516 878 629 913 reperit,
655 879 691 906 ita
720 885 750 907 ut
769 881 853 910 miser
878 871 929 910 iste
957 884 1045 919 magis

258 917 341 964 etiam
353 927 422 948 vano
437 926 543 951 tumore
560 925 710 953 inderetur.
725 927 772 955 Dei
792 932 882 956 autem
896 917 1044 964 providen-

259 963 297 990 tia
312 964 475 996 fraternitati
486 970 628 1000 calamitas
644 973 704 1000 eius
718 974 800 1001 citius
813 963 957 1003 manifesta
973 975 1043 1004 facta

258 1015 311 1056 est.
334 1011 402 1040 Nam
426 1015 536 1049 accidit,
567 1022 597 1045 ut
626 1019 747 1054 hospites
773 1021 884 1056 quidam
912 1023 1043 1052 fratribus

259 1055 365 1085 fructus
383 1060 502 1089 aestivos
517 1061 655 1091 afferrent.
670 1055 791 1098 Quorum
808 1068 976 1102 manipulum
992 1068 1043 1095 do-

259 1102 350 1130 minus
373 1104 506 1134 Macarius
530 1109 672 1144 presbyter
697 1111 844 1147 unicuique
866 1112 894 1139 in
917 1113 1043 1142 cellulam

258 1148 349 1181 misit,
371 1151 528 1187 pariterque
548 1154 650 1182 misero
668 1155 786 1184 Valenti.
811 1157 861 1185 llic
883 1165 945 1185 eum
960 1178 968 1190 ,
996 1159 1044 1193 qui

258 1194 394 1239 attulerat,
417 1198 573 1226 verberavit
588 1204 616 1228 et
635 1203 801 1230 contumelia
828 1203 949 1232 alliciens
963 1214 970 1231 :
984 1204 1043 1239 Dic,

258 1238 358 1275 inquit,
386 1241 507 1272 Macario
523 1254 529 1272 :
545 1250 573 1274 te
594 1247 714 1275 deterior
739 1256 793 1276 non
820 1257 892 1282 sum,
917 1250 991 1285 quod
1014 1238 1044 1278 tu

258 1286 324 1314 mihi
346 1296 460 1317 munera
483 1292 588 1320 mittas.
606 1293 695 1326 Quum
713 1295 796 1330 igitur
819 1300 932 1324 sanctus
953 1296 1043 1325 Maca—

257 1331 316 1360 rius
329 1341 391 1361 eum
407 1335 550 1371 deceptum
565 1346 627 1367 esse
643 1341 828 1376 cognovisset.
852 1342 919 1369 abiit
933 1343 966 1370 ad
981 1350 1043 1370 eum

256 1378 467 1413 cohortandum,
481 1386 508 1409 et
522 1392 529 1410 :
544 1382 643 1413 Valens
660 1385 755 1420 frater,
768 1387 867 1422 inquit,
884 1388 982 1417 illusus
995 1396 1043 1421 es;

256 1423 351 1452 desine
365 1430 392 1453 et
407 1426 555 1463 deprecare
568 1430 669 1459 Deuml
689 1432 741 1465 Qui
754 1433 969 1462 admonitionem
984 1435 1043 1462 eius

257 1477 312 1497 non
324 1471 437 1505 audivit,
455 1475 502 1502 sed
516 1476 677 1505 inobediens
688 1479 834 1506 obloculus
847 1483 900 1507 est.
914 1479 1044 1508 Diabolus

257 1515 342 1551 igitur
366 1525 450 1553 quum
474 1528 643 1556 compertum
666 1524 792 1558 haberet,
817 1525 963 1552 maximam
990 1525 1043 1553 sibi

258 1562 337 1590 ﬁdem
357 1572 420 1592 eum
440 1565 580 1599 habuisse,
599 1568 712 1603 ﬁguram
729 1569 880 1598 Salvatoris
901 1571 1000 1603 induit,
1018 1577 1044 1599 et
1057 1577 1078 1607 (ι

258 1613 342 1635 noctu
363 1610 397 1638 ad
415 1618 478 1638 eum
504 1611 532 1639 in
550 1613 742 1647 phantasmate
758 1623 820 1642 eum
839 1615 912 1643 mille
932 1616 1043 1643 daemo-

258 1654 339 1682 nibus
352 1654 492 1690 lampadas
509 1656 659 1686 ferentibus
676 1660 763 1692 venit,
779 1665 923 1696 rotainque
938 1662 1044 1696 igneam

257 1700 389 1734 ostendit,
408 1702 435 1729 in
455 1711 510 1738 qua
533 1705 620 1732 media
637 1705 788 1735 Salvatoris
807 1707 920 1743 ﬁguram
935 1708 1047 1735 simula-

258 1746 308 1774 vit.
333 1746 410 1775 Unus
428 1755 518 1777 autem
541 1752 630 1779 accito
646 1761 653 1779 :
671 1752 770 1780 Dilein
789 1757 826 1786 te,
849 1754 949 1788 inquit,
966 1754 1047 1781 Chri-

258 1797 319 1821 stus
333 1794 369 1822 ob
376 1795 446 1823 vitae
455 1802 516 1825 tuae
527 1797 712 1833 integritatem
728 1799 941 1835 institutumque
956 1803 1043 1834 tuum,

258 1842 286 1866 et
300 1839 410 1867 advenit
429 1847 459 1869 ut
481 1846 506 1870 te
521 1843 629 1877 videat;
652 1846 783 1880 egredere
802 1853 818 1873 e
833 1846 901 1873 cella
916 1853 1043 1881 eumque,

258 1884 282 1912 si
309 1887 405 1921 procul
437 1891 555 1916 stantem
587 1890 704 1924 videris,
732 1891 916 1926 procumbens
949 1891 1043 1918 adora.

259 1931 393 1967 Egressus
413 1934 498 1969 igitur
514 1942 531 1963 e
553 1936 622 1964 cella
641 1937 802 1964 comitatum
819 1937 886 1964 vidit
903 1937 1044 1972 lampadas

258 1977 404 2006 ferentium
423 1985 450 2008 et
465 1981 554 2016 spatio
568 1982 625 2010 fere
639 1982 722 2010 stadii
736 1983 947 2016 Antichristum,
962 1991 1043 2018 quem

260 2026 442 2059 procumbens
458 2027 593 2055 adoravit.
612 2027 695 2056 Miser
712 2034 804 2056 autem
823 2033 964 2064 tantopere
978 2030 1044 2057 sub-

258 2076 338 2099 actus
352 2076 379 2099 et
392 2073 524 2108 deceptae
541 2075 641 2102 mentis
661 2075 721 2107 fuit,
743 2079 773 2102 ut
794 2075 838 2103 die
860 2076 1045 2110 subsequente

258 2119 366 2146 veniret
386 2120 415 2147 in
436 2121 582 2149 ecclesiam
603 2126 631 2149 et
650 2129 743 2150 coram
769 2122 900 2150 omnibus
917 2121 1041 2149 diceret:

259 2165 324 2193 Mihi
347 2168 543 2196 communione
563 2176 632 2203 opus
654 2177 709 2196 non
729 2174 788 2201 est;
812 2168 951 2196 Christum
971 2168 1044 2196 enim

259 2212 315 2239 vidi
331 2213 424 2240 hodie.
446 2212 524 2241 Tunc
549 2219 641 2249 patres
664 2215 892 2249 comprehensum
917 2222 979 2241 eum
996 2222 1044 2248 per

667 167 717 196 SS.
738 168 966 200 MACARIORUM
1001 171 1161 202 AEGYPTII
1187 174 1230 202 ET
1250 175 1483 203 ALEXANDRINI

1829 176 1881 203 τοι

1479 234 1496 260 5

1355 302 1425 336 Περὶ
1436 302 1615 336 odd/Iertae.

1130 378 1237 414 Οὐάλης
1248 387 1290 411 τις
1305 385 1335 406 το
1351 388 1430 414 γενος
1449 380 1629 412 Παλαιστινὸς
1650 380 1699 414 τὴν
1717 379 1820 416 ἔρημον
1834 388 1880 407 κα-

1094 423 1219 450 ταλαϐὼν
1243 424 1334 460 ᾣκησε
1359 426 1418 461 μεθ’
1444 427 1523 462 ἡμῶν
1549 427 1595 453 ἐπὶ
1621 426 1745 453 πλεῖστον
1774 425 1875 461 χρόνον.

1095 469 1168 501 ὅστις
1183 470 1288 507 μεγάλῃ
1305 471 1380 506 βιοὺς
1390 472 1413 488 ¹⁶
1429 472 1626 508 σκληραγωγία
1645 472 1676 498 τὸ
1690 471 1773 507 ἄκρον
1785 472 1807 487 ⁸⁷
1829 472 1879 506 τῆς

1094 515 1237 550 ἀσκήσεως
1248 517 1422 552 κατορθώσας
1437 518 1470 551 ’³,
1497 520 1526 545 ὲν
1552 519 1638 553 οίήσει
1655 517 1702 544 καὶ
1725 517 1802 552 τύφῳ
1827 517 1880 544 ὑπὸ

1094 560 1221 596 δαίμονος
1235 562 1403 597 χλευασθείς,
1418 565 1465 592 καὶ
1487 565 1539 591 ὑπὸ
1557 563 1605 591 τοῦ
1621 563 1741 591 τοιούτου
1757 563 1878 599 ὀλεθρίου

1095 608 1198 641 πάθους
1210 609 1280 636 κατὰ
1295 610 1394 646 μικρὸν
1405 610 1592 646 ἀπατώμενος,
1607 609 1656 646 τὴν
1666 609 1783 637 διάνοιαν
1796 608 1878 636 αὑτοῦ

1096 655 1284 691 παρεσκεύασε
1312 656 1564 692 μεγαλοφρονῆσαι,
1593 656 1630 688 ὡς
1657 655 1779 690 ἀγγέλων
1804 654 1879 690 αὖτῷ

1096 701 1329 736 συντυγχανόντων
1341 702 1432 729 καὶτὰ
1444 703 1512 738 πρὸς
1523 702 1639 736 ἑκάστην
1652 701 1788 728 διακονίαν
1805 700 1878 736 αὐτῷ

1095 747 1318 782 εὐτρεπιζόντων.
1341 748 1388 775 καί
1416 757 1481 775 ποτε
1511 747 1629 783 σπυρίδα
1654 747 1802 783 ράπτοντος
1826 746 1877 772 αὑ-

1094 792 1141 819 τοῦ
1153 793 1186 826 “,
1196 792 1235 825 ὡς
1243 793 1383 829 διηγοῦντο
1394 795 1418 821 οἱ
1429 794 1524 821 τούτου
1537 793 1669 829 συνήθεις,
1681 792 1722 819 ὃτι
1733 792 1761 818 ὲν
1773 791 1878 826 ἑσπέρᾳ

1096 838 1207 873 βαθείας
1223 839 1332 871 σκοτίας
1347 838 1431 875 οῠσης
1448 840 1499 875 τῆς
1524 838 1634 874 βελόνης
1659 836 1829 871 ἐκπεσούσης
1843 836 1876 867 ³⁸,

1096 883 1124 908 έν
1143 879 1424 920 ᾔκατέρῤαπτ[ασ]εν,
1433 883 1480 910 καὶ
1493 883 1531 920 μὴ
1544 882 1717 919 εὑρίσκοντος
1742 881 1826 916 αὑτήν
1843 880 1876 910 ³¹.

1095 927 1223 962 λαμπάδα
1245 928 1319 963 αὐτῷ
1332 929 1346 955 ὸ
1361 928 1465 964 δαίμων
1488 928 1649 964 πεποίηκεν,
1669 926 1707 959 ὡς
1722 926 1769 953 καὶ
1788 926 1878 961 εὑρεῖν

1093 971 1142 1007 τὴν
1155 971 1275 1007 βελόνην,
1290 972 1337 999 καὶ
1354 973 1399 999 ἐπὶ
1416 972 1503 1008 τούτῳ
1519 972 1600 1000 πάλιν
1611 972 1634 988 ³⁸
1653 971 1728 1006 ὄγκῳ
1744 970 1813 1005 κενῷ
1828 978 1878 1004 φν-

1094 1016 1207 1051 σηθῆναι
1216 1017 1261 1044 τὸν
1273 1017 1373 1044 ἄθλιον.
1389 1019 1449 1045 κατ’
1463 1018 1617 1054 οἰκονομίαν
1631 1017 1660 1044 δὲ
1674 1016 1721 1043 τοῦ
1735 1016 1802 1042 Θεοῦ
1814 1015 1878 1042 θᾶτ-

1092 1070 1138 1088 τον
1150 1064 1184 1098 τῇ
1197 1063 1356 1100 ἀδελφότητι
1370 1065 1386 1099 ἡ
1401 1064 1496 1090 τούτου
1514 1064 1599 1099 βλάὸη
1611 1062 1760 1098 κατάδηλος
1771 1061 1875 1096 γέγονε.

1080 1108 1192 1144 .συνὲ6η
1215 1108 1307 1141 ξένους
1329 1109 1405 1142 τινὰς
1428 1109 1538 1145 ὀπώρας
1563 1110 1684 1144 ἐνεγκεῖν
1705 1109 1738 1144 τῇ
1764 1107 1876 1141 ἁδελφό-

1092 1154 1198 1188 τητι³³.
1215 1155 1229 1181 ό
1256 1155 1285 1182 δὲ
1303 1156 1396 1191 κύριος
1419 1156 1561 1191 Μακάριος
1583 1157 1600 1182 ό
1619 1154 1802 1191 πρεσϐύτερος
1826 1153 1878 1180 ὰπ-

1093 1199 1197 1226 έστειλε
1213 1200 1281 1235 πρὸς
1295 1201 1384 1237 δράκα
1392 1201 1499 1236 ἑκάστῳ
1509 1202 1548 1233 είς
1557 1200 1592 1228 τὰ
1601 1200 1705 1232 κελλία,
1719 1199 1818 1236 ὁμοίως
1830 1199 1878 1225 καὶ

1093 1245 1180 1281 τούτῳ
1193 1246 1232 1281 τῷ
1251 1246 1335 1282 ἀθλίῳ
1346 1247 1437 1284 υὺάλῃ
1449 1247 1483 1274 ³⁸.
1501 1248 1516 1274 ό
1534 1248 1563 1274 δὲ
1575 1247 1620 1274 τὸν
1634 1247 1784 1283 κομίσαντα
1796 1246 1877 1280 ἔτυψε

1094 1293 1140 1319 καὶ
1159 1292 1252 1328 ὓὸρισε
1263 1294 1286 1309 ³³
1302 1293 1397 1328 λέγων·
1416 1294 1476 1320 εἰπὲ
1491 1294 1530 1330 τῷ
1544 1294 1567 1310 ³⁸
1590 1293 1741 1330 Μακαρίῳ,
1755 1292 1806 1320 οὐκ
1820 1291 1879 1327 είμι

1094 1345 1141 1363 σου
1161 1338 1259 1373 χείρων
1272 1338 1304 1370 ³⁷,
1322 1338 1366 1365 ἶνα
1387 1338 1419 1365 σύ
1440 1347 1485 1374 μοι
1504 1338 1628 1374 εὐλογίαν
1642 1339 1665 1355 ³⁸
1687 1339 1808 1374 πέμπῃς·
1831 1337 1878 1364 καὶ

1093 1384 1174 1417 γνοὺς
1198 1384 1212 1409 ό
1235 1383 1312 1418 ἅγιος
1333 1384 1473 1419 Μακάριος
1496 1385 1545 1421 τὴν
1569 1385 1673 1420 πλάνην
1698 1383 1799 1415 αὑτοῦ,
1818 1383 1877 1418 μεθ’

1094 1429 1199 1464 ἡμέρας
1212 1429 1234 1445 ³⁹
1263 1429 1365 1465 ἀπῆλθε
1397 1431 1584 1466 παρακαλέσαι
1607 1431 1699 1461 αὐτόν,
1735 1430 1782 1457 καὶ
1804 1429 1878 1464 λέγει

1093 1474 1168 1510 αὐτῷ
1180 1483 1187 1489 ·
1202 1475 1300 1510 ἀδελφὲ
1315 1476 1405 1512 Οὑὰλη
1415 1497 1422 1509 ,
1443 1477 1606 1513 ὲνεπαίχθης
1618 1486 1624 1492 ·
1639 1477 1742 1504 παῦσαι
1759 1477 1805 1502 καὶ
1818 1476 1879 1512 δεή-

1095 1519 1156 1555 θητι
1181 1520 1228 1548 τοῦ
1253 1521 1331 1550 Θεοῦ.
1345 1524 1360 1550 ὁ
1382 1524 1411 1550 δὲ
1434 1525 1464 1551 οὐ
1480 1525 1630 1561 προσέσχεν
1656 1526 1689 1560 τῇ
1708 1525 1876 1560 παραινέσει,

1094 1566 1214 1594 ἀπειθῶν
1229 1568 1276 1594 καὶ
1291 1569 1450 1604 ἀντιλέγων.
1468 1570 1685 1606 πληροφορηθεὶς
1703 1568 1749 1597 οὖν
1760 1572 1774 1597 ὁ
1789 1570 1877 1597 διάϐο-

1095 1611 1150 1644 λος,
1169 1613 1210 1639 ὅτι
1227 1615 1266 1645 είς
1280 1614 1363 1651 ἄκρον
1377 1616 1449 1651 αὐτῷ
1464 1616 1595 1649 πείθεται,
1610 1616 1771 1652 σχηματίζει
1783 1615 1878 1642 ἑαυτὸν

1095 1659 1135 1690 είς
1150 1659 1173 1674 ’θ
1187 1659 1232 1686 τὸν
1249 1661 1376 1697 Σωτῆρα,
1393 1662 1441 1689 καὶ¹
1460 1662 1638 1698 παραγίνεται
1657 1662 1724 1698 πρὸς
1736 1662 1818 1689 αὑτὸν
1831 1671 1878 1688 νυ-

1095 1705 1159 1736 κτὸς
1174 1706 1204 1732 ὲν
1226 1707 1361 1743 φαντασίᾳ
1383 1708 1452 1743 μετὰ
1475 1709 1610 1744 δαιμόνων
1627 1709 1720 1744 χιλίων
1736 1708 1879 1744 λαμπαδη-

1095 1752 1186 1788 φόρων
1199 1752 1234 1784 δ’.
1246 1753 1376 1781 δεικνύων
1389 1755 1485 1790 τροχὸν
1500 1755 1622 1790 πύρινον,
1637 1756 1686 1782 καὶ
1698 1756 1727 1781 ἐν
1744 1755 1818 1790 μέσῳ
1832 1754 1878 1781 τὸν

1095 1798 1209 1834 Σωτῆρα
1223 1799 1408 1835 σχηματίζων,
1421 1801 1467 1828 καὶ
1477 1801 1526 1828 ἕνα
1537 1801 1779 1836 προσλαμϐάνοντα
1794 1802 1815 1816 ⁸⁸
1833 1801 1879 1826 καὶ

1094 1844 1207 1879 λέγοντα
1225 1845 1299 1881 αὐτῷ
1311 1854 1320 1862 ο
1342 1847 1447 1882 ἠράσθη
1466 1856 1512 1874 σου
1534 1848 1548 1874 ό
1570 1847 1685 1882 Χριστὸς
1701 1848 1734 1882 τῇ
1753 1846 1799 1873 τοῦ
1820 1846 1877 1881 βίου

1094 1891 1259 1927 καθαρότητι
1278 1892 1324 1918 καὶ
1346 1893 1468 1929 πολιτείᾳ
1485 1902 1543 1925 σου,
1565 1894 1613 1920 καὶ
1631 1893 1797 1929 παρεγένετο
1811 1892 1878 1927 πρὸς

1095 1934 1126 1962 σὲ
1140 1936 1187 1963 τοῦ
1203 1937 1265 1964 ἰδεῖν
1287 1946 1327 1965 σε.
1350 1938 1439 1971 ἔξελθε
1460 1939 1510 1973 τῆς
1529 1938 1626 1974 κέλλης
1652 1947 1709 1971 σου,
1726 1939 1773 1965 καὶ
1785 1937 1878 1964 τοῦτον

1094 1983 1234 2018 πόρρωθεν
1258 1983 1362 2010 ἑστῶτα
1387 1984 1448 2010 ἰδὼν
1468 1984 1556 2019 κύψας
1581 1985 1780 2020 προσκύνησον.
1805 1985 1819 2010 ό
1849 1984 1878 2010 δὲ

1093 2028 1210 2062 ἐξελθὼν
1232 2027 1286 2057 εἶδε
1311 2030 1462 2065 παράταξιν
1482 2030 1702 2066 λαμπαδηφόρων
1722 2030 1755 2059 ⁸³,
1779 2030 1825 2056 καὶ
1839 2029 1878 2059 ὡς

1093 2074 1147 2101 ἀπὸ
1160 2074 1266 2101 σταδίου
1281 2074 1327 2101 τὸν
1343 2075 1524 2110 ἀντίχριστον,
1539 2075 1586 2102 καὶ
1602 2075 1690 2102 πεσὼν
1706 2074 1877 2110 προσεκύνη-

1095 2129 1150 2148 σεν.
1177 2121 1222 2147 ἐπὶ
1250 2119 1376 2148 τοσοῦτον
1404 2121 1433 2147 δὲ
1455 2121 1688 2157 ἐφρενοὸλάὸησεν
1712 2121 1878 2157 αἰχμαλωτι-

1094 2167 1168 2200 σθεὶς
1186 2167 1201 2193 ὸ
1215 2166 1306 2198 ἄθλιος
1316 2187 1324 2199 ,
1337 2167 1376 2199 ὡς
1394 2167 1454 2203 μεθ’
1467 2167 1572 2203 ἡμέραν
1586 2168 1697 2195 ἐλθόντα
1713 2168 1753 2199 εἰς
1768 2168 1817 2202 τὴν
1832 2168 1878 2193 ἐκ·

1094 2213 1208 2248 κλησίαν
1232 2214 1279 2240 ἐπὶ
1294 2213 1402 2240 πάντων
1420 2215 1522 2241 εἰπεῖν·
1541 2214 1597 2248 ἐγὼ
1618 2214 1761 2245 κοινωνίας
1783 2213 1878 2249 χρείαν

259 2263 367 2294 tempus
383 2259 492 2294 aliquod
509 2260 582 2288 ferro
593 2260 892 2296 vinxerunt.269(lui
904 2260 1041 2288 continuis

1094 2260 1143 2286 οὐκ
1164 2259 1303 2294 ἔχω-λτὺν
1326 2260 1441 2296 Χριστὸν
1462 2260 1516 2296 γὰρ
1536 2259 1645 2296 ἑώρακα
1666 2261 1794 2296 σήμερον.
1817 2259 1878 2286 τότε

258 2304 359 2332 deinde
376 2306 505 2340 precibus
520 2314 569 2341 pro
583 2315 617 2334 eo
631 2307 710 2334 lactis
726 2314 754 2335 et
768 2307 927 2334 multimoda
943 2307 1042 2341 despe-

257 2351 348 2378 ctione
359 2351 470 2388 vitaque
487 2355 642 2380 austeriore
656 2361 754 2380 vanam
765 2354 920 2388 opinionem
933 2353 1042 2380 ademe-

259 2403 333 2430 runt,
348 2398 385 2426 ita
404 2402 434 2425 ut
455 2404 612 2427 sanaretur.
630 2400 786 2427 Contrariis
807 2401 882 2427 enim
903 2399 1043 2426 contraria

258 2446 426 2473 conveniunt
440 2446 648 2474 medicamenta.

1096 2306 1223 2338 λαϐόντες
1238 2307 1320 2333 αὑτὸν
1341 2308 1366 2333 oi.
1380 2306 1497 2341 πατέρες
1517 2307 1540 2322 ⁸⁸
1564 2306 1692 2341 δεσμοῦσι
1711 2306 1810 2341 σιδήρῳ
1831 2306 1878 2332 ἐπὶ

1096 2351 1144 2378 ἕνα
1157 2353 1262 2387 χρόνον,
1277 2351 1325 2378 καὶ
1343 2352 1466 2386 συνεχέσι
1480 2353 1540 2383 ταῖς
1553 2352 1623 2387 ὑπὲρ
1635 2351 1717 2378 αὑτοῦ
1728 2351 1820 2386 εὐχαῖς
1832 2352 1879 2378 καὶ

1097 2398 1204 2434 ποικίλῃ
1214 2398 1389 2434 ἀδιαφορήσει
1401 2399 1435 2414 δι’
1443 2398 1489 2425 καὶ
1500 2397 1678 2434 ἀπραγοτέρῳ
1696 2398 1745 2434 βίῳ
1755 2398 1785 2424 τὸ
1795 2398 1880 2433 οἴημα

1095 2444 1176 2471 αὐτοῦ
1190 2444 1348 2476 καθελόντες
1369 2445 1594 2480 ἁπεθεράπευσαν
1607 2446 1640 2472 ⁸⁸.
1655 2446 1711 2476 τοῖς
1734 2444 1788 2480 γὰρ
1803 2445 1879 2471 ἐναν-

258 2491 325 2523 τίοις
341 2492 375 2518 τὰ
390 2491 500 2519 ἐναντία
526 2492 638 2528 ίάματα.
655 2492 803 2526 ἀναγκαῖον
820 2489 868 2518 οὖν
884 2491 1033 2526 ἡγησάμην
1057 2491 1104 2517 καὶ
1118 2491 1181 2521 τοὺς
1198 2490 1252 2517 τῶν
1270 2491 1452 2526 ἠπατημένων
1474 2491 1549 2526 βίους
1567 2490 1681 2517 ἐνθεῖναι
1712 2490 1751 2526 τῷ
1785 2491 1879 2526 βιϐλίῳ

258 2536 326 2571 πρὸς
342 2537 490 2571 ἀσφάλειαν
506 2538 560 2565 τῶν
577 2538 625 2574 μὲν
641 2537 866 2573 ἐντυγχανόντων,
881 2537 922 2563 ὅτι
941 2537 988 2566 καὶ
1002 2537 1098 2571 ἀρεταὶ
1119 2536 1246 2568 ὑπόθεσις
1260 2537 1380 2571 γίνονται
1395 2537 1525 2569 πτώσεως
1548 2538 1603 2569 τοῖς
1614 2537 1777 2573 ἀδιακρίτως
1793 2538 1878 2570 αὐτὰς

261 2591 326 2618 μετε
331 2583 472 2619 ρχομένοις
477 2603 484 2610 .

891 2683 1021 2712 VARIAE
1039 2683 1242 2713 LECTIONES.

293 2770 317 2785 “
333 2769 421 2803 βιοὺς
435 2778 488 2798 om.
505 2770 535 2796 Β.

259 2804 283 2820 ιο
302 2806 323 2830 Α
335 2805 500 2838 πεσοῦσας.

584 2770 606 2805 ξ’
625 2769 648 2796 Α
664 2770 710 2796 τὸν
729 2770 812 2805 ἄκρον
829 2768 911 2802 βίον.
957 2770 979 2786 ³⁸
997 2770 1017 2796 Β
1031 2771 1229 2805 κατορθωκώς.

551 2805 572 2821 ³⁸
587 2804 640 2832 Pro
657 2804 851 2838 εὑρίσκοντος
866 2805 964 2839 αὐτὴν
978 2806 999 2832 Β
1009 2804 1234 2840 εὑρισκομένης.

1278 2771 1300 2808 ξ’
1319 2770 1372 2808 Pro
1383 2770 1550 2808 ρἁτοντος
1571 2771 1708 2808 αὑτοῦ-Β
1720 2770 1873 2808 ρᾴπξοντέ.

1271 2806 1294 2822 ³³
1312 2806 1361 2832 ἐπὶ
1378 2807 1471 2838 τούτῳ
1490 2806 1583 2833 πάλιν
1601 2815 1654 2832 om.
1668 2806 1696 2832 Β.
1736 2806 1758 2821 ³³
1777 2805 1797 2830 Β
1813 2805 1875 2836 τοῖς

259 2840 402 2877 {Egypt}
419 2839 582 2877 ἐνεγκεῖξ-.-
600 2840 623 2855 ³⁵
640 2840 821 2877 [iactate-ru.
842 2875 845 2877 ἓ
860 2841 882 2856 ³⁵
898 2841 918 2867 D
933 2841 1027 2877 ὕϐρισε
1043 2839 1095 2868 οιαὶ
1110 2839 1213 2877 ἔτυψε,
1249 2840 1273 2857 ³⁸
1291 2840 1332 2874 τῷ
1344 2849 1398 2869 om.
1410 2842 1447 2877 ᾖ.
1485 2842 1506 2857 ³τ
1527 2841 1564 2868 Ex
1579 2842 1663 2873 coni.,
1680 2840 1872 2877 ΑλγΒνχρείωγ.

260 2874 284 2891 ³⁸
336 2876 488 2912 ινεὺξιογίας.Δ
523 2875 546 2912 ‘_’
601 2875 665 2912 μεθ’
680 2875 802 2912 ἡμέραν.
841 2875 863 2891 λε
883 2874 975 2912 ἢὼς-,⁷
1002 2876 1023 2892 ⁸³
1039 2876 1084 2902 ΑΒ
1095 2874 1335 2912 Μμάαδιφόρων.
1373 2877 1395 2892 ⁸⁸
1410 2876 1431 2903 Β
1444 2877 1661 2912 προσλαϐόντα.
1700 2875 1723 2890 ⁸³
1737 2876 1781 2904 ΑΒ
1797 2877 1871 2909 ,ιαμ-

260 2910 444 2946 παδεφόρωνη
483 2910 505 2926 ⁸⁵
525 2910 545 2936 Β
562 2911 586 2936 οἱ
600 2910 675 2944 ἅγιοι
692 2910 816 2945 πατέρες.
851 2912 883 2928 ⁸⁸⁸
897 2911 917 2939 Β
929 2911 1096 2947 ἁδιιιφορίᾳ.
1136 2912 1158 2929 ⁴⁵
1171 2912 1191 2940 Β
1202 2911 1415 2948 ἐθεράπευσαν.
