2048 3153
157 183 212 211 205

550 239 569 266 ι

441 296 512 332 Περὶ
533 297 671 331 Ἦρωνος.

196 354 292 389 Ἥρων
306 362 349 386 τις
372 353 482 389 γέγονεν
509 353 719 390 Ἀλεξανδρεύς,
744 353 870 388 γειτνιῶν
894 362 949 389 μοι,

162 400 279 433 ἀστεῖος,
293 400 434 436 νεώτερος,
451 400 557 436 εὐφυὴς
572 401 621 436 τὴν
631 400 760 432 διάνοιαν,
773 400 892 435 καθαρὸς
905 399 950 426 τὸν

164 446 229 481 βίον,
244 445 305 472 καθ’
321 446 474 482 ὑπερϐολὴν
486 446 584 478 λεπτὸς
598 447 631 481 τῇ
650 446 749 482 ἀρίστῃ
765 445 897 480 πολιτείᾳ,
913 445 952 477 ὼς

163 492 278 523 πολλοὺς
295 492 353 513 ⁸⁸³⁷
366 491 421 518 τῶν
432 492 555 527 συνήθων
565 491 646 518 αὑτοῦ
660 492 758 526 λέγειν,
770 492 810 518 ὄτι
823 491 951 523 πολλάκις

163 537 206 564 διὰ
221 537 306 573 τριῶν
319 538 411 573 μηνῶν
423 537 516 573 ἤσθιεν
526 537 560 570 ⁸⁸,
581 537 649 573 μόνῃ
662 538 695 572 τῇ
713 537 842 572 κοινωνίᾳ
850 536 951 573 ἀρκού-

165 591 244 618 μενος
264 583 311 610 xui.
324 583 352 609 ετ
366 592 417 610 που
434 583 607 619 παραφανείη
631 582 834 619 άγριολάχανον.
855 583 952 618 πεῖραν

163 628 191 655 δὲ
205 628 300 655 τούτου
313 628 392 664 ἔσχον
405 629 483 664 κάγὼ
497 630 545 656 σὺν
561 629 600 664 τῷ
617 629 756 664 μακαρίτῃ
778 628 892 664 Ἀλϐίνῳ
904 628 952 655 ἐπὶ

163 673 213 709 τὴν
229 674 328 708 Σκῆτιν
339 674 446 700 ἀπιόντι
459 674 613 709 ἀπέχουσαν
624 674 671 708 ἀφ’
694 673 773 709 ήμῶν
784 673 805 690 ⁸³
820 673 866 699 ὲπὶ
888 673 914 708 μ’
928 673 952 689 ⁵⁸

164 719 298 754 σημείοις.
320 719 368 746 καὶ
390 720 418 746 ὲν
441 719 546 750 τούτοις
569 718 706 751 ὁδεύοντες
730 720 810 754 ἡμεῖς
828 718 952 755 δεύτερον

163 764 303 800 ἐφάγομεν
316 765 364 791 καὶ
374 764 466 800 τρίτον
480 765 504 780 ¹¹
515 765 639 800 ὲπίομεν,
651 765 754 796 ἐκεῖνος
765 764 793 791 δὲ
809 764 872 800 μηδ’
884 764 952 796 ὅλως

163 811 332 846 γευσάμενος
354 811 477 843 πεζεύων
500 811 524 827 ⁸¹
549 809 731 845 ἅπεστήθιζεν
759 810 884 845 ψαλμοὺς
907 810 952 836 τὸν

164 856 252 892 μέγαν
264 857 311 883 καὶ
328 857 423 888 ἄλλους
437 855 478 888 ιε’,
491 857 540 891 τὴν
561 856 630 892 πρὸς
652 855 793 891 Ἑϐραίους
808 855 951 891 επιστολὴν

163 902 213 929 καὶ
227 902 353 935 Ἡσαΐαν,
369 903 415 929 καὶ
430 902 513 937 μέρος
531 902 662 937 Ἰερεμίου
677 902 724 928 τοῦ
739 902 890 938 προφήτου,
905 903 952 929 καὶ
968 909 988 936 Β

163 949 273 976 Δουκᾶν
288 948 334 975 τὸν
353 948 566 983 Εὑαγγελιστὴν,
587 947 635 974 καὶ
656 947 704 979 τὰς
721 947 893 983 Παροιμίας,
907 948 954 975 καὶ

163 994 259 1021 τοῦτον
283 993 445 1021 καταλαϐεῖν
480 994 530 1020 οὐκ
551 994 724 1029 ἠδυνήθημεν
751 993 901 1028 βαδίζοντα.
925 993 954 1025 ὃς

164 1040 214 1067 καὶ
231 1039 313 1071 αὐτὸς
339 1040 408 1074 μετὰ
429 1040 527 1072 πόνους
551 1039 685 1074 μεγάλους
700 1039 746 1065 καὶ
761 1039 875 1075 ἱδρῶτας
891 1048 953 1074 γεν-

165 1085 258 1117 ναίους
270 1085 310 1121 τῷ
323 1085 400 1120 τύφῳ
414 1086 463 1121 τῆς
472 1085 600 1117 ἀπονοίας
613 1085 706 1120 ἀρθεὶς
716 1086 757 1117 είς
771 1085 837 1120 ὕψος
853 1086 955 1121 μετέω-

165 1139 224 1166 ρον,
238 1130 364 1157 κάκεῖθεν
381 1131 496 1158 ἐλεεινὸν
511 1131 577 1158 πᾶσι
597 1131 696 1166 πτῶμα
708 1131 894 1167 κατενεχθεὶς,
910 1132 955 1158 καὶ

166 1176 240 1203 κατὰ
255 1176 309 1203 τῶν
325 1176 410 1210 ἁγίων
426 1176 552 1212 πατέρων
567 1177 653 1211 οἰήσει
669 1177 770 1212 ματαίᾳ
786 1178 955 1212 μεγαλοφρο-

165 1222 262 1256 νήσας,
286 1222 390 1254 πάντας
413 1222 539 1258 ἐξύϐρισε
564 1223 667 1258 λέγων·
692 1224 733 1250 ὅτι
754 1224 779 1250 οἱ
803 1223 956 1259 πειθόμενοι

169 1267 247 1302 ὑμῶν
267 1269 300 1303 τῇ
319 1268 476 1304 διδασκαλίᾳ
495 1269 669 1296 ἀπατῶνται·
691 1269 721 1296 οὐ
738 1269 790 1304 χρὴ
808 1269 861 1304 γὰρ
883 1269 957 1295 διδα-

168 1313 278 1345 σκάλοις
292 1314 394 1349 ἑτέροις
410 1314 526 1349 χρῆσθαι
539 1315 558 1330 ³·
571 1315 706 1350 παρεκτὸς
716 1315 763 1341 τοῦ
777 1314 892 1350 Χριστοῦ
910 1316 957 1350 μό-

167 1367 226 1391 νου,
241 1359 282 1385 ὄτι
298 1360 378 1392 αὐτὸς
390 1361 404 1386 ὁ
418 1360 513 1396 Σωτὴρ
521 1358 607 1387 εἶπεν
619 1369 628 1384 ι
639 1360 676 1395 μὴ
686 1360 820 1396 καλέσητε
830 1361 957 1387 διδάσκα-

165 1404 214 1431 λον
226 1405 274 1431 ἐπὶ
288 1405 338 1440 τῆς
349 1404 410 1440 γῆς.
428 1414 438 1431 ι
456 1404 485 1436 ὃς
496 1405 542 1431 ἐπὶ
564 1404 690 1432 τοσοῦτον
705 1405 753 1432 καὶ
778 1405 859 1437 αὐτὸς
883 1405 957 1432 ἐσκο-

165 1449 246 1485 τίσθη
271 1450 321 1486 τὴν
349 1450 465 1477 διάνοιαν
487 1450 511 1466 ⁵⁵
533 1452 566 1486 τῇ
595 1450 732 1486 κενοδοξία
759 1451 808 1486 τῆς
840 1452 956 1486 οἰήσεως

165 1495 271 1522 ἄνωθεν
291 1495 364 1522 κάτω
380 1495 464 1522 ἐλθών
475 1496 509 1529 ⁸⁸,
529 1496 567 1528 ὡς
581 1497 664 1523 αὐτὸν
679 1497 746 1532 μηδὲ
761 1497 784 1513 ⁵⁸
796 1498 852 1528 τοῖς
876 1497 957 1529 θείοις

168 1540 331 1576 μυστηρίοις
347 1541 434 1569 θέλειν
456 1542 664 1578 προσέρχεσθαι.
687 1543 840 1570 τελευταῖον
861 1543 900 1576 δέ,
919 1544 957 1575 ὡς

167 1588 222 1614 ὑπὸ
244 1589 422 1624 σφοδροτάτου
440 1590 525 1625 πυρὸς
542 1590 594 1616 ὑπὸ
609 1589 656 1616 τοῦ
678 1589 803 1624 δαίμονος
822 1589 955 1621 ἐλασθεὶς,

165 1634 303 1668 κατῆλθεν
321 1635 361 1666 εἰς
380 1634 584 1670 Ἀλεξάνδρειαν
599 1635 712 1671 προνοίᾳ
730 1636 780 1670 τῆς
796 1634 870 1666 θείας
885 1636 958 1662 οίκο-

166 1679 265 1714 νομίας
278 1679 310 1712 ³⁷,
325 1679 395 1706 ὥστε
414 1681 471 1716 ἥλῳ
492 1679 614 1717 τὸν-ἧλον
629 1681 864 1716 ἀποκρούσασθαυ
879 1690 958 1717 περι-

168 1726 266 1752 έπεσεν
297 1725 352 1760 γὰρ
384 1726 569 1762 ἀδιαφορίαις,
595 1726 642 1752 καὶ
663 1726 818 1761 θεατρικαῖς
832 1727 855 1743 ⁵³
876 1728 957 1754 ἱππο-

167 1771 305 1807 δρομίαις,
325 1773 373 1798 καὶ
389 1772 548 1807 καπηλείοις
563 1773 612 1805 τὰς
626 1773 766 1808 διατριόάς
782 1771 853 1808 εἶχεν
865 1773 898 1798 ⁸⁸.
913 1773 953 1798 τέ-

167 1818 214 1849 λος
229 1817 276 1845 καὶ
288 1819 328 1849 εἰς
337 1820 386 1854 τὴν
399 1818 545 1853 ἐπιθυμίαν
560 1819 609 1854 τῆς
621 1818 835 1854 γυναικομανίας
846 1818 959 1854 ληφθεὶς

168 1865 228 1897 καὶ,
241 1865 279 1896 ὡς
291 1865 313 1902 ξθ
327 1865 473 1891 ἐσκέπτετο
484 1864 653 1900 ἁμρτῆσαι,
667 1864 762 1899 μιμάδι
774 1865 827 1890 τινὶ¹
841 1864 959 1899 συνεχῶς

168 1911 203 1937 τά
222 1911 291 1944 πρὸς
311 1910 342 1936 τὸ
364 1910 440 1942 ἕλκος
464 1910 546 1936 αὐτοῦ
565 1910 699 1944 διελέγετο
720 1911 752 1937 σι.
777 1910 824 1936 καὶ
846 1911 875 1936 ὲν
902 1911 958 1941 τοῖς

168 1954 300 1986 τοιούτοις
308 1955 330 1970 θ’
340 1955 397 1981 ὄντι
410 1955 432 1970 ⁸³
442 1955 552 1989 γέγονεν
562 1954 636 1990 αὐτῷ
647 1954 718 1981 κατά
728 1963 788 1982 τινα
804 1956 958 1990 οἰκονομίαν

169 2000 273 2036 ἄνθραξ
293 2001 363 2027 κατὰ
385 2001 435 2036 τῆς
452 2001 576 2036 βαλάνου,
595 2002 641 2027 καὶ
658 2001 704 2027 ἐπὶ
720 2001 750 2034 ἓξ
763 2001 850 2036 μῆνας
867 2001 959 2027 τοσοῦ-

169 2056 216 2074 τον
228 2048 252 2063 ⁸⁸
265 2047 403 2082 ἐνόσησεν,
416 2047 454 2079 ὼς
468 2047 660 2082 κατασαπῆναι
674 2047 757 2074 αὑτοῦ
768 2048 803 2074 τὰ
818 2047 899 2082 μόρια
913 2048 959 2074 καὶ

171 2092 333 2127 αὐτομάτως
349 2092 505 2119 ἀποπεσεῖν.
529 2091 642 2128 ὕστερον
658 2093 686 2119 δὲ
713 2092 827 2126 ὑγιάνας
851 2093 898 2119 καὶ
919 2093 959 2124 εἰς

171 2138 348 2173 συναίσθησιν
369 2137 453 2164 ἐλθὼν
467 2138 615 2173 ἐπανῆλθεν
633 2138 697 2165 ἄνευ
720 2138 774 2165 τῶν
793 2138 882 2173 μελῶν
895 2137 958 2164 τού-

170 2193 235 2216 των,
254 2185 301 2211 aut
316 2185 356 2216 είς
369 2185 477 2220 μνήμην
490 2184 540 2219 τῆς
555 2184 681 2219 οὐρανίου
699 2184 835 2216 πολιτείας
850 2185 879 2211 ὲν
895 2183 959 2219 θείῳ

171 2231 325 2266 φρονήματι
337 2230 464 2264 γεγονώς,
475 2231 523 2257 καὶ
533 2229 798 2266 ἐξομολογησάμενος
808 2232 863 2262 τοῖς
870 2230 958 2264 ἁγίοις
973 2246 1000 2273 D.

171 2275 291 2311 πατράσι
308 2275 396 2301 πάντα
423 2274 457 2301 τά
490 2275 681 2310 συμὸεὸηκότα
712 2275 796 2310 αὐτῷ,
810 2274 957 2310 ἐνεργῆσαι

170 2323 204 2357 τῇ
219 2321 342 2356 πολιτείᾳ
357 2320 395 2356 μὴ
409 2320 511 2355 φθάσας
530 2321 588 2356 μετ’
601 2321 694 2355 ὀλίγας
706 2321 813 2357 ἡμέρας
829 2321 959 2356 κεκοίμη-

171 2377 226 2396 ται.

919 182 1024 214 ACTA;

1732 180 1785 209 206

1307 284 1346 311 De
1365 283 1478 310 Herone.

1037 331 1100 358 Fuit
1117 330 1189 358 Hero
1208 329 1320 366 quidam
1343 328 1555 361 Alexandrinus,
1579 327 1647 355 mihi
1665 327 1784 360 vicinus.

1001 376 1133 408 urbanus,
1154 375 1327 407 adolescens,
1349 374 1421 401 bono
1446 374 1568 409 ingenio,
1587 373 1694 408 integra
1716 374 1784 406 vita,

1001 422 1213 450 conversatione
1231 428 1317 456 supra
1332 420 1442 448 modum
1458 420 1552 448 subtili
1568 427 1654 455 eaque
1670 419 1784 454 optima,

1001 468 1039 496 ita
1066 472 1096 495 ut
1123 467 1201 494 multi
1226 475 1242 494 e
1266 466 1452 494 familiaribus
1478 467 1537 494 suis
1564 466 1699 498 dicerent,
1722 473 1784 493 eum

1001 521 1082 549 saepe
1098 513 1170 540 intra
1187 517 1243 540 tres
1257 520 1368 540 menses
1382 512 1468 540 semel
1481 511 1632 545 comedere,
1648 511 1708 539 sola
1719 519 1786 539 con-

1002 564 1106 588 tentum
1133 559 1327 587 communione
1353 563 1379 586 et
1406 558 1496 586 sicubi
1526 558 1699 593 apparuisset
1724 558 1786 585 olus

1001 609 1120 640 agreste.
1139 604 1366 639 Experimentum
1392 602 1476 630 huius
1499 602 1540 630 rei
1566 603 1625 637 ipse
1651 602 1702 629 feci
1722 610 1786 629 cum

1002 651 1082 679 beato
1109 650 1208 678 Albino
1229 650 1347 678 abeunte
1370 649 1398 676 in
1418 649 1531 680 Scetim,
1551 655 1623 684 quae
1652 649 1745 676 aberat
1770 655 1787 675 a

1002 697 1082 724 nobis
1104 695 1162 724 fere
1176 695 1359 731 quadraginta
1381 694 1556 722 milliaribus.
1569 695 1658 729 Atque
1681 694 1710 721 in
1734 694 1788 721 hoc

1003 742 1102 770 itinere
1130 750 1181 769 nos
1206 741 1251 769 bis
1278 741 1450 769 comedimus
1471 743 1499 768 et
1523 745 1564 767 ter
1583 740 1724 767 bibimus:
1741 739 1788 767 ille

1002 795 1068 816 vero
1082 796 1166 823 quum
1182 788 1253 815 nihil
1271 794 1386 823 prorsus
1403 790 1553 822 gustasset,
1575 785 1648 813 inter
1663 785 1787 813 eundum

1002 834 1163 862 memoriter
1177 833 1373 869 pronuntiabat
1388 833 1522 868 psalmum
1535 839 1663 867 magnum
1678 836 1706 859 et
1720 832 1788 860 alios

1002 879 1169 914 quindecim,
1179 880 1322 915 epistolam
1330 880 1363 906 ad
1372 878 1521 911 Hebraeos,
1534 883 1562 906 et
1572 878 1678 911 lsaiam,
1687 881 1714 905 et
1727 885 1789 913 par-

1004 931 1056 954 tem
1065 926 1195 954 leremiae
1204 926 1364 961 prophetae,
1372 925 1471 952 deinde
1480 923 1582 952 Lucam
1591 924 1788 959 evangelistam

1004 976 1031 1000 et
1047 972 1194 1000 Proverbia
1211 981 1216 998 :
1232 979 1321 1007 neque
1332 979 1394 999 eum
1407 975 1565 1006 poteramus
1577 969 1708 1005 consequi
1723 977 1789 1005 pro-

1005 1019 1185 1055 gredientem.
1200 1018 1273 1046 Idem
1289 1023 1351 1053 post
1367 1025 1482 1052 magnos
1497 1017 1606 1044 labores
1622 1019 1649 1043 et
1665 1015 1789 1050 praecla-

1004 1074 1051 1094 ros
1071 1066 1190 1094 sudores
1214 1065 1287 1092 fastu
1306 1069 1334 1092 et
1358 1065 1478 1092 stultitia
1501 1065 1530 1091 in
1550 1071 1688 1092 summum
1710 1062 1789 1091 fasti-

1005 1112 1079 1147 gium
1103 1112 1203 1145 elatus,
1224 1116 1252 1139 et
1271 1111 1372 1139 dehinc
1396 1111 1545 1139 miserabili
1572 1110 1701 1137 omnibus
1722 1116 1789 1137 casu

1006 1157 1087 1193 270
1103 1158 1312 1193 praecipitatus,
1326 1158 1407 1185 etiam
1423 1161 1536 1185 sanctos
1550 1161 1642 1192 patres
1656 1163 1726 1182 vana
1746 1156 1790 1183 sui

1005 1205 1135 1238 opinione
1155 1204 1192 1231 ita
1205 1204 1375 1239 contemptui
1391 1204 1498 1236 habuit,
1515 1207 1545 1230 ut
1559 1203 1686 1230 omnibus
1702 1202 1790 1229 insul-

1007 1254 1077 1277 taret
1099 1250 1193 1278 dicens
1210 1259 1217 1277 :
1234 1250 1285 1283 Qui
1303 1253 1400 1286 parcnt
1418 1253 1526 1277 vestrae
1540 1249 1692 1281 doctrinae,
1718 1248 1790 1276 deci-

1007 1296 1135 1332 piuntur;
1159 1304 1248 1331 neque
1270 1296 1344 1324 enim
1366 1300 1474 1331 oportet
1498 1295 1639 1330 magistris
1664 1295 1725 1323 aliis
1750 1296 1789 1322 uti

1009 1348 1116 1378 praeter
1129 1343 1220 1370 solum
1236 1342 1387 1374 Christum,
1403 1342 1467 1377 quia
1484 1341 1543 1377 ipse
1556 1341 1682 1369 Salvator
1697 1340 1766 1368 dixit
1781 1350 1789 1368 :

1009 1387 1050 1415 Ne
1063 1388 1216 1415 vocaveritis
1229 1388 1386 1422 magistrum
1400 1395 1477 1421 super
1491 1392 1599 1414 terram.
1614 1386 1688 1414 idem
1701 1391 1792 1414 mente

1007 1438 1151 1469 tantopere
1166 1434 1333 1461 obcaecatus
1349 1438 1391 1461 est
1408 1441 1477 1460 vana
1491 1432 1670 1466 persuasione
1684 1431 1792 1466 opinio—

1007 1481 1063 1512 nis,
1085 1480 1213 1508 deorsum
1229 1487 1360 1515 praeceps
1384 1479 1483 1510 factus,
1508 1482 1539 1505 ut
1560 1478 1645 1505 nollet
1663 1477 1793 1505 accedere

1009 1527 1042 1554 ad
1060 1526 1152 1554 divina
1169 1526 1312 1562 mysteria.
1335 1525 1508 1553 Postremum
1529 1524 1600 1552 sicut
1616 1531 1630 1551 a
1646 1524 1792 1551 vehemen-

970 1573 991 1602 C
1008 1573 1117 1600 tissimo
1139 1573 1202 1607 igne
1226 1580 1242 1599 a
1266 1572 1398 1600 daemone
1422 1572 1552 1606 agitatus,
1576 1570 1652 1598 venit
1674 1570 1792 1597 Alexan-

1007 1619 1094 1646 driam
1116 1618 1209 1646 divino
1237 1618 1355 1653 quodam
1381 1617 1508 1650 consilio,
1535 1622 1562 1644 ut
1584 1617 1661 1644 clavo
1685 1617 1792 1643 clavum

1008 1664 1177 1692 extruderet.
1199 1664 1324 1691 lncidens
1340 1664 1414 1691 enim
1436 1664 1464 1690 in
1483 1662 1684 1690 indili‘erentem
1701 1670 1792 1689 rerum

1008 1718 1101 1743 usum,
1113 1710 1142 1737 in
1156 1710 1276 1737 scenicis
1289 1710 1487 1745 hippodromis,
1503 1713 1530 1737 et
1545 1709 1572 1736 in
1586 1708 1718 1743 cauponis
1730 1715 1792 1735 ver-

1008 1757 1131 1784 sabatur.
1148 1756 1270 1791 Denique
1292 1760 1319 1784 et
1334 1756 1362 1783 in
1380 1756 1557 1790 cupiditatem
1574 1754 1792 1782 mulieriositatis

1008 1802 1103 1836 lapsus
1118 1809 1203 1836 quum
1220 1801 1400 1828 meditaretur
1413 1808 1537 1836 peccare,
1554 1807 1615 1827 cum
1628 1799 1709 1826 mima
1725 1806 1794 1834 qua-

1009 1848 1069 1875 dam
1085 1848 1195 1876 assidue
1208 1848 1401 1875 confabulatus
1418 1848 1442 1874 ei
1459 1847 1560 1874 vulnus
1576 1854 1656 1875 suum
1673 1846 1791 1881 aperuit.

1009 1894 1099 1928 Atque
1122 1902 1205 1928 quum
1231 1894 1280 1920 tali
1303 1893 1504 1921 consuetudine
1530 1897 1670 1925 uteretur,
1692 1897 1792 1919 enatus

1009 1946 1052 1968 est
1083 1941 1108 1968 ei
1136 1940 1229 1967 divino
1259 1941 1376 1975 quodam
1412 1939 1527 1967 consilio
1552 1939 1738 1966 carbunculus
1764 1939 1792 1965 in

1010 1987 1119 2022 glande,
1133 1990 1160 2014 et
1174 1994 1222 2022 per
1236 1994 1284 2014 sex
1301 1993 1410 2013 menses
1422 1985 1489 2013 adeo
1500 1986 1662 2020 aegrotavit,
1678 1988 1707 2010 ut
1720 1991 1794 2011 eom-

1011 2033 1169 2068 putruerint
1193 2033 1252 2060 eius
1276 2032 1365 2059 virilia
1388 2035 1416 2058 et
1437 2039 1487 2058 sua
1510 2035 1608 2065 sponte
1628 2030 1791 2058 deciderint.

1009 2078 1186 2105 Postmodum
1205 2085 1272 2105 vero
1293 2085 1377 2112 quum
1397 2078 1583 2105 convaluisset
1604 2080 1630 2105 et
1651 2077 1683 2104 ad
1699 2076 1795 2104 melio-

1010 2132 1068 2152 rem
1095 2124 1200 2160 frugem
1227 2131 1257 2152 se
1277 2124 1437 2159 recepisset,
1465 2131 1593 2151 reversus
1620 2127 1663 2151 est
1691 2123 1794 2158 absque

1009 2170 1141 2198 membris
1167 2171 1233 2203 illis,
1259 2175 1286 2198 et
1312 2178 1374 2197 cum
1401 2171 1428 2197 in
1456 2170 1615 2198 memoriam
1635 2172 1794 2197 revocasset

1010 2220 1156 2247 coelestem
1169 2219 1419 2252 conversationem,
1441 2223 1471 2246 ut
1485 2226 1516 2246 ea
1531 2218 1646 2246 sentiret
1657 2224 1726 2252 quae
1744 2215 1793 2243 Dei

1012 2271 1087 2298 sunt,
1114 2271 1141 2294 ct
1170 2266 1315 2294 confessus
1341 2270 1414 2294 esset
1439 2265 1543 2292 sanctis
1571 2264 1702 2300 patribus.
1724 2269 1794 2298 quae

1012 2311 1170 2339 acciderant
1196 2312 1232 2343 ei,
1262 2311 1296 2338 ad
1321 2319 1391 2346 opus
1420 2310 1637 2338 conversationis
1658 2316 1713 2336 non
1732 2315 1792 2334 am-

1011 2357 1083 2392 plius
1098 2357 1232 2392 pervenit,
1252 2356 1300 2383 sed
1316 2356 1412 2391 paucis
1427 2359 1488 2391 post
1505 2355 1601 2382 diebus
1616 2353 1792 2382 obdormivit.

806 2456 933 2485 VARIAE
951 2456 1164 2492 ;LECTIONES.

207 2536 268 2556 “-"
286 2536 307 2562 Α
324 2536 430 2569 πολύς.

468 2536 491 2552 ιθ
510 2536 532 2562 Λ
552 2535 572 2561 Β
585 2536 696 2563 ἐσθίεν.
735 2536 757 2551 ⁸⁸
777 2535 817 2562 Ex
837 2536 922 2568 coni.,
938 2536 960 2561 A
975 2534 1107 2569 ἁπεχοὺς
1120 2535 1171 2569 ἀφ’
1185 2535 1307 2569 ἡμῶν,Β
1323 2535 1415 2569 ἁγίων
1429 2534 1584 2568 ἀπεχούσῃ

172 2570 410 2604 τεσσαράκοντα.
448 2572 470 2587 ⁵¹
490 2571 590 2605 τρίτον
602 2578 656 2597 om.
668 2571 700 2597 A.
738 2571 761 2587 δ’
780 2569 909 2600 πεζὲύων
923 2577 977 2597 om.
991 2569 1037 2605 Bs
1060 2570 1084 2585 ⁸³
1102 2570 1123 2595 Β
1137 2579 1174 2604 χρ

1185 2535 1307 2569 ἡμῶν,Β
1323 2535 1415 2569 ἁγίων
1429 2534 1584 2568 ἀπεχούσῃ
1607 2534 1688 2567 (sic).
1731 2534 1755 2549 '°
1771 2534 1792 2560 Β

1176 2569 1317 2602 ήσασθαι.
1357 2570 1380 2585 ⁵⁸⁸
1398 2569 1451 2596 Pro
1466 2569 1500 2601 ὃς
1515 2569 1563 2595 ἐπὶ
1577 2583 1612 2588 -—-
1627 2568 1761 2595 διάνοιαν
1772 2570 1792 2596 lt

1607 2533 1688 2567 (sic).

172 2603 322 2633 τοσοῦτον
335 2606 369 2632 δὲ
388 2603 550 2638 ἐσκοτίσθη
563 2607 616 2632 τὸν
637 2606 793 2640 λογισμόν.
832 2606 855 2621 ⁵⁵
867 2605 904 2638 τῇ
919 2604 1122 2640 κενοδοξίας
1136 2604 1231 2640 ὲλθώγ
1244 2612 1298 2631 om.
1312 2605 1342 2631 Β.
1379 2605 1403 2621 ⁸⁸
1418 2604 1555 2640 Exrconi.,
1569 2604 1597 2640 _A
1610 2604 1647 2634 ὡς
1663 2603 1791 2640 ὕστερον

173 2641 376 2674 σιδηρωθῆναι
390 2641 438 2667 καὶ
447 2641 540 2668 αὑτὸν
549 2640 637 2674 μηδὲ,
648 2640 669 2666 Β
678 2638 718 2673 ὧς
725 2638 805 2675 ξμηδὲ
820 2640 921 2673 (αὑτὸν
932 2639 1009 2674 om.).
1047 2638 1136 2675 "Pro
1149 2639 1501 2675 κατῆλθεν-οἰκονομίας
1511 2639 1532 2665 Β
1544 2638 1581 2675 τῇ
1591 2639 1659 2675 θείειν
1667 2639 1791 2675 προνοίᾳ

173 2672 407 2711 οὶχοὶομήμενος
417 2672 566 2711 κατῆλθεῶ-
578 2672 621 2711 sic
640 2672 877 2711 ‘Alsfbfdpst'ar.
889 2710 894 2711 γ
910 2675 935 2711 εξ
946 2672 1037 2711 (ῥοὴ-ι’..
1051 2674 1095 2701 ΑΒ
1106 2675 1276 2711 θεατρικοῖς.
1303 2675 1326 2690 ⁸⁵
1337 2672 1436 2711 Αλεῖχεν
1451 2674 1470 2700 Β
1482 2674 1617 2711 ἐποιεῖτο,
1643 2674 1673 2711 ᾃ⁰⁰
1692 2674 1741 2700 καί
1750 2672 1790 2708 dii;

173 2718 230 2739 0m.
245 2709 279 2738 BI
314 2709 336 2727 “
351 2710 453 2745 μιμὰδι
467 2711 523 2738 τινί
538 2726 573 2733 —-
586 2710 732 2745 διελέγετο
746 2718 800 2739 om.
817 2711 846 2737 Β.
885 2710 908 2726 ⁸⁸
920 2709 940 2736 Β
952 2709 987 2735 ἐν
1000 2711 1126 2742 τούτοις.

962 2801 997 2808 ..-

1164 2709 1186 2725 ⁸³
1202 2709 1225 2735 Α
1241 2709 1321 2736 ὄντα.
1360 2709 1383 2724 δ’
1395 2709 1485 2742 Corn,
1499 2710 1521 2737 Δ
1539 2710 1559 2737 Β
1575 2709 1720 2736 τοιοῦτον.
