2048 3153
273 228 367 256 multis
383 231 410 255 et
422 226 531 262 quidem
556 226 639 254 variis
659 233 774 262 prorsus
798 225 888 254 modis
901 226 1049 262 loquendo,
1065 232 1088 261 Α

274 274 413 301 interitum
436 273 550 304 scilicet,
573 271 683 300 inventa
707 272 857 307 mortisque
877 271 1049 307 despectum.

272 319 328 347 Nec
348 326 403 346 non
433 317 577 345 daemonia
602 318 718 352 eiecisse
736 318 874 347 ferebatur
899 318 1050 346 secundum

272 364 339 391 illud
359 364 386 390 in
404 363 558 398 Evangeliis
575 372 582 391 :
597 362 680 398 Signa
697 362 798 391 facient
811 367 838 390 et
860 363 994 398 prodigia,
1009 367 1050 396 ut,

272 410 297 437 si
316 409 373 436 ﬁeri
396 409 492 443 possit,
519 409 600 436 etiam
624 409 704 437 electi
731 409 909 437 seducantur.
935 408 1051 436 Multum

271 454 344 481 enim
361 453 498 488 principes
523 453 685 480 daemonum
708 454 736 480 in
760 454 812 480 hoc
838 460 936 488 genere
959 453 1052 479 valent

271 499 306 526 ad
334 499 377 526 illa
407 498 536 525 nimirum
576 499 635 534 ipsa
673 499 824 531 abolenda;
848 506 913 526 nam
935 498 1052 526 libenter

270 545 447 572 consentiunt
467 545 495 572 in
521 545 661 572 interitum
685 545 849 573 animarum.
877 544 943 572 Loci
967 545 1051 580 igitur

270 592 417 627 episcopus
434 600 496 620 cum
510 593 585 620 clero
601 600 651 620 suo
663 592 753 620 virum
770 593 816 620 Dei
833 591 981 620 Macarium
1001 593 1052 620 ab-

270 637 360 665 batem
375 638 454 670 adiit,
468 645 523 674 quo
534 645 642 666 summa
655 646 718 665 cum
735 639 886 666 reverentia
909 639 1029 666 salutato
1043 648 1050 666 :

272 682 302 710 Si
321 684 371 715 vis,
391 684 490 718 inquit,
505 684 568 712 veni
582 683 718 718 nobisque
742 691 885 711 succurre.
900 683 967 711 Nam
988 683 1012 711 si
1027 688 1053 712 te

271 729 420 764 superstite
430 729 598 756 vicinitatem
612 733 735 756 nostram
749 737 802 756 non
817 737 976 765 purgamus,
993 738 1054 758 om-

270 781 320 802 nes
341 774 380 801 illi
399 774 599 805 adhaerebunt,
624 781 652 801 et
676 774 804 802 facillime
825 774 881 807 ﬁet,
906 781 935 802 ut
960 777 1052 811 plures

271 819 365 850 etiam,
378 826 458 853 quam
475 819 628 854 hucusque,
640 821 727 847 errori
743 820 859 854 subjecti
871 821 1051 849 seducantur.

272 865 323 892 Cui
345 865 391 892 ille
413 866 559 900 respondet
573 875 579 892 :
594 865 663 893 Ecce
680 874 730 901 ego
748 866 871 901 plebejus
892 867 974 894 homo
986 867 1052 902 quid

272 911 297 938 ei
320 911 438 938 faciam?
453 911 605 946 Episcopus
625 916 717 939 autem
742 912 863 947 perstitit
880 914 1053 940 venerabun-
1069 911 1089 938 Β

271 959 324 987 dus
349 963 375 987 et
391 969 397 986 :
416 960 465 992 Ita,
482 960 579 995 inquit,
597 960 715 993 conﬁdo,
737 961 761 988 si
783 964 812 987 tu
833 961 952 992 veneris.
969 961 1054 989 Deum

272 1005 481 1040 paciﬁcaturum
504 1006 650 1033 ecclesiam
677 1013 774 1038 suam;
801 1013 884 1041 saepe
895 1006 966 1033 enim
989 1007 1055 1033 mihi

272 1059 480 1086 proposueram,
500 1051 534 1078 ad
556 1055 583 1078 te
600 1051 746 1086 proﬁcisci,
769 1052 816 1079 sed
840 1052 980 1086 prohibuit
999 1053 1056 1079 cle-

272 1104 332 1129 rus,
349 1105 383 1124 ne
401 1097 545 1124 mundanis
567 1097 725 1125 hominibus
749 1097 852 1125 derisui
875 1098 978 1126 ﬁerem.
995 1097 1055 1126 Jam

272 1151 340 1171 vero
362 1151 417 1170 non
438 1144 556 1178 amplius
579 1143 669 1170 ferens
685 1143 778 1178 populi
803 1144 1007 1178 corruptionem
1029 1147 1056 1171 et

272 1189 354 1216 etiam
380 1188 437 1221 Dei.
462 1189 508 1223 qui
528 1189 585 1214 ait:
600 1187 765 1222 Sanguinem
782 1188 869 1223 ipsius
886 1196 1017 1223 quaeram
1040 1196 1055 1216 e

272 1241 355 1261 manu
370 1238 471 1265 vestra,
486 1234 690 1261 accusationem
706 1234 807 1261 timens
825 1239 852 1260 te
871 1234 937 1266 adii,
954 1234 1056 1262 missus

272 1285 288 1305 ι
305 1278 369 1305 Deo.
386 1278 455 1305 Tum
474 1278 519 1306 ille
533 1279 663 1311 surrexit,
683 1286 802 1313 eumque
826 1279 860 1306 ad
884 1280 1056 1307 seductorem

272 1329 385 1352 secutus
411 1329 464 1351 est.
487 1325 573 1357 Quem
600 1325 644 1352 ubi
663 1323 740 1356 vidit,
765 1325 894 1359 episcopo
911 1335 917 1352 :
932 1324 993 1358 Hic,
1015 1325 1057 1352 in-

274 1369 346 1404 quit,
365 1370 490 1404 spiritum
516 1370 666 1404 principem
685 1370 778 1402 habet,
800 1378 917 1405 eumque
931 1371 1057 1405 ejiciendi

273 1423 364 1442 meum
381 1422 450 1449 opus
467 1423 520 1441 non
536 1423 597 1442 esse
608 1415 696 1447 scito;
715 1423 777 1442 nam
798 1421 893 1443 contra
908 1416 958 1443 hos
975 1417 1056 1451 spiri-

274 1465 319 1487 tus
345 1461 469 1487 noudum
491 1461 602 1486 omnino
629 1460 742 1487 certavi.
770 1459 829 1487 Duo
848 1461 921 1487 enim
945 1461 1057 1495 agmina

273 1505 436 1532 daemonum
458 1513 519 1533 esse
545 1505 633 1533 sancti
658 1506 745 1541 ajunt,
770 1514 855 1533 unum
878 1513 985 1539 eorum,
1010 1507 1056 1541 qui

273 1550 403 1578 lliidines
425 1551 532 1584 c0rpori
553 1550 711 1583 infundunt,
735 1552 850 1578 alterum
878 1558 984 1584 eorum,
1007 1551 1055 1586 qui

273 1596 430 1631 spirituales
447 1596 563 1623 aderunt
576 1604 694 1624 errores.
714 1596 792 1628 Quod
809 1597 918 1631 quidem
940 1597 1055 1624 alterum

273 1649 360 1677 genus
372 1641 481 1669 diﬁicile
496 1647 537 1668 est
552 1641 586 1668 ad
608 1641 801 1676 subigendum.
820 1638 873 1669 Eos
890 1642 963 1669 enim
985 1646 1059 1670 sata-

275 1695 325 1716 nas
341 1688 462 1715 immittit
482 1688 568 1722 magis
590 1693 617 1715 et
639 1688 830 1715 seductoribus
854 1693 882 1715 et
906 1688 1059 1715 haeresiar-

275 1732 334 1758 ehis
356 1736 382 1757 et
405 1732 535 1758 veneﬁcis
557 1735 583 1758 et
610 1731 633 1758 si
657 1732 706 1766 qui
730 1732 776 1759 alii
801 1732 828 1758 id
845 1732 955 1766 generis
983 1737 1057 1760 sunt.

274 1776 310 1803 At
323 1777 468 1811 episcopus
484 1786 490 1804 :
504 1777 574 1809 Quid
593 1785 671 1812 ergo,
697 1777 800 1812 inquit,
829 1777 982 1805 faciemus?
1005 1777 1058 1805 Re-

275 1822 390 1856 spondet
402 1829 485 1848 scnex
503 1831 508 1848 :
524 1822 654 1849 Precibus
668 1830 736 1856 opus
749 1826 807 1854 est;
822 1830 884 1849 nam
897 1830 988 1850 sermo
1003 1831 1058 1850 non

276 1867 392 1902 proﬁcit.
414 1867 515 1894 Jubent
531 1868 613 1903 igitur
623 1867 703 1902 275
714 1868 861 1902 procedere
874 1868 1057 1900 seductorem.

1070 1579 1091 1608 C

276 1914 355 1948 isque
368 1914 401 1940 ad
423 1921 471 1941 eos
485 1921 614 1948 egressus
631 1919 682 1940 est.
702 1913 788 1947 Quem
805 1914 896 1941 statim
911 1914 1058 1949 episcopus

276 1959 367 1994 lingua
387 1959 500 1987 adortus
515 1970 521 1987 ;
537 1959 601 1991 Cur,
623 1960 726 1994 inquit,
742 1964 816 1987 tanto
830 1961 959 1995 temporis
970 1961 1058 1995 spatio

276 2005 418 2032 nobiscum
441 2013 494 2032 non
519 2005 747 2033 communicasti?
765 2005 816 2032 Cui
831 2006 876 2032 ille
893 2004 992 2038 :Quia,
1017 2006 1058 2032 in.

276 2051 345 2085 quit,
368 2059 422 2078 non
443 2055 517 2078 recte
541 2052 660 2078 sentitis.
679 2051 748 2078 Tum
771 2057 882 2079 sanctus
899 2051 1056 2078 Macarius:

276 2095 353 2122 Tune
379 2095 471 2130 igitur.
491 2096 589 2130 inquit,
616 2100 689 2123 recte
715 2096 823 2123 sentis?
849 2095 920 2123 Sane
937 2096 1057 2131 quidem,

276 2141 321 2168 ille
337 2141 492 2175 respondet.
518 2141 672 2168 Macarius:
687 2140 756 2173 Quid
779 2149 842 2168 vero
857 2145 909 2172 est,
933 2142 1005 2176 quod
1029 2146 1058 2168 tu

276 2186 380 2213 sentis?
401 2187 447 2213 Ille
462 2195 468 2212 :
482 2186 550 2213 Num
567 2191 639 2214 recte
663 2187 795 2219 creditur,
817 2194 926 2215 carnem
948 2191 975 2214 et
995 2195 1057 2214 ossa

659 167 710 198 SS.
727 167 956 196 MACARIORUM
973 167 1133 197 AEGYPTII
1152 167 1197 195 ET
1216 166 1454 195 ALEXANDRINI

1836 167 1891 195 21!

1101 227 1149 254 καὶ
1174 226 1296 261 εὑρέσεις
1321 226 1367 252 καὶ
1389 225 1525 257 ἀποϐολὰς
1550 224 1666 252 θανάτου
1696 225 1726 252 ἐν
1751 224 1890 261 διαφόροις

1103 272 1225 308 τρόποις.
1243 271 1311 299 ἀλλὰ
1321 272 1369 298 καὶ
1384 271 1522 306 δαιμόνια,
1533 271 1625 307 φησίν,
1639 270 1750 303 ἐξέϐαλε
1769 271 1840 298 κατὰ
1860 271 1890 298 τὺ

1104 319 1133 345 ἐν
1147 318 1323 352 Εὑαγγελίοις
1339 317 1495 353 εἰρημένον,
1515 317 1556 344 ὅτι
1580 316 1695 343 δώσουσι
1718 317 1819 352 σημεῖα
1844 318 1892 344 καὶ

1103 364 1215 399 τέρατα,
1228 363 1298 390 ὥστε
1308 364 1332 389 ει
1340 362 1449 390 δυνατὸν
1457 362 1592 398 πλανῆσαι
1604 362 1651 389 καὶ
1663 362 1725 393 τοὺς
1735 361 1890 393 ἐκλεκτούς·

1106 410 1209 444 σφόδρα
1218 409 1272 444 γὰρ
1282 409 1317 436 τὰ
1329 409 1478 444 ἀρχοντικὰ
1484 408 1608 443 δαιμόνια
1619 408 1683 443 περὶ
1692 407 1779 434 ταῦτα
1793 407 1890 442 ἰσχύει,

1104 456 1134 482 τὸ
1143 455 1213 482 αὐτὰ
1223 455 1314 482 ἐκεῖνα
1328 454 1409 489 δῆθεν
1421 455 1444 470 ⁷⁸
1458 454 1615 489 καταργεῖν.
1630 454 1700 479 πάνυ
1714 452 1768 488 γὰρ
1781 461 1893 488 συμφω-

1105 501 1196 528 νοῦσιν
1210 501 1256 527 ἐπὶ
1269 500 1406 528 ἀπώλειαν
1420 499 1524 535 ψυχῶν.
1539 500 1553 526 6
1567 497 1614 526 οὖν
1630 499 1675 525 τοῦ
1690 499 1773 525 τόπον
1785 498 1889 526 ἐκείνου

1105 547 1252 578 ἐπίσκοπος
1272 546 1340 582 μετὰ
1363 545 1410 573 τοῦ
1435 545 1536 582 κλήρου
1560 545 1739 581 παραγίνεται
1753 544 1822 580 πρὸς
1844 545 1891 571 τὸν

1106 592 1246 628 ἄνθρωπον
1267 592 1314 619 τοῦ
1329 591 1396 618 Θεοῦ
1416 591 1503 618 ασόἇν
1527 591 1678 626 Μακάρων,
1696 590 1778 624 ἀξιῶν
1798 590 1892 618 αὐτόν·

1105 638 1146 664 ὅτι
1161 637 1199 670 ὡς
1215 637 1302 669 θέλεις
1312 637 1373 664 ἐλθὲ
1389 637 1437 664 καὶ
1457 637 1589 672 βοήθησον
1609 637 1686 671 ἡμῖν.
1705 635 1752 662 ἐὰν
1773 634 1828 671 γὰρ
1853 636 1891 672 μὴ

1107 683 1157 712 σοῦ
1172 683 1272 715 ζῶντος
1285 683 1334 718 τὴν
1351 682 1486 717 γειτονίαν
1501 681 1579 717 ἡμῶν
1601 681 1776 716 καθάρωμεν,
1792 680 1892 712 πάντες

1106 729 1180 764 αὐτῷ
1195 729 1385 765 πρόσκεινται,
1401 728 1447 755 καὶ
1473 727 1593 763 εὐχερῶς
1619 726 1728 762 περὶτὰ
1744 726 1892 762 φαινόμενα

1106 775 1139 809 τῇ
1151 773 1238 808 πλάνῃ
1251 771 1583 807 ὺπαγόμενοιάπάγονται.
1595 771 1609 797 6
1619 770 1647 797 δὲ
1659 769 1726 805 πρὸς
1734 769 1816 797 αὑτὸν
1827 768 1889 804 ἔφη·

1106 821 1153 846 καὶ
1164 819 1218 846 ἰδοὺ
1233 818 1347 854 ἔρχομαι
1363 817 1468 852 ἰδιώτης
1479 817 1628 852 ἄνθρωπος,
1643 816 1669 843 τί
1682 815 1757 851 αὐτῷ
1770 816 1891 851 ποιήσως

1106 867 1120 892 6
1131 865 1160 892 δέ
1176 865 1324 896 ἐπίσκοπος
1344 864 1474 899 ἐπέμενεν
1491 862 1573 895 ἀξιῶν
1583 861 1630 889 καὶ
1642 861 1738 895 λέγων,
1749 861 1790 888 ὅτι
1804 860 1891 892 οὕτως

1104 910 1234 944 πιστεύω,
1258 910 1310 943 ὅτι,
1335 909 1384 936 ἐὰν
1410 909 1501 944 ἔλθῃς,
1516 910 1531 935 ό
1556 908 1624 939 Θεὸς
1639 906 1826 942 εἰρηνεύσειΠ
1841 906 1890 943 τὴν

1105 956 1252 991 ἐκκλησίαν
1265 954 1358 982 αὐτοῦ.
1384 954 1513 985 πολλάκις
1538 953 1593 989 γὰρ
1617 952 1782 988 προθέμενος
1805 952 1892 979 ἐλθεῖν

1105 1001 1244 1037 ἐκωλύθην
1255 1000 1309 1027 ἀπὸ
1321 999 1367 1027 τοῦ
1383 999 1495 1035 κλήρου,
1508 999 1546 1030 ὡς
1566 997 1789 1033 καταγελώμενος
1804 997 1827 1013 ’⁸
1838 998 1892 1024 ἀπὸ

1105 1047 1158 1074 τῶν
1172 1046 1321 1082 κοσμικῶν.
1338 1046 1386 1073 νῦν
1397 1044 1444 1073 οὖν
1462 1046 1498 1082 μὴ
1512 1046 1602 1081 φέρων
1622 1045 1672 1080 τὴν
1687 1044 1825 1071 ἀπώλειαν
1843 1043 1891 1070 τοῦ

1107 1092 1182 1125 λαοῦ,
1198 1092 1285 1124 ἄλλως
1296 1092 1324 1119 δὲ
1343 1092 1390 1119 καὶ
1408 1092 1438 1118 τὺ
1448 1091 1572 1126 ἔγκλημα
1584 1091 1630 1117 τοῦ
1640 1090 1706 1117 Θεοῦ
1721 1089 1889 1125 φοὸοὑμενος

1105 1137 1227 1172 λέγοντος
1239 1146 1246 1153 ·
1261 1138 1302 1164 ὅτι
1315 1137 1346 1164 τὸ
1356 1135 1426 1172 αἷμα
1446 1136 1528 1164 αὑτοῦ
1545 1137 1687 1172 ἐκζητήσω
1705 1137 1745 1164 ἐκ·
1760 1135 1812 1170 τῆς
1834 1143 1892 1170 χει-

1107 1183 1152 1219 ρὸς
1166 1183 1252 1218 ὑμῶν,
1267 1181 1349 1219 ἦλθον
1363 1184 1430 1219 πρὸς
1441 1184 1470 1209 σὲ
1492 1182 1650 1218 πέμψαντός
1669 1189 1703 1216 με
1722 1179 1770 1208 τοῦ
1780 1180 1861 1208 Θεοῦ.
1876 1180 1892 1207 ὁ

1104 1228 1134 1255 δέ
1149 1228 1267 1259 ἀναστὰς
1279 1228 1444 1263 ἠκολούθησε
1457 1227 1540 1262 αὐτῷ.
1555 1227 1602 1254 καὶ
1616 1226 1738 1262 ἔρχονται
1755 1225 1806 1256 ἕως
1819 1225 1892 1251 ἐκεί-

1106 1282 1151 1300 νου
1163 1274 1210 1300 τοῦ
1227 1274 1339 1300 πλάνου.
1354 1274 1401 1300 καὶ
1419 1274 1470 1310 ὁρᾷ
1481 1273 1560 1300 αὑτὸν
1573 1273 1620 1299 καὶ
1638 1272 1713 1306 λέγει
1727 1271 1766 1306 τῷ
1782 1271 1892 1298 ἐπισκό-

1106 1328 1150 1355 πῳ
1162 1327 1168 1335 ³
1193 1316 1269 1350 οὗτος
1294 1319 1402 1354 πνεῦμα
1420 1318 1475 1354 ἔχει
1492 1318 1662 1354 ἀρχοντικόν,
1683 1317 1731 1344 καὶ
1747 1317 1790 1343 ἴνα
1807 1315 1890 1349 οἶδας,

1104 1365 1145 1391 ὃτι
1169 1365 1235 1400 ἐμὸν
1256 1364 1335 1400 ἔργον
1355 1364 1434 1391 τοῦτο
1459 1364 1509 1390 οὐκ
1529 1363 1612 1390 ἐστιν.
1640 1362 1700 1389 οὑδέ
1720 1361 1773 1397 γὰρ
1787 1362 1810 1378 ἠ
1824 1361 1891 1397 πρὸς

1104 1411 1190 1437 ταῦτα
1199 1410 1233 1436 τὰ
1246 1410 1387 1445 πνεύματα
1400 1410 1468 1441 ὅλως
1483 1409 1627 1436 ἐπάλαισα.
1640 1408 1687 1435 δύο
1697 1407 1750 1443 γὰρ
1765 1407 1894 1442 τάγματα

1105 1455 1229 1489 λέγουσιν
1243 1455 1267 1481 οἱ
1283 1455 1355 1488 ἆγιοι
1369 1454 1514 1489 δαιμόνων,
1527 1454 1555 1480 ἓν
1574 1453 1604 1480 τὸ
1616 1453 1665 1485 τὰς
1677 1452 1773 1487 ἡδονὰς
1791 1451 1892 1487 ἐμϐάλ-

1108 1501 1154 1528 λον
1176 1501 1214 1536 τῷ
1235 1501 1358 1535 σώματι,
1377 1500 1423 1526 καὶ
1446 1499 1474 1525 ἒν
1487 1499 1516 1525 τὸ
1531 1498 1581 1530 τὰς
1603 1498 1719 1534 ψυχικὰς
1738 1497 1893 1533 ἐμπνοῦν⁸⁴

1107 1547 1220 1578 πλάνας,
1234 1546 1247 1572 ὃ
1260 1546 1305 1572 καὶ
1319 1545 1420 1580 σφόδρα
1441 1545 1498 1571 ἐστὶ
1510 1545 1720 1570 δυσυπότακτον.
1743 1543 1829 1570 ταῦτα
1837 1543 1892 1580 γὰρ

1108 1593 1231 1628 ἀφορίζει
1244 1593 1258 1619 6
1271 1592 1387 1624 σατανᾶς
1402 1593 1456 1622 τοῖς
1466 1591 1547 1625 γόησι
1561 1590 1608 1617 καὶ
1622 1590 1734 1621 πλάνοις
1746 1589 1794 1616 καὶ
1813 1590 1892 1625 αἱρε-

1111 1639 1234 1674 σιάρχαις
1245 1638 1291 1664 καὶ
1302 1637 1547 1672 φαρμακομάντεσι
1559 1636 1593 1669 ⁸⁸,
1607 1636 1654 1662 καὶ
1666 1635 1694 1661 εῐ
1701 1644 1754 1662 τινι
1766 1635 1890 1671 τοιούτῳ.

1108 1684 1181 1718 λέγει
1193 1685 1207 1710 6
1219 1684 1366 1715 ἐπίσκοπος
1375 1692 1382 1699 ι
1399 1683 1425 1709 τί
1435 1681 1481 1709 οὖν
1494 1683 1660 1717 ποιήσομεν;
1674 1681 1749 1716 λέγει
1762 1682 1776 1708 ό
1785 1681 1889 1717 γέρων

1109 1730 1194 1765 εὐχῶν
1211 1729 1290 1765 χρεία
1301 1737 1307 1744 ·
1327 1729 1404 1762 λόγος
1420 1729 1473 1764 γὰρ
1489 1729 1538 1754 οὐκ
1557 1728 1654 1763 ἰσχύει,
1674 1727 1831 1754 κελεύουσιν
1843 1724 1891 1754 οὗν

1109 1775 1224 1808 ἐξελθεῖν
1237 1784 1243 1790 ·
1265 1776 1279 1801 6
1299 1775 1327 1801 δὲ
1347 1775 1485 1810 ἐξέρχεται
1515 1774 1582 1808 πρὸς
1605 1773 1712 1805 αὐτούς.
1739 1774 1785 1799 καὶ
1803 1781 1892 1808 παρα-

1109 1821 1205 1857 χρῆμα
1221 1821 1327 1855 δέχεται
1344 1820 1424 1846 αὐτὸν
1439 1819 1454 1845 6
1468 1820 1616 1851 ἐπίσκοπος
1629 1819 1746 1855 χείλεσιν
1757 1820 1804 1846 καὶ
1817 1819 1891 1854 λέγει

1109 1867 1177 1902 πρὸς
1194 1867 1217 1882 ⁸³
1234 1866 1327 1892 αὐτόν·
1349 1865 1407 1896 πῶς
1427 1864 1552 1892 τοσοῦτον
1568 1865 1663 1900 χρόνον
1686 1865 1716 1892 οὐ
1735 1865 1891 1901 παρέλαϐες

1109 1914 1173 1948 ἡμῖν
1189 1912 1229 1946 ⁸³;
1250 1913 1264 1938 6
1282 1912 1311 1938 δὲ
1330 1910 1419 1938 εἶπεν
1440 1912 1481 1938 ὅτι
1503 1912 1533 1938 οὐ
1553 1913 1676 1946 φρονεῖτε
1696 1911 1793 1948 ὀρθῶς.
1811 1911 1887 1947 λέγει

1108 1959 1180 1994 αὑτῷ
1201 1960 1215 1985 6
1231 1959 1307 1992 ἅγιος
1329 1958 1487 1993 Μακάριος’
1507 1957 1538 1983 σὺ
1555 1954 1601 1983 οὖν
1618 1957 1709 1989 καλῶς
1724 1959 1852 1992 φρονεϊςς
1874 1959 1890 1984 6

1108 2004 1151 2031 δέ·
1170 2004 1216 2030 καὶ
1240 2004 1325 2034 πάνυ,
1350 2002 1425 2037 φησί.
1446 2002 1472 2028 τί
1494 2001 1522 2028 δέ
1545 2003 1621 2035 ἐστι,
1645 2002 1736 2038 φησίν,
1753 2002 1768 2029 6
1791 2003 1890 2038 ὑμεῖς;

1108 2049 1259 2085 Φρονοῦμεν
1268 2048 1365 2083 ὀρθῶς,
1376 2048 1417 2074 ὅτι
1428 2048 1517 2082 σάρκα
1527 2048 1574 2074 καὶ
1586 2048 1654 2074 ὀστᾶ
1663 2048 1838 2082 ἀνειληφέναι
1849 2048 1890 2083 ’δς

1108 2094 1190 2128 Λέγει
1206 2095 1219 2120 6
1234 2094 1309 2127 ἆγιος
1328 2093 1469 2128 Μακάριος
1481 2100 1488 2107 ·
1505 2094 1529 2119 εἰ
1553 2094 1602 2128 μὲν
1624 2094 1670 2128 ἀφ’
1688 2094 1791 2121 ἑαυτῶν
1806 2094 1891 2128 λέγω·

1110 2149 1169 2174 μεν,
1186 2139 1290 2171 καλῶς·
1312 2140 1335 2165 εί
1351 2139 1379 2165 δὲ
1394 2139 1506 2174 ἀλήθεια
1524 2139 1610 2171 οὕτως
1629 2139 1757 2175 ἠθέλησε,
1775 2140 1806 2166 σὺ
1819 2140 1846 2167 τί
1856 2139 1891 2167 ἂν

1107 2186 1196 2219 λέγεις
1207 2193 1214 2218 ;
1225 2185 1268 2211 ἵνα
1279 2184 1306 2211 δέ
1321 2185 1356 2220 μὴ
1369 2184 1481 2216 πολλοὺς
1492 2184 1675 2219 ἀναλώσωμεν
1689 2185 1795 2220 λόγους,
1809 2186 1891 2220 λέγω·

277 2231 427 2259 suscitari?
444 2231 563 2258 Sanctus
584 2232 733 2266 respondet
748 2241 756 2260 :
772 2232 801 2259 Si
823 2240 856 2259 ex
873 2233 953 2260 nobis
968 2233 1057 2267 loqui-

1111 2232 1160 2268 μέν
1179 2240 1230 2262 σοι,
1243 2231 1281 2262 ὼς
1296 2231 1458 2266 φρονοῦμεν,
1475 2230 1555 2257 καὶεί
1571 2231 1620 2265 μὲν
1633 2230 1780 2267 πεισθείης,
1799 2230 1892 2263 καλῶς

276 2285 350 2310 mur,
371 2278 440 2304 bene
462 2277 591 2312 loqueris.
619 2277 669 2304 Sin
692 2277 794 2305 veritas
820 2278 848 2305 id
874 2279 971 2310 voluit,
991 2278 1055 2314 quid

276 2323 432 2357 obloqueris
443 2323 454 2349 ’ί
466 2322 518 2350 Sed
540 2331 575 2350 ne
590 2323 675 2350 multa
693 2323 775 2350 verba
796 2323 951 2358 perdamus,
968 2323 1057 2350 dicam

276 2369 337 2400 tibi,
351 2368 419 2403 quid
442 2369 609 2402 sentiamus;
633 2369 731 2404 quibus
755 2369 778 2396 si
798 2369 968 2402 assentieris,
989 2369 1057 2396 bene

276 2413 371 2447 facies.
396 2415 437 2442 sin
463 2414 563 2446 minus,
593 2414 648 2442 Deo
668 2422 817 2450 repugnas,
833 2414 914 2448 cujus
930 2414 1056 2449 dogmata

279 2460 396 2494 spernis.
427 2460 461 2486 At
485 2460 528 2486 ille
544 2470 550 2487 :
564 2459 630 2495 Ego,
654 2460 753 2495 inquit,
781 2461 854 2494 prior
870 2459 947 2487 ﬁdem
970 2467 1056 2486 meam

277 2513 422 2540 exponant.
439 2505 507 2533 Tum
529 2506 663 2534 Macarius
680 2516 686 2533 :
700 2506 795 2537 Prava.
815 2507 861 2539 ait,
879 2506 944 2533 ﬁdes
960 2514 994 2533 ne
1009 2514 1058 2533 no-

277 2552 406 2582 minetur,
422 2551 468 2579 sed
487 2552 611 2579 dicamus
632 2552 794 2579 catholicam
810 2552 943 2579 ecclesiae
965 2552 1055 2579 ﬁdem.

277 2596 312 2623 Et
325 2598 415 2624 statim
438 2598 526 2624 innuit
547 2598 686 2633 episcopo,
705 2603 735 2625 ut
746 2605 804 2625 eam
824 2598 991 2632 proﬁteatur.
1005 2597 1057 2629 Qui

277 2643 472 2671 circumstante
495 2645 594 2679 populo
617 2645 714 2679 incipit
734 2644 812 2671 ﬁdem
840 2645 876 2671 ita
900 2651 1056 2678 exponere:

277 2689 363 2717 Credo
374 2690 400 2716 in
418 2698 501 2717 unum
517 2690 611 2724 Deum,
631 2695 735 2726 patrem
749 2691 973 2726 omnipotentem,
985 2693 1014 2717 et
1026 2689 1054 2716 in

1109 2278 1205 2309 ποιεῖς,
1217 2278 1242 2303 εἰ
1258 2276 1286 2302 δὲ
1303 2277 1352 2311 μή,
1364 2276 1430 2310 πρὸς
1446 2275 1490 2302 τὸν
1505 2275 1570 2302 Θεὸν
1581 2275 1667 2311 ἔχεις,
1683 2273 1714 2303 οὗ
1724 2276 1759 2303 τὰ
1769 2276 1892 2312 δόγματα

1109 2323 1223 2355 ἀθετεῖς.
1239 2324 1254 2349 6
1263 2323 1290 2349 δὲ
1301 2323 1351 2357 ἔφη
1362 2331 1368 2338 ε
1382 2322 1437 2356 ἐγὼ
1454 2322 1561 2358 πρῶτος
1575 2322 1647 2356 λέγω
1660 2331 1710 2358 μου
1720 2322 1768 2358 τὴν
1784 2323 1889 2350 πίστιν.

1109 2367 1167 2396 εἶτα
1181 2369 1253 2403 λέγει
1263 2370 1277 2395 ὁ
1290 2368 1366 2402 ἅγιος
1376 2375 1382 2383 '
1396 2368 1467 2402 κακὴ
1483 2368 1572 2399 πίστις
1583 2368 1606 2383 ³⁵
1622 2367 1689 2403 μηδέ
1700 2368 1888 2403 ὀνομαζέσθω,

1108 2415 1177 2442 ἀλλὰ
1191 2415 1316 2448 λέγωμεν
1325 2414 1373 2448 τὴν
1390 2413 1536 2448 καθολικὴν
1550 2413 1599 2447 τῆς
1611 2412 1773 2447 Ἐκκλησίας
1788 2413 1889 2440 πίστιν.

1108 2461 1156 2488 καὶ
1171 2461 1244 2494 λέγει
1259 2460 1297 2494 τῷ
1311 2459 1451 2494 ἐπισκόπῳ
1464 2459 1561 2485 εἰπεῖν.
1575 2458 1692 2490 ἑστῶτος
1704 2456 1750 2485 οὖν
1763 2458 1810 2485 τοῦ
1825 2458 1891 2485 λαοῦ

1109 2507 1222 2542 ἄρχεται
1237 2504 1391 2532 ἐκτίθεσθαι
1410 2505 1459 2539 τὴν
1477 2504 1568 2531 πίστιν
1588 2503 1689 2536 οὕτως’
1710 2504 1830 2530 πιστεύω
1851 2504 1892 2536 είς

1110 2553 1158 2580 ἕνα
1173 2552 1240 2578 Θεὸν
1258 2550 1364 2585 πατέρα
1380 2550 1599 2585 παντοκράτορα,
1617 2550 1663 2576 καὶ
1675 2550 1716 2580 εἰς
1730 2549 1776 2576 τὸν
1792 2549 1890 2585 όμοού-

1109 2606 1165 2624 σιον
1181 2596 1263 2624 αὑτοῦ
1273 2595 1369 2628 Λόγον,
1384 2595 1417 2620 δι’
1434 2591 1465 2621 οὗ
1481 2594 1592 2629 ἐποίησε
1602 2595 1664 2625 τοὺς
1680 2594 1703 2610 ⁸⁸
1722 2593 1835 2626 αἰῶνας.
1845 2593 1892 2620 τὸν

1110 2643 1156 2669 ἐπὶ
1170 2641 1310 2675 συντελείᾳ
1319 2640 1373 2666 τῶν
1386 2640 1491 2666 αἰώνων
1502 2641 1542 2671 εἰς
1552 2639 1680 2674 ἀθέτησιν
1691 2639 1741 2674 τῆς
1756 2639 1892 2675 ἁμαρτίας

1109 2688 1318 2724 ἐπιδημήσαντα
1338 2687 1367 2713 ἐν
1383 2686 1480 2721 σαρκί,
1493 2686 1526 2720 ἦν
1543 2686 1575 2712 ἐκ
1597 2686 1646 2721 τῆς
1662 2685 1742 2719 ἁγίας
1757 2685 1890 2720 παρθένου

895 2747 1022 2774 VARIAE
1042 2745 1241 2774 LECTIONES.

313 2806 337 2822 ⁷⁸
354 2806 423 2834 llaec
439 2815 489 2834 vox
516 2808 542 2834 in
573 2808 667 2836 codice
685 2812 728 2836 est
753 2807 913 2843 diﬁicillima
932 2808 965 2835 ad
990 2807 1143 2843 legendum.
1180 2806 1203 2822 "
1217 2804 1382 2843 Co_rr.._cod.
1403 2804 1585 2843 eimyoﬁam.
1605 2804 1646 2843 _"
1667 2804 1704 2830 Ex
1730 2805 1815 2843 con}.
1829 2804 1890 2843 ερα-

279 2842 544 2878 καταγ-γελόμενος.
582 2844 604 2859 ⁷⁵
620 2843 709 2874 εἶσι-ι’..
726 2843 788 2870 cod.
811 2843 871 2869 οὐδὲ
885 2842 918 2868 δὲ
931 2846 994 2878 γάρ.

280 2885 355 2913 ccci.
371 2911 378 2913 _
393 2877 415 2892 ⁸¹
431 2877 505 2913 ςτρὸς
521 2886 574 2906 om.
594 2878 668 2913 cod.,
686 2878 776 2906 addidi
795 2886 827 2906 ex
852 2879 924 2906 coni.
962 2877 984 2894 "
1002 2877 1047 2905 Sic
1069 2877 1128 2905 cod.

282 2911 306 2927 "
323 2911 389 2940 Gud.
406 2910 468 2944 τάς.

1034 2843 1056 2858 ³ο
1073 2843 1163 2874 Corn,
1178 2841 1239 2868 cod.
1256 2839 1381 2874 ἐμπῖοῦν.
1424 2839 1445 2854 ⁸¹
1460 2838 1550 2868 Corn.
1563 2839 1622 2866 cod.
1639 2839 1803 2874 φαρμακοῖς
1816 2839 1893 2874 μάν-

1176 2877 1198 2893 ⁸δ
1214 2873 1305 2907 (ἔοι-1.,
1325 2874 1386 2902 cod.
1408 2874 1606 2908 ἀγελειφέναι.
1644 2873 1666 2889 ⁸⁸
1687 2873 1755 2902 Cod.
1771 2875 1892 2908 πίστης.
