2061 3150
155 163 210 193 215

905 170 994 199 ACTA
1000 190 1008 198 .

1716 173 1770 201 ειι

155 218 276 265 Μαρίας
289 218 379 254 ἑαυτῷ
402 220 582 256 ὑπεστήσατο,
608 223 654 249 τὸν
679 225 867 260 σταυρωθέντα
893 228 940 254 καὶ

992 227 1172 255 coessentiale
1184 227 1245 262 ejus
1253 226 1383 261 Verbum,
1394 236 1442 264 per
1457 228 1529 264 quod
1539 236 1604 256 aeva
1614 228 1687 262 fecit,
1696 230 1770 265 quod

156 263 328 292 ἀποθανόντα
346 265 393 292 καὶ
414 266 534 300 ταφέντα
558 267 605 294 καὶ
629 268 785 298 ἀναστάντα
810 272 843 307 τῇ
859 273 940 310 τρίτῃ

157 310 270 346 ἡμέρᾳ,
290 310 337 337 καὶ
359 311 542 347 καθεζόμενον
561 313 591 340 ὲν
611 313 686 350 δεξιᾷ
701 315 748 342 τοῦ
764 318 878 353 πατρός,
893 319 941 344 καὶ

158 356 242 384 πάλιν
257 357 402 393 ἐρχόμενον
416 359 445 384 ὲν
464 358 504 394 τῷ
523 359 644 395 μέλλοντι
661 362 749 395 αἰῶνι,
763 365 854 398 κρῖναι
871 364 941 397 ζῶν-

158 411 210 435 τας
230 403 277 430 καὶ
295 404 419 439 νεκρούς.
438 405 487 431 καὶ
503 406 544 437 είς
560 406 591 433 τὸ
608 407 722 442 Πνεῦμα
745 409 776 436 τὸ
792 409 887 444 ἀγιον,
910 411 941 438 τὸ

159 448 298 484 ὁμοοῦσιον
303 449 341 485 τῷ
351 450 440 486 Πατρὶ
445 450 492 478 καὶ
497 451 536 487 τῷ
542 452 621 488 Λόγῳ
627 453 718 481 αὑτοῦ.
728 456 896 493 πιστεύωμεν
912 456 941 483 δὲ

158 495 206 522 καὶ
216 496 256 527 εἰς
269 495 417 523 ἀνάστασιν
430 496 520 533 ψυχῆς
534 499 582 525 καὶ
590 499 724 536 σώματος,
735 502 825 534 καθὼς
839 502 913 537 λέγει
927 504 941 530 ό

158 540 306 573 ἀπόστολος
315 549 322 556 ·
338 542 480 578 σπείρεται
490 543 570 579 σῶμα
579 545 703 580 ψυχικόν,
716 547 850 583 ἐγείρεται
862 548 943 584 σῶμα

157 587 352 621 πνευματικόν.
376 588 424 614 καὶ
437 588 518 616 πάλιν
528 596 536 604 '
549 590 591 616 δεῖ
611 591 665 627 γὰρ
685 592 716 619 τὸ
728 593 849 629 φθαρτὸν
862 595 942 621 τοῦτο

156 630 320 658 ἐνδύσασθαι
332 633 496 668 ἀφθαρσίαν.
514 634 594 670 ὁρᾷς.
611 636 670 668 πῶς
685 637 759 672 λέγει
775 637 870 673 τοῦτο;
885 640 899 666 ό
912 639 941 666 δὲ

157 676 225 712 πρὸς
236 677 318 705 αὑτὸν
333 678 467 714 ἀπεκρίθη
477 687 486 695 ⁸
497 680 559 715 ἐμοὶ
573 681 596 697 ⁸⁷
612 682 662 717 τὴν
674 682 707 709 ἐκ
719 682 804 718 λόγων
817 685 907 711 πίστιν
918 686 942 701 ⁸³

160 721 198 757 μὴ
212 722 351 758 πρόσφερε
360 742 369 754 ,
384 723 442 751 ἀλλ’
455 725 617 761 ἀπέλθωμεν
630 728 671 760 εἰς
686 728 721 755 τὰ
733 730 853 765 μνημεῖα
863 750 871 763 ,
895 731 942 758 καὶ

159 765 209 793 ενα
220 766 276 793 τῶν
288 767 347 794 ὲκεϊ
361 768 492 804 κειμένων
511 771 662 807 ἀνάστησόν
682 781 737 808 μοι,
756 774 802 801 καὶ
816 772 885 809 οἶδα,
899 776 941 802 ὅτι

160 810 252 843 καλῶς
269 814 392 848 φρονεῖτε
403 821 410 829 ·
427 814 488 841 ἐπεὶ
504 815 559 849 ὲγὼ
579 816 667 852 ψυχὴν
682 819 766 853 χωρὶς
779 819 802 835 ³³
816 819 941 855 σώματος

160 855 230 889 ἄγω.
252 858 382 893 στραφεὶς
395 858 423 885 δὲ
442 860 456 885 ό
472 860 550 895 ἀγιος
565 862 707 899 Μακάριος
728 865 802 900 λέγει
826 867 865 902 τῷ
879 867 941 894 ὲπι-

992 273 1019 300 in
1038 273 1274 302 consnmmatione
1293 277 1445 310 temporum
1464 275 1492 303 in
1515 275 1689 303 abolitionem
1708 283 1771 310 pec-

994 319 1050 346 cati
1064 319 1193 354 apparuit
1215 319 1243 346 in
1262 326 1355 352 carne,
1370 327 1451 353 quam
1470 327 1486 348 e
1504 324 1599 348 sancta
1615 320 1700 348 Maria
1713 321 1770 348 vir-

990 365 1054 400 gine
1069 368 1239 400 susceperat,
1253 365 1327 400 quod
1342 365 1515 398 cruciﬁxum,
1528 371 1666 394 mortuum
1684 371 1711 394 et
1725 374 1769 394 se—

989 409 1095 444 pultum
1119 414 1162 437 est
1183 416 1210 438 et
1233 411 1384 438 resurrexit
1403 411 1485 438 tertia
1507 411 1561 444 die,
1586 412 1716 447 sedetque
1736 411 1771 438 ad

990 455 1115 483 dextram
1128 455 1224 490 patris,
1239 463 1271 484 ac
1283 456 1372 484 denuo
1389 460 1533 484 venturum
1545 461 1588 485 est
1601 458 1629 485 in
1648 463 1771 492 tempore

990 500 1094 534 futuro,
1116 502 1240 537 judicare
1252 503 1328 531 vivos
1341 507 1368 530 et
1389 507 1531 536 mortuos;
1553 508 1580 531 et
1598 504 1624 531 in
1639 503 1771 539 Spiritum

991 551 1130 581 sanctum,
1142 548 1216 576 Patri
1225 548 1340 584 ejusque
1347 549 1436 577 Verbo
1449 550 1674 582 coessentialem;
1688 549 1772 577 credo

990 593 1019 620 in
1046 595 1276 622 resurrectionem
1304 602 1414 630 quoque
1441 595 1550 623 animae
1573 599 1601 622 et
1623 595 1770 630 corporis,

991 641 1063 668 sicut
1088 641 1228 676 apostolus
1253 641 1311 668 ait:
1330 641 1489 669 Seminatur
1509 649 1610 676 corpus
1635 642 1770 672 naturale,

991 687 1141 714 suscitatur
1164 694 1265 722 corpus
1294 687 1453 723 spirituale;
1470 691 1498 715 et
1519 695 1617 715 rursus
1637 686 1773 722 :Oportet

990 733 1063 760 enim
1079 733 1258 767 corruptibile
1277 733 1329 760 hoc
1344 733 1457 760 induere
1471 731 1770 766 incorruptibilitatem.

990 777 1058 805 Post
1074 777 1141 805 haec
1150 777 1285 806 Macarius
1301 777 1456 805 haeretieo:
1474 776 1567 809 Vides,
1587 777 1688 811 inquit,
1703 775 1771 810 quid

991 822 1072 850 dicat.
1101 822 1126 850 ls
1155 830 1220 850 vero
1246 821 1487 858 respondet:lllihi
1511 821 1620 857 quidem
1642 829 1658 848 e
1681 821 1772 848 verbis

992 866 1047 893 noli
1073 866 1153 894 ﬁdem
1177 866 1286 899 ali‘crre,
1310 867 1358 894 sed
1387 874 1482 894 eamus
1503 867 1536 893 ad
1564 866 1711 901 sepulchra
1728 865 1772 893 :si

162 901 255 937 σκόπῳ
267 910 275 918 ·
289 903 360 938 μέγα
373 905 466 939 κακόν,
479 907 520 933 ὅτι
537 908 709 944 πειράζωμεν
724 911 769 937 τὸν
786 901 861 945 Θεόν,
878 913 936 940 ἀλλ’

993 918 1076 938 unum
1087 918 1121 939 ex
1135 911 1172 939 ibi
1183 912 1338 946 jacentibus
1351 912 1537 944 suscitaveris,
1550 913 1634 939 sciam
1643 919 1692 939 vos
1702 911 1774 938 bene

159 947 220 974 οὐδὲ
229 948 283 982 ἔχω
294 950 462 985 παρρησίαν,
474 952 587 985 ἀξιῶσαι
603 954 649 981 τὸν
659 955 725 982 Θεὸν
734 956 768 983 δι’
780 957 828 985 ἕνα
840 958 938 994 δαιμο-

160 993 253 1020 νιακὸν
263 994 421 1029 τηλικοῦτον
434 999 545 1033 σημεῖον
554 999 690 1034 γενέσθαι.
709 1001 782 1036 λέγει
798 1003 813 1030 ὁ
828 993 939 1031 ἐπίσκο-

159 1040 320 1086 ποςιγούχί,
345 1042 442 1079 πάτερ,
469 1044 537 1073 ἀλλά
561 1045 595 1073 δι’
619 1047 765 1084 ὁλόκληρον
781 1052 936 1086 παροικίαν.

157 1084 218 1132 τότε
233 1085 396 1132 ἀπέρχονται
411 1088 462 1120 ἕως
480 1090 534 1118 τῶν
557 1093 715 1128 μνημάτων,
733 1095 780 1122 καὶ
800 1084 912 1132 ἄρχεται
925 1099 939 1125 ό

163 1129 312 1177 ’ίερακίτης
325 1132 514 1162 ἐπικαλεῖσθαι
529 1136 654 1171 δαίμονα.
670 1139 700 1165 ού
713 1139 767 1175 γὰρ
779 1140 809 1176 δή
889 1141 939 1177 ψυ-

157 1175 208 1211 χὴν
230 1176 347 1211 ἠδύνατο
363 1179 511 1214 ἀναγαγεῖν
532 1181 612 1218 ψιλὴν
635 1185 682 1210 καὶ
701 1175 818 1222 γυμνήν.
835 1187 881 1214 καὶ
896 1175 939 1220 ’ὡς

158 1222 232 1248 οὐδὲν
245 1223 365 1258 ἴσχυσεν,
381 1225 520 1253 ἀντέκειτο
530 1227 558 1254 δὲ
570 1229 645 1264 αὐτῷ
655 1230 764 1266 ἀληθῶς
778 1232 809 1258 τὸ
825 1233 939 1268 Πνεῦμα

158 1268 189 1294 τὸ
202 1268 288 1303 ἀγιον,
301 1270 375 1304 λέγει
388 1271 478 1304 αὐτοῖς
488 1281 495 1288 ο
510 1273 553 1300 διὰ
562 1274 612 1309 τὴν
623 1275 750 1303 ἀπιστίαν
762 1277 838 1312 ὑμῶν
849 1279 880 1305 ού
893 1279 939 1305 δύο

159 1322 242 1348 ναμαι
254 1315 366 1350 ἀνάγειν
386 1317 419 1344 '°.
433 1319 605 1354 παραχρῆμα
620 1319 648 1346 δὲ
663 1321 796 1356 δριμύξας
817 1324 912 1350 ἑαυτὸν
925 1324 939 1350 ό

159 1358 300 1395 Μακάριος
324 1360 430 1397 ἔκαμψε
452 1363 487 1390 τὰ
505 1364 616 1398 γόνατα,
642 1367 724 1402 μηδὲν
746 1369 938 1405 ὑποσχόμενος,

160 1405 206 1431 καὶ
219 1405 294 1440 ὥραν
310 1407 374 1441 μίαν
388 1409 556 1444 παρατείνας
573 1412 602 1438 ὲν
615 1414 649 1448 τῇ
664 1414 728 1449 εὐχῇ
748 1415 817 1449 μετά
830 1415 939 1443 πάντων

159 1449 268 1497 ἀνέστη.
285 1451 333 1477 καὶ
353 1452 440 1487 τύψας
460 1455 480 1471 ⁹¹
498 1455 537 1490 τῷ
558 1456 626 1492 βατῳ
641 1458 672 1484 τὸ
687 1460 782 1494 μνῆμα
796 1475 831 1480 -
845 1461 869 1487 οἱ
886 1461 939 1497 γὰρ

161 1495 252 1531 ῥάϐδοι
268 1496 322 1524 τῶν
335 1498 395 1526 ἐκεῖ
419 1501 542 1536 μοναχῶν
561 1503 593 1529 ὲκ
608 1503 691 1538 βαΐων
706 1505 775 1531 εἰσιν
789 1521 824 1526 -
838 1495 939 1542 ἐγείρει

160 1541 311 1579 ἀνθρωπον,
333 1546 382 1581 οὐχ
405 1547 530 1582 ὑπόγειόν
549 1558 610 1576 τινα
634 1550 695 1586 ἄρτι
717 1541 938 1587 τελευτήσαντα,

160 1588 226 1616 ἀλλὰ
239 1590 294 1616 τῶν
313 1591 442 1627 ἀρχαίων.
462 1594 509 1620 καὶ
519 1596 603 1628 φωνεῖ
617 1595 663 1622 τὸν
685 1595 793 1631 Ίέρακα
807 1598 854 1624 καὶ
867 1597 939 1632 λέγει

160 1635 248 1671 αὐτῷ·
262 1636 386 1668 ἐξέτασον
399 1638 501 1672 τοῦτον,
515 1640 539 1665 εί
549 1640 686 1676 ἐγείρεται
700 1641 789 1676 σῶμα.
804 1643 817 1668 ὁ
833 1642 860 1668 δὲ
873 1643 940 1669 ἀπο-

160 1681 246 1716 ψύξας
268 1682 290 1698 "
304 1683 350 1709 τοῦ
364 1683 488 1719 δαίμονος
500 1685 582 1712 αὐτοῦ
597 1686 821 1722 ὑποχωρήσαντος
842 1688 888 1714 ἐπὶ
902 1688 941 1724 τῷ

160 1726 311 1764 τηλικούτῳ
335 1730 438 1764 σημείῳ
456 1730 548 1757 πίπτει
571 1732 610 1763 είς
625 1732 687 1764 τοὺς
701 1732 784 1764 πόδας
802 1733 848 1759 τοῦ
864 1734 941 1768 ἀγίου

164 1773 232 1807 με.τά
248 1774 348 1806 παντὸς
359 1775 405 1801 τοῦ
418 1775 491 1803 λαοῦ.
511 1776 663 1811 ζητούντων
677 1777 705 1804 δὲ
719 1778 799 1804 αὑτὸν
815 1779 941 1813 φονεῦσαι

165 1818 196 1845 οὐ
211 1819 408 1855 συνεχώρησεν,
426 1821 483 1847 ἀλλ’
497 1822 641 1857 ἀπήγαγεν
660 1822 740 1848 αὑτὸν
755 1824 794 1854 εἰς
813 1823 861 1858 τὴν
879 1823 941 1859 ἐρη-

165 1873 223 1899 μον.
237 1866 304 1899 φησὶ
318 1865 356 1898 δέ,
371 1866 412 1893 δτι
429 1867 575 1902 ἐρωτηθεὶς
585 1868 599 1893 ὁ
613 1868 740 1900 ἀναστάς,
761 1870 785 1894 εἰ
800 1869 941 1896 ἐπίσταται

161 1909 207 1936 τὸν
225 1910 352 1946 Χριστόν,
368 1911 419 1947 ἔφη
433 1931 441 1944 ,
455 1913 496 1939 ὅτι
520 1913 574 1939 οὒδ’
593 1914 738 1950 ἀκηκοέναι
756 1915 837 1943 αὐτὸν
851 1916 940 1953 [ζῶν].

163 1955 262 1990 Φαραὼ
279 1955 334 1991 γὰρ
356 1957 488 1991 βασιλέως
505 1959 609 1994 εἰρήκει
624 1960 854 1996 τετελευτηκέναι.
878 1961 942 1998 [πρὸ

161 2001 210 2036 τῆς
231 2002 381 2036 παρουσίας
403 2003 449 2029 τοῦ
466 2003 582 2039 Χριστοῦ
604 2002 638 2041 ἦν
663 2005 717 2041 ".]
737 2006 870 2041 βαπτίσας
895 2006 941 2035 οῦν

163 2047 244 2073 αὑτὸν
262 2045 318 2083 εἷχε
335 2048 393 2084 μεθ’
416 2049 512 2076 ἑαυτοῦ
536 2050 582 2086 ἔτη
599 2051 661 2087 τρία
681 2052 730 2087 τὴν
749 2053 836 2088 ἀληθῆ
852 2053 942 2081 λοιπὸν

163 2092 290 2128 κοίμησιν
307 2095 485 2129 κοιμηθέντα,
499 2096 536 2128 ὡς
549 2097 679 2132 ἁρμόζειν
693 2099 736 2125 ἐπ’
750 2098 830 2125 αὑτὸν
845 2099 890 2126 τὸν
904 2099 943 2126 λό-

163 2146 209 2172 γον
221 2139 267 2165 τοῦ
282 2139 394 2175 Κυρίου,
409 2141 449 2167 ὅτι
458 2141 518 2168 οὔτε
532 2139 609 2174 οὗτος
622 2143 743 2178 ἥμαρτεν
753 2143 813 2170 οὔτε
823 2145 848 2170 οἱ
856 2146 943 2179 γονεῖς

163 2185 255 2217 αὑτοῦ,
273 2185 330 2212 ἀλλ’
345 2186 388 2213 ἴνα
403 2187 544 2223 φανερωθῇ
561 2188 584 2203 ’⁸
596 2189 612 2222 ἡ
625 2188 688 2222 δόξα
697 2188 744 2215 τοῦ
755 2189 833 2216 Θεοῦ.
844 2190 940 2226 ἠρώτα

161 2228 208 2258 οὖν
224 2233 238 2258 ὸ
258 2232 406 2264 ἐπίσκοπος
425 2233 471 2259 τὸν
484 2233 561 2267 ἅγιον
579 2235 731 2270 Μακάριόν,
748 2237 772 2262 εί
790 2236 873 2271 ἀνέϐη
896 2237 942 2263 ἐπὶ

162 2278 209 2312 τὴν
228 2278 341 2313 καρδίαν
354 2279 435 2306 αὐτοῦ
449 2279 512 2313 δόξα
524 2280 657 2308 τοσούτων
669 2281 858 2309 ὑποπεσόντων
869 2283 942 2319 αὐτῷ

161 2324 208 2349 ἐπὶ
222 2323 260 2358 τῷ
275 2324 425 2359 τηλικούτῳ
443 2324 565 2360 σημείῳς
583 2325 630 2352 καὶ
648 2326 782 2362 ἀπεκρίθη
802 2327 892 2363 αὐτῷ’
911 2326 942 2355 οὗ

161 2367 179 2402 ἡ
195 2368 291 2402 καρδία
303 2368 400 2403 σχολὴν
428 2368 485 2402 ἔχει
497 2368 574 2400 δόξαν
596 2370 745 2405 ἀνθρώπων
767 2372 943 2408 παραϐλέψα-

163 2411 235 2444 σθαι,
251 2413 292 2439 ὅτι
309 2409 385 2444 οὗτος
396 2413 462 2440 Θεὸν
480 2413 528 2448 μὲν
539 2413 613 2440 οὔπω
633 2414 714 2448 ἔγνω.
730 2415 744 2441 ὃ
755 2415 783 2441 δὲ
799 2417 879 2449 ποιεῖ,
897 2417 944 2443 ἀν-

162 2458 281 2495 θρώποις
292 2461 372 2486 ποιεῖ.
387 2460 401 2486 ὁ
412 2459 440 2485 δὲ
451 2459 574 2492 ἀξιωθεὶς
592 2460 718 2496 ἐπιπνοίᾳ
727 2461 804 2493 Θεοῦ,
813 2461 841 2487 ἐν
854 2462 943 2497 πολλῴ

162 2504 248 2538 ἀγῶνί
263 2506 336 2531 ἐστιν
351 2504 445 2541 ὥσπερ
458 2505 504 2531 ἐπὶ
519 2505 598 2540 ξυροῦ
611 2505 707 2538 ἑστώς,
720 2507 886 2542 φοῦούμενος
905 2508 942 2544 μὴ

161 2551 274 2586 ἐκπέσῃ.
294 2552 309 2577 ὁ
326 2551 442 2582 τοιοῦτος
467 2550 531 2586 μίαν
550 2551 633 2586 μόνην
652 2552 799 2587 ἐπιθυμίαν
816 2553 871 2588 ἔχει
883 2573 891 2584 .
913 2554 943 2580 τὸ

161 2598 277 2630 ἐξελθεῖν
302 2598 335 2624 ὲκ
355 2598 403 2624 τοῦ
421 2597 554 2630 σώματος.
570 2598 633 2632 περὶ.
653 2598 706 2632 γὰρ
729 2599 807 2632 δόξης
821 2599 882 2626 οὐδὲ
903 2601 942 2632 εὶς

991 957 1104 992 sentire,
1134 958 1192 993 ipse
1217 965 1268 994 ego
1287 958 1405 985 animam
1431 958 1490 986 sine
1513 965 1628 992 corpore
1650 957 1774 984 aﬂeram.‘

992 1002 1110 1030 Sanctus
1131 1012 1196 1031 vero
1216 1003 1350 1032 Macarius
1370 1004 1403 1031 ad
1423 1004 1581 1039 episcopum
1601 1010 1772 1031 conversus:

992 1047 1118 1081 Multum,
1134 1049 1234 1084 inquit,
1251 1049 1329 1076 nefas
1351 1057 1428 1083 sane,
1447 1048 1531 1076 Deum
1544 1053 1661 1079 tentare,
1684 1055 1774 1082 neque

992 1093 1167 1129 dignaturum
1186 1103 1248 1123 esse
1262 1103 1324 1123 eum
1339 1099 1448 1130 propter
1462 1102 1545 1122 unum
1566 1094 1774 1121 daemoniacum

992 1141 1189 1176 276tantum
1202 1141 1291 1168 facere
1299 1141 1406 1176 signum
1418 1140 1536 1168 conﬁdo.
1549 1139 1704 1175 Respondet
1716 1139 1774 1174 epi-

992 1193 1093 1220 scopus
1105 1195 1112 1214 :
1130 1185 1250 1219 Minime,
1262 1191 1352 1221 pater;
1367 1191 1553 1213 verumtamen
1564 1190 1674 1220 propter
1688 1188 1773 1211 totam

991 1231 1171 1259 vicinitatem.
1198 1230 1274 1258 Tunc
1289 1232 1418 1258 abierunt
1443 1231 1477 1258 ad
1502 1231 1658 1264 sepulchra.
1678 1229 1775 1264 Incipit

992 1275 1129 1303 Hieracita
1144 1276 1272 1303 invocare
1291 1275 1464 1307 daemonem,
1487 1275 1534 1303 sed
1556 1275 1668 1302 minime
1687 1276 1775 1310 potuit

992 1322 1109 1349 animam
1131 1329 1246 1349 evocare
1265 1326 1372 1349 tenuem
1395 1326 1423 1349 et
1448 1322 1560 1349 nudam.
1577 1321 1670 1356 ,Quum
1693 1321 1775 1356 igitur

992 1366 1060 1393 nihil
1072 1365 1303 1401 eﬂ'ecisset—ipsi
1316 1367 1388 1394 enim
1403 1367 1570 1401 repugnabat
1586 1367 1698 1401 spiritus
1709 1374 1774 1394 san-

992 1415 1063 1443 ctus,
1073 1411 1149 1439 —-iis
1160 1420 1166 1438 :
1178 1411 1293 1446 Propter
1304 1411 1534 1445 incredulitatem,
1544 1412 1644 1447 inquit,
1656 1417 1774 1440 vestram

992 1463 1049 1483 non
1062 1463 1174 1490 possum
1190 1456 1308 1483 animam
1329 1464 1456 1484 evocare.
1470 1456 1566 1483 Statim
1583 1456 1718 1484 Macarius
1737 1457 1776 1484 in-

992 1500 1120 1535 dignatus
1147 1507 1235 1535 genua
1266 1500 1364 1534 ﬂectit,
1394 1501 1460 1528 nihil
1486 1509 1551 1529 vero
1582 1502 1721 1536 promisit,
1748 1507 1776 1530 et

993 1553 1076 1580 quum
1093 1553 1175 1572 unum
1201 1546 1295 1573 horam
1323 1547 1350 1574 in
1375 1547 1500 1574 oratione
1515 1552 1727 1582 perseverasset,
1748 1549 1775 1576 in

991 1595 1139 1626 conspectu
1172 1592 1294 1619 omnium
1321 1592 1441 1619 surrexit
1465 1596 1492 1620 et
1512 1593 1660 1627 sepulchro
1686 1594 1775 1628 palma

992 1635 1237 1670 ptisato—haculi
1254 1636 1337 1668 enim,
1349 1637 1449 1672 quibus
1465 1638 1591 1664 monachi
1605 1639 1678 1666 illius
1691 1639 1776 1673 regio-

992 1682 1035 1708 nis
1049 1686 1172 1714 utuntur,
1185 1682 1253 1709 rami
1267 1683 1417 1724 palmarum
1428 1684 1675 1711 sunt—hominem
1691 1685 1776 1712 susci-

992 1731 1031 1754 tat
1045 1735 1099 1754 non
1114 1727 1142 1754 in
1158 1732 1228 1754 terra
1241 1727 1391 1761 defossum,
1404 1736 1490 1764 nuper
1506 1736 1654 1760 mortuum.
1680 1731 1726 1757 sed
1743 1738 1776 1757 cx

993 1774 1112 1808 antiquis
1131 1774 1260 1808 aliquem.
1283 1774 1351 1801 Tum
1375 1774 1511 1802 Hieracita
1527 1781 1624 1803 vocato
1637 1784 1643 1801 ε
1656 1775 1774 1808 Quaere,

993 1818 1092 1853 inquit,
1111 1826 1145 1846 ex
1160 1819 1222 1851 hoc,
1242 1827 1306 1846 num
1329 1819 1478 1847 suscitetur
1493 1828 1602 1856 corpus.
1627 1820 1679 1853 Qui
1699 1825 1776 1848 tanto

994 1865 1072 1900 signo
1085 1865 1268 1898 exanimatus,
1284 1869 1427 1900 postquam
1439 1866 1554 1893 daemon
1571 1867 1606 1894 ab
1627 1875 1659 1894 eo
1673 1866 1776 1894 disces-

994 1911 1040 1943 sit,
1067 1911 1100 1937 ad
1120 1912 1203 1946 pedes
1224 1913 1313 1939 sancti
1337 1912 1498 1947 provolutus
1524 1918 1563 1939 est
1588 1920 1649 1939 cum
1674 1917 1775 1940 cuncto

994 1956 1106 1991 populo.
1120 1955 1209 1989 Quum
1221 1964 1287 1984 vero
1306 1965 1367 1984 eum
1387 1957 1512 1985 occidere
1528 1961 1705 1992 quaererent,
1721 1957 1776 1983 hla-

994 2002 1086 2029 carius
1101 2009 1150 2029 eos
1175 2001 1325 2036 prohibuit,
1346 2006 1429 2037 atque
1455 2002 1482 2029 in
1508 2010 1629 2029 eremum
1647 2009 1708 2028 eum
1729 2003 1776 2028 ab-

993 2048 1081 2076 duxit.
1101 2046 1256 2075 Suscitatus
1273 2052 1363 2075 autent
1390 2048 1585 2083 interrogatus,
1610 2055 1674 2074 num
1694 2047 1775 2074 Chri-

993 2099 1065 2121 stum
1082 2093 1265 2128 proﬁteretur,
1288 2093 1390 2122 dixisse
1414 2094 1510 2126 fertur,
1527 2101 1557 2121 se
1586 2101 1619 2120 ne
1640 2094 1777 2121 audivisse

993 2139 1102 2175 quidem
1119 2139 1154 2167 de
1172 2147 1206 2167 eo
1231 2139 1258 2166 in
1275 2140 1330 2166 vita
1351 2148 1410 2168 sua.
1434 2140 1585 2167 Pharaonis
1609 2140 1680 2167 enim
1707 2141 1776 2174 regis

994 2189 1115 2221 tempore
1137 2193 1166 2213 se
1189 2185 1291 2213 obiisse
1307 2186 1387 2217 dixit,
1410 2186 1526 2221 ideoque
1545 2189 1608 2213 ante
1630 2186 1775 2212 adventum

994 2232 1098 2261 Christi
1124 2233 1200 2260 vixit.
1224 2232 1310 2266 Quem
1333 2240 1416 2268 quum
1441 2232 1608 2267 baptizaSSet
1630 2231 1775 2263 Macarius.
1803 2242 1816 2250 ε

994 2286 1086 2306 secum
1110 2277 1205 2305 habuit
1228 2282 1284 2306 tres
1311 2285 1408 2309 annos,
1433 2277 1533 2312 quibus
1558 2277 1659 2312 elapsis
1684 2285 1775 2304 veram

995 2325 1040 2352 ille
1065 2324 1262 2353 idormitionem
1292 2324 1433 2356 dormivit,
1467 2324 1524 2358 ita,
1558 2329 1587 2350 ut
1611 2324 1636 2350 ei
1669 2327 1777 2357 aptetur

993 2371 1105 2398 verbum
1141 2369 1278 2397 Domini:
1301 2370 1396 2405 Neque
1427 2369 1472 2397 hic
1506 2369 1649 2405 peccavit,
1688 2375 1776 2402 neque

994 2423 1120 2452 parentes
1154 2417 1233 2452 ejus,
1272 2417 1318 2444 scd
1360 2421 1388 2443 ut
1424 2417 1559 2444 reveletur
1597 2415 1682 2449 gloria
1718 2415 1773 2441 Dei.

994 2461 1174 2496 Interrogavit
1196 2466 1285 2489 autem
1308 2462 1453 2496 episcopus
1471 2465 1596 2488 sanctum
1616 2460 1775 2492 Macarium,

994 2515 1028 2534 an
1056 2515 1110 2534 non
1133 2507 1219 2542 gloria
1241 2508 1269 2534 in
1292 2515 1340 2534 cor
1361 2507 1420 2541 ejus
1438 2506 1605 2538 ascenderit,
1626 2509 1681 2532 tam
1705 2506 1775 2532 mul-

994 2553 1030 2580 tis
1047 2557 1109 2580 ante
1125 2561 1186 2580 eum
1210 2553 1453 2588 procumbentibus
1476 2552 1512 2579 ob
1527 2555 1633 2578 tantum
1656 2551 1775 2586 signum.

995 2599 1045 2626 Cui
1074 2600 1239 2635 respondet:
1255 2599 1340 2634 Cujus
1371 2607 1417 2627 cor
1449 2599 1534 2626 otium
1559 2598 1640 2625 habet
1663 2598 1776 2633 gloriam

789 2671 918 2699 VARIAE
935 2671 1136 2699 LECTIONES.

211 2735 318 2764 ἐστι’..
330 2735 391 2762 cod.
403 2735 468 2769 ἐμὴ.

507 2735 529 2750 ⁸⁸
550 2735 615 2762 Cod.
638 2735 759 2770 πίστην.

161 2771 262 2805 dij-ac.

797 2737 820 2752 II
834 2737 889 2752 l‘nll
927 2737 1004 2752 ..ιιλιὲ

300 2736 468 2769 ..ροᾱ.ἑμὴ.
507 2736 529 2750 ⁸⁸
550 2736 615 2762 Cod.
638 2736 759 2770 πίστην.
797 2737 820 2752 ⁸⁸
833 2736 900 2764 Cod.
926 2737 1032 2771 χωρῆς.
1070 2737 1094 2752 ⁹⁰
1109 2737 1145 2763 Ex
1163 2737 1245 2769 coni.,
1264 2738 1324 2764 cod.
1352 2736 1483 2770 ἀνάγειν.
1522 2736 1542 2750 ¹¹
1568 2736 1692 2774 Emend.
1713 2736 1775 2762 cod.

300 2771 323 2786 "
337 2770 427 2801 Corn,
443 2770 687 2806 cod.d:ro1,/-dzor.
725 2772 748 2788 ν³
768 2771 853 2799 Verba
871 2773 949 2799 uncis
966 2773 1070 2799 inclusa
1090 2776 1136 2799 aut
1158 2772 1247 2806 glossa
1269 2780 1302 2799 ex
1319 2772 1481 2806 marginch
1505 2774 1606 2806 textum
1625 2771 1713 2806 illata,
1728 2775 1775 2806 aut

1070 2737 1094 2752 ⁹⁰
1109 2737 1145 2763 Ex
1163 2737 1245 2769 coni.,
1264 2738 1324 2764 cod.
1352 2736 1483 2770 ἀνάγειν.
1522 2735 1542 2750 ⁹¹
1568 2733 1692 2764 Emend.
1713 2733 1775 2762 cod.

162 2804 224 2845 loco
237 2813 287 2852 sntio
302 2810 373 2832 mota
390 2813 450 2852 esslc
469 2804 612 2852 videntur;
628 2805 728 2852 Yoceml
743 2806 797 2839 ζῶν
810 2808 940 2852 adlverba
955 2807 1008 2852 προ
1024 2808 1073 2847 τῇς
1090 2804 1238 2852 παρουσίας
1251 2807 1301 2846 τοῦ
1316 2804 1437 2852 ξριστοῦ
1446 2804 1489 2852 ἢν.
1499 2805 1641 2852 pexi-tingue.
1651 2805 1774 2852 credide-

165 2842 227 2867 rim.
244 2840 324 2878 Eone
336 2848 407 2878 corr.
426 2840 489 2878 lion,
503 2841 543 2868 ὅτι
559 2841 612 2868 οὐδ’
629 2837 774 2878 ἀκηκοέναι
789 2842 880 2878 αὐτόν,
901 2837 1011 2878 euripo
1024 2837 1075 2877 τῆξ
1089 2837 1235 2878 παρουσίας
1257 2837 1438 2878 τοῧιΧριστοῦ
1456 2837 1509 2874 ζῶν
1523 2837 1571 2874 ἦν·
1587 2839 1683 2874 φαραὼ
1699 2838 1771 2873 (cod.

165 2875 279 2913 φαραοῦ)
295 2876 348 2911 γὰρ
363 2875 492 2912 βασιλέως
510 2877 613 2913 είρήκει
628 2877 856 2913 τετελευτηκέναι.
894 2878 917 2894 ’⁵
932 2875 1059 2911 autem;
1074 2875 1134 2906 cod;
1148 2875 1371 2912 ἡνιιέεανερώθη.
