2061 3150
286 148 340 176 ﬁlii

285 252 367 288 277
381 253 404 279 Is
419 252 502 282 enim.
517 251 648 286 quidquid
661 251 734 283 facit.
750 251 907 280 hominibus
924 252 999 279 facit.
1017 252 1070 285 Qui

286 305 351 324 vero
363 298 461 332 dignus
476 302 518 324 est
529 298 637 324 habitus
651 296 745 324 afﬂatu
757 296 815 328 Dei,
829 297 852 324 is
867 298 894 324 in
909 298 995 324 multo
1010 306 1071 325 cer-

287 345 388 370 tamine
403 348 540 374 versatur.
556 344 635 378 quasi
652 344 679 370 in
698 343 830 370 novacula
849 347 945 375 staret,
960 343 1068 377 timens,

287 397 321 416 ne
337 389 454 415 decidat.
483 388 558 416 Talis
577 397 659 416 unum
680 389 768 416 solum
789 389 870 416 habet
890 389 1068 422 desiderium,

287 435 443 469 cgrediendi
456 435 561 462 scilicet
576 442 591 461 e
601 442 726 469 corpore.
738 434 816 467 Quod
832 441 897 461 vero
911 434 944 460 ad
955 435 1070 469 gloriam

287 482 393 514 attinet,
411 481 478 508 haec
492 481 516 508 ei
532 488 566 508 ne
581 481 609 508 in
624 485 744 508 mentem
762 481 873 515 quidem
891 480 974 507 venit.
993 479 1069 507 lianc

286 531 377 554 autem
405 527 430 554 ei
457 527 613 554 doctrinam
637 526 840 554 dedit:Adduc
868 526 946 559 mihi,
969 525 1068 560 inquit,

286 574 404 608 aliquem
429 573 456 600 in
483 573 552 600 mari
580 573 761 600 ambulantem
790 577 817 600 et
843 572 948 599 coelum
973 579 1070 600 versus

286 620 381 646 oculos
399 619 425 645 in
441 618 538 650 solem,
558 618 637 653 cujus
655 618 739 646 radiis
753 622 930 650 sustentetur,
950 617 1070 651 deﬁgen-

287 669 352 695 tem.
368 665 410 692 cui
429 665 491 700 quis
509 664 678 700 praecipiat:
694 664 721 691 Si
738 664 838 695 locum,
857 663 884 690 in
899 671 953 698 quo
975 663 1072 690 ambu-

285 710 337 742 las,
353 710 463 745 aspicis,
479 711 504 737 in
522 717 597 737 mare
612 709 804 744 submergcris,
815 708 881 743 quid
909 709 935 736 ei
955 709 1072 740 accidet,

695 149 745 176 SS.
765 147 999 176 MACARIORUM
1018 147 1183 177 AEGYPTII
1212 149 1256 177 ET
1274 149 1510 179 ALEXANDRINI

286 205 426 232 hominum
443 204 615 240 respiciendi.
635 203 659 232 is
673 203 756 232 Deum
782 205 902 232 nondum
924 205 1063 240 cognovit.
1080 210 1103 238 Α

1122 206 1222 233 ἔννοιαν
1232 206 1352 242 ἔρχεται.
1363 207 1515 244 ὑπόδειγμα
1526 207 1549 223 ’⁵
1562 207 1590 234 δὲ
1599 206 1705 234 δίδωσιν
1712 205 1787 241 αὐτῷ
1796 206 1910 241 τοιοῦτο,
1963 230 1966 232 .

1856 151 1911 180 εισ

1122 252 1168 279 καί
1189 260 1285 288 φησιν’
1309 253 1413 288 ἥγησαι
1434 253 1482 288 μοι
1506 261 1567 280 τινα
1587 253 1632 279 ἐπὶ
1657 252 1777 288 Θαλάσσῃ
1796 260 1912 288 περιπει-

1123 298 1220 325 τοῦντα
1235 300 1282 325 καὶ
1303 299 1344 330 εἰς
1359 299 1471 335 οὐρανὸν
1488 299 1643 332 ἀτενίζοντα
1660 297 1698 333 τῷ
1711 298 1778 333 ἡλίῳ
1792 298 1844 324 ὑπὸ
1857 298 1912 325 τῶν

1124 345 1242 372 ἀκτίνων
1264 345 1346 372 αὐτοῦ
1369 345 1584 380 βασταζόμενον·
1604 345 1643 380 τῷ
1658 343 1770 378 τοιούτῳ
1790 344 1912 370 ὑποτιθε-

1126 391 1170 418 ταί
1190 400 1246 423 τις,
1262 392 1314 424 ὅτι,
1336 391 1383 418 ἐὰν
1397 392 1454 428 ἴδῃς
1471 393 1495 407 ⁹⁸
1507 391 1553 418 τὸν
1565 391 1658 424 τόπον,
1674 391 1716 425 ἐφ’
1731 386 1753 423 ᾧ
1767 390 1789 405 ’⁷
1803 390 1911 417 ἐπιϐαι-

1123 446 1194 470 νεις,
1209 437 1344 464 ποντώσει
1366 437 1401 470 ⁸³,
1416 438 1442 465 τί
1459 437 1493 465 ἂν
1507 437 1587 464 πάθοι
1606 436 1802 472 παρακούσας;
1821 435 1909 468 οὕτως

1127 482 1142 509 ὸ
1165 483 1197 518 τῇ
1213 483 1235 499 ⁸⁸
1250 483 1298 509 τοῦ
1324 483 1393 509 Θεοῦ
1418 483 1481 518 δόξῃ
1495 481 1654 514 ὲνατενίζων
1671 482 1753 508 πατεῖ
1770 481 1820 517 τὴν
1837 481 1910 517 παρὰ

1122 527 1274 563 ἀνθρώπων
1287 528 1376 560 δόξαν.
1390 528 1437 555 ἐὰν
1448 529 1477 555 δὲ
1485 537 1518 555 πε
1522 529 1549 564 pl.
1558 528 1660 563 ταύτην
1670 527 1791 564 στραφῇ,
1800 527 1909 562 ἐκείνης

1123 573 1260 600 ἐκπίπτει.
1276 573 1401 600 ἐκπεσὼν
1416 574 1445 600 δὲ
1460 574 1567 608 ἐκείνης
1576 593 1584 605 ,
1598 574 1631 599 ἐκ
1641 572 1747 599 πολλῶν
1757 572 1844 598 ἄλλων
1858 580 1910 598 πα-

1110 617 1178 644 ’θῶν
1203 616 1404 650 κλυδωνίζεται.
1424 618 1459 645 τὰ
1480 618 1508 645 δὲ
1532 618 1614 645 λοιπὰ
1635 617 1683 644 τοῦ
1707 617 1786 651 ἁγίου
1801 617 1909 648 τούτου,

1123 663 1193 699 ὅπερ
1206 661 1240 699 ἦν
1258 664 1382 699 ἐλεήμων
1395 664 1442 691 καὶ
1457 664 1618 698 φιλάδελφος
1629 664 1677 690 καὶ
1687 663 1774 698 πόσην
1789 663 1823 679 ¹⁰⁹
1838 660 1910 697 εἶχεν

1124 709 1260 745 διάκρισιν
1273 710 1382 746 περὶτὰ
1395 710 1558 746 πράγματα,
1569 711 1600 736 τὸ
1613 708 1736 740 κατειδδς
1751 709 1907 744 σιγήσομαι.

286 758 310 786 si
325 758 482 786 inobediens
497 757 596 785 fuerit?
608 757 657 790 lta,
673 757 720 792 qui
731 757 758 784 in
774 757 888 792 gloriam
899 756 946 784 Dei
960 758 1054 784 oculos
1071 757 1196 790 intendit,
1209 758 1334 793 gloriam,
1348 765 1418 793 quae
1431 758 1466 785 ab
1478 758 1635 785 hominibus
1648 757 1783 793 provenit,
1794 755 1909 791 pedibus

286 806 384 833 calcat.
398 805 472 832 ilane
484 809 574 833 autem
591 805 614 832 si
629 805 750 840 respicit.
771 805 805 832 ab
825 805 870 831 illa
885 804 999 832 decidit.
1014 806 1036 831 Α
1049 813 1102 840 qua
1117 805 1141 832 si
1155 805 1300 838 deciderit,
1318 806 1412 832 multis
1430 805 1492 833 aliis
1508 805 1650 833 affectibus
1672 805 1800 839 agitatur.
1813 803 1908 830 Cetera

286 861 396 889 quoque
418 854 505 888 hujus.
524 853 629 885 sancti,
643 861 725 888 quam
750 853 907 880 misericors
930 852 1014 880 fuerit
1030 857 1057 881 et
1076 853 1225 886 fraternus,
1247 858 1275 881 et
1289 858 1418 889 quantam
1443 853 1569 881 habuerit
1583 853 1773 880 discretionem
1791 851 1818 878 in
1842 857 1907 885 ope-

286 902 375 934 ribus,
391 910 464 928 nunc
484 901 593 936 quidem
608 901 703 928 silebo.

917 954 1049 983 VARIAE
1069 953 1271 982 LECTIONES.

321 1015 344 1031 ⁹⁸
356 1014 423 1042 Cod.
438 1015 603 1049 ὐπόδαγμα.
641 1014 663 1030 "‘
675 1014 742 1041 Cod.
756 1013 836 1045 ἵδεις.

287 1049 453 1085 ποντωθήσει
473 1051 514 1078 vel
530 1049 712 1084 ποντισθήσει.

301 1159 397 1168 ——_.

874 1013 896 1029 "'
910 1009 932 1046 ᾧ
945 1019 999 1038 om.
1012 1011 1085 1043 cod.,
1101 1011 1192 1038 addidi
1202 1019 1234 1038 ex
1245 1011 1318 1039 coni.
1357 1011 1381 1028 ”
1395 1010 1462 1039 Cod.
1474 1010 1649 1043 ποντοῦσιιι,
1663 1012 1730 1038 forte
1743 1010 1828 1037 mavis
1836 1016 1906 1038 corr.

761 1049 783 1065 "
795 1047 862 1076 Cod.
874 1053 913 1075 ττ.
951 1047 985 1062 ¹⁰⁶
1000 1046 1068 1074 Cod.
1084 1047 1187 1074 πόσιν.

1031 1228 1114 1264 278
1133 1229 1187 1262 Vl.

385 1315 581 1345 SPECIMEN
608 1313 997 1345 INTERPRETATIONIS
1020 1313 1284 1350 GERMANICAE
1305 1313 1510 1350 ANTIQUAE
1537 1313 1811 1345 HISTORIARUM

715 1397 758 1422 DE
770 1396 900 1421 SANCTIS
912 1394 1060 1420 MACARHS
1072 1395 1231 1420 AEGYPTIO
1244 1395 1284 1420 ET
1297 1395 1522 1421 ALEXANDRINO

633 1453 658 1481 E
685 1454 772 1481 codice
795 1453 962 1480 bibliothecae
980 1452 1145 1480 Jesuilarum
1173 1452 1336 1480 Coloniensi:
1363 1452 1553 1488 depromptum.

286 1585 343 1611 Cod.
357 1592 401 1610 ms.
415 1585 478 1610 Bibl.
489 1585 638 1610 Jesuitarum
648 1585 731 1610 Colon.
744 1585 848 1610 chartae.
860 1591 925 1610 saec.
938 1592 977 1609 xlv
987 1586 1026 1610 vel
1037 1593 1068 1610 xv
1078 1586 1137 1612 satis
1149 1585 1214 1611 bene
1226 1582 1402 1610 exaratusln-I

287 1697 331 1723 Est
346 1697 422 1722 codex
436 1698 602 1729 ms.rroliorum
611 1697 666 1722 500.
683 1698 708 1722 In
722 1698 791 1721 cuius
802 1698 919 1728 operculo
944 1699 1035 1729 legitur
1045 1697 1173 1729 inscriptio
1186 1705 1192 1722 :
1207 1696 1269 1722 Bibl.
1282 1697 1313 1729 de
1326 1695 1446 1729 Graisiers
1459 1703 1468 1726 ,'
1481 1702 1557 1727 quare
1569 1697 1598 1720 ad
1616 1696 1789 1729 bibliothecam
1810 1695 1909 1729 fratrum

317 1730 396 1753 crucis
408 1728 588 1753 Coloniensium
600 1725 826 1760 ollmpertinuisse‘
839 1730 943 1753 videtur.
956 1725 1041 1753 lﬁsunt
1058 1731 1080 1753 ei
1093 1725 1272 1760 pulcherrimae
1291 1728 1455 1760 deuBarlaam
1472 1725 1497 1752 et
1519 1728 1635 1760 Josaphat
1653 1728 1792 1758 sanctisque
1809 1725 1910 1760 senibus

316 1759 442 1787 historlac.
454 1760 593 1790 germanico
604 1757 708 1791 quidem
721 1758 836 1784 idinmate
856 1760 1005 1789 elaboratae,
1020 1761 1044 1785 in
1055 1757 1134 1791 iisque
1152 1761 1273 1791 plurimae
1282 1759 1315 1783 de
1329 1758 1439 1784 Macariis
1462 1765 1492 1783 ex
1504 1757 1591 1783 auibus
1606 1763 1711 1784 oualuor
1724 1757 1816 1783 lautum
1828 1758 1867 1782 hic
1877 1757 1908 1782 ad

280 1815 282 1820 τ
317 1790 408 1814 codicis
418 1789 491 1815 ﬁdem
502 1790 683 1815 accuratissime
693 1789 828 1820 descriptas
839 1792 1004 1822 proponimus.

668 1918 693 1946 1.

584 1972 635 1991 EYN
649 1971 773 1992 ZEICHEN.

321 2010 375 2037 Dar
388 2017 424 2037 na
457 2010 569 2037 sachten
597 2018 628 2045 sy
651 2017 702 2037 ons
719 2010 790 2037 ouch
811 2018 863 2046 eyn
891 2011 995 2040 selssen
1020 2013 1072 2040 zei-

288 2057 368 2087 chen.
391 2057 414 2084 lt
430 2063 488 2083 was
503 2064 555 2091 eyn
572 2056 636 2090 ryclt
652 2063 715 2082 man
730 2057 763 2083 dc
782 2057 870 2084 hadde
886 2065 954 2092 eync
969 2059 1072 2086 schone

287 2102 412 2129 dochter.
426 2101 486 2129 Vnd
502 2101 567 2128 omb
582 2101 616 2128 de
629 2109 661 2128 so
674 2101 754 2128 warﬂ‘
765 2110 817 2137 eyn
834 2103 1008 2138 yungelinck.
1024 2103 1072 2130 lnd

289 2149 324 2175 do
337 2156 367 2182 sy
377 2155 436 2175 eme
452 2155 517 2182 syns
530 2147 614 2174 bosen
628 2147 719 2174 willcn
735 2148 791 2174 neit
805 2147 833 2174 in
843 2147 950 2175 wolden
962 2149 1068 2183 volgen.

289 2194 329 2220 llo
345 2192 459 2220 maclide
475 2193 525 2228 hey
540 2193 586 2219 dat
602 2197 659 2227 myt
674 2201 842 2228 zouuerycn.
872 2193 923 2221 Dat
942 2202 973 2230 sy
987 2195 1010 2221 ir
1026 2202 1073 2221 va-

289 2237 338 2264 dcr
352 2236 397 2263 ind
412 2236 436 2262 ir
451 2236 554 2263 moder.
570 2236 617 2263 ind
633 2237 676 2272 vyl
693 2237 807 2265 anderrc
824 2238 886 2265 lude
901 2239 1072 2274 ncytanders

290 2283 317 2309 in
335 2289 434 2317 saegen
457 2282 510 2309 dan
533 2290 582 2309 Vlll'
597 2291 649 2317 eyn
671 2284 735 2318 wylt
757 2287 828 2318 pert.
845 2283 903 2311 End
923 2285 956 2311 da
975 2292 1028 2312 van
1049 2286 1073 2312 ir

289 2327 374 2355 vader
397 2327 443 2354 ind
462 2329 485 2354 ir
499 2327 592 2355 moder
607 2328 652 2355 ind
669 2329 692 2355 ir
706 2329 792 2357 andcr
819 2334 902 2356 vrunt
928 2337 1020 2358 waren
1045 2330 1073 2358 in

290 2374 424 2408 groissem
438 2373 527 2410 lyden.
542 2374 590 2402 lnd
608 2375 714 2402 voirten
741 2382 772 2410 sy
793 2379 935 2410 gezoumet
957 2376 1003 2404 ind
1027 2384 1073 2410 ge-

290 2419 399 2446 bunden
424 2428 476 2446 vur
490 2421 542 2447 den
562 2421 687 2456 heyligen
710 2421 796 2448 vadcr
813 2426 892 2450 sante
919 2423 1072 2451 machario.

289 2463 339 2491 lnd
354 2464 458 2499 veyllen
475 2472 526 2492 vur
541 2473 608 2500 syne
624 2473 722 2500 voyssc
734 2469 797 2501 myt
805 2467 939 2501 groissem
959 2475 1072 2503 \veynen

290 2510 338 2537 ind
362 2511 495 2545 sprachen
519 2519 550 2538 zo
571 2519 638 2539 eme.
666 2512 750 2539 Ouwe
770 2512 876 2548 heylige
900 2513 984 2541 vader
1007 2514 1074 2542 dese

291 2561 382 2592 maget
396 2557 429 2584 de
445 2557 482 2584 du
503 2558 562 2585 heir
577 2566 643 2593 suys
661 2558 708 2585 dat
723 2566 780 2585 was
796 2566 864 2586 onse
877 2559 1000 2587 dochter.
1025 2559 1073 2588 Ind

292 2603 358 2631 bose
372 2604 436 2631 lude
451 2609 512 2639 synt
525 2612 556 2632 zo
570 2612 689 2640 geuaren
702 2605 747 2632 ind
763 2605 847 2640 haynt
864 2614 894 2640 sy
910 2606 960 2632 mit
973 2614 1074 2633 zouue-
1088 2595 1109 2624 (ἶ

292 2657 360 2685 ryen
375 2651 551 2678 verwandelt.
565 2651 616 2678 Dat
635 2660 666 2687 sy
682 2652 705 2679 is
725 2652 869 2686 geworden
891 2652 932 2680 als
951 2651 987 2678 du
1011 2652 1074 2679 wail

294 2700 365 2723 sust.
379 2695 440 2723 Wir
453 2697 560 2732 bydden
573 2697 635 2724 dicit
652 2698 738 2725 durch
749 2698 801 2725 den
817 2698 952 2732 schepper
970 2698 1074 2726 bemel-

292 2740 368 2768 richs
382 2741 427 2769 ind
445 2743 561 2770 ertrichs
577 2743 622 2770 ind
636 2744 669 2771 de
685 2744 737 2771 alle
757 2748 902 2770 creaturen
919 2744 1073 2778 gesehaITen

293 2785 362 2813 hait.
379 2786 429 2814 Dat
445 2787 480 2814 du
497 2788 549 2823 god
564 2788 666 2823 byddes
683 2789 730 2815 dat
752 2796 780 2824 sy
799 2789 889 2815 \vcder
907 2788 1007 2816 werde.
1024 2789 1073 2815 Als

294 2830 338 2858 hei
354 2839 455 2867 sy-van
470 2833 572 2861 cirsten
592 2834 649 2860 hait
671 2834 836 2868 geschaﬂ‘cn.
858 2833 896 2860 Do
913 2833 1007 2861 lachde
1025 2834 1074 2862 der

295 2875 401 2912 hcyligc
417 2879 498 2906 vader
512 2887 560 2914 gar
576 2880 721 2915 goitliclien
741 2879 788 2906 ind
801 2878 955 2914 sprach.lch
971 2879 998 2906 in
1016 2879 1073 2907 sicn

1088 1923 1109 1951 η
1124 1920 1206 1956 279
1215 1919 1271 1947 neit
1283 1918 1438 1954 deirlyches
1446 1925 1480 1945 an
1492 1918 1526 1945 ir.
1545 1917 1599 1944 dan
1612 1925 1680 1953 eyns
1695 1917 1843 1952 mynschen
1859 1925 1908 1944 na-

1123 1970 1192 1993 ture.
1217 1966 1286 1992 ouch
1303 1965 1329 1991 in
1349 1965 1372 1992 is
1388 1973 1421 1991 an
1437 1965 1505 1991 irme
1522 1964 1583 1998 lyue
1599 1964 1655 1991 neit
1671 1963 1826 1991 deirliches.
1849 1962 1907 1990 Mer

1124 2012 1145 2039 it
1159 2011 1183 2039 is
1202 2012 1230 2038 in
1247 2011 1294 2038 der
1311 2010 1374 2037 lude
1385 2018 1472 2045 ougen
1485 2009 1518 2036 de
1533 2017 1563 2044 sy
1580 2017 1614 2035 an
1637 2009 1696 2036 sien
1711 2009 1763 2036 den
1788 2008 1908 2036 duncltct

1122 2056 1167 2084 dat
1182 2057 1205 2084 is
1216 2064 1268 2083 van
1284 2056 1332 2083 des
1346 2055 1444 2082 duuels
1459 2054 1574 2081 wercke.
1591 2053 1651 2080 Vnd
1665 2054 1700 2082 do
1719 2054 1769 2090 hey
1776 2054 1822 2081 dat
1836 2054 1906 2081 had-

1123 2102 1155 2130 de
1168 2101 1347 2137 gesprochen.
1364 2102 1398 2128 da
1410 2101 1497 2128 voirte
1508 2101 1558 2136 hey
1578 2108 1610 2136 sy
1626 2101 1653 2128 in
1667 2108 1734 2136 syne
1755 2102 1832 2128 celle.
1857 2101 1906 2128 lnd

1122 2156 1158 2175 na
1173 2148 1216 2183 vyl
1229 2147 1345 2182 gebedes
1358 2146 1406 2174 dat
1421 2147 1473 2182 hey
1484 2154 1552 2174 ouer
1565 2154 1595 2182 sy
1612 2146 1690 2174 dede.
1706 2146 1744 2173 Do
1757 2146 1845 2174 salide
1857 2147 1909 2182 hey

1123 2202 1154 2230 sy
1170 2194 1297 2229 mytolye
1312 2193 1338 2220 in
1360 2194 1437 2221 deme
1455 2201 1552 2220 namen
1573 2200 1641 2219 ones
1659 2192 1743 2220 heren
1759 2191 1796 2219 lh
1807 2201 1820 2220 s
1839 2192 1862 2219 Χ
1873 2193 1909 2227 ὗε

1124 2239 1206 2266 Want
1223 2247 1254 2274 sy
1268 2246 1319 2265 van
1333 2239 1464 2273 groisscm
1481 2238 1599 2273 arbeyde
1616 2238 1668 2265 alle
1683 2246 1715 2274 yr
1731 2237 1822 2265 krael‘t
1837 2238 1908 2265 had-

1123 2285 1157 2312 de
1172 2285 1308 2312 verloren.
1322 2283 1362 2310 Do
1376 2283 1431 2318 gat!
1450 2284 1501 2319 hey
1523 2285 1547 2310 ir
1562 2292 1595 2310 zo
1611 2292 1689 2311 essen
1709 2283 1755 2310 ind
1772 2284 1860 2310 voirte
1877 2292 1908 2320 sy

1124 2331 1174 2358 her
1188 2339 1218 2358 vs
1228 2339 1260 2358 ΖΟ
1271 2338 1336 2358 eren
1353 2330 1489 2358 vrunden.
1501 2329 1540 2356 Do
1553 2337 1636 2365 sagen
1651 2338 1681 2366 sy
1688 2337 1718 2364 sy
1729 2337 1764 2356 an
1777 2338 1828 2356 vur
1840 2338 1910 2365 eyne

1125 2376 1295 2404 iunii‘rouwe.
1313 2376 1359 2403 Als
1377 2383 1409 2411 sy
1423 2377 1450 2402 in
1467 2375 1516 2402 der
1530 2375 1656 2402 Wairheit
1673 2382 1740 2402 was.
1764 2374 1822 2402 End
1833 2375 1868 2402 do
1885 2375 1909 2402 ir

1124 2422 1208 2449 vadcr
1222 2422 1266 2449 ind
1279 2421 1320 2449 eir
1330 2425 1412 2447 vrunt
1429 2421 1592 2456 groislichen
1609 2420 1752 2447 danckden
1767 2420 1908 2447 machario

1125 2469 1202 2496 deme
1219 2468 1344 2503 heyligen
1366 2467 1449 2495 vader
1473 2467 1524 2494 end
1545 2471 1590 2501 got
1610 2465 1736 2494 loueden.
1755 2465 1795 2493 Do
1808 2467 1908 2501 sprach

1125 2513 1168 2540 hei
1185 2521 1216 2540 ιο
1233 2514 1281 2540 der
1299 2511 1499 2548 yunil‘rouwen.
1520 2511 1572 2539 Des
1589 2511 1687 2538 duuels
1704 2511 1802 2545 gewalt
1817 2512 1854 2539 ist
1874 2511 1909 2538 da

1127 2566 1177 2585 van
1193 2566 1228 2585 an
1244 2558 1286 2585 dir
1301 2558 1436 2593 schynber
1448 2556 1602 2593 geworden.
1617 2556 1700 2583 Waut
1715 2555 1751 2582 du
1760 2556 1820 2584 hais
1833 2555 1912 2583 vunﬂ

1127 2605 1237 2632 wcchcn
1252 2613 1303 2639 ayn
1319 2604 1370 2631 den
1382 2604 1506 2639 lieyligen
1520 2604 1619 2631 licham
1637 2608 1701 2638 golz
1716 2603 1839 2637 geweist.
1850 2603 1909 2630 End

1127 2652 1186 2678 also
1198 2651 1304 2678 voirten
1329 2657 1360 2685 sy
1381 2650 1414 2678 de
1431 2650 1543 2678 dochter
1561 2650 1609 2676 mit
1620 2648 1742 2676 vrouden
1765 2649 1856 2676 weder
1876 2657 1909 2677 zo

1126 2697 1231 2733 hcymc.

1501 2742 1518 2761 φ

1503 2760 1519 2769 ἀι

1163 2787 1216 2815 Dar
1229 2796 1263 2815 na
1279 2788 1394 2823 begerde
1408 2788 1456 2815 der
1468 2788 1573 2823 heyligc
1584 2787 1666 2815 vader
1680 2787 1726 2815 dat
1744 2787 1795 2823 hey
1809 2795 1908 2822 queme

1127 2835 1154 2862 in
1169 2835 1220 2862 den
1232 2834 1400 2870 bongarden.
1420 2833 1517 2860 Janme
1541 2833 1587 2860 ind
1612 2834 1720 2861 manbe.
1743 2833 1794 2860 Dat
1810 2836 1908 2862 ‘waren

1127 2882 1172 2909 die
1189 2889 1280 2909 chuc
1293 2889 1430 2908 zouuener
1447 2881 1479 2908 de
1502 2881 1535 2915 by
1558 2880 1683 2916 honynck
1702 2880 1822 2916 pharone
1846 2887 1909 2908 wa-
