2061 3150
155 163 203 190 εει

912 163 1014 192 ACTA.

1715 165 1770 192 223

882 315 963 352 2B5
982 316 1050 347 VII.

355 397 524 428 MACARII
540 397 742 430 CUIUSDAM
758 398 924 430 ABBATIS
950 398 1134 429 VISIONES
1151 399 1206 430 DE
1224 399 1385 430 SANCTIS
1408 400 1576 430 ANGELIS

667 480 691 507 E
710 480 799 508 codice
826 480 1022 508 Vindobonenu’
1038 481 1152 515 primum
1170 480 1266 508 editae.

157 637 215 664 Cod.
228 638 274 662 ms'.
286 637 364 662 theol.
377 642 459 668 graec.
470 636 514 667 CC,
531 637 590 662 olim
601 635 757 668 CLXXVII,
770 636 834 662 Bibl.
852 636 922 662 Caes.
934 634 1069 660 Vindobon.
1081 635 1225 661 cbartaceus
1233 635 1305 660 ἱππ-4³.

158 736 273 762 Codicem
297 742 329 759 ne
349 735 366 759 li
385 738 456 758 enler
475 736 611 764 exaratum,
623 733 648 758 in
674 740 722 764 quo
734 735 754 758 εἰ
767 741 810 765 pro
823 735 880 759 rvel
891 743 904 758 υ
915 733 1178 765 saepissimescriptum
1191 735 1296 761 invenis.
1306 735 1435 765 descripsit
1448 734 1591 760 Lambecius
1599 735 1627 760 T.
1642 735 1674 760 IV
1683 742 1707 766 p.
1721 734 1776 764 442,

190 767 221 790 de
234 767 322 790 Nessel
395 773 415 790 υ.
429 766 483 789 ἓθά,
500 765 546 789 lsla
557 769 639 789 autem
655 765 760 790 risiones
772 769 869 790 exstant
881 767 969 790 codicis
980 773 1052 790 pagg.
1064 766 1103 790 97.
1118 765 1200 790 1-100.
1210 767 1234 790 2.
1247 766 1311 790 Ouas
1332 766 1478 790 descriptas.
1496 767 1542 790 etsi
1558 767 1716 790 Macariorum
1727 767 1776 790 Ae-

190 767 221 792 de
234 767 322 791 Nessel

395 773 415 796 p.
429 766 483 797 294.
500 765 546 789 lsla
557 769 639 789 autem
655 765 760 790 risiones
772 769 869 790 exstant
881 767 969 790 codicis
980 773 1052 797 pagg.
1064 766 1103 796 97,
1118 765 1200 796 1-100,
1210 767 1234 790 2.
1247 766 1311 795 Quas
1332 766 1478 796 descriptas,
1496 767 1542 790 etsi
1558 765 1716 791 Macariornm
1727 767 1777 791 Ae-

191 797 270 829 gyptii
285 798 325 821 vel
335 796 494 822 Alexandrini
507 803 556 820 non
567 803 623 820 esse
635 797 763 826 videntur,
776 797 882 821 adiicere
893 797 1030 821 statuimus.

214 919 344 954 Διήτημα
365 920 490 953 φρικτόν
509 920 559 948 καί
583 919 699 952 ξενίζον
717 921 770 947 τὸν
784 922 792 937 ¹
807 922 892 949 γοῦν.

197 965 278 992 Εἶπεν
289 967 303 991 ό
316 965 402 996 ἀὸῧᾶς
412 966 562 1001 Μακάριος,
575 967 615 993 ὅτι
629 966 752 999 ἐλθόντος
765 977 814 1003 μου
829 969 858 994 ἐν
871 969 948 994 Κων-

165 1012 319 1039 σταντῐνου²
336 1011 428 1042 πόλει,
447 1011 595 1047 ἐπιθυμοῦν
609 1012 619 1027 ³
639 1013 693 1048 γάρ
712 1022 756 1048 μοι
770 1012 804 1049 ἦν
823 1014 869 1040 τοῦ
885 1013 948 1040 θεά-

165 1057 258 1084 σασθαι
273 1057 358 1092 αὐτήν
368 1077 376 1088 ,
389 1057 436 1084 καὶ
451 1057 609 1092 περιπατῶν
619 1057 630 1073 ἰ
646 1058 674 1084 ἓν
693 1067 746 1085 τινι
762 1059 882 1094 ἐμϐόλῳ,
898 1060 948 1094 τῆς

162 1103 290 1139 ἀληθείας
312 1102 504 1138 μαρτυρούσης
527 1112 571 1138 μοι
591 1104 630 1135 είς
647 1103 733 1131 ταῦτα
747 1105 780 1131 τὰ
797 1105 948 1140 λαλούμενα

161 1149 226 1184 παρ’
243 1148 326 1184 ἐμοῦ,
345 1148 434 1183 βλέπω
448 1150 504 1180 τοῖς
520 1150 622 1184 νοεροῖς
635 1149 782 1184 ὀφθαλμοῖς
797 1152 852 1182 τοῖς
866 1151 947 1177 δεδω-

164 1194 290 1231 ρημένοις
306 1203 350 1229 μοι
365 1194 441 1229 παρὰ
453 1194 554 1229 Κυρίου
567 1194 634 1229 πρὸς
652 1195 683 1220 τὸ
696 1196 766 1221 νοεῖν
786 1204 818 1230 με
834 1196 868 1222 τὰ
882 1196 946 1222 θαυ-

164 1241 249 1276 μάσια
265 1239 358 1271 αὑτοῦ,
371 1239 513 1273 ἄνθρωπόν
525 1248 585 1265 τινα
599 1239 693 1275 ὥσπερ
712 1239 837 1274 εὐνοῦχον
849 1239 947 1272 ἔξωθεν

163 1287 209 1314 τοῦ
223 1285 395 1320 καταγωγίου
404 1285 414 1301 ⁸
426 1284 473 1311 τοῦ
488 1284 617 1320 πορνικοῦ
627 1285 741 1317 ἐστῶτα,
754 1285 823 1312 πάνυ
839 1287 947 1321 κατηφῆ

162 1333 318 1369 κρύπτοντα
333 1332 343 1347 ⁸
354 1331 385 1358 τὸ
401 1331 546 1366 πρόσωπον
560 1330 641 1356 αὑτοῦ
658 1332 715 1361 ταῖς
734 1331 793 1357 δυσὶ
808 1331 948 1366 παλάμαις

163 1379 257 1410 αὐτοῦ,
274 1379 321 1405 καὶ
340 1377 447 1413 ἐθρήνει
466 1376 505 1412 τῷ
526 1376 656 1411 σχήματι,
673 1376 743 1403 ὥστε
762 1376 890 1411 νομίζειν,
907 1377 948 1404 ὅτι

164 1426 211 1452 καὶ
234 1426 249 1452 ό
271 1424 384 1460 οὐρανὸς
406 1423 602 1458 συνεθρήνησεν
616 1422 626 1437 ⁷
650 1422 739 1457 αὐτῷ·
765 1423 949 1458 προσεγγίσας

165 1470 193 1496 δὲ
209 1470 281 1504 λέγω
297 1469 365 1505 πρδς
388 1469 469 1496 αὐτόν
479 1476 486 1483 ’
501 1467 527 1494 τί
548 1468 621 1494 ἐστιν
639 1469 653 1494 ό
668 1468 767 1503 τρόπος
787 1467 833 1494 τοῦ
850 1468 949 1504 Θρήνου

166 1524 214 1542 σου
230 1515 276 1542 καὶ
290 1515 306 1549 ὴ
321 1514 442 1549 κατηφία
454 1514 474 1547 ⁸,
492 1514 539 1540 καὶ
550 1514 600 1540 οὐκ
615 1514 765 1550 ἁναχωρεῖς
780 1514 831 1540 τῶν
845 1514 947 1546 ἐνθάδε,

165 1560 207 1595 {in
231 1559 339 1595 πορνῶν
365 1560 412 1586 καὶ
441 1558 564 1592 ἀσελγῶν
590 1558 760 1593 καταγώγιον
775 1559 785 1574 ⁸
813 1558 949 1592 γυναικῶν

167 1605 300 1641 ὖπάρχει;
316 1604 376 1631 εἰπέ
390 1612 449 1638 μοι,
462 1603 622 1639 παρακαλῶ·
638 1603 694 1639 ἔχει
709 1603 763 1639 γὰρ
779 1604 949 1639 συμπάθειαν
963 1595 986 1624 Β

166 1651 266 1687 ¹πολλὴν
285 1652 299 1678 ό
311 1650 411 1686 θρῆνός
426 1658 482 1676 σου.
501 1650 547 1676 καὶ
566 1649 722 1685 ἀποκριθεὶς
737 1649 810 1683 λέγει
827 1657 888 1684 μοι·
902 1649 951 1684 φύ-

168 1707 219 1730 σει,
238 1697 324 1730 ἐνδοξε
343 1696 418 1723 δοῦλε
430 1695 477 1722 τοῦ
495 1695 572 1726 Θεοῦ⁹
595 1695 708 1728 ἄγγελός
731 1696 804 1730 είμι,
822 1695 915 1730 ὥσπερ
929 1695 951 1710 ιθ

167 1744 266 1775 πάντες
284 1743 310 1770 οἱ
329 1742 487 1778 Χριστιανοὶ
507 1741 535 1767 ἐν
554 1742 588 1776 τῇ
613 1740 672 1776 ὥρᾳ
696 1741 744 1767 τοῦ
768 1741 951 1776 βαπτίσματος

167 1788 282 1818 ἕκαστος
295 1786 427 1822 λαμϐάνει
443 1785 557 1820 ἄγγελον
572 1785 648 1820 παρὰ
663 1785 710 1811 τοῦ
724 1785 791 1811 Θεοῦ
801 1806 808 1817 ,
819 1786 886 1820 πρὸς
901 1794 951 1819 φυ-

167 1834 253 1870 λακὴν
265 1834 312 1861 καὶ
322 1833 426 1868 σκέπην
438 1833 485 1860 τοῦ
497 1832 572 1863 όντος
583 1828 633 1858 ὧδε
643 1831 796 1867 ἀνθρώπου,
809 1832 856 1859 καὶ
869 1832 953 1859 πολλὰ

169 1879 294 1914 θλίϐομαι
311 1878 380 1914 ὁρῶν
393 1877 474 1904 αὑτὸν
487 1873 531 1903 ὧδ’
551 1876 734 1911 ἐργαζόμενον
747 1878 806 1907 ταῖς
829 1877 954 1911 ἀνομίαις

170 1925 218 1952 καὶ
241 1924 386 1955 ἀσωτείαις
401 1924 434 1954 ¹¹.
453 1923 492 1955 ὡς
509 1923 557 1949 καὶ
575 1922 623 1949 νῦν
646 1923 675 1948 ἐν
696 1921 734 1957 τῷ
755 1922 918 1958 καταγωγίῳ
932 1923 953 1939 ¹¹

168 1970 255 2005 τούτῳ
269 1970 393 2004 κείμενον
406 1968 428 1984 ¹¹
444 1968 484 2000 εἰς
501 1969 631 2004 ἀνομίαν,
647 1967 685 1999 ὡς
699 1967 774 2002 ὁρᾷς,
792 1967 859 2002 μετὰ
874 1966 954 2001 τῆσδε

169 2014 218 2048 τῆς
234 2012 335 2048 πόρνης
346 2020 353 2027 ·
368 2012 415 2038 καὶ
432 2011 491 2044 πῶς
513 2013 550 2048 μὴ
574 2012 702 2048 θρηνήσω
726 2011 775 2047 τὴν
797 2011 890 2038 εἰκόνα
907 2011 954 2038 τοῦ

169 2058 238 2085 Θεοῦ
270 2059 310 2089 είς
337 2057 455 2085 τοιοῦτον
483 2058 578 2089 σκότος
614 2057 846 2089 κατασταθεῖσαν;
884 2056 955 2091 λέγω

128 2126 133 2129 .
171 2105 264 2142 [πρὸς]
279 2105 300 2121 ¹⁸
312 2105 393 2132 αὐτὸν
414 2105 469 2140 ἐγώ
480 2114 486 2120 ·
504 2105 550 2132 καὶ
566 2104 610 2132 διὰ
633 2105 659 2131 τί
678 2104 707 2130 οὐ
729 2104 862 2135 νουθετεῖς
875 2103 955 2130 αὐτὸν

170 2151 217 2179 τοῦ
233 2153 328 2187 φυγεῖν
343 2151 388 2178 τὸν
403 2151 484 2186 ζόφον
496 2152 545 2186 τῆς
562 2150 698 2186 ἁμαρτίας
712 2149 830 2185 ταύτης;
847 2150 894 2176 καὶ
912 2149 956 2176 λέ-

170 2207 215 2233 γει
233 2207 277 2234 μοι
291 2199 306 2225 ὁ
327 2197 457 2233 ἄγγελος·
479 2197 572 2232 ἐπειδὴ
590 2197 640 2223 οὐκ
660 2196 713 2231 ἔχω
732 2195 823 2231 χώραν
849 2195 956 2230 ἐγγίσαι

171 2244 239 2279 πρὸς
250 2243 342 2271 αὐτόν.
359 2242 406 2277 ἀφ’
420 2238 450 2269 οὗ
464 2242 518 2277 γὰρ
532 2241 633 2277 ἤρξατο
649 2242 735 2267 ποιεῖν
746 2241 796 2276 τὴν
809 2241 954 2276 ἁμαρτίαν,

171 2290 263 2322 δοῦλός
276 2291 335 2317 ἐστι
349 2288 494 2324 δαιμόνων,
512 2288 559 2314 καὶ
572 2287 698 2322 οὐδεμίαν
714 2285 837 2318 ἐξουσίαν
850 2286 903 2322 ἔχω
917 2287 956 2318 εἰς

171 2337 261 2363 αὐτόν.
277 2335 336 2371 [καὶ
347 2333 402 2368 ἐγὼ
415 2333 485 2367 λέγω
501 2332 569 2367 πρὸς
582 2331 663 2359 αὐτόν
709 2331 791 2358 πόθεν
808 2331 895 2366 δῆλον,
915 2331 956 2357 ὃτι

172 2381 299 2416 οὐδεμίαν
311 2379 434 2412 ἐξουσίαν
444 2377 526 2414 [ἔχεις
537 2377 570 2413 ⁸⁸]
581 2378 610 2403 ἐν
621 2376 706 2412 αὐτῷ,
720 2376 767 2403 τοῦ
778 2376 845 2403 Θεοῦ
856 2385 896 2402 σοι
907 2376 957 2403 αὐτ

172 2427 219 2454 τὸν
234 2425 480 2463 ἐμπιστεύσαντος;
496 2424 543 2450 καὶ
555 2423 628 2457 λέγει
643 2432 687 2458 μοι
698 2423 778 2450 πάλιν
794 2423 809 2449 ό
824 2423 953 2457 ἄγγελος·

173 2473 188 2498 ὁ
198 2472 263 2504 Θεὸς
275 2471 354 2507 ἡμῶν
368 2470 470 2504 ἀγαθὸς
478 2469 515 2496 ὢν
527 2470 574 2495 καὶ
586 2469 773 2504 φιλάνθρωπος
785 2468 955 2501 αὐτεξούσιον

173 2517 286 2552 ἐποίησε
300 2517 345 2544 τὸν
361 2517 512 2552 ἄνθρωπον,
523 2515 571 2542 καὶ
592 2515 669 2542 ἔασεν
683 2515 764 2542 αὑτὸν
779 2516 812 2550 τῇ
827 2515 956 2550 ἀρεσκείᾳ

174 2563 337 2599 πορεύεσθαι
351 2562 420 2595 ὁδόν,
434 2560 523 2594 δείξας
534 2560 608 2595 αὐτῷ
619 2560 668 2592 τὰς
681 2560 726 2587 δύο
737 2559 822 2592 ὀδοὺς,
836 2559 884 2595 τὴν
898 2568 957 2586 στε-

174 2609 222 2644 νὴν
237 2609 283 2635 καὶ
295 2608 344 2643 τὴν
358 2607 497 2640 πλατεῖαν,
512 2605 630 2641 εἰρηκὼς
645 2604 719 2640 αὐτῷ
732 2604 893 2640 ἀμφοτέρων
907 2605 955 2640 τὴν

960 927 982 955 Α
1043 921 1174 948 Narratio
1188 920 1320 948 horrenda
1337 925 1362 947 et
1377 920 1586 956 abalupcfaciens
1604 922 1731 949 animum:

1033 967 1107 994 Dixit
1122 968 1206 995 abbas
1223 967 1359 994 Macarius
1373 975 1379 994 :
1397 967 1484 999 Quum
1502 968 1635 995 venissem
1647 968 1780 996 Constan-

999 1013 1152 1047 tinopolim,
1165 1013 1329 1040 desiderium
1350 1013 1422 1040 enim
1444 1021 1487 1040 me
1506 1013 1654 1041 incesserat
1676 1015 1778 1042 visendi

997 1067 1068 1090 eam,
1081 1063 1107 1086 et
1120 1060 1287 1086 ambularem
1297 1060 1322 1085 in
1334 1059 1451 1093 quodam
1464 1059 1584 1094 porticu,
1595 1061 1707 1087 veritate
1715 1069 1780 1087 con—

997 1108 1116 1132 testante
1136 1105 1200 1131 mihi
1226 1103 1259 1131 ad
1276 1104 1343 1132 haec
1357 1112 1427 1139 quae
1450 1108 1598 1131 narrantur
1616 1113 1630 1132 a
1644 1114 1698 1137 me,
1713 1113 1780 1133 con-

998 1151 1084 1185 spicio
1096 1150 1196 1177 mentis
1207 1150 1305 1182 oculis,
1319 1149 1390 1177 datis
1405 1150 1471 1177 mihi
1486 1158 1501 1177 a
1518 1150 1633 1178 Dmnino
1648 1151 1681 1179 ad
1701 1153 1782 1179 intel-

998 1195 1104 1230 ligenda
1115 1195 1251 1222 mirabilia
1262 1196 1331 1227 eius,
1346 1196 1483 1222 hominem
1497 1196 1633 1230 quendam
1651 1201 1782 1232 tanquam

999 1241 1157 1268 eunuchum
1176 1245 1254 1268 extra
1270 1241 1449 1268 diversorium
1464 1242 1638 1268 meretricum
1654 1246 1781 1276 stantem,

997 1286 1077 1312 valde
1091 1285 1295 1317 contristatum,
1319 1285 1492 1321 obtegentem
1512 1286 1609 1313 faciem
1629 1294 1706 1313 suam
1723 1295 1783 1314 am-

998 1331 1086 1358 babus
1100 1331 1199 1366 palmis
1215 1331 1284 1362 suis,
1302 1331 1329 1357 in
1349 1331 1466 1366 speciem
1482 1331 1626 1366 gementis,
1642 1336 1672 1358 ut
1688 1332 1784 1359 crede-

998 1385 1043 1405 res
1067 1383 1095 1405 et
1117 1377 1222 1404 coelum
1249 1377 1452 1412 congemiscere
1475 1384 1536 1404 cum
1563 1385 1605 1404 eo.
1632 1377 1786 1412 Appropin-

998 1430 1086 1458 quans
1101 1427 1191 1450 autem
1210 1422 1273 1450 dico
1292 1423 1326 1449 ad
1344 1431 1406 1450 eum
1420 1432 1426 1449 :
1442 1422 1581 1456 Quaenam
1596 1427 1639 1451 est
1655 1424 1724 1450 ratio
1739 1431 1785 1459 ge-

998 1469 1081 1496 mitus
1094 1469 1133 1495 tui
1148 1473 1175 1496 et
1189 1476 1260 1504 quae
1272 1469 1463 1496 contristatio?
1481 1476 1531 1495 cur
1548 1476 1602 1495 non
1620 1470 1724 1497 recedis
1737 1469 1784 1497 de-

999 1515 1074 1546 hinc,
1091 1514 1164 1549 quod
1183 1515 1358 1542 meretricum
1375 1519 1403 1542 et
1420 1515 1583 1542 lascivarum
1604 1514 1786 1542 diversorium

999 1561 1144 1588 mulierum
1164 1561 1224 1588 est?
1239 1560 1286 1587 Dic
1302 1560 1380 1592 mihi,
1400 1561 1525 1588 obsecro.
1545 1560 1631 1588 llabet
1646 1561 1716 1587 enim
1733 1561 1786 1587 iiii-

1000 1607 1179 1633 scricordiam
1202 1607 1314 1633 multam
1337 1606 1454 1641 gemitus
1468 1609 1541 1633 tuus.
1564 1607 1599 1633 At
1618 1605 1786 1640 respondens

1001 1650 1070 1677 dixit
1083 1651 1148 1677 mihi
1162 1659 1169 1678 :
1186 1649 1299 1682 Natura,
1316 1649 1416 1685 inclyte
1432 1658 1509 1678 serve
1519 1650 1575 1682 Dei,
1589 1651 1701 1685 angelus
1713 1658 1784 1682 sum,

1002 1697 1075 1724 sicut
1098 1704 1195 1724 omnes
1213 1696 1363 1723 Christiani
1381 1697 1409 1723 in
1428 1696 1495 1723 hora
1518 1696 1690 1731 baptismatis
1706 1704 1786 1723 suum

1001 1742 1118 1777 quisque
1134 1742 1236 1776 accipit
1253 1742 1380 1777 angelum
1406 1749 1421 1768 a
1447 1741 1513 1774 Deo,
1531 1741 1564 1768 ad
1584 1741 1739 1768 custodiam
1758 1744 1787 1768 et

1002 1788 1116 1815 tutelam
1136 1787 1272 1814 versantis
1287 1787 1364 1814 hicce
1378 1786 1514 1819 hominis;
1530 1790 1556 1813 et
1569 1788 1682 1813 multum
1700 1786 1787 1813 tribu-

1002 1833 1054 1865 lor,
1069 1832 1165 1860 videns
1182 1840 1244 1860 eum
1262 1831 1307 1858 hic
1324 1831 1446 1859 deditum
1462 1831 1620 1858 libidinibus
1635 1836 1662 1858 et
1679 1830 1788 1866 spurci-

1003 1878 1058 1909 tiis,
1075 1881 1105 1904 ut
1124 1882 1150 1904 et
1167 1885 1240 1904 nunc
1265 1878 1293 1903 in
1315 1877 1468 1904 diversorio
1492 1876 1543 1904 hoc
1556 1876 1638 1912 286
1654 1883 1787 1903 concum-

1002 1923 1110 1950 bentem
1122 1922 1243 1950 libidinis
1254 1929 1348 1954 causa,
1358 1925 1388 1948 ut
1398 1921 1484 1953 vides.
1493 1928 1555 1948 cum
1568 1922 1618 1948 hac
1628 1921 1786 1954 meretrice;

1003 1972 1030 1995 et
1039 1967 1085 2002 qui
1095 1975 1149 1994 non
1162 1967 1300 2002 deplorem
1315 1967 1459 2001 imaginem
1471 1966 1517 1994 Dei
1527 1967 1649 1994 intantas
1661 1968 1787 1994 tenebras

1005 2014 1160 2042 deiectam?
1178 2012 1243 2040 Dico
1260 2012 1285 2039 ei
1301 2020 1351 2047 ego
1367 2022 1373 2039 :
1398 2011 1431 2038 Et
1444 2019 1494 2038 cur
1506 2019 1560 2039 non
1576 2011 1705 2039 admones
1723 2019 1786 2039 eum

1005 2060 1100 2094 lugere
1111 2059 1256 2094 caliginem
1275 2058 1357 2087 huius
1379 2058 1505 2094 peccati?
1518 2057 1552 2084 Et
1567 2058 1636 2085 dixit
1651 2058 1716 2085 mihi
1735 2065 1786 2085 an-

1005 2107 1101 2141 gelus:
1121 2105 1255 2139 Quoniam
1275 2113 1329 2132 non
1344 2105 1430 2132 habeo
1446 2104 1535 2131 locum
1549 2095 1787 2139 appropinquandi

1006 2152 1058 2179 illi.
1075 2151 1113 2178 Ex
1129 2155 1184 2186 q'uo
1202 2151 1274 2179 enim
1290 2150 1395 2185 occepit
1414 2149 1505 2178 facere
1519 2154 1672 2184 peccatum,
1691 2157 1788 2177 servus

1006 2200 1048 2225 est
1061 2197 1279 2229 daemoniorum,
1302 2200 1328 2223 et
1347 2196 1450 2228 nullam
1466 2199 1628 2230 potestatem
1655 2196 1741 2224 habeo
1759 2197 1789 2224 in

1006 2251 1079 2270 eum.
1107 2242 1151 2279 [Et
1163 2250 1213 2277 ego
1236 2242 1298 2269 dico
1322 2241 1355 2268 ad
1379 2249 1441 2268 eum
1456 2240 1476 2277 :]
1498 2240 1576 2268 Unde
1595 2241 1692 2276 liquet,
1715 2241 1789 2277 quod

1009 2289 1111 2315 nullam
1125 2291 1286 2323 potestatem
1301 2286 1410 2323 [habes]
1426 2287 1454 2314 in
1467 2295 1541 2319 eum,
1558 2295 1641 2322 quum
1655 2287 1726 2316 Deus
1739 2288 1789 2315 tibi

1009 2341 1070 2360 eum
1088 2333 1257 2360 crediderit?
1273 2332 1306 2359 Et
1323 2332 1469 2368 respondet
1486 2333 1551 2360 mihi
1569 2333 1702 2368 angelus:
1717 2333 1789 2361 Deus

1008 2383 1144 2411 nostrum,
1166 2380 1212 2414 qui
1229 2379 1318 2407 bonus
1332 2384 1374 2407 est
1388 2383 1415 2407 et
1437 2380 1576 2406 hominum
1596 2387 1702 2413 amans,
1719 2379 1789 2407 libe-

1008 2434 1068 2453 rum
1084 2426 1188 2453 creavit
1208 2426 1358 2458 hominem,
1375 2429 1402 2452 et
1420 2426 1483 2454 sivit
1505 2433 1567 2453 eum
1587 2426 1701 2453 arbitrio
1719 2425 1788 2452 insi-

1008 2475 1080 2498 stere
1097 2470 1181 2503 viam,
1205 2475 1362 2499 monstrans
1377 2472 1403 2499 ei
1424 2471 1494 2499 duas
1512 2472 1579 2504 vias,
1606 2479 1686 2498 unam
1704 2478 1790 2506 angu-

1004 2519 1090 2547 stam,
1126 2516 1239 2544 alteram
1271 2517 1372 2550 latarn,
1398 2517 1569 2545 constituens
1597 2517 1621 2545 ei
1645 2517 1789 2551 utriusque

1004 2561 1096 2592 ﬁnem.
1114 2566 1248 2597 angustae
1264 2563 1374 2598 quidem
1392 2567 1419 2590 et
1432 2563 1514 2590 tritae
1525 2562 1586 2590 viae
1602 2565 1708 2589 meatus
1724 2568 1789 2596 par-

1004 2615 1066 2634 vum
1081 2607 1192 2643 quidem
1215 2609 1335 2636 laborem
1356 2609 1488 2636 habentes
1507 2608 1535 2635 in
1549 2615 1692 2643 praesens,
1714 2611 1742 2634 at
1761 2607 1789 2634 in

160 2678 167 2707 ἱ
805 2672 933 2700 VARIAE
947 2675 1149 2705 LECTIONES.

214 2721 275 2759 [Ex
292 2721 376 2759 coni.,
392 2728 443 2759 pro
461 2720 573 2753 ξενίζον
592 2728 653 2759 Διςον
675 2718 745 2759 cod;
762 2718 935 2759 ξενίζοντα..
961 2723 971 2738 ¹
989 2722 1056 2750 Cod.
1083 2724 1290 2759 κοσταντίνου.
1328 2724 1340 2740 ³
1362 2724 1401 2751 Ex
1424 2723 1508 2756 coni.,
1537 2722 1599 2759 cod.
1630 2721 1788 2759 ἐπεθύμον.

175 2756 187 2772 ⁵
207 2756 252 2793 sic
266 2757 326 2784 cod.
364 2753 454 2793 '_Cod.
469 2755 674 2793 xurgmxéov._
702 2754 713 2770 ⁸
726 2753 764 2780 Ex
784 2754 868 2793 coni.,
884 2755 1143 2793 codaxpatoﬁr‘ra.
1174 2759 1184 2774 ⁷
1201 2758 1326 2792 Emend.,
1341 2759 1401 2786 cod.
1422 2753 1592 2792 συνεὸρήνῃ
1608 2757 1694 2793 (sic)._
1706 2753 1730 2793 _3
1743 2757 1790 2784 Sic

177 2791 243 2828 cod.
252 2799 301 2826 pro
313 2791 465 2828 κατήφεια.
493 2788 901 2828 '_Corr.,__cod._xam1rb1_s_or.
937 2792 960 2828 r'f’
976 2788 1044 2828 Cod.
1064 2793 1233 2828 καίῶσπερ;
1245 2802 1297 2821 vox
1317 2788 1364 2820 καὶ
1379 2788 1789 2828 ευροτνθοῖιηοιῖβὲδο’νῇςιοιωκ

180 2827 200 2841 ¹¹
216 2823 262 2864 Sic
283 2827 348 2864 cod:
363 2823 411 2864 pro
425 2825 578 2864 ἀσωτία-ις..
603 2825 624 2839 ¹¹
637 2824 705 2852 God.
719 2823 895 2864 καταγωλέῳ.

179 2861 253 2888 coni.
290 2862 312 2877 "
329 2858 415 2888 verba
432 2860 510 2888 uncis
526 2860 630 2887 inclusa
645 2867 677 2887 ex
696 2859 768 2887 coni.
784 2858 886 2886 addidi.

935 2827 956 2842 "
970 2827 1062 2862 Corn,
1078 2828 1139 2857 cod.
1163 2827 1308 2864 κείμενος.

1349 2829 1372 2844 ⁸⁸
1382 2826 1457 2862 πρδς
1481 2835 1536 2856 om.
1551 2827 1626 2861 cod.,
1644 2826 1735 2855 addidi
1755 2833 1792 2855 ex
