2048 3153
289 164 343 193 225

691 164 740 192 SS.
760 164 986 193 MACARIORUM
1005 163 1168 193 AEGYPTII
1193 164 1236 192 ET
1258 163 1490 192 ALEXANDRINI

1851 163 1904 190 εει

292 222 398 249 inlinlta
422 222 594 250 saeculorum
618 222 726 249 saecula
750 222 884 257 requiem,
911 223 981 249 latae
1006 229 1072 249 vero

1124 222 1209 254 λύσιν,
1231 222 1280 257 τῆς
1303 222 1353 257 μὲν
1372 222 1468 257 στενῆς
1491 221 1538 248 καὶ
1553 220 1734 256 τεθλιμμένης
1749 221 1771 236 η
1786 218 1847 246 ὀδοῦ
1871 223 1902 246 τὰ

290 267 459 302 punitionem
471 272 607 294 aeternam
625 271 652 294 et
663 267 750 302 ignem
763 267 906 302 gehennae
924 271 952 295 et
966 272 1072 294 ceteras

289 321 385 340 omnes
405 320 518 348 poenas.
536 312 675 345 Quaenam
701 313 850 341 admonitio
871 314 939 341 mihi
966 311 1071 348 reliqua

289 361 340 389 est.
355 365 407 392 qua
425 361 487 384 utar
505 358 532 385 in
549 358 622 386 hunc
638 359 787 392 hominem,
807 366 888 394 quem
903 359 968 386 mihi
988 359 1071 386 tradi-

288 403 329 429 dit
355 404 424 431 Deus
450 404 680 432 custodiendum?
704 404 764 440 Ipse
787 406 860 433 enim
891 405 1023 432 Dominus
1046 409 1073 432 et

289 447 360 474 Deus
378 452 471 476 noster
486 448 567 476 Jesus
582 450 717 482 Christus,
733 450 819 478 Filius
834 450 882 478 Dei
896 451 961 482 vivi,
977 451 1072 477 admo-

288 497 337 521 net
345 497 372 521 et
385 495 547 522 cohortatur
561 499 587 522 et
601 495 680 522 docet
689 503 795 529 onmes,
810 496 949 523 abstinere
961 496 1072 524 obscoe-

288 541 332 567 nis
348 541 488 575 operibus,
510 549 542 568 ac
561 542 604 568 vix
627 549 747 576 unquam
769 542 816 569 ulli
842 543 988 570 observant
1010 542 1073 569 dili-

287 592 382 621 genter
395 587 485 613 divina
498 587 580 613 verba
594 588 665 614 eius.
679 587 745 614 Dico
759 588 841 622 igitur
852 588 876 615 ei
890 597 896 616 :
909 588 964 615 Cur
980 586 1081 615 exten;

288 631 353 658 disti
368 636 535 659 manustuas
545 639 657 666 gemens
672 639 767 660 versus
779 633 903 660 coelum?
913 632 946 660 Et
959 641 1073 668 respon-

288 677 332 705 det
347 678 412 704 mihi
435 678 548 713 angelus
563 687 568 704 :
590 677 736 712 Conspicio
755 678 902 706 daemones
920 679 994 706 circa
1010 687 1072 707 eum

288 723 459 757 plaudentes,
475 727 502 750 et
523 723 593 750 alios
610 722 754 758 tragoedos
770 728 891 758 agentes,
908 724 977 752 alios
997 724 1072 751 deri-

288 768 382 795 dentes
399 775 459 795 eum
480 768 619 801 indecore,
642 773 670 795 et
692 768 795 795 idcirco
818 768 975 796 frendebam
991 777 1074 804 super

289 814 441 842 insolentiis
461 814 525 846 illis,
542 818 570 840 et
588 814 720 849 precabar
737 814 771 841 ad
787 814 882 848 Deum,
900 819 930 842 ut
946 822 1072 842 servare-

288 862 333 885 tur
355 865 371 884 a
397 857 576 885 daemonibus
602 861 727 885 creatura
750 859 825 892 eius,
847 863 874 886 et
899 859 983 886 donet
1005 859 1071 886 mihi

1122 267 1276 302 διαδήματα
1289 267 1384 302 μικρὸν
1396 268 1444 302 μὲν
1456 267 1536 293 πόνον
1547 267 1641 301 ἔχοντα
1655 266 1722 302 πρὸς
1731 266 1761 292 τὸ
1772 265 1858 300 παρόν
1870 265 1902 295 ’⁷,

1122 313 1168 340 καὶ
1183 314 1223 344 εἰς
1236 313 1430 348 ἀτελευτήτους
1443 313 1548 339 αἰώνων
1561 312 1661 343 αἰῶνας
1675 311 1724 346 τὴν
1741 311 1901 342 ἀνάπαυσιν,

1121 359 1171 394 τῆς
1181 358 1208 384 δὲ
1224 358 1352 390 πλατείας
1363 359 1471 385 κόλασιν
1484 358 1590 385 αἰώνιον
1601 358 1647 384 καὶ
1658 357 1688 384 τὺ
1705 356 1759 393 πῦρ
1769 357 1818 392 τῆς
1827 355 1905 390 γεέν-

1122 412 1170 439 νης
1184 403 1291 435 καὶτὰς
1303 403 1397 435 λοιπὰς
1413 404 1502 435 πάσας
1515 403 1649 434 κολάσεις.
1669 402 1748 429 ποίαν
1763 401 1903 428 νουθεσίαν

1122 449 1176 484 ἔχω
1196 449 1306 484 ποιῆσαι
1322 449 1413 476 λοιπὸν
1429 449 1495 485 πρὸς
1509 449 1555 476 τὸν
1567 449 1633 484 ἐμὸν
1644 449 1798 485 ἄνθρωπον,
1810 448 1839 474 ὃν
1857 456 1903 483 μοι

1122 494 1286 529 ἐνεχείρισεν
1301 495 1322 510 ¹⁸
1334 495 1348 520 ὁ
1370 495 1436 526 Θεὸς
1452 495 1500 521 τοῦ
1521 495 1631 521 σκέπειν
1644 494 1739 527 αὺτόν;
1754 494 1833 526 αὐτὺς
1847 493 1903 529 γὰρ

1121 541 1136 566 ὀ
1155 540 1248 576 κύριος
1265 541 1312 567 καὶ
1330 541 1395 573 Θεὸς
1410 542 1488 576 ἡμῶν
1509 541 1611 576 Ἰησοῦς
1626 540 1742 575 Χριστὸς
1758 540 1771 565 ὁ
1786 539 1903 570 Υἱὸςτοῦ

1121 585 1188 611 Θεοῦ
1202 585 1247 612 τοῦ
1258 585 1358 617 ζῶντος
1369 586 1486 612 νουθετεῖ
1499 587 1546 613 καὶ
1560 586 1713 621 παρακαλεῖ
1723 586 1769 611 καὶ
1783 585 1904 612 διδάσκει

1121 631 1226 662 πάντας
1240 631 1388 667 ἀπέχεσθαι
1405 631 1459 658 τῶν
1474 631 1583 667 σαπρῶν
1603 631 1742 667 πράξεων,
1766 631 1812 657 καὶ
1827 631 1903 666 μόλις

1122 677 1187 703 ποτέ
1205 685 1276 709 τινες
1297 678 1457 704 σκέπτονται
1474 677 1594 713 ἀκριϐῶς
1614 678 1677 708 τοὺς
1697 676 1783 708 θείους
1808 676 1904 710 λόγους

1122 722 1215 749 αὐτοῦ.
1227 722 1299 756 λέγω
1312 721 1357 749 οὖν
1374 724 1441 759 πρὸς
1457 723 1536 750 αὐτόν
1546 731 1552 738 ·
1564 722 1590 749 τί
1600 723 1733 754 ἐξέτεινας
1744 722 1792 754 τὰς
1809 722 1903 757 χεῖράς

1123 775 1169 793 σου
1185 767 1318 799 στενάζων
1333 768 1400 803 πρὸς
1414 768 1459 794 τὸν
1475 768 1587 803 οὐρανόν
1598 777 1604 800 ;
1617 768 1664 794 καὶ
1676 767 1751 802 λέγει
1766 776 1809 802 μοι
1826 767 1840 792 ὁ
1854 767 1904 801 ἄγ-

1123 812 1216 845 γελος·
1235 812 1289 848 ὁρῶ
1305 813 1367 844 τοὺς
1382 812 1510 847 δαίμονας
1524 812 1615 847 κύκλῳ
1631 812 1712 839 αὐτοῦ
1730 811 1902 847 κροτοῦντας,

1123 857 1171 883 καὶ
1191 857 1298 892 ἑτέρους
1314 857 1516 892 τραγῳδοῦντας
1534 857 1565 888 ",
1582 857 1708 893 [ἐτέρους
1719 857 1753 892 ὀ]
1768 857 1903 892 γελῶντας

288 912 370 931 unam
385 903 457 931 diem
474 903 569 931 laetari
585 904 613 931 in
627 912 659 932 eo
674 905 707 932 de
719 905 888 940 poenitentia
904 905 964 933 eius
981 909 1010 933 et
1027 914 1070 933 re-

1123 903 1204 930 αὐτοῦ
1221 903 1355 938 ἀσέμνως,
1368 904 1415 930 καὶ
1429 903 1522 930 τούτου
1540 903 1632 930 ἕνεκεν
1644 903 1802 938 διεπριόμην
1819 903 1840 918 ¹¹
1857 903 1904 928 ἐπὶ

287 949 347 976 ditu
369 949 401 976 ad
420 949 560 976 meliorem
574 950 657 976 vitam
671 955 698 977 et
718 951 901 985 confessione,
916 955 943 979 et
960 952 1070 987 dignum

287 994 380 1021 haberi
397 1002 451 1026 me,
467 995 511 1021 cui
529 994 652 1022 tradatur
668 996 759 1024 anima
775 997 835 1024 eius
852 997 879 1024 in
897 997 1072 1026 confessione

286 1044 313 1067 et
325 1040 491 1074 poenitentia
504 1040 716 1068 incontaminata
732 1046 758 1069 et
771 1050 838 1077 pura
854 1051 902 1078 per
916 1043 1070 1077 Dominum,

287 1085 435 1113 iustiﬁcata
461 1086 628 1120 benignitate
652 1086 711 1114 Dei.
735 1088 816 1123 287
838 1088 911 1116 llaec
937 1089 982 1116 ubi
1003 1089 1072 1116 dixit

286 1132 408 1166 angelus,
420 1130 553 1165 disparuit
565 1139 599 1158 ex
609 1132 696 1160 oculis
709 1135 787 1161 meis.
800 1134 864 1162 Dico
877 1139 967 1162 autem
980 1135 1070 1168 vobis,

286 1176 386 1202 fratres
396 1175 458 1207 mei,
467 1175 538 1210 quod
548 1181 623 1204 certo
636 1177 705 1210 scio,
717 1178 821 1205 nullum
831 1186 893 1207 esse
904 1179 1072 1207 immundius

287 1225 439 1255 peccatum,
457 1221 509 1248 nisi
523 1222 701 1255 adulterium,
720 1227 746 1250 et
759 1223 969 1252 fornicationem
983 1229 1010 1252 et
1025 1225 1073 1252 So-

287 1266 451 1292 domitarum
468 1267 559 1293 scelus
574 1266 744 1296 detestabile.
764 1267 792 1295 Si
810 1273 900 1296 autem
917 1270 944 1296 in
959 1270 1002 1298 his
1014 1278 1073 1305 pec-

287 1312 357 1339 catis
374 1320 488 1339 versans
509 1313 543 1340 ad
571 1313 710 1341 meliorem
733 1314 838 1349 frugem
861 1316 998 1343 rediturus
1019 1321 1071 1348 est,

287 1357 432 1392 benignius
451 1365 514 1385 eum
532 1359 631 1394 recipit
648 1359 720 1387 Deus
737 1368 820 1395 supra
831 1368 927 1389 omnes
945 1366 1072 1396 peccato-

287 1410 343 1436 res,
359 1404 423 1437 quia
439 1411 472 1430 εκ
488 1403 613 1431 libertate
630 1405 719 1432 oritur
731 1406 824 1439 passio
837 1427 844 1438 ,
862 1406 1011 1433 veliﬁcatur
1023 1414 1073 1433 au-

287 1450 342 1474 tem
359 1447 382 1474 ei
399 1447 524 1475 diabolus
543 1456 590 1483 per
614 1450 760 1483 pruritum.
782 1450 830 1477 Sin
852 1455 943 1478 autem
957 1455 1072 1479 conetur

287 1491 349 1526 quis
373 1492 538 1519 mortiﬁcare
561 1494 704 1527 passiones
726 1495 809 1523 hasce
831 1496 860 1522 in
881 1496 1021 1531 vigilantia
1046 1500 1072 1524 et

287 1537 464 1569 continentia,
479 1537 552 1565 Deus
568 1540 719 1575 exstinguit
734 1548 791 1568 eas.

1120 947 1155 974 τὰ
1178 947 1341 982 ὲλελίσματα
1355 948 1376 963 ¹¹
1391 949 1482 974 ἐκεῖνα
1505 948 1551 974 καὶ
1571 948 1696 983 ηὐχόμην
1712 947 1751 982 τῷ
1765 946 1834 981 Θεῷ,
1860 947 1903 972 ἵνα

1122 993 1207 1028 ρυσθῇ
1222 993 1275 1021 ἀπὸ
1291 993 1344 1020 τῶν
1361 993 1493 1028 δαιμόνων
1506 993 1536 1020 τὸ
1554 993 1667 1028 πλάσμα
1683 992 1775 1024 αὐτοῦ,
1790 993 1836 1019 καὶ
1850 992 1902 1018 δω-

1122 1039 1237 1074 ρήσηταί
1251 1039 1275 1054 “
1292 1048 1337 1074 μοι
1355 1039 1418 1075 μίαν
1434 1039 1540 1075 ἡμέραν
1562 1039 1678 1074 χαρῆναι
1689 1039 1711 1054 ἰ
1725 1039 1754 1065 ὲν
1770 1038 1844 1073 αὑτῷ
1858 1038 1904 1065 ἐπὶ

1120 1086 1153 1120 τῇ
1168 1085 1294 1120 μετανοίᾳ
1307 1085 1388 1112 αὐτοῦ
1402 1085 1449 1111 καὶ
1464 1086 1497 1120 τῇ
1513 1086 1664 1121 ἐπιστροφῇ
1683 1084 1737 1110 τῶν
1752 1084 1839 1118 ἔργων
1856 1084 1905 1110 αὑ-

1120 1131 1167 1158 τοῦ
1187 1131 1235 1157 καὶ
1254 1132 1286 1166 τῇ
1304 1131 1511 1166 ἐξομολογήσει,
1527 1131 1574 1157 καὶ
1596 1129 1743 1165 ἀξιωθῆναί
1758 1130 1780 1145 ’⁸
1806 1138 1838 1164 με
1856 1130 1903 1156 τοῦ

1121 1177 1304 1212 παραδοθῆναι
1315 1177 1337 1193 ¹⁴
1356 1177 1406 1212 τὴν
1429 1175 1516 1212 ψυχὴν
1543 1176 1625 1203 αὐτοῦ
1654 1177 1682 1202 ἐν
1708 1175 1904 1210 ἐξομολογήσει

1121 1222 1168 1249 καὶ
1190 1222 1318 1258 μετανοίᾳ
1338 1222 1449 1250 ἄσπιλον
1467 1223 1512 1249 καὶ
1534 1221 1655 1256 καθαρὰν
1673 1221 1716 1248 διὰ
1731 1221 1777 1247 τοῦ
1798 1221 1904 1255 κυρίου,

1121 1268 1263 1304 ἄμεμπτον
1276 1269 1297 1285 ¹⁷
1309 1271 1342 1304 τῇ
1351 1268 1497 1303 ἀγαθότητι
1509 1268 1555 1294 τοῦ
1571 1267 1649 1294 Θεοῦ.
1666 1268 1712 1294 καὶ
1723 1267 1807 1294 ταῦτα
1820 1266 1904 1293 εἰπὼν

1121 1315 1135 1341 ὁ
1149 1314 1262 1349 ἄγγελος
1276 1314 1393 1348 ἄφαντος
1412 1313 1519 1347 ἐγένετο
1535 1313 1588 1340 ἀπὸ
1605 1313 1657 1339 τῶν
1679 1312 1824 1347 ὀφθαλμῶν
1842 1320 1904 1347 μου.

1121 1360 1192 1394 λέγω
1218 1361 1245 1387 δὲ
1266 1361 1338 1395 ὑμῖν,
1365 1360 1472 1394 ἀδελφοί
1493 1368 1554 1394 μου,
1576 1361 1616 1386 ὃτι
1634 1359 1754 1394 ἀκριϐῶς
1771 1357 1840 1388 οἶδα,
1864 1358 1905 1384 ὅτι

1121 1406 1171 1433 οὐκ
1187 1405 1259 1432 ἔστιν
1274 1406 1340 1440 ἄλλη
1356 1405 1541 1440 δυσωδεστέρα
1559 1404 1698 1440 ἁμαρτία,
1718 1405 1742 1430 εί
1759 1404 1796 1442 μὴ
1812 1404 1829 1438 ἡ
1848 1412 1906 1438 μοι-

1121 1452 1182 1487 χεία
1195 1452 1218 1468 ³⁸
1229 1453 1276 1478 καὶ
1285 1452 1302 1486 ἡ
1314 1452 1426 1487 πορνεία
1444 1452 1490 1477 καὶ
1505 1452 1521 1486 ἡ
1533 1452 1555 1467 ’⁸
1570 1451 1624 1477 τῶν
1636 1451 1761 1486 Σοδόμων
1775 1451 1905 1477 ἐπικατά-

1123 1505 1216 1533 ρατος·
1233 1498 1280 1525 ἐὰν
1294 1498 1322 1524 δὲ
1336 1497 1407 1524 θέλει
1425 1499 1453 1523 ἐν
1468 1497 1572 1528 τούτοις
1589 1498 1644 1528 τοῖς
1658 1497 1852 1532 ἁμαρτήμασιν
1866 1495 1905 1522 ὢν

1123 1545 1302 1580 μετανοῆσαι,
1325 1544 1488 1580 θερμότερον
1512 1544 1618 1579 δέχεται
1629 1544 1650 1560 ³⁰
1666 1544 1746 1570 αὑτὸν
1760 1544 1781 1558 ³⁸
1802 1544 1816 1569 ὁ
1838 1542 1904 1573 Θεὸς

288 1583 359 1619 ὑπὲρ
382 1584 486 1616 πάντας
510 1585 572 1617 τοὺς
588 1586 782 1621 ἁμαρτωλούς,
808 1587 874 1614 διότι
895 1588 927 1614 ἐκ
943 1587 1131 1624 προαιρέσεώς
1144 1592 1201 1618 ἐστι
1217 1591 1247 1618 τὸ
1261 1591 1357 1624 πάθος,
1374 1591 1502 1626 πληθύνει
1518 1592 1538 1607 ³⁸
1556 1591 1584 1617 δὲ
1598 1590 1673 1626 αὐτῷ
1688 1592 1703 1618 ὀ
1721 1590 1844 1623 διάϐολος
1860 1589 1904 1616 διὰ

286 1630 331 1657 τὸν
351 1630 549 1666 γαργαλισμόν
564 1630 611 1657 ἐὰν
633 1631 661 1657 δὲ
679 1631 742 1668 θέλῃ
757 1641 799 1664 τις
810 1632 831 1648 ³³
844 1632 1001 1659 ἀποκτεῖναι
1020 1633 1054 1660 τὰ
1070 1634 1144 1669 πάθη
1166 1636 1251 1663 ταῦτα
1265 1637 1294 1663 ἐν
1313 1636 1449 1672 ἀγρυπνίᾳ
1466 1636 1513 1662 καὶ
1545 1636 1709 1672 ἐγκρατείᾳ,
1745 1635 1865 1670 ξηραίνει
1881 1634 1906 1650 ³⁸

287 1676 367 1703 αὑτά.

669 1730 697 1757 2.

480 1785 604 1813 Eiusdem
622 1786 691 1813 aliae
706 1788 883 1814 narrationes.

323 1832 502 1860 Dixitrursus
525 1833 595 1859 idem
615 1836 728 1860 sanctus
751 1832 905 1860 Macarius:
932 1833 981 1861 Die
1004 1840 1072 1868 quu-

288 1879 350 1906 dam
371 1880 502 1914 precabar
529 1878 562 1904 ad
586 1877 729 1905 Dominum
753 1878 848 1905 Deum.
869 1879 936 1906 Dein
958 1879 1071 1914 suspexi

289 1926 317 1953 in
332 1926 436 1953 coelum
451 1926 571 1956 intuens,
585 1929 612 1951 et
626 1932 700 1955 ecce,
713 1928 771 1952 erat
784 1929 919 1959 apertum,
935 1929 962 1952 et
983 1925 1070 1960 angeli

288 1972 336 1999 Dei
351 1972 397 1998 alii
412 1979 521 1999 sursum
537 1971 665 1998 meabant
678 1971 724 1998 alii
747 1971 887 2004 deorsum,
910 1973 1017 1998 animas
1032 1971 1072 1998 ef—

288 2019 417 2046 ferentes.
433 2018 543 2053 Aliquot
563 2022 653 2045 autem
669 2017 740 2052 nigri
762 2022 788 2045 et
802 2019 938 2046 tenebrosi
960 2018 988 2045 in
1010 2019 1072 2046 aére

288 2071 412 2098 magnam
425 2063 562 2090 habebant
576 2063 797 2091 colluctationem
810 2063 934 2099 rapiendi
947 2069 975 2092 et
985 2064 1072 2091 detra-

288 2110 370 2137 hendi
385 2110 490 2137 animas
507 2110 658 2136 hominum.
675 2110 773 2145 Angeli
794 2115 889 2137 contra
907 2110 1071 2138 resistebant

289 2156 397 2183 fortiter
410 2161 437 2184 et
453 2156 553 2188 valide,
573 2159 667 2190 utpote
689 2157 769 2183 valde
787 2157 963 2184 verberantes
981 2165 1029 2184 eos
1045 2162 1071 2184 et

289 2202 426 2230 salvantcs
438 2202 553 2229 animas.
567 2201 676 2230 Rursus
691 2202 823 2237 suspicio,
839 2207 865 2229 et
879 2210 943 2230 ecce
958 2202 1012 2229 duo
1023 2210 1071 2229 an-

289 2248 342 2283 geli
363 2248 391 2274 in
411 2248 518 2274 coelum
542 2247 661 2275 hominis
681 2249 799 2275 animam
816 2253 999 2283 asportantes.
1019 2248 1069 2276 Ubi

290 2293 373 2328 igitur
404 2293 661 2328 appropinquabant
690 2294 792 2321 telonio
820 2294 1010 2321 fornicationis
1043 2299 1071 2322 et

289 2339 486 2366 moechationis
501 2343 529 2367 et
551 2339 747 2367 andromaniae
762 2354 798 2360 —
813 2340 881 2367 haec
909 2340 982 2367 enim
1005 2345 1070 2368 sunt

1497 1741 1524 1766 2.

1277 1793 1332 1819 Τοῦ
1353 1793 1445 1820 αὑτοῦ
1469 1792 1554 1826 ἕτερα
1570 1792 1743 1827 διηγήματα.

1158 1838 1254 1872 Ἔλεγε
1270 1838 1349 1864 πάλιν
1364 1839 1378 1864 ό
1397 1838 1477 1870 αὐτὸς
1492 1838 1569 1872 ἅγιος
1584 1839 1740 1873 Μακάριος,
1758 1838 1799 1864 ὅτι
1811 1839 1841 1864 ὲν
1855 1838 1905 1872 μιᾷ

1120 1884 1214 1919 ἡμέρα
1227 1882 1261 1919 ἦν
1275 1885 1342 1918 πρὸς
1352 1883 1453 1919 Κύριον
1464 1883 1510 1910 τὸν
1524 1884 1589 1910 Θεὸν
1605 1884 1829 1919 προσευχόμενος.
1844 1881 1903 1910 εἶτα

1121 1929 1256 1964 ἀνέϐλεψα
1270 1930 1292 1946 ³⁵
1317 1930 1357 1961 εἰς
1382 1929 1427 1955 τὸν
1453 1929 1566 1964 οὐρανὸν
1589 1928 1664 1962 ἰδών,
1691 1930 1737 1955 καὶ
1757 1929 1811 1955 ίδοὺ
1827 1929 1850 1945 ³⁸
1869 1927 1904 1964 ἦν

1121 1975 1302 2010 ἀνεῳγμένος,
1311 1975 1359 2001 καὶ
1373 1975 1482 2009 ἄγγελοι
1497 1975 1544 2001 τοῦ
1558 1974 1625 2001 Θεοῦ
1639 1975 1663 2001 οἱ
1681 1974 1728 2009 μὲν
1741 1974 1791 2009 ἀνή
1797 1983 1903 2009 ρχοντο.

1121 2021 1145 2046 οἱ
1166 2020 1195 2047 δὲ
1211 2020 1387 2056 κατήρχοντο,
1409 2020 1457 2051 τὰς
1471 2020 1559 2055 ψυχὰς
1575 2019 1765 2055 ἀναᾳέροντες.
1783 2020 1854 2051 τινὲς
1874 2019 1905 2046 δὲ

1123 2066 1236 2100 μέλανες
1253 2066 1300 2091 καὶ
1314 2064 1442 2099 ζοφώδεις
1458 2065 1486 2091 ἐν
1501 2064 1539 2100 τῷ
1552 2065 1613 2098 ἀέρι
1627 2062 1697 2099 εἶχον
1713 2064 1904 2099 περισπασμδν

1121 2112 1204 2138 πολὺν
1219 2111 1240 2127 ³⁷
1255 2111 1301 2138 τοῦ
1315 2111 1448 2146 ἁρπάζειν
1464 2111 1510 2137 καὶ
1523 2111 1665 2145 κατασπᾷν
1680 2109 1729 2142 τὰς
1743 2110 1832 2144 ψυχὰς
1848 2109 1904 2136 τῶν

1120 2157 1270 2194 ἀνθρώπων
1281 2178 1289 2190 ,
1313 2158 1337 2184 οἱ
1359 2157 1388 2184 δὲ
1403 2157 1512 2192 ἄγγελοι
1526 2157 1686 2183 ἀνθίσταντο
1704 2156 1840 2191 κραταιῶς
1857 2157 1905 2183 καὶ

1123 2203 1238 2239 ἰσχυρῶς
1252 2203 1289 2234 ὡς
1303 2203 1403 2238 σφόδρα
1417 2202 1590 2237 μαστίζοντες
1603 2202 1700 2232 αὐτοὺς
1712 2202 1758 2227 καὶ
1772 2200 1906 2232 σώζοντες

1120 2250 1168 2280 τὰς
1184 2250 1282 2284 ψυχάς.
1300 2249 1389 2283 βλέπω
1405 2249 1432 2275 δὲ
1448 2248 1538 2281 πάλιν,
1553 2249 1598 2274 καὶ
1618 2248 1671 2274 ἰδοὺ
1687 2248 1708 2262 ³⁸
1728 2247 1774 2274 δύο
1794 2247 1905 2281 ἄγγελοι

1121 2296 1160 2326 είς
1182 2295 1227 2321 τὸν
1243 2295 1355 2330 οὐρανὸν
1374 2294 1462 2329 ψυχὴν
1485 2294 1627 2329 ἀνθρώπου
1644 2294 1780 2328 φέροντες.
1800 2293 1838 2324 ὡς
1858 2291 1906 2319 οὖν

1121 2341 1303 2377 προσέγγισαν
1325 2340 1363 2376 τῷ
1386 2340 1503 2376 τελωνίῳ
1519 2340 1541 2356 ³⁸
1563 2340 1613 2374 τῆς
1631 2339 1760 2375 πορνείας
1783 2339 1831 2365 καὶ
1854 2339 1907 2374 τῆς

289 2385 411 2412 omnium
439 2385 603 2412 teloniorum
624 2386 797 2420 turpissima;
812 2385 838 2412 in
851 2386 893 2412 via
907 2390 996 2413 autem
1013 2394 1071 2413 sur-

1125 2387 1246 2422 μοιχείας
1258 2387 1280 2402 "
1306 2387 1352 2413 καὶ
1371 2385 1550 2420 ἀνδρομανίας
1564 2385 1586 2402 ⁵³
1611 2401 1646 2405 -—
1664 2385 1750 2412 ταῦτα
1770 2385 1824 2420 γάρ
1852 2386 1907 2411 εἰσι

289 2439 351 2459 sum
380 2431 484 2458 ferente
516 2431 771 2466 appropinquabant
800 2431 917 2457 animam
946 2434 1069 2458 tenentes

290 2478 378 2512 angeli
401 2477 448 2505 Dei
470 2493 504 2499 —
529 2477 619 2511 coepit
640 2477 769 2511 princeps
796 2476 889 2503 telonii
913 2477 1070 2511 obstrepere

290 2524 458 2551 horribiliter
476 2527 503 2551 et
518 2524 693 2551 vehementer
705 2522 861 2558 perturbari
878 2530 909 2550 ac
927 2523 1019 2551 dicere
1037 2524 1070 2551 ad

1122 2433 1230 2460 πάντων
1243 2433 1295 2459 τῶν
1311 2432 1443 2459 τελωνίων
1463 2432 1623 2467 αίσχρότερα
1634 2440 1640 2446 ·
1655 2433 1683 2458 ὲν
1765 2432 1819 2466 γὰρ
1837 2431 1908 2466 πρὸς

1121 2478 1155 2504 τὰ
1171 2478 1226 2505 ἄνω
1237 2478 1348 2514 ἧγγιζον
1362 2478 1386 2504 oi.
1400 2477 1558 2512 κατέχοντες
1572 2478 1620 2512 τὴν
1632 2477 1720 2512 ψυχὴν
1734 2477 1845 2511 ἄγγελοι
1857 2476 1906 2503 τοῦ

1126 2524 1192 2550 Θεοῦ
1205 2523 1348 2559 -ἥρξατο
1369 2524 1383 2550 ὁ
1404 2524 1495 2559 ἄρχων
1515 2523 1560 2550 τοῦ
1581 2523 1707 2549 τελωνίου
1723 2522 1908 2558 ταράττεσθαι

918 2579 1044 2607 VARIAE
1063 2579 1262 2608 LECTIONES.

328 2636 350 2652 ¹⁶
366 2636 455 2666 Corn,
472 2635 533 2664 cod.
554 2636 731 2670 τετλιϐἐνης.

292 2671 480 2706 ττυδιοῦντιις,

292 2706 485 2746 διεπρισάμῃν.

770 2636 791 2652 ¹⁷
804 2636 892 2668 Corr.,
910 2637 970 2665 cod.
982 2639 1107 2673 παυρόν.
1146 2639 1168 2654 ιδ
1180 2638 1269 2668 Corn,
1286 2637 1347 2664 cod.
1364 2638 1576 2672 ἑνειχείρησεν.
1617 2637 1637 2654 ³⁸
1651 2637 1743 2667 Corn,
1757 2637 1818 2664 eod.
1839 2645 1908 2670 τρα-

517 2671 540 2686 ¹⁰
555 2671 652 2707 Vocem
674 2673 782 2707 ἑτέρους
804 2672 882 2699 uncis
903 2671 1086 2700 inclusam'ex
1107 2674 1179 2700 coni.
1197 2673 1298 2700 addidi.
1337 2673 1358 2688 ²¹
1374 2671 1441 2699 Cod.
1461 2671 1645 2707 ὄιεπριώμην.
1670 2675 1710 2698 An
1727 2672 1813 2699 maris
1829 2680 1906 2698 corr.

528 2706 550 2721 "
572 2706 617 2734 Sic
643 2708 716 2739 cod.,
743 2707 812 2742 forte
836 2707 1017 2742 ἐρεθίσματαῖ
1054 2708 1075 2723 ³³
1094 2707 1161 2735 Cod.
1190 2707 1370 2741 δορείσηται.
1408 2708 1431 2723 ’⁵
1451 2708 1517 2735 Cod.

1543 2707 1688 2742 χαρείναι.
1726 2708 1749 2723 ’⁸
1767 2707 1834 2734 Cod.
1858 2708 1907 2733 καὶ

292 2741 344 2768 τοῦ
359 2741 514 2777 ἀξιωθῆναι.
552 2742 575 2757 ¹⁶
585 2741 633 2777 Ex.
649 2742 732 2777 coni,
747 2741 1005 2777 οοᾱηπιῖιριιθοηναι
1024 2742 1097 2776 (sic).
1135 2743 1156 2759 ¹⁷
1175 2743 1213 2769 l‘lx
1226 2743 1309 2773 coni.,
1323 2743 1383 2770 cod.
1399 2743 1475 2777 ἀμμε
1488 2751 1566 2769 an.»
1585 2743 1657 2776 (sic).
1695 2742 1717 2758 ’⁸
1734 2742 1824 2770 Cor-ru
1841 2742 1905 2768 cod.

291 2776 401 2811 μοιχία.
440 2777 465 2811 ’ἢ
481 2776 518 2802 Ex
543 2776 632 2806 coni.,
653 2776 713 2803 cod.
734 2778 768 2803 sl.
809 2775 831 2791 ³⁰
851 2776 917 2803 Cod.
946 2777 1089 2811 δέχιιιται.
1129 2779 1149 2794 ³⁸
1171 2778 1238 2804 Cod.
1260 2778 1342 2804 αὐτό.
1382 2778 1403 2793 ³¹
1417 2775 1487 2805 Cod.
1505 2775 1654 2811 πληθύνη.

295 2814 357 2842 της.
407 2814 428 2826 ³⁸
447 2814 512 2837 Cod.
531 2814 666 2845 ξηραίνη.
705 2814 726 2827 ³⁵
746 2814 869 2841 En‘.end.,
888 2814 948 2837 cod.
965 2814 1149 2846 ἀναϐλέψας.
1199 2814 1221 2828 ³⁵
1240 2814 1276 2839 lix
1288 2814 1372 2842 coni.,
1389 2821 1421 2839 co

293 2844 363 2876 λήν.
400 2845 422 2861 ³⁸
441 2846 507 2872 Cod.
529 2846 603 2873 ἰδών.
638 2848 659 2862 ³⁹
678 2846 767 2879 Corn,
783 2846 844 2873 cod.
863 2846 900 2881 τῷ
912 2848 1052 2874 τελωνιον
1065 2847 1136 2883 (sic).
1175 2848 1198 2864 ⁵³
1215 2847 1280 2876 Cod.
1292 2848 1421 2882 μοιχίιις.

295 2809 357 2845 hic.
407 2810 428 2826 “
447 2810 512 2837 Cod.
531 2811 666 2845 ξηραίνη.
705 2812 726 2827 ³⁵
746 2811 869 2841 Emend.
888 2811 948 2837 cod.
965 2809 1076 2839 άίῖάϐλέ

1694 2777 1716 2792 ³³
1735 2777 1802 2804 Cod.
1823 2778 1904 2809 anan

1199 2813 1221 2828 ³⁸
1240 2812 1276 2839 Ex
1288 2813 1372 2842 coni.,
1389 2813 1453 2839 cod.
1471 2813 1543 2839 ὶδὸν.
1595 2813 1615 2827 ³⁷
1635 2812 1727 2843 Corn,
1743 2813 1803 2838 cod.
1829 2814 1906 2838 πολ-

1461 2849 1481 2864 “
1499 2848 1566 2876 Cotl.
1582 2847 1809 2882 ἀνθρομαγείας.
