2048 3153
277 156 330 184 227

669 155 718 183 SS.
753 154 983 184 MACARIORUM
1003 153 1162 181 AEGYPTII
1184 153 1227 181 ET
1248 153 1484 183 ALEXANDRINI

1846 154 1900 182 29.8

277 221 359 250 atque
370 215 396 242 in
408 222 503 243 omnes
514 215 660 246 insultans.
675 214 715 242 ira
726 215 911 242 exardescens
924 219 951 242 et
962 214 1060 241 imma-

1111 210 1154 239 ίνα
1166 213 1188 229 ⁸³
1204 214 1218 240 6
1230 213 1296 244 Θεὸς
1315 213 1371 249 ἔχει
1391 213 1500 249 ἐλεῆσαι
1518 212 1568 248 τὴν
1583 212 1671 248 ψυχὴν
1694 211 1787 238 αὐτοῦ.
1808 211 1900 246 ἔλεγον

276 262 349 289 niter
358 261 506 288 verberans
516 260 601 287 multa
608 260 753 288 homicidia
764 259 939 295 perpetravit.
951 259 1030 292 Quod
1037 260 1060 287 si

277 306 342 334 huic
353 307 469 333 debetur
481 306 566 338 salus,
578 306 695 341 accipite
706 310 734 334 et
746 306 879 333 mundum
891 306 1059 337 universum,

277 356 304 379 et
326 359 421 379 omnes
437 355 597 386 peccatores
619 356 708 379 terrae
728 352 849 387 gratuito
876 351 989 379 salvate.
1013 350 1061 377 Et-

252 403 258 412 ι
276 398 348 425 enim
375 406 426 425 nos
454 397 554 425 frustra
573 398 739 426 laboramus.
755 397 826 425 Tum
846 398 871 425 ei
894 397 1062 433 respondent

276 442 387 477 angeli:
414 444 563 476 Attendite,
583 444 688 476 miseri,
703 444 777 479 quod
799 443 891 471 omnia
909 443 967 474 illa,
991 450 1062 478 quae

276 488 397 522 peccavit
410 496 443 516 ex
460 489 599 517 iuventute
615 497 676 520 sua.
694 489 856 521 eradicavit,
873 492 901 516 et
920 489 1059 516 abrenun~

275 535 353 563 tiavit
370 535 414 568 iis,
431 539 457 563 et
474 536 546 563 Deus
563 536 588 562 ei
609 537 676 563 haec
692 535 810 563 remisit.
834 535 924 570 Atque
942 528 1062 563 eleemo-

275 587 359 614 synas
376 583 403 607 et
420 580 574 607 oblationes
591 587 640 615 per
656 580 816 608 sacerdotes
834 579 898 607 fecit
914 579 948 607 ad
967 579 1060 607 Domi-

275 633 341 652 num
355 625 439 652 Deum
454 634 502 660 pro
517 626 605 654 salute
618 625 726 653 animae
740 633 817 653 suae.
831 625 904 659 Quid
921 625 1006 660 igitur
1016 633 1062 652 νο⁸

272 671 317 699 bis
344 671 461 702 videtur,
490 671 594 699 bestiae
624 671 760 698 ioetidae?
789 671 959 699 Convenitne
989 671 1061 698 hanc

275 717 393 744 animam
413 718 502 745 salute
528 718 608 752 potiri
635 725 686 745 nec
709 717 765 744 ne?
787 716 893 744 Etenim
918 715 1060 750 Dominus,

275 762 415 790 hominum
429 767 544 796 amator,
558 763 610 790 ista
628 763 741 796 iudicat,
758 770 829 798 quae
842 770 891 798 per
905 762 1061 790 confessio-

275 816 336 836 nem
354 808 382 835 in
405 809 493 836 lucem
515 816 571 835 non
586 809 709 836 veniunt.
734 808 821 836 Omne
841 808 914 835 enim
935 813 1060 843 apertum

275 854 388 881 lux‘est.
409 853 476 880 Nam
496 854 598 886 omnia,
619 862 688 889 quae
705 854 911 881 confitebuntur
934 853 1060 881 homines

1110 259 1138 285 δὲ
1158 259 1238 286 πάλιν
1253 260 1278 285 οί
1293 260 1420 295 δαίμονες
1433 259 1664 294 ἐνθρηνησάμενοι
1674 257 1710 273 ⁸⁸⁸
1728 258 1762 284 ὲκ
1775 257 1900 293 νεότητος

1111 305 1192 332 αὐτοῦ
1213 305 1298 332 πολλὰ
1317 305 1435 341 ἔπραξεν
1449 305 1532 337 κακὰ,
1552 302 1596 331 οἶα
1614 304 1664 331 οὐκ
1682 303 1800 338 ἔπρεπεν
1819 303 1900 330 αὐτὸν

1111 351 1274 387 Χριστιανὸν
1287 351 1351 378 ὕντα
1363 352 1410 378 καὶ
1423 350 1543 386 εὐνούχῳ
1551 351 1584 384 ⁸⁸,
1600 350 1750 386 πορνεύων,
1765 350 1900 385 μοιχεύων

1113 398 1160 425 καὶ
1186 398 1300 433 μιαίνων
1326 397 1415 433 ἑαυτῷ
1440 398 1504 429 τοὺς
1525 397 1574 433 τὴν
1598 394 1740 431 σοδομινὴν
1763 396 1901 432 ἁμαρτίαν

1111 443 1314 478 ἐργαζομένους
1331 444 1364 476 ⁵⁸,
1386 444 1490 475 πάντας
1507 443 1535 470 δὲ
1554 442 1672 478 ὐόρίζων
1687 445 1735 468 καὶ
1756 441 1901 477 ὀργιζόμε-

1112 498 1156 521 νος
1172 489 1219 516 καὶ
1233 490 1342 516 τύπτων
1353 489 1447 521 δεινῶς
1460 489 1572 520 πολλοὺς
1590 488 1686 522 φόνους
1703 487 1859 523 εἰργάσατο.
1876 489 1901 515 εί.

1111 532 1158 561 οὖν
1175 534 1276 570 πρέπει
1298 534 1386 570 τούτῳ
1408 534 1543 570 σωτηρία,
1560 533 1657 560 λάϐετε
1675 533 1722 560 καὶ
1738 532 1784 559 τὸν
1799 532 1901 568 κόσμον

1111 579 1182 612 ὅλον,
1206 579 1254 606 καὶ
1275 580 1379 612 πάντας
1395 580 1457 611 τοὺς
1473 579 1650 614 ἁμαρτωλοὺς
1662 579 1710 614 τῆς
1726 578 1778 612 γῆς
1796 577 1900 604 σώσατε

1111 624 1235 660 δωρεάν·
1266 625 1346 660 ἡμεῖς
1361 625 1382 640 ⁸⁷
1411 625 1464 660 γὰρ
1492 625 1532 656 εἰς
1560 624 1646 659 μάτην
1676 623 1824 658 κοπιῶμεν.
1853 623 1902 650 καὶ

1111 670 1219 704 λέγουσι
1248 670 1308 696 τότε
1333 670 1400 705 πρὸς
1426 669 1507 696 αὑτὸν
1540 670 1564 695 oi
1592 668 1720 702 ἄγγελον
1741 668 1900 704 προσέχετε,

1111 715 1209 747 ἄθλιοι,
1234 716 1290 747 ὅτι,
1309 715 1381 750 ἅπερ
1398 716 1523 750 ἥμαρτεν
1541 716 1572 741 ἐκ
1591 714 1718 750 νεότητος
1743 714 1842 744 αὐτοῦ.
1869 715 1902 740 ἐκ

1113 761 1222 789 πάντων
1234 761 1345 788 ἐκείνων
1358 761 1470 796 ἐξέκοψε
1482 761 1528 787 καὶ
1539 760 1654 795 ἀπέστη,
1673 759 1719 786 καί¹
1735 759 1749 785 6
1759 759 1823 790 Θεὸς
1839 767 1901 785 συν-

1112 807 1235 844 εχώρησε
1259 807 1360 834 ταῦτα·
1386 808 1434 834 καὶ
1457 806 1641 842 ἐλεημοσύνας
1665 806 1712 832 καὶ
1743 805 1900 841 προσφορὰς

1113 854 1156 881 διὰ
1180 854 1234 881 τῶν
1251 854 1346 889 ἱερέων
1363 854 1474 887 ἐποίησε
1495 853 1562 888 πρὸς
1583 853 1678 888 κύριον
1704 852 1748 879 τὸν
1765 852 1830 878 Θεὸν
1848 852 1901 879 ὑπὸ

275 900 464 928 sacerdotibus
485 901 512 927 in
534 900 689 928 humilitate
712 901 799 928 multa
821 904 849 928 et
871 907 935 927 cum
954 899 1061 927 contri-

1111 900 1229 935 ψυχικῆς
1246 900 1382 935 σωτηρίας
1396 899 1489 927 αὑτοῦ.
1504 899 1531 926 τί
1546 897 1592 926 οὖν
1607 899 1671 934 ὑμῖν
1683 899 1705 914 ⁸⁸
1721 898 1805 930 δοκεῖ,
1820 898 1901 934 θηρία

275 946 348 972 tione
363 953 397 973 ex
416 949 474 972 toto
494 946 576 973 corde
600 954 662 979 suo,
681 946 854 973 abstinentes
871 945 951 973 malis
970 945 1061 980 operi-

275 990 335 1022 bus,
347 990 505 1018 misericors
520 989 593 1018 Deus
605 998 658 1018 non
675 991 803 1025 imputat.
819 990 871 1023 Qui
888 997 953 1017 vero
968 990 1062 1018 occul-

274 1039 332 1062 tant
347 1039 467 1070 peccata,
495 1039 524 1062 ut
548 1035 667 1067 luceant,
686 1035 741 1063 Deo
761 1040 788 1063 et
807 1035 922 1068 homini,
938 1042 986 1063 eos
1003 1043 1061 1063 om-

274 1088 323 1108 nes
338 1081 441 1108 iudicat
461 1080 533 1109 Deus
549 1085 577 1108 et
595 1081 721 1108 confutat
738 1086 766 1109 et
785 1081 951 1109 contumelia
968 1081 1059 1113 allicit,

273 1127 384 1162 ignique
398 1127 490 1153 tradit
511 1127 539 1154 in
561 1127 665 1154 intinita
685 1128 803 1155 saecula.
822 1127 895 1155 Haec
914 1135 996 1162 qutun
1013 1135 1062 1155 an-

273 1172 327 1205 geli
344 1172 488 1204 dixissent,
506 1173 667 1207 repulerunt
683 1172 771 1200 malos
791 1172 917 1207 spiritus,
931 1178 956 1201 et
973 1173 1013 1200 sic
1029 1173 1062 1200 il-

273 1217 329 1245 linc
339 1218 535 1245 discesserunt.
554 1217 586 1244 Et
601 1218 719 1253 ingressi
737 1221 803 1246 sunt
819 1218 846 1245 in
858 1224 965 1253 portam
980 1218 1060 1246 coeli.

267 1263 399 1291 Liberata
419 1268 461 1291 est
484 1268 575 1291 autem
591 1267 618 1291 et
636 1263 703 1291 haec
719 1263 812 1290 anima
829 1271 845 1290 a
861 1264 941 1291 malis
957 1263 1060 1298 spiriti—

273 1310 324 1336 bus
339 1309 468 1342 malitiae,
487 1313 514 1337 et
531 1310 640 1336 inventa
658 1314 701 1337 est
722 1310 820 1337 salutis
836 1310 975 1345 particeps
989 1309 1061 1345 apud

273 1355 370 1386 Deum,
387 1355 434 1390 qui
449 1356 537 1382 salvat
554 1358 710 1382 creaturam
729 1362 818 1382 suam.
836 1354 870 1382 Et
885 1362 948 1382 ecce
963 1363 1061 1383 rursus

273 1401 327 1427 alia
342 1401 433 1427 anima
454 1408 565 1428 sursum
587 1400 737 1433 ferebatur,
752 1407 823 1436 quae
837 1404 897 1428 erat
916 1401 1060 1428 admodum

274 1447 401 1481 religiosa
426 1454 457 1473 ac
474 1446 574 1474 timens
592 1446 688 1478 Deum,
708 1451 803 1482 utpote
820 1454 889 1481 quae
913 1447 1062 1483 eleemosy-

273 1499 337 1518 nam
355 1491 466 1526 largiter
481 1492 508 1518 in
524 1491 579 1518 vita
600 1498 648 1518 sua
664 1490 856 1519 distribuerat.
871 1491 993 1519 Habebat
1013 1500 1062 1518 au-

273 1541 328 1564 tem
344 1540 372 1564 et
390 1537 534 1564 caritatem
556 1544 622 1572 erga
644 1543 740 1565 omnes
752 1537 888 1569 homines,
910 1542 937 1564 et
950 1537 1062 1566 castita-

275 1589 329 1609 tem
347 1587 375 1609 et
395 1583 582 1610 sanctitatem.
607 1581 751 1610 Inhiabant
771 1590 837 1610 vero
855 1583 881 1610 ei
906 1582 1061 1613 daemones.

273 1628 491 1663 mittentibus
505 1628 563 1656 suis
576 1627 733 1656 frendentes
742 1628 769 1655 in
780 1635 850 1656 eam.
860 1629 958 1656 Anima
972 1633 1062 1657 autem

273 1674 462 1702 contremebat
470 1674 628 1709 conspicata
635 1674 809 1701 atrocitatem
819 1681 925 1707 eorum,
932 1679 959 1702 et
969 1675 1064 1702 confu-

274 1720 366 1753 giebat
381 1721 408 1747 in
425 1719 538 1747 brachia
557 1720 717 1754 angelorum
733 1719 791 1747 Dei.
805 1720 858 1752 Qui
873 1728 938 1748 vero
947 1720 1062 1748 descen-

273 1765 375 1791 debant
402 1764 490 1799 angeli
515 1767 628 1799 propter
648 1764 717 1791 alias
738 1765 855 1797 animas,
884 1770 1061 1792 occurrentes

272 1818 332 1837 eam
351 1809 517 1836 salutabant.
534 1807 646 1836 Factum
664 1812 705 1836 est
723 1813 813 1836 autem
828 1817 911 1844 quum
929 1809 1059 1845 ingrede—

272 1860 368 1882 rentur
381 1855 469 1890 angeli
489 1855 599 1882 ianuam
612 1854 692 1887 coeli,
707 1858 834 1882 tenentes
848 1859 972 1883 sanctam
986 1857 1059 1883 illam

272 1902 402 1932 animam,
416 1902 524 1934 obviam
543 1904 679 1928 venerunt
698 1908 793 1928 omnes
808 1906 957 1936 potestates
969 1903 1060 1929 coelo-

272 1957 343 1980 rum,
360 1952 387 1976 ct
400 1948 610 1975 consalutabant
619 1955 679 1975 eam
695 1947 846 1982 gaudentes
867 1955 898 1975 ac
913 1948 1036 1976 dicentes
1051 1958 1058 1976 ε

271 1993 363 2021 Gloria
379 1993 439 2026 tibi,
462 1993 542 2026 Deus,
568 1993 639 2029 quod
657 1994 797 2029 redempta
821 1999 863 2023 est
883 1995 951 2023 haec
967 1996 1058 2023 anima

271 2040 307 2068 ab
325 2040 379 2066 ima
393 2039 522 2074 voragine
532 2043 560 2066 et
575 2039 609 2066 ab
623 2039 762 2067 horrendo
777 2040 910 2070 dracone.
924 2041 957 2068 Et
971 2050 1059 2078 quan-

271 2090 329 2113 tum
344 2086 528 2114 ascendebant
548 2094 671 2120 sursum,
687 2090 764 2114 tanto
782 2088 869 2123 magis
886 2088 1059 2124 congratula-

270 2132 373 2160 bantur
396 2139 454 2159 eam
471 2139 566 2159 omnes
585 2132 698 2161 ordines
720 2133 866 2168 spirituum
894 2135 994 2162 laetitia
1013 2143 1059 2170 ge-

271 2178 393 2206 stientes.
408 2177 462 2204 Hoc
473 2177 545 2204 enim
559 2179 699 2213 proprium
713 2183 756 2206 est
770 2183 930 2207 sanctarum
943 2184 1059 2215 potestu-

1114 945 1292 982 σαπριώμενα
1307 946 1346 979 ⁴⁹;
1364 946 1468 981 πρέπον
1485 945 1544 972 ἐστὶ
1559 947 1591 981 τῇ
1609 946 1681 980 ψυχῇ
1704 945 1791 980 ταύτῃ
1812 953 1901 980 σωτη-

1115 991 1175 1028 ρίας
1188 993 1279 1026 τυχεῖν
1295 992 1312 1027 ἣ
1328 991 1358 1018 οὔ
1371 1000 1378 1024 ;
1396 992 1411 1018 6
1427 991 1480 1027 γὰρ
1496 991 1684 1027 φιλάνθρωπος
1699 991 1792 1027 κύριος
1810 991 1901 1017 ἐκεῖνα

1114 1039 1201 1074 κρίνει
1215 1039 1249 1070 ⁷⁰,
1272 1037 1289 1064 ἃ
1312 1038 1345 1064 δι’
1361 1037 1561 1072 ὲξαγορεύσεως
1590 1037 1629 1069 είς
1657 1036 1715 1072 φῶς
1741 1036 1790 1063 οὐκ
1813 1035 1902 1063 ελοου-

1115 1093 1166 1110 σιν.
1182 1084 1236 1110 πᾶν
1250 1083 1304 1119 γάρ
1316 1083 1345 1110 τὺ
1359 1083 1558 1119 φανερούμενον
1571 1083 1626 1117 φῶς
1639 1083 1722 1109 ἐστιν’
1737 1083 1824 1110 πάντα
1834 1082 1900 1118 γάρ,

1114 1131 1163 1157 ὅσα
1176 1130 1419 1166 ἐξομολογήσονται
1433 1130 1456 1156 οί
1469 1129 1607 1164 ἄνθρωποι
1625 1129 1669 1155 διὰ
1692 1129 1787 1164 ἱερέων
1808 1129 1837 1155 ἐν
1852 1137 1902 1155 τα-

1115 1177 1242 1204 πεινώσει
1259 1176 1342 1212 πολλῇ
1358 1176 1405 1203 καὶ
1427 1175 1571 1210 στεναγμῷ
1586 1175 1617 1207 ἐξ
1635 1174 1699 1209 ὅλης
1721 1175 1834 1210 καρδίας
1851 1175 1901 1201 αὺ-

1114 1223 1168 1249 τῶν
1180 1223 1226 1250 καὶ
1241 1222 1389 1249 παύσονται
1400 1221 1453 1248 τῶν
1466 1221 1591 1256 πονηρῶν
1602 1221 1738 1256 πράξεων,
1750 1221 1764 1247 6
1777 1221 1900 1255 ἐλεήμων

1115 1269 1180 1300 Θεὸς
1205 1269 1235 1296 οὐ
1259 1268 1406 1302 λογίζεται.
1430 1267 1478 1299 τὰς
1503 1267 1639 1303 ἁμαρτίας
1664 1267 1852 1302 κρύψαντας⁷1
1870 1267 1901 1293 τὸ

1114 1315 1202 1341 δοκεῖν
1219 1315 1273 1341 ἀπὸ
1288 1314 1355 1341 Θεοῦ
1373 1315 1420 1341 καὶ
1436 1314 1590 1350 ἀνθρώπου,
1611 1314 1713 1345 πάντας
1729 1313 1826 1345 αὐτοὺς
1842 1314 1900 1348 κρί-

1115 1370 1154 1387 νει
1167 1362 1190 1376 ⁷¹
1204 1361 1218 1387 6
1232 1360 1300 1392 Θεὺς
1312 1361 1361 1387 καὶ
1377 1360 1482 1396 ἐλέγχει
1502 1360 1547 1386 καὶ
1570 1359 1695 1391 ὀνειδίζει
1719 1360 1766 1387 καὶ
1780 1360 1819 1395 τῷ
1833 1360 1900 1395 πυρὶ

1115 1408 1255 1443 δοκιμάζει
1267 1408 1305 1438 εἰς
1320 1407 1514 1441 ἀτελευτήτους
1526 1405 1638 1437 αίῶνας.
1655 1405 1740 1432 ταῦτα
1750 1407 1774 1432 οἱ
1790 1406 1900 1440 ἄγγελοι

1115 1455 1237 1485 εἰπόντες
1262 1453 1428 1487 κατίσχυσαν
1445 1452 1467 1468 ⁷³
1483 1451 1516 1478 τὰ
1539 1451 1645 1486 πονηρὰ
1669 1451 1828 1485 πνεύματα,
1853 1452 1901 1478 καὶ

1115 1497 1200 1530 οὕτως
1214 1497 1356 1532 διέστησαν
1370 1496 1423 1524 τῶν
1443 1497 1511 1529 ἐκεῖ,
1526 1496 1573 1522 καὶ
1590 1496 1716 1531 εἰσῆλθον
1729 1496 1769 1527 είς
1788 1496 1837 1531 τὴν
1852 1496 1901 1522 πύ-

1115 1543 1164 1578 λην
1186 1542 1232 1570 τοῦ
1256 1542 1381 1578 οὐρανοῦ.
1397 1541 1567 1577 ἐλευθερώθη
1587 1541 1615 1567 δὲ
1638 1542 1684 1568 καὶ
1700 1541 1768 1576 αὓτη
1786 1542 1802 1576 ὴ
1825 1541 1899 1578 ψυχὴ

1114 1589 1167 1616 ἀπὸ
1179 1589 1233 1616 τῶν
1250 1587 1375 1623 πονηρῶν
1392 1588 1553 1623 πνευμάτων
1568 1587 1617 1622 τῆς
1633 1588 1778 1623 πονηρίας,
1792 1588 1838 1614 καὶ
1853 1588 1898 1614 εὖ-

1115 1634 1180 1670 ρέθη
1199 1634 1336 1669 σωτηρίας
1350 1633 1470 1668 τυχοῦσα
1487 1633 1561 1668 παρὰ
1576 1633 1643 1660 Θεοῦ
1658 1633 1704 1660 τοῦ
1724 1633 1854 1666 σώζοντος
1868 1634 1900 1660 τὸ

1113 1679 1226 1714 πλάσμα
1244 1678 1338 1705 αὐτοῦ.
1355 1679 1402 1704 καὶ
1419 1678 1472 1704 ἰδοὺ
1489 1678 1511 1693 ⁷⁸
1525 1677 1605 1704 πάλιν
1622 1679 1702 1714 ἑτέρα
1716 1679 1788 1714 ψυχὴ
1804 1679 1900 1714 ἀνεφέ-

1115 1733 1185 1760 ρετο,
1201 1726 1260 1760 ἥτις
1274 1725 1297 1740 ’⁷⁵
1311 1722 1344 1760 ἦν
1365 1724 1435 1750 πάνυ
1455 1723 1572 1758 εὐλαϐὴς
1586 1724 1632 1750 καὶ
1651 1724 1805 1759 φοϐουμένη
1816 1725 1839 1740 ⁷⁸
1853 1725 1899 1751 τὸν

1112 1771 1189 1803 Θεόν,
1201 1771 1250 1806 τὴν
1264 1771 1447 1805 ἐλεημοσύνην
1462 1770 1578 1806 ἰσχυρῶς
1593 1770 1638 1796 ἐπὶ
1654 1769 1725 1805 ζωῆς
1741 1771 1899 1797 πολιτευσα-

1113 1817 1180 1852 μένη
1193 1817 1226 1832 ⁷⁷·
1243 1814 1299 1851 εἶχε
1309 1816 1337 1843 δὲ
1349 1815 1396 1843 καὶ
1407 1816 1517 1851 ἀγάπην
1531 1815 1599 1851 πρὸς
1612 1816 1716 1848 πάντας
1727 1816 1897 1851 ἀνθρώπους,

1111 1861 1222 1896 ἁγνείαν
1242 1869 1271 1887 τε
1289 1861 1336 1887 καὶ
1356 1861 1516 1896 σεμνότητα.
1545 1860 1723 1895 ἐνεϐρύκοντο
1736 1861 1760 1876 ⁷⁸
1780 1860 1807 1886 δὲ
1829 1861 1896 1895 αὐτῇ

1111 1909 1134 1934 οί
1151 1907 1278 1942 δαίμονες
1295 1907 1434 1942 τρίζοντες
1450 1907 1513 1938 τοὺς
1529 1906 1638 1937 ὀδόντας
1658 1906 1747 1933 αὐτῶν
1769 1907 1829 1933 κατ’
1847 1907 1896 1934 αὐ-

1110 1953 1169 1988 τῆς.
1184 1954 1200 1988 ἡ
1216 1953 1243 1979 δὲ
1259 1952 1331 1987 ψυχὴ
1344 1951 1458 1988 ἕτρεμεν
1472 1951 1563 1987 ὁρῶσα
1573 1951 1622 1986 τὴν
1634 1951 1783 1987 ἀγριότητα
1796 1952 1896 1984 αὐτῶν,

1111 1999 1156 2025 καὶ
1179 2005 1345 2024 συνεστασαν
1377 1997 1417 2028 εἰς
1431 1995 1480 2028 τὰς
1497 1996 1621 2030 ἀγκάλας
1635 1996 1690 2022 τῶν
1704 1996 1827 2030 ἀγγέλων
1849 1996 1896 2022 τοῦ

1110 2044 1188 2070 Θεοῦ.
1204 2045 1228 2070 οἰ
1243 2044 1270 2069 δὲ
1285 2044 1481 2078 κατερχόμενοι
1498 2042 1608 2076 ἄγγελοι
1623 2041 1668 2068 ἐπὶ
1683 2042 1783 2077 ἐτέρων
1804 2042 1896 2077 ψυχῶν

1111 2089 1333 2119 συναπαντῶντες
1354 2088 1509 2122 ἠσπάζοντο
1525 2087 1620 2123 αὑτήν.
1639 2087 1747 2121 ἐγένετο
1762 2087 1789 2114 δὲ
1809 2089 1838 2115 ἐν
1858 2088 1904 2122 τῷ

1109 2135 1237 2168 εἰσελθεῖν
1260 2135 1322 2166 τοὺς
1337 2134 1469 2168 ἀγγέλους
1485 2134 1525 2165 εἱς
1541 2134 1589 2169 τὴν
1611 2133 1699 2168 πύλην
1714 2133 1762 2160 τοῦ
1780 2133 1896 2169 οὐρανοῦ

1110 2180 1272 2216 κατέχοντας
1286 2180 1308 2196 ⁷⁸
1330 2179 1379 2215 τὴν
1398 2179 1479 2213 ἁγίαν
1498 2179 1605 2215 ἐκείνην
1619 2179 1719 2214 ψυχήν,
1737 2179 1896 2215 ἀπήντησαν

272 2228 342 2257 tum,
356 2223 429 2258 quod
441 2223 574 2250 laetantur
587 2228 614 2251 et
624 2224 762 2252 exsultant
777 2225 812 2252 de
824 2233 988 2261 unaquaque
999 2227 1058 2253 ani-

1111 2228 1196 2253 πᾶσαι
1216 2227 1244 2252 αί
1264 2225 1392 2260 δυνάμεις
1411 2225 1466 2251 τῶν
1483 2225 1615 2260 οὐρανῶν,
1630 2225 1676 2251 καὶ
1692 2225 1897 2260 κατησπὰζοντο

270 2277 315 2296 ma
336 2276 406 2304 quae
420 2269 549 2296 salvatur.
569 2269 620 2297 Ubi
645 2278 710 2298 vero
734 2271 906 2299 advenerunt
924 2273 957 2299 ad
979 2273 1055 2300 thro-

271 2323 336 2342 num
360 2315 436 2341 illum
452 2315 603 2342 radiantem
625 2316 729 2350 gloriae
751 2316 809 2349 Dei,
825 2321 853 2344 et
866 2325 926 2345 eam
946 2319 1055 2346 beatam

271 2361 465 2396 praedicarunt
476 2361 547 2396 apud
559 2361 666 2389 Patrem
682 2370 774 2395 suum,
790 2368 817 2390 et
833 2363 918 2391 eﬂ‘usa
933 2369 975 2392 est
989 2373 1054 2400 gra-

270 2409 307 2436 tia
321 2408 368 2435 Dei
387 2414 412 2436 et
430 2408 531 2440 Patris,
554 2413 580 2436 ct
596 2409 654 2444 ipsa
679 2414 735 2436 tota
756 2412 858 2445 repleta
879 2416 921 2439 est
939 2412 1054 2439 immor-

269 2454 317 2482 tali
331 2454 436 2482 lumine
452 2459 478 2482 ct
496 2455 628 2483 odoribus
645 2459 671 2482 et
690 2457 835 2484 suavitate.
849 2457 882 2484 Et
895 2458 994 2485 tradita
1010 2463 1054 2485 est

270 2500 394 2527 lilichaéli
411 2500 527 2534 principi
552 2501 718 2533 testamenti,
735 2502 782 2536 qtti
807 2502 919 2530 duceret
943 2511 1003 2530 eam
1026 2504 1053 2530 in

269 2550 408 2573 aeternam
429 2546 560 2580 requiem.
578 2546 610 2573 Et
626 2554 690 2574 ecce
708 2547 761 2574 alia
789 2548 880 2575 anima
899 2548 1053 2576 ducebatur

269 2599 284 2617 a
295 2591 474 2618 daemonibus
485 2598 580 2626 aspere
592 2593 625 2619 ad
642 2592 755 2620 inferos.
772 2592 836 2620 Erat
852 2597 943 2621 autem
957 2602 1053 2627 onera-

1110 2272 1193 2307 αὐτὴν
1209 2271 1350 2306 χαίροντες
1370 2272 1415 2298 καὶ
1432 2271 1554 2305 λέγοντες
1564 2280 1571 2286 '
1585 2271 1648 2304 δόξα
1664 2279 1713 2302 σοι,
1730 2268 1752 2297 ὦ
1764 2271 1839 2302 Θεός,
1855 2271 1896 2297 ὅτι

1109 2318 1247 2354 ὲλυτρώϐη
1262 2319 1279 2353 ἡ
1291 2318 1363 2353 ψυχὴ
1374 2318 1442 2353 αῦτη
1455 2318 1508 2344 ἀπὸ
1522 2317 1620 2352 βάθους
1634 2318 1789 2345 κατωτάτου
1804 2318 1850 2344 καὶ
1864 2318 1897 2344 ὲκ

1108 2365 1155 2392 τοῦ
1173 2364 1259 2391 δεινοῦ
1276 2364 1420 2400 δράκοντος
1431 2373 1437 2379 ·
1457 2364 1516 2390 καθ’
1532 2365 1594 2390 ὅσον
1610 2363 1638 2390 δὲ
1654 2363 1793 2390 ἀνέϐαινον
1805 2364 1828 2380 ⁸⁸
1849 2364 1897 2391 ἐπὶ

1107 2412 1142 2439 τὰ
1154 2412 1220 2443 ἀνω,
1235 2411 1360 2438 τοσοῦτον
1373 2410 1629 2445 ἐπικατησπάξοντο
1642 2411 1728 2445 αὐτὴν
1743 2410 1832 2437 πάντα
1848 2411 1896 2437 τά-

1108 2466 1202 2493 γματα
1226 2457 1279 2485 τῶν
1309 2456 1462 2491 ἀσωμάτων
1493 2455 1700 2490 ἀγαλλιώμενα·
1732 2455 1810 2482 τοῦτο
1841 2455 1895 2491 γὰρ

1108 2503 1214 2538 ἔχουσιν
1227 2503 1254 2528 αἱ
1266 2501 1343 2536 ἆγιαι
1355 2502 1494 2536 δυνάμεις,
1507 2501 1537 2527 τὸ
1549 2501 1654 2536 χαίρειν
1669 2501 1716 2527 καὶ
1729 2501 1895 2534 ἀγάλλεσθαι

1107 2549 1149 2583 ἐφ’
1165 2549 1268 2583 ἑκάστῃ
1281 2547 1355 2582 ψυχῇ
1372 2547 1524 2584 σωζομένη.
1545 2547 1588 2573 ὅτε
1607 2547 1634 2572 δὲ
1653 2546 1774 2581 ἔφθασαν
1789 2548 1829 2578 είς
1849 2547 1895 2572 τὸν

1107 2594 1201 2629 θρόνον
1211 2594 1314 2619 ἐκεῖνον
1327 2592 1372 2619 τὸν
1382 2593 1511 2628 ἁστραῖον
1520 2593 1540 2608 ⁸¹
1554 2592 1602 2627 τῆς
1611 2591 1689 2628 δόξης
1699 2591 1746 2618 τοῦ
1759 2591 1838 2623 Θεοῦ,
1847 2592 1894 2617 καὶ

917 2647 1045 2675 VARIAE
1062 2646 1263 2675 LECTION‘ES.

304 2704 327 2719 ⁸³
344 2703 436 2736 Coni.,
456 2702 518 2731 cod.
543 2703 577 2735 ῖς.

269 2739 291 2754 ⁸⁷
313 2739 403 2770 Corn,
419 2738 482 2765 cod.
499 2739 589 2772 ἡμᾶς.

269 2773 317 2800 cod
323 2794 329 2800 .
348 2774 461 2807 κρείνῃ.

267 2815 338 2834 σαν.

266 2843 290 2857 TI]

628 2740 650 2755 ¹¹⁸
670 2741 761 2772 Corn,
779 2741 840 2767 cod.
856 2741 950 2775 ὑμεῖς.

505 2773 529 2810 ’ἱ
543 2773 584 2810 Ex
600 2776 687 2805 coni.,
702 2775 763 2807 cod.
778 2773 897 2809 κρύψας
911 2776 1014 2810 αὑτάς.

389 2808 412 2824 ⁷⁸
439 2808 506 2835 Cod.
525 2808 602 2838 ιόον.
654 2811 676 2826 ⁷⁵
696 2810 734 2837 Ex
753 2808 845 2842 conL,
870 2811 931 2838 cod.
953 2812 980 2837 el
993 2808 1057 2844 ⁷ης.

267 2879 318 2904 (to:
337 2882 442 2906 tantum
453 2882 529 2904 certo
547 2879 758 2913 dignoscantur.

629 2705 650 2741 ‘f
670 2704 707 2732 Ex
731 2706 815 2737 coni.,
840 2707 902 2733 cod.
929 2707 1180 2741 ἑνδριμισὸμενοι.

999 2742 1020 2758 ⁸³
1040 2740 1182 2772 Ει⁷οοιιί.,
1199 2741 1225 2768 in
1239 2741 1335 2768 codice
1356 2749 1407 2767 vox
1428 2741 1499 2768 lectu
1513 2740 1632 2768 dillicilis
1645 2744 1696 2767 est.

1062 2777 1084 2792 "
1101 2777 1190 2806 Corn.
1210 2776 1272 2803 cod.
1290 2776 1408 2808 κρείνει.

328 2843 393 2870 Cod.
411 2843 637 2881 ἐνείῗρυκοῦντο.
675 2846 697 2860 ⁷⁹
715 2846 808 2878 Corn,
831 2846 892 2873 cod.
911 2846 1099 2881 κατέχοντες.

1463 2705 1485 2721 ⁶⁵
1504 2705 1594 2738 Corn,
1620 2705 1681 2732 cod.
1701 2703 1891 2739 ἐργαζομένη.

1463 2745 1499 2766 :tu
1513 2740 1632 2766 dillicilis
1645 2744 1696 2766 est.
1753 2740 1776 2755 "°
1795 2740 1890 2766 Corn.

1456 2760 1490 2791 "‘
1499 2760 1718 2806 “god.
1735 2760 1891 2808 κατήσχῆΣ

1482 2811 1505 2826 ⁷⁷
1532 2811 1600 2838 Cod.
1625 2809 1889 2844 πολητευσαμένη.

1451 2846 1472 2862 ⁶¹
1490 2847 1528 2874 Ex
1541 2846 1627 2879 eoni.,
1641 2845 1669 2873 in
1681 2845 1775 2873 codice
1790 2845 1891 2872 literae

1235 2706 1257 2721 ⁵⁵
1279 2705 1325 2732 Sic
1349 2706 1410 2733 cod.

1110 2812 1133 2827 ⁷⁸
1154 2811 1221 2838 Cod.
1252 2811 1432 2845 φοϐουμένη.

1138 2846 1161 2861 ⁸⁸
1181 2846 1249 2874 Cod.
1260 2846 1412 2873 ἀνέϐενον.
