2061 3150
254 174 300 201 231

651 172 701 199 SS.
717 170 949 199 MACARIORUM
979 170 1142 199 AEGYPTII
1162 171 1205 199 ET
1226 172 1461 200 ALEXANDRINI

1830 176 1884 203 252

254 235 370 258 tractum
394 238 456 258 cum
477 227 608 257 stridore.
634 227 692 255 lloc
711 232 803 256 autem
824 227 938 260 faciunt,
955 233 995 262 ut,
1011 229 1043 256 "si

1095 230 1279 266 παρεμφερῆ·
1304 230 1365 257 ὅθεν
1389 231 1436 257 καὶ
1459 230 1496 263 ὡς
1515 230 1567 257 ὑπὸ
1584 230 1679 262 σικύας
1701 232 1882 268 αἰσθανόμεθα

253 277 367 304 insitum
379 276 472 303 calvae
487 274 606 302 calorem
622 275 655 301 ad
677 282 706 302 se
727 274 803 309 ipsos
818 275 964 305 traxerint,
988 275 1047 309 pal-

254 323 354 357 pelirae
372 321 487 348 humore
517 320 628 347 demum
651 325 678 347 et.
697 320 799 355 frigore
823 321 962 347 relaxatae
990 320 1045 346 cir-

254 366 405 393 cumﬂuunt
414 365 526 400 pupillis
542 365 694 392 oculorum.
704 364 794 397 Quare
804 364 949 399 palpebras
964 371 1046 399 saepe

255 413 278 440 si
306 412 486 445 contrectari,
509 411 600 439 inveni
626 412 714 439 instar
733 411 854 447 crystalli
878 417 1044 446 compactas,

256 462 396 492 totamque
409 456 506 484 faciem
519 456 620 483 mortui
633 456 750 483 similem
767 460 794 483 et
803 456 953 484 horridam.
971 457 1046 484 Atta-

251 511 315 530 mcn
336 500 450 530 somnus
470 503 603 530 naturalis
614 509 728 537 corpora
744 501 881 533 calefacit,
897 509 1045 529 sanorum-

251 557 306 584 que
322 550 416 576 vultus
431 548 534 576 nitidos
549 549 648 581 reddit,
665 547 738 583 quod
761 548 819 582 ipsa
832 555 942 582 quoque
956 555 1045 583 expe-

251 596 348 623 rientia
373 595 517 622 discimus.
543 594 597 622 Sed
621 595 659 621 illi
682 598 778 621 contra
804 598 930 621 naturam
946 602 979 622 ex
997 602 1046 622 ore

249 642 364 669 nimium
381 642 502 669 distento
517 641 708 668 oscitationem
724 639 855 671 eﬂiciunt,
870 644 1044 668 altenuantes

249 696 290 720 se,
310 692 338 715 et
355 687 487 714 interiora
509 687 566 714 oris
583 690 760 721 occupantes.
774 684 831 721 Ego
849 685 957 720 quidem
972 693 1043 714 non-

249 734 314 760 dum
336 734 388 761 hoc
408 733 541 766 intellexi,
571 732 622 760 etsi
646 739 776 767 persaepe
797 739 897 767 passus
921 732 990 766 sim;
1017 737 1044 760 at

249 782 374 804 sanctum
398 777 545 804 Macarium
574 777 666 803 audivi
690 777 724 804 de
734 777 787 804 hoc
797 777 1042 812 mihiloquentem,

248 822 295 856 qui
312 822 345 849 ad
360 830 415 850 rem
431 821 599 857 probandam
614 821 706 848 attulit
726 821 901 849 oscitantium
927 829 1044 849 consue-

248 868 382 899 tudinem,
396 875 427 895 os
435 868 513 902 signo
523 867 614 895 crucis
626 867 766 894 muniendi
783 875 816 895 ex
836 867 982 895 traditione
993 875 1044 894 an-

1095 275 1146 310 τῆς
1173 275 1293 310 κεφαλῆς
1321 276 1470 311 ἑλκομένης
1500 276 1569 311 μετὰ
1596 275 1722 312 τρισμοῦ.
1751 277 1830 304 τοῦτο
1854 278 1883 306 δὲ

1097 321 1228 353 ποιοῦσιν,
1237 323 1280 349 ἳνα
1293 322 1341 357 τὴν
1350 323 1561 358 ἐναποκειμένην
1569 322 1608 358 τῷ
1619 323 1722 358 κρανίῳ
1731 323 1883 360 θερμότητα

1095 366 1163 401 πρὸς
1177 367 1290 397 ἑαυτοὺς
1310 367 1509 402 ἐπισπώμενοι,
1531 367 1583 393 ὑπὸ
1600 366 1649 402 τῆς
1665 367 1814 403 ὑγρότητος
1827 368 1882 396 λοι-

1096 412 1146 438 πὸν
1161 413 1209 439 καὶ
1223 412 1390 448 ψυχρότητος
1407 412 1575 448 χαλασθέντα
1589 413 1623 439 τὰ
1638 412 1771 448 βλέφαρα,
1787 416 1882 450 περιρ-

1096 459 1148 493 ρυῇ
1162 459 1222 490 ταῖς
1238 458 1334 493 κόραις
1353 458 1407 485 τῶν
1429 458 1585 494 ὀφθαλμῶν.
1602 458 1730 490 πολλάκις
1747 459 1812 494 γοῦν
1830 460 1881 495 ψη-

1095 503 1229 538 λαφήσας,
1246 503 1393 530 κατέλαϐον
1409 503 1486 539 δίκην
1501 504 1668 540 κρυστάλλου
1689 505 1831 540 πεπηγότα
1848 506 1881 531 τὰ

1097 549 1218 585 βλέφαρα
1228 569 1235 582 ,
1249 550 1299 585 τὴν
1317 549 1344 576 δὲ
1367 549 1428 584 ὄψιν
1442 550 1646 586 νενεκρωμένην
1662 550 1725 586 ὃλην
1743 551 1788 577 καὶ
1803 551 1882 586 φρίσ-

1096 602 1205 622 σουσαν.
1224 595 1343 621 καίτοιό
1364 594 1477 628 φυσικὸς
1499 593 1581 626 ὕπνος
1600 594 1755 630 θερμαίνειν
1774 595 1823 630 μὲν
1847 595 1881 622 τὰ

1095 641 1209 675 σώματα
1221 640 1342 674 πέφυκε,
1361 640 1407 666 καὶ
1420 639 1474 666 τῶν
1493 640 1667 674 ὑγιαινόντων
1682 642 1730 672 τὰς
1744 641 1820 673 ὄψεις
1833 642 1880 667 ἁν-

1095 684 1182 720 θηρὰς
1194 685 1397 722 ἀπεργάζεται·
1409 685 1446 716 ὠς
1457 685 1514 712 ἐστι
1529 686 1576 712 καὶ
1593 686 1641 712 ἀπ’
1658 687 1743 722 αὐτῆς
1758 687 1808 722 τῆς
1823 687 1882 714 πεί-

1095 739 1145 765 ρας
1162 730 1273 766 μαθεῖν·
1298 730 1347 763 τὰς
1374 731 1402 757 δὲ
1426 732 1501 767 παρὰ
1520 731 1600 767 φύσιν
1622 732 1669 759 καὶ
1685 733 1881 768 διατεταμένας

1093 778 1186 813 χάσμα
1202 777 1322 809 ποιοῦσι,
1337 776 1514 809 λεπτύνοντες
1536 778 1648 810 ἑαυτοὺς
1675 779 1722 806 καὶ
1736 778 1791 805 τῶν
1807 779 1880 805 ἐνόον

1092 823 1139 850 τοῦ
1153 824 1284 859 στόματος
1295 824 1487 859 ἐφαπτόμενοι.
1501 823 1570 850 ἀλλὰ
1583 823 1662 850 τοῦτο
1676 825 1723 860 μὲν
1733 825 1788 859 ἐγὼ
1798 825 1879 860 μέχρι

1092 869 1143 903 τῆς
1164 869 1283 904 σήμερον
1303 869 1354 896 οὺκ
1375 869 1488 904 ἐνόησα,
1505 870 1593 896 καίτοι
1608 870 1736 902 πολλάκις
1754 871 1820 898 αὐτὸ
1832 879 1879 897 πε-

247 916 322 950 tiqua
347 913 545 941 immemoriali.
574 913 700 940 Ceterum
725 914 816 940 omnia
837 913 882 940 illa
908 914 1037 949 patimur,

1092 913 1212 945 πονθώςο
1231 913 1279 940 τοῦ
1301 914 1329 940 δὲ
1357 913 1435 948 ἁγίου
1451 915 1595 950 Μακαρίου
1615 916 1719 951 ἤκουσα
1741 917 1819 944 τοῦτό
1833 926 1878 953 μοι

247 962 310 996 quia
321 959 430 987 lectioni
442 967 495 986 non
507 960 673 986 attendimus
682 959 838 994 vigilanter,
848 967 936 995 neque
944 964 1038 987 sancta

1092 959 1268 995 λελαληκότος
1285 960 1332 987 καὶ
1347 961 1386 991 εἰς
1400 960 1535 993 ἀπόδειξιν
1548 961 1686 997 φέροντος,
1700 962 1747 989 τοῦ
1762 963 1878 999 σφραγί-

246 1008 293 1036 Dei
310 1007 364 1035 vivi
381 1006 492 1041 eloquia
504 1013 555 1034 nos
572 1006 661 1041 legere
680 1006 761 1033 nobis
775 1006 880 1033 conscii
896 1014 1003 1034 sumus.

1093 1004 1149 1036 ζειν
1173 1005 1236 1036 τοὺς
1262 1005 1461 1041 χασμωμένους
1481 1005 1510 1032 τὸ
1533 1006 1634 1042 στόμα,
1663 1007 1735 1034 κατὰ
1763 1007 1878 1043 ἀρχαίαν

247 1054 397 1089 παράδοσιν
419 1053 546 1088 ἄρρητον.
569 1051 655 1079 ταῦτα
674 1052 702 1078 δὲ
721 1052 808 1078 πάντα
823 1051 964 1087 πάσχομεν
985 1051 1028 1078 διὰ
1040 1050 1069 1078 τὸ
1088 1051 1125 1086 μὴ
1143 1050 1285 1087 προσέχειν
1303 1051 1439 1087 νηφόντως
1462 1052 1535 1087 ἡμᾶς
1558 1054 1591 1088 τῇ
1614 1053 1780 1087 ἀναγνώσει,
1810 1053 1878 1088 μηδὲ

247 1100 402 1137 μεμνῆσθαι
415 1099 457 1125 ὅτι
471 1097 550 1132 λόγια
565 1098 630 1132 ἆγια
644 1097 712 1124 Θεοῦ
730 1098 828 1130 ζῶντος
841 1097 1079 1132 ἀναγινώσκομεν.
1788 1094 1790 1096 ⁷

280 1147 307 1174 2.
324 1145 473 1181 Aegyptius
487 1152 571 1172 senex
587 1144 736 1177 Macarius,
754 1151 803 1172 vas
823 1144 890 1171 illud
906 1145 1034 1175 electum,

246 1192 424 1227 interrogavit
435 1199 488 1223 me,
505 1198 587 1226 quam
599 1191 634 1218 ob
645 1198 758 1218 causam
781 1196 953 1226 acceptarum
975 1191 1037 1225 qui-

245 1239 307 1267 dem
319 1239 353 1266 ab
369 1238 529 1265 hominibus
542 1237 705 1272 iniuriarum
719 1236 921 1264 reminiscendo
934 1242 1038 1263 inemo-

244 1286 302 1313 riae
316 1285 369 1312 vim
385 1291 418 1311 ac
439 1284 596 1311 facultatem
617 1283 644 1310 in
668 1283 760 1310 animo
787 1289 1037 1317 corrumpereuius,

246 1334 371 1364 acceptas
396 1336 461 1356 vero
487 1336 501 1356 a
529 1327 712 1355 daemonibus
744 1327 861 1362 injurias
889 1327 1038 1355 memoriae

245 1375 468 1403 connueudantes
498 1374 588 1401 illaesi
616 1381 798 1401 maneremus.
831 1373 954 1408 Curaque
979 1380 1030 1407 ego

246 1420 426 1448 haesitassem
442 1420 553 1454 ignarus
565 1417 631 1454 quid
645 1417 864 1452 respondendqu
883 1421 965 1450 esset,
982 1425 1030 1452 pc-

246 1466 406 1500 tiisscmque
427 1465 461 1491 ab
482 1464 547 1495 illo,
575 1468 605 1491 ut
622 1465 680 1499 ipse
696 1463 763 1490 milii
777 1464 837 1491 eius
861 1463 900 1490 rei
918 1470 1030 1490 causam

1124 1143 1151 1170 2.
1174 1144 1313 1180 Ἦρώτησέ
1337 1154 1370 1180 με
1394 1145 1424 1172 τὸ
1447 1144 1542 1177 σκεῦος
1557 1145 1607 1180 τῆς
1623 1146 1737 1180 ἐκλογῆς
1761 1147 1775 1172 ὁ
1795 1146 1878 1180 Αἰγύο

1090 1198 1168 1222 πτιος
1190 1190 1279 1225 γέρων
1294 1191 1450 1226 Μακάριος”
1473 1192 1500 1218 τί
1520 1192 1619 1227 δήποτε
1649 1191 1878 1227 μνησικακοῦντες

1091 1236 1140 1271 μὲν
1154 1237 1210 1268 τοῖς
1223 1235 1376 1272 ἀνθρώποις
1404 1236 1451 1271 τὴν
1465 1237 1682 1273 μνημονευτικὴν
1701 1237 1815 1272 δύναμιν
1828 1238 1878 1272 τῆς

1090 1281 1180 1316 ψυχῆς
1193 1281 1370 1316 ἀφανίζομεν,
1381 1281 1489 1316 δαίμοσι
1501 1282 1529 1308 δὲ
1543 1282 1774 1318 μνησικακοῦντες
1798 1282 1878 1310 ἀϐλα-

1093 1326 1149 1358 ϐεῖς
1164 1325 1328 1361 διαμένομεν
1341 1335 1348 1359 ;
1366 1326 1455 1361 κάμοῦ
1467 1327 1534 1362 πρὸς
1548 1327 1597 1362 τὴν
1613 1327 1758 1363 ἀπόκρισιν
1774 1328 1879 1363 ἀπορή-

1092 1380 1199 1404 σαντος,
1217 1372 1264 1398 καὶ
1284 1372 1505 1408 παρακαλοῦντος
1523 1373 1568 1399 τὸν
1584 1373 1661 1408 λόγον
1680 1373 1785 1409 μαθεῖν·
1798 1373 1877 1406 διότι,

1093 1419 1175 1453 φησὶν
1189 1419 1292 1450 ἐκεῖνος
1302 1438 1309 1450 ,
1325 1419 1356 1445 τὸ
1370 1419 1419 1453 μὲν
1440 1419 1571 1455 πρότερον
1586 1419 1661 1455 παρὰ
1684 1419 1778 1454 φύσιν,
1801 1419 1831 1446 τὺ
1847 1419 1877 1447 δὲ

1092 1463 1218 1499 δεύτερον
1232 1464 1303 1491 κατὰ
1316 1464 1396 1498 φύσιν
1410 1465 1468 1491 ἐστὶ
1485 1465 1531 1491 τοῦ
1547 1465 1634 1500 θυμοῦ
1650 1466 1698 1500 (a).

246 1516 395 1547 exponeret
411 1518 419 1538 :
433 1510 514 1544 Quia,
536 1510 635 1545 inquit,
658 1510 734 1544 prior
755 1509 865 1544 quidem
893 1507 1000 1535 affectio
1021 1513 1116 1535 contra
1140 1513 1276 1541 naturam,
1294 1509 1430 1544 posterior
1446 1517 1510 1536 vero
1529 1509 1680 1536 secundum
1697 1510 1780 1538 animi
1797 1514 1877 1537 natu-

246 1567 305 1586 ram
316 1563 367 1586 85L

281 1605 308 1632 5.
323 1603 434 1632 Accessi
450 1603 510 1638 ipso
530 1602 634 1629 fervido
650 1602 764 1629 meridie
785 1601 819 1628 ad
840 1604 965 1628 sanctum
982 1607 1030 1635 pa-
1049 1605 1071 1634 ο

249 1658 316 1680 trem
327 1649 489 1682 Macarium,
500 1652 527 1676 et
538 1648 583 1676 siti
594 1647 770 1675 vehementer
778 1654 927 1682 oppressus
935 1653 1036 1681 aquam

247 1696 313 1731 petii
327 1695 360 1722 ad
371 1695 529 1722 bibendum.
550 1693 575 1721 ls
595 1698 700 1721 autem:
720 1692 831 1725 Umbra,
853 1692 953 1727 inquit,
969 1699 1036 1719 con-

250 1745 338 1769 tentus
353 1745 421 1768 esto.
439 1739 516 1767 Multi
536 1740 620 1770 enim,
637 1738 682 1773 qui
695 1745 768 1765 nunc
794 1739 845 1765 iter
864 1737 968 1764 faciunt
993 1736 1036 1763 vei

248 1788 386 1822 navigant,
396 1786 477 1813 etiam
490 1786 571 1813 liuius
581 1788 676 1812 carent
690 1784 797 1812 solatio.
810 1783 875 1810 Dein
885 1782 1036 1817 disputanti

248 1833 314 1860 mihi
329 1837 356 1860 et
370 1833 403 1859 de
415 1832 579 1860 abstinentia
596 1839 659 1858 cum
675 1838 708 1858 eo
723 1829 892 1857 conferenti:
909 1828 1034 1859 Conlide,

249 1878 350 1914 inquit,
365 1878 418 1911 fili;
439 1882 511 1910 totos
528 1877 625 1912 viginti
640 1884 728 1903 annos
749 1882 836 1910 neque
853 1882 923 1909 pauc
948 1881 1036 1909 neque

248 1932 318 1960 aqua
328 1933 414 1959 neque
423 1931 520 1951 somno
533 1931 599 1950 usus
615 1931 675 1950 sum
686 1922 720 1949 ad
732 1921 894 1949 satietatem.
907 1920 973 1947 Nam
987 1927 1036 1954 pa-

248 1978 312 1998 nem
325 1977 415 1997 meum
429 1974 504 1996 certo
517 1968 638 2004 pondere
652 1967 767 2000 comedi,
779 1974 876 2003 aquam
892 1966 946 1993 bibi
963 1970 1037 1992 certa

248 2023 389 2047 mensura,
405 2023 436 2042 ac
450 2015 539 2043 somni
549 2015 674 2049 exiguam
689 2017 793 2049 partem
805 2012 955 2040 sutl‘uratus
975 2018 1036 2039 sum

249 2061 407 2089 iuclinaudo
423 2069 466 2088 me
485 2060 519 2088 ad
535 2061 662 2096 parietes.

1122 1600 1147 1626 5.
1170 1598 1327 1634 Παρέὃαλον
1350 1599 1411 1625 κατ’
1437 1599 1522 1634 αὐτὴν
1541 1598 1590 1634 τὴν
1613 1599 1747 1634 σταθερὰν
1769 1608 1876 1635 μεσημ-

1091 1645 1170 1680 ϐρίαν
1185 1644 1224 1679 τῷ
1244 1644 1314 1679 ἁγίῳ
1336 1645 1420 1678 πατρὶ
1439 1645 1590 1680 Μακαρίῳ,
1609 1645 1655 1671 καὶ
1670 1645 1729 1671 λίαν
1751 1645 1802 1672 ὑπὸ
1823 1645 1875 1680 τῆς

1090 1690 1168 1726 δίψης
1196 1691 1361 1725 φλεγόμενος
1383 1690 1463 1725 ᾔτουν
1486 1690 1557 1725 ὕδωρ
1579 1692 1659 1717 πιεῖν.
1684 1691 1698 1717 ὁ
1720 1690 1748 1717 δέ
1773 1699 1872 1725 φησιν·

1089 1737 1238 1773 ἀρκέσθητι
1252 1738 1285 1772 τῇ
1302 1737 1366 1771 σκιᾷ
1376 1745 1382 1750 ·
1399 1736 1490 1762 πολλοὶ
1506 1737 1561 1771 γὰρ
1573 1735 1620 1763 νῦν
1636 1735 1836 1771 ὁδοιποροῦντες
1855 1735 1872 1772 ῆ

1089 1783 1216 1814 πλέοντες
1247 1783 1293 1809 καὶ
1314 1783 1415 1816 ταύτης
1432 1782 1599 1817 ἐστέρηνται.
1619 1779 1678 1808 εἶτα
1698 1781 1792 1815 λόγους
1820 1790 1871 1815 μου

1089 1829 1157 1863 πρὸς
1178 1829 1259 1855 αὐτὸν
1282 1829 1347 1864 περὶ
1365 1828 1527 1863 ἐγκρατείας
1549 1827 1749 1863 γυμνάζοντος·
1766 1826 1871 1861 θάρσει,

1089 1874 1181 1910 φησιν,
1208 1871 1230 1900 ὦ
1242 1874 1352 1908 τέκνον,
1368 1874 1396 1900 ὲν
1411 1874 1481 1906 ὅλοις
1496 1873 1585 1900 ἐτεσιν
1605 1874 1692 1900 εἴκοσι
1715 1872 1776 1899 οὔτε
1789 1873 1872 1906 ἄρτου

1088 1920 1148 1946 οὕτε
1164 1920 1258 1952 ὓδατος
1284 1920 1346 1946 οὔτε
1363 1920 1448 1947 ὖπνου
1464 1920 1543 1955 κόρον
1555 1920 1653 1954 εἴληφα
1665 1928 1672 1934 ·
1690 1919 1736 1945 τὸν
1753 1918 1803 1954 μὲν
1818 1918 1873 1954 γὰρ

1088 1966 1169 2002 ἄρτον
1187 1974 1237 2001 μου
1252 1966 1344 2001 ἤσθιον
1359 1965 1482 2000 σταθμῷ,
1497 1965 1527 1991 τὸ
1540 1965 1567 1991 δὲ
1583 1965 1654 2000 ὕδωρ
1665 1964 1754 1990 ἔπινον
1770 1963 1872 1999 μέτρῳ,

1088 2011 1144 2042 τοῖς
1159 2011 1259 2046 τοίχοις
1275 2010 1304 2036 δὲ
1323 2010 1442 2045 ἐμαυτὸν
1464 2009 1653 2046 παρακλινων,
1667 2008 1764 2045 μικρόν
1783 2017 1809 2035 τι
1823 2006 1873 2034 τοῦ

1091 2055 1176 2083 ὕπνου
1191 2055 1274 2092 μέρος
1283 2053 1445 2091 ἀφήρπαζον
1457 2054 1505 2090 (b).

998 2113 1126 2143 NOTAE.

283 2177 323 2212 (ιι)
344 2177 385 2206 Cf.
411 2177 490 2205 Socr.
514 2177 586 2204 Hist.
611 2176 685 2204 Eccl.
711 2175 881 2212 libr._lV__cap.
899 2173 1027 2212 οδε-νγ.
1083 2174 1155 2212 Mori.
1228 2174 1287 2212 I_p.
1301 2173 1364 2212 διες

249 2205 302 2241 Pi‘.
316 2205 420 2245 iiosw.,
446 2212 523 2239 lib.V
537 2212 622 2239 libell.
636 2210 794 2244 10,54;lib.
807 2205 919 2244 Vticap.
937 2209 1028 2242 57,4;
1084 2244 1088 2245 γ
1118 2209 1212 2245 (ἁμὶΐ.
1240 2205 1318 2245 Socr.
1342 2206 1506 2245 liistLEccl.
1520 2207 1541 2236 Ι.
1564 2207 1604 2241 ι.;
1631 2205 1688 2234 νγ.
1709 2205 1759 2234 PP.
1778 2205 1870 2233 Bouv.

251 2243 418 2275 Sententiae
430 2249 544 2283 Aegypt.
566 2243 980 2283 Pii,EiiAApoplithegmata).
1003 2253 1027 2271 ν.
1083 2243 1130 2272 lib.
1146 2243 1195 2277 Vl,
1211 2244 1283 2272 libcll
1297 2243 1325 2276 4,
1339 2243 1382 2272 17.
1400 2243 1443 2270 18.

251 2284 385 2311 Macarius
400 2279 552 2318 Aegyiiii'us,
565 2282 578 2318 §
597 2279 838 2313 XXXVI,Coteler.
848 2279 921 2306 Eccl.
933 2279 1029 2306 Graec.

807 2351 1849 2367 Μ

1043 2431 1083 2462 ll.

644 2515 1005 2550 APOPHTHEGMATA
1029 2513 1171 2545 SANCTI
1186 2512 1355 2543 MACARII
1369 2511 1500 2543 MAGNI

953 2578 1164 2617 [AEGYPTII]
1376 2574 1381 2579 ’

878 2672 891 2689 Α
910 2670 994 2690 μετκο
1018 2668 1125 2688 Ροεςικο
1150 2668 1240 2686 Ευιτιι.

619 2727 687 2752 Iclri
708 2726 802 2751 Possint
813 2726 953 2751 'fliesaurus
965 2722 1094 2750 asceticus,
1113 2721 1212 2745 Parisiis
1223 2720 1293 2748 16M,
1305 2719 1338 2749 L",
1351 2719 1423 2750 p.253
1434 2725 1487 2748 sqq.

283 2845 400 2879 Quidam
417 2854 433 2874 c
456 2846 586 2874 fratribus
611 2846 788 2880 interrogavit
806 2845 952 2873 llacariuui
972 2853 1029 2872 ma-
1047 2848 1053 2875 1

1119 2842 1197 2877 231
1228 2841 1351 2876 meoet,-
1387 2839 1512 2875 ἠρώτησε
1540 2838 1585 2864 τὸν
1611 2837 1697 2864 essay
1727 2835 1872 2870 Μακάρων

250 2899 333 2924 gnum
347 2891 482 2923 abbatem,
493 2891 648 2926 exquirens,
661 2898 796 2925 quaenam
811 2895 928 2924 csset,ct
940 2892 1031 2925 inquo

1092 2890 1130 2916 τὸν
1146 2889 1245 2924 μέγαν,
1262 2887 1347 2920 λέγων
1368 2887 1430 2920 περὶ
1446 2884 1625 2918 τελειότητος·
1645 2884 1691 2910 καὶ
1713 2881 1873 2917 ἀποκριθεὶς
