2061 3150
180 149 233 176 233

848 145 1162 173 APOPHTHEGMATA.

1755 147 1809 177 23‘

180 209 196 235 ὸ
213 206 303 242 γέρων
322 204 413 233 εἶπεν·
429 206 476 232 ἐὰν
499 205 535 241 μὴ
559 206 691 240 κτήσηται
710 206 851 241 ἄνθρωπος
873 206 968 232 ταπεί-
982 222 988 236 Α

1039 206 1071 232 ita
1083 205 1224 240 perfectio.
1234 205 1413 240 Respondens
1423 213 1518 233 senex:
1530 203 1598 237 Nisi,
1608 204 1704 239 inquit,
1715 205 1810 239 aequi-

181 260 263 279 νωσιν
279 250 400 286 μεγάλην
417 251 450 285 τῇ
467 250 565 286 καρδίᾳ
576 249 658 276 αὐτοῦ
674 249 722 276 καὶ
733 250 772 285 τῷ
789 251 910 285 σώματι·
925 251 971 277 καὶ

185 296 223 332 μὴ
245 297 353 332 μετρεῖν
375 296 472 322 ἑαυτὸν
485 295 514 322 ἐν
535 304 588 322 τινι
605 296 765 332 πράγματι·
787 296 856 324 ἀλλὰ
872 296 972 332 μᾶλλον

184 343 286 370 τιθέναι
302 342 398 369 ἑαυτὸν
411 343 441 368 έν
458 341 619 368 ταπεινώσει
633 341 761 368 ὑποκάτω
773 341 824 376 τῆς
838 342 953 373 κτίσεως
963 349 970 356 ·

186 387 274 416 καὶτὸ
287 386 325 422 μὴ
337 388 430 422 κρῖναι
441 387 510 419 ὅλως
518 386 579 413 τινὰ
588 387 612 412 εἰ
624 386 661 422 μὴ
673 386 766 413 ἑαυτὸν
779 387 871 422 μόνον·
885 386 933 413 καὶ
943 385 974 413 τὸ

186 433 332 469 ὑποφέρειν
344 432 424 468 ὓϐριν
434 441 443 449 ⁸
456 432 503 459 καὶ
513 432 543 459 τὸ
551 433 730 468 ἀπορρίπτειν
738 432 792 459 ἀπὸ
800 433 849 469 τῆς
862 433 974 469 καρδίας

186 479 276 505 πᾶσαν
287 477 386 505 κακίαν
396 485 403 491 ·
420 477 466 504 καὶ
480 476 621 512 βιάζεσθαι
640 477 735 504 ἑαυτὸν
749 475 819 504 εἶναι
842 477 978 514 μακροθυ-

188 532 248 560 μον,
259 524 385 560 χρηστὸν,
395 523 565 558 φιλάδελφον,
576 524 712 559 σώφρονα,
721 524 844 560 ἐγκρατῆ
853 534 859 540 ·
876 524 974 559 γέγρα-

186 579 253 598 πται
262 571 317 606 γάρ
326 570 363 605 (a)
368 578 375 585 ·
382 569 519 602 ,βιαστῶν
524 570 591 598 ἐστι
603 568 760 603 ‘ﬁaa'tlela
767 570 825 597 τῶν
831 570 974 605 οὐρανῶν·

186 615 234 642 καὶ
247 615 278 641 τὺ
289 614 356 650 ὀρθὰ
369 614 478 649 βλέπειν
494 615 550 646 τοῖς
569 614 730 650 ὀφθαλμοῖς,
747 616 794 642 καὶ
807 615 839 642 τὸ
855 615 977 650 φυλακὴν

186 661 259 697 ἔχειν
272 662 321 697 τῆς
334 660 470 697 γλώσσης,
486 662 534 687 καὶ
545 661 719 696 ἀποστροφὴν
731 661 820 696 πάσης
835 661 917 697 ἀκοῆς
930 670 979 696 μα-

186 707 266 739 ταίας
277 707 324 733 καὶ
339 707 459 743 ὀλεθρίου
469 714 476 721 ·
499 707 547 733 καὶ
563 707 612 742 τὴν
627 706 682 734 τῶν
698 707 797 743 χειρῶν
806 707 978 743 δικαιοσύνην

189 753 277 781 καΐτὺ
284 753 333 788 τῆς
341 753 453 789 καρδίας
467 752 589 789 καθαρὸν
604 753 672 789 πρὸς
681 753 727 780 τὸν
743 753 820 786 Θεὸν,
836 753 882 780 καὶ
891 753 921 779 τὸ
931 753 979 780 τοῦ

191 798 315 834 σώματος
341 798 469 825 ἄσπιλον·
488 799 536 826 καὶ
558 799 639 834 232
661 799 692 826 τὸ
714 798 786 834 ἔχειν
803 799 851 835 τὴν
870 800 980 835 μνήμην

191 843 238 870 τοῦ
255 843 369 870 θανάτου
391 843 444 878 πρὸ
462 843 609 878 ὀφθαλμῶν
625 843 685 870 καθ’
703 843 825 879 ἡμέραν,
842 844 889 871 καὶ
912 845 979 871 ἀπο-

1023 252 1100 279 sierit
1111 252 1193 279 homo
1209 251 1390 280 humilitatem
1402 259 1539 287 magnam,
1554 258 1636 286 quam
1649 258 1704 278 non
1719 251 1809 278 solum

1023 298 1107 325 corde
1128 302 1230 330 teneat,
1247 298 1294 326 sed
1313 302 1341 325 et
1355 305 1470 333 corpore
1482 297 1636 333 praeferat;
1648 297 1676 324 in
1693 297 1766 324 nulla
1782 304 1813 324 re

1024 350 1053 370 se
1065 343 1154 378 ipsum
1171 343 1332 375 aestimans,
1344 343 1392 370 sed
1405 343 1497 378 potius
1511 342 1539 369 in
1553 341 1707 369 humilitate
1720 348 1768 369 sua
1783 348 1815 368 se

1024 389 1096 417 infra
1120 397 1230 417 omnem
1252 394 1407 418 creaturam
1431 395 1554 423 ponens;
1579 395 1635 415 non
1666 386 1813 414 iudicando

1025 444 1147 471 unquam
1165 435 1278 464 omnino
1292 442 1468 471 quemquam,
1482 434 1535 461 nisi
1555 442 1585 461 se
1599 433 1686 461 solum
1699 442 1707 465 ;
1725 432 1814 459 suffe—

1025 483 1111 510 rendo
1123 482 1330 512 contumeliam.
1344 480 1480 509 eiiciendo
1494 487 1528 508 ex
1542 480 1623 507 corde
1637 487 1687 506 suo
1705 485 1815 505 omnem

1026 528 1177 562 malitiam;
1197 528 1251 555 vim
1266 527 1318 556 sibi
1339 526 1463 554 faciendo
1478 525 1513 553 ad
1532 525 1594 557 hoc,
1614 530 1643 552 ut
1670 525 1706 551 sit
1723 525 1814 558 longa-

1027 574 1120 607 nimis,
1144 573 1290 609 benignus,
1307 572 1421 599 fratrum
1441 573 1558 602 amator,
1578 569 1697 600 sobrius,
1723 568 1816 594 conti-

1027 626 1111 651 nens;
1130 618 1263 654 scriptum
1280 621 1323 646 est
1337 617 1410 644 enim
1426 624 1433 643 :
1455 615 1513 642 Vim
1538 614 1589 642 sibi
1604 613 1757 648 facientium
1777 616 1816 639 est

1029 664 1281 700 regnumcoelorum,
1291 666 1365 691 recta
1381 665 1485 688 tantum
1497 659 1623 692 videndo,
1637 659 1755 694 linguam
1767 665 1817 685 cu-

1028 709 1183 743 stodiendo,
1199 708 1408 742 avertendisque
1429 706 1542 734 auribus
1559 705 1593 732 ab
1614 704 1687 731 omni
1702 701 1820 730 auditio-

1028 761 1063 780 ne
1074 761 1144 781 vana
1158 757 1184 780 et
1209 752 1292 780 noxia
1307 760 1314 785 ;
1345 759 1444 778 manus
1477 749 1607 780 tenendo,
1625 756 1659 777 ne
1671 747 1821 783 quidquam

1030 799 1084 827 nisi
1107 799 1210 826 iustum
1228 801 1397 833 operentur;
1425 804 1474 824 cor
1495 795 1626 823 mundum
1650 801 1743 821 coram
1766 792 1822 819 Deo

1031 843 1176 875 servando,
1188 849 1343 877 corpusque
1355 841 1546 876 impollutum;
1567 838 1692 866 habendo
1703 836 1823 872 quotidie

193 890 278 925 ταγὴν
290 890 338 925 τῆς
351 889 422 916 κατὰ
435 889 543 924 πνεῦμα
558 889 643 925 ὀργῆς
657 890 704 916 καὶ
718 890 829 923 κακίας,
847 891 894 917 καὶ
912 891 980 917 ἁπο-

1039 896 1097 924 ριοθ
1110 887 1199 916 oculis
1213 887 1311 915 mortis
1324 887 1501 919 memoriam;
1517 884 1678 920 abnegando
1694 884 1769 911 intus
1792 883 1820 909 in

194 937 280 971 σαγὴν
293 936 342 971 τῆς
355 935 421 971 ὕλης
430 955 437 968 ,
450 936 496 962 καὶ
512 935 567 962 τῶν
581 935 650 962 κατὰ
663 936 753 971 σάρκα
770 936 910 970 συγγενῶν
922 937 980 972 ἅμα

196 982 242 1008 καὶ
256 981 373 1016 ἡδονῶν·
402 982 449 1008 καὶ
465 981 604 1017 ἀποταγὴν
632 982 671 1016 τῷ
696 982 812 1017 διαϐόλῳ
844 983 890 1009 καὶ
913 983 981 1009 πᾶσι

196 1028 250 1058 τοῖς
260 1027 351 1062 ἔργοις
363 1027 445 1053 αὐτοῦ
455 1035 462 1043 δ
475 1028 522 1054 καὶ
535 1027 565 1054 τὸ
577 1027 755 1057 ἀδιαλείπτως
767 1028 979 1063 προσεύχεσθαι·

196 1073 244 1099 καὶ
271 1073 300 1099 ἐν
317 1073 397 1099 παντὶ
422 1072 510 1108 καιρῷ
528 1073 574 1100 κα)⁴
593 1072 667 1108 τόπῳ
698 1074 745 1100 καὶ
770 1074 911 1110 πράγματι
936 1074 982 1101 καὶ

198 1118 278 1144 παντὶ
296 1118 369 1154 ἔργῳ
394 1118 572 1154 παρεδρεύειν
595 1119 671 1154 Θεῷ·
699 1120 730 1146 οὐ
753 1119 864 1147 δύναται
879 1120 984 1153 τέλειος

198 1172 278 1191 ειναι.

236 1294 264 1320 Ξ.
290 1294 414 1328 Ἀδελφὸς
436 1295 560 1331 ἠρώτησε
583 1296 714 1331 γέροντα⁸
731 1297 820 1328 ἀϐϐᾶ,
841 1298 899 1330 πῶς
916 1299 986 1325 ποιῶ

203 1340 292 1366 πάντα
305 1339 338 1366 τὰ
353 1341 487 1375 πρέποντα
501 1342 530 1368 ὲν
544 1341 582 1377 τῷ
594 1341 691 1377 κελλίῳ
709 1351 759 1377 μου
768 1363 775 1375 ,
789 1343 835 1370 καὶ
847 1344 895 1379 οὐχ
910 1345 986 1380 εὗρε-

205 1395 262 1412 σκω
281 1386 451 1422 παράκλησιν
467 1388 520 1414 ἀπὸ
542 1388 588 1414 τοῦ
601 1388 687 1420 Θεοῦ;
702 1389 776 1424 λέγει
793 1390 867 1426 αὺτῷ
881 1392 968 1428 γέρων
978 1401 984 1408 ⁸

203 1431 282 1458 τοῦτό
303 1440 342 1458 σοι
363 1432 504 1467 συμῆαίνει
520 1433 564 1460 διὰ
579 1433 609 1460 τὸ
633 1434 827 1470 συνδιατρίϐειν
849 1444 878 1462 σε
900 1437 988 1473 ἀπρα-

205 1477 324 1512 γοτέρῳ,
347 1479 393 1505 καὶ
409 1479 550 1513 βούλεσθαί
571 1489 600 1506 σε
613 1480 643 1506 τὸ
655 1479 761 1515 θέλημά
780 1490 826 1507 σου
844 1482 985 1518 προϐῆναι.

206 1523 279 1557 λέγει
300 1523 314 1548 ό
332 1523 444 1559 ἀδελφὸς
463 1525 586 1560 γέροντι·
609 1526 635 1552 τί
652 1524 698 1553 οὖν
713 1527 799 1559 θέλεις
814 1527 858 1554 ἵνα
872 1529 987 1564 ποιήσω,

207 1568 311 1604 πάτερ;
328 1568 401 1603 λέγει
415 1569 429 1594 ὀ
450 1570 553 1605 γέρων*
569 1571 683 1603 ἄπελθε,
697 1571 841 1607 κολλήθητι
856 1560 990 1608 ἀνθρῶπῴ
1003 1560 1024 1587 c

208 1615 288 1650 233
302 1615 459 1652 φοϐουμένῳ
471 1617 518 1643 τὸν
534 1617 615 1650 Θεόν,
635 1619 681 1645 καὶ
697 1619 863 1646 ταπείνωσον
879 1621 991 1647 σεαυτὸν

210 1661 300 1696 αὐτῷ,
320 1662 367 1688 καὶ
381 1661 456 1693 έκδος
475 1663 504 1689 τὸ
527 1663 634 1699 θέλημά
646 1672 691 1690 σου
702 1673 708 1680 ·
725 1664 773 1691 καὶ
789 1664 850 1691 τότε
867 1665 993 1702 εὑρήσεις

212 1706 382 1742 παράκλησιν
395 1707 448 1734 ἀπὸ
460 1707 507 1734 τοῦ
523 1707 601 1735 Θεοῦ.

247 1795 274 1821 3.
292 1793 358 1821 Εῐπε
372 1794 475 1830 γέρων·
495 1796 509 1822 ὁ
526 1796 714 1831 εἰσερχόμενος
725 1798 764 1829 εἰς
773 1797 934 1833 μυρεψικόν,
946 1798 997 1826 κᾶν

215 1840 297 1874 μηδὲν
308 1841 440 1878 ἀγοράσῃ.
456 1841 523 1868 ἀλλὰ
535 1841 643 1873 πάντως
657 1843 858 1878 μεταλαμᾶὶνει
874 1845 924 1880 τῆς
934 1846 999 1872 εὐω-

214 1885 290 1917 δίας·
308 1886 379 1912 οὕτω
404 1888 451 1913 καὶ
467 1888 481 1913 ὁ
502 1887 683 1922 παραϐάλλων
705 1890 760 1921 τοῖς
785 1890 934 1924 πατράσιν,
951 1891 999 1926 ἐὰν

216 1929 317 1966 θελήσῃ
331 1931 510 1966 ἐργάσασθαι,
535 1932 754 1960 ὑποδεικνύουσιν
779 1923 853 1969 αὑτῷ
876 1935 925 1970 τὴν
942 1923 1011 1963 ὁδὸνι

217 1977 267 2010 τῆς
283 1978 470 2011 ταπεινώσεως
480 1987 487 1993 ³
508 1980 555 2006 καὶ
570 1981 658 2016 τεῖχος
682 1981 764 2008 αὐτοῦ
782 1982 883 2017 γίνεται
897 1983 926 2010 έν
941 1984 1001 2015 ταῖς

219 2023 377 2057 ἐπιδρομαῖς
390 2024 444 2051 τῶν
457 2024 600 2060 δαιμόνων.

253 2069 280 2095 4.
292 2067 358 2096 Εἷπε
375 2070 461 2105 γέρων
472 2079 478 2086 -
491 2071 538 2098 ὲὰν
549 2071 640 2108 φθάσῃ
653 2081 693 2099 σοι
707 2072 848 2109 ἀρρωστία
867 2073 1002 2109 σώματος,

221 2114 259 2149 μὴ
282 2115 423 2150 ὀλιγώρει·
446 2116 493 2144 ἐὰν
508 2117 562 2153 γὰρ
582 2117 646 2154 θέλῃ
662 2127 691 2145 σε
707 2120 721 2145 ὁ
741 2119 874 2155 δεσπότης
892 2127 939 2146 σου
956 2128 1004 2147 χα-

221 2159 333 2187 κοῦσθαι
352 2161 391 2196 τῷ
412 2161 527 2196 σώματι,
550 2162 582 2189 σὺ
603 2163 645 2194 τίς
665 2161 691 2189 εἶ
709 2164 723 2190 ὁ
737 2163 936 2199 δυσχεραίνωνς
956 2165 1006 2192 οὐκ

221 2206 302 2237 αὐτός
325 2215 371 2232 σου
388 2207 523 2242 φροντίζει
542 2209 570 2234 έν
585 2209 666 2241 πᾶσις
683 2209 719 2245 μὴ
740 2209 827 2246 παρὲξ
844 2210 926 2237 αὑτοῦ
940 2210 1004 2246 ζῇς;

223 2251 379 2283 ἀνεξικάκει
399 2249 446 2277 οὖν
461 2252 507 2278 καὶ
523 2253 676 2287 παρακάλει
693 2254 789 2287 αὑτὸν,
802 2257 952 2290 παρασχεῖν
966 2264 1006 2282 σοι

225 2297 397 2332 συμφέροντα
405 2305 411 2312 ·
423 2296 502 2323 τοῦτο
513 2298 567 2333 γάρ
578 2298 636 2324 ἐστι
649 2298 679 2324 τὸ
691 2298 796 2334 θέλημα
811 2300 892 2327 αὐτοῦ
900 2310 907 2317 σ
924 2299 1006 2327 κάθου

226 2341 294 2375 μετὰ
309 2341 509 2378 μακροθυμίας,
525 2343 594 2377 φάγε
607 2343 727 2379 ἀγάπην.

262 2441 343 2477 234
355 2441 381 2469 5.
397 2440 464 2469 Εἶπε
477 2444 491 2469 ὁ
506 2443 608 2478 γέρων·
628 2444 706 2478 φύσει
726 2445 773 2472 ἐὰν
787 2446 860 2472 ἐστιν
875 2447 890 2473 ὁ
906 2446 1009 2482 ἄνθρω-

227 2495 277 2519 πος
296 2488 464 2524 ἀγωνιστής,
480 2489 591 2516 ἀπαιτεῖ
610 2490 624 2516 ὁ
637 2490 701 2522 Θεὸς
719 2491 783 2526 παρ’
799 2491 896 2523 αὑτοῦ,
911 2492 955 2519 ἵνα
972 2493 1009 2528 μὴ

228 2533 276 2568 ἔχῃ
296 2534 480 2569 προσ-πάθειαν
505 2534 570 2571 ὕλης
591 2537 747 2572 σωματικῆς
769 2537 821 2569 ἕως
839 2539 939 2573 μικρᾶς
962 2539 1010 2573 ρα-

229 2579 302 2613 φίδος
311 2588 317 2595 ·
331 2579 441 2607 δύναται
457 2580 509 2616 γὰρ
525 2581 667 2616 ἐμποδίσαι
685 2582 766 2609 αὑτοῦ
780 2582 825 2609 τὸν
838 2583 965 2619 λογισμὸν
979 2585 1011 2610 ὲκ

229 2625 278 2659 τῆς
290 2624 446 2661 ἀδολεσχίας
460 2626 506 2653 τοῦ
521 2627 616 2663 ἱμέρου
628 2627 732 2654 καὶτοῦ
746 2628 870 2662 πένθους.

262 2743 352 2777 Corr.,
368 2752 418 2779 pro
433 2745 507 2773 ἐστι.
530 2746 580 2775 Ed.
594 2747 655 2775 ἐπί.

1032 934 1131 969 spiritu
1149 934 1218 961 iram
1232 937 1260 961 et
1272 933 1415 965 malitiam,
1430 932 1551 960 exterius
1565 935 1654 958 autem
1677 929 1822 956 materiam

1032 984 1059 1008 et
1077 988 1121 1008 res
1136 979 1292 1011 sensibiles,
1316 983 1447 1014 cognatos
1469 984 1579 1013 quoque
1596 976 1746 1004 secundum
1762 982 1823 1001 car-

1032 1033 1094 1054 nem
1107 1025 1243 1060 simulque
1253 1025 1426 1059 voluptates;
1443 1022 1625 1051 renuntiando
1637 1022 1700 1048 item
1713 1020 1824 1048 diabolo

1032 1076 1060 1101 et
1083 1072 1191 1100 cunctis
1215 1071 1347 1107 operibus
1373 1071 1452 1104 eius;
1476 1070 1511 1097 ad
1540 1071 1606 1097 haec
1638 1066 1825 1095 indesinenter

1033 1119 1149 1150 orando,
1165 1122 1192 1146 et
1217 1118 1245 1145 in
1259 1117 1334 1144 omni
1361 1120 1485 1152 tempore
1499 1121 1527 1143 et
1544 1115 1605 1142 loco
1628 1117 1655 1141 et
1673 1113 1782 1149 negotio
1799 1115 1826 1138 et

1034 1172 1117 1200 opere
1132 1163 1266 1191 adstando
1286 1162 1352 1194 Deo,
1377 1165 1604 1197 praesentemque
1624 1157 1768 1186 sentiendo
1793 1164 1826 1183 ac

1033 1209 1189 1239 venerando
1203 1216 1283 1237 eum:
1299 1208 1351 1236 nisi
1364 1208 1437 1243 quis,
1455 1207 1578 1242 inquam,
1591 1205 1660 1233 haec
1674 1203 1766 1232 omnia
1784 1203 1825 1230 fe-

1035 1257 1117 1288 cerit,
1135 1255 1276 1290 perfectus
1292 1261 1418 1282 essenon
1433 1257 1532 1288 potest.

1078 1302 1105 1329 ‘2.
1130 1301 1228 1329 Frater
1256 1301 1428 1335 interrogans
1459 1305 1551 1326 senem
1573 1305 1580 1324 :
1610 1295 1706 1327 Abba,
1727 1294 1826 1328 inquit,

1037 1348 1083 1384 qui
1105 1347 1144 1380 fit,
1162 1351 1203 1380 ut,
1220 1355 1283 1374 cum
1299 1354 1349 1382 ego
1373 1346 1401 1372 in
1415 1344 1512 1372 cellula
1530 1349 1589 1370 mea
1609 1341 1707 1368 faciam
1729 1341 1828 1366 cuncta

1037 1402 1108 1430 quae
1128 1394 1234 1426 decent,
1258 1397 1350 1420 tamen
1365 1399 1419 1418 non
1433 1389 1568 1418 inveniam
1583 1387 1797 1415 consolationem
1813 1392 1829 1410 a

1039 1441 1115 1468 Deo?
1131 1440 1175 1467 Ait
1190 1439 1228 1467 illi
1245 1447 1346 1467 senex:
1374 1437 1430 1464 Hoc
1444 1436 1493 1463 tibi
1521 1433 1655 1469 contingit
1679 1440 1727 1463 eo,
1755 1431 1827 1466 quod

1039 1487 1117 1513 vanis
1129 1493 1190 1513 cum
1202 1485 1290 1512 otioso
1301 1481 1568 1511 confabulationibus
1583 1478 1720 1514 indulges;
1729 1480 1756 1504 et
1768 1476 1830 1511 quia

1040 1532 1150 1558 omnino
1163 1531 1205 1559 vis
1221 1529 1301 1565 potiri
1317 1532 1410 1564 optato
1422 1528 1589 1555 voluntatem
1604 1529 1690 1552 tuam.
1707 1522 1832 1557 Respon-

1042 1577 1088 1604 det
1102 1577 1187 1604 frater
1198 1576 1257 1604 seni
1271 1586 1277 1602 :
1290 1575 1361 1608 Quid
1375 1573 1459 1609 igitur
1473 1572 1563 1599 facere
1575 1579 1618 1599 me
1630 1570 1718 1602 iubes,
1733 1570 1833 1604 pater?

1045 1623 1202 1658 Respondet
1225 1629 1328 1650 senex:
1353 1619 1440 1653 Vade,
1464 1619 1503 1646 iui
1533 1616 1744 1645 familiaritatem
1771 1621 1833 1642 cum

1044 1670 1104 1697 viro
1116 1669 1228 1696 timente
1244 1667 1340 1698 Deum,
1361 1670 1388 1694 et
1402 1665 1515 1693 humilia
1530 1668 1556 1692 te
1570 1664 1659 1698 ipsum
1683 1668 1775 1689 coram
1789 1667 1833 1690 eo,

1045 1719 1074 1743 et
1087 1714 1218 1742 renuncia
1237 1712 1372 1741 voluntati
1396 1715 1475 1738 tuac:
1504 1713 1531 1738 et
1547 1713 1613 1736 tunc
1628 1707 1750 1735 invenies
1766 1713 1833 1733 con-

1047 1761 1208 1788 solationem
1224 1766 1239 1785 a
1252 1758 1319 1786 Deo.

1082 1806 1108 1833 5.
1124 1805 1196 1832 Dixit
1221 1811 1325 1833 senex:
1350 1801 1401 1835 Qui
1426 1800 1579 1836 ingreditur
1600 1797 1755 1833 seplasiam,
1781 1795 1833 1823 etsi

1049 1851 1116 1880 nihil
1129 1854 1211 1883 emat,
1236 1849 1348 1877 omnino
1373 1852 1467 1874 tamen
1487 1846 1588 1873 fruitur
1607 1844 1702 1871 odore.
1724 1842 1771 1869 Sic
1790 1841 1837 1876 qui

1050 1899 1230 1925 conversatur
1258 1901 1319 1922 cum
1348 1892 1485 1928 patribus,
1514 1889 1651 1925 siquidem
1678 1887 1741 1915 velit
1764 1890 1838 1914 recte

1050 1950 1141 1979 agerc,
1158 1941 1229 1968 viam
1244 1941 1269 1968 ei
1285 1939 1435 1968 ostendunt
1451 1935 1668 1966 humiliationis;
1691 1937 1719 1961 et
1742 1940 1837 1960 eorum

1051 1977 1173 2022 esempla
1186 1985 1324 2019 verbaque
1340 1984 1427 2011 instar
1439 1983 1477 2010 illi
1492 1981 1564 2009 muri
1580 1983 1644 2008 sunt
1658 1978 1693 2006 ad
1703 1977 1837 2006 arcendas

1052 2034 1216 2062 daemonum
1233 2030 1418 2059 incursiones.

1088 2080 1115 2106 4.
1131 2078 1206 2106 Dixit
1232 2085 1336 2105 senex:
1360 2076 1390 2103 Si
1419 2080 1445 2102 te
1471 2074 1617 2102 inﬁrmitas
1641 2074 1756 2106 occupet
1780 2078 1841 2097 cor-

1055 2125 1140 2162 poris,
1156 2132 1190 2152 ne
1211 2124 1339 2152 demittas
1355 2123 1488 2149 animum.
1509 2119 1538 2147 Si
1568 2119 1640 2147 enim
1667 2119 1732 2145 velit
1749 2117 1842 2144 Domi-

1057 2179 1108 2200 nus
1132 2176 1195 2199 tuus
1221 2170 1318 2197 morbo
1349 2174 1375 2196 te
1402 2174 1535 2202 corporeo
1563 2165 1662 2199 afﬂigi,
1678 2167 1707 2191 tu
1722 2163 1784 2198 quis
1800 2169 1842 2194 es,

1058 2219 1105 2253 qui
1121 2225 1201 2253 aegre
1218 2217 1289 2244 ferre
1303 2214 1427 2243 audeas?
1446 2213 1541 2240 Nonne
1559 2213 1618 2246 ipse
1634 2211 1673 2238 tui
1693 2217 1788 2236 curam
1813 2209 1842 2235 in

1059 2264 1186 2292 omnibus
1201 2262 1269 2298 gerit
1282 2263 1293 2289 τ
1311 2261 1352 2288 An
1365 2261 1424 2288 sine
1441 2260 1500 2294 ipso
1513 2259 1554 2286 vel
1574 2261 1651 2293 potes
1664 2255 1771 2283 vivere?
1789 2253 1843 2280 Pa-

1058 2312 1158 2339 tienter
1166 2317 1232 2344 ergo
1244 2309 1340 2340 tolera,
1354 2311 1381 2335 et
1394 2314 1442 2334 ora
1467 2313 1539 2337 eum,
1557 2308 1588 2331 ut
1607 2303 1654 2330 tibi
1673 2309 1744 2336 quae
1761 2307 1844 2334 expe-

1060 2358 1138 2385 diunt
1154 2356 1292 2391 praebeat.
1310 2353 1381 2380 Haec
1396 2353 1469 2380 enim
1491 2355 1533 2378 est
1548 2350 1676 2377 voluntas
1690 2347 1759 2375 eius.
1776 2344 1845 2372 Sede

1061 2410 1122 2429 cum
1136 2399 1353 2435 longanimitate,
1369 2397 1482 2426 comede
1496 2395 1669 2423 charitatem.

1096 2448 1123 2475 5.
1142 2434 1214 2473 Dixit
1227 2453 1308 2473 senex
1321 2453 1327 2471 :
1341 2445 1371 2472 Si
1385 2448 1483 2471 natura
1501 2442 1582 2468 homo
1599 2441 1720 2466 certator
1731 2439 1783 2469 est,
1791 2434 1847 2462 exi.-

1061 2494 1099 2528 git
1120 2493 1154 2520 ab
1179 2500 1211 2520 eo
1229 2492 1309 2523 Deus.
1324 2498 1359 2518 ne
1376 2489 1474 2517 affectu
1494 2486 1581 2514 nimio
1600 2485 1742 2512 inhaereat
1761 2485 1848 2509 mate-

1063 2540 1119 2566 riae
1135 2545 1281 2573 corporeae
1299 2537 1437 2570 cuiquam,
1453 2540 1540 2568 usquc
1555 2531 1588 2558 ad
1603 2530 1734 2557 minutam
1745 2533 1823 2554 acum
1837 2534 1846 2556 ;

1063 2594 1092 2613 eo
1105 2585 1175 2611 enim
1188 2588 1276 2618 potest
1288 2582 1420 2617 impedire
1431 2584 1548 2608 mentem
1561 2578 1619 2605 eius
1632 2583 1679 2611 per
1687 2571 1848 2609 praestigias

1065 2630 1192 2658 desiderii
1208 2634 1233 2657 ct
1250 2629 1390 2658 :noeroris.

878 2698 1006 2726 VARIAE
1021 2699 1210 2728 LECTIONES

970 2818 1096 2848 NOTAE.

273 2889 310 2925 (a)
324 2888 417 2917 Matth.
432 2897 468 2922 xl,
484 2890 523 2918 i2.
