2048 3153
235 179 289 213 ess

628 177 678 205 SS.
695 178 926 207 MACARIORUM
947 180 1110 209 AEGYPTII
1128 182 1172 209 ET
1201 182 1434 210 ALEXANDRINI

1805 184 1857 213 256

271 238 296 264 6.
314 237 386 264 Dixit
399 245 498 266 senex:
510 236 604 264 Oratio
629 241 656 265 et
670 245 767 267 sensus
781 240 866 267 sobrii
887 245 914 267 et
927 248 1024 276 corpo-
1039 245 1054 272 Α

1111 242 1138 269 6.
1162 240 1227 269 Εἶπε
1251 243 1356 277 γέρων·
1375 250 1512 277 προσευχη
1530 241 1576 267 καὶ
1587 241 1710 276 λογισμοὶ
1731 242 1856 278 νήφοντες

237 283 276 317 ris
287 283 406 315 vexatio,
426 283 523 310 maiori
539 290 602 310 cum
620 283 760 320 diligentia
775 284 830 314 Deo
856 286 958 319 oblata,
983 287 1024 313 in-

234 332 347 357 struunt
358 331 492 363 potestate
504 328 532 355 in
545 328 698 363 passiones.

272 415 298 442 '1.
315 415 499 450 interrogatus
520 419 564 443 est
578 423 660 443 senex
676 425 682 443 :
699 416 771 449 Quid
791 421 844 449 est,
864 417 956 445 vivere
975 419 1024 446 ho-

235 461 337 492 minem
366 464 496 496 tanquam
515 461 648 496 hospitem
664 465 691 489 ct
713 463 906 498 peregrinum?
927 463 960 490 Et
980 471 1024 491 re-

236 506 366 541 spondit:
387 506 436 534 Dic
458 507 519 538 tibi,
532 507 593 535 Non
610 508 699 535 habeo
717 508 763 535 hic
780 509 927 544 negotium.
952 509 1024 537 Haec

236 553 305 578 itera
318 552 391 579 omni
408 556 530 586 tempore
544 556 571 580 et
587 552 615 580 in
629 553 704 579 omni
721 552 780 580 loco
798 557 826 580 et
840 555 1022 589 {operationez

235 601 303 626 tunc
315 598 370 625 eris
385 605 448 625 vere
462 598 489 625 in
503 602 575 625 statu
591 598 710 626 advenae
724 602 752 626 et
764 600 912 634 peregrini.

272 643 298 671 8.
315 643 389 670 Dixit
404 651 487 671 senex
501 653 507 670 :
528 643 591 670 Vita
613 649 707 672 sancta
727 645 787 672 sine
803 645 927 673 doctrina
946 647 1024 681 plura

236 689 309 716 bona
326 688 419 720 emcit,
436 696 519 723 quam
535 688 660 721 doctrina
672 690 732 717 sine
748 689 814 719 vita.
832 689 899 718 Nam
910 696 1024 719 sanctus

237 733 367 763 indoctus
396 733 440 761 vel
475 737 570 766 tacens
594 733 725 768 prodest;
750 734 846 763 doctus
869 743 934 764 vero
964 737 1024 765 sine

236 780 396 812 sanctitate,
416 780 497 808 etiam
521 780 611 808 solum
640 781 776 816 cogitans,
803 782 941 810 obturbat.
968 784 1023 812 Do-

237 826 328 856 ctrina
345 829 434 856 autem
450 833 517 854 sana
534 830 562 854 et
576 826 631 854 vita
650 831 744 855 sancta
766 828 790 856 si
807 828 836 856 in
856 837 939 857 unum
956 837 1023 858 con-

237 875 362 906 currant,
379 872 569 907 philosophiae
584 872 670 901 totius
690 881 781 902 veram
795 878 822 903 et
834 875 943 910 plenam
959 884 1023 912 spe-

238 919 307 949 ciem
321 919 474 947 absolvunt.

273 966 300 993 9.
321 964 394 992 Dixit
407 972 491 994 senex
504 975 511 993 :
523 966 563 994 Ne
576 967 691 1000 ambias,
703 970 785 1002 caput
799 967 855 994 ﬁeri
873 975 1021 1004 congrega-

237 1010 322 1039 tionis
341 1011 469 1044 fratrum,
483 1020 517 1040 ne
536 1013 606 1041 forte
624 1013 747 1049 imponas
764 1013 835 1041 collo
850 1018 897 1042 tuo
916 1015 1020 1043 alieno-

238 1064 301 1085 rum
316 1063 401 1084 onera
418 1062 603 1092 peccatorum.

276 1102 319 1130 10.
338 1102 412 1130 Dixit
428 1111 511 1131 senex
528 1113 536 1132 :
553 1104 615 1132 Vim
634 1105 688 1133 sibi
707 1105 797 1133 facere
817 1105 845 1133 in
864 1107 979 1140 orando,
995 1111 1022 1135 et

238 1148 268 1180 in
284 1149 407 1178 oratione
422 1150 578 1185 persistere,
601 1151 688 1186 gignit
707 1158 785 1179 orare
802 1159 864 1179 cum
884 1153 982 1188 gaudio
995 1158 1023 1180 et

239 1203 302 1224 cum
325 1196 427 1230 quiete.
448 1195 509 1224 Vim
526 1197 599 1224 enim
621 1196 673 1224 sibi
691 1196 782 1225 facere
802 1197 867 1226 boni
890 1199 1021 1234 propositi

238 1244 281 1268 est
293 1249 300 1267 ἰ
312 1248 391 1269 orare
406 1246 495 1270 autem
510 1249 572 1270 cum
589 1242 797 1277 quiete-Amunus
813 1249 856 1272 est
872 1245 985 1280 gratiae.

1077 287 1125 314 καὶ
1149 286 1273 322 σώματος
1294 287 1483 322 ὑποπιασμὸς,
1501 287 1544 313 διὰ
1560 287 1680 319 πλείονος
1702 287 1857 323 ἐπιμελείας

1077 332 1299 368 προσφερόμενα,
1328 332 1358 359 τὸ
1386 333 1456 359 κατὰ
1487 332 1541 359 τῶν
1571 333 1665 359 παθῶν
1699 333 1857 362 ἁναδύονταν

1077 378 1186 413 κράτος.

1110 422 1137 449 ⁸1.
1162 422 1303 457 Ἦρωτήθη
1316 423 1442 458 ὁγέρων·
1458 423 1484 449 τί
1495 423 1551 449 ἐστι
1566 422 1701 456 ξενιτείας
1723 422 1857 452 καὶ-εἷπε-

1076 468 1148 504 [sine
1155 468 1178 505 ²]
1204 469 1253 495 οὒκ
1263 468 1317 503 ἔχω
1333 469 1464 504 πρᾶγμα·
1478 469 1524 495 καὶ
1539 469 1616 496 τοῦτο
1638 470 1708 496 ποίει
1729 470 1758 496 ὲν
1778 471 1857 497 παντὶ

1075 514 1162 550 καιρῷ
1184 515 1232 541 καὶ
1249 514 1325 550 τόπῳ
1357 515 1404 541 καὶ
1434 515 1588 550 πράγματι·
1611 515 1660 541 καὶ
1679 515 1748 550 αὕτη
1768 516 1826 542 ἐστὶ
1839 516 1857 551 ἡ

1075 561 1176 597 ἀληθὴς
1194 560 1317 593 ξενιτεία.

1110 645 1136 672 8.
1155 643 1223 672 Εἶπε
1237 646 1252 671 ὁ
1267 646 1354 681 γέρων
1365 652 1371 660 ·
1382 645 1421 672 ὅτι
1435 645 1490 680 βίος
1504 645 1567 672 ἄνευ
1579 644 1658 679 λόγου
1677 645 1768 672 πλεῖον
1782 645 1857 681 ἐνερ-

1074 693 1132 726 γεῖν
1154 691 1234 726 235
1251 692 1371 726 πέφυκεν
1393 691 1410 727 ἢ
1432 691 1510 726 λόγος
1528 692 1591 718 ἄνευ
1611 691 1683 727 βίου·
1700 692 1715 718 ό
1736 691 1784 727 μὲν
1802 691 1856 726 γὰρ

1076 737 1158 770 σιγῶν
1183 737 1296 771 ὠφελεῖ·
1318 737 1332 763 ὸ
1345 736 1373 763 δὲ
1387 737 1433 763 καὶ
1451 737 1518 763 νοῶν
1536 736 1638 772 ἐνοχλεῖ
1649 745 1656 752 ·
1671 737 1696 763 εἰ
1709 737 1738 763 δὲ
1754 737 1801 763 καὶ
1813 736 1856 762 λό-

1074 790 1122 816 γος
1139 782 1186 809 καὶ
1202 781 1259 816 βίος
1275 780 1488 817 συνδραμοῦνται
1502 782 1541 813 εἰς
1555 781 1594 817 ἓν,
1618 781 1774 817 φιλοσοφίας
1787 781 1856 808 ἁπά-

1075 836 1125 864 σης
1138 828 1314 855 ἀποτελοῦσιν
1327 828 1453 863 ἄγαλμα.ῗ

1107 971 1134 998 9.
1148 969 1216 998 Εῖπε
1239 971 1344 1007 γέρων·
1367 972 1404 1007 μὴ
1430 971 1548 1007 σπεύσῃς
1568 971 1732 1006 κεφαλεῦσαι
1748 971 1859 1007 ἀδελφό-

1072 1025 1151 1052 τητα·
1167 1017 1210 1044 ἵνα
1226 1017 1263 1053 μὴ
1282 1017 1415 1053 ἐπιθήσῃς
1431 1017 1586 1053 ἀλλοτρίους
1600 1017 1714 1054 φόρτους
1731 1019 1857 1055 ἁμαρτη-

1076 1064 1168 1098 μάτων
1181 1063 1228 1089 ὲπὶ
1241 1063 1279 1099 σῷ
1297 1064 1434 1100 τραχήλῳ.

1111 1107 1154 1135 10.
1172 1106 1240 1134 Eine
1251 1109 1265 1135 ὁ
1280 1108 1368 1144 γέρων
1378 1117 1385 1123 ·
1398 1108 1429 1136 τὸ
1446 1109 1514 1144 μετὰ
1529 1108 1588 1144 βίας
1598 1108 1798 1144 προσεύξασθαι
1812 1108 1860 1136 καὶ

1075 1154 1221 1190 ὑπομένειν
1237 1155 1323 1181 τίκτει
1338 1155 1369 1181 τὸ
1396 1154 1464 1190 μετὰ
1480 1155 1567 1190 χαρᾶς
1584 1155 1631 1182 καὶ
1650 1155 1718 1190 μετὰ
1736 1155 1859 1182 ἀναπαύ-

1076 1209 1145 1233 σεως
1157 1201 1366 1237 προσεύξασθαι·
1382 1200 1471 1228 καὶτὸ
1489 1201 1537 1236 μὲν
1553 1200 1711 1237 μετὰ.βίας,
1728 1201 1777 1236 τῆς
1793 1209 1859 1237 προ-

1075 1246 1216 1282 αιρέσεως,
1229 1247 1260 1274 τὸ
1274 1247 1302 1274 δὲ
1319 1246 1385 1281 μετὰ
1404 1246 1592 1279 ἀναπαύσεως.
1611 1246 1661 1282 τῆς
1674 1246 1791 1281 χάριτος.

882 1330 1009 1359 VARIAE
1026 1331 1225 1361 LECTIONES.

275 1387 285 1403 ²
304 1388 369 1414 alae
383 1394 438 1415 om.
451 1386 512 1421 Ed.,
527 1387 618 1415 addidi
632 1394 666 1416 ex
680 1388 752 1415 coni.

247 1483 1842 1501 T—v—————————————————_—_————

1024 1574 1080 1604 ΙΙΙ.

573 1666 934 1715 APOPHTHEGMATA
968 1668 1107 1699 SANCTI
1139 1668 1309 1699 MACARII
1336 1669 1525 1699 AEGYPTI!

817 1757 833 1776 Δ
857 1757 897 1777 ιο.
925 1757 1002 1776 ΒΛΡΤ.
1025 1756 1175 1778 COTELERIO
1194 1757 1274 1778 EDITA

275 1835 288 1861 ᾳ
300 1828 443 1862 Sanctorum
454 1834 543 1857 senum
551 1827 765 1860 Apopblbegmata
779 1834 788 1851 ι
802 1834 822 1852 s.
837 1834 859 1853 ν.
872 1825 997 1882 καθαγίαέ
1005 1826 1136 1882 Agaga?
1144 1828 1207 1858 apud
1223 1827 1339 1859 Jo.Bapt.
1350 1827 1510 1859 Cotelerium,
1522 1828 1589 1854 Eccl.
1603 1828 1761 1855 Graec.Mon.
1772 1829 1801 1855 Τ.
1810 1828 1835 1859 1,

979 1858 1033 1889 p.5

405 2018 445 2046 De
463 2017 586 2045 Macario
605 2018 699 2045 abbate
717 2018 856 2053 Aegyptio.

281 2064 308 2092 L
326 2064 454 2092 Narravit
470 2063 504 2091 de
517 2071 547 2092 se
560 2063 622 2098 ipso
635 2062 768 2091 Macarius
780 2063 865 2091 abbas
883 2063 1024 2098 dixitque:

245 2111 359 2146 Quando
386 2117 462 2138 eram
492 2109 609 2142 iuvenis,
628 2113 656 2138 et
675 2109 705 2137 in
727 2109 825 2137 cellula
848 2109 976 2137 sedebam
998 2110 1027 2136 in

244 2159 367 2193 Aegypto
377 2176 385 2189 ,
399 2155 638 2191 apprehenderunt
652 2162 696 2183 me
710 2162 742 2182 ac
755 2154 879 2183 fecerunt
895 2154 1027 2182 clericum

245 2204 275 2231 in
295 2203 372 2236 vico;
385 2202 433 2230 sed
451 2201 547 2229 nolens
570 2201 746 2236 acquiescere
762 2200 819 2236 fugi
836 2201 870 2228 ad
886 2201 970 2228 alium
987 2201 1027 2228 lo-

245 2257 318 2278 cum.
334 2249 368 2277 Et
383 2249 456 2276 venit
471 2248 505 2275 ad
522 2255 565 2275 me
581 2247 730 2276 saecularis
746 2247 788 2275 vir
804 2247 876 2282 pius,
891 2246 939 2282 qui
955 2246 1028 2274 acci-

245 2296 337 2331 piebat
366 2294 437 2330 quod
466 2293 594 2323 manibus
621 2293 772 2329 operabar,
797 2297 825 2321 et
853 2292 1030 2320 ministrabat

245 2342 323 2369 mihi.
338 2341 459 2376 Contigit
477 2345 568 2368 autem
585 2347 634 2375 per
649 2339 838 2372 tentationem,
851 2342 881 2366 ut
895 2338 1029 2374 quaedam

245 2389 322 2423 virgo
336 2387 411 2422 lapsa
424 2387 460 2414 sit
477 2386 505 2413 in
517 2390 654 2421 stuprum.
668 2386 706 2412 Ea
717 2392 779 2414 eum
791 2388 898 2412 uterum
912 2388 1030 2419 gereret,

246 2433 474 2468 interrogabatur,
484 2433 546 2467 quis
557 2435 630 2460 esset
643 2436 739 2460 auctor
753 2431 893 2458 criminis?
907 2429 1031 2465 Respon-

247 2479 287 2507 dit
311 2479 505 2506 anacboretam
518 2485 589 2506 esse.
604 2476 682 2505 Unde
695 2477 798 2512 egressi
814 2476 1030 2512 comprehende-

247 2528 312 2552 runt
327 2532 371 2552 me
384 2525 610 2559 adduxerantque
625 2523 660 2550 ad
675 2523 781 2556 vicum;
797 2526 879 2557 atque
895 2521 1031 2557 appende-

248 2575 312 2600 runt
319 2571 390 2599 collo
400 2570 514 2606 fuligine
522 2569 640 2598 infectas
650 2569 719 2597 ollas
727 2575 788 2596 cum
800 2568 877 2596 ansis
889 2575 1027 2600 vasorum,

1077 1865 1132 1890 sqq.

1147 2019 1215 2053 Περὶ
1228 2018 1281 2046 τοῦ
1296 2018 1370 2047 άϐὄᾶ
1384 2019 1536 2052 Μακαρίου
1554 2019 1608 2046 τοῦ
1621 2018 1794 2054 Αἰγυπτίου.

1115 2066 1141 2094 1.
1169 2065 1321 2101 Διηγήσατο
1346 2066 1409 2101 περὶ
1431 2065 1526 2092 ἑαυτοῦ
1547 2067 1561 2092 ὁ
1587 2066 1673 2098 ἁϐὃᾶς
1700 2066 1862 2102 Μακάριος,

1078 2110 1174 2144 λέγων’
1197 2110 1241 2136 ὅτε
1262 2109 1336 2145 ἥμην
1359 2109 1488 2145 νεώτερος
1511 2110 1558 2137 καὶ
1581 2110 1722 2146 ἐκαθήμην
1743 2111 1782 2143 είς
1803 2110 1864 2137 κελ-

1078 2156 1135 2183 λίον
1167 2156 1205 2188 εἰς
1235 2156 1378 2190 Αἴγυπτον,
1410 2155 1565 2192 ἐκράτησάν
1601 2165 1635 2191 με
1658 2157 1706 2183 καὶ
1734 2157 1865 2192 ἐποίησαν

1080 2202 1162 2240 236
1176 2202 1305 2238 κληρικὺν
1320 2203 1360 2234 εἰς
1373 2202 1422 2238 τὴν
1439 2202 1545 2238 κώμηνο
1563 2203 1610 2231 καὶ
1629 2203 1665 2238 μὴ
1683 2203 1765 2230 θέλων
1781 2211 1865 2230 κατα-

1080 2247 1215 2281 δέξασθαι,
1232 2247 1331 2282 ἔφυγον
1346 2248 1385 2280 εις
1399 2247 1490 2283 ἕτερον
1502 2248 1592 2277 τόπον.
1609 2249 1656 2275 καὶ
1669 2247 1734 2284 ἦλθε
1748 2249 1816 2284 πρός
1832 2257 1866 2285 με

1081 2293 1196 2329 εὐλαϐὴς
1213 2293 1353 2328 κοσμικὺς,
1372 2294 1419 2321 καὶ
1431 2293 1566 2329 ἐλάμϐανε
1579 2294 1610 2321 τὺ
1625 2295 1781 2330 ὲργόχειρόν
1800 2303 1865 2329 μου,

1081 2338 1129 2365 καὶ
1142 2338 1259 2373 διηκόνει
1274 2347 1317 2374 μοι
1327 2347 1335 2354 '
1349 2339 1446 2374 συνέϐη
1459 2339 1487 2365 δὲ
1500 2339 1553 2366 ἀπὸ
1573 2339 1725 2375 πειρασμοῦ
1738 2340 1748 2356 ³
1762 2340 1867 2375 παρθέ-

1081 2393 1126 2411 νον
1142 2384 1203 2412 τινὰ
1215 2385 1254 2416 είς
1267 2384 1315 2420 τὴν
1331 2384 1427 2420 κώμην
1444 2385 1578 2412 ἐκπεσεῖν·
1599 2386 1646 2412 καὶ⁴
1658 2385 1776 2412 λαὸοῦσα
1796 2386 1867 2412 κατὰ

1081 2429 1199 2464 γαστρὸς
1223 2430 1346 2465 ὴρωτᾶτο
1368 2429 1409 2462 τίς
1422 2431 1464 2466 εἴη
1488 2431 1503 2457 ὁ
1521 2430 1600 2457 τοῦτο
1615 2431 1786 2466 πεποιηκώς;
1801 2433 1818 2466 ἡ
1836 2431 1865 2458 δὲ

1080 2476 1181 2511 ἔλεγεν·
1193 2477 1207 2503 ό
1220 2477 1407 2512 ἀναχωρητὴς.
1418 2478 1465 2503 καὶ
1479 2477 1630 2510 ἐξελθόντες
1644 2478 1788 2505 συνέλαὸόν
1806 2487 1841 2513 με
1856 2479 1867 2494 ⁵

1080 2521 1121 2553 εἰς
1135 2521 1185 2557 τὴν
1206 2521 1312 2558 κώμην,
1332 2522 1379 2549 καὶ
1395 2522 1551 2558 ἐκρέμασαν
1569 2523 1597 2550 ἐν
1613 2523 1652 2558 τῷ
1674 2524 1800 2560 τραχήλῳ
1816 2533 1867 2560 μου

1081 2568 1273 2604 ὴσὸολωμένας
1283 2568 1384 2605 χύτρας
1395 2569 1441 2596 καὶ
1454 2570 1522 2597 ὠτία
1536 2569 1644 2604 κούφων
1663 2570 1711 2606 (α),
1729 2570 1775 2597 καὶ
1789 2579 1867 2606 περι-

892 2637 1020 2665 VABIAE
1038 2638 1241 2668 LECTIONES.

289 2687 448 2716 ³Α1.ἱηεει“.
466 2687 629 2719 διαὸολικοῦ.
669 2687 679 2703 ⁸
699 2686 741 2714 Al.
756 2687 781 2713 oi
793 2686 842 2729 τῆς
866 2685 973 2721 κώμης.

988 2738 1113 2767 NOTAE.

277 2810 315 2846 (α)
330 2811 463 2845 Κούφων,
474 2818 526 2837 vox
536 2809 733 2846 graeco-barba
738 2816 777 2842 ra,
785 2816 817 2836 ex
826 2815 923 2843 graeca
933 2807 1028 2842 κῦφος,

270 2845 695 2869 ifnllnrJ’rnetergrammaticos.
706 2843 884 2869 Orientalium
894 2843 1028 2869 Svnodica

249 2844 696 2880 ni‘fallorJ’raetergrammaticos.
706 2844 884 2871 Orientalium
894 2844 1029 2878 Synodica

249 2881 284 2920 ad
308 2880 721 2920 Theophilum_i_mperalor‘en],
746 2880 774 2920 in
798 2878 954 2920 Qriginibus
973 2877 1029 2917 GP:

251 2914 406 2948 Combcﬁsii
434 2924 460 2951 Ρ.
479 2914 558 2953 151⁴έ
573 2914 721 2949 περικλείει
745 2914 839 2941 ἑαυτὸν
862 2914 890 2940 ὲν
910 2914 966 2946 τοῖς
985 2914 1030 2951 τοῦ

1083 2807 1236 2844 ᾼαγιστέως
1259 2807 1375 2843 μεγάλου
1396 2807 1509 2844 λουτροῦ
1533 2808 1589 2836 τῶν
1606 2807 1727 2843 καμίνων
1746 2807 1866 2844 κούφοις.

1082 2843 1117 2905 ἔτι
1123 2843 1241 2906 Dzégimi
1257 2844 1344 2879 magni
1357 2843 1443 2872 balnei
1457 2843 1620 2871 caminorum
1634 2843 1708 2878 cupis
1718 2851 1772 2871 sese
1780 2843 1868 2870 inclu-

1101 2883 1130 2906 u.
1173 2885 1287 2906 orsu-2n.
