2048 3153
162 172 213 200 εστ

802 178 891 206 ΛΡΟΡ
896 178 964 206 HT“
969 179 1010 207 EG
1014 179 1108 207 MATA
1114 201 1120 207 .

1731 181 1783 208 ⁸258

163 233 336 269 επόμπευσάν
349 242 382 268 με
394 234 422 259 ἐν
434 235 467 269 τῇ
479 233 558 269 κώμῃ
574 234 643 261 κατὰ
656 235 774 270 ἄμφοδον
784 237 833 272 (a),
842 237 951 264 τύπτον-

1003 241 1030 265 et
1046 237 1289 266 circumduxerunt
1305 246 1348 266 me
1364 239 1390 266 in
1407 239 1466 266 vico
1481 246 1529 273 per
1548 239 1674 274 compita,
1689 240 1782 267 verbo-

161 279 206 311 τές
223 287 257 314 με
271 278 318 304 καὶ
338 278 472 313 λέγοντες·
486 275 562 311 οὗτος
576 279 590 305 ὁ
604 280 720 316 μοναχὸς
734 281 858 317 ἔφθειρεν
869 283 948 318 ἡμῶν

161 326 210 360 τὴν
224 323 368 360 παρθένον,
383 324 479 351 λάϐετε
493 325 584 358 αὑτὸν,
606 325 713 353 λάῆετε.
732 327 779 354 καὶ
793 327 894 363 ἔτυψάν
913 338 947 364 με

161 370 237 406 παρὰ
252 370 350 405 μικρὸν
363 370 410 396 τοῦ
425 370 580 398 ἀποθανεῖν.
596 371 680 398 ὲλϐὼν
691 373 719 398 δέ
733 382 774 404 τις
787 373 840 400 τῶν
854 375 947 410 γερόν-

159 424 215 442 των
231 413 324 442 εἶπεν·
339 416 392 447 ἕως
409 415 474 442 πότε
492 416 607 443 τύπτετε
621 417 667 444 τὸν
690 418 763 451 ξένον
779 420 911 455 μοναχὸν;
933 420 947 446 ὁ

159 461 188 487 δὲ
202 461 332 488 διακονῶν
360 469 405 496 μοι
427 461 570 496 ἠκολούθει
592 462 680 489 ὀπίσω
706 472 755 498 μου
778 464 945 500 αἰδούμενος

159 504 231 542 ἦσαν
243 507 296 543 γὰρ
311 506 466 542 ὑϐρίζοντες
480 508 561 535 αὐτὸν
573 508 657 535 πολλὰ
672 509 718 536 καὶ
730 509 853 544 λέγοντες
869 518 876 526 ·
893 511 946 538 ἰδοὺ

158 553 174 579 ὁ
187 552 378 588 ἀναχωρητὴς,
387 552 434 579 ὃν⁵
446 553 478 579 σὺ
493 554 667 589 ὲμαρτύρεις,
677 555 702 581 τι
715 556 825 591 ἐποίησε
836 565 842 589 ;
852 556 947 585 καὶλέ-

159 606 255 632 γουσιν
271 599 296 624 οἱ
311 599 398 632 γονεῖς
417 599 501 635 αὐτῆς
513 608 520 615 ·
531 599 611 634 237
627 602 676 627 οὐκ
691 601 843 637 ἀπολύομεν
855 602 945 635 αὐτόν,

158 644 214 675 ἓως
284 645 420 680 ἐγγυητὴν
436 645 482 672 τοῦ
506 646 616 681 τρέφειν
633 645 728 682 αὐτὴν.
751 649 798 674 καὶ
812 646 888 674 εἷπον
907 649 946 685 τῷ

158 690 305 725 διακονητῇ
329 699 391 726 μου·
413 691 459 717 καὶ
476 691 663 726 ὲνηγγυήσατό
679 701 723 726 με.
751 693 798 719 καὶ
821 694 946 721 ἀπελθὼν

158 735 201 766 εἰς
214 735 244 761 τὸ
259 735 363 762 κελλίον
379 744 441 770 μου,
459 735 546 763 ἔδωκα
567 735 640 771 αὐτῷ
655 737 705 764 ὅσα
718 735 789 774 εϊχον
806 740 944 775 σπυρίδια,

158 780 249 814 λέγων
259 788 265 796 ·
282 780 407 816 πώλησον
423 782 470 809 καὶ
490 783 534 815 δὸς
544 785 577 817 τῇ
593 785 702 819 γυναικί
716 793 766 819 μου
779 786 884 819 φαγεῖν.
899 786 946 812 καὶ

159 826 254 860 ἔλεγον
268 826 306 862 τῷ
321 827 443 863 λογισμῷ
458 837 507 864 μου
518 839 524 845 ·
542 831 678 867 Μακάριε,
696 831 750 858 ἰδοὺ
763 829 842 867 εὗρες
857 831 945 868 ἑαυτῷ

160 873 286 905 γυναῖκα·
301 873 352 908 χρὴ
368 873 531 908 ἐργάζεσθαι
547 876 642 911 μικρὸν
653 876 781 912 περισσὸν
792 877 814 909 ⁸,
828 877 872 903 ἵνα
885 877 946 913 τρέ-

162 926 216 953 φῃς
234 919 328 954 αὐτήν·
346 920 392 946 καὶ
409 920 577 956 εἰργαζόμην
599 921 684 948 νύκτα
703 923 750 949 καὶ
767 923 884 959 ἡμέραν,
900 924 947 950 καὶ
964 916 983 942 Β

162 965 286 1000 ἔπεμπον
303 966 382 1001 αὐτῇ.
403 967 449 994 καὶ
463 968 506 994 ὅτε
519 966 599 1004 ἦλθεν
618 969 632 995 ὁ
648 969 742 1004 καιρὸς
755 970 787 1005 τῇ
809 969 889 1005 ἀθλία
904 979 948 997 τε-

164 1013 231 1042 κεῖν,
254 1012 359 1047 ἔμεινεν
374 1013 419 1040 ἐπὶ
433 1013 532 1045 πολλὰς
551 1014 657 1050 ἡμέρας
672 1015 871 1051 βασανιζομένη
880 1036 887 1047 ,
901 1016 949 1043 xui.

164 1056 213 1083 οὐκ
226 1056 325 1084 ἔτικτε.
346 1057 393 1083 καὶ
416 1057 539 1091 λέγουσιν
554 1059 637 1095 αὐτῇ·
651 1059 677 1085 τί
697 1060 754 1086 ἐστι
778 1059 873 1093 τοῦτο;
889 1061 905 1095 ὴ
920 1061 948 1087 δὲ

164 1099 250 1128 εἶπεν·
265 1101 320 1136 ἐγὼ
334 1101 391 1129 οἴδα
403 1110 410 1117 ’
426 1103 465 1130 ὃτι
476 1103 523 1130 τὸν
536 1104 713 1140 ἀναχωρητὴν
727 1106 946 1142 ἐσυκοφάντησα,

164 1148 211 1173 καὶ
228 1148 387 1184 ψευσαμένη
406 1150 570 1185 ᾐτιασάμην·
585 1151 633 1177 καὶ
646 1148 724 1183 οὗτος
744 1152 793 1179 οὐκ
808 1152 863 1188 ἔχει
879 1153 949 1189 πρᾶ-

163 1201 233 1227 γμα,
248 1192 303 1218 ἀλλ’
320 1193 334 1219 ὁ
345 1193 418 1221 δεῖνα
436 1195 450 1220 ὸ
469 1194 609 1230 νεώτερος.
625 1196 671 1222 καὶ
686 1196 770 1223 ἐλθὼν
784 1197 798 1222 ὁ
819 1197 949 1224 διακονῶν

167 1245 212 1272 μοι
224 1238 327 1273 χαίρων
343 1239 446 1273 ἔλεγεν,
461 1241 501 1267 ὅτι
514 1242 564 1267 οὐκ
575 1241 695 1277 ἠδυνήθη
713 1243 803 1281 τεκεῖν
818 1243 834 1278 ἡ
849 1243 949 1278 παρθέ-

165 1292 209 1315 νος
221 1285 322 1321 ἐκείνη,
337 1286 388 1318 ἕως
400 1283 430 1313 οὗ
451 1287 609 1323 ὡμολόγησε
633 1287 760 1322 λέγουσα,
776 1288 817 1315 ὃτι
832 1289 881 1315 οὐκ
892 1289 948 1324 ἔχει

165 1331 282 1365 πρᾶγμα
296 1332 311 1357 ὁ
324 1332 516 1369 ἁναχωρητής,
532 1334 589 1360 ἀλλ’
603 1334 761 1370 ἐψευσάμην
779 1336 838 1363 κατ’
851 1336 932 1363 αὐτοῦ
941 1345 947 1351 ·

166 1377 213 1402 καὶ
225 1377 279 1403 ἰδοὺ
297 1378 371 1404 πᾶσα
390 1380 406 1414 ἡ
422 1379 502 1414 κώμη
518 1379 589 1407 θέλει
606 1381 692 1407 ἐλθεῖν
712 1381 793 1417 238
814 1378 865 1409 ὦδε
881 1383 951 1418 μετὰ

165 1421 255 1457 δόξης,
268 1424 315 1450 καὶ
328 1425 491 1460 μετανοῆσαι
503 1434 554 1453 σοι.
568 1425 623 1460 ἐγὼ
633 1426 662 1453 δὲ
672 1427 789 1459 ἀκούσας
799 1427 894 1460 ταῦτα,
908 1429 951 1456 ἴνα

167 1467 205 1503 μὴ
220 1468 335 1504 θλίψωσι
353 1479 386 1505 με
399 1472 422 1497 οἱ
437 1471 585 1508 ἄνθρωποιἶ
602 1471 716 1508 ἀνέστην
731 1474 778 1500 καὶ
790 1473 887 1508 ἔφυγον
899 1471 950 1502 ὦδε

165 1514 205 1544 εἰς
214 1513 324 1548 Σκῆτιν.
338 1514 405 1550 αὕτη
418 1516 490 1542 ἐστὶν
503 1517 520 1551 ἡ
532 1516 661 1552 ἀρχὴτῆς
669 1517 767 1550 αἰτίας,
780 1517 813 1544 δι’
825 1519 858 1554 ἣν
870 1516 951 1554 ἦλθον

165 1559 214 1589 ὦδε
231 1562 278 1598 (ι).

197 1656 226 1683 2.
243 1653 330 1683 ’Ἦλθέ
341 1665 406 1683 ποτε
417 1655 559 1692 Μακάριος
569 1657 584 1684 ὁ
597 1655 744 1691 Αἰγύπτιος
758 1658 812 1684 ἀπὸ
827 1658 950 1693 Σκήτεως

167 1700 206 1731 εἰς
219 1699 252 1726 τὸ
265 1700 328 1736 ὅρος
340 1700 389 1735 τῆς
402 1700 526 1736 Νιτρίας,
535 1701 574 1732 εις
587 1700 635 1736 τὴν
652 1699 808 1737 προσφορὰν
821 1702 866 1729 τοῦ
881 1703 952 1731 ἀεῖῦᾶ

167 1745 274 1782 Παμὸὧ
284 1753 290 1759 ·
305 1745 353 1772 καὶ
373 1745 498 1779 λέγουσιν
512 1745 586 1781 αὐτῷ
602 1746 626 1772 οἱ
642 1746 783 1782 γέροντες·
799 1747 859 1774 εἰπὲ
877 1749 951 1784 ῥῆμα

164 1792 221 1822 τοῖς
235 1791 370 1825 ἀδελφοῖς,
390 1791 486 1826 πάτερ.
501 1791 515 1817 ὁ
534 1790 562 1817 δὲ
579 1789 669 1818 εἶπεν·
686 1791 742 1826 ἐγὼ
759 1792 834 1819 οὔπω
854 1793 952 1828 γέγονα

167 1836 296 1872 μοναχός,
307 1836 363 1862 ἀλλ’
377 1834 446 1863 εἶδον
456 1837 596 1871 μοναχοὺς·
609 1837 755 1873 καθημένῳ
765 1837 820 1874 γάρ
832 1839 876 1874 μοί
887 1849 952 1866 ποτε

167 1884 195 1910 ὲν
214 1882 255 1917 τῷ
271 1882 369 1917 κελλιῳ
392 1883 432 1914 εἰς
453 1882 563 1917 Σκῆτιν,
584 1882 710 1918 ῶχλησάν
731 1892 775 1918 μοι
791 1885 815 1910 οἱ
830 1884 954 1920 λογισμοὶ

166 1929 293 1962 λέγοντες
304 1936 313 1944 ·
328 1928 427 1955 ἄπελθε
440 1930 480 1960 εἰς
494 1928 675 1965 τὴνέρημον,
689 1929 736 1956 καὶ
751 1930 788 1957 ἰδὲ
807 1930 832 1956 τί
848 1930 954 1965 βλέπεις

167 1975 241 2001 ἐκεῖ*
254 1974 350 2009 ἔμεινα
363 1975 391 2001 δὲ
408 1974 533 2010 πολεμῶν
558 1974 597 2010 τῷ
611 1975 732 2011 λογισμῷ
748 1976 826 2002 πέντε
842 1976 900 2013 ἐτη,
910 1977 955 2004 λέ-

168 2030 235 2055 γων,
253 2021 351 2056 μήπως
371 2020 425 2047 ἀπὸ
436 2021 569 2055 δαιμόνων
583 2021 665 2048 ἐστίν.
681 2021 729 2047 καὶ
741 2021 778 2053 ὡς
796 2021 926 2057 ἐπέμενεν
940 2024 955 2050 ὸ

168 2065 315 2101 Αστισμδς,
338 2065 457 2101 ἀπῆλθον
473 2067 512 2097 εἰς
532 2066 582 2101 τὴν
595 2066 712 2102 ἔρημοψ
731 2066 777 2093 καὶ
790 2063 868 2102 εὖρον
896 2069 955 2094 ἐκεῖ

169 2110 267 2146 λίμνην
281 2110 392 2143 ὑδάτων,
402 2110 448 2137 καὶ
455 2111 534 2146 νῆσον
543 2112 571 2138 ὲν
587 2111 661 2146 μέσῳ
672 2111 765 2146 αὐτῆς·
778 2113 824 2138 καὶ
832 2109 912 2148 ἦλθον
921 2112 955 2140 τὰ

169 2157 256 2192 κτήνη
268 2156 318 2191 τῆς
334 2156 437 2192 ἐρήμου
454 2158 525 2183 πιεῖν
540 2155 569 2189 ἐξ
579 2157 664 2192 αὐτῆς
674 2166 680 2172 ·
693 2158 739 2183 καὶ
758 2155 824 2184 εἶδον
835 2158 863 2184 ὲν
881 2158 955 2194 μέσῳ

169 2203 261 2230 αὐτῶν
267 2202 315 2229 δύο
324 2201 484 2238 ἀνθρώπους
494 2202 622 2237 γυμνούς·
635 2203 681 2229 καὶ
692 2202 822 2230 ὲδειλίασε
833 2203 863 2230 τὸ
877 2203 956 2240 σῶμά

999 290 1095 312 rantes
1112 291 1143 310 ac
1159 284 1283 312 dicentes
1295 293 1302 311 :
1316 283 1368 312 Iste
1382 285 1533 312 monachus
1546 285 1782 312 vitiavitnostram

997 328 1148 364 virginem;
1164 329 1252 363 capite
1270 336 1344 361 eum,
1358 329 1458 364 capite.
1476 328 1509 355 Et
1528 333 1724 363 percusserunt
1741 336 1784 356 me

997 380 1082 407 paene
1090 373 1124 400 ad
1135 373 1404 402 mortem.Accedens
1412 382 1476 402 vero
1486 375 1584 409 aliquis
1596 383 1691 402 senum
1703 375 1782 403 dixit:

996 418 1143 454 Quousque
1163 419 1276 447 caeditis
1290 420 1459 451 monachum
1483 421 1564 447 istum
1595 420 1785 455 peregrinum?

997 465 1049 497 Qui
1070 469 1160 493 autem
1181 465 1247 492 mihi
1265 465 1450 496 ministrabat,
1467 467 1633 501 sequebatur
1648 471 1710 500 post
1729 474 1782 497 me,

997 510 1101 545 pudore
1122 511 1255 539 suil‘usus.
1282 511 1374 538 Multis
1399 512 1499 546 quippe
1525 512 1696 539 contumeliis
1721 519 1782 538 eum

996 554 1143 582 aﬁecerant
1176 555 1298 584 dicentes
1326 565 1332 582 :
1364 555 1434 583 Ecce
1472 556 1654 587 anachoreta,
1677 556 1721 583 cui
1754 559 1783 582 ιιι

996 601 1183 628 testimonium
1211 601 1390 635 perhibebas,
1418 601 1483 636 quid
1521 600 1603 628 fecit?
1639 601 1672 627 Et
1706 601 1784 627 aiunt

995 650 1122 681 parentes
1135 647 1256 682 puellae:
1272 646 1331 674 Non
1346 647 1514 674 dimittemus
1529 654 1604 679 eum,
1616 646 1703 674 donec
1716 647 1785 673 lide-

996 692 1128 719 iussorcm
1147 692 1263 726 dederit,
1287 692 1361 727 quod
1391 693 1507 720 aliturus
1536 693 1571 720 sit
1592 700 1663 720 eam.
1691 692 1784 727 Itaque

995 737 1145 773 signiﬁcavi
1160 739 1287 765 ministro
1304 738 1343 765 illi
1359 746 1433 771 meo,
1453 741 1480 765 et
1496 738 1641 773 spopondit
1660 745 1709 773 pro
1724 745 1776 765 me.

996 783 1065 810 Tum
1080 784 1174 812 abiens
1188 784 1214 810 in
1236 784 1360 812 cellulam
1378 792 1476 816 meam,
1492 784 1554 811 dedi
1568 784 1594 811 ei
1619 791 1688 819 quas
1702 783 1784 813 habui

996 830 1144 864 sportulas,
1159 831 1267 858 dicens:
1278 830 1368 858 Vende
1383 834 1410 857 et
1425 829 1491 857 all‘er
1501 830 1592 857 cibum
1607 831 1686 858 uxori
1698 838 1784 858 meae.

996 875 1030 902 Et
1046 875 1117 910 apud
1134 883 1176 903 me
1193 883 1199 901 :
1217 875 1328 906 Macati,
1353 876 1480 910 inquam.
1502 882 1566 903 ecce
1585 875 1633 902 tibi
1657 875 1786 902 invenisti

997 929 1130 955 uxorem;
1153 925 1272 956 oportet,
1297 925 1327 948 ut
1347 921 1427 956 paulo
1451 921 1568 956 amplius
1588 921 1708 953 labores,
1731 928 1786 956 quo

1000 967 1111 996 nutrias
1123 975 1194 995 eam.
1213 967 1244 994 Et
1256 967 1389 1003 operabar
1401 971 1483 995 noctu
1495 975 1527 994 ac
1542 967 1671 999 interdiu,
1695 967 1786 994 mitte-

998 1013 1116 1047 bamque
1135 1014 1171 1041 ei.
1187 1013 1273 1041 Porro
1289 1021 1351 1040 cum
1370 1013 1480 1041 advenit
1490 1017 1597 1048 tempus
1613 1013 1741 1044 miserae,
1757 1018 1786 1040 ut

999 1062 1119 1094 pareret,
1138 1059 1171 1086 ad
1190 1059 1291 1087 multos
1308 1059 1367 1087 dies
1381 1059 1410 1086 in
1433 1059 1603 1087 cruciatibus
1626 1060 1786 1095 permansit,

998 1112 1050 1132 nec
1073 1105 1206 1140 pariebat.
1228 1105 1440 1138 Percontantur,
1468 1105 1533 1140 quid
1556 1106 1608 1132 hoc
1633 1106 1723 1133 esset?
1741 1105 1786 1132 Illa

999 1150 1160 1185 respondit:
1185 1150 1240 1186 Ego
1266 1150 1343 1184 scio;
1360 1151 1490 1185 quoniam
1512 1150 1706 1177 anachoretam
1738 1157 1786 1177 ca-

999 1196 1132 1223 lumniata
1150 1203 1223 1228 sum,
1248 1196 1421 1230 mendaxque
1444 1196 1588 1229 aecusavi;
1612 1195 1788 1230 nequeenim

1000 1241 1045 1269 hic
1063 1241 1092 1268 in
1108 1241 1188 1276 culpa
1205 1245 1257 1275 est,
1287 1241 1342 1269 sed
1359 1242 1405 1269 ille
1422 1241 1538 1269 iuvenis.
1556 1241 1634 1268 Tunc
1647 1241 1693 1276 qui
1708 1241 1781 1269 mini-

1000 1287 1104 1314 strabat
1128 1287 1204 1320 mihi,
1230 1287 1318 1314 laetus
1346 1287 1495 1314 adveniens
1520 1286 1663 1314 nunciavit
1682 1295 1689 1314 :
1705 1286 1789 1321 Virgo

1001 1333 1046 1360 illa
1063 1340 1117 1360 non
1143 1333 1231 1368 potuit
1257 1340 1364 1367 parere,
1391 1333 1477 1360 donec
1490 1333 1527 1360 ita
1552 1332 1728 1360 conﬁteretur
1749 1333 1790 1361 di-

1001 1386 1066 1407 cens
1084 1387 1090 1405 :
1108 1377 1169 1406 Non
1192 1379 1220 1406 in
1243 1379 1325 1414 culpa
1348 1383 1390 1406 est
1409 1378 1585 1410 anachoreta,
1606 1378 1654 1406 sed
1677 1379 1790 1406 mentita

1001 1433 1062 1454 sum
1083 1426 1215 1454 adversus
1230 1433 1310 1458 eum;
1332 1429 1359 1453 et
1376 1432 1440 1453 ecce
1460 1428 1534 1453 totus
1554 1425 1632 1453 vicus
1646 1424 1700 1452 huc
1713 1431 1791 1452 acce-

1002 1470 1068 1499 dere
1081 1471 1140 1499 vult
1158 1479 1219 1499 cum
1240 1471 1352 1504 honore,
1369 1475 1398 1498 ut
1418 1471 1524 1498 veniam
1540 1479 1555 1498 a
1575 1475 1601 1499 te
1616 1471 1729 1506 supplex
1744 1478 1792 1505 po-

1001 1517 1092 1545 stulet.
1113 1516 1160 1545 His
1176 1525 1227 1553 ego
1250 1517 1361 1549 auditis,
1389 1524 1424 1544 ne
1441 1516 1509 1544 mihi
1535 1517 1689 1544 molestiam
1713 1523 1792 1551 pare-

1001 1568 1062 1591 rent
1086 1563 1222 1596 homines,
1239 1563 1365 1595 surrexi,
1388 1568 1470 1597 atque
1491 1562 1543 1590 huc
1561 1562 1588 1589 in
1605 1561 1708 1590 Scetim
1723 1561 1790 1597 fugi.

1003 1608 1041 1636 En
1058 1609 1222 1643 principium
1237 1616 1402 1644 causamque
1416 1608 1469 1636 mei
1483 1608 1538 1636 huc
1549 1608 1695 1635 adventus.

1037 1653 1066 1681 2.
1083 1653 1217 1681 Macarius
1240 1654 1389 1690 Aegyptius
1412 1653 1559 1688 aliquando
1579 1661 1594 1680 e
1618 1652 1693 1679 Sceti
1711 1651 1789 1679 venit

1004 1700 1040 1728 ad
1056 1703 1175 1727 montem
1189 1699 1294 1726 Nitriae
1309 1700 1337 1726 in
1357 1699 1496 1727 oblatione
1510 1697 1613 1726 Pambo
1629 1698 1745 1726 abbatis.
1759 1696 1793 1724 Et

1004 1744 1099 1776 dicunt
1112 1745 1137 1772 ei
1151 1751 1231 1771 senes
1245 1752 1251 1769 :
1270 1743 1429 1772 Sermonem
1440 1743 1533 1778 profer
1543 1743 1686 1776 fratribus,
1703 1746 1790 1778 pater.

1004 1789 1073 1816 Tum
1092 1790 1137 1817 ille
1152 1789 1228 1816 iniit:
1244 1788 1428 1824 Egonondum
1444 1788 1534 1817 factus
1551 1797 1611 1816 sum
1630 1788 1792 1820 monachus,

1005 1836 1052 1862 sed
1062 1834 1114 1861 vidi
1129 1834 1288 1862 monachos.
1304 1834 1416 1862 Sedenti
1430 1835 1502 1862 enim
1516 1834 1581 1862 mihi
1599 1833 1748 1869 aliquando
1763 1833 1801 1861 in.

1006 1881 1105 1908 cellula
1124 1881 1196 1916 apud
1223 1880 1324 1909 Scetim
1348 1880 1479 1909 molestae
1494 1885 1572 1908 erant
1594 1881 1792 1916 cogitationes,

1008 1926 1111 1960 quibus
1123 1926 1237 1954 iubebar
1246 1925 1382 1961 proﬁcisci
1400 1926 1429 1953 in
1445 1926 1632 1957 solitudinem,
1648 1930 1674 1954 et
1687 1925 1791 1958 videre.

1007 1971 1072 2006 quid
1098 1971 1155 1998 illic
1179 1971 1267 1999 oculis
1282 1971 1351 1999 meis
1375 1974 1543 1999 occurreret.
1568 1971 1678 1999 Perstiti
1704 1975 1794 1999 autem

1007 2017 1129 2052 quinque
1152 2018 1242 2049 annis,
1264 2025 1388 2052 pugnans
1405 2016 1536 2045 adversus
1552 2017 1746 2052 cogitationem
1763 2023 1796 2044 ac

1007 2063 1103 2090 dicens
1120 2071 1126 2089 :
1141 2063 1180 2092 Ne
1192 2063 1262 2091 forte
1277 2071 1292 2091 a
1316 2063 1497 2091 daemonibus
1511 2063 1556 2091 sit.
1572 2063 1639 2091 Cum
1652 2070 1717 2090 vero
1733 2070 1794 2098 per~

1008 2113 1146 2137 severaret
1156 2109 1355 2144 cogitatio,abii
1365 2109 1393 2137 in
1402 2118 1534 2138 eremum.
1544 2111 1631 2145 Atque
1641 2109 1696 2136 illic
1705 2108 1795 2138 inveni

1008 2160 1134 2191 stagnum
1146 2163 1208 2183 cum
1223 2156 1314 2184 insula
1325 2155 1353 2183 in
1365 2156 1456 2184 medio
1466 2156 1536 2187 eius,
1546 2160 1574 2183 et
1585 2156 1619 2183 ad
1633 2156 1700 2183 illud
1709 2156 1796 2183 venie-

1008 2200 1077 2238 bant
1085 2200 1188 2228 bestiae
1195 2201 1291 2233 eremi,
1305 2204 1336 2228 ut
1343 2200 1479 2229 biberent.
1495 2201 1569 2234 Quas
1583 2201 1656 2229 inter
1667 2199 1797 2236 conspexi

171 2258 235 2284 μου·
254 2248 338 2284 239
353 2236 466 2284 ἐνόμισα
561 2249 602 2276 ὅτι
622 2248 765 2284 πνεύματά
784 2250 862 2276 εἰσιν.
879 2236 951 2277 αὐτοῖ

1011 2237 1218 2276 διιὸεἸιοιηιιιθε
1235 2248 1335 2282 nudos,
1353 2249 1552 2275 etcontremuit
1569 2255 1671 2283 corpus
1689 2256 1797 2281 meum;

169 2295 198 2322 δέ
219 2304 252 2330 με
263 2295 301 2326 ὡς
312 2293 381 2322 εἶδον
396 2295 546 2327 δειλιῶντα,
563 2295 696 2330 ἐλάλησαν
710 2295 778 2331 πρός
794 2305 837 2331 με·
853 2297 890 2332 μὴ
907 2305 956 2331 φο-

171 2341 230 2368 6οὖ·
250 2341 299 2368 καὶ
318 2342 399 2376 ἡμεῖς
414 2341 551 2376 ἄνθρωποί
572 2342 665 2377 ἐσμεν.
683 2342 730 2368 καὶ
749 2340 825 2368 εἶπον
849 2342 956 2374 αὐτοῖς’

171 2386 254 2412 πόθεν
266 2384 339 2418 ἐστέ,
355 2385 402 2412 καὶ
414 2385 473 2417 πῶς
487 2385 582 2420 mem
600 2387 638 2418 εἰς
658 2385 706 2421 τὴν
723 2385 824 2422 ἔρημον
837 2386 938 2422 ταύτην
950 2395 957 2420 ;

172 2433 220 2459 καὶ
241 2430 333 2458 εἴπον-
357 2431 411 2458 ἀπὸ
432 2430 563 2457 κοινοϐίου
577 2431 676 2466 ἐσμέν·
696 2431 743 2458 καὶ
763 2432 873 2466 γέγονεν
893 2432 959 2467 ἡμῖν

173 2477 330 2513 συμφωνία.
354 2477 400 2504 καὶ
424 2476 572 2512 ἐξήλθομεν
591 2473 658 2503 ὧδε·
681 2477 735 2504 ἰδοὺ
756 2477 961 2513 τεσσαράκοντα

174 2523 233 2559 ἐτη.
253 2522 300 2549 καὶ
319 2522 333 2548 ὁ
355 2521 404 2556 μὲν
415 2521 425 2537 ⁷
443 2518 483 2552 εἷς
496 2520 652 2554 Αἰγύπτιος,
665 2521 718 2547 ὸδὲ
734 2520 826 2556 ἕτερος
843 2520 960 2554 Λιϐυκδς

1008 2292 1162 2320 existimavi
1169 2294 1241 2321 enim
1252 2301 1313 2321 esse
1322 2293 1446 2328 spiritus.
1463 2292 1518 2328 Ipsi
1527 2300 1592 2321 vero
1601 2297 1746 2328 postquam
1755 2300 1799 2320 me

1010 2338 1139 2366 viderunt
1150 2342 1322 2370 trementem,
1334 2339 1372 2366 ita
1381 2339 1466 2366 locuti
1478 2344 1542 2367 sunt
1551 2339 1615 2366 mihi
1627 2348 1634 2366 :
1648 2339 1708 2366 Noli
1722 2338 1800 2365 time-

1011 2395 1050 2421 re;
1062 2387 1144 2414 etiam
1154 2394 1203 2414 nos
1216 2386 1343 2414 homines
1351 2395 1457 2415 sumus.
1467 2386 1500 2413 Et
1507 2387 1564 2414 dixi
1576 2387 1625 2414 iis:
1638 2385 1715 2413 Unde
1722 2385 1799 2416 estis.

1011 2436 1038 2460 et
1049 2432 1188 2467 quomodo
1206 2433 1319 2461 venistis
1332 2433 1359 2460 in
1376 2433 1554 2460 solitudinem
1570 2431 1662 2459 hanc?
1676 2430 1800 2466 Respon-

1013 2476 1112 2503 derunt
1126 2486 1132 2503 ε
1154 2476 1175 2503 Ε
1191 2477 1327 2505 coenobio
1344 2484 1451 2509 sumusI
1468 2481 1551 2512 atque
1566 2483 1597 2503 ex
1619 2479 1714 2503 mutuo
1736 2483 1800 2503 con-

1013 2529 1095 2550 sensu
1112 2523 1217 2558 egressi
1236 2523 1365 2553 venimus.
1384 2523 1448 2555 huc,
1467 2530 1531 2551 ecce
1551 2521 1732 2558 quadraginta
1755 2521 1802 2548 ab-

826 2586 958 2614 VARIAE
974 2587 1174 2618 LECTIONES.

211 2660 222 2676 '
241 2659 284 2686 Al.
298 2655 331 2692 ᾧ.
370 2658 381 2674 ⁸
399 2658 442 2685 AI.
463 2656 611 2693 περισσῶς.
649 2657 659 2672 ⁷
678 2657 718 2683 AI.
737 2657 856 2691 ἔχομεν.

915 2737 1039 2766 NOTAE.

214 2814 251 2848 (α)
266 2811 530 2846 Περιεπόμπευσὰν
546 2820 584 2845 με
646 2810 784 2848 ζῇγκώιέῃ-
794 2812 856 2848 κατ’
868 2811 962 2848 ἅμερο-

180 2846 242 2876 δοὶν.
253 2848 363 2875 Minima
375 2847 522 2874 mutatione
534 2846 634 2881 corrigi
647 2846 726 2874 debet
742 2846 840 2881 Pelagii
853 2847 941 2874 versio
955 2856 961 2873 :

182 2883 306 2911 ηιὶδεηιηι
322 2890 361 2910 me
381 2882 532 2910 circiluram
546 2883 571 2909 in
586 2882 641 2909 rica
654 2882 711 2917 illo,
729 2881 873 2910 scribendo
888 2882 963 2908 circi-

1018 2815 1114 2837 lurum.
1126 2809 1174 2837 Ed.
1189 2808 1419 2844 Lngdveircuire.
1435 2808 1475 2836 An
1507 2807 1804 2844 circilareﬂCmr-zutn.

1053 2845 1090 2880 (ὁ)
1111 2845 1153 2872 Cf.
1188 2843 1244 2873 ννζ
1267 2843 1319 2873 PP.
1343 2845 1432 2873 Rosw.
1456 2844 1502 2873 lib.
1522 2852 1551 2872 ιιι
1569 2851 1628 2879 cap.
1649 2843 1697 2877 99;
1718 2843 1765 2870 lib.
1785 2843 1802 2869 ν

1017 2881 1099 2910 libell.
1117 2880 1160 2914 15,
1174 2880 1218 2908 ‘25.
