2048 3153
232 135 287 166 ‘239

640 136 690 164 SS.
708 136 938 164 MACARIORUM
958 135 1120 164 AEGYPTU
1139 136 1183 163 ET
1204 135 1436 163 ALEXANDIIINI

1803 132 1853 160 910

233 197 299 225 hinc
314 195 378 223 anni
393 193 603 230 praeterierunt.
620 193 708 228 Atque
721 202 793 222 unus
806 202 821 223 e
833 195 912 222 nobis
929 194 1017 229 Aegy-

1068 193 1195 228 ὑπάρχει.
1205 194 1252 220 καὶ
1264 193 1445 229 ἐπηρώτησαν
1458 202 1491 228 με
1503 193 1551 220 καὶ
1569 191 1646 219 αὐτοὶ
1654 189 1855 224 λέγοι-τεςυπῶς

232 245 307 278 ptius
318 245 370 273 est,
385 241 453 268 alter
461 239 587 274 Libycus.
601 239 654 273 Ipsi
663 248 771 275 quoque
780 240 1018 275 interrogaverunt

232 296 277 316 me
290 292 318 316 et
334 288 482 315 dixerunt:
499 285 644 318 Quomodo
659 293 689 313 se
705 286 788 313 habet
808 285 949 312 mundus?
970 285 1018 312 Vc—
1037 279 1046 284 ’

233 335 311 361 nilne
325 339 396 366 aqua
412 331 438 358 in
455 334 577 364 tempore
594 329 665 357 suo?
684 330 801 357 Mundus
815 330 954 357 obtinetue
970 329 1018 356 ab-

235 376 392 405 undantiam
417 375 546 403 solitam?
568 374 706 410 Respondi
727 383 734 403 :
764 375 862 402 Etiam.
891 373 1017 401 Vicissim

233 431 282 460 ego
297 426 474 458 percontatus
486 429 546 449 sum
561 430 567 448 :
587 421 711 454 Quanam
728 422 834 449 ratione
850 421 907 448 tieri
923 425 1018 456 potero

233 467 402 496 monachus?
427 466 511 494 Aiunt
538 467 605 494 mihi
624 476 630 494 :
653 466 711 494 Nisi
731 467 793 502 quis
815 466 1019 494 renunciaverit

233 514 363 541 omnibus
378 513 471 540 mundi
487 514 580 544 rebus,
598 520 652 540 non
674 517 760 548 potest
780 513 838 540 ﬁeri
856 512 1016 540 monachus.

233 558 334 594 Excepi
353 568 359 586 :
378 558 433 594 Ego
443 558 569 585 infirmus
584 566 656 591 sum,
674 566 721 586 uec
733 566 843 594 possum
861 558 942 586 sicuti
958 565 1016 584 vos.

233 604 404 639 Exceperunt
415 603 544 632 etiamilli
558 613 565 630 :
578 603 607 630 Si
621 611 673 631 non
688 608 776 639 potes,
789 603 1018 639 quemadmodqu

233 658 295 684 nos,
306 650 369 678 sede
379 650 407 678 in
415 650 513 677 cellula
522 653 581 683 tua,
590 654 617 676 et
629 655 739 685 peccata
750 654 796 677 tua
806 649 883 678 defle.
891 649 1018 682 Quaesivi

234 696 268 724 ab
281 696 321 724 eis
336 706 342 723 :
360 696 475 730 Quando
495 696 584 724 hiems
598 700 651 728 est,
671 703 761 722 nonne
777 695 891 731 algetis?
909 695 1019 730 quando

1029 534 1046 556 Χ

235 745 328 769 aestus
337 746 389 775 est,
402 750 493 770 nonne
506 743 596 770 uritur
606 749 707 777 corpus
717 747 836 770 vestrum
845 742 856 768 ?
865 740 1020 776 Responde-

234 792 316 815 runt:
331 787 403 815 Deus
416 796 481 823 erga
490 796 541 816 nos
552 788 604 816 hac
615 796 682 815 usus
691 791 733 815 est
744 788 961 822 dispensatione:
975 795 1019 814 ne-

233 841 287 869 que
303 833 390 861 hieme
402 834 531 868 rigemus,
544 841 633 869 neque
643 837 748 861 aestate
761 841 811 862 nos
818 837 911 861 aestus
925 833 1017 860 laedit.

233 877 379 913 Propterea
394 878 450 905 dixi
461 879 549 911 vobis,
568 886 610 905 me
627 878 749 905 nondum
766 886 828 905 esse
841 878 1017 912 monachum,

233 924 281 952 sed
296 923 398 951 vidisse
417 924 579 952 monachos.
594 923 731 959 Ignoscite
753 924 832 954 mihi.
855 923 964 950 fratres.

269 969 295 996 3.
314 968 450 996 Macarius
466 969 550 996 abbas
567 977 630 997 cum
646 970 673 996 in
692 968 849 996 omnimoda
871 967 1019 995 solitudine

234 1012 392 1040 habitaret:
416 1013 491 1041 solus
509 1017 599 1041 autem
623 1014 679 1041 illic
697 1013 917 1041 anachoreticam
935 1014 1018 1040 vitam

233 1058 366 1093 ducebat;
383 1060 454 1086 infra
468 1068 534 1088 vero
548 1061 601 1088 alia
618 1064 678 1088 erat
702 1068 821 1093 eremus,
838 1061 865 1087 in
882 1068 935 1095 qua
958 1061 1019 1095 plu-

233 1111 279 1131 res
296 1103 393 1132 fratres
409 1105 560 1140 degebant:
585 1106 637 1133 ista
653 1106 736 1141 igitur
757 1106 784 1132 in
801 1105 949 1133 solitudine
969 1107 1019 1133 ali-

234 1150 345 1184 quando
362 1158 410 1185 per
425 1151 497 1178 viam
515 1151 741 1186 circumspiciens
756 1158 850 1183 senex,
862 1151 930 1178 vidit
947 1155 1020 1178 sata-

234 1205 298 1224 nam
324 1197 478 1224 venientem
503 1197 531 1224 in
552 1197 638 1231 figura
658 1196 787 1227 hominis.
811 1200 841 1223 ut
868 1196 971 1229 locum,
992 1197 1020 1223 in

233 1250 289 1277 quo
306 1246 375 1274 erat,
397 1243 544 1270 transiret:
570 1242 718 1277 apparebat
737 1246 828 1269 autem
848 1242 926 1277 quasi
947 1242 1020 1268 tuni-

233 1296 294 1315 cam
303 1293 413 1324 gestaps
423 1289 523 1316 lineam
533 1289 711 1324 perforatam,
721 1295 736 1314 a
751 1288 830 1315 cuius
840 1288 1020 1316 foraminibus

234 1333 391 1368 pendebant
407 1342 507 1370 parvae
518 1334 630 1369 Iecythi.
649 1333 719 1360 Dicit
738 1334 764 1361 ei
783 1342 867 1362 senex
883 1342 1017 1370 magnus:

235 1379 295 1411 Quo
304 1378 381 1406 vadis
389 1379 401 1405 ‘t
409 1378 562 1413 Respondit
575 1388 581 1405 :
595 1378 758 1405 Proficiscor
769 1379 803 1406 ad
818 1379 926 1413 fratres,
939 1385 968 1407 ul
986 1381 1020 1408 iis

235 1431 389 1459 suggeram.
413 1424 482 1451 Tum
507 1432 588 1452 senex
609 1433 616 1450 :
645 1424 678 1451 Et
702 1431 787 1459 quare
811 1425 859 1452 tibi
885 1426 1021 1460 ampullae

235 1469 309 1498 hae?
327 1469 399 1496 Ille:
424 1469 515 1496 Aﬂ'ero
540 1469 672 1497 fratribus
695 1463 877 1498 condimenta.
905 1470 1018 1498 Senex:

1068 241 1083 266 6
1096 240 1214 274 κόσμος;
1231 240 1277 266 καὶ
1290 240 1313 265 εἱ
1331 239 1438 275 ἔρχεται
1453 239 1483 266 τὸ
1494 239 1564 274 ὕδωρ
1577 238 1648 266 κατὰ
1659 237 1752 273 καιρὸν
1762 235 1855 269 αὑτοῦ,

1069 285 1116 311 καὶ
1133 286 1157 311 εἰ
1174 284 1230 320 ἔχει
1244 286 1258 311 6
1277 285 1379 321 κόσμος
1397 285 1447 321 τὴν
1462 285 1587 321 εὐθηνίαν
1602 282 1684 310 αὑτοῦ
1696 301 1704 315 ,
1723 282 1769 310 καὶ
1779 279 1856 308 εἷπον

1069 331 1160 362 αὐτοῖς
1171 339 1179 346 ο
1195 331 1249 357 ναί.
1269 331 1348 365 κάγὼ
1371 331 1469 363 αὐτοὺς
1490 331 1620 367 ἠρώτησα
1631 338 1638 344 ·
1653 329 1711 362 πῶς
1738 328 1856 364 δύναμαι

1071 376 1193 411 γενέσθαι
1218 377 1352 412 μοναχόςς
1366 377 1414 404 καὶ
1437 377 1544 411 λέγουσι
1560 385 1604 412 μοι
1615 383 1622 391 ‘
1635 376 1682 404 ἐὰν
1701 376 1737 411 μὴ
1752 375 1854 402 ἀποτὰ-

1042 451 1053 458 ν
1070 422 1147 458 ξηταί
1161 431 1202 454 τις
1216 423 1282 449 πᾶσι
1293 424 1350 455 τοῖς
1362 423 1409 450 τοῦ
1423 423 1536 459 κόσμου,
1551 423 1580 449 οὺ
1601 422 1711 450 δύναται
1728 421 1854 456 γενέσθαι

1070 467 1196 503 μοναχός.
1214 468 1261 494 καὶ
1273 466 1349 495 εἶπον
1359 468 1450 500 αὐτοῖς
1461 476 1468 485 ·
1482 467 1537 503 ἐγὼ
1560 468 1677 503 ἀσθενής
1691 468 1749 502 εἰμι
1762 467 1809 493 καὶ
1822 467 1853 493 οὑ

1069 513 1184 548 δύναμαι
1198 514 1236 545 ὡς
1249 514 1337 549 ὑμεῖς·
1361 515 1408 542 καὶ
1424 513 1559 549 εἶπόννμοι
1571 515 1619 540 καὶ
1637 512 1723 540 αὐτοι·
1739 513 1788 540 καὶ
1807 512 1854 539 ἐὰν

1069 558 1099 585 οὐ
1119 558 1230 586 δύνασαι
1251 558 1289 590 ὡς
1302 559 1397 594 ἡμεῖς,
1413 558 1497 586 κάθου
1509 559 1549 590 εἰς
1563 558 1594 585 τὸ
1613 557 1717 585 κελλιον
1732 566 1790 590 σου,
1807 557 1855 583 καὶ

1069 604 1185 632 κλαῦσον
1197 604 1246 637 τὰς
1255 605 1392 641 ἁμαρτιας
1407 613 1464 632 σου·
1476 606 1523 632 καὶ
1532 605 1661 641 ἠρώτησα
1671 603 1779 635 αὐτούς’
1790 603 1854 629 ὅταν

1069 650 1176 686 γίνηται
1190 650 1302 687 χειμών,
1326 651 1356 677 οὺ
1376 651 1488 686 ριγᾶτε;
1505 651 1552 678 καὶ
1573 651 1637 677 ὅταν
1652 650 1761 684 γίνηται
1775 648 1855 685 240

1069 696 1163 731 καῦμα
1173 716 1180 728 ,
1195 696 1226 722 οὑ
1238 695 1345 722 καίεται
1362 695 1394 722 τὰ
1409 694 1523 731 σώματα.
1541 695 1636 731 ὑμῶν;
1653 696 1677 722 οἱ
1693 695 1721 722 δὲ
1736 692 1822 721 εἷπον·
1839 696 1855 721 6

1069 742 1134 773 Θεὸς
1149 741 1276 777 ἐποίησεν
1289 742 1354 776 ἡμῖν
1372 740 1421 777 τὴν
1438 741 1589 776 οξκονομὶαν
1608 741 1719 776 ταύτην·
1734 741 1780 767 καὶ
1792 740 1854 766 οὕτε

1069 788 1107 823 τῷ
1119 787 1231 824 χειμῶνι
1250 787 1381 823 ριγῶμεν,
1401 786 1463 814 οὔτε
1482 788 1520 823 τῷ
1536 787 1611 824 θέρει
1630 787 1661 814 τὸ
1673 787 1767 822 καῦμα
1781 787 1854 822 ἡμᾶς

1069 833 1165 861 ἀδικεῖ.
1180 833 1225 861 διὰ
1237 833 1315 860 τοῦτο
1331 830 1407 860 εἷπον
1421 834 1494 869 ὑμῖν,
1513 834 1553 860 ὅτι
1567 833 1644 860 οὔπω
1658 833 1756 868 γέγονα
1773 841 1855 867 μονα-

1069 878 1132 914 χός,
1158 878 1216 906 ἀλλ’
1237 877 1305 905 εἶδον
1327 879 1468 914 μοναχούς.
1483 879 1678 915 συγχωρήσατέ
1695 887 1740 914 μοι
1752 898 1760 910 ,
1776 878 1853 905 ἀξελ-

1070 924 1115 959 φοί
1133 924 1181 959 (a).

1104 971 1130 997 5.
1154 970 1185 998 '0
1198 970 1286 1002 ἅϐϐᾶς
1303 969 1443 1004 Μακάριος
1455 969 1500 996 ὅτε
1514 969 1580 1005 ᾣκει
1593 970 1623 996 ὲν
1641 971 1673 1005 τῇ
1689 970 1852 1005 πανερήμῳ·

1068 1015 1102 1052 ἦν
1119 1016 1148 1043 δὲ
1169 1017 1247 1052 μόνος
1261 1018 1289 1043 ἐν
1308 1016 1375 1051 αὐτῇ
1395 1016 1553 1051 ἀναχωρῶν,
1571 1016 1723 1050 παρακάτω
1740 1016 1768 1042 δὲ
1788 1016 1853 1052 ἄλλη

1070 1063 1172 1098 ἕρημος
1188 1059 1222 1097 ἦν
1241 1061 1371 1088 πλειόνων
1387 1061 1519 1095 ἀδελφῶν.
1535 1061 1684 1097 παρετήρει
1697 1060 1725 1087 δὲ
1739 1061 1753 1087 6
1766 1061 1855 1096 γέρων

1069 1108 1118 1144 τὴν
1129 1108 1198 1139 ὁδόν,
1208 1108 1255 1134 καὶ
1269 1108 1321 1144 ὁρᾷ
1336 1107 1381 1134 τὸν
1402 1108 1530 1139 σατανᾶν,
1547 1106 1727 1142 ἀνερχόμενον
1745 1107 1773 1132 ὲν
1788 1107 1854 1141 σχή-

1073 1163 1136 1188 ματι
1159 1153 1319 1190 ἀνθρώπου,
1342 1153 1488 1188 παρελθεῖν
1508 1152 1539 1179 δι’
1567 1152 1662 1180 αὑτοῦ·
1688 1153 1813 1185 ἐφαίνετο
1825 1152 1855 1178 δὲ

1070 1200 1106 1231 ὼς
1129 1200 1266 1235 στιχὰριον
1290 1199 1380 1233 φορῶν
1402 1198 1491 1225 λινοῦν
1514 1197 1691 1234 τρωγλωτόν’
1714 1198 1762 1224 καὶ
1785 1196 1855 1224 κατὰ

1069 1245 1220 1281 τρυμαλιὰν
1240 1244 1377 1280 ἐκρέματο
1395 1242 1523 1278 ληκύθιον
1550 1243 1569 1270 ⁸.
1595 1243 1640 1270 καὶ
1661 1243 1734 1276 λέγει
1753 1242 1828 1277 αὐτῷ
1840 1243 1854 1268 6

1069 1291 1159 1326 γέρων
1170 1290 1185 1316 6
1201 1289 1286 1325 μέγας
1298 1297 1305 1306 ·
1318 1288 1369 1316 ποῦ
1381 1289 1483 1325 πορεύῃ
1494 1297 1501 1321 ;
1516 1289 1561 1315 καὶ
1574 1287 1649 1315 εἶπεν
1666 1287 1750 1324 αὐτῷ·
1769 1288 1855 1322 ἀπέρ-

1070 1344 1152 1371 χομαι
1165 1333 1318 1371 ὑπομνῆσαι
1328 1335 1390 1366 τοὺς
1399 1334 1528 1368 ἀδελφούς
1540 1334 1589 1368 (b).
1604 1335 1617 1360 6
1630 1334 1657 1360 δὲ
1673 1333 1761 1368 γέρων
1778 1331 1853 1359 εἴπεο

1071 1381 1118 1407 καὶ
1128 1381 1172 1408 ἵνα
1182 1380 1209 1407 τί
1221 1389 1262 1406 σοι
1278 1380 1312 1406 τὰ
1325 1379 1441 1415 ληκύθια
1449 1380 1459 1395 ⁸
1470 1379 1553 1406 ταῦτα
1564 1387 1571 1412 ;
1586 1379 1633 1406 καὶ
1642 1376 1702 1405 εἷπε
1712 1387 1718 1393 ·
1730 1378 1856 1414 γεύματα

1071 1426 1201 1462 ὰποφέρω
1218 1427 1275 1457 τοῖς
1294 1425 1427 1460 ἀδελφοῖς.
1443 1426 1457 1452 6
1470 1425 1498 1452 δὲ
1513 1425 1601 1460 γέρων
1620 1423 1690 1451 εἷπε·
1709 1425 1756 1451 καὶ
1769 1424 1855 1451 ταῦτα

1070 1473 1135 1506 ὅλας
1149 1471 1300 1507 ἀπεκρίθη·
1314 1471 1359 1499 vat
1369 1479 1375 1486 '
1489 1470 1535 1497 ἐὰν
1551 1470 1587 1506 μὴ
1601 1471 1632 1497 τὺ
1647 1471 1675 1497 ἒν
1687 1470 1773 1505 ἀρέσῃ
1789 1470 1854 1503 τινι,

234 1515 268 1541 Et
282 1515 349 1541 haec
365 1515 478 1541 omnia?
499 1514 610 1550 Excepit
627 1525 633 1543 :
653 1515 756 1548 Etiam;
769 1515 792 1543 si
806 1516 850 1543 cui
864 1524 948 1543 unum
965 1524 1018 1543 non

1071 1519 1146 1554 φέρω
1169 1518 1241 1545 ἄλλο’
1265 1518 1312 1544 ἐὰν
1329 1518 1358 1544 δὲ
1372 1517 1439 1553 μηδὲ
1454 1516 1532 1543 τοῦτο
1542 1537 1549 1549 ,
1564 1516 1628 1544 διδῶ
1645 1516 1708 1544 ἄλλο
1718 1524 1725 1532 '
1748 1517 1856 1547 πάντως

235 1559 379 1595 placuerit,
394 1559 468 1587 aliud
483 1561 591 1595 porrigo
613 1569 619 1587 :
640 1560 663 1587 si
681 1567 767 1594 neque
786 1561 847 1592 hoc,
867 1561 902 1588 do
922 1562 1016 1589 aliud:

235 1606 345 1633 omnino
364 1610 453 1632 autem
467 1608 509 1638 ζει
535 1606 590 1634 illis
609 1607 705 1634 saltem
728 1615 812 1634 unum
844 1607 962 1642 placebit
981 1608 1018 1635 ei.

235 1652 310 1684 Quae
322 1659 383 1678 eum
398 1651 524 1684 dixisset,
534 1651 611 1679 abiit.
621 1651 656 1678 At
671 1660 754 1680 senex
770 1653 911 1684 remansit,
925 1653 1019 1680 obser-

234 1705 304 1724 vans
318 1697 387 1730 vias,
409 1697 497 1725 donec
513 1702 707 1725 reverteretur.
720 1697 810 1733 thue
829 1699 972 1733 conspexit
986 1698 1019 1725 il-

234 1743 290 1770 lum
306 1751 400 1776 senex,
414 1743 452 1770 ait
471 1751 478 1769 :
496 1743 594 1771 Salvus
607 1743 656 1771 sis.
668 1743 715 1771 Ille
725 1744 867 1778 respondit
879 1754 886 1772 :
900 1744 1019 1777 Quomo-

235 1788 270 1815 do
282 1789 441 1824 contingcre
455 1788 521 1816 mihi
535 1789 644 1824 poterit,
660 1792 690 1816 ut
706 1789 798 1817 salvus
817 1790 886 1816 sim?
905 1789 992 1818 Senex
1010 1801 1016 1817 :

235 1834 347 1867 Quare?
364 1835 410 1862 Ille
428 1834 525 1868 :Quia,
540 1835 640 1870 inquit,
660 1836 750 1863 cuncti
763 1836 829 1862 mihi
845 1835 955 1863 fuerunt
969 1837 1020 1863 im-

233 1880 325 1912 mites,
345 1887 394 1907 nec
415 1880 487 1908 ullus
504 1880 570 1907 mihi
581 1881 662 1908 favet.
684 1881 725 1908 Ad
744 1890 806 1909 eum
821 1890 906 1909 senex
925 1892 931 1910 :
952 1882 1019 1910 Nul-

233 1926 312 1954 lusne
326 1934 390 1962 ergo
409 1927 466 1954 illic
481 1927 531 1954 tibi
549 1927 675 1955 amicus?
700 1927 747 1955 Ille
766 1929 908 1964 respondit
926 1939 932 1957 :
952 1929 1017 1964 Nae,

234 1980 318 2000 unum
344 1973 380 2000 ibi
399 1973 561 2001 monachum
583 1973 702 2001 amicum
720 1974 817 2007 habeo,
830 1975 875 2010 qui
895 1975 936 2003 vel
960 1975 1019 2011 ipse

233 2018 301 2045 mihi
317 2018 497 2053 obtemperat,
512 2023 538 2045 et
554 2025 617 2045 cum
640 2026 684 2046 me
708 2019 852 2053 conspicit,
877 2026 959 2046 aurae
977 2020 1019 2046 in-

235 2069 292 2092 star
302 2066 427 2092 vertitur.
440 2065 509 2092 Tum
521 2063 603 2093 senex
616 2064 775 2098 :Quomodo
790 2070 901 2092 vocatur
916 2066 1019 2093 frater?

235 2109 281 2137 Ille
296 2109 352 2137 ait:
371 2109 582 2145 Theopemptus.
601 2109 660 2143 Quo
676 2110 749 2137 dicto
770 2110 908 2138 discessit.
930 2111 1018 2145 Atque

237 2163 352 2191 surgens
368 2156 504 2184 Macarius
518 2157 602 2185 abbas
620 2156 737 2191 perrexit
751 2156 784 2183 ad
797 2155 951 2184 inferiorem
962 2165 1019 2184 ere~

1069 1564 1097 1591 δὲ
1114 1563 1144 1596 ἐξ
1155 1563 1244 1590 αὐτῶν
1265 1563 1316 1590 κᾶν
1337 1563 1366 1590 ἓν
1381 1564 1474 1599 ἀρέσει
1496 1562 1579 1598 αὐτῷ.
1600 1563 1655 1589 Καὶ
1672 1563 1755 1589 ταῦτα
1769 1561 1855 1588 εἰπὼν

1068 1608 1198 1645 ἀπῆλθεν·
1223 1611 1237 1636 6
1255 1610 1282 1636 δὲ
1302 1610 1391 1645 γέρων
1419 1609 1509 1644 ἔμεινε
1536 1609 1780 1645 παρατηρούμενος
1806 1607 1855 1638 τὰς

1066 1655 1143 1688 ὁδοὺς
1155 1656 1208 1688 ἕως
1223 1655 1303 1683 πάλιν
1317 1657 1419 1687 ἐκεῖνος
1429 1655 1573 1691 ἐπανῆλθε.
1585 1655 1632 1682 καὶ¹
1644 1655 1681 1686 ὡς
1694 1652 1763 1680 εἶδεν
1775 1653 1854 1680 αὑτὸν

1069 1703 1083 1728 6
1094 1703 1193 1738 γέρων,
1203 1702 1277 1736 λέγει
1292 1702 1377 1737 αὐτῷ·
1392 1702 1517 1737 σωθείης·
1529 1702 1542 1728 6
1553 1702 1581 1728 δὲ
1592 1700 1737 1736 ἀπεκρίθη·
1751 1700 1801 1727 ποῦ
1816 1700 1856 1726 ἔνι

1071 1756 1115 1782 μοι
1125 1747 1260 1782 σωθῆναι;
1273 1747 1347 1781 λέγει
1361 1746 1435 1782 αὑτῷ
1447 1747 1461 1772 6
1476 1747 1577 1782 Ιγέρων·
1589 1746 1632 1773 διὰ
1642 1747 1666 1773 τί
1678 1755 1686 1779 ;
1697 1746 1711 1772 6
1725 1746 1753 1772 δὲ
1769 1745 1854 1780 λέγει’

1069 1793 1108 1819 ὅτι
1128 1793 1226 1823 πάντες
1244 1791 1333 1827 ἄγριοί
1350 1801 1395 1827 μοι
1419 1791 1542 1826 ἐγένοντο
1557 1792 1608 1826 (c).
1630 1791 1678 1818 καὶ
1697 1790 1785 1822 οὐδείς
1803 1799 1853 1826 μου

1069 1837 1193 1873 ἀνέχεται
1211 1839 1243 1865 ¹⁰.
1265 1837 1338 1872 λέγει
1358 1837 1431 1873 αὐτῷ
1452 1839 1466 1864 6
1487 1838 1585 1873 γέρων·
1606 1838 1699 1864 οὐδένα
1715 1835 1760 1863 οὖν
1781 1836 1856 1871 φίλον

1070 1884 1139 1919 ἔχεις
1153 1885 1224 1917 ὲκεῖ;
1244 1885 1258 1910 ὁ
1278 1883 1480 1920 δὲ.ἀπεκρίθη’
1496 1884 1555 1916 ναὶ,
1572 1883 1619 1910 ἕνα
1639 1883 1754 1918 μοναχὸν
1768 1883 1788 1898 ¹¹
1801 1881 1855 1917 ἔχω

1069 1930 1128 1956 ἐκεῖ
1138 1930 1212 1963 φίλον
1225 1930 1257 1962 η,
1270 1929 1318 1956 καὶ
1330 1929 1381 1956 κᾶν
1393 1928 1475 1960 αὐτός
1489 1937 1534 1964 μοι
1549 1928 1680 1955 πείθεται·
1693 1929 1740 1956 καὶ
1751 1929 1794 1955 ὅτε
1805 1928 1855 1963 ὸρᾷ

1071 1984 1115 2011 με,
1127 1976 1272 2012 στρέφεται
1284 1976 1321 2007 ὼς
1336 1975 1424 2011 ἀνέμη
1436 1976 1466 2002 η.
1480 1975 1554 2010 λέγει
1571 1975 1644 2010 αὑτῷ
1658 1976 1672 2002 6
1686 1975 1774 2011 γέρων
1788 1983 1794 1990 ’
1809 1974 1855 2000 καὶ

1069 2022 1110 2054 τίς
1140 2022 1264 2049 καλεῖται
1287 2023 1300 2049 6
1323 2022 1452 2056 ἀδελφός;
1474 2022 1488 2048 6
1506 2022 1534 2048 δὲ
1557 2021 1648 2056 λέγει·
1664 2022 1853 2057 Θεόπεμπτος.

1069 2067 1152 2095 εἰπὼν
1167 2068 1195 2094 δὲ
1205 2068 1291 2095 ταῦτα
1304 2068 1435 2103 ἀπῆλθεν,
1452 2067 1499 2094 καὶ
1519 2067 1638 2100 ἀναστὰς
1661 2068 1675 2094 6
1693 2067 1780 2099 ἀϐὃᾶς
1794 2068 1855 2094 Μα-

1068 2114 1163 2149 κάριος
1187 2114 1336 2149 ἀπέρχεται
1359 2114 1406 2140 ἐπὶ
1429 2113 1477 2148 τὴν
1499 2113 1650 2149 παρακάτω
1672 2113 1784 2149 ἔρημον⁹
1807 2112 1855 2139 καὶ

1069 2159 1233 2193 ἀκούσαντες
1254 2163 1278 2188 οἱ
1303 2161 1430 2195 ἀδελφοὶ,
1450 2160 1577 2192 λαϐόντες
1601 2160 1665 2196 βαΐα
1688 2160 1798 2197 ἐξῆλθον
1815 2161 1855 2191 εις

234 2210 318 2231 ιιιιιιιι.
333 2202 410 2236 Quod
422 2210 484 2230 cum
503 2203 702 2238 comperissent
718 2203 830 2236 fratres,
844 2202 960 2236 sumptis
973 2211 1015 2230 ra-

1069 2207 1221 2241 ἀπάντησιν
1236 2208 1318 2235 αὑτοῦ
1331 2207 1380 2244 (d).
1393 2208 1438 2234 καὶ
1449 2206 1541 2234 λοιπὸν
1552 2207 1666 2240 ἕκαστος
1676 2207 1855 2243 ηὑτρεπίζετο

881 2261 1007 2288 VARIAE
1023 2262 1222 2293 LECTIONES.

267 2320 278 2360 ἶ
295 2313 388 2360 Fort-4
407 2319 730 2360 Cplflerﬁngwrowru
752 2318 862 2352 'Corr.,
879 2319 995 2348 Coteler.
1009 2323 1168 2356 ληκύνθιη.
1208 2325 1230 2340 ¹⁰
1240 2325 1282 2351 Al.
1295 2333 1345 2359 μοι
1362 2326 1502 2353 πείθεται,
1542 2326 1562 2341 ¹¹
1576 2325 1619 2352 Al.
1633 2325 1739 2360 μόνον.
1778 2325 1852 2353 "AI.

232 2355 375 2390 ἀδελφόν.
414 2355 435 2370 ’⁸
456 2353 501 2382 Sic
516 2353 632 2383 Cotelcr.
647 2362 697 2389 pro
712 2354 831 2389 ἄνεμος.

978 2412 1104 2442 NOTAE.

213 2477 219 2501 ‘
265 2490 305 2524 (α)
320 2490 362 2517 cr.
380 2489 435 2517 vv.
453 2489 503 2516 PP.
518 2489 609 2517 nosw.
625 2490 671 2516 lib.
692 2496 716 2515 νι
735 2488 859 2524 libens.
871 2489 898 2515 4.

268 2523 304 2555 (bl
327 2525 497 2559 Ἀπέρχομαι
515 2524 688 2559 ὑπομνῆσαι
710 2523 780 2556 τοὺς
802 2523 962 2558 ἀδελφούς.
986 2524 1014 2552 In

233 2561 303 2588 Vitis
316 2558 426 2587 Patrum
438 2558 451 2587 ί
462 2560 535 2586 Vada
557 2567 716 2586 commovere
727 2558 832 2592 fratres,
849 2559 920 2585 facili
937 2559 1014 2593 lapsu

232 2596 291 2621 vice
303 2603 474 2625 commanere,
497 2593 724 2629 quemadmodum
737 2597 810 2629 recte
820 2594 852 2629 Ain
868 2593 1014 2622 Paschasio

233 2629 299 2664 [νγ.
322 2630 373 2657 PP.
394 2629 482 2656 Rosw.
503 2627 550 2657 lib.
571 2638 607 2656 vn
634 2636 695 2663 cap.
715 2628 742 2660 1,
760 2627 798 2663 8].
817 2627 922 2664 Parque
939 2637 1013 2656 erra—

231 2669 289 2692 tum
298 2665 417 2692 occurrit
429 2665 479 2692 sub
493 2665 570 2691 finem
581 2664 832 2698 Apophthegmatis.
848 2663 915 2690 Cod.
929 2664 1012 2691 Corb.

231 2708 393 2727 commonere
409 2704 434 2726 et
450 2700 599 2726 admonere.
618 2698 755 2725 COTELEII.

267 2735 301 2769 (cl
315 2735 427 2767 Πάντες
441 2735 534 2769 ἄτςίηοί
542 2744 592 2768 μοι
601 2734 749 2769 ἑγένοξθῖο,
761 2733 798 2768 [et
807 2733 833 2759 in
848 2732 912 2768 fine]
924 2733 1017 2769 ἄγριοι

231 2772 309 2797 εἶσιν
329 2770 402 2800 ὅλοι,
417 2770 454 2805 [et
473 2772 569 2797 iterum
589 2770 615 2795 in
632 2768 695 2803 line]
710 2768 829 2805 πὰνζιοις
846 2768 1018 2805 (ξγρίῴζερος

231 2805 360 2838 ἐγένετο,
376 2813 408 2832 ex
418 2802 516 2832 'ltuﬁni
532 2802 757 2838 interpretatione
772 2802 839 2838 [VV.
856 2802 896 2829 PP
924 2803 1017 2829 Rosw.

231 2840 277 2867 lib.
294 2849 334 2871 III,
348 2848 406 2874 cap.
424 2840 469 2875 Iit]
489 2840 614 2866 contrarii
628 2845 655 2865 et
678 2844 792 2875 agrestes
807 2838 1018 2875 atqueomnibtts

232 2876 346 2911 amp!in
367 2872 494 2909 asperior.
512 2882 544 2902 ex
566 2874 612 2902 illa
629 2872 703 2901 ιρι-θ’
716 2873 855 2901 Paschasii
873 2873 941 2909 [ιί’.
963 2872 1015 2900 1³Ρ.

1067 2485 1160 2514 Rosw.
1174 2486 1221 2513 lih.
1237 2493 1285 2517 vn,
1296 2494 1360 2521 cap.
1376 2487 1402 2517 1,
1412 2485 1439 2521 8]
1464 2485 1735 2521 contrarijLagrestcs
1745 2505 1752 2516 ,
1768 2487 1855 2512 omni-

1068 2522 1116 2547 bus
1139 2522 1265 2554 asperior.
1287 2520 1321 2547 At
1336 2519 1464 2553 Pelagius
1494 2520 1561 2556 [VV.
1579 2519 1743 2556 PPJItosw.
1767 2520 1812 2547 lih.
1837 2529 1854 2548 ν

1067 2557 1155 2592 libell.
1168 2557 1211 2588 18,
1228 2556 1263 2592 9]
1280 2556 1385 2590 legebat
1400 2557 1475 2590 ἅγιοι
1490 2555 1521 2582 ac
1538 2555 1704 2592 ἁγιώτερος,
1724 2563 1785 2582 nam
1797 2563 1856 2592 ver-

1068 2592 1119 2618 tit:
1140 2591 1234 2619 Omncs
1251 2591 1412 2625 sancti/icnti
1423 2595 1503 2622 sunt;
1518 2591 1566 2617 toti
1579 2591 1666 2617 sancti
1679 2595 1756 2620 sunt;
1773 2591 1855 2617 omni-

1067 2626 1114 2652 bus
1127 2628 1244 2653 sanctior
1254 2631 1292 2653 est
1308 2626 1416 2660 factus:
1433 2627 1523 2653 minus
1543 2626 1620 2652 bene.
1635 2625 1774 2652 COTELER.

1100 2661 1374 2695 (rllan6'o'1-rscﬁuz‘u
1382 2661 1511 2695 ἐξῆλθον
1523 2662 1566 2693 εὶς
1572 2659 1852 2693 ἀπάντησιναὺτοῦ.

1064 2696 1104 2723 Ad
1122 2696 1313 2724 illustrandum
1332 2697 1627 2730 morempraeclarum,
1644 2695 1750 2722 obviam
1771 2695 1853 2722 eundi

1065 2731 1148 2757 alicui
1176 2732 1286 2758 honoris
1310 2739 1404 2763 causa,
1431 2731 1563 2765 gestando
1583 2738 1675 2756 ramos
1700 2731 1853 2765 palmarum

1068 2772 1114 2793 aut
1129 2767 1243 2793 aliarum
1261 2766 1401 2799 arborum,
1427 2767 1478 2792 tria
1500 2765 1653 2800 deprompsi
1674 2773 1705 2792 ex
1725 2764 1855 2791 adversa-

1068 2802 1118 2840 riis
1137 2801 1204 2840 meis
1228 2801 1351 2840 insignia
1368 2801 1534 2840 testimonia.
1558 2800 1683 2840 Primum.
1694 2800 1795 2840 petitur
1818 2807 1854 2827 ex

1071 2836 1213 2863 ltinerario
1230 2837 1476 2871 Hierosolymitano
1490 2836 1619 2863 Antonini
1634 2845 1640 2862 :
1660 2835 1700 2862 Ibi
1730 2840 1854 2871 venerunt

1073 2872 1194 2900 mulieres
1210 2871 1237 2899 in
1257 2870 1392 2900 occursum
1410 2871 1484 2899 nobis
1501 2879 1559 2898 cum
1577 2870 1733 2905 infantibus,
1750 2870 1852 2906 palmas
