2048 3153
151 152 187 180 ιη
783 161 1096 191 APOPHTHEGMATA.

1710 162 1763 190 25!

151 213 261 249 νομίζων,
279 215 320 241 ὅτι
330 215 474 252 παράῠτῴ
486 216 580 252 ἔμελλε
589 219 734 246 καταλύειν
740 221 857 256 ὸγέρων.
870 222 883 248 6
897 221 926 248 δὲ

978 221 1030 248 mis
1044 220 1197 255 palmarum
1205 220 1230 247 ei
1239 220 1348 248 obviam
1361 221 1529 255 prodierunt.
1540 219 1664 247 Ceterum
1678 228 1764 248 unus-

148 258 214 295 242
223 259 322 295 ἐζήτει,
335 260 378 292 τίς
395 262 435 298 εἴη
450 263 464 289 6
479 263 645 298 καλούμενος
655 265 832 301 Θεόπεμπτος
843 268 871 294 ὲν
884 267 923 302 τῷ

147 304 251 341 ὕρει.καὶ
262 305 351 341 εὑρὼν
362 308 469 344 εἰσῆλθε
480 310 520 341 εἰς
533 310 563 336 τὸ
573 311 675 338 κελλῑον
687 312 781 339 αὑτοῦ.
794 314 808 340 ὁ
819 313 848 340 δὲ
859 314 923 341 Θεό-

147 353 411 386 θπμπτοςὺπεδέξατο
419 355 499 382 αὐτὸν
507 356 618 391 χαίρων.
626 357 662 389 ὡς
669 357 697 384 δὲ
706 359 806 394 ἤρξατο
815 359 923 391 ἰδιάζειν

146 398 226 431 αὐτὴν,
236 399 251 425 6
267 400 357 436 γέρων
369 400 452 436 λέγει·
471 401 530 434 πῶς
546 402 580 429 τὰ
595 404 665 431 κατὰ
680 404 720 436 σὲ,
736 405 849 439 ὰδελφέ;
863 407 877 432 6
896 405 923 432 δὲ

146 441 212 470 εἶπεν
222 452 228 457 ·
242 445 334 480 εὐχαῖς
347 454 406 477 σου,
419 446 519 479 καλῶς.
535 445 596 474 εἷπε
609 447 638 475 δὲ
652 449 666 474 6
678 448 776 484 γέρων·
797 449 834 485 μὴ
849 449 924 476 πολε-

147 490 217 525 μοῦσί
231 499 261 517 σε
285 492 308 518 οἱ
331 492 473 528 λογισμοί;
489 493 503 519 6
522 494 550 520 δὲ
566 493 638 520 effre-
658 495 727 527 τέως
748 495 839 527 καλῶς
855 497 922 531 εἰμι·

146 535 225 570 ᾐδεῖτο
236 535 289 573 γὰρ
303 538 399 564 εἰπεῖν.
412 537 487 572 λέγει
501 540 574 575 αὑτῷ
589 541 602 567 6
612 541 711 577 γέρων·
725 541 779 568 ἰδοὺ
793 542 862 569 πόσα
876 542 923 578 ἔτη

146 581 225 613 ἀσκῶ,
244 582 292 608 καὶ
314 583 437 618 τιμῶμαι
453 584 529 620 παρὰ
544 586 662 619 πάντων,
677 587 724 613 καὶ
745 587 807 622 ἐμοὶ
822 587 861 622 τῷ
878 589 925 622 γέ-

148 635 211 662 ροντι
225 627 300 662 ὀχλεῖ
315 629 345 655 τὸ
357 629 464 664 πνεῦμα
477 631 526 666 τῆς
538 632 675 667 πορνείας.
691 634 828 669 ἀπεκρίθη
839 634 925 668 λέγων

145 673 350 709 όΘεόπεμπτος·
365 676 486 709 πίστευε,
502 677 588 710 ἀ66ᾶ,
610 678 657 704 καὶ
670 679 741 714 ἐμοί·
758 679 773 705 ὁ
789 679 817 706 δὲ
836 680 925 716 γέρων

145 720 336 754 προεφασίζετο
348 721 395 748 καὶ
410 722 518 757 ἑτέρους
531 722 677 759 λογισμοὺς
697 724 825 759 πολεμεῖν
840 725 924 760 αὐτῷ,

144 763 191 794 ἓως
205 765 311 799 ποιήσει
325 766 404 792 αὑτὸν
417 767 582 802 ὁμολογῆσαι
591 777 597 783 ·
615 766 674 795 εἶτα
688 769 760 804 λέγει
771 770 856 806 αὐτῷ’
868 771 925 803 πῶς

144 810 293 844 νηστεύεις;
312 813 326 838 6
341 812 371 838 δὲ
385 812 458 846 λέγει
475 814 559 849 αὐτῷ·
577 814 626 849 τὴν
638 815 746 851 ἐνάτην.
761 816 836 851 λέγει
851 816 925 851 αὐτῷ

142 856 156 882 6
170 855 267 891 γέρων·
280 858 393 892 νήστευε
405 858 458 900 ἕως
468 858 526 893 ὀψὲ,
538 859 585 886 καὶ
599 860 686 887 ἄσκει·
702 862 748 887 καὶ
761 861 924 897 ἁποστήθιζε

977 267 1097 300 quisque
1115 273 1210 293 eorum
1223 267 1403 300 praeparabat
1417 274 1455 298 se,
1471 272 1582 301 putans,
1601 265 1675 300 quod
1691 266 1764 301 apud

974 313 1066 347 ipsum
1085 312 1277 339 diversaturus
1292 315 1366 339 esset
1379 319 1474 339 senex.
1490 312 1524 339 At
1542 312 1588 338 ille
1610 312 1762 346 requisivit,
1779 301 1783 306 ’

974 358 1103 393 quisnam
1119 357 1146 384 in
1162 361 1255 385 monte
1271 357 1474 392 Theopemptus
1488 358 1682 392 appellaretur.
1701 358 1761 390 Quo

975 403 1090 429 invento
1122 402 1235 429 intravit
1261 402 1289 429 in
1310 402 1436 429 cellulam
1466 403 1536 434 eius,
1561 401 1763 437 Theopemptus

974 453 1064 476 autem
1091 449 1212 483 suscepit
1232 457 1294 476 eum
1320 449 1417 476 laetus.
1444 447 1533 483 thue
1556 449 1645 484 coepit
1674 449 1763 475 solum

975 501 1069 522 secum
1095 493 1196 520 habere
1224 500 1298 524 eum,
1319 500 1403 520 senex
1423 501 1430 519 :
1448 491 1599 525 Quamodo,
1619 492 1716 525 inquit,
1734 499 1765 519 se

974 547 1019 567 res
1029 544 1092 566 tuae
1100 539 1212 570 habent,
1221 539 1316 566 frater?
1325 540 1351 566 ls
1357 538 1423 565 dicit
1436 547 1442 563 :
1455 537 1548 568 Recte.
1558 538 1685 572 precibus
1697 537 1761 564 tuis.

975 586 1008 612 lit
1046 593 1128 613 senex
1159 584 1260 612 :Num
1309 585 1470 619 impugnant
1508 587 1534 610 te
1567 582 1767 617 cogitationes?

974 631 1041 659 ille:
1059 630 1170 659 Interim
1199 631 1265 658 mihi
1290 631 1360 658 bene
1381 634 1433 658 est.
1462 629 1584 656 Pudebat
1613 629 1684 656 enim
1702 635 1764 655 eum

975 677 1091 704 edicere.
1110 676 1155 703 Ait
1179 676 1218 703 illi
1235 684 1318 703 senex
1335 684 1343 702 :
1358 675 1430 701 Ecce
1457 682 1472 701 a
1491 678 1558 709 quot
1574 674 1655 700 annis
1682 673 1765 699 vitam

976 722 1123 749 asceticam
1139 722 1222 754 duco,
1242 726 1269 749 et
1285 722 1388 748 honore
1403 721 1504 748 allicior
1517 720 1552 747 ab
1570 719 1709 747 euntibus.
1726 722 1767 744 at-

977 772 1067 796 tamen
1097 776 1141 795 me
1164 775 1255 795 senem
1287 767 1403 802 spiritus
1430 765 1621 793 fornicationis
1647 765 1765 791 divexat.

977 813 1185 849 Theopemptus
1202 814 1310 848 excepit
1327 820 1334 840 :
1349 813 1446 843 Crede,
1459 812 1539 843 abba,
1555 811 1636 838 etiam
1649 818 1701 836 me.
1717 809 1767 836 Se-

977 868 1030 887 nex
1057 868 1122 887 vero
1141 859 1299 889 simulabat,
1319 859 1352 886 ab
1372 859 1434 886 aliis
1448 858 1529 885 etiam
1553 855 1766 891 cogitationibus

143 901 185 928 τοῦ
203 902 363 936 εὐαγγελίου
376 905 423 930 καὶ
441 904 494 931 τῶν
510 905 597 932 ἄλλων
611 906 724 941 γραφῶν
736 914 742 921 ·
759 907 807 933 καὶ
821 907 868 934 ἐάν
883 916 923 933 σοι

978 905 1128 940 impugnari
1145 913 1183 935 se,
1203 905 1291 932 donec
1310 912 1372 932 eum
1400 903 1434 930 ad
1458 902 1658 930 confessionem
1682 901 1767 928 adtlu-

143 947 224 982 ἀναϐῇ
238 947 377 982 λογισμός,
395 949 528 984 μηδέποτε
543 950 663 986 πρόσχῃς
675 951 761 982 κάτω,
781 952 848 978 ἀλλὰ
861 952 924 979 πάν-

142 1000 198 1018 τοτε
215 992 286 1019 ἄνων
305 993 351 1019 καὶ
370 994 470 1026 εὐθέως
487 1003 526 1021 σοι
539 996 553 1021 6
570 995 663 1030 κύριος
688 996 789 1032 βοηθεῖ.
812 996 859 1023 καὶ
878 1006 925 1024 τυ-

143 1037 234 1070 mina;
254 1040 268 1065 6
282 1039 370 1074 γέρων
386 1039 432 1066 τὸν
453 1040 566 1074 ἀδελφὸν
583 1041 694 1076 ἐξῆλθεν
714 1043 794 1078 243
814 1044 853 1075 εἰς
875 1043 924 1079 τὴν

145 1084 208 1110 ἰδίειν
227 1084 339 1119 ἔρημον.
357 1085 404 1111 καὶ
421 1086 585 1122 παρατηρῶν
600 1087 680 1114 πάλιν
700 1088 751 1123 ὁρᾷ
765 1089 867 1115 ἐκεῖνον
880 1089 925 1115 τὸν

143 1130 264 1164 δαίμονα,
278 1131 325 1156 καὶ
337 1131 411 1165 λέγει
425 1131 507 1167 αὐτῷ’
525 1133 575 1159 ποῦ
586 1134 666 1160 πάλιν
679 1134 801 1169 ἀπέρχῃ;
816 1135 829 1161 6
840 1134 868 1161 δὲ
881 1134 925 1160 λέ-

142 1185 182 1210 γει
195 1184 201 1191 ·
220 1176 376 1211 ὑπομνῆσαι
392 1178 455 1209 τοὺς
472 1178 614 1213 ἀδελφούς,
630 1180 675 1206 καὶ
692 1180 823 1213 ἀπῆλθεν.
840 1180 878 1211 ὠς
898 1180 926 1206 δὲ

142 1222 220 1249 πάλιν
236 1223 386 1258 ἐπανῆλθε,
404 1223 477 1258 λέγει
492 1225 565 1260 αὑτῷ
584 1226 597 1251 6
618 1226 711 1260 ἅγιος·
731 1225 790 1257 πῶς
806 1226 830 1252 οἱ
851 1226 926 1252 ἁδελ-

142 1270 197 1304 ᾳοί;
214 1271 227 1296 6
243 1270 271 1296 δὲ
291 1269 379 1303 λέγει·
398 1270 498 1302 κακῶς·
513 1271 527 1296 6
550 1271 578 1297 δὲ
594 1272 682 1307 γέρων
693 1272 781 1306 λέγει·
803 1272 846 1299 διὰ
856 1273 898 1305 τίς
912 1274 926 1299 6

141 1314 167 1340 δὲ
182 1312 272 1340 εἶπεν·
289 1314 378 1350 ἇγριοί
393 1315 461 1341 εἰσιν
478 1315 548 1342 ὅλοι⁴
565 1317 613 1342 καὶ
626 1316 656 1342 τὺ
673 1316 764 1352 μεῖζον
777 1318 872 1351 κακόν,
885 1319 926 1345 ὅτι

141 1360 185 1386 καὶ
199 1360 228 1386 ὃν
237 1357 309 1394 εἶχον
319 1360 394 1393 φίλον
406 1360 578 1387 ὑπακούοντά
589 1371 644 1394 μοι,
658 1363 704 1389 καὶ
714 1363 794 1395 αὐτὸς
807 1364 856 1390 οὐκ
868 1361 926 1390 οἶδα

140 1405 220 1431 πόθεν
238 1405 398 1440 δεεστράφη,
412 1408 458 1433 καὶ
475 1407 535 1433 οὐδὲ
553 1408 634 1439 αὑτός
650 1417 694 1443 μοι
711 1408 843 1441 πείθεται,
859 1410 927 1436 ἀλλὰ

141 1451 250 1478 πάντων
275 1451 440 1487 ἀγριώτερος
464 1453 587 1487 ἐγένετο”
602 1454 649 1480 καὶ
670 1454 764 1489 ὤμοσα
781 1456 877 1491 μηκέτι
893 1456 927 1483 τὰ

140 1498 197 1523 ἐκεῖ
211 1498 352 1531 πατῆσαι,
367 1499 391 1524 εἰ
416 1498 451 1533 μὴ
470 1498 539 1533 μετὰ
553 1499 657 1534 χρόνον.
678 1500 726 1526 καὶ
742 1499 827 1532 οὕτως
843 1501 926 1528 εἰπὼν

141 1544 264 1579 ἀπῆλθεν
282 1544 366 1576 ἐάσεις
376 1544 422 1570 τὸν
436 1545 566 1580 γέροντα·
584 1546 630 1572 καὶ
644 1546 658 1571 6
673 1547 749 1580 ᾶγιος
766 1547 873 1583 εἰσῆλθε
888 1549 928 1580 εἰς

139 1590 168 1617 τὸ
183 1590 293 1616 κελλίον
306 1589 389 1617 αὐτοῦ
408 1590 457 1625 (α).

975 955 1058 978 ceret.
1077 951 1180 979 Deinde
1195 961 1201 978 ε
1215 950 1368 984 Quomodo,
1386 950 1484 985 inquit.
1500 949 1627 976 ieiunas?
1646 948 1767 982 Respon-

975 997 1023 1024 det
1038 1007 1044 1024 :
1062 997 1095 1024 ad
1111 998 1206 1024 horam
1228 1005 1337 1024 nonam.
1353 996 1423 1023 Tum
1444 1004 1527 1024 senex
1544 1006 1549 1022 :
1572 995 1664 1022 ieiuna
1680 1003 1767 1029 usque

976 1041 1010 1069 ad
1033 1051 1174 1077 vesperam
1204 1047 1231 1070 et
1263 1050 1360 1070 exerce
1401 1047 1449 1075 te;
1488 1041 1618 1068 meditare
1658 1048 1689 1068 ac
1725 1048 1768 1067 re-

976 1088 1029 1114 cita
1063 1089 1219 1116 memoriter
1253 1096 1286 1116 ex
1320 1088 1468 1123 Evangelio
1506 1089 1657 1122 ceterisque
1694 1087 1768 1114 Scri-

977 1135 1080 1169 pturis;
1111 1143 1230 1169 cumque
1264 1139 1290 1162 te
1320 1135 1436 1161 subierit
1459 1135 1596 1169 cogitatio,
1629 1141 1767 1167 nunquam

976 1179 1103 1206 deorsum
1141 1184 1258 1214 spectes,
1294 1180 1342 1207 sed
1376 1188 1485 1207 sursum
1510 1188 1633 1214 semper;
1661 1180 1768 1206 statim-

976 1233 1029 1259 que
1051 1225 1099 1251 tibi
1118 1225 1249 1252 Dominus
1273 1226 1412 1260 praebebit
1435 1225 1578 1251 auxilium.
1609 1224 1642 1252 Et
1674 1231 1767 1254 Senex,

977 1275 1119 1306 postquam
1154 1271 1264 1298 fratrem
1295 1270 1466 1303 informavit,
1497 1278 1624 1297 reversus
1653 1273 1695 1298 est
1733 1269 1768 1296 ad

977 1316 1151 1345 solitudinem
1184 1325 1271 1344 suam.
1308 1317 1360 1344 Ubi
1388 1317 1538 1344 observans
1561 1316 1660 1343 iterum
1691 1316 1768 1343 videt

977 1363 1054 1390 illum
1079 1363 1250 1394 daemonem,
1269 1363 1313 1389 cui
1330 1363 1389 1389 ait:
1407 1362 1467 1395 Quo
1485 1362 1583 1389 iterum
1599 1362 1706 1397 pergis?
1724 1360 1770 1386 ls:

976 1408 1100 1441 Fratres,
1123 1409 1220 1443 inquit,
1248 1409 1426 1443 instigatum;
1454 1413 1535 1442 atque
1551 1407 1626 1434 abiit.
1643 1407 1679 1434 Ut
1704 1414 1770 1435 vero

978 1463 1074 1483 rursus
1093 1455 1211 1485 transiit,
1228 1459 1340 1482 sanctus
1358 1455 1515 1481 sciscitatus
1537 1459 1580 1480 est
1595 1461 1627 1480 ex
1646 1460 1688 1484 eo,
1716 1459 1770 1486 quo

978 1501 1059 1528 modo
1069 1508 1098 1528 se
1105 1501 1236 1528 haberent
1247 1500 1356 1527 fratres.
1364 1499 1533 1535 Respondit:
1544 1499 1621 1526 Male.
1633 1498 1769 1525 Etsenex:

978 1546 1054 1573 Cur?
1067 1547 1185 1574 Daemon
1201 1555 1207 1572 :
1220 1546 1331 1578 Cuncti,
1342 1547 1441 1580 inquit,
1452 1545 1558 1573 feroces
1570 1549 1645 1575 sunt.
1660 1549 1687 1571 et
1697 1542 1771 1578 quod

940 1584 961 1612 (ἶ
978 1593 1057 1628 peius
1078 1597 1120 1620 est
1136 1613 1144 1625 ,
1166 1593 1212 1620 ille
1238 1601 1319 1628 quem
1346 1593 1480 1619 habebam
1508 1592 1626 1619 amicum
1642 1595 1669 1618 et
1692 1590 1772 1617 obse-

138 1643 267 1672 quentem
291 1637 367 1669 mihi,
383 1637 441 1672 ipse
459 1642 551 1670 etiam,
566 1638 640 1665 unde
658 1639 768 1672 nescio,
798 1647 948 1667 conversus
968 1644 1020 1671 est,
1039 1647 1090 1667 nec
1118 1640 1236 1675 amplius
1259 1647 1274 1666 a
1288 1647 1331 1667 me
1349 1639 1540 1674 persuadetur.
1572 1637 1620 1665 sed
1663 1635 1771 1664 cunctis

139 1682 260 1710 ferocior
272 1682 360 1709 evasit
381 1691 388 1709 :
406 1683 478 1710 unde
499 1683 597 1716 iuravi,
625 1691 667 1710 me
680 1684 797 1718 amplius
821 1692 853 1712 ea
867 1685 927 1712 loca
948 1692 1003 1711 non
1020 1686 1200 1717 calcaturum,
1217 1686 1269 1713 nisi
1292 1689 1353 1720 post
1369 1690 1485 1720 tempus.
1515 1684 1604 1719 Atque
1624 1683 1691 1709 haec
1709 1688 1771 1709 cum

139 1729 267 1761 dixtsset,
281 1728 420 1761 discessit,
434 1737 527 1756 senem
556 1730 724 1765 relinquens.
742 1730 820 1758 Tunc
834 1737 947 1758 sanctus
966 1731 1080 1758 intravit
1096 1733 1124 1759 in
1139 1732 1267 1759 cellulam
1286 1738 1375 1759 suam.

172 1776 201 1802 4.
220 1774 380 1811 Παρέϐαλεν
391 1776 405 1801 6
421 1775 507 1807 esse;
520 1776 662 1811 Μακάριος
675 1777 688 1802 6
704 1777 788 1811 μέγας
805 1776 844 1812 τῷ
860 1778 931 1813 ἀϐϐᾷ

145 1822 284 1857 Ἀντωνίῳ
301 1822 341 1853 εις
352 1821 383 1848 τδ
393 1821 465 1857 ὅρος.
480 1822 526 1848 καὶ
543 1821 708 1856 κρούσαντος
722 1823 803 1849 αὑτοῦ
818 1823 866 1858 τὴν
885 1823 932 1850 Θύ-

138 1876 189 1903 ρκν
205 1866 304 1901 ἐξῆλθε
319 1866 387 1902 πρὸς
400 1867 480 1893 αὑτὸν
494 1867 540 1892 καὶ
553 1863 627 1892 εἶπεν
643 1866 726 1901 αὐτῷ’
749 1867 830 1902 244
845 1868 876 1894 σὺ
889 1868 931 1899 τίς

137 1912 179 1944 εἷς
198 1915 214 1940 ὁ
233 1913 262 1940 δὲ
277 1913 347 1948 ἔφη·
365 1912 420 1946 ἐγώ
435 1913 492 1948 εἰμι
513 1913 670 1947 Μακάριος·
690 1913 736 1939 καὶ
750 1913 858 1944 κλείσας
881 1913 931 1948 τὴν

138 1960 227 1994 Θὺρκν
242 1958 351 1993 εἰσῆλθε
366 1959 412 1984 καὶ
429 1959 533 1993 ἀφῆκεν
549 1958 640 1985 αὐτόν.
662 1959 708 1985 καὶ
727 1959 788 1985 ἰδὼν
804 1959 853 1995 τὴν
867 1960 932 1986 ὐπο-

138 2005 226 2040 μονὴν
240 2003 324 2030 αὑτοῦ
339 2003 442 2038 ἤνοιξεν
457 2003 540 2038 αὐτῷ.
558 2004 605 2030 καὶ
619 2003 855 2039 χαριεντιζόμενος
872 2004 930 2039 μετ’

136 2051 222 2077 αὑτοῦ
239 2050 332 2083 ἔλεγεν
341 2058 347 2064 ·
361 2049 415 2075 ἀπὸ
427 2049 524 2075 πολλοῦ
539 2049 634 2084 χρόνου
646 2049 798 2084 ἐπεθύμουν
811 2059 841 2076 σε
856 2050 931 2082 ἰδεῖν,

136 2097 251 2123 ἁκούων
262 2095 298 2122 τὰ
312 2095 376 2130 περὶ
390 2095 447 2122 σοῦ.
463 2095 510 2122 καὶ
524 2094 701 2130 φιλοξενήσας
720 2095 801 2122 αὑτὸν
816 2097 933 2122 ἀνέπαυ-

137 2151 195 2170 σενυ
207 2141 245 2177 ἦν
258 2142 315 2177 γὰρ
325 2142 378 2167 ἀπὸ
391 2141 513 2176 καμάτου
528 2141 636 2168 πολλοῦ.
648 2141 728 2176 ὀψίας
741 2142 769 2168 δὲ
785 2143 934 2178 γενομένης

135 2190 254 2226 ἔϐρεξεν
268 2188 360 2216 ἑαυτῶ
379 2189 393 2215 6
409 2188 495 2220 ὰῦϐἄς
516 2188 656 2220 Ἀντώνιος
673 2188 784 2215 θαλλία·
798 2189 844 2215 καὶ
857 2189 933 2224 λέγει

1013 1778 1040 1804 ιι.
1062 1777 1198 1806 Macarius
1224 1785 1340 1812 magnus
1368 1777 1452 1804 abbas
1474 1775 1549 1802 venit
1571 1774 1604 1802 ad
1625 1773 1772 1800 Antonium

978 1823 1102 1850 abbatem
1116 1824 1142 1850 in
1156 1828 1275 1850 montem
1289 1832 1296 1855 ;
1313 1830 1431 1856 cumque
1457 1821 1595 1856 pulsasset
1610 1819 1721 1849 ostium,
1749 1818 1772 1845 is

976 1877 1104 1904 egressus
1119 1874 1160 1896 est
1173 1869 1320 1904 petiitque:
1335 1867 1376 1895 Tu
1388 1868 1449 1903 quis
1463 1868 1513 1895 es?
1528 1865 1679 1900 Respondit
1692 1874 1699 1891 :
1716 1863 1773 1897 Ego

978 1923 1038 1942 sum
1054 1915 1198 1942 Macarius.
1213 1914 1246 1941 Et
1261 1915 1306 1941 ille
1325 1914 1397 1942 ostio
1422 1914 1518 1941 clauso
1540 1912 1663 1942 intravit,
1687 1910 1772 1937 relin-

977 1969 1064 1996 quens
1088 1969 1163 1988 eum.
1193 1959 1247 1987 Sed
1282 1963 1428 1994 postquam
1457 1958 1584 1994 cognovit
1613 1956 1773 1992 patientiam

979 2007 1049 2037 eius.
1066 2007 1181 2041 aperuit.
1196 2007 1285 2040 Atque
1297 2013 1360 2032 cum
1375 2013 1408 2032 eo
1428 2005 1532 2032 urbane
1548 2011 1631 2039 agens
1646 2002 1715 2030 dixit
1729 2012 1735 2029 :
1752 2001 1774 2028 Α

980 2053 1066 2079 multo
1092 2056 1214 2086 tempore
1235 2051 1424 2078 desiderabam
1452 2054 1479 2078 te
1492 2050 1593 2080 videre,
1619 2047 1710 2075 audita
1733 2048 1773 2074 tui

980 2098 1062 2126 fama.
1083 2098 1115 2125 Et
1129 2098 1303 2132 hospitaliter
1317 2102 1474 2132 susceptum
1490 2096 1604 2129 refecit;
1615 2099 1674 2122 erat
1699 2094 1774 2122 enim

985 2152 1000 2171 e
1017 2144 1104 2171 multo
1132 2143 1227 2170 labore
1241 2142 1342 2170 fessus.
1358 2141 1478 2177 Vespere
1490 2145 1581 2168 autem
1602 2140 1674 2167 facto
1686 2139 1773 2166 Auto-

982 2190 1047 2216 nius
1066 2189 1155 2217 abbas
1170 2188 1225 2216 sibi
1240 2188 1386 2217 madefecit
1398 2195 1491 2216 ramos
1509 2188 1676 2223 palmarum.
1690 2185 1723 2212 Et
1737 2185 1775 2211 ait

893 2267 1024 2296 NOTAE.

133 2341 165 2366 in
178 2338 309 2366 manibus
323 2341 449 2367 tenentes.
466 2341 491 2363 et
509 2336 640 2370 ampullas
654 2343 713 2362 cum
728 2343 836 2362 rosnceo
853 2334 910 2362 oleo
922 2343 931 2363 :
947 2337 971 2366 D
983 2336 1166 2363 excusatorias
1178 2335 1271 2362 literas
1286 2334 1328 2361 illi
1341 2334 1514 2370 exhibuerunt
1526 2332 1714 2366 praesentiant.
1725 2330 1775 2370 In-

132 2380 160 2402 ει
187 2379 346 2409 prostratae
361 2372 468 2409 pedibus
485 2372 580 2409 nostris
600 2371 705 2409 plantas
730 2374 833 2409 nostras
854 2378 933 2405 unge-

133 2405 203 2436 ban't
214 2430 222 2441 ,
239 2405 435 2441 cantabantque
450 2407 540 2440 lingua
553 2406 713 2441 Aegyptiam
726 2405 867 2441 psallentes
889 2414 936 2432 tm-

134 2440 304 2478 !iphonam:
322 2440 457 2478 Benedicti
474 2450 517 2468 vos
537 2450 556 2478 ra
582 2440 692 2478 Domino
703 2440 936 2478 ,_heuetlirtusque

134 2474 274 2506 adventus
291 2483 386 2508 uester,
407 2477 516 2504 Osanna
534 2477 560 2502 in
574 2476 695 2503 excelsis.
719 2474 875 2502 Secundum
889 2476 937 2502 ha-

132 2515 223 2542 betur
243 2515 271 2540 in
287 2514 343 2539 vita
361 2512 390 2540 S.
413 2511 548 2545 Fulgentii
561 2518 621 2545 cap.
636 2511 689 2537 9.9:
708 2510 760 2537 Per
773 2519 860 2537 omnes
878 2518 938 2544 pro-

133 2549 190 2576 lixi
207 2549 316 2576 itineris
338 2548 392 2574 vias
407 2547 505 2582 gaudia
516 2546 627 2582 majora
642 2546 784 2582 reperiens,
801 2546 831 2582 ini
846 2553 933 2582 occur-

132 2593 199 2611 sum
216 2591 298 2611 suum
315 2580 418 2616 populis
431 2583 545 2615 undique
569 2580 807 2616 tendentibusicum
823 2581 937 2607 lucentis

132 2625 160 2645 et
176 2615 356 2653 lampadibus
374 2617 541 2653 etut-born":
560 2615 707 2653 frondibus.
732 2615 854 2642 Tertium
874 2623 938 2653 con-

133 2651 251 2681 tinetur
266 2655 294 2680 in
311 2654 383 2680 notis
395 2652 486 2680 Jacobi
505 2651 640 2678 Sirmondi
657 2651 690 2677 ad
704 2655 805 2677 tomum
824 2651 934 2677 tertium

133 2689 336 2716 Conciliorum
357 2687 469 2718 Galliae,
485 2695 516 2713 ex
532 2686 688 2713 narratione
702 2685 866 2712 clericorum
882 2684 936 2711 Re-

132 2725 285 2752 mensium
302 2724 336 2750 de
352 2722 480 2749 Ehhone:
496 2721 619 2755 Receptus
633 2725 671 2747 est
687 2720 719 2746 ab
732 2721 858 2753 episcopis
879 2720 934 2754 suf-

134 2759 284 2795 [raganeis
308 2759 365 2785 suis
380 2756 500 2784 Rothado
520 2757 650 2795 episcopo.
666 2755 788 2795 Simeone
800 2756 932 2795 episcopo.

135 2790 221 2829 Ῑιιῷο
240 2794 362 2829 episcopo
375 2813 382 2824 ,
404 2801 459 2829 una
479 2790 537 2829 cunt
560 2791 652 2829 legatis
671 2791 802 2829 omniane
819 2790 933 2829 aliorum

135 2825 471 2863 episcoporuntliemensis
483 2827 619 2857 diaeresis.
632 2825 677 2860 qui
688 2825 769 2863 trariis
785 2825 882 2851 detenti
894 2826 934 2852 in»

138 2861 325 2897 ﬁrmitatibus
343 2863 405 2889 illuc
418 2862 547 2895 corporali
567 2861 723 2897 praesentia
736 2868 871 2887 occurrere
883 2869 935 2887 non

138 2896 279 2932 halantes,
304 2906 381 2926 suam
402 2902 487 2925 tamen
510 2905 555 2931 per
579 2896 770 2924 ecclesiasticos
793 2897 891 2931 legatos
905 2903 936 2932 et

983 2377 1061 2404 super
1073 2371 1153 2398 etiam
1169 2379 1185 2396 a
1200 2370 1333 2396 canonicis
1354 2374 1378 2396 et
1393 2368 1528 2394 monachis
1544 2367 1774 2404 nimicum-regio:-

985 2401 1089 2432 natibus
1102 2404 1257 2439 presbyteris
1270 2405 1351 2431 totius
1363 2404 1489 2430 diaeresis
1500 2408 1577 2436 atque
1591 2401 1697 2439 inﬁnita
1711 2401 1775 2439 mul-

986 2437 1248 2474 titudine‘utriusqne
1259 2447 1348 2466 sexus.
1366 2439 1418 2472 Qui
1431 2446 1520 2474 omnes
1536 2445 1594 2463 cum
1609 2437 1691 2474 ramis
1715 2438 1774 2474 pat-

986 2484 1090 2502 marum
1105 2480 1129 2502 et
1149 2471 1230 2501 cereis
1252 2474 1420 2502 ardentibus.
1437 2472 1578 2505 laudesque
1602 2471 1656 2497 Deo
1672 2471 1773 2498 intimis

987 2510 1109 2537 cordibus
1124 2514 1147 2536 et
1159 2509 1346 2536 excelsissimis
1357 2509 1461 2536 vocibus
1473 2507 1679 2541 proclamantes,
1699 2505 1775 2540 longe

987 2546 1011 2572 ei
1036 2545 1068 2571 ab
1084 2544 1195 2571 ecclesia
1220 2544 1398 2575 obviauerunt,
1421 2547 1445 2569 et
1472 2540 1551 2576 usque
1572 2540 1770 2576 atlrecclesiam

987 2580 1164 2607 indesinenter
1174 2580 1315 2612 psallentes
1326 2587 1384 2605 eum
1393 2575 1580 2612 perduxerunt.
1596 2575 1775 2612 Notissjmnm

986 2620 1030 2642 est
1043 2614 1143 2642 Christi
1161 2610 1266 2640 Domini
1284 2613 1436 2648 exemplum
1450 2611 1515 2648 Joh.
1540 2620 1593 2640 xu.
1619 2610 1730 2648 Sed
1748 2616 1775 2638 et

987 2651 1019 2676 ad
1036 2649 1180 2684 exsequias
1195 2657 1256 2676 cum
1273 2646 1371 2684 palmis
1390 2647 1562 2684 prodibant,»
1576 2650 1606 2673 ut
1620 2646 1718 2684 ~videre
1732 2650 1774 2673 est

986 2685 1057 2718 apud
1068 2680 1241 2711 Auimouium
1254 2680 1415 2710 nionachuin
1431 2683 1464 2709 de
1478 2681 1606 2718 Patrihus
1618 2680 1730 2718 Sinaitis
1746 2686 1774 2708 et

985 2715 1198 2747 R'haithensilms
1210 2727 1236 2753 p.
1254 2718 1313 2745 106.
1329 2718 1389 2745 128.
1403 2718 1466 2744 129,
1481 2722 1507 2743 et
1524 2717 1550 2743 in
1572 2716 1692 2753 Historia
1706 2715 1774 2742 Lau-

984 2757 1057 2782 siaca
1071 2763 1131 2789 cap.
1156 2752 1303 2781 59.’lllitto
1323 2754 1424 2780 multas
1439 2752 1507 2779 alias
1527 2752 1686 2779 consimiles
1708 2758 1775 2779 con-

985 2791 1152 2818 suetudines.
1168 2790 1221 2817 C01
1228 2796 1307 2815 mea.

1021 2826 1059 2856 (al
1079 2825 1119 2852 Cf.
1143 2824 1200 2851 VV.
1222 2824 1273 2851 PP.
1291 2824 1381 2851 ltosw.
1399 2822 1445 2849 lib.
1464 2821 1507 2850 ill.
1529 2829 1588 2855 cap.
1606 2821 1656 2854 (ii;
1682 2820 1730 2848 lib.
1753 2820 1774 2847 ν

985 2855 1070 2890 libell.
1088 2861 1128 2893 ιε,
1151 2862 1176 2894 s,
1195 2860 1240 2887 lib.
1259 2868 1294 2887 vn
1311 2867 1371 2894 cap.
1390 2858 1413 2887 ι,
1430 2858 1456 2885 8.
1478 2857 1607 2886 Dorothei
1621 2855 1753 2885 Doctr.5.
