2048 3153
147 189 193 217 145

772 190 1091 220 APOPIITHEGMATA.

1714 195 1767 223 εισ

147 258 220 284 manu
235 248 250 274 6
263 248 354 284 γέρων
367 248 413 275 τὸν
433 249 528 285 νεκρὸν
545 249 632 283 λέγων
642 256 650 264 ·
675 251 690 276 6
709 251 782 277 δεῖνα
795 250 833 287 (α)
849 271 856 283 ,
870 251 921 278 ποῦ

973 251 1013 278 vit
1029 258 1113 279 senex
1126 254 1264 278 mortuum
1287 250 1330 278 his
1355 251 1464 280 verbis:
1491 251 1547 283 Ille,
1573 251 1620 279 ubi
1648 253 1767 287 posuisti

145 294 241 328 ἔθηκας
261 294 310 329 τὴν
324 294 467 330 ἀλλοτρίαν
491 295 670 331 παραθήκην;
688 296 702 322 6
721 296 749 322 δὲ
766 296 927 332 ἀποκριθεὶς

144 338 225 366 εἶπεν·
239 341 279 372 εἰς
295 340 341 367 τὸν
353 339 427 368 οἶκόν
441 350 492 377 μου
508 341 659 377 κέκρυπται
674 342 726 368 ὑπὸ
741 342 787 369 τὸν
799 343 867 370 πόδα
876 344 926 379 τῆς

143 384 241 421 κλίνης.
262 385 310 412 καὶ
331 385 404 420 λέγει
426 386 499 422 αὐτῷ
514 387 528 413 6
549 386 647 421 γέρων·
665 387 754 422 κοιμῶ
777 387 857 414 πάλιν
873 387 926 419 ἕως

143 431 190 465 τῆς
202 431 308 467 ἡμέρας
326 432 376 467 τῆς
392 432 574 465 ἀναστάσεως.
601 433 697 465 ἰδόντες
714 433 742 459 δὲ
759 434 783 459 οἱ
798 433 924 468 ἀδελφοὶ,

142 478 193 504 ἀπὺ
205 478 251 504 τοῦ
267 478 350 513 φόϐου
367 478 463 505 ἔπεσον
479 481 519 511 εἰς
538 480 601 512 τοὺς
617 480 701 512 πόδας
714 481 806 509 αὐτοῦ.
824 482 871 508 καὶ
885 479 924 508 εἶ-

142 531 189 550 πεν
196 524 287 556 αὐτοῖς
295 525 309 551 6
317 525 416 560 γέρων·
424 526 454 552 οὐ
461 525 541 561 2ῇ7
547 525 580 552 δι’
588 526 638 561 ἐμὲ
647 527 742 560 γέγονε
752 526 839 553 τοῦτο·
847 527 924 553 οὐδὲν

141 568 192 604 γάρ
207 570 283 605 εἰμι’
301 570 369 597 ἀλλὰ
383 570 426 597 διὰ
440 571 489 606 τὴν
507 572 594 607 χήραν
607 571 699 598 καὶτὰ
708 572 813 608 ὀρφανὰ
827 573 841 599 6
857 572 923 605 Θεὸς

140 615 248 650 ἐποίησε
262 617 292 642 16
308 617 435 653 πρᾶγμα·
449 618 527 644 τοῦτο
546 618 574 645 δέ
589 619 647 645 ἐστι
660 618 691 645 τὸ
713 619 795 654 μέγα,
812 619 853 645 ὄτι
873 619 922 646 άν-

140 661 294 697 αμάρτητον
307 661 378 688 θέλει
393 662 479 695 ὁθεὺς
495 663 543 699 τὴν
551 663 650 699 ψυχήνο
662 664 708 690 καὶ
717 664 744 690 ετ
755 673 780 691 τι
795 664 828 690 ἂν
844 665 921 700 αίτή-

140 715 229 739 σεται,
253 707 394 741 λαμϐάνει.
415 709 499 736 ἐλθὼν
517 709 545 736 δὲ
562 710 706 745 ἀνήγγειλε
729 711 762 746 τῇ
780 711 852 746 χήρᾳ
869 709 920 737 ποῦ

138 755 223 781 κεῖται
238 755 254 790 ἡ
271 754 419 791 παραθήκη
431 764 438 771 ’
455 758 471 791 ὴ
495 756 523 782 δὲ
537 756 656 784 λαϐοῦσα
677 757 762 791 αὐτὴν
783 757 866 784 ἔδωκε
882 757 921 792 τῷ

138 800 223 835 κυρίῳ
244 800 338 836 αὐτῆς,
355 802 401 828 καὶ¹
419 802 588 838 ὴλευῡέρωσε
602 802 638 829 τὰ
653 803 736 830 τέκνα
757 803 851 838 αὐτῆς.
874 803 920 830 καὶ

137 845 239 878 πάντες
255 847 278 872 oi
296 847 460 879 ἀκούσαντες
487 847 616 880 ἐδόξασαν
628 848 674 875 τὸν
689 848 754 875 Θεόν
771 849 820 884 (b).

169 891 197 918 8.
219 891 332 926 Ἔλεγεν
345 893 359 919 6
374 893 462 926 άϐϐἆς
475 894 579 929 Πέτρος
589 894 655 929 περὶ
670 894 717 920 τοῦ
729 894 807 929 ἁγίου
823 895 919 922 Μακα-

977 297 1095 324 alienum
1110 297 1263 331 depositum
1277 296 1470 332 ?Besponsum
1488 297 1561 324 dedit
1577 297 1660 324 homo
1674 305 1681 323 :
1694 297 1767 325 Abs-

977 342 1115 370 conditum
1132 346 1173 369 est
1190 341 1219 369 in
1236 342 1317 369 domo
1334 350 1394 370 mea
1412 343 1464 370 sub
1487 343 1556 378 pede
1581 343 1655 370 lecti.
1677 343 1767 372 Senex

976 387 1010 414 ad
1027 388 1115 423 ipsum
1132 397 1138 414 :
1154 387 1254 415 lterum
1273 388 1360 415 dormi
1383 396 1470 423 usque
1493 389 1527 416 ad
1554 389 1767 418 resurrectionis

975 433 1057 461 diem.
1073 432 1150 466 Quod
1173 433 1325 468 conspicati
1345 433 1445 461 fratres
1465 441 1530 468 prae
1549 435 1646 462 timore
1659 435 1766 462 cecide-

974 482 1039 506 runt
1050 479 1083 506 ad
1097 479 1179 514 pedes
1195 479 1264 507 eius.
1283 478 1352 506 Tum
1371 479 1405 507 iis
1423 487 1505 507 senex
1531 480 1569 507 ait
1584 489 1590 507 :
1616 481 1675 508 Non
1701 489 1766 516 pro-
1780 507 1787 514 ,

973 529 1035 560 pter
1048 533 1091 553 me
1110 525 1136 552 id
1150 526 1260 558 evenit;
1277 525 1345 553 nihil
1358 526 1458 561 quippe
1483 533 1543 553 sum
1559 536 1567 553 :
1592 526 1641 554 sed
1655 532 1765 562 propter

973 571 1083 600 viduam
1102 573 1265 608 etpupillos
1279 571 1351 600 Deus
1375 579 1432 599 rem
1454 571 1529 600 fecit.
1551 572 1608 600 Hoc
1621 581 1683 600 vero
1704 580 1764 600 ma-

973 624 1056 652 gnum
1076 620 1128 649 est,
1151 617 1223 653 quod
1239 617 1310 644 Deus
1331 617 1390 644 vult
1409 617 1526 644 animam
1549 625 1610 645 esse
1627 618 1686 646 sine
1699 626 1764 652 pec-
1784 623 1787 635 ’

972 667 1046 696 cato,
1065 668 1091 691 et
1104 664 1234 699 quicquid
1249 664 1358 699 petierit
1372 664 1497 698 accipiet.
1515 664 1659 693 Profectus
1679 666 1764 701 igitur

972 710 1107 737 nuntiavit
1120 709 1227 744 viduae,
1241 711 1288 737 ubi
1300 711 1404 738 iaceret
1421 710 1586 745 depositum.
1598 711 1673 745 Quae
1690 713 1763 740 acci-

971 755 1049 790 piens
1062 755 1136 783 dedit
1146 756 1266 788 domino,
1276 764 1307 784 ac
1315 756 1343 783 in
1352 756 1504 784 libertatem
1517 758 1636 785 asseruit
1649 757 1762 785 liberos.

971 800 1135 836 Omnesque,
1153 802 1199 836 qui
1215 802 1378 829 miraculum
1397 802 1569 836 audiverunt,
1589 803 1702 839 gloriam
1719 803 1764 831 de-

971 845 1070 873 derunt
1083 847 1148 875 Deo.

1005 892 1032 920 8.
1051 892 1149 920 Petrus
1169 893 1254 921 abbas
1284 896 1418 927 narravit,
1456 894 1567 922 beatum
1593 893 1757 926 Macarium,

138 937 206 972 piou,
218 937 261 964 ὅτι
279 939 503 974 παραγενόμενός
523 948 587 966 ποτε
610 939 679 975 πρός
693 948 755 966 τινα
776 941 920 976 ἀναχωρη-

973 945 1055 973 quum
1072 938 1220 973 aliquando
1235 940 1430 967 anachoretam
1443 940 1589 975 quemdam
1604 939 1758 966 invenisset

135 983 194 1017 τήν,
218 983 268 1010 καὶ
287 984 375 1020 εὑρὼν
401 985 482 1012 αὑτὸν
502 986 688 1021 κακούμενον,
711 985 876 1013 ἐπυνθάνετο
894 986 921 1013 τί

136 1028 256 1064 βούλοιτο
273 1030 412 1065 τραφῆναι
430 1031 534 1063 οὐδενὸς
555 1031 630 1063 ὄντος
645 1031 674 1058 ἐν
695 1031 734 1066 τῷ
752 1031 849 1066 κελλίῳ
869 1031 920 1057 αὐ-

135 1074 192 1102 τοῦ.
212 1076 261 1103 καὶ
275 1077 412 1112 φήσαντος
426 1077 542 1108 ἐκείνου,
561 1077 701 1109 πάστιλον,
721 1077 760 1109 εἰς
778 1077 827 1113 τὴν
844 1077 920 1104 Ἀλε-

135 1121 270 1157 ξανδρέων
281 1122 358 1150 πόλιν
369 1123 418 1149 οὐκ
429 1122 552 1158 ὤκνησεν
563 1123 576 1149 6
587 1123 708 1158 ἀνδρεῖος
717 1123 919 1160 παραγενέσθαι

134 1168 179 1194 καὶ
205 1167 298 1194 δοῦναι
318 1168 357 1204 τῷ
377 1169 521 1204 κάμνοντι·
536 1169 584 1195 καὶ
606 1168 637 1195 16
652 1168 809 1204 θαυμαστὸν
825 1168 919 1204 μηδενὶ

132 1213 282 1248 κατάδηλον
296 1214 441 1250 γενόμενον
458 1214 504 1250 (ε).

166 1258 195 1286 9.
214 1257 283 1286 Eius
302 1259 393 1291 πάλιν,
408 1261 449 1287 ὅτι
460 1261 489 1286 ὲν
507 1260 611 1295 ἀκακία
625 1259 672 1287 τοῦ
688 1259 760 1287 ἀὸὄᾶ
775 1260 918 1297 Μακαρίου

130 1304 343 1341 πολιτευομένου
366 1305 435 1341 πρὸς
563 1306 668 1338 πάντας
685 1307 750 1338 τοὺς
774 1306 917 1341 ἀδελφοὺς,

129 1349 236 1384 ἔφησαν
251 1350 326 1386 αὐτῷ
339 1359 426 1382 τινες⁸
444 1351 489 1378 διὰ
499 1352 526 1377 τί
539 1350 626 1383 οὕτως
640 1351 737 1378 ἑαυτὸν
745 1352 848 1384 ποιεϊς;
865 1351 879 1377 6
890 1351 918 1378 δὲ

129 1393 205 1421 εἶπ’
221 1394 327 1422 δώδεκα
339 1395 387 1431 ἐτη
403 1396 551 1423 ἐδούλευσα
568 1396 608 1432 τῷ
622 1396 710 1432 κυρίῳ
724 1405 787 1432 μου,
810 1396 853 1423 ἵνα
873 1405 917 1432 μοι

129 1440 278 1475 χαρίσηται
290 1441 320 1467 16
330 1441 452 1476 χάρισμα
463 1440 552 1474 τοῦτο,
569 1441 615 1468 καὶ
629 1442 730 1473 πάντες
745 1449 790 1477 μοι
800 1441 918 1477 συμϐου-

975 988 1171 1019 οεετοιιιηῑσιη,
1191 985 1362 1012 sciscitatum
1376 993 1437 1013 esse
1452 994 1484 1013 ex
1505 993 1547 1018 eo,
1564 985 1694 1021 quidnam
1706 985 1762 1012 cibi

974 1037 1084 1058 sumere
1096 1030 1186 1057 vellet.
1208 1030 1260 1064 Qui
1277 1035 1422 1067 postquam
1450 1031 1586 1066 pastillum
1612 1031 1699 1065 petiit,
1721 1031 1760 1057 vi—

973 1083 1034 1103 rum
1052 1076 1159 1109 fortem,
1178 1085 1261 1112 quum
1282 1077 1351 1104 nihil
1372 1077 1399 1104 in
1425 1077 1494 1105 cella
1517 1081 1601 1109 esset,
1623 1076 1760 1112 proficisci

972 1120 1165 1148 Alexandriam
1183 1130 1239 1148 non
1254 1121 1352 1157 piguit,
1376 1125 1405 1149 ut
1416 1130 1498 1157 aegro
1518 1122 1645 1154 aﬂ'erret;
1668 1129 1759 1157 neque

972 1166 1042 1192 mira
1062 1174 1106 1193 res
1122 1166 1267 1194 manifesta
1282 1167 1412 1202 cuiquam
1425 1167 1497 1194 facta
1514 1170 1566 1194 est.

1007 1253 1034 1280 9.
1053 1253 1152 1280 lterum
1167 1254 1329 1281 memoravit
1341 1263 1348 1280 :
1362 1253 1483 1280 Macario
1497 1252 1589 1280 abbati
1603 1259 1669 1288 prae
1683 1259 1754 1279 cun-

971 1299 1025 1326 ctis
1040 1299 1173 1326 fratribus
1190 1299 1218 1326 in
1235 1299 1411 1334 simplicitate
1422 1298 1597 1326 conversanti
1617 1297 1730 1332 quidam
1744 1307 1751 1324 :

971 1344 1038 1377 Cur,
1058 1344 1197 1379 inquiunt,
1212 1345 1294 1372 talem
1317 1349 1344 1371 te
1355 1344 1499 1379 praebes?
1522 1342 1569 1370 llle
1589 1342 1731 1377 respondit
1748 1352 1756 1370 :

970 1390 1120 1418 Duodecim
1134 1391 1215 1418 annis
1229 1390 1329 1419 servivi
1347 1389 1463 1417 Domino
1472 1397 1543 1427 meo,
1561 1393 1590 1416 ut
1605 1389 1671 1416 mihi
1682 1388 1754 1416 hanc

970 1437 1119 1472 largiretur
1138 1437 1266 1472 gratiam,
1285 1441 1312 1464 et
1333 1444 1383 1465 vos
1402 1443 1498 1464 omnes
1522 1435 1589 1463 mihi
1609 1433 1758 1462 consilium

128 1486 226 1512 λεύετε
244 1486 395 1513 ἀποθέσθαι
407 1486 473 1513 αὑτό
483 1496 490 1520 ;

973 1481 1052 1516 datis,
1066 1485 1096 1509 ut
1113 1481 1248 1517 deponam
1267 1481 1350 1509 eam?

163 1532 208 1559 ιο.
227 1532 342 1566 Ἔλεγον
364 1533 429 1568 περὶ
446 1532 494 1559 τοῦ
511 1532 584 1560 άϐὂᾶ
600 1533 754 1569 Μακαρίου,
774 1534 816 1561 ὅτι
832 1535 856 1561 εἰ
873 1534 918 1561 εὑ-

1005 1528 1050 1556 lo.
1070 1528 1202 1556 Dicebant
1216 1527 1377 1556 deMacario
1392 1527 1499 1560 abbate,
1524 1527 1641 1563 quod,si
1656 1534 1758 1555 vacans

128 1577 248 1612 καίρησε
270 1577 341 1613 μετὰ
363 1578 496 1612 ἀδελφῶν,
513 1579 598 1605 ὲτίθει
615 1579 704 1615 ἑαυτῷ
718 1580 796 1615 ὅρον-
814 1580 855 1606 ὅτι
870 1580 917 1607 ἐὰν

973 1577 1127 1601 versaretur
1138 1580 1201 1602 cum
1221 1573 1366 1606 fratribus,
1386 1573 1456 1601 hanc
1470 1573 1522 1600 sibi
1545 1573 1632 1608 legem
1653 1573 1758 1600 consti-

126 1623 227 1659 εὑρεθῇ
244 1621 328 1656 οἶνος,
347 1623 391 1650 διὰ
404 1625 468 1656 τοὺς
482 1624 613 1659 ἀδελφοὺς
633 1613 705 1657 πίνε,
721 1613 770 1652 καὶ
782 1625 842 1652 ἀντὶ
859 1625 918 1659 ἐνδς

973 1620 1062 1647 tuebat
1079 1629 1086 1647 :
1105 1619 1134 1647 Si
1150 1620 1245 1647 vinum
1267 1619 1397 1652 adfuerit,
1424 1624 1536 1655 propter
1562 1619 1663 1647 fratres
1683 1619 1756 1652 bibe,

126 1669 260 1704 ποτηρίου
280 1668 351 1695 οῐνου
383 1669 448 1704 μίαν
467 1669 574 1705 ἡμέραν
593 1669 631 1705 μὴ
647 1670 713 1706 πίῃς
727 1669 818 1704 ὕδωρ⁸
832 1669 857 1695 οἱ
871 1667 918 1696 οὖν

973 1671 996 1694 ιι
1009 1674 1060 1702 pro
1077 1674 1133 1694 uno
1153 1666 1208 1693 vini
1223 1666 1323 1701 poculo
1343 1673 1391 1701 per
1406 1674 1490 1693 unum
1504 1665 1576 1693 diem
1597 1673 1652 1692 non
1678 1665 1758 1693 bibas

126 1713 242 1748 ἀδελφοὶ
254 1713 336 1749 χάριν
351 1713 531 1745 ἀναπαύσεως
544 1714 646 1741 ἐδίδουν
661 1713 750 1749 αὐτῷ·
762 1715 775 1741 6
786 1714 815 1741 δὲ
829 1714 917 1750 γέρων

973 1720 1078 1748 aquam.
1089 1711 1174 1746 Igitur
1183 1712 1293 1745 fratres,
1303 1719 1364 1739 eum
1375 1711 1487 1740 reﬁcere
1493 1712 1646 1746 cupientes,
1655 1711 1758 1738 dabant

128 1759 196 1794 μετὰ
215 1760 306 1795 χαρᾶς
325 1759 489 1795 ἐλάμϐανεν,
512 1760 557 1788 ἴνα
578 1760 674 1787 ἑαυτὸν
691 1760 839 1796 βασανίσῃ·
852 1761 866 1787 6
889 1760 917 1787 δὲ

973 1757 1099 1787 ei.Senex
1111 1761 1202 1785 autem
1213 1765 1276 1785 cum
1287 1757 1387 1793 gaudio
1396 1757 1567 1789 admittebat,
1581 1761 1609 1784 ut
1625 1764 1656 1784 se
1665 1756 1755 1791 ipsum

126 1805 266 1841 μαθητὴς,
283 1805 361 1838 είδὼς
376 1805 406 1832 16
419 1806 547 1841 πρᾶγμα,
559 1805 636 1840 ἔλεγε
649 1807 706 1837 τοῖς
717 1805 842 1840 ἀδελφοῖς
852 1813 859 1820 ·
872 1805 917 1833 διὰ

973 1808 1120 1840 torqueret.
1136 1804 1171 1832 At
1188 1804 1341 1839 discipulus
1359 1803 1431 1835 eius,
1462 1803 1507 1830 cui
1530 1810 1575 1830 res
1600 1806 1665 1829 nota
1686 1807 1756 1834 erat,

122 1851 170 1878 τὸν
183 1851 294 1886 κύριον,
311 1851 426 1887 μὴιδῶτε
440 1851 523 1887 αὑτῷ-
540 1852 564 1878 si
577 1851 605 1878 δὲ
619 1852 700 1887 μήγε,
711 1852 750 1883 είς
764 1851 795 1878 τὺ
810 1851 917 1879 κελλίον

973 1850 1077 1878 dicebat
1103 1849 1237 1878 fratribus
1253 1859 1260 1877 :
1275 1849 1327 1877 Per
1351 1849 1510 1882 Dominum,
1536 1856 1571 1876 ne
1602 1848 1757 1883 praebeatis

125 1897 220 1932 μέλλει
238 1898 335 1924 ἑαυτὸν
352 1897 494 1933 δαμάζειν.
526 1898 574 1924 καὶ
599 1897 732 1932 μαθόντες
757 1898 782 1924 οι
808 1897 916 1933 ἀδελφοὶ

973 1895 1026 1929 illi;
1043 1896 1145 1930 aliaqui
1168 1896 1195 1922 in
1212 1896 1281 1924 cella
1297 1894 1475 1927 conlecturus
1489 1897 1532 1922 est
1547 1901 1587 1922 se.
1601 1894 1662 1926 Quo
1678 1901 1756 1921 com-

966 1946 1044 1977 perto
1057 1941 1156 1969 fratres
1169 1948 1224 1968 non
1241 1941 1358 1976 amplius
1375 1941 1401 1968 ei
1417 1940 1604 1975 porrigebant.

158 1991 204 2017 Η.
224 1990 435 2025 Παρερχόμενός
448 1999 512 2017 ποτε
528 1991 582 2018 ἀπὸ
602 1990 649 2018 τοῦ
663 1990 742 2022 ἕλους
756 1991 796 2022 εἰς
812 1992 841 2017 τδ
852 1990 915 2017 κελ-

1002 1987 1047 2015 H.
1067 1986 1250 2015 Proﬁciseens
1259 1987 1405 2021 aliquando
1421 1985 1557 2014 Macarius
1572 1985 1657 2014 abbas
1674 1993 1689 2012 a
1703 1993 1753 2021 pa-

122 2035 180 2063 λίον
205 2035 308 2062 ἑαυτοῦ
324 2036 338 2061 6
356 2035 444 2067 άὸὄᾶς
471 2036 625 2072 Μακάριος,
646 2035 780 2068 ὲὸάσταζε
807 2035 914 2069 θαλλία,

973 2032 1029 2061 lude
1044 2032 1073 2060 in
1089 2033 1217 2060 cellulam
1228 2040 1306 2061 suam
1321 2032 1450 2067 portabat
1467 2032 1621 2067 palmarum
1642 2039 1735 2059 ramos
1745 2051 1753 2064 ,

123 2082 172 2107 καὶ
189 2082 248 2108 ἰδοὺ
264 2081 421 2117 ὑπήντησεν
438 2082 512 2118 αὐτῷ
526 2083 540 2109 6
552 2082 676 2114 διάϐολος
692 2082 773 2118 249
787 2082 858 2109 κατὰ
867 2083 916 2118 τὴν

973 2083 993 2107 at
1008 2085 1073 2107 ecce
1088 2079 1210 2106 occurrit
1223 2079 1249 2106 ei
1264 2078 1293 2106 in
1308 2078 1352 2106 via
1370 2078 1498 2106 diabolus
1521 2077 1618 2105 falcem
1639 2085 1748 2113 gerens.

122 2127 182 2153 ὁδὸν
200 2127 274 2162 μετὰ
285 2126 430 2162 δρεπάνου.
442 2128 490 2154 καὶ
502 2128 540 2159 ὡς
552 2127 684 2163 ἠθέλησεν
694 2129 776 2155 αὑτὸν
789 2128 914 2164 κροῦσαι,

973 2125 1018 2158 Qui
1049 2129 1079 2152 ut
1105 2125 1191 2152 voluit
1214 2132 1277 2153 eum
1313 2123 1415 2157 ferire,
1443 2132 1499 2152 non
1531 2124 1627 2151 valuit.
1661 2124 1752 2158 Atque

121 2173 174 2199 οὐκ
196 2172 307 2207 ἴσχυσε.
334 2173 381 2199 καὶ
404 2173 479 2207 λέγει
505 2173 593 2208 αὐτῷ·
611 2173 696 2209 πολλὴ
713 2173 757 2208 βία
784 2174 838 2200 ἀπὸ
856 2173 913 2206 σοῦ,

973 2171 991 2199 3i
1006 2181 1012 2198 :
1029 2171 1124 2205 Multa,
1143 2171 1245 2206 inquit,
1256 2178 1271 2197 a
1291 2174 1318 2199 te
1332 2171 1386 2203 vis,
1404 2170 1517 2202 Macari,
1529 2171 1603 2206 quod
1617 2170 1752 2198 adversus

120 2218 268 2253 Μακάριε,
283 2218 324 2245 ὃτι
338 2218 370 2244 οὑ
386 2218 504 2254 δύναμαι
519 2219 587 2254 πρὸς
611 2219 651 2245 σέ·
676 2219 731 2246 ἰδοὺ
756 2218 822 2254 γάρ,
838 2220 865 2247 ef
887 2228 914 2246 1t

973 2226 993 2245 .e
1011 2217 1079 2244 nihil
1103 2224 1227 2253 possum.
1242 2217 1283 2244 En
1298 2217 1382 2251 enim,
1404 2217 1537 2252 quidquid
1557 2216 1637 2249 facis,
1662 2221 1688 2244 ct
1702 2224 1754 2252 ego

120 2265 224 2297 ποιεῖς,
245 2264 325 2299 κάγὼ
349 2265 430 2291 ποιῶο
448 2266 480 2292 σὺ
504 2265 661 2300 νηστεύεις·
683 2264 761 2299 κάγώ
781 2265 812 2282 "-
827 2266 914 2301 ἀγρυ-

973 2262 1048 2290 iacio.
1065 2262 1106 2290 Tu
1119 2262 1246 2298 jejunas;
1270 2266 1297 2290 et
1316 2269 1366 2298 ego
1381 2272 1389 2290 :
1406 2262 1520 2297 vigilas;
1533 2267 1560 2290 et
1574 2270 1625 2298 ego
1642 2262 1753 2297 penitus

119 2312 218 2342 παῖς·
235 2311 314 2345 κάγὼ
328 2311 396 2344 ὅλως
412 2312 443 2339 οὐ
460 2311 608 2347 κοιμῶμαι·
623 2311 654 2338 ἓν
665 2312 722 2338 ἐστι
740 2311 834 2346 μόνον,
849 2312 878 2338 ὲν
893 2309 915 2346 ᾧ

973 2316 1022 2336 non
1047 2308 1165 2336 dormio.
1187 2307 1278 2335 Unum
1300 2308 1389 2335 solum
1409 2311 1453 2334 est
1467 2307 1494 2334 in
1505 2315 1560 2342 quo
1581 2308 1670 2335 vincis
1696 2315 1749 2334 me.

119 2358 203 2393 νικᾷς
232 2365 278 2392 με.
305 2358 379 2392 λέγει
404 2357 477 2394 αὑτῷ
502 2359 516 2384 6
542 2357 630 2390 ἁϐὁᾶς
652 2358 811 2393 Μακάριος·
837 2359 914 2385 ποῖον

973 2354 1148 2390 interrogavit
1168 2353 1305 2381 Macarius
1323 2353 1409 2381 abbas
1425 2361 1433 2380 :
1449 2352 1586 2385 Quidnam
1604 2357 1647 2380 est
1665 2351 1752 2379 illud?

116 2404 220 2436 10510;
237 2405 253 2430 6
269 2404 298 2431 δὲ
323 2403 374 2439 ἔφη
388 2412 395 2418 ·
412 2405 429 2440 ἠ
450 2404 614 2436 ταπείνωσίς
629 2412 687 2431 σου.
710 2404 758 2430 καὶ
775 2403 820 2431 διὰ
834 2403 914 2431 τοῦτο

973 2401 1117 2436 Respondit
1133 2408 1140 2427 :
1156 2399 1302 2427 Humilitas
1316 2402 1373 2426 tua.
1389 2400 1429 2426 Ac
1445 2402 1591 2435 propterea
1615 2398 1750 2425 adversus

116 2450 148 2476 οὐ
167 2449 292 2485 δύναμαι
308 2450 377 2485 πρὸς
395 2451 436 2477 σέ.

973 2456 990 2476 ,e
999 2448 1067 2475 nihil
1083 2454 1207 2483 possum.

153 2495 203 2522 12.
223 2495 259 2530 (e)
282 2495 440 2532 Ἦρώτησάν
455 2504 528 2528 τινες
550 2495 605 2523 τῶν
617 2496 743 2532 πατέρων
769 2497 815 2523 τὸν
825 2496 912 2523 άδϐἅν

1000 2492 1043 2520 12.
1065 2491 1303 2526 lnterrogaverunt
1312 2490 1424 2526 quidam
1437 2498 1452 2517 e
1466 2490 1590 2525 patribus
1600 2488 1747 2516 Macarium

82 2556 85 2557 ν
115 2540 272 2576 Μακάρων
287 2542 333 2568 16v
341 2542 500 2576 Αίγύπτιον,
516 2542 657 2576 λέγοντες·
673 2543 732 2575 πῶς
743 2543 788 2569 ὅτε
810 2542 911 2573 ὲσθίεις

973 2537 1126 2574 ιθςγριίιιω
1158 2537 1284 2564 abbatem
1319 2536 1464 2563 dicentes:
1497 2535 1549 2568 Qui
1579 2535 1609 2562 fit
1632 2538 1664 2561 ut
1693 2534 1749 2561 sive

117 2587 167 2613 καὶ
183 2587 232 2614 ὅτε
247 2587 388 2622 νηστεύεις
400 2588 430 2614 16
444 2587 525 2623 σῶμά
538 2596 585 2615 σου
596 2588 677 2624 ξηρόν
691 2590 767 2622 651:;
780 2589 827 2615 καὶ
836 2587 910 2622 λέγει

973 2583 1102 2615 :omedas,
1127 2582 1186 2610 sive
1205 2582 1322 2614 ieiunes,
1347 2588 1449 2616 corpus
1469 2584 1547 2608 tuum
1564 2582 1669 2609 siccum
1692 2580 1726 2608 sit
1745 2591 1751 2608 ε

767 2653 896 2683 VARIAE
912 2649 1114 2680 LECTIONES.

122 1943 174 1970 οὐκ
187 1943 230 1970 ἔτι
246 1943 323 1978 αὑτῷ
334 1945 464 1979 παρεῖχον
478 1944 530 1979 (τί).

155 2702 182 2719 ⁸⁷
203 2703 248 2730 Al.
263 2702 321 2737 ἐγὼ
342 2702 412 2730 οὐδὲ
428 2702 506 2736 ὅλως
520 2703 630 2739 τρώτω.

879 2754 1005 2784 NOTAE.

1004 2824 1043 2859 (ά)
1063 2823 1104 2851 Cf.
1125 2823 1180 2860 νγ.
1205 2823 1256 2851 PP.
1277 2822 1370 2851 Rosw.
1383 2823 1429 2851 lib.
1448 2823 1479 2850 Ill
1510 2831 1572 2860 cap.
1588 2824 1632 2856 53;
1658 2824 1703 2851 lib.
1727 2823 1747 2849 V

966 2860 1050 2887 libell.
1067 2860 1093 2889 4,
1109 2859 1154 2885 26.

1002 2894 1036 2928 (e)
1115 2893 1235 2922 VV.PP.
1248 2893 1338 2930 Bosw.
1357 2894 1402 2920 lib.
1434 2894 1465 2921 Ill
1484 2903 1544 2930 cap.
1573 2895 1640 2927 1‘26;
1659 2894 1708 2923 lib.
1727 2893 1746 2923 V

965 2929 1047 2958 libell.
1066 2929 1111 2964 ιδ,
1131 2930 1184 2964 26;
1199 2930 1245 2958 lib.
1264 2929 1306 2957 vu
1335 2937 1393 2965 cap.
1417 2930 1501 2964 15,6.

157 2829 202 2865 (α)
221 2830 334 2864 Λέγων·
355 2831 369 2857 ὀ
382 2831 465 2865 δεῖνα,
482 2833 510 2860 in
524 2832 594 2860 Vitis
610 2832 739 2860 Patrum:
756 2831 843 2861 dicens
861 2832 911 2863 illi,

122 2872 177 2902 pro
189 2864 348 2902 dicenti/fg.

165 2902 201 2939 μμ)
220 2900 264 2939 eg.
278 2899 343 2939 _vv_.
358 2900 517 2939 IfP_.__Bosw.
533 2903 581 2939 lib.
606 2902 636 2930 Vl
664 2904 748 2933 libell.
767 2905 795 2939 2,
813 2904 839 2933 s.

161 2916 201 2973 ὶξί
219 2916 264 2965 iii:
277 2916 517 2967 tiahtti'v'ii-E‘JZF:
534 2916 582 2973 iii,
597 2916 636 2974 (λζ’
645 2916 687 2969 ίῦῗ
