2048 3153
267 156 320 185 ΞΠ

681 151 731 179 SS.
752 150 980 179 MACARIOBUM
998 149 1159 178 AEGYPTII
1178 150 1221 178 ET
1241 150 1472 178 ALEXANDRINI

1833 150 1887 177 268

269 215 424 250 Respondet
451 214 484 241 iis
508 220 591 241 senex
609 221 616 240 :
633 211 758 247 Lignum,
779 211 852 246 quod
880 213 971 238 versat
993 212 1081 240 sar-A

1123 210 1194 242 ύτοῖς
1209 211 1223 237 ό
1243 210 1346 246 γέρων
1365 211 1396 237 τὸ
1415 210 1493 243 ξύλον
1513 210 1544 236 τὸ
1559 209 1674 245 στρέφου
1698 208 1732 235 τὰ
1755 210 1888 245 καιόμενα

270 264 362 288 menta
377 267 447 294 quae
462 258 672 289 comburuntur,
691 256 804 283 omnino
823 256 857 282 ab
870 256 932 290 igne
951 263 1053 282 consu-

271 306 365 333 mitur.
383 304 514 331 Similiter
529 304 552 330 si
566 303 738 329 mundaverit
750 303 832 329 homo
844 306 961 329 mentem
975 308 1053 329 suam

271 351 300 377 in
322 350 420 376 timore
443 348 501 381 Dei,
531 348 589 383 ipse
609 348 690 375 timor
711 346 759 375 Dei
783 355 883 382 corpus
907 347 967 381 ejus
988 354 1055 373 con-

271 395 365 423 sumit.

308 441 352 468 13.
370 439 512 467 Profectus
532 439 680 474 aliquando
698 438 834 466 Macarius
848 437 933 465 abbas
952 445 967 464 c
982 435 1056 464 Sceti

272 487 301 515 in
316 486 506 517 Terenuthim,
525 486 666 520 ingressus
685 489 726 512 est.
742 484 847 517 fanum,
869 488 899 511 ut
915 483 1056 511 dormiret.

271 533 313 562 Ibi
344 535 422 559 erant
441 536 533 558 vetera
552 531 731 558 Etlmicorum
750 530 903 563 cadavera;
921 537 936 557 θ
957 529 1058 564 quibus

273 585 360 606 unum
383 582 524 612 acceptum
538 577 628 612 posuit
645 577 696 604 sub
707 578 797 612 capite
809 584 859 604 suo
871 576 945 603 velut
958 575 1059 602 embri-

274 624 372 651 mium.
388 623 622 658 Daemonesergo,
637 622 729 650 intuiti
747 622 808 656 ejus
822 621 977 655 audaciam,
988 621 1060 648 invi-

276 669 376 696 derunt
390 669 424 696 ei.
442 669 481 695 Ac
499 668 623 695 volentes
641 675 702 694 eum
718 671 832 699 terrere,
853 667 926 694 velut
943 666 1061 694 feminae

276 722 376 742 nomen
386 715 520 741 vocabant
527 714 648 741 dicentes
656 722 663 741 :
672 713 744 740 Heus
756 717 796 744 tu,
805 712 865 740 veni
874 712 1017 739 nobiscum
1028 711 1062 738 ad

277 761 415 787 balneum.
424 759 576 794 Respondit
592 764 681 786 autem
691 759 762 786 alius
772 759 888 786 daemon
900 757 987 785 desub
1002 758 1062 792 ipso

277 810 408 839 tanquam
426 812 441 832 e
461 804 588 837 mortuis,
619 804 753 838 loquens:
767 802 944 838 Peregrinum
977 802 1063 829 habeo

279 857 362 884 super
379 857 432 881 nte.
463 857 513 876 nec
529 855 642 883 possum
665 849 769 875 venire.
796 847 830 874 At
845 855 928 875 senex
950 847 1063 874 territus

279 882 334 922 non
354 894 463 927 est,sed
475 882 604 920 audacter
619 893 778 920 verberabat
791 900 903 927 corpus,
911 896 936 919 et
948 901 954 918 :
966 892 1062 926 Surge,
1078 882 1099 910 Β

279 939 380 974 inquit,
397 940 465 966 vade
482 940 508 966 in
525 940 663 969 tenebras,
680 938 703 966 si
718 942 806 973 potes.
827 937 886 970 Quo
897 937 990 964 audito
1001 937 1065 963 dae-

279 992 376 1011 mones
398 985 586 1012 clamaverunt
605 991 670 1010 vace
695 991 793 1018 magna
815 983 954 1010 dicentes:
969 981 1064 1009 Vicisti

282 1039 342 1058 nos.
361 1030 392 1057 Et
409 1031 513 1066 pudore
529 1030 626 1058 sutIusi
642 1029 819 1065 aufugerunt.

319 1120 362 1147 Η.
384 1119 516 1146 Dicebant
530 1119 564 1146 de
581 1119 698 1146 Macario
713 1119 846 1155 Aegyptio
861 1118 969 1149 abbate,
993 1117 1067 1152 quod

286 1166 437 1194 ascendens
450 1173 464 1192 e
480 1164 564 1196 Secti,
582 1172 614 1191 ac
629 1165 767 1200 sportulas
782 1169 907 1199 portans,
933 1163 1069 1197 defatiga-

283 1216 330 1239 tus
356 1211 444 1245 sedit;
467 1211 611 1246 oravitque
638 1211 665 1238 in
695 1211 768 1237 hunc
789 1210 916 1237 modum:
940 1208 1023 1239 Deus,
1039 1212 1068 1234 tu

285 1258 357 1289 scis,
371 1257 440 1284 nihil
451 1256 517 1283 mihi
537 1256 636 1283 virium
655 1262 808 1291 supercssu.
833 1254 955 1288 Et_illico
970 1253 1004 1280 ad
1019 1252 1071 1279 ﬂu—

284 1305 360 1330 vium
376 1303 483 1330 delatus
496 1307 548 1330 est.

322 1347 367 1374 15.
388 1347 504 1380 Quidam
526 1347 553 1374 in
571 1347 692 1382 Aegypto
715 1346 800 1373 ﬁliuni
825 1345 921 1372 habuit
938 1344 1070 1380 paralyti-

287 1401 362 1420 cum.
379 1393 465 1426 Quem
477 1401 540 1420 cum
554 1393 588 1420 ad
605 1393 731 1420 cellulam
750 1392 860 1418 Macarii
877 1390 984 1418 abbatis
999 1391 1073 1418 tulis-

288 1443 340 1472 set,
354 1443 381 1466 et
397 1440 431 1466 ad
445 1440 545 1466 ostium
566 1439 717 1474 plorantem
736 1439 903 1474 reliquisset,
929 1439 1008 1473 longe
1027 1446 1071 1465 re-

288 1487 383 1514 cessit.
399 1486 486 1522 Igitur
501 1495 585 1514 senex
602 1487 731 1514 deorsum
747 1487 904 1522 adspiciens
922 1487 990 1513 vidit
1004 1494 1072 1522 pue-

288 1540 351 1559 rum
366 1537 393 1560 et
410 1533 560 1568 interrogat
575 1541 635 1560 eum
652 1543 658 1560 :
675 1533 743 1567 Quis
766 1538 793 1561 te
814 1533 868 1560 huc
892 1533 1000 1561 attulit?
1019 1532 1072 1560 Re-

289 1578 408 1612 spondet
427 1588 433 1605 :
450 1578 531 1606 Pater
544 1587 622 1606 meus
640 1579 691 1606 huc
709 1587 751 1606 me
768 1580 882 1614 projecit
897 1584 924 1607 et
938 1580 1014 1607 abiit.
1028 1579 1074 1607 Ait

290 1625 316 1651 ei
330 1631 430 1652 senex:
447 1624 567 1660 Surgens
591 1633 738 1660 assequere
754 1633 827 1652 eum.
847 1625 1001 1660 Statimque
1029 1633 1075 1652 sa-

291 1673 374 1696 natus
388 1669 509 1697 surrexit
525 1673 551 1697 et
566 1675 670 1704 patrem
680 1674 847 1698 consecutus
861 1675 913 1698 est.
936 1671 1024 1706 Atque
1038 1672 1076 1698 ita

293 1715 420 1742 abierunt
434 1716 462 1742 in
479 1717 590 1744 domutn
605 1725 694 1745 suam.

330 1760 373 1789 16.
396 1761 532 1790 Macarius
550 1770 666 1798 magnus
681 1764 766 1791 abbas
776 1763 885 1792 dicebat
899 1763 1032 1791 fratribus
1049 1763 1077 1790 in

294 1806 379 1844 Secti,
396 1813 540 1844 postquam
556 1809 661 1838 dimisit
677 1811 836 1838 ecclesiam:
849 1811 953 1845 Fugite,
967 1811 1076 1838 fratres.

293 1853 387 1880 Aitilli
404 1862 499 1881 senum
515 1855 627 1892 quidam
646 1866 652 1883 :
667 1856 790 1889 Quonam
808 1855 902 1892 lugere
927 1856 1078 1891 poterimus

293 1899 366 1926 ultra
382 1900 556 1928 solitudinem
570 1902 661 1929 hanc?
683 1902 743 1937 Ipse
764 1910 829 1930 vero
856 1903 971 1937 digitum
997 1909 1078 1929 suum

295 1945 328 1971 ad
340 1953 370 1973 os
387 1947 506 1981 ponebat
523 1948 619 1987 dicens
636 1957 642 1976 :
662 1948 758 1984 Fugite
775 1948 837 1976 hoc.
856 1949 925 1975 Tum
944 1947 1080 1983 ingredie-

295 1991 377 2019 batur
393 1992 421 2019 in
432 1993 557 2020 cellulam
575 2002 652 2022 suam
675 2000 702 2023 et
718 1996 813 2023 clauso
823 1995 894 2023 ostio
911 1995 1035 2023 sedebat.

332 2081 375 2108 17.
396 2082 470 2109 Idem
501 2082 636 2111 Macarius
662 2085 747 2112 abbas
765 2085 834 2112 dixit
850 2094 857 2112 :
872 2085 900 2112 Si
924 2085 1079 2120 quempiam

297 2127 463 2162 increpando
478 2128 512 2155 ad
528 2129 595 2155 iram
615 2131 807 2163 commoveris,
832 2131 940 2159 effectui
961 2136 1008 2158 tuo
1037 2139 1081 2158 sa-

297 2173 418 2200 tisl'aeis.
441 2173 535 2209 Neque
564 2176 637 2203 enim
663 2181 693 2203 ut
714 2177 784 2205 alios
805 2178 907 2211 salves,
936 2178 1036 2213 perdes
1054 2182 1082 2205 te

297 2226 399 2254 ipsum.

336 2265 378 2292 l8.
401 2266 475 2293 Idem
488 2266 622 2295 Macarius
633 2267 728 2299 abbas,
740 2275 804 2295 cum
819 2272 892 2295 esset
907 2267 934 2294 in
950 2268 1081 2303 Aegypto,

297 2311 402 2339 invenit
412 2312 548 2340 hominem
558 2313 862 2348 habentemjumentum
870 2317 897 2340 et
906 2313 1081 2348 praedantcm

299 2365 370 2393 quae
387 2359 419 2385 ad
437 2366 516 2386 usum
531 2367 610 2386 suum
621 2360 788 2394 possidebat:
802 2359 860 2394 ipse
870 2367 934 2386 vero
951 2364 1082 2394 tanquam

298 2405 461 2440 peregrinus
475 2406 589 2433 adstans
604 2406 668 2437 l‘uri,
688 2414 743 2433 una
763 2407 896 2433 onerabat
913 2405 1079 2441 iumentum,

298 2459 453 2486 magnaque
468 2460 531 2479 cum
555 2452 646 2487 quiete
659 2452 765 2479 dimisit
786 2459 849 2479 eum
869 2451 984 2480 dicens:
1004 2451 1081 2479 Nihil

299 2497 437 2525 intulimus
453 2500 480 2525 in
501 2498 645 2525 mundum:
659 2498 730 2525 haud
751 2497 861 2525 dubium
882 2498 950 2534 quod
963 2506 1008 2525 nec
1032 2506 1082 2526 au-

1105 256 1231 292 φρύγανα
1250 257 1284 283 δι’
1303 257 1363 283 ὅλου
1379 257 1498 283 ἐσθίεται
1516 257 1548 283 ἐκ
1564 256 1610 282 τοῦ
1624 255 1719 290 πυρός.
1733 255 1821 288 οὕτως
1839 257 1889 284 ἐὰν

1105 302 1264 339 καθαρεύσῃ
1285 303 1426 338 ἄνθρωπος
1449 303 1498 329 τὸν
1517 301 1578 328 νοῦν
1602 301 1685 328 αὑτοῦ
1701 301 1729 327 ἐν
1754 301 1793 336 τῷ
1813 302 1889 337 φόϐῳ

1106 346 1154 373 τοῦ
1169 346 1248 378 Θεοῦ,
1261 347 1341 379 αὐτὸς
1357 348 1371 373 ὀ
1381 347 1461 382 φόϐος
1472 346 1520 373 τοῦ
1534 346 1602 373 Θεοῦ
1617 345 1755 372 κατεσθίει
1768 346 1797 372 τδ
1810 347 1889 383 σῶμα

1106 391 1188 419 αὐτοῦ
1201 392 1240 426 (a)
1247 412 1254 419 .

1144 438 1188 465 15.
1212 438 1307 474 Ἀνέϐη
1324 439 1389 465 ποτὲ
1407 440 1421 466 ό
1436 439 1523 470 άϐὃᾶς
1541 439 1684 475 Μακάριος
1696 440 1749 467 ἀπὸ
1765 440 1892 475 Σκήτεως

1108 483 1148 515 εις
1164 483 1340 519 Τερενοῦθιν·
1364 485 1411 512 καὶ
1427 484 1550 520 εἰσῆλθεν
1565 485 1604 517 εις
1619 485 1650 511 τὸ
1671 486 1742 521 ἱερὸν
1758 485 1894 520 κοιμηθῆ-

1108 536 1172 555 ναι·
1194 526 1265 564 ἦσαν
1288 529 1316 555 δὲ
1342 530 1401 556 ἐκεῖ
1419 530 1587 566 σκηνώματα
1607 531 1741 566 Ἑλλήνων
1770 531 1892 558 παλαιά’

1111 574 1192 609 25o
1209 574 1255 600 καὶ
1276 574 1365 601 λαϐὼν
1377 575 1417 608 ἓν,
1434 576 1554 612 ὑπέθηκε
1576 578 1610 613 τῇ
1625 577 1721 604 ἑαυτοῦ
1739 576 1843 612 κεφαλῇ
1856 577 1896 608 ὡς

1111 621 1270 657 ὲμϐρίμιον·
1286 622 1310 648 οι
1322 620 1368 648 οὖν
1382 622 1509 657 δαίμονες
1521 622 1639 658 ὁρῶντες
1653 622 1737 650 αὑτοῦ
1750 622 1780 650 τὸ
1796 623 1896 657 θαρσα-

1111 667 1182 698 λέον,
1201 667 1367 703 ἐφθόνησαν·
1389 669 1436 694 καὶ
1453 667 1575 700 θέλοντες
1587 669 1668 695 αὑτὸν
1680 669 1807 703 τποῆσαι,
1827 668 1897 702 ἐφώ-

1112 721 1176 739 νουν
1192 712 1229 744 ὡς
1246 712 1375 747 γυναικὸς
1397 712 1493 748 ὄνομα,
1510 713 1653 747 λέγοντες·
1668 715 1686 749 ἡ
1708 713 1793 745 δεῖνα,
1815 713 1897 749 δεῦρο

1115 758 1174 794 μεθ’
1187 758 1266 794 ἡμῶν
1281 759 1321 790 εὶς
1335 759 1367 784 τὸ
1381 758 1519 794 βαλανεῖον
1530 767 1537 774 ·
1553 759 1691 795 ὑπήκουσε
1703 759 1732 785 δὲ
1748 758 1826 790 ἄλλος
1839 758 1897 788 δαι-

1116 812 1174 839 μων
1191 804 1365 831 ὑποκάτωθεν
1387 804 1469 831 αὐτοῦ
1488 805 1525 837 ὡς
1549 805 1582 832 ὲκ
1595 805 1650 832 τῶν
1668 804 1772 841 νεκρῶν
1794 805 1897 839 λέγων*

1117 849 1191 882 ξένον
1209 849 1264 885 ἔχω
1279 850 1373 877 ἐπάνω
1394 859 1456 886 μου,
1474 851 1520 878 καὶ
1542 851 1572 877 ού
1589 851 1708 886 δύναμαι
1726 850 1824 877 ἐλθεῖν.
1840 851 1854 876 ό
1869 849 1899 876 δὲ

1114 895 1202 931 γέρων
1212 896 1262 922 οὐκ
1277 896 1484 932 mmmam
1497 896 1604 933 θαρρῶν
1617 897 1714 923 ἔτυπτε
1725 896 1756 923 τὺ
1769 897 1900 932 σκήνωμα

1114 941 1200 975 λέγων
1211 949 1217 956 ·
1236 941 1350 977 ἐγειραι,
1359 942 1448 976 ὕπαγε
1464 944 1504 974 εἰς
1514 943 1543 969 τὸ
1556 944 1660 975 σκότος,
1678 943 1702 969 εἰ
1715 942 1838 969 δύνασαι.
1852 942 1901 968 καὶ

1115 986 1194 1012 τοῦτο
1204 986 1371 1018 ἀκούσαντες
1381 988 1406 1013 οἱ
1418 988 1542 1023 δαίμονες
1558 1008 1565 1019 ,
1579 988 1696 1023 ἐϐόησαν
1707 990 1782 1022 φωνῇ
1793 986 1901 1023 μεγάλῃ

1116 1031 1259 1066 λέγοντες·
1280 1033 1408 1068 ἐνίκησας
1424 1035 1499 1070 ἡμᾶς
1510 1043 1517 1049 ·
1538 1035 1586 1061 καὶ
1607 1034 1707 1069 ἔφυγον
1724 1034 1904 1069 καταισχυνό-

1119 1086 1194 1112 μενοι
1207 1078 1254 1113 (ὁ).

1154 1123 1197 1150 Μ.
1218 1123 1330 1157 Ἔλεγον
1353 1124 1418 1159 περὶ
1438 1123 1484 1150 τοῦ
1505 1123 1578 1150 άεϐᾶ
1597 1123 1741 1160 Μακάριοι)
1761 1123 1808 1150 τοῦ
1824 1123 1905 1157 Αἰγυ-

1119 1168 1197 1194 πτίου
1212 1168 1244 1199 ¹⁵,
1260 1167 1300 1194 ὅτι
1315 1167 1468 1194 ἀναϐαίνων
1482 1168 1536 1194 ἀπὸ
1553 1168 1689 1204 Σκήτεως,
1703 1167 1748 1193 καὶ
1760 1165 1904 1202 βαστάζων

1120 1215 1260 1250 σπυρίδας,
1274 1214 1409 1247 κοπιάσας
1430 1215 1565 1249 ἐκαθέσοη
1576 1224 1582 1230 '
1597 1215 1644 1241 xui.
1658 1213 1755 1245 εὓξατο
1769 1213 1856 1246 λέγων
1867 1221 1873 1227 ⁸
1890 1213 1905 1238 ὁ

1119 1261 1197 1292 Θεὸς,
1214 1261 1246 1287 σὺ
1261 1259 1336 1293 οἶδας
1357 1262 1398 1288 ὅτι
1419 1261 1470 1288 οὐκ
1485 1262 1506 1277 ¹⁹
1530 1261 1631 1296 ἰσχύω*
1659 1260 1705 1287 καὶ
1731 1259 1832 1290 εὐθέως
1861 1258 1905 1284 εὐ-

1121 1307 1187 1343 ρέθη
1203 1308 1249 1333 ἐπὶ
1261 1307 1306 1334 τὸν
1322 1307 1443 1342 ποταμόν
1458 1307 1505 1342 (c).

1158 1354 1201 1380 15.
1217 1351 1272 1380 Ἦν
1284 1362 1326 1385 τις
1343 1353 1412 1388 ἔχων
1428 1353 1486 1379 υἱὸν
1506 1351 1689 1387 παραλυτικὸν
1709 1348 1737 1379 ἐν
1760 1351 1904 1385 Αἰγύπτῳ·

1122 1400 1170 1426 καὶ
1189 1400 1305 1435 ῆνεγχεν
1325 1399 1405 1426 αὑτὸν
1421 1400 1460 1431 εἰς
1473 1399 1504 1425 τὸ
1525 1399 1630 1425 κελλίον
1652 1397 1698 1424 τοῦ
1721 1397 1793 1424 άὸΰά
1811 1397 1907 1424 Μακαα

1125 1445 1182 1481 ρίου
1191 1454 1201 1485 ξ’
1217 1447 1265 1472 καὶ
1275 1447 1354 1480 ἀφεὶς
1365 1446 1446 1472 αὑτὸν
1458 1445 1504 1472 ἐπὶ
1519 1445 1596 1480 25],
1608 1445 1657 1480 τὴν
1669 1445 1754 1480 θύραν
1767 1443 1906 1474 κλαίοντα,

1123 1490 1279 1526 ἀνεχώρησε
1295 1491 1414 1526 μακράν.
1437 1490 1604 1526 παρακύψας
1617 1488 1664 1516 οὖν
1679 1490 1692 1516 ό
1705 1489 1794 1525 γέρων
1809 1487 1863 1514 εἶδε
1877 1487 1908 1513 τὸ

1124 1537 1229 1563 παιδίον
1252 1537 1284 1570 '°,
1303 1537 1350 1563 καὶ
1368 1536 1441 1570 λέγει
1456 1535 1530 1572 αὐτῷ
1540 1544 1546 1552 ·
1561 1536 1602 1567 τίς
1615 1535 1715 1571 ἣνεγκέ
1731 1543 1760 1560 σε
1775 1531 1844 1566 dias;
1861 1534 1908 1559 καὶ

1125 1581 1216 1616 λέγει·
1238 1583 1252 1608 ὁ
1275 1582 1367 1617 πατήρ
1383 1590 1433 1617 μου
1453 1581 1548 1618 speet:
1575 1590 1608 1617 με
1635 1578 1695 1613 ὧδε,
1720 1580 1767 1607 καὶ
1790 1579 1906 1614 ἀπῆλθε.

1125 1628 1200 1662 λέγει
1215 1627 1290 1664 αὑτῷ
1305 1629 1319 1654 ὁ
1339 1628 1443 1664 γέρων·
1458 1628 1576 1660 ἀναστὰς
1600 1627 1738 1654 κατάλαϐε
1753 1626 1842 1653 αὐτόν.
1860 1625 1909 1651 καὶ

1126 1675 1226 1706 εὐθέως
1252 1674 1364 1708 ὑγιάνας
1380 1675 1490 1710 ἀνέστη,
1515 1675 1561 1701 καὶ
1577 1673 1711 1701 κατέλαϐε
1734 1673 1780 1699 τὸν
1802 1671 1911 1707 πατέρα

1126 1721 1209 1747 αὐτοῦ
1220 1729 1226 1735 ·
1250 1721 1298 1747 καὶ
1314 1720 1400 1752 οὕτως
1415 1720 1534 1755 ἀπῆλθον
1550 1721 1590 1752 εἰς
1606 1720 1650 1746 τὸν
1663 1717 1737 1746 οἷκον
1752 1717 1842 1744 αὐτῶν
1856 1717 1908 1752 (d).

1164 1767 1206 1793 16.
1231 1767 1260 1793 '0
1274 1766 1360 1798 ἀὸϐἄς
1377 1767 1516 1802 Μακάριος
1531 1767 1544 1793 ὁ
1562 1765 1648 1801 μέγας
1670 1765 1746 1799 ἔλεγε
1761 1765 1817 1795 τοῖς
1832 1763 1910 1789 ἀδελ-

1128 1815 1188 1848 φοῖς
1203 1815 1231 1840 ὲν
1246 1815 1278 1849 τῇ
1295 1815 1404 1850 Σκὴτει,
1427 1814 1464 1845 ὼς
1487 1813 1588 1840 ἀπέλυε
1602 1813 1652 1848 τὴν
1669 1811 1832 1846 ἐκκλησιανο
1847 1809 1912 1844 φεύ-

1128 1867 1202 1893 γετε,
1218 1859 1338 1894 ἀδελφοί.
1354 1860 1402 1886 καὶ
1421 1857 1497 1885 εἶπεν
1521 1858 1594 1894 αύτῷ
1618 1867 1658 1890 τις
1681 1857 1735 1884 τῶν
1757 1856 1909 1891 γερόντων’

1129 1905 1182 1932 ποῦ
1197 1906 1294 1941 ἔχομεν
1319 1907 1415 1940 φυγεῖν
1427 1905 1510 1932 πλέον
1527 1904 1577 1940 τῆς
1598 1905 1701 1940 ἐρήμου
1721 1902 1839 1937 ταύτης;
1854 1902 1869 1927 ὁ
1883 1901 1912 1928 δὲ

1129 1951 1213 1978 ἐτίθει
1225 1951 1271 1978 τὸν
1285 1951 1416 1978 δάκτυλον
1426 1950 1509 1978 αὑτοῦ
1521 1951 1561 1982 εὶς
1575 1950 1606 1976 τὺ
1620 1950 1706 1985 στόμα
1715 1949 1803 1982 λέγων
1813 1956 1820 1963 ’
1833 1946 1912 1973 τοῦτο

1130 1997 1256 2032 φεύγετε.
1280 1997 1327 2024 καὶ
1351 1998 1492 2033 εἰσήρχετο
1506 1998 1546 2028 εἰς
1565 1996 1596 2022 τὸ
1613 1995 1717 2022 κελλίον
1741 1992 1838 2021 ἑαυτοῦ
1865 1993 1913 2019 καὶ

1130 2042 1217 2069 ἑκλειε
1233 2043 1282 2077 τὴν
1297 2041 1381 2077 θύραν
1395 2043 1442 2069 καὶ
1456 2042 1575 2077 ἐκάθητο
1585 2041 1631 2077 (ε).

1166 2087 1209 2115 17.
1235 2085 1319 2114 Εἶπεν
1341 2088 1356 2114 ὁ
1376 2088 1457 2120 αὐτὸς
1481 2087 1569 2119 ἁϐὃᾶς
1596 2085 1754 2120 Μακάριος*
1786 2084 1832 2111 ὲάν
1858 2091 1913 2110 τινι

1131 2134 1266 2170 ἐπιτιμῶν
1283 2135 1322 2165 εἰς
1343 2134 1428 2169 ὀργὴν
1444 2133 1568 2169 κινηθῇς,
1584 2132 1651 2159 ἴδιον
1671 2131 1756 2162 πάθος
1780 2130 1892 2166 πληροῖς
1903 2136 1911 2142 ·

1131 2181 1163 2208 ού
1176 2181 1230 2216 γὰρ
1243 2180 1287 2207 ἵνα
1300 2180 1396 2212 ἄλλους
1411 2180 1510 2216 σώσῃς,
1522 2179 1633 2207 σεαυτὸν
1643 2177 1785 2208 ἀπολέσεις
1798 2177 1840 2212 (1).

1169 2269 1212 2296 18.
1235 2268 1264 2296 '0
1278 2269 1360 2300 αὐτὸς
1382 2268 1468 2300 άϐϐᾶς
1490 2267 1641 2303 Μακάριος,
1664 2267 1692 2292 ὲν
1714 2263 1843 2299 Αἰγύπτῳ
1865 2262 1915 2293 ὢν,

1133 2312 1212 2351 εὗρεν
1220 2315 1362 2351 ἄνθρωπον
1371 2315 1450 2349 252
1458 2314 1551 2349 ἔχοντα
1563 2315 1659 2348 κτῆνος
1668 2312 1715 2339 καὶ
1725 2309 1855 2337 συλοῢντα
1866 2307 1917 2339 τὰς

1133 2361 1228 2397 χρείας
1245 2360 1326 2387 αὐτοῦ
1338 2368 1344 2374 “
1359 2361 1405 2387 καὶ
1421 2360 1502 2391 αὐτὸς
1516 2360 1553 2391 ὡς
1569 2358 1643 2392 ξένος
1658 2356 1800 2392 παραστὰς
1812 2354 1851 2389 τῷ
1867 2362 1917 2380 συ-

1133 2403 1235 2438 λοῦντι,
1257 2405 1405 2440 συνεγὲμου
1420 2405 1449 2431 τὸ
1464 2405 1570 2439 κτῆνος,
1586 2404 1632 2430 καὶ
1648 2402 1717 2438 μετὰ
1729 2400 1831 2434 πολλῆς
1851 2400 1918 2434 ήσυη

1135 2453 1196 2488 χίας
1212 2446 1389 2487 προέπεμπεν
1406 2450 1487 2477 αὑτὸν
1500 2450 1596 2485 λέγων,
1613 2450 1653 2476 ὃτι
1670 2447 1761 2476 οὐδὲν
1781 2444 1919 2480 εἰσηνέγι

1133 2507 1228 2533 muter
1243 2499 1286 2531 εὶς
1305 2497 1358 2524 τὸν
1371 2496 1504 2532 κόσμον,
1527 2495 1624 2530 δῆλον
1642 2494 1686 2521 ὅτι
1705 2493 1775 2521 οὐδὲ
1800 2492 1919 2526 ἐξενεγ-

930 2555 1058 2583 VARIAE
1073 2555 1276 2583 LECTIONES.

336 2621 357 2638 "
375 2621 418 2649 AI.
434 2623 486 2649 τοῦ
499 2622 643 2657 μεγάλου.
681 2624 703 2640 "
722 2623 764 2650 Al.
785 2623 894 2652 οὐκέτι,
932 2624 955 2640 ¹⁰
974 2625 1016 2652 Al.
1034 2625 1095 2652 add.
1111 2626 1156 2652 ὅτι
1178 2624 1307 2650 ἔκλαιεν.

1043 2690 1181 2733 NOTAE.

338 2761 376 2795 (a)
396 2760 437 2788 Cf.
455 2760 510 2788 νγ.
523 2761 576 2788 PP.
592 2762 684 2790 Rosw.
700 2762 748 2789 lib.
766 2762 788 2788 ν
803 2762 885 2789 libell.
913 2762 939 2791 ὅ,
956 2761 982 2788 8.

340 2797 377 2827 (1))
400 2795 454 2825 νγ.
472 2796 523 2824 PP.
545 2797 636 2825 Rosw.
659 2798 705 2825 lib.
723 2797 744 2824 V
765 2798 848 2825 liliell.
871 2798 896 2829 7,
915 2798 956 2823 10.

305 2832 375 2893 ηπ.)
389 2831 524 2897 ἐνὶ-ΡΙ).
543 2833 635 2860 Rosw.
654 2833 701 2860 lib.
719 2832 750 2859 Ill
767 2842 827 2868 cap.
849 2833 916 2860 '2l5:
934 2832 981 2858 lib.
998 2831 1042 2863 νι,
1054 2831 1087 2858 li-

347 2902 385 2936 (α)
405 2902 447 2929 Cf.
464 2901 520 2929 νγ.
534 2902 585 2930 PP.
605 2903 694 2931 κυεην.
709 2904 756 2932 lib.
782 2903 815 2931 Vl
828 2903 909 2931 liboll.
927 2902 954 2934 ‘2,
972 2901 995 2930 7,
1010 2901 1081 2930 Idem

1139 2762 1278 2790 Besarioni
1295 2759 1497 2788 tribtlitnribid.
1514 2759 1562 2786 lib.
1578 2757 1611 2784 IlI
1627 2764 1686 2791 cap.
1705 2755 1764 2783 12-2.

1173 2798 1206 2831 (ε)
1227 2797 1268 2824 cr.
1291 2795 1348 2824 vv.
1363 2795 1415 2822 rr.
1429 2795 1526 2831 nosw.
1549 2794 1595 2831 lib.
1609 2794 1641 2831 _v_
1656 2789 1738 2819 I'Ibell.
1757 2789 1842 2831 5:21.

1172 2821 1205 2866 iii
1221 2821 1267 2860 cr;
1281 2821 1524 2859 vv.'rr.'nosw;
1540 2830 1587 2857 lib.
1609 2827 1653 2860 ιιι,
1671 2834 1732 2862 cap.
1758 2826 1810 2859 87;
1826 2823 1874 2852 lib.
1895 2821 1918 2852 ν

1137 2867 1221 2895 Iibcll.
1242 2867 1267 2897 ι.
1284 2868 1328 2895 es.
