  <div class='ocr_page' id='page_1' title='image "/cluster/home/n/w/nwhite01/storage/ocr_20150623/34/njp.32101077772547/145.png"; bbox 0 0 2048 3153; ppageno 0'>
   <div class='ocr_carea' id='block_1_1' title="bbox 295 147 347 176">
    <p class='ocr_par' dir='ltr' id='par_1_1' title="bbox 295 147 347 176">
     <span class='ocr_line' id='line_1_1' title="bbox 295 147 347 176; baseline 0.058 -3"><span class='ocrx_word' id='word_1_1' title='bbox 295 147 347 176; x_wconf 75' lang='grc'><strong>251</strong></span> 
     </span>
    </p>
   </div>
   <div class='ocr_carea' id='block_1_2' title="bbox 701 146 1503 178">
    <p class='ocr_par' dir='ltr' id='par_1_2' title="bbox 701 146 1503 178">
     <span class='ocr_line' id='line_1_2' title="bbox 701 146 1503 178; baseline 0.005 -4"><span class='ocrx_word' id='word_1_2' title='bbox 701 146 752 175; x_wconf 85' lang='lat' dir='ltr'><strong>SS.</strong></span> <span class='ocrx_word' id='word_1_3' title='bbox 773 146 1005 175; x_wconf 78' lang='lat' dir='ltr'><strong>MACARIORUM</strong></span> <span class='ocrx_word' id='word_1_4' title='bbox 1025 147 1188 176; x_wconf 77' lang='lat' dir='ltr'><strong>AEGYPTII</strong></span> <span class='ocrx_word' id='word_1_5' title='bbox 1206 149 1250 176; x_wconf 85' lang='lat' dir='ltr'><strong>ET</strong></span> <span class='ocrx_word' id='word_1_6' title='bbox 1270 149 1503 178; x_wconf 80' lang='lat' dir='ltr'><strong>ALEXANDRINI</strong></span> 
     </span>
    </p>
   </div>
   <div class='ocr_carea' id='block_1_3' title="bbox 1866 153 1920 182">
    <p class='ocr_par' dir='ltr' id='par_1_3' title="bbox 1866 153 1920 182">
     <span class='ocr_line' id='line_1_3' title="bbox 1866 153 1920 182; baseline 0.019 -1"><span class='ocrx_word' id='word_1_7' title='bbox 1866 153 1920 182; x_wconf 74' lang='lat'><strong>252</strong></span> 
     </span>
    </p>
   </div>
   <div class='ocr_carea' id='block_1_4' title="bbox 294 206 1090 247">
    <p class='ocr_par' dir='ltr' id='par_1_4' title="bbox 294 206 1075 243">
     <span class='ocr_line' id='line_1_4' title="bbox 294 206 1075 243; baseline -0.001 -7"><span class='ocrx_word' id='word_1_8' title='bbox 294 210 350 236; x_wconf 88' lang='lat' dir='ltr'><strong>cuti</strong></span> <span class='ocrx_word' id='word_1_9' title='bbox 366 209 447 236; x_wconf 81' lang='lat' dir='ltr'><strong>sunt?</strong></span> <span class='ocrx_word' id='word_1_10' title='bbox 462 207 508 235; x_wconf 92' lang='lat' dir='ltr'><strong>llle</strong></span> <span class='ocrx_word' id='word_1_11' title='bbox 526 217 532 234; x_wconf 96' lang='lat'>:</span> <span class='ocrx_word' id='word_1_12' title='bbox 552 206 714 235; x_wconf 88' lang='lat' dir='ltr'><strong>Nihil.Tum</strong></span> <span class='ocrx_word' id='word_1_13' title='bbox 731 215 814 236; x_wconf 80' lang='lat' dir='ltr'><strong>senex</strong></span> <span class='ocrx_word' id='word_1_14' title='bbox 830 208 961 240; x_wconf 82' lang='lat' dir='ltr'><strong>:lterum,</strong></span> <span class='ocrx_word' id='word_1_15' title='bbox 977 208 1075 243; x_wconf 82' lang='lat' dir='ltr'><strong>inquit,</strong></span> 
     </span>
    </p>
   </div>
   <div class='ocr_carea' id='block_1_5' title="bbox 1131 206 1919 247">
    <p class='ocr_par' dir='ltr' id='par_1_5' title="bbox 1131 209 1919 247">
     <span class='ocr_line' id='line_1_5' title="bbox 1131 209 1919 247; baseline 0.004 -11"><span class='ocrx_word' id='word_1_16' title='bbox 1131 209 1208 245; x_wconf 60' lang='lat'><strong>255</strong></span> <span class='ocrx_word' id='word_1_17' title='bbox 1229 211 1244 236; x_wconf 80' lang='grc' dir='ltr'>ὁ</span> <span class='ocrx_word' id='word_1_18' title='bbox 1269 210 1298 237; x_wconf 83' lang='grc' dir='ltr'>δὲ</span> <span class='ocrx_word' id='word_1_19' title='bbox 1316 210 1385 246; x_wconf 77' lang='grc' dir='ltr'><strong>ἔφη·</strong></span> <span class='ocrx_word' id='word_1_20' title='bbox 1402 211 1472 246; x_wconf 76' lang='grc' dir='ltr'><strong>οὐχί.</strong></span> <span class='ocrx_word' id='word_1_21' title='bbox 1488 210 1561 245; x_wconf 82' lang='grc' dir='ltr'><strong>λέγει</strong></span> <span class='ocrx_word' id='word_1_22' title='bbox 1577 210 1652 246; x_wconf 83' lang='grc' dir='ltr'><strong>αὐτῷ</strong></span> <span class='ocrx_word' id='word_1_23' title='bbox 1667 212 1681 238; x_wconf 83' lang='grc' dir='ltr'><strong><em>ὁ</em></strong></span> <span class='ocrx_word' id='word_1_24' title='bbox 1698 211 1805 247; x_wconf 78' lang='grc' dir='ltr'>γέρων·</span> <span class='ocrx_word' id='word_1_25' title='bbox 1830 211 1919 247; x_wconf 76' lang='grc' dir='ltr'>ὕπαγε</span> 
     </span>
    </p>
   </div>
   <div class='ocr_carea' id='block_1_6' title="bbox 295 253 1081 290">
    <p class='ocr_par' dir='ltr' id='par_1_6' title="bbox 295 253 1081 290">
     <span class='ocr_line' id='line_1_6' title="bbox 295 253 1081 290; baseline 0 -8"><span class='ocrx_word' id='word_1_26' title='bbox 295 254 471 290; x_wconf 82' lang='lat' dir='ltr'><strong>proficiscere</strong></span> <span class='ocrx_word' id='word_1_27' title='bbox 485 261 559 285; x_wconf 83' lang='lat' dir='ltr'><strong>cras,</strong></span> <span class='ocrx_word' id='word_1_28' title='bbox 580 261 683 288; x_wconf 83' lang='lat' dir='ltr'><strong>eosque</strong></span> <span class='ocrx_word' id='word_1_29' title='bbox 706 253 833 282; x_wconf 85' lang='lat' dir='ltr'><strong>laudibus</strong></span> <span class='ocrx_word' id='word_1_30' title='bbox 857 254 932 282; x_wconf 85' lang='lat' dir='ltr'><strong>effer.</strong></span> <span class='ocrx_word' id='word_1_31' title='bbox 960 253 1081 289; x_wconf 82' lang='lat' dir='ltr'><strong>Pergens</strong></span> 
     </span>
    </p>
   </div>
   <div class='ocr_carea' id='block_1_7' title="bbox 293 297 1080 334">
    <p class='ocr_par' dir='ltr' id='par_1_7' title="bbox 293 297 1080 334">
     <span class='ocr_line' id='line_1_7' title="bbox 293 297 1080 334; baseline 0.001 -9"><span class='ocrx_word' id='word_1_32' title='bbox 293 298 387 333; x_wconf 87' lang='lat' dir='ltr'><strong>itaque</strong></span> <span class='ocrx_word' id='word_1_33' title='bbox 408 297 493 325; x_wconf 80' lang='lat' dir='ltr'><strong>frater</strong></span> <span class='ocrx_word' id='word_1_34' title='bbox 518 297 685 325; x_wconf 75' lang='lat' dir='ltr'><strong>collaudavit</strong></span> <span class='ocrx_word' id='word_1_35' title='bbox 707 306 765 331; x_wconf 87' lang='lat' dir='ltr'><strong>eos,</strong></span> <span class='ocrx_word' id='word_1_36' title='bbox 788 306 912 326; x_wconf 85' lang='lat' dir='ltr'><strong>vocans:</strong></span> <span class='ocrx_word' id='word_1_37' title='bbox 945 298 1080 334; x_wconf 83' lang='lat' dir='ltr'><strong>Apostoli,</strong></span> 
     </span>
    </p>
   </div>
   <div class='ocr_carea' id='block_1_8' title="bbox 294 342 1078 380">
    <p class='ocr_par' dir='ltr' id='par_1_8' title="bbox 294 342 1078 380">
     <span class='ocr_line' id='line_1_8' title="bbox 294 342 1078 380; baseline 0.003 -10"><span class='ocrx_word' id='word_1_38' title='bbox 294 343 394 375; x_wconf 89' lang='lat' dir='ltr'><strong>sancti,</strong></span> <span class='ocrx_word' id='word_1_39' title='bbox 406 343 487 378; x_wconf 86' lang='lat' dir='ltr'><strong>justi.</strong></span> <span class='ocrx_word' id='word_1_40' title='bbox 499 342 568 370; x_wconf 90' lang='lat' dir='ltr'><strong>Tum</strong></span> <span class='ocrx_word' id='word_1_41' title='bbox 586 343 654 371; x_wconf 85' lang='lat' dir='ltr'><strong>adiit</strong></span> <span class='ocrx_word' id='word_1_42' title='bbox 665 352 760 371; x_wconf 88' lang='lat' dir='ltr'><strong>senem</strong></span> <span class='ocrx_word' id='word_1_43' title='bbox 775 344 899 380; x_wconf 75' lang='lat' dir='ltr'><strong>dixitque</strong></span> <span class='ocrx_word' id='word_1_44' title='bbox 917 354 923 372; x_wconf 89' lang='lat'>:</span> <span class='ocrx_word' id='word_1_45' title='bbox 944 344 1078 373; x_wconf 88' lang='lat' dir='ltr'><strong>Laudavi.</strong></span> 
     </span>
    </p>
   </div>
   <div class='ocr_carea' id='block_1_9' title="bbox 293 387 1078 424">
    <p class='ocr_par' dir='ltr' id='par_1_9' title="bbox 293 387 1078 424">
     <span class='ocr_line' id='line_1_9' title="bbox 293 387 1078 424; baseline 0.005 -11"><span class='ocrx_word' id='word_1_46' title='bbox 293 387 344 420; x_wconf 86' lang='lat' dir='ltr'><strong>Qui</strong></span> <span class='ocrx_word' id='word_1_47' title='bbox 360 396 366 413; x_wconf 87' lang='lat'>:</span> <span class='ocrx_word' id='word_1_48' title='bbox 385 387 506 420; x_wconf 88' lang='lat' dir='ltr'><strong>Nihilne,</strong></span> <span class='ocrx_word' id='word_1_49' title='bbox 533 388 634 423; x_wconf 89' lang='lat' dir='ltr'><strong>inquit.</strong></span> <span class='ocrx_word' id='word_1_50' title='bbox 655 389 705 416; x_wconf 92' lang='lat' dir='ltr'><strong>tibi</strong></span> <span class='ocrx_word' id='word_1_51' title='bbox 723 390 942 424; x_wconf 88' lang='lat' dir='ltr'><strong>responderunt?</strong></span> <span class='ocrx_word' id='word_1_52' title='bbox 960 388 1078 418; x_wconf 81' lang='lat' dir='ltr'><strong>Frater:</strong></span> 
     </span>
    </p>
   </div>
   <div class='ocr_carea' id='block_1_10' title="bbox 294 433 1080 471">
    <p class='ocr_par' dir='ltr' id='par_1_10' title="bbox 294 433 1080 471">
     <span class='ocr_line' id='line_1_10' title="bbox 294 433 1080 471; baseline 0.006 -12"><span class='ocrx_word' id='word_1_53' title='bbox 294 433 379 460; x_wconf 79' lang='lat' dir='ltr'><strong>Nihil.</strong></span> <span class='ocrx_word' id='word_1_54' title='bbox 406 433 483 461; x_wconf 90' lang='lat' dir='ltr'><strong>Tunc</strong></span> <span class='ocrx_word' id='word_1_55' title='bbox 500 442 584 462; x_wconf 84' lang='lat' dir='ltr'><strong>senex</strong></span> <span class='ocrx_word' id='word_1_56' title='bbox 604 435 685 463; x_wconf 86' lang='lat' dir='ltr'><strong>infit:</strong></span> <span class='ocrx_word' id='word_1_57' title='bbox 701 434 790 467; x_wconf 86' lang='lat' dir='ltr'><strong>Nosti,</strong></span> <span class='ocrx_word' id='word_1_58' title='bbox 812 436 922 471; x_wconf 89' lang='lat' dir='ltr'><strong>quantis</strong></span> <span class='ocrx_word' id='word_1_59' title='bbox 940 444 989 464; x_wconf 90' lang='lat' dir='ltr'><strong>eos</strong></span> <span class='ocrx_word' id='word_1_60' title='bbox 1013 444 1080 464; x_wconf 87' lang='lat' dir='ltr'><strong>con-</strong></span> 
     </span>
    </p>
   </div>
   <div class='ocr_carea' id='block_1_11' title="bbox 293 479 1079 517">
    <p class='ocr_par' dir='ltr' id='par_1_11' title="bbox 293 479 1079 517">
     <span class='ocr_line' id='line_1_11' title="bbox 293 479 1079 517; baseline 0.006 -12"><span class='ocrx_word' id='word_1_61' title='bbox 293 479 415 506; x_wconf 86' lang='lat' dir='ltr'><strong>tumcliis</strong></span> <span class='ocrx_word' id='word_1_62' title='bbox 431 479 566 512; x_wconf 78' lang='lat' dir='ltr'><strong>all‘cceris,</strong></span> <span class='ocrx_word' id='word_1_63' title='bbox 575 488 626 508; x_wconf 91' lang='lat' dir='ltr'><strong>nec</strong></span> <span class='ocrx_word' id='word_1_64' title='bbox 641 481 789 516; x_wconf 84' lang='lat' dir='ltr'><strong>quidquam</strong></span> <span class='ocrx_word' id='word_1_65' title='bbox 800 482 1001 517; x_wconf 88' lang='lat' dir='ltr'><strong>responderunt</strong></span> <span class='ocrx_word' id='word_1_66' title='bbox 1013 483 1079 516; x_wconf 86' lang='lat' dir='ltr'><strong>tibi;</strong></span> 
     </span>
    </p>
   </div>
   <div class='ocr_carea' id='block_1_12' title="bbox 293 526 1079 564">
    <p class='ocr_par' dir='ltr' id='par_1_12' title="bbox 293 526 1079 564">
     <span class='ocr_line' id='line_1_12' title="bbox 293 526 1079 564; baseline 0.004 -12"><span class='ocrx_word' id='word_1_67' title='bbox 293 530 320 552; x_wconf 86' lang='lat' dir='ltr'><strong>et</strong></span> <span class='ocrx_word' id='word_1_68' title='bbox 337 526 449 560; x_wconf 81' lang='lat' dir='ltr'><strong>quantis</strong></span> <span class='ocrx_word' id='word_1_69' title='bbox 461 527 571 553; x_wconf 87' lang='lat' dir='ltr'><strong>eosdem</strong></span> <span class='ocrx_word' id='word_1_70' title='bbox 585 527 712 554; x_wconf 90' lang='lat' dir='ltr'><strong>laudibus</strong></span> <span class='ocrx_word' id='word_1_71' title='bbox 726 529 881 559; x_wconf 84' lang='lat' dir='ltr'><strong>ornaveris,</strong></span> <span class='ocrx_word' id='word_1_72' title='bbox 904 529 1028 564; x_wconf 83' lang='lat' dir='ltr'><strong>nihilque</strong></span> <span class='ocrx_word' id='word_1_73' title='bbox 1043 528 1079 555; x_wconf 86' lang='lat' dir='ltr'><strong>ad</strong></span> 
     </span>
    </p>
   </div>
   <div class='ocr_carea' id='block_1_13' title="bbox 293 571 1080 608">
    <p class='ocr_par' dir='ltr' id='par_1_13' title="bbox 293 571 1080 608">
     <span class='ocr_line' id='line_1_13' title="bbox 293 571 1080 608; baseline 0.005 -11"><span class='ocrx_word' id='word_1_74' title='bbox 293 575 320 598; x_wconf 88' lang='lat' dir='ltr'><strong>te</strong></span> <span class='ocrx_word' id='word_1_75' title='bbox 333 571 470 606; x_wconf 87' lang='lat' dir='ltr'><strong>prolocuti</strong></span> <span class='ocrx_word' id='word_1_76' title='bbox 487 576 564 600; x_wconf 86' lang='lat' dir='ltr'><strong>sunt.</strong></span> <span class='ocrx_word' id='word_1_77' title='bbox 584 572 622 599; x_wconf 89' lang='lat' dir='ltr'><strong>Ita</strong></span> <span class='ocrx_word' id='word_1_78' title='bbox 640 577 666 600; x_wconf 91' lang='lat' dir='ltr'><strong>et</strong></span> <span class='ocrx_word' id='word_1_79' title='bbox 682 577 720 604; x_wconf 90' lang='lat' dir='ltr'><strong>tu,</strong></span> <span class='ocrx_word' id='word_1_80' title='bbox 739 572 762 599; x_wconf 90' lang='lat' dir='ltr'><strong>si</strong></span> <span class='ocrx_word' id='word_1_81' title='bbox 773 572 874 600; x_wconf 84' lang='lat' dir='ltr'><strong>salvari</strong></span> <span class='ocrx_word' id='word_1_82' title='bbox 896 573 987 608; x_wconf 88' lang='lat' dir='ltr'><strong>cupis,</strong></span> <span class='ocrx_word' id='word_1_83' title='bbox 1006 581 1080 601; x_wconf 91' lang='lat' dir='ltr'><strong>mor-</strong></span> 
     </span>
    </p>
   </div>
   <div class='ocr_carea' id='block_1_14' title="bbox 293 618 1082 653">
    <p class='ocr_par' dir='ltr' id='par_1_14' title="bbox 293 618 1082 653">
     <span class='ocr_line' id='line_1_14' title="bbox 293 618 1082 653; baseline 0.004 -9"><span class='ocrx_word' id='word_1_84' title='bbox 293 622 358 644; x_wconf 86' lang='lat' dir='ltr'><strong>tuus</strong></span> <span class='ocrx_word' id='word_1_85' title='bbox 385 618 446 650; x_wconf 82' lang='lat' dir='ltr'><strong>fias,</strong></span> <span class='ocrx_word' id='word_1_86' title='bbox 472 625 523 645; x_wconf 90' lang='lat' dir='ltr'><strong>nec</strong></span> <span class='ocrx_word' id='word_1_87' title='bbox 541 619 658 653; x_wconf 81' lang='lat' dir='ltr'><strong>injurias</strong></span> <span class='ocrx_word' id='word_1_88' title='bbox 675 618 827 651; x_wconf 89' lang='lat' dir='ltr'><strong>hominum,</strong></span> <span class='ocrx_word' id='word_1_89' title='bbox 852 627 904 646; x_wconf 92' lang='lat' dir='ltr'><strong>nec</strong></span> <span class='ocrx_word' id='word_1_90' title='bbox 922 619 1018 647; x_wconf 84' lang='lat' dir='ltr'><strong>laudes</strong></span> <span class='ocrx_word' id='word_1_91' title='bbox 1037 627 1082 647; x_wconf 92' lang='lat' dir='ltr'><strong>eo-</strong></span> 
     </span>
    </p>
   </div>
   <div class='ocr_carea' id='block_1_15' title="bbox 294 665 1080 701">
    <p class='ocr_par' dir='ltr' id='par_1_15' title="bbox 294 665 1080 701">
     <span class='ocr_line' id='line_1_15' title="bbox 294 665 1080 701; baseline 0.004 -11"><span class='ocrx_word' id='word_1_92' title='bbox 294 671 354 690; x_wconf 87' lang='lat' dir='ltr'><strong>rum</strong></span> <span class='ocrx_word' id='word_1_93' title='bbox 367 665 482 699; x_wconf 78' lang='lat' dir='ltr'><strong>cogites,</strong></span> <span class='ocrx_word' id='word_1_94' title='bbox 500 665 587 692; x_wconf 88' lang='lat' dir='ltr'><strong>instar</strong></span> <span class='ocrx_word' id='word_1_95' title='bbox 609 671 781 692; x_wconf 88' lang='lat' dir='ltr'><strong>mortuorum</strong></span> <span class='ocrx_word' id='word_1_96' title='bbox 801 674 808 693; x_wconf 88' lang='lat'>:</span> <span class='ocrx_word' id='word_1_97' title='bbox 824 665 865 693; x_wconf 90' lang='lat' dir='ltr'><strong>sic</strong></span> <span class='ocrx_word' id='word_1_98' title='bbox 881 666 954 693; x_wconf 90' lang='lat' dir='ltr'><strong>enim</strong></span> <span class='ocrx_word' id='word_1_99' title='bbox 976 667 1080 701; x_wconf 90' lang='lat' dir='ltr'><strong>poteris</strong></span> 
     </span>
    </p>
   </div>
   <div class='ocr_carea' id='block_1_16' title="bbox 294 709 473 737">
    <p class='ocr_par' dir='ltr' id='par_1_16' title="bbox 294 709 473 737">
     <span class='ocr_line' id='line_1_16' title="bbox 294 709 473 737; baseline 0.011 -2"><span class='ocrx_word' id='word_1_100' title='bbox 294 709 388 736; x_wconf 87' lang='lat' dir='ltr'><strong>salvus</strong></span> <span class='ocrx_word' id='word_1_101' title='bbox 404 710 473 737; x_wconf 81' lang='lat' dir='ltr'><strong>fieri.</strong></span> 
     </span>
    </p>
   </div>
   <div class='ocr_carea' id='block_1_17' title="bbox 328 754 1077 790">
    <p class='ocr_par' dir='ltr' id='par_1_17' title="bbox 328 754 1077 790">
     <span class='ocr_line' id='line_1_17' title="bbox 328 754 1077 790; baseline 0.004 -10"><span class='ocrx_word' id='word_1_102' title='bbox 328 754 372 780; x_wconf 66' lang='lat' dir='ltr'><strong>2t.</strong></span> <span class='ocrx_word' id='word_1_103' title='bbox 394 754 576 782; x_wconf 79' lang='lat' dir='ltr'><strong>Proficiscens</strong></span> <span class='ocrx_word' id='word_1_104' title='bbox 595 755 743 790; x_wconf 82' lang='lat' dir='ltr'><strong>aliquando</strong></span> <span class='ocrx_word' id='word_1_105' title='bbox 761 755 898 783; x_wconf 89' lang='lat' dir='ltr'><strong>Macarius</strong></span> <span class='ocrx_word' id='word_1_106' title='bbox 915 755 999 783; x_wconf 89' lang='lat' dir='ltr'><strong>abbas</strong></span> <span class='ocrx_word' id='word_1_107' title='bbox 1014 762 1077 783; x_wconf 94' lang='lat' dir='ltr'><strong>cum</strong></span> 
     </span>
    </p>
   </div>
   <div class='ocr_carea' id='block_1_18' title="bbox 294 798 1081 835">
    <p class='ocr_par' dir='ltr' id='par_1_18' title="bbox 294 798 1081 835">
     <span class='ocr_line' id='line_1_18' title="bbox 294 798 1081 835; baseline 0.004 -10"><span class='ocrx_word' id='word_1_108' title='bbox 294 799 423 828; x_wconf 79' lang='lat' dir='ltr'><strong>fratribus</strong></span> <span class='ocrx_word' id='word_1_109' title='bbox 438 805 489 833; x_wconf 85' lang='lat' dir='ltr'><strong>per</strong></span> <span class='ocrx_word' id='word_1_110' title='bbox 500 798 649 835; x_wconf 78' lang='lat' dir='ltr'><strong>Aegyptum</strong></span> <span class='ocrx_word' id='word_1_111' title='bbox 666 808 780 835; x_wconf 90' lang='lat' dir='ltr'><strong>puerum</strong></span> <span class='ocrx_word' id='word_1_112' title='bbox 795 801 900 828; x_wconf 84' lang='lat' dir='ltr'><strong>audivit</strong></span> <span class='ocrx_word' id='word_1_113' title='bbox 916 801 996 827; x_wconf 88' lang='lat' dir='ltr'><strong>matri</strong></span> <span class='ocrx_word' id='word_1_114' title='bbox 1014 807 1081 828; x_wconf 85' lang='lat' dir='ltr'><strong>suae</strong></span> 
     </span>
    </p>
   </div>
   <div class='ocr_carea' id='block_1_19' title="bbox 294 845 1081 882">
    <p class='ocr_par' dir='ltr' id='par_1_19' title="bbox 294 845 1081 882">
     <span class='ocr_line' id='line_1_19' title="bbox 294 845 1081 882; baseline 0.005 -11"><span class='ocrx_word' id='word_1_115' title='bbox 294 845 332 872; x_wconf 86' lang='lat' dir='ltr'><strong>ita</strong></span> <span class='ocrx_word' id='word_1_116' title='bbox 351 845 507 880; x_wconf 83' lang='lat' dir='ltr'><strong>loquentem</strong></span> <span class='ocrx_word' id='word_1_117' title='bbox 525 855 531 873; x_wconf 91' lang='lat'>:</span> <span class='ocrx_word' id='word_1_118' title='bbox 546 846 642 879; x_wconf 88' lang='lat' dir='ltr'><strong>Mater,</strong></span> <span class='ocrx_word' id='word_1_119' title='bbox 660 846 737 874; x_wconf 87' lang='lat' dir='ltr'><strong>dives</strong></span> <span class='ocrx_word' id='word_1_120' title='bbox 752 846 864 882; x_wconf 89' lang='lat' dir='ltr'><strong>quidam</strong></span> <span class='ocrx_word' id='word_1_121' title='bbox 881 846 971 882; x_wconf 76' lang='lat' dir='ltr'><strong>diligit</strong></span> <span class='ocrx_word' id='word_1_122' title='bbox 984 854 1040 879; x_wconf 87' lang='lat' dir='ltr'><strong>me,</strong></span> <span class='ocrx_word' id='word_1_123' title='bbox 1052 851 1081 875; x_wconf 89' lang='lat' dir='ltr'><strong>et</strong></span> 
     </span>
    </p>
   </div>
   <div class='ocr_carea' id='block_1_20' title="bbox 1135 255 1920 292">
    <p class='ocr_par' dir='ltr' id='par_1_20' title="bbox 1135 255 1920 292">
     <span class='ocr_line' id='line_1_20' title="bbox 1135 255 1920 292; baseline 0.004 -11"><span class='ocrx_word' id='word_1_124' title='bbox 1135 255 1215 282; x_wconf 77' lang='grc' dir='ltr'>πάλιν</span> <span class='ocrx_word' id='word_1_125' title='bbox 1240 255 1344 292; x_wconf 75' lang='grc' dir='ltr'>αὔριον,</span> <span class='ocrx_word' id='word_1_126' title='bbox 1365 257 1413 283; x_wconf 74' lang='grc' dir='ltr'>καὶ</span> <span class='ocrx_word' id='word_1_127' title='bbox 1433 257 1544 290; x_wconf 77' lang='grc' dir='ltr'>δόξασον</span> <span class='ocrx_word' id='word_1_128' title='bbox 1564 257 1673 289; x_wconf 73' lang='grc' dir='ltr'>αὐτούς.</span> <span class='ocrx_word' id='word_1_129' title='bbox 1696 256 1821 284; x_wconf 86' lang='grc' dir='ltr'>ἀπελθὼν</span> <span class='ocrx_word' id='word_1_130' title='bbox 1844 256 1890 285; x_wconf 72' lang='grc' dir='ltr'>οὖν</span> <span class='ocrx_word' id='word_1_131' title='bbox 1905 259 1920 285; x_wconf 84' lang='grc' dir='ltr'>ὁ</span> 
     </span>
    </p>
   </div>
   <div class='ocr_carea' id='block_1_21' title="bbox 1134 301 1918 335">
    <p class='ocr_par' dir='ltr' id='par_1_21' title="bbox 1134 301 1918 335">
     <span class='ocr_line' id='line_1_21' title="bbox 1134 301 1918 335; baseline 0.001 -8"><span class='ocrx_word' id='word_1_132' title='bbox 1134 301 1248 335; x_wconf 78' lang='grc' dir='ltr'>ἀδελφὸς</span> <span class='ocrx_word' id='word_1_133' title='bbox 1264 301 1388 334; x_wconf 80' lang='grc' dir='ltr'><strong>ἐδόξασεν</strong></span> <span class='ocrx_word' id='word_1_134' title='bbox 1415 302 1513 333; x_wconf 72' lang='grc' dir='ltr'>αὐτοὺς</span> <span class='ocrx_word' id='word_1_135' title='bbox 1535 301 1621 335; x_wconf 83' lang='grc' dir='ltr'>λέγων</span> <span class='ocrx_word' id='word_1_136' title='bbox 1634 310 1641 317; x_wconf 91' lang='grc'>·</span> <span class='ocrx_word' id='word_1_137' title='bbox 1657 301 1811 334; x_wconf 82' lang='grc' dir='ltr'>ἀπόστολοι,</span> <span class='ocrx_word' id='word_1_138' title='bbox 1836 302 1918 335; x_wconf 80' lang='grc' dir='ltr'>ἆγιοι,</span> 
     </span>
    </p>
   </div>
   <div class='ocr_carea' id='block_1_22' title="bbox 1133 345 1919 385">
    <p class='ocr_par' dir='ltr' id='par_1_22' title="bbox 1133 345 1919 385">
     <span class='ocr_line' id='line_1_22' title="bbox 1133 345 1919 385; baseline -0.003 -10"><span class='ocrx_word' id='word_1_139' title='bbox 1133 349 1182 375; x_wconf 74' lang='grc' dir='ltr'>καὶ</span> <span class='ocrx_word' id='word_1_140' title='bbox 1201 349 1316 376; x_wconf 59' lang='grc' dir='ltr'>δίκαιον</span> <span class='ocrx_word' id='word_1_141' title='bbox 1328 350 1376 376; x_wconf 80' lang='grc' dir='ltr'>καὶ</span> <span class='ocrx_word' id='word_1_142' title='bbox 1389 347 1455 385; x_wconf 82' lang='grc' dir='ltr'>ἦλθε</span> <span class='ocrx_word' id='word_1_143' title='bbox 1480 349 1546 384; x_wconf 82' lang='grc' dir='ltr'>πρὸς</span> <span class='ocrx_word' id='word_1_144' title='bbox 1568 349 1614 376; x_wconf 85' lang='grc' dir='ltr'>τὸν</span> <span class='ocrx_word' id='word_1_145' title='bbox 1636 348 1762 384; x_wconf 83' lang='grc' dir='ltr'>γέροντα,</span> <span class='ocrx_word' id='word_1_146' title='bbox 1780 349 1827 374; x_wconf 76' lang='grc' dir='ltr'>καὶ</span> <span class='ocrx_word' id='word_1_147' title='bbox 1843 345 1919 373; x_wconf 86' lang='grc' dir='ltr'>εἶπεν</span> 
     </span>
    </p>
   </div>
   <div class='ocr_carea' id='block_1_23' title="bbox 1133 392 1921 430">
    <p class='ocr_par' dir='ltr' id='par_1_23' title="bbox 1133 392 1921 430">
     <span class='ocr_line' id='line_1_23' title="bbox 1133 392 1921 430; baseline -0.001 -10"><span class='ocrx_word' id='word_1_148' title='bbox 1133 393 1208 430; x_wconf 85' lang='grc' dir='ltr'><strong>αὑτῷ</strong></span> <span class='ocrx_word' id='word_1_149' title='bbox 1218 402 1225 410; x_wconf 91' lang='lat'>&#39;</span> <span class='ocrx_word' id='word_1_150' title='bbox 1242 395 1365 428; x_wconf 73' lang='grc' dir='ltr'>ἐδόξασα.</span> <span class='ocrx_word' id='word_1_151' title='bbox 1377 396 1424 422; x_wconf 72' lang='grc' dir='ltr'><strong>καὶ</strong></span> <span class='ocrx_word' id='word_1_152' title='bbox 1437 395 1510 429; x_wconf 86' lang='grc' dir='ltr'>λέγει</span> <span class='ocrx_word' id='word_1_153' title='bbox 1525 394 1600 430; x_wconf 80' lang='grc' dir='ltr'>αὐτῷ</span> <span class='ocrx_word' id='word_1_154' title='bbox 1610 403 1616 410; x_wconf 66' lang='grc' dir='ltr'><em>υ</em></span> <span class='ocrx_word' id='word_1_155' title='bbox 1628 394 1705 421; x_wconf 77' lang='grc' dir='ltr'>οὐδέν</span> <span class='ocrx_word' id='word_1_156' title='bbox 1716 402 1757 420; x_wconf 88' lang='grc' dir='ltr'><strong>σοι</strong></span> <span class='ocrx_word' id='word_1_157' title='bbox 1768 392 1921 428; x_wconf 75' lang='grc' dir='ltr'>ἀπεκρίθη-</span> 
     </span>
    </p>
   </div>
   <div class='ocr_carea' id='block_1_24' title="bbox 1134 436 1920 476">
    <p class='ocr_par' dir='ltr' id='par_1_24' title="bbox 1134 436 1920 476">
     <span class='ocr_line' id='line_1_24' title="bbox 1134 436 1920 476; baseline -0.003 -9"><span class='ocrx_word' id='word_1_158' title='bbox 1134 449 1199 473; x_wconf 89' lang='grc' dir='ltr'>σαν;</span> <span class='ocrx_word' id='word_1_159' title='bbox 1213 440 1263 476; x_wconf 71' lang='grc' dir='ltr'><strong>ἔφη</strong></span> <span class='ocrx_word' id='word_1_160' title='bbox 1275 441 1289 467; x_wconf 88' lang='grc' dir='ltr'><em>ὁ</em></span> <span class='ocrx_word' id='word_1_161' title='bbox 1302 440 1414 475; x_wconf 80' lang='grc' dir='ltr'>ἀδελφός</span> <span class='ocrx_word' id='word_1_162' title='bbox 1423 449 1429 455; x_wconf 90' lang='grc'><strong>·</strong></span> <span class='ocrx_word' id='word_1_163' title='bbox 1447 441 1516 476; x_wconf 79' lang='grc' dir='ltr'>οὐχί.</span> <span class='ocrx_word' id='word_1_164' title='bbox 1532 441 1606 475; x_wconf 81' lang='grc' dir='ltr'>λέγει</span> <span class='ocrx_word' id='word_1_165' title='bbox 1620 439 1694 475; x_wconf 80' lang='grc' dir='ltr'>αὐτῷ</span> <span class='ocrx_word' id='word_1_166' title='bbox 1704 441 1718 467; x_wconf 82' lang='grc' dir='ltr'>ὁ</span> <span class='ocrx_word' id='word_1_167' title='bbox 1729 440 1831 475; x_wconf 80' lang='grc' dir='ltr'>γέρων·</span> <span class='ocrx_word' id='word_1_168' title='bbox 1847 436 1920 470; x_wconf 78' lang='grc' dir='ltr'>οἶδας</span> 
     </span>
    </p>
   </div>
   <div class='ocr_carea' id='block_1_25' title="bbox 1134 483 1920 522">
    <p class='ocr_par' dir='ltr' id='par_1_25' title="bbox 1134 483 1920 522">
     <span class='ocr_line' id='line_1_25' title="bbox 1134 483 1920 522; baseline -0.004 -9"><span class='ocrx_word' id='word_1_169' title='bbox 1134 485 1207 513; x_wconf 83' lang='grc' dir='ltr'>πόσα</span> <span class='ocrx_word' id='word_1_170' title='bbox 1223 487 1359 522; x_wconf 73' lang='grc' dir='ltr'>ὴτίμασας</span> <span class='ocrx_word' id='word_1_171' title='bbox 1372 487 1480 518; x_wconf 82' lang='grc' dir='ltr'>αὐτούς,</span> <span class='ocrx_word' id='word_1_172' title='bbox 1499 486 1546 513; x_wconf 80' lang='grc' dir='ltr'>καὶ</span> <span class='ocrx_word' id='word_1_173' title='bbox 1561 486 1637 513; x_wconf 78' lang='grc' dir='ltr'>οὐδὲν</span> <span class='ocrx_word' id='word_1_174' title='bbox 1656 485 1855 521; x_wconf 83' lang='grc' dir='ltr'>ἀπεκρίθησαν,</span> <span class='ocrx_word' id='word_1_175' title='bbox 1873 483 1920 511; x_wconf 79' lang='grc' dir='ltr'>καὶ</span> 
     </span>
    </p>
   </div>
   <div class='ocr_carea' id='block_1_26' title="bbox 1134 529 1920 566">
    <p class='ocr_par' dir='ltr' id='par_1_26' title="bbox 1134 529 1920 566">
     <span class='ocr_line' id='line_1_26' title="bbox 1134 529 1920 566; baseline -0.004 -8"><span class='ocrx_word' id='word_1_176' title='bbox 1134 530 1206 557; x_wconf 88' lang='grc' dir='ltr'>πόσα</span> <span class='ocrx_word' id='word_1_177' title='bbox 1221 531 1349 563; x_wconf 80' lang='grc' dir='ltr'>ἐδόξασας</span> <span class='ocrx_word' id='word_1_178' title='bbox 1369 531 1478 565; x_wconf 74' lang='grc' dir='ltr'>αὐτούς,</span> <span class='ocrx_word' id='word_1_179' title='bbox 1495 531 1542 558; x_wconf 84' lang='grc' dir='ltr'>καὶ</span> <span class='ocrx_word' id='word_1_180' title='bbox 1558 530 1633 558; x_wconf 80' lang='grc' dir='ltr'>οὐδέν</span> <span class='ocrx_word' id='word_1_181' title='bbox 1651 539 1692 557; x_wconf 86' lang='grc' dir='ltr'><strong>σοι</strong></span> <span class='ocrx_word' id='word_1_182' title='bbox 1708 530 1851 566; x_wconf 76' lang='grc' dir='ltr'>ἐλάλησαν.</span> <span class='ocrx_word' id='word_1_183' title='bbox 1874 529 1920 555; x_wconf 79' lang='grc' dir='ltr'><strong>οὖ-</strong></span> 
     </span>
    </p>
   </div>
   <div class='ocr_carea' id='block_1_27' title="bbox 1132 575 1918 612">
    <p class='ocr_par' dir='ltr' id='par_1_27' title="bbox 1132 575 1918 612">
     <span class='ocr_line' id='line_1_27' title="bbox 1132 575 1918 612; baseline -0.001 -10"><span class='ocrx_word' id='word_1_184' title='bbox 1132 585 1187 608; x_wconf 78' lang='grc' dir='ltr'><strong>τως</strong></span> <span class='ocrx_word' id='word_1_185' title='bbox 1200 577 1247 603; x_wconf 79' lang='grc' dir='ltr'>καὶ</span> <span class='ocrx_word' id='word_1_186' title='bbox 1261 578 1306 608; x_wconf 81' lang='grc' dir='ltr'><strong>σύ.</strong></span> <span class='ocrx_word' id='word_1_187' title='bbox 1321 576 1369 604; x_wconf 83' lang='grc' dir='ltr'>ἐὰν</span> <span class='ocrx_word' id='word_1_188' title='bbox 1381 577 1459 612; x_wconf 82' lang='grc' dir='ltr'>θέλῃς</span> <span class='ocrx_word' id='word_1_189' title='bbox 1482 577 1610 612; x_wconf 77' lang='grc' dir='ltr'>σωθῆναι,</span> <span class='ocrx_word' id='word_1_190' title='bbox 1624 575 1701 610; x_wconf 81' lang='grc' dir='ltr'>γενοῦ</span> <span class='ocrx_word' id='word_1_191' title='bbox 1723 576 1833 611; x_wconf 65' lang='grc' dir='ltr'>νεκρόςυ</span> <span class='ocrx_word' id='word_1_192' title='bbox 1850 575 1918 610; x_wconf 84' lang='grc' dir='ltr'>μήτε</span> 
     </span>
    </p>
   </div>
   <div class='ocr_carea' id='block_1_28' title="bbox 1134 619 1919 657">
    <p class='ocr_par' dir='ltr' id='par_1_28' title="bbox 1134 619 1919 657">
     <span class='ocr_line' id='line_1_28' title="bbox 1134 619 1919 657; baseline -0.004 -9"><span class='ocrx_word' id='word_1_193' title='bbox 1134 621 1183 656; x_wconf 80' lang='grc' dir='ltr'>τὴν</span> <span class='ocrx_word' id='word_1_194' title='bbox 1199 621 1306 648; x_wconf 80' lang='grc' dir='ltr'>ἀδικίαν</span> <span class='ocrx_word' id='word_1_195' title='bbox 1323 622 1377 648; x_wconf 88' lang='grc' dir='ltr'><strong>τῶν</strong></span> <span class='ocrx_word' id='word_1_196' title='bbox 1395 621 1556 657; x_wconf 82' lang='grc' dir='ltr'>ἀνθρώπων,</span> <span class='ocrx_word' id='word_1_197' title='bbox 1582 622 1649 657; x_wconf 86' lang='grc' dir='ltr'>μήτε</span> <span class='ocrx_word' id='word_1_198' title='bbox 1669 620 1719 656; x_wconf 86' lang='grc' dir='ltr'>τὴν</span> <span class='ocrx_word' id='word_1_199' title='bbox 1733 619 1810 652; x_wconf 77' lang='grc' dir='ltr'>δόξαν</span> <span class='ocrx_word' id='word_1_200' title='bbox 1830 619 1919 646; x_wconf 83' lang='grc' dir='ltr'>αὐτῶν</span> 
     </span>
    </p>
   </div>
   <div class='ocr_carea' id='block_1_29' title="bbox 1133 665 1840 703">
    <p class='ocr_par' dir='ltr' id='par_1_29' title="bbox 1133 665 1840 703">
     <span class='ocr_line' id='line_1_29' title="bbox 1133 665 1840 703; baseline 0 -11"><span class='ocrx_word' id='word_1_201' title='bbox 1133 666 1238 702; x_wconf 80' lang='grc' dir='ltr'>λογισῃ,</span> <span class='ocrx_word' id='word_1_202' title='bbox 1252 667 1290 698; x_wconf 82' lang='grc' dir='ltr'>ὡς</span> <span class='ocrx_word' id='word_1_203' title='bbox 1304 667 1328 694; x_wconf 81' lang='grc' dir='ltr'>οἱ</span> <span class='ocrx_word' id='word_1_204' title='bbox 1342 668 1433 703; x_wconf 83' lang='grc' dir='ltr'>νεκροί</span> <span class='ocrx_word' id='word_1_205' title='bbox 1445 677 1451 683; x_wconf 94' lang='grc'><strong>·</strong></span> <span class='ocrx_word' id='word_1_206' title='bbox 1467 668 1514 694; x_wconf 72' lang='grc' dir='ltr'>καὶ</span> <span class='ocrx_word' id='word_1_207' title='bbox 1525 667 1638 694; x_wconf 79' lang='grc' dir='ltr'>δύνασαι</span> <span class='ocrx_word' id='word_1_208' title='bbox 1654 666 1774 701; x_wconf 87' lang='grc' dir='ltr'>σωθῆναι</span> <span class='ocrx_word' id='word_1_209' title='bbox 1790 665 1840 701; x_wconf 82' lang='grc' dir='ltr'><strong>(α).</strong></span> 
     </span>
    </p>
   </div>
   <div class='ocr_carea' id='block_1_30' title="bbox 1167 753 1919 791">
    <p class='ocr_par' dir='ltr' id='par_1_30' title="bbox 1167 753 1919 791">
     <span class='ocr_line' id='line_1_30' title="bbox 1167 753 1919 791; baseline -0.004 -8"><span class='ocrx_word' id='word_1_210' title='bbox 1167 755 1213 783; x_wconf 66' lang='grc' dir='ltr'><strong>ει.</strong></span> <span class='ocrx_word' id='word_1_211' title='bbox 1236 756 1443 791; x_wconf 81' lang='grc' dir='ltr'>Παρερχόμενὸς</span> <span class='ocrx_word' id='word_1_212' title='bbox 1465 762 1530 781; x_wconf 84' lang='grc' dir='ltr'>ποτε</span> <span class='ocrx_word' id='word_1_213' title='bbox 1545 756 1559 781; x_wconf 82' lang='grc' dir='ltr'>ὁ</span> <span class='ocrx_word' id='word_1_214' title='bbox 1575 754 1662 786; x_wconf 75' lang='grc' dir='ltr'>ἀϐεᾶς</span> <span class='ocrx_word' id='word_1_215' title='bbox 1686 753 1828 789; x_wconf 80' lang='grc' dir='ltr'><strong>Μακάριος</strong></span> <span class='ocrx_word' id='word_1_216' title='bbox 1850 754 1919 788; x_wconf 81' lang='grc' dir='ltr'><strong>μετά</strong></span> 
     </span>
    </p>
   </div>
   <div class='ocr_carea' id='block_1_31' title="bbox 1133 799 1919 836">
    <p class='ocr_par' dir='ltr' id='par_1_31' title="bbox 1133 799 1919 836">
     <span class='ocr_line' id='line_1_31' title="bbox 1133 799 1919 836; baseline -0.003 -9"><span class='ocrx_word' id='word_1_217' title='bbox 1133 801 1254 835; x_wconf 77' lang='grc' dir='ltr'><strong>ἀδελφῶν</strong></span> <span class='ocrx_word' id='word_1_218' title='bbox 1275 801 1319 827; x_wconf 74' lang='grc' dir='ltr'>διὰ</span> <span class='ocrx_word' id='word_1_219' title='bbox 1338 801 1387 835; x_wconf 80' lang='grc' dir='ltr'>τῆς</span> <span class='ocrx_word' id='word_1_220' title='bbox 1399 800 1548 834; x_wconf 76' lang='grc' dir='ltr'><strong>Αἰγύπτου,</strong></span> <span class='ocrx_word' id='word_1_221' title='bbox 1563 801 1661 836; x_wconf 74' lang='grc' dir='ltr'>ἦκουσε</span> <span class='ocrx_word' id='word_1_222' title='bbox 1675 800 1780 826; x_wconf 75' lang='grc' dir='ltr'>παιδίου</span> <span class='ocrx_word' id='word_1_223' title='bbox 1795 799 1919 834; x_wconf 84' lang='grc' dir='ltr'>λέγοντος</span> 
     </span>
    </p>
   </div>
   <div class='ocr_carea' id='block_1_32' title="bbox 1133 846 1919 882">
    <p class='ocr_par' dir='ltr' id='par_1_32' title="bbox 1133 846 1919 882">
     <span class='ocr_line' id='line_1_32' title="bbox 1133 846 1919 882; baseline -0.001 -9"><span class='ocrx_word' id='word_1_224' title='bbox 1133 848 1165 882; x_wconf 81' lang='grc' dir='ltr'>τῇ</span> <span class='ocrx_word' id='word_1_225' title='bbox 1181 847 1265 882; x_wconf 70' lang='grc' dir='ltr'>μητρὶ</span> <span class='ocrx_word' id='word_1_226' title='bbox 1281 847 1363 873; x_wconf 83' lang='grc' dir='ltr'>αὑτοῦ</span> <span class='ocrx_word' id='word_1_227' title='bbox 1374 855 1381 862; x_wconf 91' lang='grc'>·</span> <span class='ocrx_word' id='word_1_228' title='bbox 1397 847 1488 882; x_wconf 82' lang='grc' dir='ltr'>ἀμμᾶ,</span> <span class='ocrx_word' id='word_1_229' title='bbox 1505 846 1631 878; x_wconf 80' lang='grc' dir='ltr'>πλούσιός</span> <span class='ocrx_word' id='word_1_230' title='bbox 1642 854 1683 878; x_wconf 85' lang='grc' dir='ltr'><strong>τις</strong></span> <span class='ocrx_word' id='word_1_231' title='bbox 1701 846 1796 881; x_wconf 81' lang='grc' dir='ltr'>ἀγαπᾷ</span> <span class='ocrx_word' id='word_1_232' title='bbox 1813 854 1855 881; x_wconf 86' lang='grc' dir='ltr'>με,</span> <span class='ocrx_word' id='word_1_233' title='bbox 1871 846 1919 872; x_wconf 79' lang='grc' dir='ltr'>καὶ</span> 
     </span>
    </p>
   </div>
   <div class='ocr_carea' id='block_1_33' title="bbox 293 886 1090 928">
    <p class='ocr_par' dir='ltr' id='par_1_33' title="bbox 293 891 1080 928">
     <span class='ocr_line' id='line_1_33' title="bbox 293 891 1080 928; baseline 0.003 -10"><span class='ocrx_word' id='word_1_234' title='bbox 293 891 339 918; x_wconf 86' lang='lat' dir='ltr'><strong>odi</strong></span> <span class='ocrx_word' id='word_1_235' title='bbox 352 899 429 925; x_wconf 88' lang='lat' dir='ltr'><strong>eum;</strong></span> <span class='ocrx_word' id='word_1_236' title='bbox 444 900 548 928; x_wconf 87' lang='lat' dir='ltr'><strong>pauper</strong></span> <span class='ocrx_word' id='word_1_237' title='bbox 564 900 629 920; x_wconf 90' lang='lat' dir='ltr'><strong>vero</strong></span> <span class='ocrx_word' id='word_1_238' title='bbox 645 892 703 920; x_wconf 89' lang='lat' dir='ltr'><strong>odit</strong></span> <span class='ocrx_word' id='word_1_239' title='bbox 718 900 771 925; x_wconf 90' lang='lat' dir='ltr'><strong>me,</strong></span> <span class='ocrx_word' id='word_1_240' title='bbox 793 897 820 920; x_wconf 88' lang='lat' dir='ltr'><strong>et</strong></span> <span class='ocrx_word' id='word_1_241' title='bbox 832 892 916 928; x_wconf 78' lang='lat' dir='ltr'><strong>diligo</strong></span> <span class='ocrx_word' id='word_1_242' title='bbox 932 901 1004 920; x_wconf 88' lang='lat' dir='ltr'><strong>eum.</strong></span> <span class='ocrx_word' id='word_1_243' title='bbox 1019 892 1080 926; x_wconf 83' lang='lat' dir='ltr'><strong>Quo</strong></span> 
     </span>
    </p>
   </div>
   <div class='ocr_carea' id='block_1_34' title="bbox 1131 886 1916 928">
    <p class='ocr_par' dir='ltr' id='par_1_34' title="bbox 1136 891 1916 928">
     <span class='ocr_line' id='line_1_34' title="bbox 1136 891 1916 928; baseline -0.003 -9"><span class='ocrx_word' id='word_1_244' title='bbox 1136 892 1206 928; x_wconf 86' lang='grc' dir='ltr'>μισῶ</span> <span class='ocrx_word' id='word_1_245' title='bbox 1220 892 1315 919; x_wconf 80' lang='grc' dir='ltr'>αὐτόν’</span> <span class='ocrx_word' id='word_1_246' title='bbox 1332 893 1378 920; x_wconf 63' lang='grc' dir='ltr'><strong>καὶ⁵</strong></span> <span class='ocrx_word' id='word_1_247' title='bbox 1388 893 1494 928; x_wconf 82' lang='grc' dir='ltr'>πτωχὸς</span> <span class='ocrx_word' id='word_1_248' title='bbox 1512 894 1584 928; x_wconf 87' lang='grc' dir='ltr'><strong>μισεί</strong></span> <span class='ocrx_word' id='word_1_249' title='bbox 1597 901 1640 928; x_wconf 91' lang='grc' dir='ltr'>με,</span> <span class='ocrx_word' id='word_1_250' title='bbox 1652 892 1698 919; x_wconf 78' lang='grc' dir='ltr'><strong>καὶ</strong></span> <span class='ocrx_word' id='word_1_251' title='bbox 1715 891 1814 926; x_wconf 81' lang='grc' dir='ltr'>ἀγαπῶ</span> <span class='ocrx_word' id='word_1_252' title='bbox 1826 891 1916 918; x_wconf 77' lang='grc' dir='ltr'>αὐτόν,</span> 
     </span>
    </p>
   </div>
   <div class='ocr_carea' id='block_1_35' title="bbox 293 937 1079 967">
    <p class='ocr_par' dir='ltr' id='par_1_35' title="bbox 293 937 1079 967">
     <span class='ocr_line' id='line_1_35' title="bbox 293 937 1079 967; baseline 0.005 -5"><span class='ocrx_word' id='word_1_253' title='bbox 293 937 388 964; x_wconf 89' lang='lat' dir='ltr'><strong>audito</strong></span> <span class='ocrx_word' id='word_1_254' title='bbox 400 945 526 966; x_wconf 85' lang='lat' dir='ltr'><strong>sermone</strong></span> <span class='ocrx_word' id='word_1_255' title='bbox 537 937 670 966; x_wconf 81' lang='lat' dir='ltr'><strong>Macarius</strong></span> <span class='ocrx_word' id='word_1_256' title='bbox 680 938 764 966; x_wconf 83' lang='lat' dir='ltr'><strong>abbas</strong></span> <span class='ocrx_word' id='word_1_257' title='bbox 780 939 934 966; x_wconf 86' lang='lat' dir='ltr'><strong>admiratus</strong></span> <span class='ocrx_word' id='word_1_258' title='bbox 943 942 995 967; x_wconf 88' lang='lat' dir='ltr'><strong>est.</strong></span> <span class='ocrx_word' id='word_1_259' title='bbox 1008 938 1079 966; x_wconf 90' lang='lat' dir='ltr'><strong>Tum</strong></span> 
     </span>
    </p>
   </div>
   <div class='ocr_carea' id='block_1_36' title="bbox 292 979 1080 1020">
    <p class='ocr_par' dir='ltr' id='par_1_36' title="bbox 292 979 1080 1020">
     <span class='ocr_line' id='line_1_36' title="bbox 292 979 1080 1020; baseline 0.001 -10"><span class='ocrx_word' id='word_1_260' title='bbox 292 979 395 1011; x_wconf 79' lang='lat' dir='ltr'><strong>fratres</strong></span> <span class='ocrx_word' id='word_1_261' title='bbox 411 993 418 1012; x_wconf 88' lang='lat'><strong>:</strong></span> <span class='ocrx_word' id='word_1_262' title='bbox 438 984 521 1016; x_wconf 84' lang='lat' dir='ltr'><strong>Quid,</strong></span> <span class='ocrx_word' id='word_1_263' title='bbox 536 985 676 1020; x_wconf 84' lang='lat' dir='ltr'><strong>inquiunt,</strong></span> <span class='ocrx_word' id='word_1_264' title='bbox 696 985 748 1012; x_wconf 89' lang='lat' dir='ltr'><strong>hoc</strong></span> <span class='ocrx_word' id='word_1_265' title='bbox 759 985 836 1012; x_wconf 82' lang='lat' dir='ltr'><strong>verbi</strong></span> <span class='ocrx_word' id='word_1_266' title='bbox 844 989 897 1018; x_wconf 77' lang='lat' dir='ltr'><strong>est,</strong></span> <span class='ocrx_word' id='word_1_267' title='bbox 907 989 995 1020; x_wconf 85' lang='lat' dir='ltr'><strong>pater,</strong></span> <span class='ocrx_word' id='word_1_268' title='bbox 1006 984 1080 1020; x_wconf 88' lang='lat' dir='ltr'><strong>quod</strong></span> 
     </span>
    </p>
   </div>
   <div class='ocr_carea' id='block_1_37' title="bbox 294 1028 1080 1064">
    <p class='ocr_par' dir='ltr' id='par_1_37' title="bbox 294 1028 1080 1064">
     <span class='ocr_line' id='line_1_37' title="bbox 294 1028 1080 1064; baseline 0 -8"><span class='ocrx_word' id='word_1_269' title='bbox 294 1029 458 1056; x_wconf 83' lang='lat' dir='ltr'><strong>admireris?</strong></span> <span class='ocrx_word' id='word_1_270' title='bbox 475 1029 564 1057; x_wconf 78' lang='lat' dir='ltr'><strong>Senex</strong></span> <span class='ocrx_word' id='word_1_271' title='bbox 581 1029 723 1064; x_wconf 87' lang='lat' dir='ltr'><strong>respondit</strong></span> <span class='ocrx_word' id='word_1_272' title='bbox 738 1039 743 1056; x_wconf 96' lang='lat'>:</span> <span class='ocrx_word' id='word_1_273' title='bbox 757 1028 862 1056; x_wconf 74' lang='lat' dir='ltr'><strong>Revera</strong></span> <span class='ocrx_word' id='word_1_274' title='bbox 882 1029 1014 1057; x_wconf 87' lang='lat' dir='ltr'><strong>Dominus</strong></span> <span class='ocrx_word' id='word_1_275' title='bbox 1031 1037 1080 1056; x_wconf 94' lang='lat' dir='ltr'><strong>no-</strong></span> 
     </span>
    </p>
   </div>
   <div class='ocr_carea' id='block_1_38' title="bbox 293 1074 1079 1110">
    <p class='ocr_par' dir='ltr' id='par_1_38' title="bbox 293 1074 1079 1110">
     <span class='ocr_line' id='line_1_38' title="bbox 293 1074 1079 1110; baseline 0 -8"><span class='ocrx_word' id='word_1_276' title='bbox 293 1080 351 1102; x_wconf 89' lang='lat' dir='ltr'><strong>ster</strong></span> <span class='ocrx_word' id='word_1_277' title='bbox 364 1074 440 1102; x_wconf 88' lang='lat' dir='ltr'><strong>dives</strong></span> <span class='ocrx_word' id='word_1_278' title='bbox 455 1078 508 1107; x_wconf 83' lang='lat' dir='ltr'><strong>est,</strong></span> <span class='ocrx_word' id='word_1_279' title='bbox 519 1078 546 1102; x_wconf 89' lang='lat' dir='ltr'><strong>et</strong></span> <span class='ocrx_word' id='word_1_280' title='bbox 562 1074 651 1110; x_wconf 79' lang='lat' dir='ltr'><strong>diligit</strong></span> <span class='ocrx_word' id='word_1_281' title='bbox 672 1082 734 1107; x_wconf 86' lang='lat' dir='ltr'><strong>nos,</strong></span> <span class='ocrx_word' id='word_1_282' title='bbox 761 1075 814 1110; x_wconf 87' lang='lat' dir='ltr'><strong>ipsi</strong></span> <span class='ocrx_word' id='word_1_283' title='bbox 838 1078 929 1102; x_wconf 83' lang='lat' dir='ltr'><strong>autent</strong></span> <span class='ocrx_word' id='word_1_284' title='bbox 949 1075 1079 1103; x_wconf 88' lang='lat' dir='ltr'><strong>nolumus</strong></span> 
     </span>
    </p>
   </div>
   <div class='ocr_carea' id='block_1_39' title="bbox 293 1121 1079 1155">
    <p class='ocr_par' dir='ltr' id='par_1_39' title="bbox 293 1121 1079 1155">
     <span class='ocr_line' id='line_1_39' title="bbox 293 1121 1079 1155; baseline 0 -7"><span class='ocrx_word' id='word_1_285' title='bbox 293 1121 318 1148; x_wconf 87' lang='lat' dir='ltr'><strong>ei</strong></span> <span class='ocrx_word' id='word_1_286' title='bbox 340 1121 546 1155; x_wconf 88' lang='lat' dir='ltr'><strong>obtemperare;</strong></span> <span class='ocrx_word' id='word_1_287' title='bbox 576 1121 705 1148; x_wconf 89' lang='lat' dir='ltr'><strong>inimicus</strong></span> <span class='ocrx_word' id='word_1_288' title='bbox 725 1125 822 1148; x_wconf 89' lang='lat' dir='ltr'><strong>contra</strong></span> <span class='ocrx_word' id='word_1_289' title='bbox 842 1125 936 1148; x_wconf 87' lang='lat' dir='ltr'><strong>noster</strong></span> <span class='ocrx_word' id='word_1_290' title='bbox 954 1121 1079 1148; x_wconf 85' lang='lat' dir='ltr'><strong>diabolus</strong></span> 
     </span>
    </p>
   </div>
   <div class='ocr_carea' id='block_1_40' title="bbox 294 1167 1080 1202">
    <p class='ocr_par' dir='ltr' id='par_1_40' title="bbox 294 1167 1080 1202">
     <span class='ocr_line' id='line_1_40' title="bbox 294 1167 1080 1202; baseline 0 -8"><span class='ocrx_word' id='word_1_291' title='bbox 294 1175 398 1202; x_wconf 84' lang='lat' dir='ltr'><strong>pauper</strong></span> <span class='ocrx_word' id='word_1_292' title='bbox 419 1171 472 1198; x_wconf 82' lang='lat' dir='ltr'><strong>est,</strong></span> <span class='ocrx_word' id='word_1_293' title='bbox 484 1167 595 1202; x_wconf 81' lang='lat' dir='ltr'><strong>oditque.</strong></span> <span class='ocrx_word' id='word_1_294' title='bbox 611 1174 673 1198; x_wconf 88' lang='lat' dir='ltr'><strong>nos,</strong></span> <span class='ocrx_word' id='word_1_295' title='bbox 685 1170 713 1194; x_wconf 88' lang='lat' dir='ltr'><strong>et</strong></span> <span class='ocrx_word' id='word_1_296' title='bbox 728 1174 779 1194; x_wconf 91' lang='lat' dir='ltr'><strong>nos</strong></span> <span class='ocrx_word' id='word_1_297' title='bbox 799 1167 940 1202; x_wconf 77' lang='lat' dir='ltr'><strong>diligimus</strong></span> <span class='ocrx_word' id='word_1_298' title='bbox 960 1167 1080 1202; x_wconf 86' lang='lat' dir='ltr'><strong>impuri-</strong></span> 
     </span>
    </p>
   </div>
   <div class='ocr_carea' id='block_1_41' title="bbox 294 1214 462 1248">
    <p class='ocr_par' dir='ltr' id='par_1_41' title="bbox 294 1214 462 1248">
     <span class='ocr_line' id='line_1_41' title="bbox 294 1214 462 1248; baseline -0.006 -7"><span class='ocrx_word' id='word_1_299' title='bbox 294 1219 376 1241; x_wconf 88' lang='lat' dir='ltr'><strong>tatem</strong></span> <span class='ocrx_word' id='word_1_300' title='bbox 392 1214 462 1248; x_wconf 89' lang='lat' dir='ltr'><strong>ejus.</strong></span> 
     </span>
    </p>
   </div>
   <div class='ocr_carea' id='block_1_42' title="bbox 331 1259 1079 1296">
    <p class='ocr_par' dir='ltr' id='par_1_42' title="bbox 331 1259 1079 1296">
     <span class='ocr_line' id='line_1_42' title="bbox 331 1259 1079 1296; baseline -0.005 -8"><span class='ocrx_word' id='word_1_301' title='bbox 331 1262 377 1288; x_wconf 84' lang='lat'><strong>25.</strong></span> <span class='ocrx_word' id='word_1_302' title='bbox 398 1260 511 1296; x_wconf 83' lang='lat' dir='ltr'><strong>Rogans</strong></span> <span class='ocrx_word' id='word_1_303' title='bbox 524 1260 643 1288; x_wconf 88' lang='lat' dir='ltr'><strong>Poemen</strong></span> <span class='ocrx_word' id='word_1_304' title='bbox 665 1260 749 1288; x_wconf 89' lang='lat' dir='ltr'><strong>abbas</strong></span> <span class='ocrx_word' id='word_1_305' title='bbox 764 1259 880 1288; x_wconf 91' lang='lat' dir='ltr'><strong>eundem</strong></span> <span class='ocrx_word' id='word_1_306' title='bbox 903 1259 998 1287; x_wconf 89' lang='lat' dir='ltr'><strong>multis</strong></span> <span class='ocrx_word' id='word_1_307' title='bbox 1016 1266 1079 1286; x_wconf 91' lang='lat' dir='ltr'><strong>cum</strong></span> 
     </span>
    </p>
   </div>
   <div class='ocr_carea' id='block_1_43' title="bbox 293 1304 1078 1342">
    <p class='ocr_par' dir='ltr' id='par_1_43' title="bbox 293 1304 1078 1342">
     <span class='ocr_line' id='line_1_43' title="bbox 293 1304 1078 1342; baseline -0.005 -8"><span class='ocrx_word' id='word_1_308' title='bbox 293 1307 420 1334; x_wconf 90' lang='lat' dir='ltr'><strong>lacrimis</strong></span> <span class='ocrx_word' id='word_1_309' title='bbox 436 1316 442 1334; x_wconf 92' lang='lat'>:</span> <span class='ocrx_word' id='word_1_310' title='bbox 465 1306 512 1333; x_wconf 91' lang='lat' dir='ltr'><strong>Dic</strong></span> <span class='ocrx_word' id='word_1_311' title='bbox 528 1306 606 1338; x_wconf 89' lang='lat' dir='ltr'><strong>mihi,</strong></span> <span class='ocrx_word' id='word_1_312' title='bbox 624 1307 724 1342; x_wconf 88' lang='lat' dir='ltr'><strong>inquit,</strong></span> <span class='ocrx_word' id='word_1_313' title='bbox 748 1306 886 1341; x_wconf 89' lang='lat' dir='ltr'><strong>quomodo</strong></span> <span class='ocrx_word' id='word_1_314' title='bbox 905 1305 1005 1332; x_wconf 85' lang='lat' dir='ltr'><strong>salver.</strong></span> <span class='ocrx_word' id='word_1_315' title='bbox 1029 1304 1078 1331; x_wconf 83' lang='lat' dir='ltr'><strong>Cui</strong></span> 
     </span>
    </p>
   </div>
   <div class='ocr_carea' id='block_1_44' title="bbox 294 1350 1079 1387">
    <p class='ocr_par' dir='ltr' id='par_1_44' title="bbox 294 1350 1079 1387">
     <span class='ocr_line' id='line_1_44' title="bbox 294 1350 1079 1387; baseline -0.005 -7"><span class='ocrx_word' id='word_1_316' title='bbox 294 1360 376 1380; x_wconf 79' lang='lat' dir='ltr'><strong>senex</strong></span> <span class='ocrx_word' id='word_1_317' title='bbox 392 1352 535 1387; x_wconf 79' lang='lat' dir='ltr'><strong>respondit</strong></span> <span class='ocrx_word' id='word_1_318' title='bbox 551 1362 557 1379; x_wconf 89' lang='lat'>:</span> <span class='ocrx_word' id='word_1_319' title='bbox 572 1352 658 1385; x_wconf 87' lang='lat' dir='ltr'><strong>Quam</strong></span> <span class='ocrx_word' id='word_1_320' title='bbox 679 1352 789 1387; x_wconf 87' lang='lat' dir='ltr'><strong>quaeris</strong></span> <span class='ocrx_word' id='word_1_321' title='bbox 812 1359 882 1386; x_wconf 88' lang='lat' dir='ltr'><strong>rem,</strong></span> <span class='ocrx_word' id='word_1_322' title='bbox 896 1351 949 1378; x_wconf 91' lang='lat' dir='ltr'><strong>iam</strong></span> <span class='ocrx_word' id='word_1_323' title='bbox 963 1350 1079 1378; x_wconf 86' lang='lat' dir='ltr'><strong>recessit</strong></span> 
     </span>
    </p>
   </div>
   <div class='ocr_carea' id='block_1_45' title="bbox 293 1398 473 1426">
    <p class='ocr_par' dir='ltr' id='par_1_45' title="bbox 293 1398 473 1426">
     <span class='ocr_line' id='line_1_45' title="bbox 293 1398 473 1426; baseline 0 -1"><span class='ocrx_word' id='word_1_324' title='bbox 293 1406 309 1425; x_wconf 85' lang='lat' dir='ltr'><strong>a</strong></span> <span class='ocrx_word' id='word_1_325' title='bbox 321 1398 473 1426; x_wconf 87' lang='lat' dir='ltr'><strong>monachis.</strong></span> 
     </span>
    </p>
   </div>
   <div class='ocr_carea' id='block_1_46' title="bbox 329 1443 1078 1480">
    <p class='ocr_par' dir='ltr' id='par_1_46' title="bbox 329 1443 1078 1480">
     <span class='ocr_line' id='line_1_46' title="bbox 329 1443 1078 1480; baseline 0.001 -9"><span class='ocrx_word' id='word_1_326' title='bbox 329 1444 375 1471; x_wconf 86' lang='lat'><strong>26.</strong></span> <span class='ocrx_word' id='word_1_327' title='bbox 398 1444 534 1472; x_wconf 87' lang='lat' dir='ltr'><strong>Macarius</strong></span> <span class='ocrx_word' id='word_1_328' title='bbox 555 1444 641 1472; x_wconf 87' lang='lat' dir='ltr'><strong>abbas</strong></span> <span class='ocrx_word' id='word_1_329' title='bbox 664 1443 814 1480; x_wconf 84' lang='lat' dir='ltr'><strong>aliquando</strong></span> <span class='ocrx_word' id='word_1_330' title='bbox 836 1445 903 1472; x_wconf 88' lang='lat' dir='ltr'><strong>adiit</strong></span> <span class='ocrx_word' id='word_1_331' title='bbox 930 1445 1078 1473; x_wconf 89' lang='lat' dir='ltr'><strong>Antonium</strong></span> 
     </span>
    </p>
   </div>
   <div class='ocr_carea' id='block_1_47' title="bbox 294 1490 1078 1523">
    <p class='ocr_par' dir='ltr' id='par_1_47' title="bbox 294 1490 1078 1523">
     <span class='ocr_line' id='line_1_47' title="bbox 294 1490 1078 1523; baseline 0.001 -5"><span class='ocrx_word' id='word_1_332' title='bbox 294 1491 430 1518; x_wconf 84' lang='lat' dir='ltr'><strong>abbatem.</strong></span> <span class='ocrx_word' id='word_1_333' title='bbox 444 1490 568 1523; x_wconf 86' lang='lat' dir='ltr'><strong>Quocum</strong></span> <span class='ocrx_word' id='word_1_334' title='bbox 583 1490 754 1523; x_wconf 87' lang='lat' dir='ltr'><strong>collocutus,</strong></span> <span class='ocrx_word' id='word_1_335' title='bbox 778 1498 840 1518; x_wconf 90' lang='lat' dir='ltr'><strong>eum</strong></span> <span class='ocrx_word' id='word_1_336' title='bbox 860 1492 888 1518; x_wconf 92' lang='lat' dir='ltr'><strong>in</strong></span> <span class='ocrx_word' id='word_1_337' title='bbox 908 1491 1009 1519; x_wconf 87' lang='lat' dir='ltr'><strong>Scetim</strong></span> <span class='ocrx_word' id='word_1_338' title='bbox 1033 1500 1078 1520; x_wconf 90' lang='lat' dir='ltr'><strong>re-</strong></span> 
     </span>
    </p>
   </div>
   <div class='ocr_carea' id='block_1_48' title="bbox 293 1536 1079 1571">
    <p class='ocr_par' dir='ltr' id='par_1_48' title="bbox 293 1536 1079 1571">
     <span class='ocr_line' id='line_1_48' title="bbox 293 1536 1079 1571; baseline 0.001 -6"><span class='ocrx_word' id='word_1_339' title='bbox 293 1543 457 1571; x_wconf 81' lang='lat' dir='ltr'><strong>verteretur,</strong></span> <span class='ocrx_word' id='word_1_340' title='bbox 471 1537 603 1565; x_wconf 77' lang='lat' dir='ltr'><strong>fratribus</strong></span> <span class='ocrx_word' id='word_1_341' title='bbox 618 1536 726 1564; x_wconf 87' lang='lat' dir='ltr'><strong>obviam</strong></span> <span class='ocrx_word' id='word_1_342' title='bbox 744 1537 918 1565; x_wconf 86' lang='lat' dir='ltr'><strong>venientibus</strong></span> <span class='ocrx_word' id='word_1_343' title='bbox 932 1538 1005 1566; x_wconf 92' lang='lat' dir='ltr'><strong>inter</strong></span> <span class='ocrx_word' id='word_1_344' title='bbox 1019 1545 1079 1566; x_wconf 84' lang='lat' dir='ltr'><strong>ser-</strong></span> 
     </span>
    </p>
   </div>
   <div class='ocr_carea' id='block_1_49' title="bbox 294 1582 1079 1618">
    <p class='ocr_par' dir='ltr' id='par_1_49' title="bbox 294 1582 1079 1618">
     <span class='ocr_line' id='line_1_49' title="bbox 294 1582 1079 1618; baseline 0.003 -8"><span class='ocrx_word' id='word_1_345' title='bbox 294 1583 488 1611; x_wconf 89' lang='lat' dir='ltr'><strong>mocinandum</strong></span> <span class='ocrx_word' id='word_1_346' title='bbox 510 1591 516 1609; x_wconf 92' lang='lat'><strong>:</strong></span> <span class='ocrx_word' id='word_1_347' title='bbox 535 1582 664 1612; x_wconf 84' lang='lat' dir='ltr'><strong>Antonio.</strong></span> <span class='ocrx_word' id='word_1_348' title='bbox 695 1583 797 1618; x_wconf 88' lang='lat' dir='ltr'><strong>inquit,</strong></span> <span class='ocrx_word' id='word_1_349' title='bbox 822 1583 915 1611; x_wconf 85' lang='lat' dir='ltr'><strong>abbati</strong></span> <span class='ocrx_word' id='word_1_350' title='bbox 935 1584 1003 1617; x_wconf 83' lang='lat' dir='ltr'><strong>dixi,</strong></span> <span class='ocrx_word' id='word_1_351' title='bbox 1027 1592 1079 1612; x_wconf 89' lang='lat' dir='ltr'><strong>nos</strong></span> 
     </span>
    </p>
   </div>
   <div class='ocr_carea' id='block_1_50' title="bbox 294 1627 1080 1662">
    <p class='ocr_par' dir='ltr' id='par_1_50' title="bbox 294 1627 1080 1662">
     <span class='ocr_line' id='line_1_50' title="bbox 294 1627 1080 1662; baseline 0 -6"><span class='ocrx_word' id='word_1_352' title='bbox 294 1637 348 1656; x_wconf 80' lang='lat' dir='ltr'><strong>non</strong></span> <span class='ocrx_word' id='word_1_353' title='bbox 368 1628 470 1656; x_wconf 90' lang='lat' dir='ltr'><strong>habere</strong></span> <span class='ocrx_word' id='word_1_354' title='bbox 484 1628 511 1654; x_wconf 96' lang='lat' dir='ltr'><strong>in</strong></span> <span class='ocrx_word' id='word_1_355' title='bbox 526 1627 587 1655; x_wconf 89' lang='lat' dir='ltr'><strong>loco</strong></span> <span class='ocrx_word' id='word_1_356' title='bbox 603 1631 700 1655; x_wconf 88' lang='lat' dir='ltr'><strong>nostro</strong></span> <span class='ocrx_word' id='word_1_357' title='bbox 714 1628 891 1655; x_wconf 89' lang='lat' dir='ltr'><strong>oblationem.</strong></span> <span class='ocrx_word' id='word_1_358' title='bbox 912 1627 965 1656; x_wconf 91' lang='lat' dir='ltr'><strong>Sed</strong></span> <span class='ocrx_word' id='word_1_359' title='bbox 987 1633 1080 1662; x_wconf 86' lang='lat' dir='ltr'><strong>patres</strong></span> 
     </span>
    </p>
   </div>
   <div class='ocr_carea' id='block_1_51' title="bbox 292 1673 1081 1709">
    <p class='ocr_par' dir='ltr' id='par_1_51' title="bbox 292 1673 1081 1709">
     <span class='ocr_line' id='line_1_51' title="bbox 292 1673 1081 1709; baseline 0.003 -8"><span class='ocrx_word' id='word_1_360' title='bbox 292 1675 357 1702; x_wconf 87' lang='lat' dir='ltr'><strong>aliis</strong></span> <span class='ocrx_word' id='word_1_361' title='bbox 373 1674 408 1701; x_wconf 88' lang='lat' dir='ltr'><strong>de</strong></span> <span class='ocrx_word' id='word_1_362' title='bbox 431 1673 513 1701; x_wconf 89' lang='lat' dir='ltr'><strong>rebus</strong></span> <span class='ocrx_word' id='word_1_363' title='bbox 538 1673 675 1700; x_wconf 86' lang='lat' dir='ltr'><strong>disserere</strong></span> <span class='ocrx_word' id='word_1_364' title='bbox 695 1677 855 1708; x_wconf 83' lang='lat' dir='ltr'><strong>coeperunt,</strong></span> <span class='ocrx_word' id='word_1_365' title='bbox 879 1681 930 1702; x_wconf 91' lang='lat' dir='ltr'><strong>nec</strong></span> <span class='ocrx_word' id='word_1_366' title='bbox 954 1675 1081 1709; x_wconf 85' lang='lat' dir='ltr'><strong>quaesie-</strong></span> 
     </span>
    </p>
   </div>
   <div class='ocr_carea' id='block_1_52' title="bbox 293 1719 1081 1756">
    <p class='ocr_par' dir='ltr' id='par_1_52' title="bbox 293 1719 1081 1756">
     <span class='ocr_line' id='line_1_52' title="bbox 293 1719 1081 1756; baseline 0.003 -9"><span class='ocrx_word' id='word_1_367' title='bbox 293 1725 358 1747; x_wconf 89' lang='lat' dir='ltr'><strong>runt</strong></span> <span class='ocrx_word' id='word_1_368' title='bbox 372 1719 489 1754; x_wconf 86' lang='lat' dir='ltr'><strong>amplius</strong></span> <span class='ocrx_word' id='word_1_369' title='bbox 507 1719 614 1747; x_wconf 89' lang='lat' dir='ltr'><strong>discere</strong></span> <span class='ocrx_word' id='word_1_370' title='bbox 631 1727 794 1755; x_wconf 88' lang='lat' dir='ltr'><strong>responsum</strong></span> <span class='ocrx_word' id='word_1_371' title='bbox 813 1720 899 1752; x_wconf 90' lang='lat' dir='ltr'><strong>senis,</strong></span> <span class='ocrx_word' id='word_1_372' title='bbox 911 1728 1002 1756; x_wconf 87' lang='lat' dir='ltr'><strong>neque</strong></span> <span class='ocrx_word' id='word_1_373' title='bbox 1021 1721 1081 1756; x_wconf 87' lang='lat' dir='ltr'><strong>ipse</strong></span> 
     </span>
    </p>
   </div>
   <div class='ocr_carea' id='block_1_53' title="bbox 292 1764 1079 1800">
    <p class='ocr_par' dir='ltr' id='par_1_53' title="bbox 292 1764 1079 1800">
     <span class='ocr_line' id='line_1_53' title="bbox 292 1764 1079 1800; baseline 0.001 -8"><span class='ocrx_word' id='word_1_374' title='bbox 292 1765 452 1799; x_wconf 87' lang='lat' dir='ltr'><strong>prolocutus</strong></span> <span class='ocrx_word' id='word_1_375' title='bbox 477 1768 529 1792; x_wconf 92' lang='lat' dir='ltr'><strong>est.</strong></span> <span class='ocrx_word' id='word_1_376' title='bbox 560 1764 616 1792; x_wconf 88' lang='lat' dir='ltr'><strong>Hoc</strong></span> <span class='ocrx_word' id='word_1_377' title='bbox 643 1765 727 1800; x_wconf 79' lang='lat' dir='ltr'><strong>igitur</strong></span> <span class='ocrx_word' id='word_1_378' title='bbox 750 1765 862 1800; x_wconf 86' lang='lat' dir='ltr'><strong>quidam</strong></span> <span class='ocrx_word' id='word_1_379' title='bbox 887 1773 921 1792; x_wconf 85' lang='lat' dir='ltr'><strong>ex</strong></span> <span class='ocrx_word' id='word_1_380' title='bbox 955 1766 1079 1800; x_wconf 89' lang='lat' dir='ltr'><strong>patribus</strong></span> 
     </span>
    </p>
   </div>
   <div class='ocr_carea' id='block_1_54' title="bbox 292 1810 1077 1845">
    <p class='ocr_par' dir='ltr' id='par_1_54' title="bbox 292 1810 1077 1845">
     <span class='ocr_line' id='line_1_54' title="bbox 292 1810 1077 1845; baseline 0 -7"><span class='ocrx_word' id='word_1_381' title='bbox 292 1811 361 1838; x_wconf 88' lang='lat' dir='ltr'><strong>dixit</strong></span> <span class='ocrx_word' id='word_1_382' title='bbox 380 1821 385 1837; x_wconf 97' lang='lat'>:</span> <span class='ocrx_word' id='word_1_383' title='bbox 406 1810 434 1838; x_wconf 90' lang='lat' dir='ltr'><strong>Si</strong></span> <span class='ocrx_word' id='word_1_384' title='bbox 452 1811 571 1838; x_wconf 90' lang='lat' dir='ltr'><strong>viderint</strong></span> <span class='ocrx_word' id='word_1_385' title='bbox 587 1815 714 1845; x_wconf 84' lang='lat' dir='ltr'><strong>patres,e</strong></span> <span class='ocrx_word' id='word_1_386' title='bbox 729 1811 845 1838; x_wconf 85' lang='lat' dir='ltr'><strong>fratrum</strong></span> <span class='ocrx_word' id='word_1_387' title='bbox 858 1811 991 1839; x_wconf 89' lang='lat' dir='ltr'><strong>memoria</strong></span> <span class='ocrx_word' id='word_1_388' title='bbox 1001 1812 1077 1839; x_wconf 79' lang='lat' dir='ltr'><strong>exci-</strong></span> 
     </span>
    </p>
   </div>
   <div class='ocr_carea' id='block_1_55' title="bbox 292 1857 1080 1893">
    <p class='ocr_par' dir='ltr' id='par_1_55' title="bbox 292 1857 1080 1893">
     <span class='ocr_line' id='line_1_55' title="bbox 292 1857 1080 1893; baseline 0.001 -9"><span class='ocrx_word' id='word_1_389' title='bbox 292 1858 368 1890; x_wconf 82' lang='lat' dir='ltr'><strong>dere,</strong></span> <span class='ocrx_word' id='word_1_390' title='bbox 397 1861 427 1884; x_wconf 90' lang='lat' dir='ltr'><strong>ut</strong></span> <span class='ocrx_word' id='word_1_391' title='bbox 450 1857 483 1885; x_wconf 88' lang='lat' dir='ltr'><strong>de</strong></span> <span class='ocrx_word' id='word_1_392' title='bbox 506 1864 536 1884; x_wconf 93' lang='lat' dir='ltr'><strong>re</strong></span> <span class='ocrx_word' id='word_1_393' title='bbox 568 1857 602 1884; x_wconf 90' lang='lat' dir='ltr'><strong>iis</strong></span> <span class='ocrx_word' id='word_1_394' title='bbox 627 1857 686 1884; x_wconf 89' lang='lat' dir='ltr'><strong>utili</strong></span> <span class='ocrx_word' id='word_1_395' title='bbox 707 1857 888 1891; x_wconf 78' lang='lat' dir='ltr'><strong>interrogent,</strong></span> <span class='ocrx_word' id='word_1_396' title='bbox 912 1857 1026 1893; x_wconf 80' lang='lat' dir='ltr'><strong>adigunt</strong></span> <span class='ocrx_word' id='word_1_397' title='bbox 1050 1865 1080 1886; x_wconf 89' lang='lat' dir='ltr'><strong>se</strong></span> 
     </span>
    </p>
   </div>
   <div class='ocr_carea' id='block_1_56' title="bbox 292 1903 1079 1939">
    <p class='ocr_par' dir='ltr' id='par_1_56' title="bbox 292 1903 1079 1939">
     <span class='ocr_line' id='line_1_56' title="bbox 292 1903 1079 1939; baseline -0.001 -7"><span class='ocrx_word' id='word_1_398' title='bbox 292 1905 378 1939; x_wconf 88' lang='lat' dir='ltr'><strong>ipsos,</strong></span> <span class='ocrx_word' id='word_1_399' title='bbox 398 1907 428 1931; x_wconf 91' lang='lat' dir='ltr'><strong>ut</strong></span> <span class='ocrx_word' id='word_1_400' title='bbox 442 1904 609 1939; x_wconf 89' lang='lat' dir='ltr'><strong>principium</strong></span> <span class='ocrx_word' id='word_1_401' title='bbox 627 1903 763 1931; x_wconf 88' lang='lat' dir='ltr'><strong>sermonis</strong></span> <span class='ocrx_word' id='word_1_402' title='bbox 780 1903 939 1939; x_wconf 88' lang='lat' dir='ltr'><strong>proferant;</strong></span> <span class='ocrx_word' id='word_1_403' title='bbox 960 1904 1034 1939; x_wconf 92' lang='lat' dir='ltr'><strong>quod</strong></span> <span class='ocrx_word' id='word_1_404' title='bbox 1055 1904 1079 1932; x_wconf 92' lang='lat' dir='ltr'><strong>si</strong></span> 
     </span>
    </p>
   </div>
   <div class='ocr_carea' id='block_1_57' title="bbox 291 1950 1079 1986">
    <p class='ocr_par' dir='ltr' id='par_1_57' title="bbox 291 1950 1079 1986">
     <span class='ocr_line' id='line_1_57' title="bbox 291 1950 1079 1986; baseline 0 -9"><span class='ocrx_word' id='word_1_405' title='bbox 291 1958 356 1979; x_wconf 87' lang='lat' dir='ltr'><strong>vero</strong></span> <span class='ocrx_word' id='word_1_406' title='bbox 366 1958 381 1978; x_wconf 90' lang='lat' dir='ltr'><strong>a</strong></span> <span class='ocrx_word' id='word_1_407' title='bbox 398 1950 528 1978; x_wconf 85' lang='lat' dir='ltr'><strong>fratribus</strong></span> <span class='ocrx_word' id='word_1_408' title='bbox 538 1957 592 1978; x_wconf 86' lang='lat' dir='ltr'><strong>non</strong></span> <span class='ocrx_word' id='word_1_409' title='bbox 609 1950 763 1986; x_wconf 84' lang='lat' dir='ltr'><strong>adigantur,</strong></span> <span class='ocrx_word' id='word_1_410' title='bbox 776 1958 933 1978; x_wconf 89' lang='lat' dir='ltr'><strong>sermonem</strong></span> <span class='ocrx_word' id='word_1_411' title='bbox 952 1958 1007 1978; x_wconf 92' lang='lat' dir='ltr'><strong>non</strong></span> <span class='ocrx_word' id='word_1_412' title='bbox 1016 1958 1079 1985; x_wconf 89' lang='lat' dir='ltr'><strong>per-</strong></span> 
     </span>
    </p>
   </div>
   <div class='ocr_carea' id='block_1_58' title="bbox 292 1997 1079 2032">
    <p class='ocr_par' dir='ltr' id='par_1_58' title="bbox 292 1997 1079 2032">
     <span class='ocr_line' id='line_1_58' title="bbox 292 1997 1079 2032; baseline -0.001 -7"><span class='ocrx_word' id='word_1_413' title='bbox 292 2001 456 2032; x_wconf 87' lang='lat' dir='ltr'><strong>sequuntur,</strong></span> <span class='ocrx_word' id='word_1_414' title='bbox 473 2001 503 2024; x_wconf 90' lang='lat' dir='ltr'><strong>ut</strong></span> <span class='ocrx_word' id='word_1_415' title='bbox 521 2005 557 2024; x_wconf 91' lang='lat' dir='ltr'><strong>ne</strong></span> <span class='ocrx_word' id='word_1_416' title='bbox 568 1997 809 2032; x_wconf 89' lang='lat' dir='ltr'><strong>deprehendantur</strong></span> <span class='ocrx_word' id='word_1_417' title='bbox 824 1997 908 2024; x_wconf 92' lang='lat' dir='ltr'><strong>locuti</strong></span> <span class='ocrx_word' id='word_1_418' title='bbox 922 2004 977 2024; x_wconf 93' lang='lat' dir='ltr'><strong>non</strong></span> <span class='ocrx_word' id='word_1_419' title='bbox 994 1997 1079 2024; x_wconf 87' lang='lat' dir='ltr'><strong>inter-</strong></span> 
     </span>
    </p>
   </div>
   <div class='ocr_carea' id='block_1_59' title="bbox 292 2043 919 2079">
    <p class='ocr_par' dir='ltr' id='par_1_59' title="bbox 292 2043 919 2079">
     <span class='ocr_line' id='line_1_59' title="bbox 292 2043 919 2079; baseline 0 -9"><span class='ocrx_word' id='word_1_420' title='bbox 292 2043 392 2079; x_wconf 81' lang='lat' dir='ltr'><strong>rogati,</strong></span> <span class='ocrx_word' id='word_1_421' title='bbox 415 2043 597 2078; x_wconf 71' lang='lat' dir='ltr'><strong>videaturque</strong></span> <span class='ocrx_word' id='word_1_422' title='bbox 613 2043 722 2078; x_wconf 89' lang='lat' dir='ltr'><strong>loquela</strong></span> <span class='ocrx_word' id='word_1_423' title='bbox 740 2044 829 2071; x_wconf 82' lang='lat' dir='ltr'><strong>otiosa</strong></span> <span class='ocrx_word' id='word_1_424' title='bbox 847 2051 919 2071; x_wconf 91' lang='lat' dir='ltr'><strong>esse.</strong></span> 
     </span>
    </p>
   </div>
   <div class='ocr_carea' id='block_1_60' title="bbox 325 2141 1077 2177">
    <p class='ocr_par' dir='ltr' id='par_1_60' title="bbox 325 2141 1077 2177">
     <span class='ocr_line' id='line_1_60' title="bbox 325 2141 1077 2177; baseline 0 -9"><span class='ocrx_word' id='word_1_425' title='bbox 325 2141 371 2169; x_wconf 83' lang='lat'><strong>27.</strong></span> <span class='ocrx_word' id='word_1_426' title='bbox 394 2141 488 2168; x_wconf 85' lang='lat' dir='ltr'><strong>Esaias</strong></span> <span class='ocrx_word' id='word_1_427' title='bbox 511 2141 596 2169; x_wconf 85' lang='lat' dir='ltr'><strong>abbas</strong></span> <span class='ocrx_word' id='word_1_428' title='bbox 621 2141 795 2177; x_wconf 74' lang='lat' dir='ltr'><strong>interrogans</strong></span> <span class='ocrx_word' id='word_1_429' title='bbox 820 2141 970 2170; x_wconf 83' lang='lat' dir='ltr'><strong>Macarium</strong></span> <span class='ocrx_word' id='word_1_430' title='bbox 994 2141 1077 2169; x_wconf 29' lang='lat' dir='ltr'><strong>abba,-</strong></span> 
     </span>
    </p>
   </div>
   <div class='ocr_carea' id='block_1_61' title="bbox 292 2187 1076 2222">
    <p class='ocr_par' dir='ltr' id='par_1_61' title="bbox 292 2187 1076 2222">
     <span class='ocr_line' id='line_1_61' title="bbox 292 2187 1076 2222; baseline 0 -8"><span class='ocrx_word' id='word_1_431' title='bbox 292 2193 346 2215; x_wconf 90' lang='lat' dir='ltr'><strong>tem</strong></span> <span class='ocrx_word' id='word_1_432' title='bbox 363 2197 370 2215; x_wconf 90' lang='lat'><strong>:</strong></span> <span class='ocrx_word' id='word_1_433' title='bbox 386 2187 483 2215; x_wconf 83' lang='lat' dir='ltr'><strong>Profer</strong></span> <span class='ocrx_word' id='word_1_434' title='bbox 505 2188 583 2221; x_wconf 79' lang='lat' dir='ltr'><strong>mihi,</strong></span> <span class='ocrx_word' id='word_1_435' title='bbox 606 2187 708 2222; x_wconf 82' lang='lat' dir='ltr'><strong>inquit,</strong></span> <span class='ocrx_word' id='word_1_436' title='bbox 727 2189 901 2216; x_wconf 82' lang='lat' dir='ltr'><strong>sententiam.</strong></span> <span class='ocrx_word' id='word_1_437' title='bbox 924 2187 974 2215; x_wconf 87' lang='lat' dir='ltr'><strong>Cui</strong></span> <span class='ocrx_word' id='word_1_438' title='bbox 993 2195 1076 2215; x_wconf 89' lang='lat' dir='ltr'><strong>senex</strong></span> 
     </span>
    </p>
   </div>
   <div class='ocr_carea' id='block_1_62' title="bbox 291 2233 464 2268">
    <p class='ocr_par' dir='ltr' id='par_1_62' title="bbox 291 2233 464 2268">
     <span class='ocr_line' id='line_1_62' title="bbox 291 2233 464 2268; baseline 0 -9"><span class='ocrx_word' id='word_1_439' title='bbox 291 2233 433 2268; x_wconf 87' lang='lat' dir='ltr'><strong>respondit</strong></span> <span class='ocrx_word' id='word_1_440' title='bbox 458 2242 464 2259; x_wconf 92' lang='lat'>:</span> 
     </span>
    </p>
   </div>
   <div class='ocr_carea' id='block_1_63' title="bbox 291 2277 1075 2314">
    <p class='ocr_par' dir='ltr' id='par_1_63' title="bbox 291 2277 1075 2314">
     <span class='ocr_line' id='line_1_63' title="bbox 291 2277 1075 2314; baseline 0.001 -9"><span class='ocrx_word' id='word_1_441' title='bbox 291 2283 342 2311; x_wconf 73' lang='lat' dir='ltr'><strong>esi,</strong></span> <span class='ocrx_word' id='word_1_442' title='bbox 360 2278 459 2313; x_wconf 87' lang='lat' dir='ltr'><strong>inquit,</strong></span> <span class='ocrx_word' id='word_1_443' title='bbox 473 2277 567 2313; x_wconf 80' lang='lat' dir='ltr'><strong>fugere</strong></span> <span class='ocrx_word' id='word_1_444' title='bbox 582 2278 725 2306; x_wconf 86' lang='lat' dir='ltr'><strong>homines?</strong></span> <span class='ocrx_word' id='word_1_445' title='bbox 740 2278 892 2314; x_wconf 86' lang='lat' dir='ltr'><strong>Respondit</strong></span> <span class='ocrx_word' id='word_1_446' title='bbox 903 2287 986 2307; x_wconf 84' lang='lat' dir='ltr'><strong>senex</strong></span> <span class='ocrx_word' id='word_1_447' title='bbox 1003 2288 1010 2306; x_wconf 89' lang='lat'><strong>:</strong></span> <span class='ocrx_word' id='word_1_448' title='bbox 1024 2278 1075 2306; x_wconf 84' lang='lat' dir='ltr'><strong>Se-</strong></span> 
     </span>
    </p>
   </div>
   <div class='ocr_carea' id='block_1_64' title="bbox 290 2324 907 2360">
    <p class='ocr_par' dir='ltr' id='par_1_64' title="bbox 290 2324 907 2360">
     <span class='ocr_line' id='line_1_64' title="bbox 290 2324 907 2360; baseline 0.002 -9"><span class='ocrx_word' id='word_1_449' title='bbox 290 2324 353 2352; x_wconf 86' lang='lat' dir='ltr'><strong>dere</strong></span> <span class='ocrx_word' id='word_1_450' title='bbox 367 2325 394 2351; x_wconf 91' lang='lat' dir='ltr'><strong>in</strong></span> <span class='ocrx_word' id='word_1_451' title='bbox 409 2324 477 2351; x_wconf 90' lang='lat' dir='ltr'><strong>cella</strong></span> <span class='ocrx_word' id='word_1_452' title='bbox 492 2328 537 2351; x_wconf 91' lang='lat' dir='ltr'><strong>tua</strong></span> <span class='ocrx_word' id='word_1_453' title='bbox 559 2329 588 2352; x_wconf 90' lang='lat' dir='ltr'><strong>et</strong></span> <span class='ocrx_word' id='word_1_454' title='bbox 601 2325 701 2353; x_wconf 84' lang='lat' dir='ltr'><strong>deflere</strong></span> <span class='ocrx_word' id='word_1_455' title='bbox 718 2329 832 2360; x_wconf 86' lang='lat' dir='ltr'><strong>peccata</strong></span> <span class='ocrx_word' id='word_1_456' title='bbox 849 2330 907 2352; x_wconf 88' lang='lat' dir='ltr'><strong>tua.</strong></span> 
     </span>
    </p>
   </div>
   <div class='ocr_carea' id='block_1_65' title="bbox 325 2379 1076 2417">
    <p class='ocr_par' dir='ltr' id='par_1_65' title="bbox 325 2379 1076 2417">
     <span class='ocr_line' id='line_1_65' title="bbox 325 2379 1076 2417; baseline 0.003 -11"><span class='ocrx_word' id='word_1_457' title='bbox 325 2379 370 2407; x_wconf 83' lang='lat'><strong>28.</strong></span> <span class='ocrx_word' id='word_1_458' title='bbox 389 2379 559 2416; x_wconf 85' lang='lat' dir='ltr'><strong>Paphnutius</strong></span> <span class='ocrx_word' id='word_1_459' title='bbox 573 2382 668 2414; x_wconf 88' lang='lat' dir='ltr'><strong>abbas,</strong></span> <span class='ocrx_word' id='word_1_460' title='bbox 687 2382 798 2410; x_wconf 83' lang='lat' dir='ltr'><strong>Macarii</strong></span> <span class='ocrx_word' id='word_1_461' title='bbox 823 2382 931 2409; x_wconf 84' lang='lat' dir='ltr'><strong>abbatis</strong></span> <span class='ocrx_word' id='word_1_462' title='bbox 953 2381 1076 2417; x_wconf 89' lang='lat' dir='ltr'><strong>discipu-</strong></span> 
     </span>
    </p>
   </div>
   <div class='ocr_carea' id='block_1_66' title="bbox 289 2426 1075 2463">
    <p class='ocr_par' dir='ltr' id='par_1_66' title="bbox 289 2426 1075 2463">
     <span class='ocr_line' id='line_1_66' title="bbox 289 2426 1075 2463; baseline 0.003 -11"><span class='ocrx_word' id='word_1_463' title='bbox 289 2426 343 2456; x_wconf 89' lang='lat' dir='ltr'><strong>lus,</strong></span> <span class='ocrx_word' id='word_1_464' title='bbox 356 2426 408 2453; x_wconf 90' lang='lat' dir='ltr'><strong>hoc</strong></span> <span class='ocrx_word' id='word_1_465' title='bbox 419 2427 528 2454; x_wconf 87' lang='lat' dir='ltr'><strong>retulit:</strong></span> <span class='ocrx_word' id='word_1_466' title='bbox 541 2427 662 2463; x_wconf 79' lang='lat' dir='ltr'><strong>Rogavi.</strong></span> <span class='ocrx_word' id='word_1_467' title='bbox 679 2429 780 2463; x_wconf 89' lang='lat' dir='ltr'><strong>inquit,</strong></span> <span class='ocrx_word' id='word_1_468' title='bbox 799 2431 905 2463; x_wconf 87' lang='lat' dir='ltr'><strong>patrem</strong></span> <span class='ocrx_word' id='word_1_469' title='bbox 926 2436 1027 2459; x_wconf 89' lang='lat' dir='ltr'><strong>meum,</strong></span> <span class='ocrx_word' id='word_1_470' title='bbox 1045 2431 1075 2455; x_wconf 89' lang='lat' dir='ltr'><strong>ut</strong></span> 
     </span>
    </p>
   </div>
   <div class='ocr_carea' id='block_1_67' title="bbox 289 2471 1074 2509">
    <p class='ocr_par' dir='ltr' id='par_1_67' title="bbox 289 2471 1074 2509">
     <span class='ocr_line' id='line_1_67' title="bbox 289 2471 1074 2509; baseline 0.004 -12"><span class='ocrx_word' id='word_1_471' title='bbox 289 2472 356 2498; x_wconf 88' lang='lat' dir='ltr'><strong>mihi</strong></span> <span class='ocrx_word' id='word_1_472' title='bbox 368 2471 471 2500; x_wconf 85' lang='lat' dir='ltr'><strong>diceret</strong></span> <span class='ocrx_word' id='word_1_473' title='bbox 490 2474 615 2502; x_wconf 83' lang='lat' dir='ltr'><strong>verbum.</strong></span> <span class='ocrx_word' id='word_1_474' title='bbox 632 2474 658 2502; x_wconf 85' lang='lat' dir='ltr'><strong>Is</strong></span> <span class='ocrx_word' id='word_1_475' title='bbox 673 2479 764 2502; x_wconf 90' lang='lat' dir='ltr'><strong>autem</strong></span> <span class='ocrx_word' id='word_1_476' title='bbox 779 2484 786 2502; x_wconf 87' lang='lat'><strong>:</strong></span> <span class='ocrx_word' id='word_1_477' title='bbox 800 2473 953 2504; x_wconf 87' lang='lat' dir='ltr'><strong>Neminem,</strong></span> <span class='ocrx_word' id='word_1_478' title='bbox 972 2474 1074 2509; x_wconf 88' lang='lat' dir='ltr'><strong>inquit,</strong></span> 
     </span>
    </p>
   </div>
   <div class='ocr_carea' id='block_1_68' title="bbox 289 2517 1073 2554">
    <p class='ocr_par' dir='ltr' id='par_1_68' title="bbox 289 2517 1073 2554">
     <span class='ocr_line' id='line_1_68' title="bbox 289 2517 1073 2554; baseline 0.003 -10"><span class='ocrx_word' id='word_1_479' title='bbox 289 2517 414 2549; x_wconf 82' lang='lat' dir='ltr'><strong>laeseris,</strong></span> <span class='ocrx_word' id='word_1_480' title='bbox 432 2526 482 2545; x_wconf 87' lang='lat' dir='ltr'><strong>nec</strong></span> <span class='ocrx_word' id='word_1_481' title='bbox 499 2526 663 2554; x_wconf 89' lang='lat' dir='ltr'><strong>quemquam</strong></span> <span class='ocrx_word' id='word_1_482' title='bbox 680 2520 921 2547; x_wconf 88' lang='lat' dir='ltr'><strong>condemnaveris.</strong></span> <span class='ocrx_word' id='word_1_483' title='bbox 939 2518 1012 2547; x_wconf 85' lang='lat' dir='ltr'><strong>llaec</strong></span> <span class='ocrx_word' id='word_1_484' title='bbox 1022 2519 1073 2546; x_wconf 89' lang='lat' dir='ltr'><strong>ob-</strong></span> 
     </span>
    </p>
   </div>
   <div class='ocr_carea' id='block_1_69' title="bbox 289 2564 596 2592">
    <p class='ocr_par' dir='ltr' id='par_1_69' title="bbox 289 2564 596 2592">
     <span class='ocr_line' id='line_1_69' title="bbox 289 2564 596 2592; baseline 0.007 -2"><span class='ocrx_word' id='word_1_485' title='bbox 289 2571 368 2590; x_wconf 83' lang='lat' dir='ltr'><strong>serva</strong></span> <span class='ocrx_word' id='word_1_486' title='bbox 387 2567 414 2590; x_wconf 89' lang='lat' dir='ltr'><strong>et</strong></span> <span class='ocrx_word' id='word_1_487' title='bbox 434 2564 596 2592; x_wconf 83' lang='lat' dir='ltr'><strong>salvabcris.</strong></span> 
     </span>
    </p>
   </div>
   <div class='ocr_carea' id='block_1_70' title="bbox 325 2609 1072 2638">
    <p class='ocr_par' dir='ltr' id='par_1_70' title="bbox 325 2609 1072 2638">
     <span class='ocr_line' id='line_1_70' title="bbox 325 2609 1072 2638; baseline 0.003 -3"><span class='ocrx_word' id='word_1_488' title='bbox 325 2609 369 2636; x_wconf 89' lang='lat'><strong>29.</strong></span> <span class='ocrx_word' id='word_1_489' title='bbox 390 2609 525 2637; x_wconf 86' lang='lat' dir='ltr'><strong>Macarius</strong></span> <span class='ocrx_word' id='word_1_490' title='bbox 539 2610 625 2638; x_wconf 89' lang='lat' dir='ltr'><strong>abbas</strong></span> <span class='ocrx_word' id='word_1_491' title='bbox 639 2611 728 2638; x_wconf 83' lang='lat' dir='ltr'><strong>dixit:</strong></span> <span class='ocrx_word' id='word_1_492' title='bbox 744 2610 805 2637; x_wconf 87' lang='lat' dir='ltr'><strong>Noli</strong></span> <span class='ocrx_word' id='word_1_493' title='bbox 825 2610 945 2638; x_wconf 87' lang='lat' dir='ltr'><strong>dormire</strong></span> <span class='ocrx_word' id='word_1_494' title='bbox 958 2611 986 2637; x_wconf 88' lang='lat' dir='ltr'><strong>in</strong></span> <span class='ocrx_word' id='word_1_495' title='bbox 1003 2610 1072 2638; x_wconf 87' lang='lat' dir='ltr'><strong>cella</strong></span> 
     </span>
    </p>
   </div>
   <div class='ocr_carea' id='block_1_71' title="bbox 291 2654 778 2692">
    <p class='ocr_par' dir='ltr' id='par_1_71' title="bbox 291 2654 778 2692">
     <span class='ocr_line' id='line_1_71' title="bbox 291 2654 778 2692; baseline 0.004 -11"><span class='ocrx_word' id='word_1_496' title='bbox 291 2654 393 2687; x_wconf 86' lang='lat' dir='ltr'><strong>fratris,</strong></span> <span class='ocrx_word' id='word_1_497' title='bbox 408 2663 489 2683; x_wconf 85' lang='lat' dir='ltr'><strong>auem</strong></span> <span class='ocrx_word' id='word_1_498' title='bbox 507 2656 578 2683; x_wconf 88' lang='lat' dir='ltr'><strong>mala</strong></span> <span class='ocrx_word' id='word_1_499' title='bbox 599 2656 671 2684; x_wconf 92' lang='lat' dir='ltr'><strong>fama</strong></span> <span class='ocrx_word' id='word_1_500' title='bbox 689 2657 778 2692; x_wconf 88' lang='lat' dir='ltr'><strong>petiit.</strong></span> 
     </span>
    </p>
   </div>
   <div class='ocr_carea' id='block_1_72' title="bbox 1133 936 1919 975">
    <p class='ocr_par' dir='ltr' id='par_1_72' title="bbox 1133 936 1919 975">
     <span class='ocr_line' id='line_1_72' title="bbox 1133 936 1919 975; baseline -0.005 -9"><span class='ocrx_word' id='word_1_501' title='bbox 1133 939 1180 975; x_wconf 64' lang='lat' dir='ltr'><strong>ua}</strong></span> <span class='ocrx_word' id='word_1_502' title='bbox 1194 938 1313 970; x_wconf 85' lang='grc' dir='ltr'>ἀκούσας</span> <span class='ocrx_word' id='word_1_503' title='bbox 1322 940 1336 965; x_wconf 85' lang='grc' dir='ltr'>ὀ</span> <span class='ocrx_word' id='word_1_504' title='bbox 1349 938 1436 970; x_wconf 80' lang='grc' dir='ltr'>ἀϐὖᾶς</span> <span class='ocrx_word' id='word_1_505' title='bbox 1446 939 1589 972; x_wconf 78' lang='grc' dir='ltr'><strong>Μακάριος</strong></span> <span class='ocrx_word' id='word_1_506' title='bbox 1602 937 1750 972; x_wconf 73' lang='grc' dir='ltr'>ἐθαύμασε.</span> <span class='ocrx_word' id='word_1_507' title='bbox 1764 937 1811 963; x_wconf 77' lang='grc' dir='ltr'>καὶ</span> <span class='ocrx_word' id='word_1_508' title='bbox 1826 936 1919 970; x_wconf 82' lang='grc' dir='ltr'>λέγου-</span> 
     </span>
    </p>
   </div>
   <div class='ocr_carea' id='block_1_73' title="bbox 1135 983 1917 1020">
    <p class='ocr_par' dir='ltr' id='par_1_73' title="bbox 1135 983 1917 1020">
     <span class='ocr_line' id='line_1_73' title="bbox 1135 983 1917 1020; baseline -0.005 -8"><span class='ocrx_word' id='word_1_509' title='bbox 1135 994 1176 1012; x_wconf 78' lang='grc' dir='ltr'><strong>σιν</strong></span> <span class='ocrx_word' id='word_1_510' title='bbox 1193 985 1266 1020; x_wconf 79' lang='grc' dir='ltr'>αὐτῷ</span> <span class='ocrx_word' id='word_1_511' title='bbox 1279 986 1304 1011; x_wconf 79' lang='grc' dir='ltr'><strong>οἱ</strong></span> <span class='ocrx_word' id='word_1_512' title='bbox 1320 985 1447 1019; x_wconf 80' lang='grc' dir='ltr'>ἀδελφοί·</span> <span class='ocrx_word' id='word_1_513' title='bbox 1463 984 1489 1011; x_wconf 83' lang='grc' dir='ltr'><strong>τί</strong></span> <span class='ocrx_word' id='word_1_514' title='bbox 1505 985 1562 1011; x_wconf 80' lang='grc' dir='ltr'>ἐστι</span> <span class='ocrx_word' id='word_1_515' title='bbox 1577 984 1606 1010; x_wconf 73' lang='grc' dir='ltr'>τὸ</span> <span class='ocrx_word' id='word_1_516' title='bbox 1627 984 1702 1019; x_wconf 75' lang='grc' dir='ltr'>ῥῆμα</span> <span class='ocrx_word' id='word_1_517' title='bbox 1715 983 1802 1015; x_wconf 77' lang='grc' dir='ltr'>τοῦτο,</span> <span class='ocrx_word' id='word_1_518' title='bbox 1819 983 1917 1018; x_wconf 83' lang='grc' dir='ltr'>πάτερ,</span> 
     </span>
    </p>
   </div>
   <div class='ocr_carea' id='block_1_74' title="bbox 1132 1029 1916 1067">
    <p class='ocr_par' dir='ltr' id='par_1_74' title="bbox 1132 1029 1916 1067">
     <span class='ocr_line' id='line_1_74' title="bbox 1132 1029 1916 1067; baseline -0.005 -9"><span class='ocrx_word' id='word_1_519' title='bbox 1132 1031 1173 1058; x_wconf 80' lang='grc' dir='ltr'><strong>ὅτι</strong></span> <span class='ocrx_word' id='word_1_520' title='bbox 1200 1031 1376 1067; x_wconf 78' lang='grc' dir='ltr'>ὲθαύμασας;</span> <span class='ocrx_word' id='word_1_521' title='bbox 1497 1030 1543 1056; x_wconf 77' lang='grc' dir='ltr'>καὶ</span> <span class='ocrx_word' id='word_1_522' title='bbox 1564 1029 1638 1063; x_wconf 82' lang='grc' dir='ltr'>λέγει</span> <span class='ocrx_word' id='word_1_523' title='bbox 1660 1030 1753 1060; x_wconf 75' lang='grc' dir='ltr'>αὐτοῖς</span> <span class='ocrx_word' id='word_1_524' title='bbox 1773 1029 1787 1054; x_wconf 83' lang='grc' dir='ltr'>ὁ</span> <span class='ocrx_word' id='word_1_525' title='bbox 1811 1029 1916 1064; x_wconf 88' lang='grc' dir='ltr'>γέρων·</span> 
     </span>
    </p>
   </div>
   <div class='ocr_carea' id='block_1_75' title="bbox 1132 1075 1920 1112">
    <p class='ocr_par' dir='ltr' id='par_1_75' title="bbox 1132 1075 1920 1112">
     <span class='ocr_line' id='line_1_75' title="bbox 1132 1075 1920 1112; baseline -0.005 -8"><span class='ocrx_word' id='word_1_526' title='bbox 1132 1077 1240 1112; x_wconf 84' lang='grc' dir='ltr'>ἀληθῶς</span> <span class='ocrx_word' id='word_1_527' title='bbox 1257 1077 1270 1104; x_wconf 87' lang='grc' dir='ltr'><strong>ὀ</strong></span> <span class='ocrx_word' id='word_1_528' title='bbox 1297 1076 1389 1112; x_wconf 81' lang='grc' dir='ltr'>κύριος</span> <span class='ocrx_word' id='word_1_529' title='bbox 1414 1076 1493 1112; x_wconf 79' lang='grc' dir='ltr'>ἡμῶν</span> <span class='ocrx_word' id='word_1_530' title='bbox 1519 1075 1645 1107; x_wconf 81' lang='grc' dir='ltr'>πλούσιός</span> <span class='ocrx_word' id='word_1_531' title='bbox 1665 1076 1723 1102; x_wconf 80' lang='grc' dir='ltr'>ἐστι</span> <span class='ocrx_word' id='word_1_532' title='bbox 1747 1075 1795 1101; x_wconf 63' lang='grc' dir='ltr'>καὶ</span> <span class='ocrx_word' id='word_1_533' title='bbox 1823 1075 1920 1109; x_wconf 74' lang='grc' dir='ltr'>ἀγαπᾷ.</span> 
     </span>
    </p>
   </div>
   <div class='ocr_carea' id='block_1_76' title="bbox 1133 1119 1920 1159">
    <p class='ocr_par' dir='ltr' id='par_1_76' title="bbox 1133 1119 1920 1159">
     <span class='ocr_line' id='line_1_76' title="bbox 1133 1119 1920 1159; baseline -0.006 -9"><span class='ocrx_word' id='word_1_534' title='bbox 1133 1123 1216 1159; x_wconf 80' lang='grc' dir='ltr'>ἡμᾶς,</span> <span class='ocrx_word' id='word_1_535' title='bbox 1237 1123 1284 1150; x_wconf 74' lang='grc' dir='ltr'>καὶ</span> <span class='ocrx_word' id='word_1_536' title='bbox 1297 1123 1328 1149; x_wconf 82' lang='grc' dir='ltr'>οὐ</span> <span class='ocrx_word' id='word_1_537' title='bbox 1353 1121 1466 1157; x_wconf 76' lang='grc' dir='ltr'>θέλομεν</span> <span class='ocrx_word' id='word_1_538' title='bbox 1482 1121 1564 1148; x_wconf 77' lang='grc' dir='ltr'>αὐτοῦ</span> <span class='ocrx_word' id='word_1_539' title='bbox 1584 1120 1717 1148; x_wconf 76' lang='grc' dir='ltr'>ἀκοῦσαι·</span> <span class='ocrx_word' id='word_1_540' title='bbox 1735 1121 1749 1146; x_wconf 82' lang='grc' dir='ltr'><strong><em>ὸ</em></strong></span> <span class='ocrx_word' id='word_1_541' title='bbox 1771 1120 1799 1146; x_wconf 81' lang='grc' dir='ltr'>δὲ</span> <span class='ocrx_word' id='word_1_542' title='bbox 1822 1119 1920 1155; x_wconf 78' lang='grc' dir='ltr'>ἐχθρὸς</span> 
     </span>
    </p>
   </div>
   <div class='ocr_carea' id='block_1_77' title="bbox 1132 1166 1920 1204">
    <p class='ocr_par' dir='ltr' id='par_1_77' title="bbox 1132 1166 1920 1204">
     <span class='ocr_line' id='line_1_77' title="bbox 1132 1166 1920 1204; baseline -0.005 -9"><span class='ocrx_word' id='word_1_543' title='bbox 1132 1170 1148 1204; x_wconf 87' lang='grc' dir='ltr'>ἡ</span> <span class='ocrx_word' id='word_1_544' title='bbox 1153 1169 1210 1204; x_wconf 87' lang='grc' dir='ltr'><strong>μῶν</strong></span> <span class='ocrx_word' id='word_1_545' title='bbox 1222 1167 1342 1200; x_wconf 75' lang='grc' dir='ltr'>διάϐολος</span> <span class='ocrx_word' id='word_1_546' title='bbox 1356 1168 1462 1203; x_wconf 82' lang='grc' dir='ltr'>πτωχός</span> <span class='ocrx_word' id='word_1_547' title='bbox 1476 1168 1534 1194; x_wconf 75' lang='grc' dir='ltr'>ἐστι</span> <span class='ocrx_word' id='word_1_548' title='bbox 1550 1167 1597 1194; x_wconf 80' lang='grc' dir='ltr'>καὶ</span> <span class='ocrx_word' id='word_1_549' title='bbox 1611 1168 1684 1202; x_wconf 88' lang='grc' dir='ltr'><strong>μισεί</strong></span> <span class='ocrx_word' id='word_1_550' title='bbox 1696 1167 1778 1202; x_wconf 77' lang='grc' dir='ltr'>ἡμᾶς,</span> <span class='ocrx_word' id='word_1_551' title='bbox 1790 1166 1836 1192; x_wconf 80' lang='grc' dir='ltr'>καὶ</span> <span class='ocrx_word' id='word_1_552' title='bbox 1848 1166 1920 1200; x_wconf 84' lang='grc' dir='ltr'>ἁγα-</span> 
     </span>
    </p>
   </div>
   <div class='ocr_carea' id='block_1_78' title="bbox 1133 1213 1583 1249">
    <p class='ocr_par' dir='ltr' id='par_1_78' title="bbox 1133 1213 1583 1249">
     <span class='ocr_line' id='line_1_78' title="bbox 1133 1213 1583 1249; baseline -0.004 -8"><span class='ocrx_word' id='word_1_553' title='bbox 1133 1215 1228 1249; x_wconf 85' lang='grc' dir='ltr'>πῶμεν</span> <span class='ocrx_word' id='word_1_554' title='bbox 1243 1213 1324 1240; x_wconf 81' lang='grc' dir='ltr'><strong>αὑτοῦ</strong></span> <span class='ocrx_word' id='word_1_555' title='bbox 1341 1214 1390 1249; x_wconf 87' lang='grc' dir='ltr'>τὴν</span> <span class='ocrx_word' id='word_1_556' title='bbox 1403 1213 1583 1249; x_wconf 79' lang='grc' dir='ltr'>ἀκαθαρσίαν.</span> 
     </span>
    </p>
   </div>
   <div class='ocr_carea' id='block_1_79' title="bbox 1167 1257 1919 1296">
    <p class='ocr_par' dir='ltr' id='par_1_79' title="bbox 1167 1257 1919 1296">
     <span class='ocr_line' id='line_1_79' title="bbox 1167 1257 1919 1296; baseline -0.007 -8"><span class='ocrx_word' id='word_1_557' title='bbox 1167 1261 1212 1288; x_wconf 84' lang='lat'><strong>25.</strong></span> <span class='ocrx_word' id='word_1_558' title='bbox 1239 1261 1428 1296; x_wconf 84' lang='grc' dir='ltr'>Παρεκάλεσεν</span> <span class='ocrx_word' id='word_1_559' title='bbox 1451 1261 1466 1286; x_wconf 86' lang='grc' dir='ltr'><strong>ὁ</strong></span> <span class='ocrx_word' id='word_1_560' title='bbox 1493 1259 1580 1290; x_wconf 79' lang='grc' dir='ltr'>ἀθϐἇς</span> <span class='ocrx_word' id='word_1_561' title='bbox 1604 1258 1709 1294; x_wconf 83' lang='grc' dir='ltr'>Ποιμὴν</span> <span class='ocrx_word' id='word_1_562' title='bbox 1736 1258 1818 1285; x_wconf 76' lang='grc' dir='ltr'>αὑτὸν</span> <span class='ocrx_word' id='word_1_563' title='bbox 1847 1257 1919 1293; x_wconf 84' lang='grc' dir='ltr'><strong>μετά</strong></span> 
     </span>
    </p>
   </div>
   <div class='ocr_carea' id='block_1_80' title="bbox 1132 1303 1918 1342">
    <p class='ocr_par' dir='ltr' id='par_1_80' title="bbox 1132 1303 1918 1342">
     <span class='ocr_line' id='line_1_80' title="bbox 1132 1303 1918 1342; baseline -0.005 -9"><span class='ocrx_word' id='word_1_564' title='bbox 1132 1307 1238 1333; x_wconf 78' lang='grc' dir='ltr'>πολλῶν</span> <span class='ocrx_word' id='word_1_565' title='bbox 1255 1306 1379 1342; x_wconf 79' lang='grc' dir='ltr'>δακρύων</span> <span class='ocrx_word' id='word_1_566' title='bbox 1392 1306 1479 1340; x_wconf 85' lang='grc' dir='ltr'>λέγων</span> <span class='ocrx_word' id='word_1_567' title='bbox 1490 1314 1496 1321; x_wconf 93' lang='grc'><strong>·</strong></span> <span class='ocrx_word' id='word_1_568' title='bbox 1519 1305 1579 1331; x_wconf 84' lang='grc' dir='ltr'>εἰπέ</span> <span class='ocrx_word' id='word_1_569' title='bbox 1602 1314 1645 1340; x_wconf 84' lang='grc' dir='ltr'><strong>μοι</strong></span> <span class='ocrx_word' id='word_1_570' title='bbox 1663 1305 1737 1340; x_wconf 74' lang='grc' dir='ltr'><strong>ρἦα</strong></span> <span class='ocrx_word' id='word_1_571' title='bbox 1753 1304 1810 1333; x_wconf 79' lang='grc' dir='ltr'><strong>πῶς</strong></span> <span class='ocrx_word' id='word_1_572' title='bbox 1828 1303 1918 1330; x_wconf 82' lang='grc' dir='ltr'>σωθῶ.</span> 
     </span>
    </p>
   </div>
   <div class='ocr_carea' id='block_1_81' title="bbox 1132 1345 1917 1385">
    <p class='ocr_par' dir='ltr' id='par_1_81' title="bbox 1132 1345 1917 1385">
     <span class='ocr_line' id='line_1_81' title="bbox 1132 1345 1917 1385; baseline -0.005 -9"><span class='ocrx_word' id='word_1_573' title='bbox 1132 1349 1292 1385; x_wconf 83' lang='grc' dir='ltr'>ἀποκριθεὶς</span> <span class='ocrx_word' id='word_1_574' title='bbox 1313 1349 1341 1375; x_wconf 82' lang='grc' dir='ltr'>δὲ</span> <span class='ocrx_word' id='word_1_575' title='bbox 1356 1350 1371 1375; x_wconf 82' lang='grc' dir='ltr'>ὁ</span> <span class='ocrx_word' id='word_1_576' title='bbox 1393 1348 1481 1383; x_wconf 86' lang='grc' dir='ltr'>γέρων</span> <span class='ocrx_word' id='word_1_577' title='bbox 1499 1345 1575 1374; x_wconf 82' lang='grc' dir='ltr'>εἶπεν</span> <span class='ocrx_word' id='word_1_578' title='bbox 1599 1347 1692 1382; x_wconf 79' lang='grc' dir='ltr'>αὐτῷ’</span> <span class='ocrx_word' id='word_1_579' title='bbox 1718 1347 1748 1373; x_wconf 81' lang='grc' dir='ltr'>τὸ</span> <span class='ocrx_word' id='word_1_580' title='bbox 1774 1346 1917 1381; x_wconf 80' lang='grc' dir='ltr'>πρᾶγμαὸ</span> 
     </span>
    </p>
   </div>
   <div class='ocr_carea' id='block_1_82' title="bbox 1132 1392 1706 1431">
    <p class='ocr_par' dir='ltr' id='par_1_82' title="bbox 1132 1392 1706 1431">
     <span class='ocr_line' id='line_1_82' title="bbox 1132 1392 1706 1431; baseline -0.003 -9"><span class='ocrx_word' id='word_1_581' title='bbox 1132 1395 1233 1431; x_wconf 82' lang='grc' dir='ltr'><strong>ζητεῖς,</strong></span> <span class='ocrx_word' id='word_1_582' title='bbox 1252 1395 1355 1430; x_wconf 80' lang='grc' dir='ltr'>ἀπῆλθε</span> <span class='ocrx_word' id='word_1_583' title='bbox 1371 1395 1418 1422; x_wconf 78' lang='grc' dir='ltr'>νῦν</span> <span class='ocrx_word' id='word_1_584' title='bbox 1434 1394 1488 1421; x_wconf 82' lang='grc' dir='ltr'><strong>ἀπὺ</strong></span> <span class='ocrx_word' id='word_1_585' title='bbox 1504 1394 1558 1420; x_wconf 85' lang='grc' dir='ltr'><strong>τῶν</strong></span> <span class='ocrx_word' id='word_1_586' title='bbox 1571 1392 1706 1429; x_wconf 86' lang='grc' dir='ltr'>μοναχῶν.</span> 
     </span>
    </p>
   </div>
   <div class='ocr_carea' id='block_1_83' title="bbox 1167 1435 1920 1476">
    <p class='ocr_par' dir='ltr' id='par_1_83' title="bbox 1167 1435 1920 1476">
     <span class='ocr_line' id='line_1_83' title="bbox 1167 1435 1920 1476; baseline -0.007 -9"><span class='ocrx_word' id='word_1_587' title='bbox 1167 1440 1211 1468; x_wconf 89' lang='lat'><strong>26.</strong></span> <span class='ocrx_word' id='word_1_588' title='bbox 1234 1440 1378 1476; x_wconf 80' lang='grc' dir='ltr'>Παρέϐαλέ</span> <span class='ocrx_word' id='word_1_589' title='bbox 1404 1448 1468 1466; x_wconf 88' lang='grc' dir='ltr'>ποτε</span> <span class='ocrx_word' id='word_1_590' title='bbox 1487 1441 1501 1466; x_wconf 88' lang='grc' dir='ltr'><strong>ὀ</strong></span> <span class='ocrx_word' id='word_1_591' title='bbox 1525 1439 1612 1470; x_wconf 78' lang='grc' dir='ltr'>ἀϐὃᾶς</span> <span class='ocrx_word' id='word_1_592' title='bbox 1627 1438 1769 1473; x_wconf 79' lang='grc' dir='ltr'>Μακάριος</span> <span class='ocrx_word' id='word_1_593' title='bbox 1783 1436 1821 1472; x_wconf 83' lang='grc' dir='ltr'>τῷ</span> <span class='ocrx_word' id='word_1_594' title='bbox 1844 1435 1920 1471; x_wconf 77' lang='grc' dir='ltr'><strong>ἀὸϐᾷ</strong></span> 
     </span>
    </p>
   </div>
   <div class='ocr_carea' id='block_1_84' title="bbox 1139 1482 1919 1521">
    <p class='ocr_par' dir='ltr' id='par_1_84' title="bbox 1139 1482 1919 1521">
     <span class='ocr_line' id='line_1_84' title="bbox 1139 1482 1919 1521; baseline -0.006 -8"><span class='ocrx_word' id='word_1_595' title='bbox 1139 1486 1271 1521; x_wconf 80' lang='grc' dir='ltr'><strong>Ἀντωνίῳ</strong></span> <span class='ocrx_word' id='word_1_596' title='bbox 1281 1495 1288 1501; x_wconf 95' lang='grc'><strong>·</strong></span> <span class='ocrx_word' id='word_1_597' title='bbox 1307 1486 1354 1513; x_wconf 76' lang='grc' dir='ltr'><strong>καὶ</strong></span> <span class='ocrx_word' id='word_1_598' title='bbox 1368 1485 1486 1520; x_wconf 85' lang='grc' dir='ltr'>λαλήσας</span> <span class='ocrx_word' id='word_1_599' title='bbox 1501 1484 1575 1519; x_wconf 88' lang='grc' dir='ltr'><strong>αὺτῷ</strong></span> <span class='ocrx_word' id='word_1_600' title='bbox 1604 1483 1773 1519; x_wconf 81' lang='grc' dir='ltr'>ὑπέστρεψεν</span> <span class='ocrx_word' id='word_1_601' title='bbox 1790 1483 1830 1514; x_wconf 85' lang='grc' dir='ltr'><strong>εἰς</strong></span> <span class='ocrx_word' id='word_1_602' title='bbox 1844 1482 1919 1516; x_wconf 83' lang='grc' dir='ltr'><strong>Σκῆ-</strong></span> 
     </span>
    </p>
   </div>
   <div class='ocr_carea' id='block_1_85' title="bbox 1131 1527 1919 1567">
    <p class='ocr_par' dir='ltr' id='par_1_85' title="bbox 1131 1527 1919 1567">
     <span class='ocr_line' id='line_1_85' title="bbox 1131 1527 1919 1567; baseline -0.005 -9"><span class='ocrx_word' id='word_1_603' title='bbox 1131 1541 1174 1559; x_wconf 86' lang='grc' dir='ltr'><strong>τιν</strong></span> <span class='ocrx_word' id='word_1_604' title='bbox 1184 1540 1191 1546; x_wconf 94' lang='grc'><strong>·</strong></span> <span class='ocrx_word' id='word_1_605' title='bbox 1213 1531 1259 1558; x_wconf 75' lang='grc' dir='ltr'>καὶ</span> <span class='ocrx_word' id='word_1_606' title='bbox 1275 1529 1356 1567; x_wconf 81' lang='grc' dir='ltr'>ἦλθον</span> <span class='ocrx_word' id='word_1_607' title='bbox 1375 1532 1400 1558; x_wconf 80' lang='grc' dir='ltr'><strong>οἱ</strong></span> <span class='ocrx_word' id='word_1_608' title='bbox 1412 1530 1529 1566; x_wconf 80' lang='grc' dir='ltr'>πατέρες</span> <span class='ocrx_word' id='word_1_609' title='bbox 1540 1531 1581 1562; x_wconf 83' lang='grc' dir='ltr'>εὶς</span> <span class='ocrx_word' id='word_1_610' title='bbox 1595 1530 1748 1564; x_wconf 83' lang='grc' dir='ltr'>ἀπάντησιν</span> <span class='ocrx_word' id='word_1_611' title='bbox 1759 1527 1840 1555; x_wconf 78' lang='grc' dir='ltr'>αὐτοῦ</span> <span class='ocrx_word' id='word_1_612' title='bbox 1850 1537 1857 1544; x_wconf 88' lang='grc'><strong>·</strong></span> <span class='ocrx_word' id='word_1_613' title='bbox 1869 1528 1919 1555; x_wconf 81' lang='grc' dir='ltr'>καὶ</span> 
     </span>
    </p>
   </div>
   <div class='ocr_carea' id='block_1_86' title="bbox 1130 1574 1918 1611">
    <p class='ocr_par' dir='ltr' id='par_1_86' title="bbox 1130 1574 1918 1611">
     <span class='ocr_line' id='line_1_86' title="bbox 1130 1574 1918 1611; baseline -0.005 -7"><span class='ocrx_word' id='word_1_614' title='bbox 1130 1578 1169 1609; x_wconf 85' lang='grc' dir='ltr'>ὡς</span> <span class='ocrx_word' id='word_1_615' title='bbox 1190 1577 1311 1610; x_wconf 78' lang='grc' dir='ltr'>ἐλάλουν,</span> <span class='ocrx_word' id='word_1_616' title='bbox 1337 1575 1412 1603; x_wconf 78' lang='grc' dir='ltr'>εἶπεν</span> <span class='ocrx_word' id='word_1_617' title='bbox 1426 1577 1519 1608; x_wconf 77' lang='grc' dir='ltr'>αὐτοῖς</span> <span class='ocrx_word' id='word_1_618' title='bbox 1544 1577 1559 1602; x_wconf 82' lang='grc' dir='ltr'>ὁ</span> <span class='ocrx_word' id='word_1_619' title='bbox 1582 1575 1688 1611; x_wconf 86' lang='grc' dir='ltr'>γέρων·</span> <span class='ocrx_word' id='word_1_620' title='bbox 1707 1575 1774 1610; x_wconf 77' lang='grc' dir='ltr'>ἔφην</span> <span class='ocrx_word' id='word_1_621' title='bbox 1792 1574 1830 1609; x_wconf 84' lang='grc' dir='ltr'><strong>τῷ</strong></span> <span class='ocrx_word' id='word_1_622' title='bbox 1845 1574 1918 1610; x_wconf 73' lang='grc' dir='ltr'>ἀῦσᾷ</span> 
     </span>
    </p>
   </div>
   <div class='ocr_carea' id='block_1_87' title="bbox 1136 1619 1920 1658">
    <p class='ocr_par' dir='ltr' id='par_1_87' title="bbox 1136 1619 1920 1658">
     <span class='ocr_line' id='line_1_87' title="bbox 1136 1619 1920 1658; baseline -0.006 -8"><span class='ocrx_word' id='word_1_623' title='bbox 1136 1623 1280 1658; x_wconf 67' lang='grc' dir='ltr'>Ἀντωνίῳ,</span> <span class='ocrx_word' id='word_1_624' title='bbox 1308 1623 1345 1654; x_wconf 81' lang='grc' dir='ltr'>ὡς</span> <span class='ocrx_word' id='word_1_625' title='bbox 1361 1623 1412 1649; x_wconf 79' lang='grc' dir='ltr'><strong>οὐκ</strong></span> <span class='ocrx_word' id='word_1_626' title='bbox 1430 1622 1527 1657; x_wconf 75' lang='grc' dir='ltr'>ἔχομεν</span> <span class='ocrx_word' id='word_1_627' title='bbox 1551 1620 1708 1657; x_wconf 79' lang='grc' dir='ltr'>προσφορὰν</span> <span class='ocrx_word' id='word_1_628' title='bbox 1731 1621 1760 1647; x_wconf 83' lang='grc' dir='ltr'>ὲν</span> <span class='ocrx_word' id='word_1_629' title='bbox 1784 1619 1821 1655; x_wconf 83' lang='grc' dir='ltr'>τῷ</span> <span class='ocrx_word' id='word_1_630' title='bbox 1840 1620 1920 1655; x_wconf 81' lang='grc' dir='ltr'>τόπῳ</span> 
     </span>
    </p>
   </div>
   <div class='ocr_carea' id='block_1_88' title="bbox 1130 1666 1917 1705">
    <p class='ocr_par' dir='ltr' id='par_1_88' title="bbox 1130 1666 1917 1705">
     <span class='ocr_line' id='line_1_88' title="bbox 1130 1666 1917 1705; baseline -0.005 -9"><span class='ocrx_word' id='word_1_631' title='bbox 1130 1669 1220 1705; x_wconf 86' lang='grc' dir='ltr'>ήμῶν.</span> <span class='ocrx_word' id='word_1_632' title='bbox 1238 1669 1286 1696; x_wconf 75' lang='grc' dir='ltr'>καὶ</span> <span class='ocrx_word' id='word_1_633' title='bbox 1308 1668 1425 1705; x_wconf 69' lang='grc' dir='ltr'>ἤρξαντο</span> <span class='ocrx_word' id='word_1_634' title='bbox 1441 1669 1466 1694; x_wconf 86' lang='grc' dir='ltr'><strong>οἱ</strong></span> <span class='ocrx_word' id='word_1_635' title='bbox 1486 1667 1603 1703; x_wconf 80' lang='grc' dir='ltr'>πατέρες</span> <span class='ocrx_word' id='word_1_636' title='bbox 1618 1667 1706 1693; x_wconf 84' lang='grc' dir='ltr'>λαλεῖν</span> <span class='ocrx_word' id='word_1_637' title='bbox 1730 1666 1792 1701; x_wconf 82' lang='grc' dir='ltr'>περὶ</span> <span class='ocrx_word' id='word_1_638' title='bbox 1816 1666 1917 1697; x_wconf 80' lang='grc' dir='ltr'>ἄλλων.</span> 
     </span>
    </p>
   </div>
   <div class='ocr_carea' id='block_1_89' title="bbox 1130 1712 1918 1751">
    <p class='ocr_par' dir='ltr' id='par_1_89' title="bbox 1130 1712 1918 1751">
     <span class='ocr_line' id='line_1_89' title="bbox 1130 1712 1918 1751; baseline -0.006 -8"><span class='ocrx_word' id='word_1_639' title='bbox 1130 1717 1178 1743; x_wconf 77' lang='grc' dir='ltr'>καὶ</span> <span class='ocrx_word' id='word_1_640' title='bbox 1193 1717 1244 1742; x_wconf 85' lang='grc' dir='ltr'><strong>οὐκ</strong></span> <span class='ocrx_word' id='word_1_641' title='bbox 1265 1714 1410 1751; x_wconf 74' lang='grc' dir='ltr'>ἠρώτησαν</span> <span class='ocrx_word' id='word_1_642' title='bbox 1427 1714 1467 1740; x_wconf 74' lang='grc' dir='ltr'>ἔτι</span> <span class='ocrx_word' id='word_1_643' title='bbox 1485 1714 1580 1749; x_wconf 86' lang='grc' dir='ltr'>μαθεῖν</span> <span class='ocrx_word' id='word_1_644' title='bbox 1603 1713 1660 1748; x_wconf 83' lang='grc' dir='ltr'>τὴν·</span> <span class='ocrx_word' id='word_1_645' title='bbox 1673 1712 1817 1748; x_wconf 84' lang='grc' dir='ltr'>ἀπόκρισιν</span> <span class='ocrx_word' id='word_1_646' title='bbox 1840 1712 1918 1747; x_wconf 82' lang='grc' dir='ltr'>παρὰ</span> 
     </span>
    </p>
   </div>
   <div class='ocr_carea' id='block_1_90' title="bbox 1129 1756 1918 1797">
    <p class='ocr_par' dir='ltr' id='par_1_90' title="bbox 1129 1756 1918 1797">
     <span class='ocr_line' id='line_1_90' title="bbox 1129 1756 1918 1797; baseline -0.006 -8"><span class='ocrx_word' id='word_1_647' title='bbox 1129 1762 1177 1789; x_wconf 82' lang='grc' dir='ltr'>τοῦ</span> <span class='ocrx_word' id='word_1_648' title='bbox 1202 1762 1339 1797; x_wconf 79' lang='grc' dir='ltr'>γέροντος,</span> <span class='ocrx_word' id='word_1_649' title='bbox 1356 1760 1418 1786; x_wconf 77' lang='grc' dir='ltr'>οὕτε</span> <span class='ocrx_word' id='word_1_650' title='bbox 1434 1761 1448 1786; x_wconf 88' lang='grc' dir='ltr'>ὁ</span> <span class='ocrx_word' id='word_1_651' title='bbox 1469 1760 1559 1795; x_wconf 86' lang='grc' dir='ltr'>γέρων</span> <span class='ocrx_word' id='word_1_652' title='bbox 1576 1759 1668 1790; x_wconf 75' lang='grc' dir='ltr'>αὐτοῖς</span> <span class='ocrx_word' id='word_1_653' title='bbox 1682 1757 1752 1785; x_wconf 79' lang='grc' dir='ltr'>εἷπε.</span> <span class='ocrx_word' id='word_1_654' title='bbox 1770 1758 1849 1785; x_wconf 82' lang='grc' dir='ltr'>τοῦτο</span> <span class='ocrx_word' id='word_1_655' title='bbox 1869 1756 1918 1784; x_wconf 77' lang='grc' dir='ltr'><strong>οὖν</strong></span> 
     </span>
    </p>
   </div>
   <div class='ocr_carea' id='block_1_91' title="bbox 1130 1804 1919 1842">
    <p class='ocr_par' dir='ltr' id='par_1_91' title="bbox 1130 1804 1919 1842">
     <span class='ocr_line' id='line_1_91' title="bbox 1130 1804 1919 1842; baseline -0.005 -8"><span class='ocrx_word' id='word_1_656' title='bbox 1130 1807 1207 1842; x_wconf 76' lang='grc' dir='ltr'>ἐλεγέ</span> <span class='ocrx_word' id='word_1_657' title='bbox 1222 1816 1264 1838; x_wconf 87' lang='grc' dir='ltr'><strong>τις</strong></span> <span class='ocrx_word' id='word_1_658' title='bbox 1279 1807 1333 1833; x_wconf 80' lang='grc' dir='ltr'><strong>τῶν</strong></span> <span class='ocrx_word' id='word_1_659' title='bbox 1348 1806 1485 1840; x_wconf 82' lang='grc' dir='ltr'>πατέρων,</span> <span class='ocrx_word' id='word_1_660' title='bbox 1504 1805 1545 1832; x_wconf 79' lang='grc' dir='ltr'>ὅτι</span> <span class='ocrx_word' id='word_1_661' title='bbox 1568 1805 1616 1831; x_wconf 78' lang='grc' dir='ltr'>ἐὰν</span> <span class='ocrx_word' id='word_1_662' title='bbox 1638 1805 1729 1831; x_wconf 80' lang='grc' dir='ltr'>ἴδωσιν</span> <span class='ocrx_word' id='word_1_663' title='bbox 1749 1804 1773 1830; x_wconf 81' lang='grc' dir='ltr'><strong>οἱ</strong></span> <span class='ocrx_word' id='word_1_664' title='bbox 1799 1804 1919 1839; x_wconf 73' lang='grc' dir='ltr'>πατέρες</span> 
     </span>
    </p>
   </div>
   <div class='ocr_carea' id='block_1_92' title="bbox 1129 1848 1915 1884">
    <p class='ocr_par' dir='ltr' id='par_1_92' title="bbox 1129 1848 1915 1884">
     <span class='ocr_line' id='line_1_92' title="bbox 1129 1848 1915 1884; baseline -0.008 -4"><span class='ocrx_word' id='word_1_665' title='bbox 1129 1854 1170 1880; x_wconf 87' lang='grc' dir='ltr'>ὃτι</span> <span class='ocrx_word' id='word_1_666' title='bbox 1187 1852 1313 1879; x_wconf 86' lang='grc' dir='ltr'>λανθάνει</span> <span class='ocrx_word' id='word_1_667' title='bbox 1336 1852 1397 1883; x_wconf 77' lang='grc' dir='ltr'>τοὺς</span> <span class='ocrx_word' id='word_1_668' title='bbox 1423 1850 1554 1884; x_wconf 75' lang='grc' dir='ltr'>ἀδελφοὺς</span> <span class='ocrx_word' id='word_1_669' title='bbox 1572 1850 1652 1884; x_wconf 72' lang='grc'><strong>257</strong></span> <span class='ocrx_word' id='word_1_670' title='bbox 1686 1849 1716 1876; x_wconf 83' lang='grc' dir='ltr'><strong>τὸ</strong></span> <span class='ocrx_word' id='word_1_671' title='bbox 1740 1850 1764 1867; x_wconf 69' lang='grc'><strong>’⁵</strong></span> <span class='ocrx_word' id='word_1_672' title='bbox 1779 1848 1915 1884; x_wconf 81' lang='grc' dir='ltr'>ἐρωτῆσαι</span> 
     </span>
    </p>
   </div>
   <div class='ocr_carea' id='block_1_93' title="bbox 1130 1894 1918 1934">
    <p class='ocr_par' dir='ltr' id='par_1_93' title="bbox 1130 1894 1918 1934">
     <span class='ocr_line' id='line_1_93' title="bbox 1130 1894 1918 1934; baseline -0.006 -9"><span class='ocrx_word' id='word_1_673' title='bbox 1130 1899 1194 1934; x_wconf 85' lang='grc' dir='ltr'>περὶ</span> <span class='ocrx_word' id='word_1_674' title='bbox 1218 1898 1380 1933; x_wconf 85' lang='grc' dir='ltr'>πράγματος</span> <span class='ocrx_word' id='word_1_675' title='bbox 1405 1896 1572 1931; x_wconf 79' lang='grc' dir='ltr'>ὠφελοῦντος</span> <span class='ocrx_word' id='word_1_676' title='bbox 1589 1895 1697 1927; x_wconf 84' lang='grc' dir='ltr'>αὐτούς,</span> <span class='ocrx_word' id='word_1_677' title='bbox 1717 1894 1918 1928; x_wconf 81' lang='grc' dir='ltr'>ἀναγκάζουσιν</span> 
     </span>
    </p>
   </div>
   <div class='ocr_carea' id='block_1_94' title="bbox 1129 1940 1917 1977">
    <p class='ocr_par' dir='ltr' id='par_1_94' title="bbox 1129 1940 1917 1977">
     <span class='ocr_line' id='line_1_94' title="bbox 1129 1940 1917 1977; baseline -0.008 -6"><span class='ocrx_word' id='word_1_678' title='bbox 1129 1944 1243 1975; x_wconf 80' lang='grc' dir='ltr'>ἑαυτοὺς</span> <span class='ocrx_word' id='word_1_679' title='bbox 1254 1945 1342 1970; x_wconf 79' lang='grc' dir='ltr'>εἰπεῖν</span> <span class='ocrx_word' id='word_1_680' title='bbox 1358 1942 1445 1977; x_wconf 83' lang='grc' dir='ltr'>ἀρχὴν</span> <span class='ocrx_word' id='word_1_681' title='bbox 1460 1942 1507 1968; x_wconf 84' lang='grc' dir='ltr'>τοῦ</span> <span class='ocrx_word' id='word_1_682' title='bbox 1521 1942 1601 1975; x_wconf 81' lang='grc' dir='ltr'>λόγου</span> <span class='ocrx_word' id='word_1_683' title='bbox 1613 1949 1619 1956; x_wconf 90' lang='grc'><strong>·</strong></span> <span class='ocrx_word' id='word_1_684' title='bbox 1634 1941 1682 1967; x_wconf 80' lang='grc' dir='ltr'><strong>ἐὰν</strong></span> <span class='ocrx_word' id='word_1_685' title='bbox 1697 1941 1726 1967; x_wconf 77' lang='grc' dir='ltr'>δὲ</span> <span class='ocrx_word' id='word_1_686' title='bbox 1744 1940 1781 1976; x_wconf 79' lang='grc' dir='ltr'>μὴ</span> <span class='ocrx_word' id='word_1_687' title='bbox 1795 1941 1917 1973; x_wconf 84' lang='grc' dir='ltr'>ἀναγκα-</span> 
     </span>
    </p>
   </div>
   <div class='ocr_carea' id='block_1_95' title="bbox 1131 1985 1915 2026">
    <p class='ocr_par' dir='ltr' id='par_1_95' title="bbox 1131 1985 1915 2026">
     <span class='ocr_line' id='line_1_95' title="bbox 1131 1985 1915 2026; baseline -0.008 -9"><span class='ocrx_word' id='word_1_688' title='bbox 1131 1991 1215 2017; x_wconf 83' lang='grc' dir='ltr'>σθῶσι</span> <span class='ocrx_word' id='word_1_689' title='bbox 1225 1990 1302 2026; x_wconf 84' lang='grc' dir='ltr'>παρὰ</span> <span class='ocrx_word' id='word_1_690' title='bbox 1316 1989 1370 2016; x_wconf 88' lang='grc' dir='ltr'><strong>τῶν</strong></span> <span class='ocrx_word' id='word_1_691' title='bbox 1381 1987 1513 2022; x_wconf 78' lang='grc' dir='ltr'>ἀδελφῶν,</span> <span class='ocrx_word' id='word_1_692' title='bbox 1525 1988 1574 2014; x_wconf 82' lang='grc' dir='ltr'>οὐκ</span> <span class='ocrx_word' id='word_1_693' title='bbox 1584 1987 1624 2014; x_wconf 78' lang='grc' dir='ltr'>ἔτι</span> <span class='ocrx_word' id='word_1_694' title='bbox 1639 1986 1747 2013; x_wconf 78' lang='grc' dir='ltr'>λαλοῦσι</span> <span class='ocrx_word' id='word_1_695' title='bbox 1760 1985 1806 2013; x_wconf 84' lang='grc' dir='ltr'>τὸν</span> <span class='ocrx_word' id='word_1_696' title='bbox 1816 1985 1896 2019; x_wconf 71' lang='grc' dir='ltr'>λόγον</span> <span class='ocrx_word' id='word_1_697' title='bbox 1908 1993 1915 2000; x_wconf 79' lang='grc'><strong><em>⁸</em></strong></span> 
     </span>
    </p>
   </div>
   <div class='ocr_carea' id='block_1_96' title="bbox 1129 2031 1915 2073">
    <p class='ocr_par' dir='ltr' id='par_1_96' title="bbox 1129 2031 1915 2073">
     <span class='ocr_line' id='line_1_96' title="bbox 1129 2031 1915 2073; baseline -0.009 -9"><span class='ocrx_word' id='word_1_698' title='bbox 1129 2038 1173 2064; x_wconf 85' lang='grc' dir='ltr'><strong>ἴνα</strong></span> <span class='ocrx_word' id='word_1_699' title='bbox 1188 2037 1225 2073; x_wconf 89' lang='grc' dir='ltr'>μὴ</span> <span class='ocrx_word' id='word_1_700' title='bbox 1240 2035 1389 2072; x_wconf 83' lang='grc' dir='ltr'>εὑρεθῶσιν</span> <span class='ocrx_word' id='word_1_701' title='bbox 1405 2035 1442 2066; x_wconf 83' lang='grc' dir='ltr'>ὼς</span> <span class='ocrx_word' id='word_1_702' title='bbox 1459 2034 1495 2070; x_wconf 83' lang='grc' dir='ltr'>μὴ</span> <span class='ocrx_word' id='word_1_703' title='bbox 1512 2033 1720 2070; x_wconf 72' lang='grc' dir='ltr'>ἐπερωτώμενοι</span> <span class='ocrx_word' id='word_1_704' title='bbox 1734 2032 1782 2059; x_wconf 73' lang='grc' dir='ltr'>καὶ</span> <span class='ocrx_word' id='word_1_705' title='bbox 1799 2031 1915 2058; x_wconf 78' lang='grc' dir='ltr'>λαλοῦν-</span> 
     </span>
    </p>
   </div>
   <div class='ocr_carea' id='block_1_97' title="bbox 1128 2080 1650 2117">
    <p class='ocr_par' dir='ltr' id='par_1_97' title="bbox 1128 2080 1650 2117">
     <span class='ocr_line' id='line_1_97' title="bbox 1128 2080 1650 2117; baseline -0.01 -6"><span class='ocrx_word' id='word_1_706' title='bbox 1128 2093 1184 2116; x_wconf 86' lang='grc' dir='ltr'>τες.</span> <span class='ocrx_word' id='word_1_707' title='bbox 1199 2084 1247 2110; x_wconf 77' lang='grc' dir='ltr'>καὶ</span> <span class='ocrx_word' id='word_1_708' title='bbox 1260 2083 1298 2114; x_wconf 84' lang='grc' dir='ltr'>ὡς</span> <span class='ocrx_word' id='word_1_709' title='bbox 1313 2081 1461 2117; x_wconf 83' lang='grc' dir='ltr'>ἀργολογια</span> <span class='ocrx_word' id='word_1_710' title='bbox 1480 2080 1650 2116; x_wconf 79' lang='grc' dir='ltr'>εὑρίσκεται.</span> 
     </span>
    </p>
   </div>
   <div class='ocr_carea' id='block_1_98' title="bbox 1163 2133 1921 2174">
    <p class='ocr_par' dir='ltr' id='par_1_98' title="bbox 1163 2133 1921 2174">
     <span class='ocr_line' id='line_1_98' title="bbox 1163 2133 1921 2174; baseline -0.011 -7"><span class='ocrx_word' id='word_1_711' title='bbox 1163 2139 1208 2167; x_wconf 70' lang='grc'>27.</span> <span class='ocrx_word' id='word_1_712' title='bbox 1246 2138 1403 2174; x_wconf 79' lang='grc' dir='ltr'>Ἧρώτησεν</span> <span class='ocrx_word' id='word_1_713' title='bbox 1424 2137 1439 2163; x_wconf 85' lang='grc' dir='ltr'>ὁ</span> <span class='ocrx_word' id='word_1_714' title='bbox 1452 2136 1538 2167; x_wconf 78' lang='grc' dir='ltr'>ὰϐϐἅς</span> <span class='ocrx_word' id='word_1_715' title='bbox 1562 2135 1674 2166; x_wconf 74' lang='grc' dir='ltr'>Ἡσαΐας</span> <span class='ocrx_word' id='word_1_716' title='bbox 1691 2134 1736 2162; x_wconf 75' lang='grc' dir='ltr'><strong>τὸν</strong></span> <span class='ocrx_word' id='word_1_717' title='bbox 1755 2133 1842 2161; x_wconf 74' lang='grc' dir='ltr'>ὰὸϐἄν</span> <span class='ocrx_word' id='word_1_718' title='bbox 1855 2134 1921 2160; x_wconf 79' lang='grc' dir='ltr'><strong>Μα-</strong></span> 
     </span>
    </p>
   </div>
   <div class='ocr_carea' id='block_1_99' title="bbox 1129 2179 1921 2221">
    <p class='ocr_par' dir='ltr' id='par_1_99' title="bbox 1129 2179 1921 2221">
     <span class='ocr_line' id='line_1_99' title="bbox 1129 2179 1921 2221; baseline -0.01 -8"><span class='ocrx_word' id='word_1_719' title='bbox 1129 2186 1226 2221; x_wconf 68' lang='grc' dir='ltr'>κάριοι)</span> <span class='ocrx_word' id='word_1_720' title='bbox 1242 2185 1338 2219; x_wconf 86' lang='grc' dir='ltr'>λέγων·</span> <span class='ocrx_word' id='word_1_721' title='bbox 1353 2183 1415 2209; x_wconf 78' lang='grc' dir='ltr'>εἰπέ</span> <span class='ocrx_word' id='word_1_722' title='bbox 1437 2191 1481 2217; x_wconf 90' lang='grc' dir='ltr'><strong>μοι</strong></span> <span class='ocrx_word' id='word_1_723' title='bbox 1497 2182 1583 2217; x_wconf 83' lang='grc' dir='ltr'>ῥῆμα.</span> <span class='ocrx_word' id='word_1_724' title='bbox 1607 2181 1654 2207; x_wconf 76' lang='grc' dir='ltr'>καὶ</span> <span class='ocrx_word' id='word_1_725' title='bbox 1666 2181 1739 2214; x_wconf 86' lang='grc' dir='ltr'>λέγει</span> <span class='ocrx_word' id='word_1_726' title='bbox 1755 2180 1829 2215; x_wconf 81' lang='grc' dir='ltr'>αὐτῷ</span> <span class='ocrx_word' id='word_1_727' title='bbox 1841 2180 1854 2206; x_wconf 83' lang='grc' dir='ltr'><strong>ὁ</strong></span> <span class='ocrx_word' id='word_1_728' title='bbox 1866 2179 1921 2214; x_wconf 84' lang='grc' dir='ltr'>γέ-</span> 
     </span>
    </p>
   </div>
   <div class='ocr_carea' id='block_1_100' title="bbox 490 2226 1090 2268">
    <p class='ocr_par' dir='ltr' id='par_1_100' title="bbox 490 2232 1077 2268">
     <span class='ocr_line' id='line_1_100' title="bbox 490 2232 1077 2268; baseline 0 -9"><span class='ocrx_word' id='word_1_729' title='bbox 490 2232 621 2260; x_wconf 84' lang='lat' dir='ltr'><strong>Homines</strong></span> <span class='ocrx_word' id='word_1_730' title='bbox 648 2233 722 2268; x_wconf 88' lang='lat' dir='ltr'><strong>fuge.</strong></span> <span class='ocrx_word' id='word_1_731' title='bbox 750 2233 846 2261; x_wconf 86' lang='lat' dir='ltr'><strong>Esaias</strong></span> <span class='ocrx_word' id='word_1_732' title='bbox 873 2233 958 2261; x_wconf 89' lang='lat' dir='ltr'><strong>abbas</strong></span> <span class='ocrx_word' id='word_1_733' title='bbox 980 2242 986 2260; x_wconf 92' lang='lat'><strong>:</strong></span> <span class='ocrx_word' id='word_1_734' title='bbox 1005 2232 1077 2265; x_wconf 87' lang='lat' dir='ltr'><strong>Quid</strong></span> 
     </span>
    </p>
   </div>
   <div class='ocr_carea' id='block_1_101' title="bbox 1131 2226 1921 2268">
    <p class='ocr_par' dir='ltr' id='par_1_101' title="bbox 1131 2226 1921 2268">
     <span class='ocr_line' id='line_1_101' title="bbox 1131 2226 1921 2268; baseline -0.011 -8"><span class='ocrx_word' id='word_1_735' title='bbox 1131 2239 1199 2268; x_wconf 88' lang='grc' dir='ltr'>ρων·</span> <span class='ocrx_word' id='word_1_736' title='bbox 1221 2231 1305 2266; x_wconf 81' lang='grc' dir='ltr'>φεῦγε</span> <span class='ocrx_word' id='word_1_737' title='bbox 1327 2232 1389 2262; x_wconf 79' lang='grc' dir='ltr'>τοὺς</span> <span class='ocrx_word' id='word_1_738' title='bbox 1413 2228 1582 2264; x_wconf 79' lang='grc' dir='ltr'>ἀνθρώπους.</span> <span class='ocrx_word' id='word_1_739' title='bbox 1605 2227 1681 2261; x_wconf 74' lang='grc' dir='ltr'>ἔλεγε</span> <span class='ocrx_word' id='word_1_740' title='bbox 1704 2226 1805 2261; x_wconf 80' lang='grc' dir='ltr'>αὐτῷό</span> <span class='ocrx_word' id='word_1_741' title='bbox 1827 2226 1921 2258; x_wconf 67' lang='lat' dir='ltr'><strong>assa;</strong></span> 
     </span>
    </p>
   </div>
   <div class='ocr_carea' id='block_1_102' title="bbox 1136 2272 1923 2309">
    <p class='ocr_par' dir='ltr' id='par_1_102' title="bbox 1136 2272 1923 2309">
     <span class='ocr_line' id='line_1_102' title="bbox 1136 2272 1923 2309; baseline -0.008 -5"><span class='ocrx_word' id='word_1_742' title='bbox 1136 2277 1258 2308; x_wconf 84' lang='grc' dir='ltr'>Ἦσαῖας·</span> <span class='ocrx_word' id='word_1_743' title='bbox 1273 2276 1300 2303; x_wconf 80' lang='grc' dir='ltr'><strong>τί</strong></span> <span class='ocrx_word' id='word_1_744' title='bbox 1314 2277 1371 2302; x_wconf 75' lang='grc' dir='ltr'>ἐστι</span> <span class='ocrx_word' id='word_1_745' title='bbox 1387 2275 1418 2302; x_wconf 83' lang='grc' dir='ltr'>τὸ</span> <span class='ocrx_word' id='word_1_746' title='bbox 1441 2274 1550 2309; x_wconf 83' lang='grc' dir='ltr'>φεύγειν</span> <span class='ocrx_word' id='word_1_747' title='bbox 1567 2274 1630 2304; x_wconf 77' lang='grc' dir='ltr'>τοὺς</span> <span class='ocrx_word' id='word_1_748' title='bbox 1653 2272 1829 2308; x_wconf 55' lang='grc' dir='ltr'>ἀνθρώπους</span> <span class='ocrx_word' id='word_1_749' title='bbox 1854 2273 1868 2299; x_wconf 84' lang='grc' dir='ltr'>ὁ</span> <span class='ocrx_word' id='word_1_750' title='bbox 1888 2273 1923 2299; x_wconf 78' lang='grc' dir='ltr'>δὲ</span> 
     </span>
    </p>
   </div>
   <div class='ocr_carea' id='block_1_103' title="bbox 1129 2318 1922 2359">
    <p class='ocr_par' dir='ltr' id='par_1_103' title="bbox 1129 2318 1922 2359">
     <span class='ocr_line' id='line_1_103' title="bbox 1129 2318 1922 2359; baseline -0.009 -9"><span class='ocrx_word' id='word_1_751' title='bbox 1129 2323 1216 2359; x_wconf 86' lang='grc' dir='ltr'>γέρων</span> <span class='ocrx_word' id='word_1_752' title='bbox 1229 2321 1305 2349; x_wconf 81' lang='grc' dir='ltr'>εἶπεν</span> <span class='ocrx_word' id='word_1_753' title='bbox 1317 2321 1390 2356; x_wconf 81' lang='grc' dir='ltr'>αὐτῷ</span> <span class='ocrx_word' id='word_1_754' title='bbox 1400 2329 1406 2334; x_wconf 58' lang='grc'><strong><em>⁵</em></strong></span> <span class='ocrx_word' id='word_1_755' title='bbox 1417 2320 1447 2346; x_wconf 75' lang='grc' dir='ltr'>τὸ</span> <span class='ocrx_word' id='word_1_756' title='bbox 1459 2320 1568 2347; x_wconf 85' lang='grc' dir='ltr'>καθίσαι</span> <span class='ocrx_word' id='word_1_757' title='bbox 1579 2320 1619 2351; x_wconf 86' lang='grc' dir='ltr'><strong>εἰς</strong></span> <span class='ocrx_word' id='word_1_758' title='bbox 1629 2319 1659 2345; x_wconf 84' lang='grc' dir='ltr'>τὸ</span> <span class='ocrx_word' id='word_1_759' title='bbox 1675 2318 1779 2345; x_wconf 85' lang='grc' dir='ltr'>κελλίον</span> <span class='ocrx_word' id='word_1_760' title='bbox 1796 2327 1853 2351; x_wconf 87' lang='grc' dir='ltr'>σου,</span> <span class='ocrx_word' id='word_1_761' title='bbox 1867 2318 1922 2344; x_wconf 68' lang='grc' dir='ltr'>καὶ.</span> 
     </span>
    </p>
   </div>
   <div class='ocr_carea' id='block_1_104' title="bbox 1127 2366 1588 2403">
    <p class='ocr_par' dir='ltr' id='par_1_104' title="bbox 1127 2366 1588 2403">
     <span class='ocr_line' id='line_1_104' title="bbox 1127 2366 1588 2403; baseline -0.009 -7"><span class='ocrx_word' id='word_1_762' title='bbox 1127 2369 1243 2397; x_wconf 85' lang='grc' dir='ltr'>κλαῦσαι</span> <span class='ocrx_word' id='word_1_763' title='bbox 1258 2369 1307 2400; x_wconf 84' lang='grc' dir='ltr'>τὰς</span> <span class='ocrx_word' id='word_1_764' title='bbox 1322 2367 1462 2403; x_wconf 83' lang='grc' dir='ltr'>ἁμαρτίας</span> <span class='ocrx_word' id='word_1_765' title='bbox 1479 2375 1525 2392; x_wconf 80' lang='grc' dir='ltr'>σου</span> <span class='ocrx_word' id='word_1_766' title='bbox 1541 2366 1588 2401; x_wconf 88' lang='lat' dir='ltr'><strong>(b).</strong></span> 
     </span>
    </p>
   </div>
   <div class='ocr_carea' id='block_1_105' title="bbox 1162 2419 1921 2458">
    <p class='ocr_par' dir='ltr' id='par_1_105' title="bbox 1162 2419 1921 2458">
     <span class='ocr_line' id='line_1_105' title="bbox 1162 2419 1921 2458; baseline -0.011 -6"><span class='ocrx_word' id='word_1_767' title='bbox 1162 2425 1206 2453; x_wconf 82' lang='lat'><strong>28.</strong></span> <span class='ocrx_word' id='word_1_768' title='bbox 1231 2425 1344 2458; x_wconf 79' lang='grc' dir='ltr'>Ἔλεγεν</span> <span class='ocrx_word' id='word_1_769' title='bbox 1364 2424 1378 2450; x_wconf 90' lang='grc' dir='ltr'>ὁ</span> <span class='ocrx_word' id='word_1_770' title='bbox 1397 2423 1484 2454; x_wconf 78' lang='grc' dir='ltr'>ὰὸϐᾱς</span> <span class='ocrx_word' id='word_1_771' title='bbox 1505 2421 1673 2457; x_wconf 71' lang='grc' dir='ltr'>Παφνούτιος</span> <span class='ocrx_word' id='word_1_772' title='bbox 1690 2421 1704 2447; x_wconf 82' lang='grc' dir='ltr'>ὁ</span> <span class='ocrx_word' id='word_1_773' title='bbox 1725 2419 1847 2455; x_wconf 82' lang='grc' dir='ltr'>μαθητὴς</span> <span class='ocrx_word' id='word_1_774' title='bbox 1867 2419 1921 2445; x_wconf 81' lang='grc' dir='ltr'><strong>τοῦ</strong></span> 
     </span>
    </p>
   </div>
   <div class='ocr_carea' id='block_1_106' title="bbox 1125 2465 1922 2504">
    <p class='ocr_par' dir='ltr' id='par_1_106' title="bbox 1125 2465 1922 2504">
     <span class='ocr_line' id='line_1_106' title="bbox 1125 2465 1922 2504; baseline -0.011 -6"><span class='ocrx_word' id='word_1_775' title='bbox 1125 2471 1199 2498; x_wconf 79' lang='grc' dir='ltr'>ἀϐϐἄ</span> <span class='ocrx_word' id='word_1_776' title='bbox 1221 2469 1377 2504; x_wconf 82' lang='grc' dir='ltr'>Μακαρίου,</span> <span class='ocrx_word' id='word_1_777' title='bbox 1403 2469 1444 2494; x_wconf 85' lang='grc' dir='ltr'>ὃτι</span> <span class='ocrx_word' id='word_1_778' title='bbox 1471 2466 1646 2503; x_wconf 85' lang='grc' dir='ltr'>παρεκάλεσα</span> <span class='ocrx_word' id='word_1_779' title='bbox 1663 2465 1708 2492; x_wconf 75' lang='grc' dir='ltr'>τὸν</span> <span class='ocrx_word' id='word_1_780' title='bbox 1728 2465 1834 2500; x_wconf 87' lang='grc' dir='ltr'>πατέρα</span> <span class='ocrx_word' id='word_1_781' title='bbox 1852 2472 1922 2499; x_wconf 73' lang='grc' dir='ltr'>μου,</span> 
     </span>
    </p>
   </div>
   <div class='ocr_carea' id='block_1_107' title="bbox 1126 2510 1924 2551">
    <p class='ocr_par' dir='ltr' id='par_1_107' title="bbox 1126 2510 1924 2551">
     <span class='ocr_line' id='line_1_107' title="bbox 1126 2510 1924 2551; baseline -0.01 -8"><span class='ocrx_word' id='word_1_782' title='bbox 1126 2516 1226 2551; x_wconf 85' lang='grc' dir='ltr'>λέγων·</span> <span class='ocrx_word' id='word_1_783' title='bbox 1250 2516 1311 2542; x_wconf 83' lang='grc' dir='ltr'><strong>εἰπὲ</strong></span> <span class='ocrx_word' id='word_1_784' title='bbox 1327 2523 1371 2550; x_wconf 88' lang='grc' dir='ltr'><strong>μοι</strong></span> <span class='ocrx_word' id='word_1_785' title='bbox 1391 2514 1479 2548; x_wconf 81' lang='grc' dir='ltr'>λόγον.</span> <span class='ocrx_word' id='word_1_786' title='bbox 1497 2514 1511 2539; x_wconf 87' lang='grc' dir='ltr'><strong>ό</strong></span> <span class='ocrx_word' id='word_1_787' title='bbox 1525 2513 1552 2539; x_wconf 85' lang='grc' dir='ltr'>δὲ</span> <span class='ocrx_word' id='word_1_788' title='bbox 1574 2512 1642 2547; x_wconf 78' lang='grc' dir='ltr'><strong>ἔφη·</strong></span> <span class='ocrx_word' id='word_1_789' title='bbox 1667 2512 1704 2547; x_wconf 81' lang='grc' dir='ltr'>μὴ</span> <span class='ocrx_word' id='word_1_790' title='bbox 1726 2510 1924 2546; x_wconf 73' lang='grc' dir='ltr'>κακοποιήσῃς</span> 
     </span>
    </p>
   </div>
   <div class='ocr_carea' id='block_1_108' title="bbox 1125 2556 1921 2597">
    <p class='ocr_par' dir='ltr' id='par_1_108' title="bbox 1125 2556 1921 2597">
     <span class='ocr_line' id='line_1_108' title="bbox 1125 2556 1921 2597; baseline -0.008 -8"><span class='ocrx_word' id='word_1_791' title='bbox 1125 2563 1197 2594; x_wconf 81' lang='grc' dir='ltr'>τινὰ.</span> <span class='ocrx_word' id='word_1_792' title='bbox 1214 2561 1281 2597; x_wconf 82' lang='grc' dir='ltr'>μηδὲ</span> <span class='ocrx_word' id='word_1_793' title='bbox 1304 2561 1472 2596; x_wconf 80' lang='grc' dir='ltr'>κατακρίνῃς</span> <span class='ocrx_word' id='word_1_794' title='bbox 1485 2559 1560 2586; x_wconf 83' lang='grc' dir='ltr'>τινά·</span> <span class='ocrx_word' id='word_1_795' title='bbox 1576 2558 1662 2585; x_wconf 77' lang='grc' dir='ltr'>ταῦτα</span> <span class='ocrx_word' id='word_1_796' title='bbox 1676 2558 1755 2593; x_wconf 85' lang='grc' dir='ltr'>τήρει</span> <span class='ocrx_word' id='word_1_797' title='bbox 1768 2557 1815 2583; x_wconf 74' lang='grc' dir='ltr'>καὶ</span> <span class='ocrx_word' id='word_1_798' title='bbox 1828 2556 1921 2591; x_wconf 79' lang='grc' dir='ltr'><strong>σώζῃ.</strong></span> 
     </span>
    </p>
   </div>
   <div class='ocr_carea' id='block_1_109' title="bbox 1162 2603 1926 2640">
    <p class='ocr_par' dir='ltr' id='par_1_109' title="bbox 1162 2603 1926 2640">
     <span class='ocr_line' id='line_1_109' title="bbox 1162 2603 1926 2640; baseline -0.009 -5"><span class='ocrx_word' id='word_1_799' title='bbox 1162 2609 1206 2635; x_wconf 85' lang='lat'><strong>29.</strong></span> <span class='ocrx_word' id='word_1_800' title='bbox 1234 2605 1317 2634; x_wconf 82' lang='grc' dir='ltr'>Εἶπεν</span> <span class='ocrx_word' id='word_1_801' title='bbox 1332 2608 1345 2633; x_wconf 83' lang='grc' dir='ltr'><strong>ὁ</strong></span> <span class='ocrx_word' id='word_1_802' title='bbox 1370 2606 1456 2638; x_wconf 76' lang='grc' dir='ltr'><strong>ἁϐὁᾶς</strong></span> <span class='ocrx_word' id='word_1_803' title='bbox 1479 2605 1631 2640; x_wconf 82' lang='grc' dir='ltr'>Μακάριος·</span> <span class='ocrx_word' id='word_1_804' title='bbox 1659 2604 1696 2639; x_wconf 85' lang='grc' dir='ltr'>μὴ</span> <span class='ocrx_word' id='word_1_805' title='bbox 1714 2603 1851 2639; x_wconf 79' lang='grc' dir='ltr'>κοιμηθῇς</span> <span class='ocrx_word' id='word_1_806' title='bbox 1873 2604 1926 2635; x_wconf 70' lang='grc' dir='ltr'>εἰς</span> 
     </span>
    </p>
   </div>
   <div class='ocr_carea' id='block_1_110' title="bbox 1127 2651 1700 2688">
    <p class='ocr_par' dir='ltr' id='par_1_110' title="bbox 1127 2651 1700 2688">
     <span class='ocr_line' id='line_1_110' title="bbox 1127 2651 1700 2688; baseline -0.009 -7"><span class='ocrx_word' id='word_1_807' title='bbox 1127 2655 1231 2682; x_wconf 80' lang='grc' dir='ltr'>κελλίον</span> <span class='ocrx_word' id='word_1_808' title='bbox 1247 2653 1360 2688; x_wconf 81' lang='grc' dir='ltr'>ἀδελφοῦ</span> <span class='ocrx_word' id='word_1_809' title='bbox 1375 2653 1480 2688; x_wconf 78' lang='grc' dir='ltr'>ἔχοντος</span> <span class='ocrx_word' id='word_1_810' title='bbox 1495 2652 1583 2687; x_wconf 81' lang='grc' dir='ltr'>κακὴν</span> <span class='ocrx_word' id='word_1_811' title='bbox 1596 2651 1700 2686; x_wconf 81' lang='grc' dir='ltr'>φήμην.</span> 
     </span>
    </p>
   </div>
   <div class='ocr_carea' id='block_1_111' title="bbox 923 2702 1268 2731">
    <p class='ocr_par' dir='ltr' id='par_1_111' title="bbox 923 2702 1268 2731">
     <span class='ocr_line' id='line_1_111' title="bbox 923 2702 1268 2731; baseline -0.003 0"><span class='ocrx_word' id='word_1_812' title='bbox 923 2703 1049 2731; x_wconf 77' lang='lat' dir='ltr'><strong>VARIAE</strong></span> <span class='ocrx_word' id='word_1_813' title='bbox 1067 2702 1268 2730; x_wconf 69' lang='lat' dir='ltr'><strong>LECTIONES.</strong></span> 
     </span>
    </p>
   </div>
   <div class='ocr_carea' id='block_1_112' title="bbox 323 2748 466 2782">
    <p class='ocr_par' dir='ltr' id='par_1_112' title="bbox 323 2748 466 2782">
     <span class='ocr_line' id='line_1_112' title="bbox 323 2748 466 2782; baseline 0.014 -8"><span class='ocrx_word' id='word_1_814' title='bbox 323 2748 346 2762; x_wconf 67' lang='grc' dir='ltr'>η</span> <span class='ocrx_word' id='word_1_815' title='bbox 356 2748 398 2774; x_wconf 76' lang='lat' dir='ltr'><strong>Al.</strong></span> <span class='ocrx_word' id='word_1_816' title='bbox 416 2749 466 2782; x_wconf 74' lang='grc' dir='ltr'><strong>τῷ.</strong></span> 
     </span>
    </p>
   </div>
   <div class='ocr_carea' id='block_1_113' title="bbox 1043 2801 1171 2829">
    <p class='ocr_par' dir='ltr' id='par_1_113' title="bbox 1043 2801 1171 2829">
     <span class='ocr_line' id='line_1_113' title="bbox 1043 2801 1171 2829; baseline -0.016 0"><span class='ocrx_word' id='word_1_817' title='bbox 1043 2801 1171 2829; x_wconf 84' lang='lat' dir='ltr'><strong>NOTAE.</strong></span> 
     </span>
    </p>
   </div>
   <div class='ocr_carea' id='block_1_114' title="bbox 322 2849 1039 2887">
    <p class='ocr_par' dir='ltr' id='par_1_114' title="bbox 322 2849 1039 2887">
     <span class='ocr_line' id='line_1_114' title="bbox 322 2849 1039 2887; baseline 0 -11"><span class='ocrx_word' id='word_1_818' title='bbox 322 2850 419 2887; x_wconf 50' lang='grc' dir='ltr'>(αξη.</span> <span class='ocrx_word' id='word_1_819' title='bbox 441 2851 606 2887; x_wconf 37' lang='grc' dir='ltr'>ιιῐςιηῐωιε,</span> <span class='ocrx_word' id='word_1_820' title='bbox 623 2852 734 2886; x_wconf 86' lang='lat' dir='ltr'><strong>antiqua</strong></span> <span class='ocrx_word' id='word_1_821' title='bbox 750 2850 838 2878; x_wconf 87' lang='lat' dir='ltr'><strong>versio</strong></span> <span class='ocrx_word' id='word_1_822' title='bbox 863 2858 923 2887; x_wconf 88' lang='lat' dir='ltr'><strong>cap.</strong></span> <span class='ocrx_word' id='word_1_823' title='bbox 946 2850 972 2878; x_wconf 91' lang='lat'><strong>9.</strong></span> <span class='ocrx_word' id='word_1_824' title='bbox 994 2849 1039 2876; x_wconf 81' lang='grc' dir='ltr'><strong>νν</strong></span> 
     </span>
    </p>
   </div>
   <div class='ocr_carea' id='block_1_115' title="bbox 287 2882 621 2916">
    <p class='ocr_par' dir='ltr' id='par_1_115' title="bbox 287 2882 621 2916">
     <span class='ocr_line' id='line_1_115' title="bbox 287 2882 621 2916; baseline 0.006 -6"><span class='ocrx_word' id='word_1_825' title='bbox 287 2882 339 2911; x_wconf 79' lang='lat' dir='ltr'><strong>PP.</strong></span> <span class='ocrx_word' id='word_1_826' title='bbox 360 2886 450 2913; x_wconf 82' lang='lat' dir='ltr'><strong>llosw.</strong></span> <span class='ocrx_word' id='word_1_827' title='bbox 473 2895 499 2915; x_wconf 80' lang='grc' dir='ltr'><strong>ι).</strong></span> <span class='ocrx_word' id='word_1_828' title='bbox 515 2886 577 2916; x_wconf 80' lang='lat'>990,</span> <span class='ocrx_word' id='word_1_829' title='bbox 594 2886 621 2913; x_wconf 73' lang='grc'><strong>2.</strong></span> 
     </span>
    </p>
   </div>
   <div class='ocr_carea' id='block_1_116' title="bbox 1145 2846 1775 2884">
    <p class='ocr_par' dir='ltr' id='par_1_116' title="bbox 1145 2846 1775 2884">
     <span class='ocr_line' id='line_1_116' title="bbox 1145 2846 1775 2884; baseline 0.002 -9"><span class='ocrx_word' id='word_1_830' title='bbox 1145 2848 1181 2884; x_wconf 75' lang='grc' dir='ltr'><strong>(θ)</strong></span> <span class='ocrx_word' id='word_1_831' title='bbox 1202 2849 1243 2877; x_wconf 82' lang='lat' dir='ltr'><strong>cr.</strong></span> <span class='ocrx_word' id='word_1_832' title='bbox 1262 2847 1321 2877; x_wconf 89' lang='lat' dir='ltr'><strong>vv.</strong></span> <span class='ocrx_word' id='word_1_833' title='bbox 1338 2847 1389 2877; x_wconf 75' lang='lat' dir='ltr'><strong>pr.</strong></span> <span class='ocrx_word' id='word_1_834' title='bbox 1405 2850 1495 2876; x_wconf 55' lang='lat' dir='ltr'><strong>um.</strong></span> <span class='ocrx_word' id='word_1_835' title='bbox 1516 2849 1563 2877; x_wconf 64' lang='lat' dir='ltr'><strong>nr.</strong></span> <span class='ocrx_word' id='word_1_836' title='bbox 1583 2846 1614 2876; x_wconf 78' lang='grc' dir='ltr'><strong>ιιι</strong></span> <span class='ocrx_word' id='word_1_837' title='bbox 1630 2857 1690 2884; x_wconf 85' lang='lat' dir='ltr'><strong>cap.</strong></span> <span class='ocrx_word' id='word_1_838' title='bbox 1715 2847 1775 2876; x_wconf 68' lang='lat'><strong>489.</strong></span> 
     </span>
    </p>
   </div>
  </div>
