2048 3153
138 170 188 197 255

802 163 1119 193 APOPHTHEGMATA.

1707 165 1760 194 νεεδ

169 226 213 254 30.
234 225 391 261 Παρὲσαλόν
415 233 480 252 ποτε
497 225 536 261 τῷ
556 224 628 261 ἀϐὃᾷ
648 225 786 261 Μακαρίῳ
811 225 921 260 ἀδελφοὶ

1008 225 1053 252 50.
1075 224 1116 251 Ad
1144 223 1293 252 Macarium
1316 225 1441 252 abbatem
1470 224 1498 251 in
1520 223 1601 251 Scete
1621 223 1760 258 quondam

137 274 174 305 εἰς
191 271 274 307 258
290 271 402 307 Σκῆτιν,
415 271 463 298 καὶ
476 272 526 306 οὺχ
540 267 620 306 εὗρον
634 272 663 297 ἐν
676 271 714 306 τῷ
726 271 824 306 κελλίῳ
839 270 922 297 αὑτοῦ

136 318 220 350 οὐδὲν,
230 319 254 344 εἰ
267 317 305 353 μὴ
318 317 390 353 ὕδωρ
403 318 518 353 σαπρόν,
531 318 579 345 καὶ
589 317 714 352 λέγουσιν
728 317 812 353 αὺτῷ-
838 315 921 350 ἀϐὃᾶ,

135 364 214 400 δεῦρο
226 365 283 391 ἄνω
303 365 343 396 εἰς
355 365 404 400 τὴν
419 363 527 399 κώμην,
542 364 591 390 καὶ
604 364 781 399 ἀναπαύομέν
797 373 837 390 σε.
849 363 922 398 λέγει

133 412 226 443 αὐτοῖς
238 412 252 438 6
266 411 357 446 γέρων
367 419 374 426 ·
394 411 494 442 οῐδατε,
516 411 635 446 ἀδελφοί,
648 410 678 437 τὸ
693 411 868 446 ἀρτοκοπεῖον
876 409 923 437 τοῦ

133 457 221 488 δεῖνος
238 457 278 488 είς
291 456 340 491 τὴν
359 455 470 491 κώμην;
482 456 528 482 καὶ
539 455 664 490 λέγουσιν
676 455 765 491 αὐτῷ’
777 454 832 482 ναί.
850 455 923 489 λέγει

134 502 227 533 αὐτοῖς
239 503 253 528 6
274 502 380 536 γέρων·
403 500 481 535 κάγὼ
497 498 555 527 οἶδα
570 501 646 528 αὐτό.
665 501 754 527 οἴδατε
767 500 856 527 καὶτὸ
868 509 923 535 χω-

135 548 194 583 ρίον
219 547 267 574 τοῦ
284 547 371 579 δεῖνος
392 547 460 573 ὅπου
480 548 494 573 6
519 547 642 582 ποταμὸς
663 546 775 582 κρούει;
800 546 924 580 λέγουσιν

133 593 209 629 αὐτῷ
222 602 229 609 ·
243 594 299 620 ναί.
314 594 388 628 λέγει
412 594 504 625 αὐτοῖς
514 595 528 620 ὁ
548 594 638 629 γέρων
648 601 654 608 ·
671 593 749 628 κάγὼ
770 592 828 619 οἶδα
843 592 922 619 αὑτό·

133 641 178 667 ὅτε
201 637 250 666 οὖν
273 639 352 674 θέλω,
377 640 407 666 οὐ
433 639 528 675 χρείαν
548 640 626 675 ὑμῶν
648 639 712 675 ἔχω,
736 638 793 665 ἀλλ’
813 638 925 674 ἐμαυτῷ

134 685 268 717 ἁναόάζω
281 685 315 712 ’⁸.

169 741 216 767 5i.
235 739 347 774 Ἔλεγον
359 740 424 775 περὶ
435 739 482 767 τοῦ
495 739 566 767 ἀὸϐᾶ
574 739 731 776 Μακαρίαν,
745 740 787 766 ὅτι
804 740 828 766 εἰ
844 747 925 775 προσ-

137 787 239 822 ήρχετο
256 786 330 822 αὐτῷ
347 786 460 820 ἀδελφὸς
481 786 518 818 ὡς
529 787 600 822 ἁγίῳ
624 786 730 822 γέροντι
753 786 801 812 καὶ
817 785 925 820 μεγάλῳ

138 833 205 868 μετὰ
229 833 323 866 φόὸου,
344 833 420 859 οὐδὲν
435 832 524 861 ἐλάλει
542 833 626 868 αὐτῷ.
647 833 672 858 ει
692 832 721 858 δὲ
739 832 832 866 ἔλεγεν
851 831 925 866 αὐτῷ

135 887 175 910 τις
195 878 250 905 τῶν
272 878 394 913 ἀδελφῶν
418 878 456 910 ὡς
469 878 616 911 ὲξουθενῶν
642 878 738 904 αὐτόν*
759 878 841 910 ὰὸϐἇ,
870 878 924 913 ἄρα

136 925 199 951 ὅταν
212 923 247 960 ἧς
260 925 414 960 καμηλίτης
435 926 483 951 καὶ
497 924 626 955 ἔκλεπτες
641 924 731 959 νίτρον
747 924 794 951 καὶ
811 924 925 956 ἐπώλεις

135 971 210 1001 αὐτὸ,
220 971 270 997 οὐκ
282 970 372 1006 ἔδερόν
386 979 415 996 σε
431 971 455 997 οἱ
470 970 587 1006 τηρηταί
599 970 633 1003 ²⁷;
645 970 669 996 εἰ
681 970 768 996 ταῦτά
778 979 820 1002 τις
833 970 925 1004 ἔλεγεν

138 1016 222 1052 αὐτῷ,
239 1016 329 1043 ἐλάλει
338 1016 412 1052 αὑτῷ
423 1016 493 1052 μετὰ
505 1017 603 1052 χαρᾶς,
616 1017 641 1043 et
654 1025 680 1043 τι
695 1015 923 1052 αὑτὺνὴρὼτα(α).

169 1148 215 1176 52.
236 1148 348 1183 Ἔλεγον
371 1149 435 1184 περὶ
449 1148 496 1175 τοῦ
516 1149 588 1176 ἀὸϐἇ
600 1149 745 1185 Μακαρίου
762 1149 809 1176 τοῦ
839 1151 925 1185 μεγά-

139 1195 194 1226 λου,
208 1195 251 1221 ὅτι
267 1195 374 1229 γέγονε,
389 1194 479 1226 καθώς
488 1196 545 1221 ἐστι
556 1195 758 1230 γεγραμμένον,
773 1195 832 1226 θεὸς
844 1195 926 1229 259

138 1241 260 1275 ἐπίγειος
273 1240 323 1275 (b)'
336 1241 377 1266 ὅτι
393 1240 486 1276 ὥσπερ
509 1241 582 1267 ἐστὶν
604 1243 618 1268 6
633 1241 699 1272 Θεὸς
725 1241 867 1272 σκεπάζων
879 1241 924 1266 τὸν

137 1287 238 1321 κόσμον
249 1307 256 1319 ,
267 1285 354 1318 οὕτως
372 1286 483 1320 γέγονεν
495 1287 508 1312 6
523 1286 610 1318 ἀὸϐἄς
625 1286 767 1322 Μακάριος
781 1286 924 1317 σκεπάζων

136 1332 168 1358 τὰ
192 1330 384 1366 ἐλαττώματα,
406 1331 424 1357 ἃ
451 1331 564 1358 ἔϐλεπεν
585 1331 621 1363 ὡς
645 1331 683 1367 μὴ
701 1331 816 1366 βλέπων,
837 1331 884 1358 καὶ
906 1331 924 1358 ἃ

136 1377 235 1411 ἤκουεν
252 1375 291 1407 ὡς
312 1375 350 1411 μὴ
363 1375 469 1403 ἀκούων

169 1423 215 1449 55.
225 1423 379 1457 Διηγήσατο
393 1423 407 1448 ὸ
418 1423 505 1454 assa,»
513 1422 644 1457 Βιτιμιος,
655 1423 695 1449 ὅτι
709 1421 800 1456 ἔλεγεν
812 1423 826 1449 6
837 1422 924 1455 ἁὸϐἄς

135 1469 290 1504 Μακάριος·
309 1468 466 1504 καθημένου
483 1468 534 1504 μοὺ
544 1477 609 1495 ποτε
623 1469 663 1500 εἰς
677 1469 788 1504 Σκῆτιν,
807 1469 925 1505 κατέϐη-

137 1523 184 1541 σαν
209 1515 257 1541 δύο
279 1514 406 1550 νεώτεροι
432 1514 531 1547 ξενικοὶ
553 1516 628 1541 ἐκεῖ·
645 1515 723 1541 καὶὸ
740 1514 790 1550 μὲν
804 1512 844 1546 εἷς
866 1512 923 1549 εἶχε

974 275 1150 299 accesserunt
1164 269 1276 303 fratres,
1299 278 1351 298 nec
1373 271 1523 306 quidquam
1545 270 1712 297 invenerunt
1733 270 1761 296 in

974 317 1044 345 cella
1055 317 1115 352 ejus
1134 317 1188 344 nisi
1200 324 1298 352 aquam
1322 317 1470 351 putridam.
1493 315 1588 352 ltaque
1603 316 1628 343 ei
1647 325 1654 344 :
1672 315 1760 347 Abba,

974 364 1115 399 inquiunt,
1131 363 1249 391 ascende
1267 365 1295 390 in
1312 370 1423 398 pagum,
1436 366 1463 390 et
1474 362 1630 390 reﬁciemus
1644 367 1679 389 te.
1693 361 1762 394 Qui-

975 409 1028 437 bus
1044 417 1128 437 senex
1148 409 1293 445 respondit
1311 417 1319 436 :
1344 408 1449 441 Nostis,
1476 408 1587 440 fratres,
1612 408 1761 443 pistrinum

975 455 1050 483 illius
1077 455 1198 483 hominis
1214 456 1241 482 in
1263 454 1355 490 pago?
1380 454 1480 482 Dicunt
1502 463 1510 482 :
1531 454 1629 481 Etiam.
1658 453 1763 480 Deinde

975 508 1058 528 senex
1073 510 1079 528 :
1100 501 1157 537 Ego
1171 509 1281 536 quoque
1297 501 1370 528 novi.
1387 499 1483 528 Nostis
1491 504 1518 527 et
1532 500 1676 535 praedium
1686 500 1762 527 illius

975 546 1104 578 hominis,
1123 547 1170 574 ubi
1195 546 1295 574 ﬂuvius
1311 547 1398 575 salit?
1419 547 1505 573 Aiunt
1523 555 1530 573 :
1545 545 1687 574 Novimus.
1709 545 1762 572 Se-

975 599 1050 620 nex:
1070 591 1104 619 Et
1117 600 1179 628 ego,
1204 593 1306 628 inquit,
1328 592 1402 620 novi.
1420 592 1536 625 Quando
1558 591 1640 627 igitur
1661 592 1761 626 placet,

974 638 1054 665 vobis
1072 638 1139 665 mihi
1156 646 1226 673 opus
1242 646 1297 666 non
1310 642 1365 671 est,
1389 638 1438 666 sed
1451 639 1511 673 ipse
1532 638 1600 664 Inibi
1620 637 1745 672 adporto.

1010 737 1055 765 3i.
1076 737 1194 765 Aiebant
1212 737 1246 765 de
1258 737 1378 766 Macario
1393 734 1502 770 abbate,
1513 737 1598 773 quod,
1617 737 1640 764 si
1653 737 1686 764 ad
1700 745 1763 765 eum

976 784 1119 812 accederet
1131 783 1214 812 frater
1224 791 1288 812 cum
1306 785 1415 816 timore,
1437 788 1569 819 tanquam
1585 783 1617 810 ad
1636 786 1763 811 sanctum

976 834 1004 858 et
1024 838 1152 866 magnum
1172 839 1277 865 senem,
1299 831 1369 858 nihil
1395 831 1420 859 ei
1440 830 1614 866 loquebatur.
1640 828 1670 856 Si
1698 837 1764 856 vero

978 875 1093 903 fratrum
1104 875 1241 911 quispiam
1265 880 1398 912 tanquam
1412 875 1492 903 nihili
1513 883 1575 903 eum
1597 874 1703 902 faciens
1722 874 1765 901 di-

975 926 1049 950 ceret
1061 922 1201 954 ei:Abba,
1216 923 1327 957 quando
1342 930 1404 950 eras
1425 922 1590 950 camelarins
1611 925 1639 949 et
1659 921 1763 948 nitrum

974 966 1112 994 furabaris
1133 975 1165 995 ac
1186 967 1334 998 vendebas,
1352 975 1444 995 nonne
1465 967 1649 994 verberabant
1672 971 1699 994 te
1713 975 1764 993 cu-

973 1013 1084 1041 stodes?
1105 1013 1134 1040 Si
1156 1013 1222 1040 talia
1241 1014 1303 1049 quis
1324 1017 1397 1041 esset
1418 1013 1443 1041 ei
1467 1013 1587 1046 locutus,
1612 1013 1676 1039 huic
1698 1019 1763 1039 cum

974 1058 1084 1092 gaudio,
1117 1058 1141 1086 si
1167 1058 1233 1093 quid
1258 1065 1322 1086 eum
1355 1058 1563 1093 interrogasset,
1598 1064 1763 1093 responsum

974 1102 1067 1130 dabaL

1008 1149 1053 1176 52.
1075 1148 1112 1176 De
1126 1148 1246 1176 Macario
1262 1151 1362 1184 magno
1378 1148 1477 1176 abbate
1505 1148 1676 1181 asserebant,
1689 1148 1763 1183 quod

973 1194 1120 1225 exstiterit,
1133 1193 1204 1221 sicut
1216 1194 1350 1229 scriptum
1362 1198 1421 1226 est,
1445 1194 1514 1221 deus
1529 1194 1681 1225 terrestris,
1696 1194 1763 1228 quia

974 1239 1204 1274 quemadmodum
1226 1239 1299 1267 Deus
1322 1240 1453 1266 mundum
1470 1240 1547 1276 tegit,
1566 1240 1604 1267 ita
1626 1239 1764 1267 Macarius

975 1285 1060 1313 abbas
1072 1285 1172 1313 delicta
1188 1285 1342 1321 obtegebat,
1357 1293 1428 1320 quae
1440 1285 1549 1313 viderat
1561 1286 1642 1321 quasi
1653 1294 1708 1314 non
1722 1287 1764 1313 vi-

974 1332 1070 1364 disset,
1083 1339 1154 1367 quae
1168 1331 1293 1359 audierat
1308 1331 1389 1366 quasi
1403 1339 1460 1358 non
1479 1331 1644 1359 audivisset.

1009 1420 1053 1447 53.
1069 1419 1199 1463 Vitimius
1217 1419 1303 1448 abbas
1324 1420 1448 1447 narravit
1467 1419 1616 1448 Macarium
1638 1421 1762 1448 abbatem

974 1465 1012 1493 ita
1045 1466 1195 1494 retulisse:
1226 1465 1344 1493 Sedente
1371 1473 1416 1493 me
1447 1466 1595 1501 aliquando
1621 1466 1650 1494 in
1672 1467 1764 1500 Sceti,

975 1514 1041 1541 illuc
1063 1513 1263 1541 descenderunt
1297 1513 1352 1540 duo
1376 1513 1491 1542 iuvenes
1516 1514 1670 1549 peregrini;
1693 1522 1764 1549 quo-

135 1562 252 1594 γένειον,
269 1561 283 1587 6
295 1561 324 1586 δὲ
338 1561 416 1592 ἄλλος
430 1560 517 1595 ἀρχὴν
531 1560 636 1595 βάλλων
648 1560 765 1594 γενείου.
781 1561 829 1586 καὶ
842 1557 923 1595 ἦλθον

975 1567 1035 1586 rum
1046 1567 1117 1587 unus
1131 1559 1243 1586 barbam
1256 1559 1378 1594 gerebat,
1395 1558 1464 1586 alter
1475 1566 1540 1586 vero
1550 1559 1668 1594 primam
1683 1559 1764 1586 emit-

135 1607 202 1642 πρός
219 1616 254 1641 με
271 1606 414 1640 λέγοντες·
431 1605 482 1632 ποῦ
499 1606 572 1632 ἐστιν
590 1607 605 1642 ἡ
627 1606 708 1632 κὲλλα
720 1605 766 1632 τοῦ
779 1605 851 1632 ἀδεᾶ.
863 1606 923 1633 Μα-

136 1653 251 1687 xapz'ou;
269 1652 346 1686 κάγὼ
365 1650 452 1678 εἶπονν
466 1651 492 1677 τί
508 1651 599 1678 Θέλετε
610 1652 707 1684 αὑτόνς
721 1652 768 1678 καὶ
776 1651 903 1686 λέγουσιν
914 1660 922 1668 ο

134 1698 282 1728 ἀκούοντες
295 1697 330 1723 τὰ
356 1697 421 1732 περὶ
440 1696 523 1723 αὑτοῦ
540 1698 587 1724 καὶ
602 1697 653 1732 τῆς
669 1698 794 1733 Σκήτεως
806 1698 924 1733 ἤλθομεν

137 1743 199 1769 ίδεῖν
213 1743 306 1769 αὐτόν.
325 1742 396 1776 λέγω
412 1742 521 1773 αὐτοῖς·
539 1742 594 1777 ἐγώ
614 1743 681 1777 ειμι.
701 1743 749 1769 καὶ
762 1742 858 1769 ἐῦαλον
877 1751 924 1778 με-

135 1788 258 1818 τάνοιαν.
274 1787 400 1821 λέγοντες
412 1794 418 1801 ·
435 1784 487 1813 ὦδε
505 1787 619 1822 θέλομεν
633 1789 734 1822 μεῖναι.
747 1787 802 1822 ἐγὼ
817 1788 846 1814 δὲ
862 1780 924 1823 βλέ-

137 1843 192 1861 πων
210 1834 313 1864 αὐτοὺς
327 1833 480 1868 τρυφεροὺς
498 1834 545 1860 καὶ
566 1834 603 1866 ὡς
618 1834 673 1860 ἀπὸ
692 1833 810 1860 πλούτου
822 1854 829 1866 ,
851 1835 924 1868 λέγω

135 1881 245 1912 αὐτοῖς·
266 1880 297 1905 οὐ
314 1879 429 1905 δύνασθε
443 1879 556 1906 καθίσαι
568 1876 629 1906 ὦδε.
649 1879 696 1906 καὶ
708 1879 785 1914 λέγει
801 1880 815 1906 6
832 1879 924 1914 μειζό-

135 1934 212 1961 τερος
222 1934 230 1940 -
246 1925 296 1951 ἐὰν
312 1925 349 1960 μὴ
364 1923 505 1959 δυνώμεθα
518 1924 628 1951 καθίσαι
644 1921 705 1957 ὧδε,
719 1925 861 1960 ὑπάγομεν
876 1925 924 1952 ἀλ-

136 1971 230 2007 λαχοῦ.
260 1971 334 2004 λέγω
355 1970 410 2005 ἐγὼ
436 1971 475 2006 τῷ
501 1971 624 2007 λογισμῷ
644 1979 707 2007 μου·
728 1971 772 1998 διὰ
790 1971 818 1998 τί
835 1970 925 1998 διώκω

137 2019 234 2049 αὐτοὺς
254 2018 302 2044 καὶ
315 2017 535 2049 σκανδαλίζονται
547 2026 554 2050 ;
568 2019 582 2044 6
596 2018 679 2050 κόπος
695 2019 767 2044 ποιεῖ
781 2018 879 2049 αὐτοὺς
890 2017 925 2043 δι’

137 2064 218 2099 260
243 2063 350 2090 ἑαυτῶν
382 2065 488 2098 φυγεῖν.
514 2064 562 2091 καὶ
585 2064 657 2097 λέγω
690 2064 798 2095 αὐτοῖς·
830 2063 924 2096 δεῦτε,

138 2110 271 2145 ποιήσατε
286 2109 391 2141 ἑαυτοῖς
411 2109 517 2136 κελλίον
536 2110 560 2135 εἰ
583 2109 708 2136 δύνασθε.
726 2109 773 2136 καὶ
794 2109 904 2143 λέγουσι
916 2117 923 2123 ·

137 2155 224 2188 δεῖξον
241 2155 308 2189 ἡμῖν
325 2155 417 2186 τόπον,
436 2155 483 2182 καὶ
508 2154 650 2189 ποιοῦμεν.
671 2154 756 2181 ἔδωκε
781 2154 810 2180 δὲ
834 2154 926 2186 αὐτοῖς

136 2203 150 2227 ὁ
163 2201 256 2236 γέρων
271 2200 388 2227 πέλεκυν
403 2201 425 2217 ’⁸
434 2200 482 2226 καὶ
497 2200 650 2227 ἀναϐολίδιν
663 2201 685 2216 ¹⁹
702 2200 799 2235 μεστὸν
813 2199 926 2235 ψωμίων

136 2248 182 2273 καὶ
195 2247 276 2278 ἃλας.
291 2246 375 2279 ἔδειξε
386 2246 414 2272 δὲ
433 2246 524 2277 αὐτοῖς
538 2247 552 2272 6
563 2246 651 2281 γέρων
665 2247 713 2273 καὶ
730 2246 832 2282 πέτραν
844 2246 926 2281 σκλη-
938 2237 965 2267 Ῑ)

137 2294 186 2327 ρὰν
197 2292 304 2326 λέγων·
319 2291 489 2326 λατομήσατε
505 2288 566 2323 ὧδε,
583 2292 630 2318 καὶ
645 2291 743 2326 φέρετε
756 2292 848 2323 αὐτοῖς
861 2290 926 2323 ξύλα

136 2339 167 2364 ἐκ
181 2338 230 2364 τοῦ
254 2336 333 2368 ’ἑλους
346 2356 353 2368 ,
368 2337 415 2363 καὶ
439 2336 621 2371 στεγάσαντες
640 2336 779 2364 καθίσατε.
801 2337 927 2373 ἐνόμιζον

136 2384 162 2410 δὲ
170 2382 240 2417 ἐγώ,
248 2382 342 2418 φησίν,
351 2382 392 2409 ὅτι
402 2382 529 2417 μέλλουσι
539 2382 582 2409 διὰ
590 2383 636 2409 τὸν
642 2382 726 2409 κόπον
734 2383 884 2418 ἀναχωρεῖν
892 2384 925 2410 ³³.

135 2430 285 2465 ἠρώτησαν
302 2428 331 2455 δέ
353 2437 386 2464 με
396 2448 403 2460 ,
419 2428 446 2454 τί
461 2428 632 2463 ἐργάζωνται
651 2425 711 2455 ὦδε.
727 2429 799 2463 λέγω
815 2430 906 2462 αὐτοῖς
918 2437 925 2445 ·

134 2477 183 2510 τὴν
203 2475 318 2510 σειρὰν·
338 2475 386 2501 καὶ
409 2474 540 2509 λαμϐάνω
557 2475 620 2510 βαΐα
646 2475 679 2501 ἐκ
700 2475 748 2501 τοῦ
766 2475 853 2508 ἕλους,
875 2476 923 2503 καὶ

134 2519 252 2546 δεικνύω
266 2519 358 2550 αὐτοῖς
375 2519 424 2554 τὴν
441 2519 527 2554 ἀρχὴν
543 2519 593 2554 τῆς
613 2520 718 2554 σειρᾶς,
742 2520 789 2546 καὶ
804 2520 862 2552 πῶς
876 2521 924 2556 ρά-

136 2574 214 2592 πτειν
231 2565 283 2595 δεῖ,
309 2565 357 2590 καὶ
375 2562 469 2591 εἷπον·
494 2566 596 2590 ποιεῖτε
614 2564 763 2600 σπυρίδας,
781 2566 828 2593 καὶ
852 2575 922 2601 παρ-

135 2610 213 2646 έχετε
224 2611 283 2641 τοῖς
297 2609 412 2644 φύλαξι,
429 2610 474 2636 καὶ
489 2609 618 2645 φέρουσιν
634 2610 699 2645 ὑμῖν
712 2611 817 2646 ψωμία.
832 2612 925 2639 λοιπὸν

135 2655 181 2682 οὖν
197 2655 256 2690 ἐγὼ
276 2655 448 2691 ἀνεχώρησα.
470 2656 546 2682 αὐτοὶ
567 2655 592 2681 δὲ
610 2655 669 2690 μεθ’
685 2656 826 2692 ὑπομονῆς
839 2658 928 2685 πάντα

973 1605 1048 1633 tebat
1067 1606 1234 1640 lanuginem.
1251 1605 1302 1638 Qui
1324 1609 1459 1632 venerunt
1488 1605 1523 1632 ad
1546 1613 1590 1633 me
1612 1609 1763 1641 rogantes:

973 1652 1026 1680 Ubi
1042 1657 1085 1680 est
1097 1652 1165 1680 cella
1180 1651 1292 1679 Macarii
1313 1651 1440 1679 abbatis?
1454 1651 1510 1687 Ego
1527 1661 1534 1679 :
1548 1651 1618 1679 Num
1633 1652 1709 1687 quid,
1724 1653 1766 1679 in-

973 1706 1067 1733 quam,
1082 1706 1144 1726 eum
1161 1698 1264 1726 vultis?
1275 1698 1359 1726 Aiunt
1372 1707 1379 1726 :
1394 1698 1494 1726 Audita
1509 1699 1569 1726 eius
1592 1706 1624 1726 ac
1652 1698 1765 1727 Sceteos

973 1743 1045 1770 fama
1058 1743 1190 1775 venimus,
1207 1748 1237 1770 ut
1246 1743 1387 1770 videamus
1397 1750 1469 1770 eum.
1481 1742 1545 1771 Dico
1555 1743 1589 1770 iis
1602 1752 1609 1771 :
1622 1743 1676 1779 Ego
1691 1751 1764 1771 sum.

973 1789 1111 1826 Factaque
1125 1790 1248 1824 corporis
1275 1789 1517 1817 inclinationezﬂic
1528 1811 1536 1823 ,
1552 1790 1698 1825 inquiunt,
1717 1799 1766 1818 cu-

974 1834 1065 1869 pimus
1085 1842 1206 1862 manere.
1235 1834 1291 1870 Ego
1312 1842 1376 1862 vero
1400 1834 1496 1862 videns
1515 1843 1562 1864 eos
1582 1836 1714 1864 delicatos
1738 1841 1766 1864 et

974 1880 1048 1907 velut
1064 1880 1091 1907 in
1103 1880 1208 1907 divitiis
1223 1880 1354 1907 educatos
1373 1880 1502 1908 aio:Non
1516 1881 1631 1916 potestis
1645 1881 1766 1909 residere

974 1926 1029 1954 hic.
1049 1926 1134 1953 Maior
1148 1925 1314 1961 respondet:
1336 1925 1367 1953 Si
1386 1934 1441 1953 non
1455 1934 1601 1961 possumus
1623 1934 1766 1955 remanere

974 1973 1030 2005 hic,
1045 1973 1078 2000 ad
1092 1973 1176 1999 alium
1187 1979 1332 2007 pergemus
1348 1972 1448 2000 locum.
1460 1971 1528 1999 Tum
1542 1980 1602 2007 ego,
1617 1973 1689 2008 apud
1701 1982 1744 2001 me
1756 1983 1762 2000 :

974 2018 1041 2051 Cur,
1059 2018 1187 2053 inquam,
1206 2017 1277 2052 pello
1289 2025 1352 2049 eos,
1373 2021 1401 2045 et
1424 2017 1583 2045 scandalum
1608 2019 1765 2053 patientur?

974 2061 1064 2089 Labor
1082 2061 1190 2095 elﬁciet,
1208 2066 1238 2089 ut
1259 2067 1356 2097 sponte
1372 2062 1487 2097 fugiant.
1508 2062 1602 2098 itaque
1624 2063 1687 2092 dico
1708 2065 1762 2093 iis:

975 2108 1081 2142 Venite,
1097 2108 1251 2137 construite
1270 2109 1348 2137 vobis
1365 2109 1502 2142 cellulam,
1517 2109 1541 2137 si
1560 2111 1686 2145 potestis.
1704 2112 1763 2140 Illi:

975 2154 1095 2182 Ostende
1110 2154 1189 2182 nobis
1202 2154 1292 2182 locum
1309 2159 1336 2182 et
1353 2159 1556 2183 construemus.
1578 2155 1658 2184 Dedit
1673 2162 1763 2185 autem

977 2201 1011 2228 iis
1035 2208 1119 2228 senex
1142 2201 1272 2233 securim,
1293 2208 1441 2236 peramque
1461 2202 1570 2237 plenam
1591 2203 1717 2237 panibus,
1738 2209 1765 2232 et

979 2246 1029 2274 sal.
1048 2246 1232 2282 Ostenditque
1249 2252 1354 2282 petram
1375 2247 1472 2275 duram
1495 2256 1627 2277 monens:
1648 2249 1765 2285 Lapides

979 2292 1025 2320 hic
1046 2292 1166 2327 incidite,
1184 2296 1266 2327 atque
1285 2297 1393 2328 portate
1413 2293 1491 2321 vobis
1515 2293 1587 2329 ligna
1606 2302 1639 2321 ex
1655 2295 1764 2329 palude,

979 2342 1107 2374 tectoque
1129 2338 1257 2373 imposito
1278 2338 1406 2367 residete.
1433 2338 1568 2367 Putabam
1591 2344 1698 2372 autem,
1723 2341 1767 2367 in-
1787 2346 1792 2378 ι

979 2385 1050 2420 quit,
1065 2392 1114 2412 eos
1130 2388 1241 2419 propter
1263 2384 1384 2412 laborem
1404 2392 1564 2413 recessuros
1579 2392 1650 2413 esse.
1678 2385 1765 2413 Porro

980 2431 1117 2466 petierunt
1132 2437 1146 2456 a
1159 2437 1212 2461 me,
1224 2429 1289 2464 quid
1302 2437 1335 2457 eo
1355 2430 1407 2456 loci
1419 2430 1558 2465 operaturi
1575 2434 1679 2458 essent.
1711 2430 1765 2459 Re-
1788 2444 1798 2460 ι

976 2477 1113 2513 spondeo:
1133 2476 1249 2503 Plectaln
1273 2475 1363 2503 facite.
1380 2475 1553 2511 Sumptisque
1569 2475 1642 2503 foliis
1663 2477 1767 2511 patrua-

978 2530 1038 2550 rum
1060 2529 1074 2549 e
1088 2521 1202 2556 palude,
1225 2521 1342 2548 ostendo
1359 2521 1393 2548 iis
1416 2521 1522 2556 plectae
1544 2522 1723 2557 principium,
1739 2529 1767 2550 et

978 2567 1116 2603 quomodo
1136 2574 1269 2594 consuete
1291 2571 1427 2602 oporteat,
1442 2570 1487 2594 et:
1515 2567 1624 2599 Facite,
1644 2568 1764 2603 inquam,

979 2618 1099 2649 sportas,
1120 2620 1188 2648 quas
1207 2612 1320 2639 tradetis
1336 2613 1508 2645 custodibus,
1531 2613 1550 2640 ii
1569 2622 1633 2641 vero
1652 2615 1767 2642 afferent

981 2659 1059 2686 vobis
1076 2666 1171 2694 panes.
1185 2657 1287 2685 Deinde
1297 2658 1428 2686 abscessi.
1439 2659 1473 2686 At
1485 2659 1523 2687 illi
1537 2660 1671 2695 patienter
1685 2669 1766 2697 quae-

776 2726 903 2754 VARIAE
929 2726 1136 2756 LECTlONES.

171 2773 195 2788 “
214 2772 262 2801 Sic
279 2780 330 2808 pro
342 2771 509 2802 ἁναΰιϐἁζω.
552 2773 575 2789 ³⁷
593 2772 636 2800 Al.
652 2773 760 2808 κριταί.

798 2774 1004 2804 ¹⁸Α1..τιέλυκα.
1042 2776 1064 2792 ’⁸
1084 2776 1126 2802 Al.
1144 2775 1344 2803 ἀναΰολίδιον.
1383 2775 1405 2791 ³⁸
1424 2775 1466 2802 Al.
1487 2776 1617 2811 φεύγειν.

888 2831 1014 2860 NOTAE.

172 2874 269 2945 $11)”.
289 2873 351 2902 γν.
368 2874 419 2915 Pi).
434 2875 525 2903 Rosw.
544 2877 593 2904 lib.
607 2876 650 2904 \‘ll
671 2885 729 2912 cap.
754 2877 798 2908 1‘2.
813 2877 839 2904 Ξ.

185 2909 213 2944 ι)
232 2910 278 2938 Cl’.
301 2909 419 2938 Consul.
443 2911 537 2945 Apost.
557 2912 592 2945 ll,
626 2913 662 2939 26
683 2913 801 2941 Colelcr.
832 2913 839 2939 Ι

185 2909 213 2944 ι)
232 2910 278 2938 Cl’.
301 2909 419 2938 Constit.
443 2911 537 2946 Apost.
557 2912 592 2947 ll,
626 2913 662 2939 26
683 2909 801 2941 Gotelcr.
832 2913 927 2941 Patres

981 2879 1077 2914 Apost.
1095 2879 1172 2907 Tom.
1186 2880 1195 2907 l
1209 2887 1236 2914 p.
1254 2881 1317 2909 959.

1017 2914 1108 2957 (ελ-(21⁸.
1128 2916 1284 2944 Sententiae
1299 2917 1413 2952 Aegypt.
1431 2914 1484 2944 PP.
1501 2915 1562 2944 107.
