2048 3153
273 181 330 210 9.55

684 177 733 206 SS.
753 177 984 206 MACARIORUM
1001 176 1164 206 AEGYPTH
1187 176 1230 203 ET
1248 174 1483 203 ALEXANDRINI

1846 177 1900 203 2.76

273 246 381 274 cunque
398 236 589 264 mandaveram
611 236 735 262 exsecuti
762 239 837 268 sunt,
863 244 912 263 nec
932 239 1066 263 venerunt

1122 235 1260 269 ἐποίησαν,
1277 234 1328 260 ὅσα
1351 231 1428 260 εἷπον
1440 232 1532 264 αὐτοῖς
1545 240 1552 246 θ
1568 232 1614 258 καὶ
1634 232 1665 258 οὺ
1688 231 1840 267 παρέϐαλὸν
1858 242 1903 268 μοι

275 286 309 312 ad
324 292 366 312 me
381 283 469 310 tribus
487 281 577 311 annis.
600 280 656 316 Ego
679 289 743 308 vero
761 282 871 308 assidue
889 289 950 308 cum
973 282 1066 308 animo

276 339 336 358 meo
347 329 526 359 colluctabar,
543 331 689 362 reputans:
706 327 814 362 Ecquae
831 333 872 355 est
889 335 982 354 eorum
1000 335 1066 362 ope-

276 376 356 407 ratio,
374 374 445 408 quod
465 381 519 400 non
537 373 704 400 accesserint
726 373 919 407 interrogaturi
938 372 971 399 de
986 372 1064 406 cogi-

276 420 399 447 taxiotie?
421 419 472 452 Qui
497 419 593 454 procul
616 419 749 449 habitant.
773 418 929 445 veniuntad
953 427 995 445 me
1013 428 1018 445 :
1039 421 1067 444 ct

276 467 321 493 isti
347 475 408 493 cum
436 466 582 501 propinqui
610 465 674 496 sint,
695 472 748 491 non
766 467 951 496 accesserunt,
968 471 1017 490 nec
1034 463 1067 490 ad

276 513 344 538 alios
357 512 472 546 profecti
488 516 569 538 sunt:
582 510 723 536 dumtaxat
739 514 855 544 pergunt
871 508 904 536 ad
922 509 1066 536 ecclesiam

275 558 364 589 taciti,
378 563 407 584 ut
423 558 560 592 accipiant
575 556 749 583 oblationem.
771 557 861 592 Atque
877 556 953 582 oravi
977 555 1068 582 Domi-

276 612 353 634 num.
375 604 500 631 ieiunans
519 611 571 630 una
590 602 769 634 hebdomade,
784 606 813 629 ut
830 603 991 637 dignaretur
1014 603 1066 629 ini-

276 650 304 676 bi
327 649 472 676 ostendere
493 649 679 683 operationem
705 656 810 675 eorum.
831 647 896 675 Post
921 648 1069 675 hebdoma-

277 697 338 723 dem
362 704 427 723 vero
445 703 561 730 surgens
587 695 620 722 ad
637 703 685 722 eos
711 695 776 726 abii.
796 699 825 722 ut
848 695 980 726 intuerer,
1002 703 1070 729 quo-

277 741 358 768 modo
368 745 489 776 agerent.
500 740 532 767 Et
547 748 608 767 cum
619 740 772 774 pulsassem
786 743 961 774 aperuerunt,
974 747 1071 774 meque

278 788 436 814 salutarnnt
451 795 513 814 cum
533 787 652 813 silentio.
673 785 734 813 Feci
754 786 919 817 orationem,
946 790 974 813 et
999 785 1069 813 sedi.

279 833 365 860 Maior
382 833 470 859 innuit
491 833 600 863 minori,
619 835 649 858 ut
664 832 848 866 egrederetur,
875 832 985 866 ipseque
1000 832 1071 859 sedit

279 879 312 905 ad
327 878 523 905 conficiendam
536 878 662 913 plectam.
675 885 725 904 nec
735 877 882 912 quidquam
896 876 1068 911 loquebatur.

1118 281 1165 306 ἐπὶ
1181 280 1245 314 τρία
1266 279 1323 315 ἔτη.
1344 279 1391 306 καὶ
1410 279 1504 314 ἔμεινα
1526 278 1651 312 πολεμῶν
1673 279 1730 309 τοῖς
1753 277 1901 314 λογισμοῖς,

1118 326 1204 360 λέγων
1217 334 1223 339 ·
1241 325 1282 357 τις
1297 327 1350 361 ἄρα
1365 325 1438 352 ἐστὶν
1453 326 1470 360 ἡ
1485 324 1599 360 ἐργασία
1615 323 1716 355 αὐτῶν,
1731 324 1773 350 ὅτι
1788 324 1838 350 οὑκ
1855 322 1904 360 ἦλ-

1119 373 1164 399 οον
1180 372 1316 407 ἐρωτῆσαι
1332 371 1480 407 λογισμόν;
1500 371 1524 398 οἱ
1537 371 1591 397 ἀπὸ
1611 369 1729 406 μήκοθεν
1743 371 1763 386 ³¹
1778 370 1904 406 ἔρχονται

1118 418 1186 454 πρός
1205 427 1254 453 με·
1272 418 1319 444 καὶ
1333 414 1406 444 οὗτοι
1425 418 1449 444 οἱ
1464 418 1546 452 ἐγγὺς
1564 417 1613 443 οὐκ
1635 414 1727 452 ἦλθον,
1743 416 1822 451 261
1841 416 1904 442 οὔτε

1119 464 1146 490 δὲ
1159 464 1227 499 πρὸς
1242 463 1337 494 ἄλλους
1351 463 1455 498 ὑπῆγον
1466 471 1473 477 ⁸
1490 464 1513 489 ει
1536 463 1572 498 μὴ
1590 463 1669 498 μόνον
1682 463 1720 493 εις
1737 462 1786 497 τὴν
1805 462 1906 496 ἐκκλη-

1120 506 1179 533 σίαν
1195 507 1361 539 σιωπῶντες,
1372 507 1462 533 λαϐεῖν
1476 507 1525 542 τὴν
1537 507 1706 542 προσφοράν.
1719 507 1767 532 καὶ
1778 507 1905 542 ηὐξάμην

1119 553 1158 588 τῷ
1172 553 1232 588 Θεῷ
1248 553 1399 589 νηστεύσας
1420 553 1469 588 τὴν
1484 553 1629 588 ἑϐδομάδα,
1649 553 1692 581 ἵνα
1705 553 1780 589 δείξῃ
1796 562 1840 588 μοι
1854 554 1905 587 τὴν

1120 600 1253 635 ἐργασίαν
1275 599 1376 626 αὐτῶν.
1399 599 1518 630 ἀναστὰς
1540 599 1568 625 δὲ
1593 599 1662 633 μετὰ
1680 598 1728 633 τὴν
1749 597 1903 632 ἑϐδομάδα,

1120 646 1240 681 ἀπῆλθον
1256 646 1324 681 πρὸς
1339 645 1437 678 αὐτοὺς
1449 646 1523 677 ἰδεῖν,
1538 645 1597 676 πῶς
1611 644 1753 680 κάθηνται·
1767 645 1812 670 καὶ
1825 643 1906 679 κρού-

1121 692 1216 723 σαντός
1234 700 1283 726 μου
1301 689 1493 726 ἀνέῳξανίκαὶ
1506 690 1663 725 ἠσπάσαντο
1682 699 1715 725 με
1730 689 1904 721 σιωπῶντες’

1120 738 1168 763 καὶ
1182 738 1297 772 ποιήσας
1321 737 1403 772 εὐχὴν
1419 736 1545 763 ἐκάθισα.
1561 736 1659 768 νεύσας
1673 736 1701 762 δὲ
1715 737 1729 762 6
1750 735 1850 770 μείζων
1866 736 1906 770 τῷ

1122 783 1278 819 μικροτέρῳ
1294 783 1422 816 ἐξελθεῖν,
1447 783 1557 809 ἐκάθισε
1582 782 1691 808 πλέκειν
1705 782 1727 796 ³⁵
1749 781 1798 816 τὴν
1812 781 1906 816 σειρὰν

1120 830 1238 865 λαλήσας
1253 830 1346 865 μηδὲν.
1362 830 1409 856 καὶ
1422 831 1454 864 τῇ
1471 829 1531 864 ὦρα
1543 829 1592 863 τῆς
1607 828 1704 863 ἐνάτης
1720 827 1845 862 ἔκρουσε.
1858 827 1907 854 καὶ

1119 874 1201 911 ἦλθεν
1215 877 1229 902 6
1242 876 1373 911 νεώτερος
1388 876 1420 906 ³³,
1440 877 1487 902 καὶ
1501 875 1611 910 ἐποίησε
1628 874 1723 910 μικρὸν
1738 875 1842 909 ἕψημα,
1860 873 1907 900 καὶ

279 923 321 950 Ad
341 924 436 951 horam
449 931 514 950 vero
531 931 631 950 nonam
649 923 791 958 strepitum
808 923 904 950 edidit.
930 921 1010 949 Venit
1028 921 1066 948 iu-

1122 921 1261 957 παρέθηκε
1273 921 1422 956 τράπεζαν,
1435 920 1579 952 νεύσαντος
1591 920 1665 955 αὐτῷ
1673 919 1719 946 τοῦ
1731 919 1888 955 μειζοτέρου
1897 927 1903 934 ’

278 970 351 1001 nior,
360 970 422 996 fecit
434 969 544 1004 paulum
554 969 723 1004 polentae,ac
733 968 835 995 maiore
845 968 974 995 innuentc
983 967 1068 1002 adpo-

278 1015 334 1042 suit
351 1022 483 1046 mensam,
503 1021 621 1048 cumque
641 1021 724 1048 super
745 1021 804 1040 eam
835 1018 891 1040 tres
918 1012 1069 1047 paximales

280 1061 428 1096 posuisset,
441 1060 515 1087 stetit
529 1063 633 1087 tacens.
645 1059 702 1094 Ego
714 1067 778 1085 vero
798 1059 869 1085 dixi:
886 1058 1006 1093 Surgite,
1022 1065 1069 1084 co-

280 1105 430 1133 mcdamus.
441 1105 473 1132 Et
482 1110 679 1139 consurgentes
696 1105 786 1131 cibum
800 1105 977 1138 sumpsimus.
995 1104 1070 1130 Attu-

285 1153 318 1179 lit
338 1152 463 1184 bancalc,
477 1159 509 1178 ac
521 1152 648 1178 bibimus.
666 1150 701 1178 Ut
713 1155 802 1178 autent
819 1150 926 1177 advenit
943 1157 1068 1185 vespera,

284 1198 379 1224 dicunt
397 1198 462 1224 mibi
478 1197 665 1225 :Rccedisnc?
687 1197 824 1231 Respondi
842 1196 919 1223 :Non
931 1216 938 1227 .
956 1196 1002 1223 sed
1026 1197 1069 1222 hic

283 1244 400 1270 dormio.
421 1243 498 1270 Unde
512 1246 663 1278 posuerunt
673 1243 738 1269 mihi
755 1246 872 1269 storeani
886 1250 918 1268 ex
942 1246 1027 1277 parte.
1043 1245 1070 1268 et

282 1290 335 1317 sibi
352 1289 386 1316 ad
407 1289 535 1324 angulum
559 1296 592 1316 ex
609 1293 697 1324 parte.
724 1292 751 1314 ct
775 1288 964 1322 deposuerunt
987 1295 1070 1314 zonas

282 1343 348 1363 suas
362 1338 389 1362 et
405 1335 600 1365 succinctoria,
622 1334 758 1367 simulque
774 1333 976 1360 collocaverunt
994 1340 1022 1359 se
1043 1333 1070 1359 in

283 1385 366 1408 matta
385 1385 447 1407 ante
471 1388 525 1406 me.
547 1380 673 1406 Ceterum
694 1383 838 1413 postquam
859 1383 1070 1413 composuerunt

283 1434 323 1457 se,
337 1427 412 1453 oravi
429 1425 523 1455 Deum,
539 1429 569 1451 ut
585 1425 649 1451 milii
669 1425 853 1459 operationem
875 1432 968 1451 eorum
993 1432 1070 1451 rere-

282 1472 361 1499 lat'ct.
381 1470 458 1499 Tunc
482 1476 606 1506 apertum
628 1475 669 1497 cst
691 1475 804 1501 tectum,
829 1474 942 1504 ortaque
962 1474 1004 1497 est
1025 1470 1071 1496 lux

282 1517 358 1543 velut
373 1523 421 1550 per
434 1516 523 1543 diem:
543 1515 594 1549 ipsi
615 1519 704 1541 autem
731 1522 784 1540 non
803 1515 951 1540 cernebant
972 1514 1070 1540 lucem.

284 1562 352 1590 Cum
371 1570 434 1588 vero
456 1562 645 1588 existimarent
671 1559 793 1586 dormire
823 1567 874 1591 me.
895 1560 1072 1586 maior«'foilit

283 1607 398 1633 minoris
414 1606 495 1632 latus.
508 1605 692 1638 Consurgunt,
708 1604 822 1638 cingunt
837 1611 865 1630 se
880 1608 907 1630 ct
917 1604 1074 1638 expandunt

283 1659 383 1679 manus
404 1652 436 1678 ad
453 1652 570 1678 coelutn.
593 1649 676 1676 Porro
698 1657 749 1684 ego
769 1649 911 1676 cernebant
931 1657 998 1682 eos;
1022 1649 1073 1684 ipsi

284 1705 340 1726 non
352 1697 481 1724 videbant
497 1704 549 1723 me.
565 1696 654 1729 Atque
667 1694 721 1721 vidi
739 1694 887 1721 daetnoncs
903 1694 990 1721 instar
1003 1702 1075 1722 mus-

284 1752 391 1774 carum.
403 1738 543 1769 Venientes
558 1749 640 1776 super
656 1742 808 1773 minorem;
831 1748 948 1775 quorum
967 1741 1011 1767 alii
1026 1749 1074 1767 ae-

284 1790 430 1820 cedebant,
448 1793 478 1814 ut
495 1788 622 1815 sederent
654 1787 680 1813 in
698 1794 745 1813 ore
765 1786 838 1817 eius.
862 1787 907 1812 alii
930 1787 956 1812 in
976 1787 1074 1814 oculis.

286 1835 373 1862 Simul
394 1834 525 1868 conspexi
540 1833 665 1868 angelum
679 1832 784 1859 Domini
805 1837 937 1859 tenentem
955 1833 1073 1867 gladium

286 1882 369 1916 ignis,
394 1880 646 1907 circumvallantem
669 1887 743 1910 eum,
760 1879 960 1913 daemonesque
979 1880 1013 1906 ab
1042 1887 1074 1906 co

285 1928 493 1964 propellentem.
519 1927 553 1952 At
575 1925 671 1952 maiori
696 1932 750 1951 non
779 1928 905 1959 poterant
928 1926 1073 1959 appropin-

286 1981 383 2008 quare.
403 1974 481 2000 Circa
498 1971 662 1998 matutinum
674 1978 739 1998 vero
758 1975 864 2005 tempus
876 1972 1072 1998 rccubuerunt:

287 2023 369 2054 atque
379 2026 428 2053 ego
435 2017 581 2044 assimilavi
595 2025 638 2043 me
652 2024 714 2043 mox
725 2015 943 2050 expergefactum
953 2026 960 2050 ;
969 2017 1075 2052 ipsique

288 2064 425 2092 similiter.
454 2063 511 2089 lloc
532 2067 621 2089 autem
639 2062 781 2088 dumtaxat
804 2062 869 2088 mibi
885 2062 1008 2090 elocutus
1034 2067 1075 2090 est

288 2109 403 2136 verbum
418 2109 525 2142 major:
550 2107 595 2135 Vis
616 2108 763 2134 recitemus
777 2106 920 2134 duodecim
939 2108 1075 2142 psalmos?

289 2156 359 2182 Aio:
379 2154 476 2181 Etiam.
487 2153 555 2180 Tum
572 2154 664 2188 psallit
680 2154 768 2180 minor
781 2153 902 2188 quinque
917 2154 1047 2188 psalmos,
1060 2163 1075 2181 a

290 2209 337 2229 sex
348 2200 484 2232 versibuS,
493 2203 520 2226 et
533 2207 617 2226 unum
629 2199 834 2234 alleluia,atque
845 2199 878 2226 ad
893 2207 1075 2234 unumquem-

1087 1591 1107 1618 C

1121 968 1168 994 καὶ
1181 967 1278 1003 ἔθηκεν
1291 969 1331 999 εἱς
1344 968 1428 1003 αὐτὴν
1439 969 1512 1003 τρεῖς
1525 967 1694 1000 παξαμάδας,
1706 967 1753 992 καὶ
1766 966 1830 1000 ἔστη
1844 973 1907 991 σιω-

1121 1014 1190 1040 πῶν.
1207 1013 1261 1047 ἐγὼ
1275 1014 1303 1040 δὲ
1321 1011 1397 1040 εἷπον
1410 1022 1417 1028 '
1442 1013 1593 1048 ἐγείρεσθε,
1618 1013 1758 1048 φάγωμεν.
1779 1011 1827 1038 καὶ
1841 1011 1907 1038 ἁνα-

1123 1059 1233 1091 στάντες
1254 1061 1400 1095 ἐφάγομεν.
1430 1060 1477 1086 καὶ
1501 1060 1599 1094 ἤνεγκε
1622 1058 1654 1085 τὸ
1680 1058 1834 1092 βαυκάλιον,
1858 1057 1907 1084 καὶ

1122 1106 1244 1140 ἐπίομεν.
1261 1105 1298 1136 ὡς
1314 1105 1342 1131 δὲ
1366 1105 1475 1138 ἐγένετο
1492 1104 1608 1139 ἑσπέρα,
1634 1102 1742 1137 λέγουσι
1763 1111 1825 1137 μοι·
1853 1103 1906 1128 ὑπ-

1123 1151 1216 1186 άγεις;
1230 1151 1285 1185 ἐγὼ
1298 1151 1326 1177 δὲ
1345 1149 1434 1176 εἷπον·
1458 1150 1528 1184 οὐχί,
1547 1149 1604 1176 ἀλλ’
1618 1145 1668 1175 ὧδε
1685 1148 1834 1183 κοιμῶμαι.
1859 1149 1907 1174 καὶ

1123 1197 1223 1232 ἐθηκάν
1241 1206 1284 1232 μοι
1299 1197 1407 1231 ψιαθιον
1423 1196 1498 1231 παρὰ
1515 1195 1598 1231 μέρος
1609 1215 1616 1226 ,
1629 1195 1676 1222 καὶ
1689 1196 1794 1225 ἑαυτοῖς
1805 1196 1844 1226 εἰς
1857 1194 1907 1229 τὴν

1122 1244 1223 1278 γωνίαν
1241 1244 1263 1259 ³⁸
1284 1243 1360 1278 παρὰ
1381 1243 1471 1278 μέρος.
1496 1243 1542 1268 καὶ
1568 1239 1638 1277 ἦραν
1653 1241 1733 1276 262
1753 1242 1801 1271 τὰς
1821 1240 1908 1273 ζώνας

1123 1289 1212 1316 αὐτῶν
1236 1289 1284 1315 καὶ
1311 1290 1373 1320 τοὺς
1395 1289 1563 1320 ἀναλάὁους,
1590 1289 1636 1314 καὶ
1663 1287 1764 1322 ἕῠηκαν
1791 1287 1904 1318 ἑαυτοὺς

1123 1335 1190 1370 ὁμοῦ
1205 1336 1243 1366 εις
1258 1335 1288 1361 τὸ
1308 1335 1416 1370 ψιάϐιον
1435 1334 1589 1370 ἔμπροσθέν
1609 1342 1670 1369 μου.
1696 1333 1733 1364 ὡς
1755 1333 1783 1359 δὲ
1806 1333 1908 1368 ἔθηκαν

1124 1380 1246 1411 ἑαυτούς,
1262 1379 1388 1414 ηὐξάμην
1411 1379 1450 1414 τῷ
1467 1378 1536 1413 Θεῷ,
1550 1379 1594 1405 ἵνα
1611 1387 1655 1413 μοι
1675 1377 1837 1413 ἀποκαλύψῃ
1858 1376 1908 1411 τὴν

1123 1425 1253 1461 ἐργασίαν
1270 1425 1370 1452 αὐτῶν.
1391 1425 1437 1451 καὶ
1452 1424 1576 1459 ἡνεῴχθη
1593 1426 1607 1458 ἡ
1625 1424 1718 1459 στέγη,
1741 1424 1788 1450 καὶ
1801 1423 1909 1457 ἐγένετο

1124 1471 1182 1506 φῶς
1193 1471 1231 1502 ὡς
1244 1472 1336 1506 ἡμέρα
1350 1471 1383 1486 ³⁵·
1397 1471 1472 1496 αὐτοὶ
1485 1470 1512 1496 δὲ
1527 1471 1576 1496 οὐκ
1590 1470 1722 1504 ἐθεώρουν
1736 1470 1766 1496 τὸ
1784 1470 1850 1503 φῶς.
1863 1469 1908 1495 καὶ

1123 1517 1160 1548 ὡς
1174 1517 1297 1551 ἐνόμιζον
1317 1517 1358 1542 ὅτι
1382 1516 1535 1551 κοιμῶμαι,
1557 1517 1650 1542 νύσσει
1664 1517 1677 1542 ὁ
1693 1516 1792 1550 μείζων
1805 1515 1850 1541 τὸν
1866 1524 1909 1550 μι-

1123 1563 1250 1597 κρότερον
1265 1563 1303 1593 εἰς
1322 1563 1371 1597 τὴν
1387 1562 1522 1598 πλευράν,
1540 1563 1587 1588 καὶ
1601 1562 1763 1597 ἐγείρονται,
1781 1561 1828 1588 καὶ
1842 1561 1909 1593 ζων-

1124 1609 1154 1634 νῦ
1161 1617 1202 1634 σιν
1217 1608 1239 1622 ³⁸
1257 1608 1369 1639 ἑαυτούς
1383 1629 1389 1638 ,
1412 1609 1458 1634 καὶ
1473 1608 1622 1635 ἐκτείνοντι
1636 1609 1686 1640 τὰς
1703 1610 1797 1643 χεῖρας
1809 1608 1848 1639 εἰς
1863 1607 1909 1634 τὸν

1123 1653 1247 1689 οὐρανόν.
1261 1653 1308 1679 καὶ¹
1323 1653 1456 1688 ἐθεώρουν
1468 1653 1575 1684 αὐτούς·
1591 1654 1667 1680 αὐτοὶ
1677 1654 1704 1679 δὲ
1716 1654 1764 1679 οὐκ
1776 1652 1909 1687 ἐθεώρουν

1126 1699 1224 1733 με’καὶ
1238 1697 1307 1724 εἶδον
1322 1699 1384 1729 τοὺς
1398 1698 1528 1733 δαίμονας
1543 1700 1706 1734 ἐρχομένους
1723 1699 1815 1733 ὥσπερ
1828 1699 1910 1733 μυίας

1124 1744 1170 1770 ἐπὶ
1187 1744 1232 1770 τὸν
1249 1744 1409 1778 μικρότερον
1420 1752 1426 1758 ⁸
1442 1744 1489 1770 καὶ
1509 1745 1533 1769 οἱ
1549 1744 1597 1778 μὲν
1611 1743 1726 1779 ἥρχοντο
1743 1744 1853 1770 καθίσαι
1869 1744 1909 1774 εἰς

1124 1790 1154 1816 τὸ
1167 1789 1252 1824 στόμα
1268 1789 1360 1821 αὑτοῦ,
1373 1790 1398 1815 οἱ
1416 1790 1443 1815 δὲ
1458 1791 1497 1821 εἰς
1508 1791 1569 1820 τοὺς
1581 1790 1735 1825 ὀφθαλμοὺς
1750 1790 1842 1817 αὑτοῦ.
1860 1791 1908 1817 καὶ

1125 1835 1193 1863 εἶδον
1210 1837 1323 1870 ἄγγελον
1335 1836 1430 1870 κυρίου
1444 1837 1591 1870 κατέχοντα
1604 1836 1739 1871 ρομψαίαν
1753 1836 1848 1871 πυρᾶς,
1861 1837 1909 1863 καὶ

1125 1883 1361 1918 περιχαρακοῦντα
1380 1883 1460 1909 αὑτὸν
1482 1882 1528 1908 καὶ
1547 1881 1678 1908 διώκοντα
1696 1882 1759 1913 τοὺς
1780 1882 1910 1916 δαίμονας

1125 1927 1172 1952 ἀπ’
1186 1926 1276 1953 αὑτοῦ.
1293 1927 1332 1961 τῷ
1348 1927 1375 1952 δὲ
1391 1926 1540 1960 μειζοτέρῳ
1553 1927 1601 1952 οὐκ
1616 1926 1741 1952 ἐδύναντο
1763 1927 1910 1961 προσεγγί-

1126 1980 1181 1999 σαι.
1196 1972 1243 1998 καὶ
1258 1972 1295 2003 ὼς
1311 1972 1375 2006 περὶ
1390 1971 1438 2006 τὴν
1451 1972 1556 2006 πρωῗαν
1571 1971 1672 2005 ἔθηκαν
1687 1971 1799 2002 ἑαυτούς
1809 1979 1815 1985 “
1832 1971 1910 2005 κάγὼ

1126 2018 1241 2052 ἐποίησα
1257 2018 1374 2052 ἐμαυτὸν
1389 2018 1430 2045 ὄτι
1441 2017 1610 2052 διυπνίσθην,
1621 2018 1667 2043 καὶ
1680 2017 1757 2043 αὐτοὶ
1767 2017 1908 2048 ὡσαύτως.

1124 2061 1184 2089 εἶπε
1197 2062 1225 2089 δέ
1241 2072 1285 2098 μοι
1300 2064 1313 2089 6
1328 2063 1429 2098 μείζων
1445 2064 1490 2089 τὸν
1505 2063 1584 2097 λόγον
1599 2063 1693 2089 τοῦτον
1707 2063 1786 2098 μόνον
1798 2073 1805 2079 ·
1822 2063 1911 2095 Θέλεις

1126 2109 1250 2144 βάλωμεν
1267 2110 1329 2140 τοὺς
1342 2108 1444 2135 δώδεκα
1454 2109 1533 2144 263
1544 2109 1667 2144 ψαλμούς
1678 2118 1684 2141 ;
1703 2109 1783 2143 λέγω·
1796 2109 1849 2136 ναξ·
1862 2109 1911 2136 καὶ

1124 2153 1220 2188 ψάλλει
1235 2154 1248 2180 6
1270 2154 1430 2189 μικρότερος
1453 2155 1533 2180 πέντε
1547 2154 1671 2189 ψαλμοὺς
1692 2155 1745 2181 ἀπὸ
1764 2155 1793 2187 ἒξ
1812 2155 1910 2189 στίχων

1125 2198 1173 2225 καὶ
1189 2198 1218 2225 ἓν
1233 2198 1389 2233 ἁλληλούια.
1410 2199 1455 2225 καὶ
1469 2200 1538 2225 κατὰ
1552 2199 1641 2234 στίχον
1655 2200 1784 2234 ἐξήρχετο
1798 2199 1910 2234 λαμπὰς

290 2255 342 2281 que
355 2253 463 2273 versum
484 2245 577 2272 exibat
596 2245 668 2280 ignis
690 2245 794 2279 lampas
814 2253 847 2272 ex
867 2252 915 2272 ore
932 2245 1002 2280 eius,
1024 2245 1074 2272 ad-

1126 2243 1211 2279 πυρδς
1224 2245 1255 2270 ὲκ
1268 2244 1315 2270 τοῦ
1331 2244 1462 2279 στόματος
1477 2244 1570 2277 αὑτοῦ,
1587 2245 1633 2271 καὶ
1649 2245 1788 2271 ἀνέϐαινεν
1804 2245 1844 2276 είς
1863 2245 1911 2271 τὸν

289 2293 492 2326 scendebatqne
516 2292 544 2318 in
567 2292 683 2318 coelum.
705 2290 767 2317 Pari
783 2291 864 2318 modo
881 2291 963 2319 etiam
988 2292 1076 2325 major

289 2339 400 2374 quando
414 2338 553 2372 aperiebat
567 2346 599 2365 os
614 2345 692 2365 suum
707 2337 856 2372 psallendo,
868 2342 996 2372 tanquam
1007 2337 1077 2365 fitni-

289 2385 370 2413 culus
385 2384 456 2418 ignis
480 2383 680 2417 egrediebatur,
698 2387 725 2409 et
749 2382 919 2417 pertingebat
944 2389 1030 2416 iisque
1047 2383 1074 2410 in

289 2432 406 2459 coelum.
426 2430 512 2457 Etiam
531 2437 582 2464 ego
599 2436 745 2463 parumper
760 2436 792 2455 ex
815 2432 926 2463 pectore
951 2429 1074 2456 recitavi.

291 2477 356 2504 Dein
366 2476 461 2503 exiens
470 2475 525 2502 dixi
537 2485 542 2502 :
556 2474 638 2502 Orate
651 2482 701 2508 pro
719 2481 770 2501 me.
789 2473 842 2509 lpsi
857 2477 946 2500 autem
959 2474 1072 2501 inclina-

292 2526 388 2550 verunt
401 2529 431 2550 se
447 2526 475 2549 et
491 2525 645 2549 tacuerunt.
659 2519 785 2554 Comperi
807 2527 881 2554 ergo,
896 2519 967 2553 quod
984 2520 1072 2554 major

292 2569 427 2604 perlectus
446 2571 528 2599 esset,
551 2567 683 2593 minorem
704 2572 768 2591 vero
790 2564 880 2591 adhuc
902 2565 1073 2599 impugnaret

291 2615 429 2642 inimicus.
452 2613 577 2640 Ceterum
604 2616 665 2646 post
696 2618 797 2646 paucos
824 2610 883 2637 dies
907 2610 1073 2637 obdormivit

1124 2288 1246 2324 οὐρανόν.
1260 2289 1390 2320 ὡσαύτως
1401 2289 1448 2315 καὶ
1464 2290 1477 2315 6
1497 2290 1598 2324 μείζων
1613 2291 1657 2316 ὅτε
1670 2291 1760 2325 ἤνοιγε
1777 2290 1808 2316 τὸ
1822 2290 1910 2324 στόμα

1124 2333 1207 2361 αὑτοῦ
1227 2333 1346 2368 ψάλλων,
1360 2334 1397 2365 ὡς
1417 2334 1531 2368 σχοινίον
1547 2334 1633 2369 πυρὸς
1652 2335 1689 2367 (τι)
1707 2334 1845 2369 ἐξήρχετο.
1861 2334 1911 2360 καὶ

1124 2381 1238 2414 ἔφθανεν
1258 2380 1311 2411 ἕως
1327 2381 1373 2406 τοῦ
1395 2379 1517 2415 οὐρανοῦ.
1545 2380 1621 2414 κάγὼ
1635 2378 1711 2406 εἷπον
1737 2380 1834 2415 μικρὸν
1856 2380 1912 2406 ἀπὸ

1126 2427 1251 2461 στήθους.
1270 2426 1317 2452 καὶ
1332 2426 1447 2456 ἐξελθὼν
1465 2427 1535 2460 λέγω
1548 2435 1555 2441 ·
1583 2426 1696 2458 εὔξασθε
1712 2427 1776 2460 περὶ
1790 2427 1811 2441 ³⁷
1829 2425 1908 2460 ἐμοῦ.

1124 2473 1201 2499 αὐτοὶ
1218 2473 1246 2499 δὲ
1266 2472 1360 2498 ἔϐαλον
1387 2472 1530 2506 μετάνοιαν
1553 2471 1720 2503 σιωπῶντες.
1744 2471 1844 2506 ἔμαθον
1862 2469 1911 2497 οὖν

1125 2519 1164 2545 ὃτι
1184 2520 1198 2546 6
1222 2518 1321 2553 μείζων
1335 2518 1435 2550 τέλειός
1453 2520 1520 2551 ἐστι,
1536 2519 1575 2553 τῷ
1590 2518 1618 2544 δὲ
1642 2518 1795 2553 μικροτέρῳ
1818 2517 1911 2552 ἀκμὴν

1125 2564 1253 2599 ἐπολέμει
1277 2565 1290 2591 ὁ
1311 2564 1417 2600 ἐχθρός.
1436 2564 1504 2599 μετὰ
1524 2564 1552 2590 δὲ
1581 2564 1683 2599 μικρὰς
1700 2564 1806 2598 ἡμέρας
1838 2564 1912 2589 ὲκοι-

1127 2609 1198 2645 μήοη
1218 2610 1232 2635 6
1251 2608 1350 2644 μείζων
1363 2609 1491 2644 ἁδελφός,
1506 2616 1553 2636 και
1570 2609 1602 2645 τῇ
1623 2609 1702 2645 τρίτῃ
1716 2609 1808 2644 ἡμέρα
1826 2608 1850 2634 6‘
1865 2617 1904 2643 μι-

919 2664 1047 2692 νΑιιιΑΕ
1064 2663 1263 2692 LECTIONES.

327 2723 346 2738 ²¹
368 2722 410 2750 Al.
425 2723 582 2757 μακρόθεν.
640 2723 661 2738 ⁸⁸
678 2722 719 2748 ΑΙ.
741 2721 870 2748 πλέκωτκ

303 2758 315 2773 ⁸
333 2756 551 2790 εστι-ηιὶοιριεικ
564 2757 723 2788 («Areum-,-
737 2758 768 2784 al.
790 2756 960 2788 ζωννύουσι.

926 2722 949 2737 ³³
968 2722 1009 2748 Al.
1027 2723 1208 2755 μικρότερος.

926 2765 960 2784 τι.
999 2757 1020 2772 ³⁷
1039 2757 1082 2784 Al.
1107 2757 1191 2790 ὺπέρ.

1266 2722 1287 2737 ιι
1307 2722 1350 2749 Al.
1370 2722 1579 2756 inscr.d.t.1nr.
1632 2723 1654 2738 η
1680 2722 1721 2748 Al.
1752 2721 1787 2747 ἐν
1801 2721 1905 2756 ἡμέρᾳ.

1031 2813 1155 2841 NOTAE.

328 2861 365 2894 (α)
380 2861 517 2891 Σχοινίων
532 2861 635 2893 πηούς,
651 2860 783 2894 funiculus
795 2860 862 2894 ignis
881 2859 979 2887 Ruﬁno
993 2859 1076 2886 inter-

294 2900 369 2932 prete
383 2894 454 2931 [VV.
475 2895 526 2922 PP.
543 2895 633 2923 “05W.
650 2896 696 2923 lib.
718 2896 752 2922 ιιι
768 2903 827 2930 cap.
846 2895 916 2930 l95].
939 2895 1022 2923 Porro
1039 2895 1072 2922 ad

1127 2860 1239 2896 Joannis
1262 2861 1413 2888 versionem
1438 2861 1465 2887 in
1490 2861 1584 2888 iisdem
1596 2862 1666 2889 \‘itis
1683 2861 1792 2889 Patrum
1817 2863 1905 2896 furnus

1128 2895 1248 2930 irrepsit,
1263 2903 1296 2923 ex
1310 2896 1500 2924 abbreviatura
1514 2897 1590 2924 vocis
1606 2897 1751 2932 ftmiculua.
1768 2895 1904 2925 Cornu.
