2048 3153
253 136 310 192 ἐεο

679 160 729 188 SS.
749 160 980 189 MACARIORUM
994 160 1156 190 AEGYPTII
1178 161 1222 188 ET
1242 159 1474 188 AEEXANDRINI

1829 160 1884 188 260

258 220 405 246 lacrimans
423 225 506 250 senex
521 217 608 245 dixit:
629 217 685 245 Vae
707 217 762 245 diei
783 218 812 245 in
827 226 882 253 qua
906 222 988 246 natus
1006 224 1064 250 est,

1106 219 1230 254 mpuOla.
1249 219 1296 246 καὶ
1308 219 1428 251 κλαύσας
1437 220 1452 246 6
1462 219 1552 255 γέρων
1563 217 1654 246 εἶπεν·
1669 217 1731 245 οὐαὶ
1745 219 1778 254 τῇ
1791 217 1884 254 ἡμέρᾳ

258 265 354 292 homo!
365 266 453 299 Atque
461 265 499 291 ait
511 264 536 291 ei
546 271 628 292 senex
642 273 649 291 :
668 264 752 292 Estne
768 264 841 292 aliud
856 265 967 300 gravius
980 273 1046 300 sup-

257 311 393 346 plicium?
412 311 570 345 Respondet
600 311 745 338 cranium:
773 311 858 346 Major
888 319 975 346 poena
1004 315 1048 339 est

259 357 353 384 subter
367 363 428 383 nos.
443 355 488 382 Ait
510 356 534 383 ei
554 363 654 383 senex:
675 355 706 383 Et
721 356 832 391 quinam
856 355 912 382 illic
927 355 1048 390 degunt?

260 402 417 438 Respondet
432 402 458 429 ei
471 403 612 429 cranium:
637 401 703 433 Nos.
731 406 826 437 utpote
844 402 890 437 qui
909 402 1048 437 ignoravi-

259 457 321 476 mus
347 449 442 480 Deum,
464 449 570 476 modice
591 448 809 476 misericordiam
831 447 1047 482 consequimur;

260 494 307 529 qui
327 501 391 521 vero
414 498 599 529 cognoverunt
618 492 704 521 Deum
734 497 761 520 et
779 496 949 528 negaverunt
973 499 1047 523 eum,

261 541 356 568 subter
378 539 458 567 nobis
482 543 556 567 sunt.
575 539 651 566 Tunc
674 546 758 566 senex
769 538 917 566 calvariam
937 545 1050 566 sumens

261 587 346 614 humo
363 585 512 613 mandavit.

297 633 341 661 39.
368 631 521 659 Narrarunt
552 630 701 658 Macarium
728 630 887 667 Aegyptium
923 630 1049 657 abbatem

263 677 411 714 aliquando
437 685 452 705 e
465 676 536 705 Sesti
556 677 715 705 ascendisse
744 677 773 704 in
790 680 910 704 montem
932 675 1046 703 Nitriae.

263 725 315 758 Qui
334 732 417 760 quum
435 723 676 760 appropinquaret,
690 722 729 750 ait
743 722 880 758 discipulo
891 729 942 749 suo
953 721 1049 748 :Prae-

264 771 330 798 cede
343 770 492 805 paululum.
521 769 573 801 Qui
589 769 699 804 quidem
716 775 778 796 cum
795 768 924 803 praeiret,
939 767 1049 794 obviam

264 817 361 845 habuit
374 815 510 852 quendam
526 815 668 851 gentilium
684 815 867 842 sacerdotem.
890 813 979 848 Atque
992 813 1051 840 cla-

264 871 344 891 mans
361 862 445 890 frater
458 869 520 889 eum
535 861 643 888 vocavit
659 870 666 888 :
682 860 750 893 lleu,
764 860 828 894 heu,
845 860 984 894 inquiens.
997 866 1053 894 quo

264 909 368 940 curris.
385 907 526 935 daemon?
542 907 590 935 llle
604 915 669 934 vero
686 915 839 935 conversus
855 907 951 942 plagas
969 906 994 933 ei
1011 905 1052 932 in-

264 952 514 987 ﬂixit,reliquitque
522 952 740 979 semimortuum.
754 953 792 978 Ac
803 951 901 978 tollens
912 950 984 986 quod
994 957 1054 984 por-

264 1000 340 1027 tabat
354 1000 468 1035 lignum,
483 999 615 1027 cucurrit.
628 998 772 1026 Paululum
785 1004 931 1033 progresso
945 996 1054 1023 obviam

262 1046 297 1073 ﬁt
314 1047 385 1074 inter
407 1053 519 1073 cursum
546 1045 682 1072 Macarius
700 1044 801 1075 abbas,
817 1044 863 1078 qui
884 1043 930 1070 ei:
956 1041 1054 1070 Salvus

266 1093 314 1125 sis,
330 1092 418 1128 inquit
429 1113 436 1124 ,
455 1092 547 1119 salvus
564 1091 614 1124 sis,
638 1091 731 1118 labore
745 1088 879 1118 confecto.
905 1088 951 1115 Ille
967 1087 1055 1115 admi-

266 1142 345 1166 ratus
360 1138 434 1166 venit
450 1137 484 1164 ad
498 1141 599 1164 cumet
612 1137 667 1164 ait:
686 1136 757 1168 Quid
770 1135 834 1163 boni
847 1135 939 1163 vidisti
952 1135 978 1162 in
995 1141 1053 1166 me,

267 1186 340 1221 quod
356 1193 399 1213 me
413 1184 595 1213 salutaveris?
609 1183 655 1210 Ait
667 1183 693 1211 ei
707 1190 790 1211 senex
811 1192 818 1210 :
836 1181 970 1215 Quoniam
987 1189 1055 1209 con-

268 1234 344 1268 spcxi
356 1237 382 1259 le
397 1232 488 1259 labore
503 1230 618 1262 fessum,
633 1237 664 1257 ac
678 1230 769 1257 nescis
783 1233 809 1257 te
823 1229 850 1256 in
864 1236 963 1255 vanum
979 1227 1055 1255 del'a—

268 1278 359 1313 tigari.
374 1277 531 1313 Respondet
543 1277 606 1304 ille:
621 1275 653 1303 Et
669 1283 720 1311 ego
733 1275 898 1303 salutatione
920 1278 966 1301 tua
979 1281 1055 1301 com-

270 1329 385 1359 punctus
399 1331 472 1355 sum,
490 1327 516 1350 et
529 1321 644 1357 cognovi
659 1329 691 1349 ex
707 1325 783 1356 parte
792 1320 839 1348 Dei
853 1325 878 1348 te
889 1327 961 1348 esse.
977 1319 1056 1346 Alius

269 1377 335 1398 vero
352 1369 441 1397 malus
461 1369 613 1403 monachus
637 1367 702 1394 mihi
725 1367 834 1394 obviam
850 1366 940 1394 factus
956 1369 1056 1393 contu-

270 1415 354 1443 melia
366 1422 410 1443 me
417 1414 517 1446 aﬂ‘ccit,
529 1421 614 1449 quare
623 1421 674 1449 ego
682 1412 744 1440 dedi
752 1413 776 1440 ei
786 1413 880 1448 plagas
887 1411 920 1439 ad
929 1415 1055 1438 mortem.

272 1461 306 1488 Et
331 1460 458 1496 cognovit
475 1467 577 1491 senex,
603 1467 664 1486 eum
683 1459 717 1486 dc
737 1458 875 1494 discipulo
896 1465 947 1486 suo
970 1457 1056 1492 loqui.

272 1507 343 1535 Tum
355 1506 533 1542 apprehensis
547 1506 608 1533 eius
627 1505 742 1540 pedibus
757 1504 886 1533 sacerdos
899 1504 936 1531 ita
950 1504 1057 1531 locutus

1097 267 1126 292 ἐν
1159 265 1289 301 ἐγεννήθη
1296 267 1310 292 6
1318 266 1461 302 ἄνθρωπος
1468 266 1501 282 ⁸⁶’
1509 265 1582 300 λέγει
1592 264 1667 300 αὐτῷ
1674 265 1688 292 6
1697 264 1798 300 γέρων·
1811 263 1884 290 ἐστιν

1097 311 1163 347 ἄλλη
1178 312 1277 347 χείρων
1293 311 1420 347 βάσανος
1443 306 1516 346 λέγει
1536 311 1611 346 αὐτῴ
1624 311 1655 337 τὸ
1670 311 1780 346 κρανίον
1791 319 1799 325 ·
1823 319 1884 346 μει-

1097 359 1195 394 ζοτέρα
1210 358 1324 393 βάσανός
1338 359 1412 385 ἐστιν
1422 358 1598 385 ὑποκάτωθεν
1614 357 1702 393 ἡμῶν.
1721 357 1796 391 λέγει
1810 356 1886 392 αὐτῷ

1097 405 1112 431 ὁ
1125 404 1213 440 γέρων
1226 412 1233 419 ·
1251 405 1297 431 καὶ
1311 405 1385 436 τινες
1402 405 1471 431 εἰσὶν
1492 405 1551 432 ἐκεῖ
1563 414 1570 438 ;
1584 404 1659 438 λέγει
1679 404 1754 439 αὐτῷ
1771 403 1802 430 τὸ
1817 412 1886 439 κρα-

1098 451 1152 477 νίον
1163 459 1169 465 ”
1181 451 1260 486 ἡμεῖς
1272 451 1310 482 ὼς
1325 451 1362 486 μὴ
1376 451 1474 483 εἰδότες
1482 451 1528 478 τὸν
1541 450 1618 482 Θεὸν,
1629 450 1681 477 κᾶν
1692 449 1783 484 ὀλίγον
1796 448 1888 476 ἐλεού-

1100 495 1185 531 μεοα·
1205 497 1229 522 οί
1244 496 1272 523 δὲ
1293 496 1448 530 ἐπιγνόντες
1470 496 1515 523 τὸν
1539 495 1616 526 Θεόν,
1632 496 1679 522 καὶ
1701 495 1887 531 ἀρνησάμενοι

1099 542 1179 569 αὐτόν
1192 543 1226 573 ⁵¹,
1239 542 1413 569 ὑποκάτωθεν
1426 543 1504 577 ήμῶν
1522 542 1584 569 είσι.
1598 542 1644 568 καὶ
1654 541 1744 568 λαϐὼν
1764 541 1779 568 6
1797 541 1887 576 γέρων

1098 589 1129 614 τὸ
1145 587 1265 623 κρανίον,
1281 588 1382 623 ἔχωσεν
1394 587 1516 622 αὐτό(α).

1135 634 1215 670 267
1230 633 1276 661 59.
1300 634 1413 667 Ἔλεγον
1431 634 1496 670 περὶ
1516 632 1563 660 τοῦ
1583 632 1656 660 ἁὸϐᾶ
1675 632 1819 668 Μακαρίου
1839 631 1886 658 τοῦ

1100 680 1260 715 Αἰγυπτίου,
1276 680 1318 706 ὅτι
1334 679 1461 706 ἀνέδαινέ
1475 688 1540 706 ποτε
1551 680 1583 706 ἐκ
1599 679 1648 713 τῆς
1665 679 1792 713 Σκήτεως
1805 678 1845 707 είς
1856 676 1889 703 τδ

1101 726 1162 762 ὅρος
1176 727 1225 761 τῆς
1236 726 1350 761 Νιτρίας
1361 734 1368 741 ·
1382 726 1429 752 καὶ
1440 726 1477 758 ὡς
1489 726 1602 761 ήγγισεν
1615 725 1656 756 είς
1667 724 1712 750 τὸν
1723 723 1819 755 τύπον,·
1827 720 1888 749 εἷπε

1101 772 1139 808 τῷ
1156 771 1263 807 μαθητῇ
1278 771 1377 798 αὑτοῦ·
1392 771 1512 806 πρόλαόε
1527 770 1635 806 μικρὸν.
1649 770 1698 796 καὶ
1713 769 1742 795 ἐν
1763 768 1802 804 τῷ
1823 775 1889 802 προ-

1102 817 1178 852 άγειν
1203 817 1285 844 αὑτὸν
1309 817 1428 853 συναντᾷ
1440 825 1494 843 τινι
1512 817 1580 852 ἱερεῖ
1599 815 1654 842 τῶν
1677 815 1826 849 Ἑλλήνων·
1842 813 1890 840 καὶ

1102 864 1206 899 κράξας
1219 863 1293 899 αὐτῷ
1303 863 1317 889 6
1330 863 1444 898 ἀδελφὸς
1458 862 1556 898 ἐφώνει
1569 863 1665 897 λέγων·
1679 860 1718 894 αἶ,
1731 859 1771 893 αῐ,
1782 861 1888 896 δαῖμον,

1104 909 1156 936 ποῦ
1169 909 1275 946 τρέχεις
1287 918 1294 943 ;
1308 910 1438 945 στραφεὶς
1450 909 1478 936 δέ
1491 910 1594 941 ἐκεῖνος
1608 909 1675 936 διδοῖ
1686 908 1761 944 αὐτῷ
1782 907 1891 943 πληγὰς

1105 956 1152 982 καὶ
1163 956 1238 991 ἀφίει
1250 956 1331 982 αὑτὸν
1346 955 1476 992 ἡμιθανῆ.
1493 956 1540 983 καὶ
1551 956 1620 991 ἄρας
1636 955 1666 981 τὸ
1683 954 1760 987 ξύλον
1784 953 1888 990 ἔτρεχε·

1105 1002 1152 1028 καὶ
1164 1002 1296 1038 προδάντι
1316 1002 1406 1036 ὀλίγον
1423 1002 1541 1037 συναντᾷ
1556 1001 1630 1037 αὐτῷ
1643 1001 1731 1033 ἀεὸἆς
1748 1001 1890 1035 Μακάριος

1106 1048 1242 1084 τρέχοντι·
1261 1048 1307 1075 καὶ
1322 1047 1396 1082 λέγει
1410 1047 1484 1083 αὺτῷ
1495 1056 1502 1063 ’
1519 1047 1645 1083 σωθείης,
1662 1047 1787 1082 σωθείης,
1799 1055 1890 1082 καμα-

1106 1093 1182 1129 τηρέ.
1205 1094 1254 1121 καὶ
1278 1093 1422 1129 Θαυμάσας
1440 1092 1506 1130 ἦλθε
1531 1093 1600 1129 πρὸς
1629 1093 1710 1120 αὑτὸν
1728 1093 1775 1120 καὶ
1797 1091 1891 1120 εἶπεν·

1106 1141 1132 1168 τί
1148 1141 1229 1168 καλὸν
1242 1139 1312 1173 είδες
1325 1142 1354 1168 ἐν
1370 1141 1442 1177 ἐμοί,
1455 1142 1496 1167 ὃτι
1508 1140 1732 1176 προσηγόρευσάς
1750 1148 1801 1175 με;
1816 1139 1892 1173 λέγει

1107 1187 1181 1222 αὑτῷ
1199 1188 1213 1214 6
1227 1188 1331 1223 γέρωνθ
1348 1187 1388 1214 ὅτι
1404 1185 1473 1214 εἶδόν
1494 1195 1524 1213 σε
1543 1186 1695 1213 κοπιῶντα·
1720 1187 1768 1213 καὶ
1789 1186 1838 1212 οὐκ
1853 1183 1893 1211 οἷ-

1107 1233 1171 1265 δας,
1192 1233 1233 1260 ὃτι
1257 1235 1297 1265 εὶς
1322 1234 1399 1261 κενὸν
1421 1235 1530 1269 κοπιᾷς.
1547 1234 1620 1268 λέγει
1641 1233 1716 1269 αὐτῷ
1729 1233 1776 1260 καὶ
1790 1232 1891 1264 αὑτός·

1107 1279 1185 1315 κάγὼ
1200 1281 1246 1307 ἐπὶ
1258 1281 1297 1316 τῷ
1311 1281 1450 1317 ἀσπασμῷ
1469 1290 1516 1308 σου
1533 1281 1698 1316 κατενύγην’
1716 1280 1763 1307 καὶ
1780 1280 1891 1316 ἔμαθον,

1107 1328 1147 1353 ὅτι
1165 1327 1212 1354 τοῦ
1230 1327 1330 1363 μέρους
1343 1327 1390 1354 τοῦ
1407 1327 1474 1354 Θεοῦ
1491 1326 1525 1354 εἷ’
1540 1327 1618 1359 ἄλλος
1632 1327 1660 1354 δέ
1679 1327 1762 1358 κακὸς
1778 1326 1894 1362 μοναχδς

1108 1372 1267 1409 ἀπαντήσας
1285 1383 1340 1409 μοι,
1356 1373 1451 1410 ὕϐρισέ
1470 1382 1518 1409 με·
1535 1373 1612 1407 κάγὼ
1629 1373 1717 1400 ἔδωκα
1734 1372 1809 1405 αὐτῷ
1826 1372 1894 1407 πλη-

1109 1420 1161 1454 γὰς
1179 1421 1218 1452 είς
1233 1420 1358 1448 θάνατον.
1381 1422 1427 1448 καὶ
1447 1421 1518 1455 ἔγνω
1538 1422 1552 1447 ὁ
1565 1420 1665 1456 γέρων,
1683 1420 1723 1446 ὅτι
1739 1420 1754 1446 ὁ
1771 1417 1894 1455 μαθητὴς

1109 1466 1192 1502 268
1209 1467 1290 1493 αὑτοῦ
1305 1468 1373 1494 ἐστι.
1393 1467 1441 1494 καὶ
1455 1468 1594 1503 κρατήσας
1611 1467 1674 1498 τοὺς
1687 1465 1770 1497 πόδας
1784 1464 1867 1492 αὐτοῦ
1880 1466 1895 1491 6

1111 1514 1200 1549 ἱερεὺς
1217 1513 1310 1548 ἔλεγεν
1321 1522 1329 1530 ·
1343 1513 1393 1540 οὐκ
1407 1513 1468 1548 ἀφῶ
1483 1521 1524 1545 σε,
1540 1513 1587 1539 ἐὰν
1605 1512 1642 1548 μὴ
1657 1512 1773 1547 ποιήσῃς
1790 1519 1824 1546 με
1845 1519 1894 1546 μο-

271 1558 336 1582 est:
361 1553 421 1580 Non
435 1552 571 1580 dimittam
586 1556 623 1584 te,
635 1552 689 1579 nisi
711 1559 754 1579 me
770 1551 868 1579 feceris
882 1550 1056 1578 monachum.

1110 1559 1201 1594 ναχόν.
1215 1560 1260 1586 καὶ
1278 1557 1359 1594 ἦλθον
1371 1559 1463 1586 ἐπάνω
1476 1559 1542 1586 ὅπου
1552 1557 1586 1594 ἦν
1600 1559 1614 1585 6
1629 1558 1754 1594 μοναχός,
1770 1557 1818 1584 καὶ
1832 1557 1895 1584 ἐϐά-

273 1600 308 1627 Et
323 1603 458 1627 venerunt
472 1606 594 1631 sursum,
609 1598 656 1625 ubi
672 1601 730 1625 erat
746 1597 908 1628 monachus.
926 1600 953 1623 et
966 1599 1059 1623 sustu-

273 1647 367 1674 lerunt
390 1652 452 1673 eum
475 1648 709 1680 portaveruntque
733 1644 760 1670 in
781 1642 925 1670 ecclesiam
945 1641 1058 1669 montis.

273 1693 326 1721 Sed
339 1696 483 1721 cernentes
498 1690 667 1719 sacerdotem
684 1697 747 1717 cum
767 1697 800 1716 eo
816 1688 960 1723 stupefacti
984 1690 1058 1714 sunt.

272 1739 307 1767 Et
321 1739 446 1767 fecerunt
461 1746 525 1766 eum
554 1737 730 1765 monachum.
752 1735 886 1770 Multique
916 1734 1060 1770 gentilium

271 1791 384 1823 propter
390 1793 453 1814 eum
463 1785 529 1813 facti
540 1789 603 1812 sunt
610 1783 770 1811 Christiani.
780 1781 927 1810 Asserebat
934 1788 999 1816 ergo
1009 1779 1062 1807 Ma-

270 1833 469 1864 cariusabbas.
478 1831 553 1868 quod
563 1838 654 1859 sermo
674 1829 764 1857 malus
779 1829 861 1857 etiam
875 1829 963 1856 bonos
973 1827 1060 1855 malos

271 1881 365 1912 faciat.
378 1884 406 1907 et
425 1886 517 1907 sermo
537 1878 625 1905 bonus
645 1876 726 1904 etiam
743 1875 829 1903 malos
845 1875 942 1902 reddat
960 1874 1058 1902 bonos.

307 1927 353 1955 40,
369 1925 523 1954 Narrabant
539 1925 566 1952 in
584 1922 709 1951 absentia
723 1920 836 1948 Macarii
852 1920 961 1948 abbatis
975 1920 1060 1948 latro-

271 1980 334 2002 nem
348 1973 503 2008 ingressum
513 1978 574 1999 esse
583 1969 710 1997 cellulam
724 1968 794 1996 eius.
810 1967 871 2003 Ipse
883 1966 965 2002 igitur
976 1974 1060 2001 quum

272 2020 307 2048 ad
331 2019 458 2047 cellulam
478 2017 621 2049 rediisset,
646 2014 750 2042 invenit
774 2013 907 2040 latronem
925 2012 1060 2040 camelum

273 2065 442 2101 supellectile
459 2071 510 2092 sua
524 2066 694 2090 onerantem.
709 2060 800 2093 Quare
817 2059 950 2087 introieris
966 2059 994 2086 in
1006 2059 1061 2087 eel—

273 2111 357 2138 lulam
371 2115 398 2138 et
416 2108 553 2137 Macarius
569 2107 604 2135 de
615 2106 688 2134 vasis
700 2105 863 2141 accipiebat,
883 2109 911 2132 et
926 2112 980 2132 una
996 2112 1060 2132 cum

272 2164 306 2185 eo
320 2156 452 2184 onerabat
474 2154 620 2182 camelum.
641 2151 758 2179 Sarcina
773 2151 857 2187 igitur
871 2151 1000 2186 imposita
1017 2151 1062 2178 fur

272 2202 364 2238 coepit
374 2202 520 2229 verberare
527 2199 673 2230 camelum,
683 2201 714 2225 ut
723 2201 856 2232 surgeret.
866 2196 959 2232 Neque
969 2201 1060 2225 tamen

1112 1605 1212 1639 σταξαν
1237 1605 1318 1632 αὑτὸν
1350 1605 1395 1631 καὶ
1415 1605 1535 1640 ἦνεγκαν
1554 1606 1593 1636 εἰς
1607 1605 1657 1639 τὴν
1681 1603 1828 1638 ἐκκλησίαν
1847 1601 1895 1629 τοῦ

1109 1650 1204 1685 ὅρους·
1225 1650 1272 1676 καὶ
1290 1649 1389 1681 ίδόντες
1401 1649 1446 1676 τὸν
1460 1649 1534 1684 ίερέα
1548 1649 1607 1684 μετ’
1619 1647 1713 1682 αὐτοῦ,
1731 1648 1894 1682 ἐξέστησαν

1110 1695 1295 1731 καὶὲποίησαν
1303 1695 1384 1721 αὑτὸν
1396 1695 1520 1730 μοναχὸν·
1532 1695 1580 1721 καὶ
1588 1694 1680 1720 πολλοὶ
1693 1694 1747 1720 τῶν
1761 1693 1897 1727 Ἐλλήνων

1110 1742 1232 1776 ἐγένοντο
1251 1741 1285 1768 δι’
1304 1741 1384 1768 αὑτὸν
1399 1740 1566 1776 Χριστιανοί.
1592 1740 1685 1774 ἔλεγεν
1701 1737 1749 1766 οὖν
1769 1747 1784 1766 ο
1807 1738 1897 1770 ἀΰόᾶς

1110 1787 1262 1823 Μακάριος,
1277 1787 1318 1813 ὅτι
1332 1788 1346 1814 6
1359 1786 1438 1821 λόγος
1454 1787 1468 1813 6
1487 1786 1572 1818 κακὸς
1587 1786 1624 1821 (b)
1643 1786 1690 1813 xui.
1713 1786 1777 1817 τοὺς
1796 1785 1897 1816 καλοὺς

1111 1834 1184 1859 ποιεί
1202 1833 1321 1864 κακοὺςι
1341 1833 1390 1859 καὶ
1406 1833 1420 1859 6
1442 1831 1523 1864 καλὸς
1544 1831 1623 1866 λόγος
1650 1831 1776 1862 καὶτοὺς
1795 1829 1898 1861 κακοὺς

1111 1880 1183 1906 ποιεῖ
1199 1879 1298 1911 καλούς
1311 1880 1359 1915 (c).

1146 1925 1191 1953 40.
1210 1925 1323 1959 Ἔλεγον
1340 1924 1461 1961 περὶτοῦ
1473 1924 1546 1952 άὸϐἄ
1558 1924 1711 1960 Μακαρίου,
1726 1924 1767 1950 ὅτι
1781 1923 1898 1955 ἀπόντος

1111 1969 1194 1997 αὑτοῦ
1212 1969 1320 2006 εἰσῆλθε
1340 1969 1441 2007 λῃστὴς
1464 1972 1504 2003 είς
1526 1970 1555 1997 τὸ
1575 1971 1680 1998 κελλίον
1695 1969 1787 1997 αὑτοῦ.
1810 1978 1899 2005 παρα-

1111 2015 1257 2051 γενομένου
1274 2016 1303 2043 δέ
1318 2015 1400 2042 αὑτοῦ
1421 2016 1461 2047 είς
1475 2016 1505 2042 τὺ
1520 2016 1634 2048 κελλίον,
1650 2012 1713 2051 εὗρε
1729 2015 1774 2042 τὸν
1796 2015 1899 2051 λῃστὴν

1111 2062 1260 2098 γεμίζοντα
1282 2061 1331 2098 τὴν
1348 2062 1471 2097 κάμηλον
1493 2062 1528 2089 τὰ
1548 2062 1632 2097 σκεύη
1649 2062 1744 2089 αὐτοῦ·
1768 2062 1850 2093 αὐτὸς
1867 2062 1898 2088 δὲ

1112 2107 1239 2134 εἰσελθὼν
1253 2108 1293 2140 εἰς
1309 2107 1340 2145 τὸ
1357 2106 1461 2134 κελλίον
1474 2107 1626 2143 ἐλάμϐανεν
1645 2107 1699 2134 ἀπὸ
1711 2107 1767 2134 τῶν
1780 2106 1897 2139 σκευῶν,

1112 2153 1159 2180 καὶ
1170 2153 1329 2189 συνεγέμιζε
1346 2154 1403 2188 μετ’
1415 2153 1496 2180 αὑτοῦ
1511 2153 1561 2188 τὴν
1575 2153 1708 2189 κάμηλον.
1724 2153 1763 2185 ὡς
1775 2151 1821 2180 οὖν
1837 2153 1901 2188 ἐγέ-

1114 2209 1205 2236 μισαν,
1228 2199 1329 2236 ἤρξατο
1349 2201 1364 2227 ὁ
1379 2200 1480 2236 λῃστὴς
1501 2199 1612 2226 τῦπτειν
1635 2199 1684 2235 τὴν
1706 2199 1839 2234 κάμηλον,
1854 2200 1900 2227 ἵνα

273 2247 413 2284 surgebat.
428 2245 506 2280 Quod
523 2245 569 2272 ubi
583 2243 652 2272 vidit
666 2243 801 2270 Macarius
815 2242 913 2274 abbas,
931 2242 1058 2270 cellulam

1112 2247 1214 2282 ἀναστῇ
1226 2255 1234 2263 ’
1249 2247 1297 2273 καὶ
1310 2246 1361 2273 οὐκ
1378 2247 1513 2282 ἠγείρετο.
1529 2246 1590 2273 ἰδὼν
1605 2246 1634 2273 δέ
1652 2247 1666 2272 ὁ
1690 2246 1777 2278 ἀεὸἄς
1800 2246 1901 2273 Μακά-

273 2296 416 2331 ingressus
427 2299 539 2329 parvum
554 2291 694 2319 sarculum
712 2289 826 2321 invenit,
835 2288 909 2324 quod
926 2288 1061 2316 emissum

272 2341 405 2377 imposuit
421 2339 527 2367 camelo
549 2338 664 2365 dicens:
681 2335 787 2368 Frater,
810 2335 862 2362 hoc
885 2335 994 2369 quaerit
1016 2341 1063 2361 ca-

273 2388 372 2415 melos.
395 2387 434 2413 Ac
454 2385 522 2421 pede
540 2384 655 2419 pulsans
677 2390 738 2410 cum
767 2389 851 2409 sene:
872 2381 929 2408 ait:
960 2380 1061 2416 Surge.

272 2433 481 2467 Confestimque
497 2430 629 2461 surrexit.
651 2433 678 2457 et
700 2435 846 2463 parumper
863 2427 971 2455 itineris
993 2434 1061 2454 con-

268 2481 339 2510 !ocit
359 2483 472 2516 propter
490 2479 551 2506 eius
570 2483 735 2506 sermonem.
750 2474 811 2510 _Sed
833 2475 930 2502 iterum
945 2474 1058 2507 resedit,

1111 2301 1179 2328 ριος,
1195 2294 1236 2319 ὅτι
1250 2293 1300 2319 οὐκ
1313 2292 1396 2328 269
1407 2293 1552 2328 ἐγείρεται,
1567 2291 1695 2319 είσελθὼν
1708 2293 1737 2319 ἐν
1747 2291 1786 2327 τῷ
1801 2292 1901 2327 κελλίῳ
1930 2316 1934 2320 .

1110 2334 1173 2374 εὗρε
1189 2337 1286 2374 μικρὸν
1301 2337 1421 2364 σχαλίδιν
1430 2337 1453 2354 ⁸¹
1465 2347 1472 2354 ·
1489 2338 1537 2365 καὶ
1549 2337 1672 2364 ἐκϐαλὼν
1683 2337 1705 2353 ⁸³
1721 2337 1841 2373 ἐπέθηκε
1863 2339 1900 2373 τῇ

1110 2385 1225 2420 καμήλῳ
1239 2385 1326 2419 λέγων
1335 2393 1342 2401 ·
1358 2384 1473 2419 ἀδελφέ,
1490 2383 1569 2411 τοῦτο
1582 2384 1658 2419 ζητεί
1670 2385 1688 2420 ή
1703 2384 1838 2420 κάμηλος,
1851 2385 1901 2411 καὶ

1110 2430 1228 2466 κρούσας
1242 2430 1326 2466 αὐτὴν
1345 2431 1360 2457 6
1375 2430 1463 2466 γέρων
1476 2430 1516 2464 τῷ
1535 2430 1596 2457 ποδὶ
1611 2430 1685 2465 λέγει
1695 2438 1702 2445 ·
1718 2430 1838 2457 ἀνάστα·
1851 2431 1901 2458 καὶ

1114 2476 1216 2508 εὐθέως
1235 2476 1335 2511 ἀνέστη
1348 2496 1355 2509 ,
1379 2477 1426 2503 καὶ
1445 2476 1551 2512 ἀπῆλθε
1576 2475 1673 2512 μικρὸν
1696 2476 1741 2504 διὰ
1758 2476 1803 2504 τὸν
1820 2476 1902 2511 λόγον

911 2543 1041 2572 VARIAE
1059 2544 1260 2572 LECTIONES.

308 2626 331 2642 "
349 2625 391 2651 Al.
417 2621 480 2650 add.
502 2622 527 2648 εὶ
541 2619 617 2652 αὐτὴ
636 2619 720 2645 ἐστιν
735 2619 756 2651 ἠ

274 2650 398 2695 suam.
435 2658 458 2673 δι
477 2657 521 2684 Al.
537 2650 705 2682 σκαλίδιον.
744 2650 767 2668 ιι
785 2653 828 2679 Al.
845 2650 955 2678 λασών.

776 2616 946 2650 παραμυθία
960 2615 1015 2649 τῆς
1031 2615 1194 2649 κολάσεως.

1249 2616 1270 2632 δ’
1291 2616 1332 2644 ΔΙ.
1349 2617 1412 2645 add.
1429 2618 1478 2644 καὶ
1489 2617 1532 2652 μὴ
1547 2617 1728 2651 ποιήσαντες
1744 2616 1838 2644 αὐτοῦ
1868 2617 1902 2644 τὸ

1039 2714 1168 2743 NOTAE.

309 2808 347 2843 (ιι)
363 2807 407 2835 Cf.
424 2806 482 2834 νν.
498 2806 590 2834 Rosw.
605 2806 654 2833 lib.
667 2805 699 2832 III
711 2812 773 2839 cap.
791 2803 853 2837 172;
865 2802 911 2830 lib.
925 2801 959 2828 Vl
975 2802 1057 2829 libell.

270 2843 398 2912 δ’(ίιξὶὈ
422 2879 514 2912 λόγος
531 2879 549 2904 d
571 2878 674 2912 κακός.
697 2875 725 2902 In
741 2873 901 2912 Colbeﬂinp
923 2873 992 2912 lib-ro
1006 2872 1059 2912 hoc

271 2907 363 2949 tepei'i
378 2907 583 2948 Apoplithegma
600 2921 606 2939 ε
624 2907 707 2938 Εἶπεν
722 2909 847 2945 γέρωνοὸ
858 2909 936 2942 λόγος
951 2908 965 2934 6
981 2907 1063 2944 σκλη-

1114 2803 1162 2839 ρὸς
1176 2803 1294 2839 καὶτοὺς
1308 2803 1408 2836 καλοὺς
1422 2804 1494 2830 ποιεῖ
1504 2802 1606 2834 κακούς
1615 2809 1622 2816 ’
1641 2802 1693 2829 ὸδὲ
1707 2801 1790 2833 καλὸς
1800 2800 1906 2837 ὠφελεῖ

1114 2838 1228 2870 non“.
1244 2838 1359 2866 Coteler.

1151 2875 1186 2910 (ρ)
1203 2874 1246 2902 cr.
1264 2873 1309 2900 vv
1337 2874 1389 2902 pp.
1408 2873 1501 2902 llosw.
1517 2874 1566 2902 lib.
1583 2873 1618 2900 ιιι
1634 2880 1694 2908 cap.
1712 2871 1775 2899 ιιι.
