  <div class='ocr_page' id='page_1' title='image "/cluster/home/n/w/nwhite01/storage/ocr_20150623/34/njp.32101077772547/150.png"; bbox 0 0 2048 3153; ppageno 0'>
   <div class='ocr_carea' id='block_1_1' title="bbox 162 141 216 171">
    <p class='ocr_par' dir='ltr' id='par_1_1' title="bbox 162 141 216 171">
     <span class='ocr_line' id='line_1_1' title="bbox 162 141 216 171; baseline 0 0"><span class='ocrx_word' id='word_1_1' title='bbox 162 141 216 171; x_wconf 66' lang='grc' dir='ltr'>εει</span> 
     </span>
    </p>
   </div>
   <div class='ocr_carea' id='block_1_2' title="bbox 826 138 1143 172">
    <p class='ocr_par' dir='ltr' id='par_1_2' title="bbox 826 138 1143 172">
     <span class='ocr_line' id='line_1_2' title="bbox 826 138 1143 172; baseline 0.003 -2"><span class='ocrx_word' id='word_1_2' title='bbox 826 141 1033 172; x_wconf 77' lang='grc' dir='ltr'><strong>ΔΡΟΡΗΤΗΕΕ</strong></span> <span class='ocrx_word' id='word_1_3' title='bbox 1037 138 1130 172; x_wconf 80' lang='lat' dir='ltr'><strong>MATA</strong></span> <span class='ocrx_word' id='word_1_4' title='bbox 1135 164 1143 171; x_wconf 93' lang='lat'><strong>.</strong></span> 
     </span>
    </p>
   </div>
   <div class='ocr_carea' id='block_1_3' title="bbox 1737 143 1791 171">
    <p class='ocr_par' dir='ltr' id='par_1_3' title="bbox 1737 143 1791 171">
     <span class='ocr_line' id='line_1_3' title="bbox 1737 143 1791 171; baseline -0.019 0"><span class='ocrx_word' id='word_1_5' title='bbox 1737 143 1791 171; x_wconf 68' lang='lat'><strong>2‘32</strong></span> 
     </span>
    </p>
   </div>
   <div class='ocr_carea' id='block_1_4' title="bbox 160 202 971 245">
    <p class='ocr_par' dir='ltr' id='par_1_4' title="bbox 160 202 971 245">
     <span class='ocr_line' id='line_1_4' title="bbox 160 202 971 245; baseline 0.005 -16"><span class='ocrx_word' id='word_1_6' title='bbox 160 202 254 230; x_wconf 66' lang='grc' dir='ltr'><strong>αὐτοῦ·</strong></span> <span class='ocrx_word' id='word_1_7' title='bbox 270 202 318 229; x_wconf 71' lang='grc' dir='ltr'><strong>καὶ</strong></span> <span class='ocrx_word' id='word_1_8' title='bbox 333 202 413 230; x_wconf 76' lang='grc' dir='ltr'>πάλιν</span> <span class='ocrx_word' id='word_1_9' title='bbox 428 202 548 236; x_wconf 68' lang='grc' dir='ltr'><strong>ἐκάθισε,</strong></span> <span class='ocrx_word' id='word_1_10' title='bbox 559 203 608 245; x_wconf 66' lang='lat' dir='ltr'><strong>ut</strong></span> <span class='ocrx_word' id='word_1_11' title='bbox 617 203 668 230; x_wconf 79' lang='grc' dir='ltr'>οὐκ</span> <span class='ocrx_word' id='word_1_12' title='bbox 685 204 796 240; x_wconf 82' lang='grc' dir='ltr'><strong>ἀνέστη,</strong></span> <span class='ocrx_word' id='word_1_13' title='bbox 818 204 873 237; x_wconf 81' lang='grc' dir='ltr'><strong>ἓως</strong></span> <span class='ocrx_word' id='word_1_14' title='bbox 895 205 948 233; x_wconf 80' lang='grc' dir='ltr'><strong>ἀπ·</strong></span> <span class='ocrx_word' id='word_1_15' title='bbox 962 209 971 236; x_wconf 62' lang='grc' dir='ltr'><em>Α</em></span> 
     </span>
    </p>
   </div>
   <div class='ocr_carea' id='block_1_5' title="bbox 1009 202 1790 245">
    <p class='ocr_par' dir='ltr' id='par_1_5' title="bbox 1009 205 1790 242">
     <span class='ocr_line' id='line_1_5' title="bbox 1009 205 1790 242; baseline -0.003 -9"><span class='ocrx_word' id='word_1_16' title='bbox 1009 214 1089 242; x_wconf 84' lang='lat' dir='ltr'><strong>teque</strong></span> <span class='ocrx_word' id='word_1_17' title='bbox 1104 206 1272 238; x_wconf 72' lang='lat' dir='ltr'><strong>exsurrexit,</strong></span> <span class='ocrx_word' id='word_1_18' title='bbox 1287 205 1375 234; x_wconf 83' lang='lat' dir='ltr'><strong>donec</strong></span> <span class='ocrx_word' id='word_1_19' title='bbox 1389 205 1582 241; x_wconf 79' lang='lat' dir='ltr'><strong>deposuissent</strong></span> <span class='ocrx_word' id='word_1_20' title='bbox 1599 207 1728 232; x_wconf 77' lang='lat' dir='ltr'><strong>cunctam</strong></span> <span class='ocrx_word' id='word_1_21' title='bbox 1742 211 1790 232; x_wconf 81' lang='lat' dir='ltr'><strong>su-</strong></span> 
     </span>
    </p>
   </div>
   <div class='ocr_carea' id='block_1_6' title="bbox 161 249 877 287">
    <p class='ocr_par' dir='ltr' id='par_1_6' title="bbox 161 249 877 287">
     <span class='ocr_line' id='line_1_6' title="bbox 161 249 877 287; baseline 0.004 -11"><span class='ocrx_word' id='word_1_22' title='bbox 161 249 295 285; x_wconf 84' lang='grc' dir='ltr'>εγέμισαν</span> <span class='ocrx_word' id='word_1_23' title='bbox 311 249 359 277; x_wconf 81' lang='grc' dir='ltr'>ὂλα</span> <span class='ocrx_word' id='word_1_24' title='bbox 369 250 404 277; x_wconf 80' lang='grc' dir='ltr'><strong>τὰ</strong></span> <span class='ocrx_word' id='word_1_25' title='bbox 417 250 514 286; x_wconf 78' lang='grc' dir='ltr'><strong>σκεύη·</strong></span> <span class='ocrx_word' id='word_1_26' title='bbox 533 251 580 277; x_wconf 77' lang='grc' dir='ltr'>καὶ</span> <span class='ocrx_word' id='word_1_27' title='bbox 590 250 677 283; x_wconf 78' lang='grc' dir='ltr'><strong>οὕτως</strong></span> <span class='ocrx_word' id='word_1_28' title='bbox 694 251 814 286; x_wconf 83' lang='grc' dir='ltr'><strong>ἀπῆλθεν</strong></span> <span class='ocrx_word' id='word_1_29' title='bbox 827 252 877 287; x_wconf 82' lang='grc' dir='ltr'>(α).</span> 
     </span>
    </p>
   </div>
   <div class='ocr_carea' id='block_1_7' title="bbox 197 289 948 333">
    <p class='ocr_par' dir='ltr' id='par_1_7' title="bbox 197 289 948 333">
     <span class='ocr_line' id='line_1_7' title="bbox 197 289 948 333; baseline 0.003 -10"><span class='ocrx_word' id='word_1_30' title='bbox 197 296 242 323; x_wconf 68' lang='grc' dir='ltr'><strong>ιι.</strong></span> <span class='ocrx_word' id='word_1_31' title='bbox 274 297 304 322; x_wconf 83' lang='grc'><strong>’0</strong></span> <span class='ocrx_word' id='word_1_32' title='bbox 322 289 409 328; x_wconf 69' lang='lat' dir='ltr'><strong>assa;</strong></span> <span class='ocrx_word' id='word_1_33' title='bbox 435 290 499 323; x_wconf 74' lang='grc' dir='ltr'><strong>Ἀἰῶ</strong></span> <span class='ocrx_word' id='word_1_34' title='bbox 514 296 640 333; x_wconf 82' lang='grc' dir='ltr'>ἠρώτησε</span> <span class='ocrx_word' id='word_1_35' title='bbox 661 297 708 324; x_wconf 83' lang='grc' dir='ltr'><strong>τὸν</strong></span> <span class='ocrx_word' id='word_1_36' title='bbox 736 296 823 324; x_wconf 66' lang='lat' dir='ltr'><strong>essay</strong></span> <span class='ocrx_word' id='word_1_37' title='bbox 849 298 948 325; x_wconf 85' lang='grc' dir='ltr'>Μακά-</span> 
     </span>
    </p>
   </div>
   <div class='ocr_carea' id='block_1_8' title="bbox 162 341 950 378">
    <p class='ocr_par' dir='ltr' id='par_1_8' title="bbox 162 341 950 378">
     <span class='ocr_line' id='line_1_8' title="bbox 162 341 950 378; baseline 0.003 -9"><span class='ocrx_word' id='word_1_38' title='bbox 162 351 221 378; x_wconf 81' lang='grc' dir='ltr'>ριον</span> <span class='ocrx_word' id='word_1_39' title='bbox 242 342 346 377; x_wconf 87' lang='grc' dir='ltr'>λέγων·</span> <span class='ocrx_word' id='word_1_40' title='bbox 369 343 430 369; x_wconf 71' lang='grc' dir='ltr'>εἰπέ</span> <span class='ocrx_word' id='word_1_41' title='bbox 454 352 500 378; x_wconf 90' lang='grc' dir='ltr'>μοι</span> <span class='ocrx_word' id='word_1_42' title='bbox 523 343 608 378; x_wconf 83' lang='grc' dir='ltr'>ῥῆμα,</span> <span class='ocrx_word' id='word_1_43' title='bbox 631 343 706 377; x_wconf 82' lang='grc' dir='ltr'><strong>λέγει</strong></span> <span class='ocrx_word' id='word_1_44' title='bbox 727 341 802 378; x_wconf 86' lang='grc' dir='ltr'><strong>αὐτῷ</strong></span> <span class='ocrx_word' id='word_1_45' title='bbox 824 344 839 370; x_wconf 85' lang='grc' dir='ltr'>ὁ</span> <span class='ocrx_word' id='word_1_46' title='bbox 862 344 950 377; x_wconf 80' lang='grc' dir='ltr'><strong>ἁῦὄᾶς</strong></span> 
     </span>
    </p>
   </div>
   <div class='ocr_carea' id='block_1_9' title="bbox 159 387 950 425">
    <p class='ocr_par' dir='ltr' id='par_1_9' title="bbox 159 387 950 425">
     <span class='ocr_line' id='line_1_9' title="bbox 159 387 950 425; baseline 0.004 -10"><span class='ocrx_word' id='word_1_47' title='bbox 159 387 322 424; x_wconf 65' lang='grc' dir='ltr'>Μακάριρςδ</span> <span class='ocrx_word' id='word_1_48' title='bbox 340 388 424 424; x_wconf 79' lang='grc' dir='ltr'>φεῦγε</span> <span class='ocrx_word' id='word_1_49' title='bbox 442 390 507 421; x_wconf 81' lang='grc' dir='ltr'>τοὺς</span> <span class='ocrx_word' id='word_1_50' title='bbox 525 389 687 425; x_wconf 80' lang='grc' dir='ltr'><strong>ἀνθρώπους</strong></span> <span class='ocrx_word' id='word_1_51' title='bbox 698 398 705 406; x_wconf 91' lang='grc'><strong>·</strong></span> <span class='ocrx_word' id='word_1_52' title='bbox 729 390 842 418; x_wconf 79' lang='grc' dir='ltr'><strong>κάθισον</strong></span> <span class='ocrx_word' id='word_1_53' title='bbox 863 391 904 423; x_wconf 81' lang='grc' dir='ltr'>εἰς</span> <span class='ocrx_word' id='word_1_54' title='bbox 919 391 950 418; x_wconf 88' lang='grc' dir='ltr'><strong>τδ</strong></span> 
     </span>
    </p>
   </div>
   <div class='ocr_carea' id='block_1_10' title="bbox 160 434 950 473">
    <p class='ocr_par' dir='ltr' id='par_1_10' title="bbox 160 434 950 473">
     <span class='ocr_line' id='line_1_10' title="bbox 160 434 950 473; baseline 0.004 -12"><span class='ocrx_word' id='word_1_55' title='bbox 160 434 269 462; x_wconf 79' lang='grc' dir='ltr'>κελλιον</span> <span class='ocrx_word' id='word_1_56' title='bbox 285 443 342 467; x_wconf 79' lang='grc' dir='ltr'>σου,</span> <span class='ocrx_word' id='word_1_57' title='bbox 358 435 406 462; x_wconf 80' lang='grc' dir='ltr'>καὶ</span> <span class='ocrx_word' id='word_1_58' title='bbox 423 435 540 462; x_wconf 82' lang='grc' dir='ltr'>κλαῦσον</span> <span class='ocrx_word' id='word_1_59' title='bbox 552 435 602 467; x_wconf 77' lang='grc' dir='ltr'><strong>τὰς</strong></span> <span class='ocrx_word' id='word_1_60' title='bbox 618 436 754 471; x_wconf 79' lang='grc' dir='ltr'>ἁμαρτίας</span> <span class='ocrx_word' id='word_1_61' title='bbox 770 445 828 470; x_wconf 77' lang='grc' dir='ltr'>σου,</span> <span class='ocrx_word' id='word_1_62' title='bbox 847 437 893 464; x_wconf 81' lang='grc' dir='ltr'>καὶ</span> <span class='ocrx_word' id='word_1_63' title='bbox 912 436 950 473; x_wconf 82' lang='grc' dir='ltr'><strong>μὴ</strong></span> 
     </span>
    </p>
   </div>
   <div class='ocr_carea' id='block_1_11' title="bbox 161 480 812 518">
    <p class='ocr_par' dir='ltr' id='par_1_11' title="bbox 161 480 812 518">
     <span class='ocr_line' id='line_1_11' title="bbox 161 480 812 518; baseline 0.003 -11"><span class='ocrx_word' id='word_1_64' title='bbox 161 481 311 518; x_wconf 67' lang='grc' dir='ltr'><strong>ἀγαπήσεις</strong></span> <span class='ocrx_word' id='word_1_65' title='bbox 323 480 418 509; x_wconf 85' lang='grc' dir='ltr'>λαλιὰν</span> <span class='ocrx_word' id='word_1_66' title='bbox 429 481 596 518; x_wconf 81' lang='grc' dir='ltr'>ἀνθρώπων·</span> <span class='ocrx_word' id='word_1_67' title='bbox 612 482 660 509; x_wconf 75' lang='grc' dir='ltr'>καὶ</span> <span class='ocrx_word' id='word_1_68' title='bbox 675 482 748 518; x_wconf 84' lang='grc' dir='ltr'><strong>σώζῃ</strong></span> <span class='ocrx_word' id='word_1_69' title='bbox 764 482 812 518; x_wconf 86' lang='lat' dir='ltr'><strong>(b).</strong></span> 
     </span>
    </p>
   </div>
   <div class='ocr_carea' id='block_1_12' title="bbox 1002 252 1471 287">
    <p class='ocr_par' dir='ltr' id='par_1_12' title="bbox 1002 252 1471 287">
     <span class='ocr_line' id='line_1_12' title="bbox 1002 252 1471 287; baseline 0.002 -8"><span class='ocrx_word' id='word_1_70' title='bbox 1002 252 1175 287; x_wconf 89' lang='lat' dir='ltr'><strong>pellectilem.</strong></span> <span class='ocrx_word' id='word_1_71' title='bbox 1188 252 1380 279; x_wconf 86' lang='lat' dir='ltr'><strong>Tuncdemum</strong></span> <span class='ocrx_word' id='word_1_72' title='bbox 1393 252 1471 280; x_wconf 88' lang='lat' dir='ltr'><strong>abiit.</strong></span> 
     </span>
    </p>
   </div>
   <div class='ocr_carea' id='block_1_13' title="bbox 1037 296 1820 336">
    <p class='ocr_par' dir='ltr' id='par_1_13' title="bbox 1037 296 1820 336">
     <span class='ocr_line' id='line_1_13' title="bbox 1037 296 1820 336; baseline -0.003 -10"><span class='ocrx_word' id='word_1_73' title='bbox 1037 299 1083 326; x_wconf 76' lang='grc'><strong>41.</strong></span> <span class='ocrx_word' id='word_1_74' title='bbox 1108 298 1159 326; x_wconf 88' lang='lat' dir='ltr'><strong>Aio</strong></span> <span class='ocrx_word' id='word_1_75' title='bbox 1178 298 1262 326; x_wconf 81' lang='lat' dir='ltr'><strong>abbas</strong></span> <span class='ocrx_word' id='word_1_76' title='bbox 1282 298 1462 333; x_wconf 73' lang='lat' dir='ltr'><strong>interrogavit</strong></span> <span class='ocrx_word' id='word_1_77' title='bbox 1483 297 1632 325; x_wconf 85' lang='lat' dir='ltr'><strong>Macarium</strong></span> <span class='ocrx_word' id='word_1_78' title='bbox 1662 296 1789 336; x_wconf 84' lang='lat' dir='ltr'><strong>abbatem</strong></span> <span class='ocrx_word' id='word_1_79' title='bbox 1815 311 1820 316; x_wconf 85' lang='grc'><strong><em>-</em></strong></span> 
     </span>
    </p>
   </div>
   <div class='ocr_carea' id='block_1_14' title="bbox 1002 343 1789 384">
    <p class='ocr_par' dir='ltr' id='par_1_14' title="bbox 1002 343 1789 384">
     <span class='ocr_line' id='line_1_14' title="bbox 1002 343 1789 384; baseline -0.001 -12"><span class='ocrx_word' id='word_1_80' title='bbox 1002 349 1048 373; x_wconf 93' lang='lat' dir='ltr'><strong>et:</strong></span> <span class='ocrx_word' id='word_1_81' title='bbox 1069 344 1166 372; x_wconf 80' lang='lat' dir='ltr'><strong>Profer</strong></span> <span class='ocrx_word' id='word_1_82' title='bbox 1188 344 1268 376; x_wconf 88' lang='lat' dir='ltr'><strong>mihi,</strong></span> <span class='ocrx_word' id='word_1_83' title='bbox 1291 344 1392 379; x_wconf 84' lang='lat' dir='ltr'><strong>inquit,</strong></span> <span class='ocrx_word' id='word_1_84' title='bbox 1408 344 1582 384; x_wconf 76' lang='lat' dir='ltr'><strong>sententiam.</strong></span> <span class='ocrx_word' id='word_1_85' title='bbox 1596 343 1753 384; x_wconf 81' lang='lat' dir='ltr'><strong>Respondet</strong></span> <span class='ocrx_word' id='word_1_86' title='bbox 1763 344 1789 371; x_wconf 88' lang='lat' dir='ltr'><strong>ei</strong></span> 
     </span>
    </p>
   </div>
   <div class='ocr_carea' id='block_1_15' title="bbox 1003 382 1792 426">
    <p class='ocr_par' dir='ltr' id='par_1_15' title="bbox 1003 382 1792 426">
     <span class='ocr_line' id='line_1_15' title="bbox 1003 382 1792 426; baseline -0.003 -8"><span class='ocrx_word' id='word_1_87' title='bbox 1003 390 1140 418; x_wconf 77' lang='lat' dir='ltr'><strong>Macarius</strong></span> <span class='ocrx_word' id='word_1_88' title='bbox 1153 390 1255 418; x_wconf 87' lang='lat' dir='ltr'><strong>abbas:</strong></span> <span class='ocrx_word' id='word_1_89' title='bbox 1271 389 1346 424; x_wconf 75' lang='lat' dir='ltr'><strong>Fuge</strong></span> <span class='ocrx_word' id='word_1_90' title='bbox 1361 382 1500 425; x_wconf 87' lang='lat' dir='ltr'><strong>homines,</strong></span> <span class='ocrx_word' id='word_1_91' title='bbox 1513 390 1578 418; x_wconf 89' lang='lat' dir='ltr'><strong>sede</strong></span> <span class='ocrx_word' id='word_1_92' title='bbox 1592 390 1620 417; x_wconf 91' lang='lat' dir='ltr'><strong>in</strong></span> <span class='ocrx_word' id='word_1_93' title='bbox 1635 389 1732 417; x_wconf 83' lang='lat' dir='ltr'><strong>cellula</strong></span> <span class='ocrx_word' id='word_1_94' title='bbox 1743 382 1792 426; x_wconf 70' lang='lat' dir='ltr'><strong>tua</strong></span> 
     </span>
    </p>
   </div>
   <div class='ocr_carea' id='block_1_16' title="bbox 1002 434 1792 472">
    <p class='ocr_par' dir='ltr' id='par_1_16' title="bbox 1002 434 1792 472">
     <span class='ocr_line' id='line_1_16' title="bbox 1002 434 1792 472; baseline -0.003 -8"><span class='ocrx_word' id='word_1_95' title='bbox 1002 441 1030 464; x_wconf 90' lang='lat' dir='ltr'><strong>et</strong></span> <span class='ocrx_word' id='word_1_96' title='bbox 1042 435 1111 465; x_wconf 90' lang='lat' dir='ltr'><strong>deﬁe</strong></span> <span class='ocrx_word' id='word_1_97' title='bbox 1121 440 1233 472; x_wconf 88' lang='lat' dir='ltr'><strong>peccata</strong></span> <span class='ocrx_word' id='word_1_98' title='bbox 1248 439 1305 468; x_wconf 87' lang='lat' dir='ltr'><strong>tua,</strong></span> <span class='ocrx_word' id='word_1_99' title='bbox 1315 443 1403 471; x_wconf 88' lang='lat' dir='ltr'><strong>neque</strong></span> <span class='ocrx_word' id='word_1_100' title='bbox 1413 436 1541 464; x_wconf 81' lang='lat' dir='ltr'><strong>dilexeris</strong></span> <span class='ocrx_word' id='word_1_101' title='bbox 1553 435 1690 472; x_wconf 81' lang='lat' dir='ltr'><strong>loquelam</strong></span> <span class='ocrx_word' id='word_1_102' title='bbox 1703 434 1792 463; x_wconf 81' lang='lat' dir='ltr'><strong>homi-</strong></span> 
     </span>
    </p>
   </div>
   <div class='ocr_carea' id='block_1_17' title="bbox 1004 473 1441 517">
    <p class='ocr_par' dir='ltr' id='par_1_17' title="bbox 1004 473 1441 517">
     <span class='ocr_line' id='line_1_17' title="bbox 1004 473 1441 517; baseline -0.005 -7"><span class='ocrx_word' id='word_1_103' title='bbox 1004 490 1082 517; x_wconf 84' lang='lat' dir='ltr'><strong>num,</strong></span> <span class='ocrx_word' id='word_1_104' title='bbox 1101 473 1232 517; x_wconf 75' lang='lat' dir='ltr'><strong>saiusque</strong></span> <span class='ocrx_word' id='word_1_105' title='bbox 1247 482 1295 509; x_wconf 84' lang='lat' dir='ltr'><strong>tibi</strong></span> <span class='ocrx_word' id='word_1_106' title='bbox 1308 476 1441 517; x_wconf 72' lang='lat' dir='ltr'><strong>obtinget.</strong></span> 
     </span>
    </p>
   </div>
   <div class='ocr_carea' id='block_1_18' title="bbox 913 559 1038 588">
    <p class='ocr_par' dir='ltr' id='par_1_18' title="bbox 913 559 1038 588">
     <span class='ocr_line' id='line_1_18' title="bbox 913 559 1038 588; baseline 0.008 -2"><span class='ocrx_word' id='word_1_107' title='bbox 913 559 1038 588; x_wconf 80' lang='lat' dir='ltr'><strong>NOTAE.</strong></span> 
     </span>
    </p>
   </div>
   <div class='ocr_carea' id='block_1_19' title="bbox 162 638 949 711">
    <p class='ocr_par' dir='ltr' id='par_1_19' title="bbox 162 638 949 711">
     <span class='ocr_line' id='line_1_19' title="bbox 162 638 949 711; baseline 0.003 -45"><span class='ocrx_word' id='word_1_108' title='bbox 162 638 520 711; x_wconf 44' lang='lat' dir='ltr'><strong>“(1%bCfvﬁuggsgb:8,</strong></span> <span class='ocrx_word' id='word_1_109' title='bbox 532 639 590 668; x_wconf 83' lang='grc' dir='ltr'>νν.</span> <span class='ocrx_word' id='word_1_110' title='bbox 606 639 659 669; x_wconf 83' lang='lat' dir='ltr'><strong>PP.</strong></span> <span class='ocrx_word' id='word_1_111' title='bbox 670 639 764 669; x_wconf 80' lang='lat' dir='ltr'><strong>Rosw.</strong></span> <span class='ocrx_word' id='word_1_112' title='bbox 777 639 826 668; x_wconf 87' lang='lat' dir='ltr'><strong>lib.</strong></span> <span class='ocrx_word' id='word_1_113' title='bbox 840 641 877 668; x_wconf 81' lang='lat' dir='ltr'><strong>ll!</strong></span> <span class='ocrx_word' id='word_1_114' title='bbox 889 644 949 676; x_wconf 87' lang='lat' dir='ltr'><strong>cap.</strong></span> 
     </span>
    </p>
   </div>
   <div class='ocr_carea' id='block_1_20' title="bbox 1043 630 1674 678">
    <p class='ocr_par' dir='ltr' id='par_1_20' title="bbox 1043 630 1674 678">
     <span class='ocr_line' id='line_1_20' title="bbox 1043 630 1674 678; baseline -0.005 -9"><span class='ocrx_word' id='word_1_115' title='bbox 1043 641 1083 678; x_wconf 76' lang='grc' dir='ltr'><strong>(ιι)</strong></span> <span class='ocrx_word' id='word_1_116' title='bbox 1102 641 1146 669; x_wconf 75' lang='grc' dir='ltr'><strong>οι.</strong></span> <span class='ocrx_word' id='word_1_117' title='bbox 1164 641 1221 669; x_wconf 91' lang='lat' dir='ltr'><strong>vv.</strong></span> <span class='ocrx_word' id='word_1_118' title='bbox 1238 641 1291 669; x_wconf 86' lang='lat' dir='ltr'><strong>PP.</strong></span> <span class='ocrx_word' id='word_1_119' title='bbox 1310 641 1402 670; x_wconf 75' lang='lat' dir='ltr'><strong>nosw.</strong></span> <span class='ocrx_word' id='word_1_120' title='bbox 1415 641 1461 669; x_wconf 90' lang='lat' dir='ltr'><strong>lib.</strong></span> <span class='ocrx_word' id='word_1_121' title='bbox 1480 630 1516 667; x_wconf 80' lang='lat' dir='ltr'><strong>ut</strong></span> <span class='ocrx_word' id='word_1_122' title='bbox 1534 644 1596 675; x_wconf 87' lang='lat' dir='ltr'><strong>cap.</strong></span> <span class='ocrx_word' id='word_1_123' title='bbox 1612 631 1674 666; x_wconf 65' lang='lat'><strong>18&#39;9.</strong></span> 
     </span>
    </p>
   </div>
   <div class='ocr_carea' id='block_1_21' title="bbox 161 762 1800 786">
    <p class='ocr_par' dir='ltr' id='par_1_21' title="bbox 161 762 1800 786">
     <span class='ocr_line' id='line_1_21' title="bbox 161 762 1800 786; baseline -0.005 2"><span class='ocrx_word' id='word_1_124' title='bbox 161 762 1785 786; x_wconf 56' lang='lat' dir='ltr'><strong>———-—n——_‘—_.—_—.—__———_———‘—————I5</strong></span> <span class='ocrx_word' id='word_1_125' title='bbox 1796 770 1800 780; x_wconf 91' lang='grc' dir='ltr'>ι</span> 
     </span>
    </p>
   </div>
   <div class='ocr_carea' id='block_1_22' title="bbox 956 851 1012 881">
    <p class='ocr_par' dir='ltr' id='par_1_22' title="bbox 956 851 1012 881">
     <span class='ocr_line' id='line_1_22' title="bbox 956 851 1012 881; baseline -0.018 0"><span class='ocrx_word' id='word_1_126' title='bbox 956 851 1012 881; x_wconf 89' lang='lat' dir='ltr'><strong>IV.</strong></span> 
     </span>
    </p>
   </div>
   <div class='ocr_carea' id='block_1_23' title="bbox 560 926 1395 967">
    <p class='ocr_par' dir='ltr' id='par_1_23' title="bbox 560 926 1395 967">
     <span class='ocr_line' id='line_1_23' title="bbox 560 926 1395 967; baseline -0.001 -2"><span class='ocrx_word' id='word_1_127' title='bbox 560 932 654 965; x_wconf 83' lang='lat' dir='ltr'><strong>ALIA</strong></span> <span class='ocrx_word' id='word_1_128' title='bbox 677 930 819 966; x_wconf 85' lang='lat' dir='ltr'><strong>SANCTI</strong></span> <span class='ocrx_word' id='word_1_129' title='bbox 840 926 1011 966; x_wconf 77' lang='lat' dir='ltr'><strong>MACARil</strong></span> <span class='ocrx_word' id='word_1_130' title='bbox 1033 926 1395 967; x_wconf 79' lang='lat' dir='ltr'><strong>APOPHTHEGMATA</strong></span> 
     </span>
    </p>
   </div>
   <div class='ocr_carea' id='block_1_24' title="bbox 744 1022 1210 1045">
    <p class='ocr_par' dir='ltr' id='par_1_24' title="bbox 744 1022 1210 1045">
     <span class='ocr_line' id='line_1_24' title="bbox 744 1022 1210 1045; baseline 0.002 -1"><span class='ocrx_word' id='word_1_131' title='bbox 744 1026 759 1044; x_wconf 83' lang='grc' dir='ltr'><strong>Α</strong></span> <span class='ocrx_word' id='word_1_132' title='bbox 776 1024 818 1044; x_wconf 68' lang='grc'><strong>10-</strong></span> <span class='ocrx_word' id='word_1_133' title='bbox 847 1025 924 1044; x_wconf 63' lang='lat' dir='ltr'><strong>nam.</strong></span> <span class='ocrx_word' id='word_1_134' title='bbox 943 1022 1094 1045; x_wconf 74' lang='lat' dir='ltr'><strong>COTELEBIO</strong></span> <span class='ocrx_word' id='word_1_135' title='bbox 1120 1023 1210 1045; x_wconf 71' lang='lat' dir='ltr'><strong>EDITA.</strong></span> 
     </span>
    </p>
   </div>
   <div class='ocr_carea' id='block_1_25' title="bbox 165 1082 1795 1127">
    <p class='ocr_par' dir='ltr' id='par_1_25' title="bbox 165 1082 1795 1127">
     <span class='ocr_line' id='line_1_25' title="bbox 165 1082 1795 1127; baseline 0 -9"><span class='ocrx_word' id='word_1_136' title='bbox 165 1099 177 1118; x_wconf 74' lang='grc' dir='ltr'>ι</span> <span class='ocrx_word' id='word_1_137' title='bbox 190 1092 338 1120; x_wconf 81' lang='lat' dir='ltr'><strong>Sanctorum</strong></span> <span class='ocrx_word' id='word_1_138' title='bbox 350 1098 438 1120; x_wconf 79' lang='lat' dir='ltr'><strong>senum</strong></span> <span class='ocrx_word' id='word_1_139' title='bbox 450 1092 662 1126; x_wconf 80' lang='lat' dir='ltr'><strong>Apophthegmata</strong></span> <span class='ocrx_word' id='word_1_140' title='bbox 674 1101 684 1119; x_wconf 72' lang='grc' dir='ltr'>ι</span> <span class='ocrx_word' id='word_1_141' title='bbox 698 1101 721 1127; x_wconf 43' lang='grc' dir='ltr'>ελ</span> <span class='ocrx_word' id='word_1_142' title='bbox 730 1100 770 1127; x_wconf 74' lang='lat' dir='ltr'><strong>vv.</strong></span> <span class='ocrx_word' id='word_1_143' title='bbox 791 1094 912 1127; x_wconf 56' lang='lat'><strong>4911160)},</strong></span> <span class='ocrx_word' id='word_1_144' title='bbox 921 1093 1066 1127; x_wconf 54' lang='lat' dir='ltr'><strong>Zaclmriaa.</strong></span> <span class='ocrx_word' id='word_1_145' title='bbox 1084 1082 1409 1127; x_wconf 47' lang='lat' dir='ltr'><strong>leteqdqruLPlzennemis</strong></span> <span class='ocrx_word' id='word_1_146' title='bbox 1431 1093 1495 1125; x_wconf 82' lang='lat' dir='ltr'><strong>apud</strong></span> <span class='ocrx_word' id='word_1_147' title='bbox 1508 1094 1542 1119; x_wconf 86' lang='lat' dir='ltr'><strong>Io.</strong></span> <span class='ocrx_word' id='word_1_148' title='bbox 1557 1093 1627 1125; x_wconf 85' lang='lat' dir='ltr'><strong>Bapt.</strong></span> <span class='ocrx_word' id='word_1_149' title='bbox 1643 1092 1795 1118; x_wconf 78' lang='lat' dir='ltr'><strong>Cotelerium</strong></span> 
     </span>
    </p>
   </div>
   <div class='ocr_carea' id='block_1_26' title="bbox 703 1125 1272 1157">
    <p class='ocr_par' dir='ltr' id='par_1_26' title="bbox 703 1125 1272 1157">
     <span class='ocr_line' id='line_1_26' title="bbox 703 1125 1272 1157; baseline -0.004 -6"><span class='ocrx_word' id='word_1_150' title='bbox 703 1125 770 1151; x_wconf 79' lang='lat' dir='ltr'><strong>Eccl.</strong></span> <span class='ocrx_word' id='word_1_151' title='bbox 793 1125 878 1151; x_wconf 76' lang='lat' dir='ltr'><strong>Graec.</strong></span> <span class='ocrx_word' id='word_1_152' title='bbox 891 1126 955 1151; x_wconf 74' lang='lat' dir='ltr'><strong>non.</strong></span> <span class='ocrx_word' id='word_1_153' title='bbox 968 1126 997 1151; x_wconf 89' lang='lat' dir='ltr'><strong>T.</strong></span> <span class='ocrx_word' id='word_1_154' title='bbox 1015 1127 1035 1156; x_wconf 81' lang='grc' dir='ltr'><strong>ι,</strong></span> <span class='ocrx_word' id='word_1_155' title='bbox 1047 1128 1071 1157; x_wconf 90' lang='lat' dir='ltr'><strong>p.</strong></span> <span class='ocrx_word' id='word_1_156' title='bbox 1083 1125 1138 1150; x_wconf 73' lang='grc' dir='ltr'><strong>δη.</strong></span> <span class='ocrx_word' id='word_1_157' title='bbox 1150 1125 1206 1150; x_wconf 70' lang='lat' dir='ltr'><strong>us.</strong></span> <span class='ocrx_word' id='word_1_158' title='bbox 1218 1125 1272 1150; x_wconf 75' lang='lat' dir='ltr'><strong>tsi.</strong></span> 
     </span>
    </p>
   </div>
   <div class='ocr_carea' id='block_1_27' title="bbox 201 1255 971 1299">
    <p class='ocr_par' dir='ltr' id='par_1_27' title="bbox 201 1256 971 1299">
     <span class='ocr_line' id='line_1_27' title="bbox 201 1256 971 1299; baseline 0.008 -12"><span class='ocrx_word' id='word_1_159' title='bbox 201 1260 230 1288; x_wconf 75' lang='grc' dir='ltr'><strong>ι.</strong></span> <span class='ocrx_word' id='word_1_160' title='bbox 245 1258 328 1287; x_wconf 82' lang='grc' dir='ltr'>Εἶπεν</span> <span class='ocrx_word' id='word_1_161' title='bbox 339 1261 354 1288; x_wconf 83' lang='lat'><strong>6</strong></span> <span class='ocrx_word' id='word_1_162' title='bbox 371 1260 458 1294; x_wconf 64' lang='lat' dir='ltr'><strong>assa;</strong></span> <span class='ocrx_word' id='word_1_163' title='bbox 472 1260 575 1299; x_wconf 78' lang='grc' dir='ltr'><strong>Πέτρος</strong></span> <span class='ocrx_word' id='word_1_164' title='bbox 595 1262 610 1290; x_wconf 86' lang='grc' dir='ltr'><strong>ὁ</strong></span> <span class='ocrx_word' id='word_1_165' title='bbox 625 1263 673 1290; x_wconf 83' lang='grc' dir='ltr'>τοῦ</span> <span class='ocrx_word' id='word_1_166' title='bbox 687 1263 760 1291; x_wconf 70' lang='lat' dir='ltr'><strong>assa</strong></span> <span class='ocrx_word' id='word_1_167' title='bbox 777 1256 857 1298; x_wconf 81' lang='grc' dir='ltr'><strong>Λώτ,</strong></span> <span class='ocrx_word' id='word_1_168' title='bbox 870 1266 911 1293; x_wconf 81' lang='grc' dir='ltr'>ὅτι</span> <span class='ocrx_word' id='word_1_169' title='bbox 924 1266 971 1293; x_wconf 60' lang='grc' dir='ltr'><strong>ὲνι</strong></span> 
     </span>
    </p>
   </div>
   <div class='ocr_carea' id='block_1_28' title="bbox 1009 1255 1795 1299">
    <p class='ocr_par' dir='ltr' id='par_1_28' title="bbox 1042 1255 1795 1299">
     <span class='ocr_line' id='line_1_28' title="bbox 1042 1255 1795 1299; baseline -0.012 -6"><span class='ocrx_word' id='word_1_170' title='bbox 1042 1266 1067 1293; x_wconf 81' lang='grc' dir='ltr'><strong>ι.</strong></span> <span class='ocrx_word' id='word_1_171' title='bbox 1085 1264 1183 1292; x_wconf 83' lang='lat' dir='ltr'><strong>Petrus</strong></span> <span class='ocrx_word' id='word_1_172' title='bbox 1197 1261 1293 1295; x_wconf 81' lang='lat' dir='ltr'><strong>abbas,</strong></span> <span class='ocrx_word' id='word_1_173' title='bbox 1309 1258 1463 1296; x_wconf 84' lang='lat' dir='ltr'><strong>discipulus</strong></span> <span class='ocrx_word' id='word_1_174' title='bbox 1483 1255 1535 1287; x_wconf 87' lang='lat' dir='ltr'><strong>Lot</strong></span> <span class='ocrx_word' id='word_1_175' title='bbox 1556 1259 1685 1287; x_wconf 87' lang='lat' dir='ltr'><strong>abbatis:</strong></span> <span class='ocrx_word' id='word_1_176' title='bbox 1702 1256 1795 1299; x_wconf 68' lang='lat' dir='ltr'><strong>Eram,</strong></span> 
     </span>
    </p>
   </div>
   <div class='ocr_carea' id='block_1_29' title="bbox 163 1305 954 1346">
    <p class='ocr_par' dir='ltr' id='par_1_29' title="bbox 163 1305 954 1346">
     <span class='ocr_line' id='line_1_29' title="bbox 163 1305 954 1346; baseline 0.006 -14"><span class='ocrx_word' id='word_1_177' title='bbox 163 1305 207 1341; x_wconf 84' lang='grc' dir='ltr'><strong>τῷ</strong></span> <span class='ocrx_word' id='word_1_178' title='bbox 223 1305 322 1342; x_wconf 73' lang='grc' dir='ltr'>κελλιῳ</span> <span class='ocrx_word' id='word_1_179' title='bbox 332 1306 379 1333; x_wconf 80' lang='grc' dir='ltr'><strong>τοῦ</strong></span> <span class='ocrx_word' id='word_1_180' title='bbox 393 1307 465 1334; x_wconf 73' lang='grc' dir='ltr'><strong>ἀὸϐἄ</strong></span> <span class='ocrx_word' id='word_1_181' title='bbox 483 1307 636 1342; x_wconf 80' lang='grc' dir='ltr'><strong>Ἀγάθωνος</strong></span> <span class='ocrx_word' id='word_1_182' title='bbox 648 1308 723 1344; x_wconf 78' lang='grc' dir='ltr'>ήμην</span> <span class='ocrx_word' id='word_1_183' title='bbox 738 1309 814 1342; x_wconf 81' lang='grc' dir='ltr'>ποτέ,</span> <span class='ocrx_word' id='word_1_184' title='bbox 829 1311 877 1337; x_wconf 73' lang='grc' dir='ltr'><strong>καὶ</strong></span> <span class='ocrx_word' id='word_1_185' title='bbox 888 1308 954 1346; x_wconf 82' lang='grc' dir='ltr'>ἦλθε</span> 
     </span>
    </p>
   </div>
   <div class='ocr_carea' id='block_1_30' title="bbox 165 1352 956 1392">
    <p class='ocr_par' dir='ltr' id='par_1_30' title="bbox 165 1352 956 1392">
     <span class='ocr_line' id='line_1_30' title="bbox 165 1352 956 1392; baseline 0.006 -13"><span class='ocrx_word' id='word_1_186' title='bbox 165 1352 238 1389; x_wconf 73' lang='grc' dir='ltr'>πρὸς</span> <span class='ocrx_word' id='word_1_187' title='bbox 265 1353 347 1380; x_wconf 80' lang='grc' dir='ltr'>αὐτὸν</span> <span class='ocrx_word' id='word_1_188' title='bbox 376 1354 490 1389; x_wconf 77' lang='grc' dir='ltr'><strong>ἀδελφὸς</strong></span> <span class='ocrx_word' id='word_1_189' title='bbox 515 1354 618 1389; x_wconf 82' lang='grc' dir='ltr'>λέγων·</span> <span class='ocrx_word' id='word_1_190' title='bbox 648 1354 716 1382; x_wconf 83' lang='grc' dir='ltr'><strong>Θέλω</strong></span> <span class='ocrx_word' id='word_1_191' title='bbox 749 1355 859 1392; x_wconf 80' lang='grc' dir='ltr'>οἰκῆσαι</span> <span class='ocrx_word' id='word_1_192' title='bbox 887 1357 956 1392; x_wconf 83' lang='grc' dir='ltr'><strong>μετὰ</strong></span> 
     </span>
    </p>
   </div>
   <div class='ocr_carea' id='block_1_31' title="bbox 164 1398 955 1439">
    <p class='ocr_par' dir='ltr' id='par_1_31' title="bbox 164 1398 955 1439">
     <span class='ocr_line' id='line_1_31' title="bbox 164 1398 955 1439; baseline 0.008 -14"><span class='ocrx_word' id='word_1_193' title='bbox 164 1399 307 1434; x_wconf 68' lang='grc' dir='ltr'><strong>ἀδελφῶνο</strong></span> <span class='ocrx_word' id='word_1_194' title='bbox 323 1398 398 1427; x_wconf 69' lang='grc' dir='ltr'>εἶπόν</span> <span class='ocrx_word' id='word_1_195' title='bbox 419 1410 463 1436; x_wconf 89' lang='grc' dir='ltr'><strong>μοι</strong></span> <span class='ocrx_word' id='word_1_196' title='bbox 483 1401 542 1434; x_wconf 81' lang='grc' dir='ltr'><strong>πῶς</strong></span> <span class='ocrx_word' id='word_1_197' title='bbox 562 1403 621 1437; x_wconf 87' lang='grc' dir='ltr'>μετ’</span> <span class='ocrx_word' id='word_1_198' title='bbox 636 1402 726 1430; x_wconf 75' lang='grc' dir='ltr'>αὐτῶν</span> <span class='ocrx_word' id='word_1_199' title='bbox 741 1402 854 1439; x_wconf 79' lang='grc' dir='ltr'>οἰκήσω.</span> <span class='ocrx_word' id='word_1_200' title='bbox 881 1404 955 1438; x_wconf 81' lang='grc' dir='ltr'><strong>λέγει</strong></span> 
     </span>
    </p>
   </div>
   <div class='ocr_carea' id='block_1_32' title="bbox 166 1445 954 1486">
    <p class='ocr_par' dir='ltr' id='par_1_32' title="bbox 166 1445 954 1486">
     <span class='ocr_line' id='line_1_32' title="bbox 166 1445 954 1486; baseline 0.006 -15"><span class='ocrx_word' id='word_1_201' title='bbox 166 1445 244 1481; x_wconf 79' lang='grc' dir='ltr'><strong>αὐτῷ</strong></span> <span class='ocrx_word' id='word_1_202' title='bbox 259 1446 275 1472; x_wconf 84' lang='lat'><strong>6</strong></span> <span class='ocrx_word' id='word_1_203' title='bbox 292 1445 396 1482; x_wconf 53' lang='grc' dir='ltr'>γέρωνπ</span> <span class='ocrx_word' id='word_1_204' title='bbox 415 1446 453 1479; x_wconf 83' lang='grc' dir='ltr'><strong>ὡς</strong></span> <span class='ocrx_word' id='word_1_205' title='bbox 466 1447 495 1474; x_wconf 81' lang='grc' dir='ltr'>ἐν</span> <span class='ocrx_word' id='word_1_206' title='bbox 509 1448 542 1483; x_wconf 83' lang='grc' dir='ltr'><strong>τῇ</strong></span> <span class='ocrx_word' id='word_1_207' title='bbox 563 1447 660 1484; x_wconf 85' lang='grc' dir='ltr'><strong>πρώτῃ</strong></span> <span class='ocrx_word' id='word_1_208' title='bbox 676 1447 770 1485; x_wconf 74' lang='grc' dir='ltr'>ἡμέρᾳ</span> <span class='ocrx_word' id='word_1_209' title='bbox 783 1449 827 1476; x_wconf 82' lang='grc' dir='ltr'>ὅτε</span> <span class='ocrx_word' id='word_1_210' title='bbox 843 1448 954 1486; x_wconf 80' lang='grc' dir='ltr'><strong>εἰσέρχῃ</strong></span> 
     </span>
    </p>
   </div>
   <div class='ocr_carea' id='block_1_33' title="bbox 167 1491 955 1530">
    <p class='ocr_par' dir='ltr' id='par_1_33' title="bbox 167 1491 955 1530">
     <span class='ocr_line' id='line_1_33' title="bbox 167 1491 955 1530; baseline 0.004 -12"><span class='ocrx_word' id='word_1_211' title='bbox 167 1491 239 1527; x_wconf 75' lang='grc' dir='ltr'>πρὸς</span> <span class='ocrx_word' id='word_1_212' title='bbox 251 1491 359 1524; x_wconf 73' lang='grc' dir='ltr'><strong>αὐτούς,</strong></span> <span class='ocrx_word' id='word_1_213' title='bbox 376 1491 462 1525; x_wconf 78' lang='grc' dir='ltr'><strong>οὕτως</strong></span> <span class='ocrx_word' id='word_1_214' title='bbox 477 1493 594 1528; x_wconf 78' lang='grc' dir='ltr'>φύλαξον</span> <span class='ocrx_word' id='word_1_215' title='bbox 607 1493 657 1530; x_wconf 81' lang='grc' dir='ltr'><strong>τὴν</strong></span> <span class='ocrx_word' id='word_1_216' title='bbox 679 1493 812 1526; x_wconf 81' lang='grc' dir='ltr'>ξενιτείαν</span> <span class='ocrx_word' id='word_1_217' title='bbox 832 1502 878 1521; x_wconf 87' lang='grc' dir='ltr'><strong>σου</strong></span> <span class='ocrx_word' id='word_1_218' title='bbox 902 1495 955 1522; x_wconf 82' lang='grc' dir='ltr'>πά-</span> 
     </span>
    </p>
   </div>
   <div class='ocr_carea' id='block_1_34' title="bbox 168 1538 956 1577">
    <p class='ocr_par' dir='ltr' id='par_1_34' title="bbox 168 1538 956 1577">
     <span class='ocr_line' id='line_1_34' title="bbox 168 1538 956 1577; baseline 0.004 -12"><span class='ocrx_word' id='word_1_219' title='bbox 168 1546 222 1570; x_wconf 82' lang='grc' dir='ltr'>σας</span> <span class='ocrx_word' id='word_1_220' title='bbox 234 1538 284 1570; x_wconf 80' lang='grc' dir='ltr'><strong>τὰς</strong></span> <span class='ocrx_word' id='word_1_221' title='bbox 296 1539 401 1576; x_wconf 84' lang='grc' dir='ltr'>ἡμέρας</span> <span class='ocrx_word' id='word_1_222' title='bbox 414 1539 464 1575; x_wconf 80' lang='grc' dir='ltr'><strong>τῆς</strong></span> <span class='ocrx_word' id='word_1_223' title='bbox 474 1539 546 1575; x_wconf 80' lang='grc' dir='ltr'><strong>ζωῆς</strong></span> <span class='ocrx_word' id='word_1_224' title='bbox 561 1547 620 1573; x_wconf 78' lang='grc' dir='ltr'>σου,</span> <span class='ocrx_word' id='word_1_225' title='bbox 635 1540 681 1568; x_wconf 75' lang='grc' dir='ltr'><strong>ἵνα</strong></span> <span class='ocrx_word' id='word_1_226' title='bbox 693 1540 731 1576; x_wconf 77' lang='grc' dir='ltr'><strong>μὴ</strong></span> <span class='ocrx_word' id='word_1_227' title='bbox 745 1541 956 1577; x_wconf 75' lang='grc' dir='ltr'>παρῤησιασθῇς</span> 
     </span>
    </p>
   </div>
   <div class='ocr_carea' id='block_1_35' title="bbox 169 1585 957 1623">
    <p class='ocr_par' dir='ltr' id='par_1_35' title="bbox 169 1585 957 1623">
     <span class='ocr_line' id='line_1_35' title="bbox 169 1585 957 1623; baseline 0.004 -12"><span class='ocrx_word' id='word_1_228' title='bbox 169 1585 232 1620; x_wconf 81' lang='grc' dir='ltr'>μετ’</span> <span class='ocrx_word' id='word_1_229' title='bbox 246 1585 345 1613; x_wconf 84' lang='grc' dir='ltr'>αὐτῶν.</span> <span class='ocrx_word' id='word_1_230' title='bbox 360 1585 435 1620; x_wconf 85' lang='grc' dir='ltr'>λέγει</span> <span class='ocrx_word' id='word_1_231' title='bbox 455 1585 530 1622; x_wconf 86' lang='grc' dir='ltr'>αὐτῷ</span> <span class='ocrx_word' id='word_1_232' title='bbox 545 1587 559 1613; x_wconf 85' lang='grc' dir='ltr'><strong>ὸ</strong></span> <span class='ocrx_word' id='word_1_233' title='bbox 579 1586 666 1619; x_wconf 77' lang='grc' dir='ltr'>ἀϐὁᾶς</span> <span class='ocrx_word' id='word_1_234' title='bbox 681 1587 822 1622; x_wconf 75' lang='grc' dir='ltr'>Μακάριος</span> <span class='ocrx_word' id='word_1_235' title='bbox 835 1595 841 1603; x_wconf 91' lang='grc'><strong>·</strong></span> <span class='ocrx_word' id='word_1_236' title='bbox 855 1587 881 1614; x_wconf 81' lang='grc' dir='ltr'><strong>τί</strong></span> <span class='ocrx_word' id='word_1_237' title='bbox 901 1587 957 1623; x_wconf 86' lang='grc' dir='ltr'>γὰρ</span> 
     </span>
    </p>
   </div>
   <div class='ocr_carea' id='block_1_36' title="bbox 168 1631 956 1669">
    <p class='ocr_par' dir='ltr' id='par_1_36' title="bbox 168 1631 956 1669">
     <span class='ocr_line' id='line_1_36' title="bbox 168 1631 956 1669; baseline 0.001 -11"><span class='ocrx_word' id='word_1_238' title='bbox 168 1631 243 1659; x_wconf 74' lang='grc' dir='ltr'>ποιεῖ</span> <span class='ocrx_word' id='word_1_239' title='bbox 264 1632 281 1667; x_wconf 82' lang='grc' dir='ltr'><strong>ἡ</strong></span> <span class='ocrx_word' id='word_1_240' title='bbox 303 1632 459 1668; x_wconf 57' lang='lat' dir='ltr'><strong>naM-ricta;</strong></span> <span class='ocrx_word' id='word_1_241' title='bbox 483 1631 557 1667; x_wconf 81' lang='grc' dir='ltr'>λέγει</span> <span class='ocrx_word' id='word_1_242' title='bbox 580 1632 655 1666; x_wconf 86' lang='grc' dir='ltr'><strong>αὐτῷ</strong></span> <span class='ocrx_word' id='word_1_243' title='bbox 668 1632 684 1658; x_wconf 83' lang='grc' dir='ltr'>ὁ</span> <span class='ocrx_word' id='word_1_244' title='bbox 705 1632 811 1668; x_wconf 87' lang='grc' dir='ltr'>γέρων·</span> <span class='ocrx_word' id='word_1_245' title='bbox 833 1632 922 1659; x_wconf 72' lang='grc' dir='ltr'>ἔοικεν</span> <span class='ocrx_word' id='word_1_246' title='bbox 939 1633 956 1669; x_wconf 83' lang='grc' dir='ltr'><strong>ἡ</strong></span> 
     </span>
    </p>
   </div>
   <div class='ocr_carea' id='block_1_37' title="bbox 168 1676 957 1713">
    <p class='ocr_par' dir='ltr' id='par_1_37' title="bbox 168 1676 957 1713">
     <span class='ocr_line' id='line_1_37' title="bbox 168 1676 957 1713; baseline 0.003 -10"><span class='ocrx_word' id='word_1_247' title='bbox 168 1676 312 1712; x_wconf 75' lang='grc' dir='ltr'>παρῤησία</span> <span class='ocrx_word' id='word_1_248' title='bbox 325 1676 445 1704; x_wconf 82' lang='grc' dir='ltr'><strong>καύσωνι</strong></span> <span class='ocrx_word' id='word_1_249' title='bbox 460 1677 570 1713; x_wconf 82' lang='grc' dir='ltr'>μεγάλῳ</span> <span class='ocrx_word' id='word_1_250' title='bbox 582 1685 589 1693; x_wconf 89' lang='grc'><strong>·</strong></span> <span class='ocrx_word' id='word_1_251' title='bbox 606 1677 636 1710; x_wconf 83' lang='grc' dir='ltr'><strong>ὃς</strong></span> <span class='ocrx_word' id='word_1_252' title='bbox 647 1678 710 1705; x_wconf 80' lang='grc' dir='ltr'>ὅταν</span> <span class='ocrx_word' id='word_1_253' title='bbox 722 1677 842 1713; x_wconf 80' lang='grc' dir='ltr'><strong>γίνηται,</strong></span> <span class='ocrx_word' id='word_1_254' title='bbox 856 1678 957 1710; x_wconf 80' lang='grc' dir='ltr'>πάντες</span> 
     </span>
    </p>
   </div>
   <div class='ocr_carea' id='block_1_38' title="bbox 168 1720 958 1760">
    <p class='ocr_par' dir='ltr' id='par_1_38' title="bbox 168 1720 958 1760">
     <span class='ocr_line' id='line_1_38' title="bbox 168 1720 958 1760; baseline 0.004 -11"><span class='ocrx_word' id='word_1_255' title='bbox 168 1720 318 1757; x_wconf 75' lang='grc' dir='ltr'>φεύγουσιν</span> <span class='ocrx_word' id='word_1_256' title='bbox 344 1723 398 1750; x_wconf 80' lang='grc' dir='ltr'>ἀπὺ</span> <span class='ocrx_word' id='word_1_257' title='bbox 414 1722 561 1759; x_wconf 78' lang='grc' dir='ltr'><strong>προσώπου</strong></span> <span class='ocrx_word' id='word_1_258' title='bbox 578 1723 660 1750; x_wconf 80' lang='grc' dir='ltr'>αὑτοῦ</span> <span class='ocrx_word' id='word_1_259' title='bbox 671 1742 679 1755; x_wconf 84' lang='grc'><em>,</em></span> <span class='ocrx_word' id='word_1_260' title='bbox 703 1725 750 1750; x_wconf 81' lang='grc' dir='ltr'>καὶ</span> <span class='ocrx_word' id='word_1_261' title='bbox 771 1723 826 1750; x_wconf 74' lang='grc' dir='ltr'><strong>τῶν</strong></span> <span class='ocrx_word' id='word_1_262' title='bbox 841 1722 958 1760; x_wconf 80' lang='grc' dir='ltr'>δένδρων</span> 
     </span>
    </p>
   </div>
   <div class='ocr_carea' id='block_1_39' title="bbox 168 1767 957 1806">
    <p class='ocr_par' dir='ltr' id='par_1_39' title="bbox 168 1767 957 1806">
     <span class='ocr_line' id='line_1_39' title="bbox 168 1767 957 1806; baseline 0.003 -11"><span class='ocrx_word' id='word_1_263' title='bbox 168 1769 218 1795; x_wconf 72' lang='grc' dir='ltr'>τὸν</span> <span class='ocrx_word' id='word_1_264' title='bbox 235 1769 341 1805; x_wconf 78' lang='grc' dir='ltr'>καρπὸν</span> <span class='ocrx_word' id='word_1_265' title='bbox 358 1767 518 1806; x_wconf 74' lang='grc' dir='ltr'><strong>διαφθείρει.</strong></span> <span class='ocrx_word' id='word_1_266' title='bbox 533 1769 608 1804; x_wconf 80' lang='grc' dir='ltr'>λέγει</span> <span class='ocrx_word' id='word_1_267' title='bbox 624 1768 698 1805; x_wconf 80' lang='grc' dir='ltr'>αὐτῷ</span> <span class='ocrx_word' id='word_1_268' title='bbox 716 1768 731 1795; x_wconf 85' lang='grc' dir='ltr'><strong>ὁ</strong></span> <span class='ocrx_word' id='word_1_269' title='bbox 749 1769 835 1802; x_wconf 79' lang='grc' dir='ltr'><strong>ἀὸὄᾶς</strong></span> <span class='ocrx_word' id='word_1_270' title='bbox 857 1770 957 1797; x_wconf 82' lang='grc' dir='ltr'>Μακά-</span> 
     </span>
    </p>
   </div>
   <div class='ocr_carea' id='block_1_40' title="bbox 170 1814 958 1852">
    <p class='ocr_par' dir='ltr' id='par_1_40' title="bbox 170 1814 958 1852">
     <span class='ocr_line' id='line_1_40' title="bbox 170 1814 958 1852; baseline 0.003 -11"><span class='ocrx_word' id='word_1_271' title='bbox 170 1822 230 1852; x_wconf 84' lang='grc' dir='ltr'>ριος</span> <span class='ocrx_word' id='word_1_272' title='bbox 241 1824 248 1831; x_wconf 94' lang='grc'><strong>·</strong></span> <span class='ocrx_word' id='word_1_273' title='bbox 264 1815 351 1847; x_wconf 77' lang='grc' dir='ltr'><strong>οὕτως</strong></span> <span class='ocrx_word' id='word_1_274' title='bbox 365 1815 470 1852; x_wconf 84' lang='grc' dir='ltr'>χαλεπή</span> <span class='ocrx_word' id='word_1_275' title='bbox 487 1816 561 1842; x_wconf 77' lang='grc' dir='ltr'>ἐστιν</span> <span class='ocrx_word' id='word_1_276' title='bbox 578 1816 595 1852; x_wconf 82' lang='grc' dir='ltr'><strong>ἡ</strong></span> <span class='ocrx_word' id='word_1_277' title='bbox 614 1816 772 1852; x_wconf 72' lang='grc' dir='ltr'>παρρησίας</span> <span class='ocrx_word' id='word_1_278' title='bbox 788 1815 835 1843; x_wconf 87' lang='grc' dir='ltr'>καὶ</span> <span class='ocrx_word' id='word_1_279' title='bbox 850 1814 927 1843; x_wconf 86' lang='grc' dir='ltr'>εἶπεν</span> <span class='ocrx_word' id='word_1_280' title='bbox 943 1816 958 1843; x_wconf 87' lang='lat'><strong>6</strong></span> 
     </span>
    </p>
   </div>
   <div class='ocr_carea' id='block_1_41' title="bbox 168 1860 958 1897">
    <p class='ocr_par' dir='ltr' id='par_1_41' title="bbox 168 1860 958 1897">
     <span class='ocr_line' id='line_1_41' title="bbox 168 1860 958 1897; baseline 0 -10"><span class='ocrx_word' id='word_1_281' title='bbox 168 1860 260 1892; x_wconf 72' lang='grc' dir='ltr'><strong>ἁὸὁᾶς</strong></span> <span class='ocrx_word' id='word_1_282' title='bbox 278 1860 412 1895; x_wconf 73' lang='grc' dir='ltr'><strong>Ἀγάθων·</strong></span> <span class='ocrx_word' id='word_1_283' title='bbox 428 1861 478 1888; x_wconf 77' lang='grc' dir='ltr'>οὐκ</span> <span class='ocrx_word' id='word_1_284' title='bbox 494 1861 567 1888; x_wconf 78' lang='grc' dir='ltr'>ἔστιν</span> <span class='ocrx_word' id='word_1_285' title='bbox 586 1861 680 1897; x_wconf 76' lang='grc' dir='ltr'>ἓτερον</span> <span class='ocrx_word' id='word_1_286' title='bbox 701 1860 786 1892; x_wconf 82' lang='grc' dir='ltr'>πάθος</span> <span class='ocrx_word' id='word_1_287' title='bbox 804 1861 958 1896; x_wconf 85' lang='grc' dir='ltr'><strong>χαλεπώτε-</strong></span> 
     </span>
    </p>
   </div>
   <div class='ocr_carea' id='block_1_42' title="bbox 170 1905 958 1942">
    <p class='ocr_par' dir='ltr' id='par_1_42' title="bbox 170 1905 958 1942">
     <span class='ocr_line' id='line_1_42' title="bbox 170 1905 958 1942; baseline 0 -10"><span class='ocrx_word' id='word_1_288' title='bbox 170 1915 219 1942; x_wconf 79' lang='grc' dir='ltr'><strong>ρον</strong></span> <span class='ocrx_word' id='word_1_289' title='bbox 233 1906 283 1941; x_wconf 83' lang='grc' dir='ltr'><strong>τῆς</strong></span> <span class='ocrx_word' id='word_1_290' title='bbox 295 1906 462 1942; x_wconf 67' lang='grc' dir='ltr'>παρρησίας·</span> <span class='ocrx_word' id='word_1_291' title='bbox 475 1906 555 1941; x_wconf 87' lang='grc' dir='ltr'>γεννή</span> <span class='ocrx_word' id='word_1_292' title='bbox 562 1913 620 1942; x_wconf 71' lang='grc' dir='ltr'>τρια</span> <span class='ocrx_word' id='word_1_293' title='bbox 633 1905 688 1942; x_wconf 82' lang='grc' dir='ltr'><strong>γάρ</strong></span> <span class='ocrx_word' id='word_1_294' title='bbox 707 1906 766 1933; x_wconf 73' lang='grc' dir='ltr'>ἐστι</span> <span class='ocrx_word' id='word_1_295' title='bbox 780 1905 889 1934; x_wconf 82' lang='grc' dir='ltr'>πάντων</span> <span class='ocrx_word' id='word_1_296' title='bbox 903 1906 958 1933; x_wconf 81' lang='grc' dir='ltr'>τῶν</span> 
     </span>
    </p>
   </div>
   <div class='ocr_carea' id='block_1_43' title="bbox 169 1951 957 1989">
    <p class='ocr_par' dir='ltr' id='par_1_43' title="bbox 169 1951 957 1989">
     <span class='ocr_line' id='line_1_43' title="bbox 169 1951 957 1989; baseline 0.001 -11"><span class='ocrx_word' id='word_1_297' title='bbox 169 1952 282 1980; x_wconf 56' lang='lat' dir='ltr'><strong>r406»;-</strong></span> <span class='ocrx_word' id='word_1_298' title='bbox 298 1951 398 1987; x_wconf 82' lang='grc' dir='ltr'>πρέπει</span> <span class='ocrx_word' id='word_1_299' title='bbox 416 1952 445 1979; x_wconf 80' lang='grc' dir='ltr'><strong>δὲ</strong></span> <span class='ocrx_word' id='word_1_300' title='bbox 462 1952 501 1988; x_wconf 83' lang='grc' dir='ltr'>τῷ</span> <span class='ocrx_word' id='word_1_301' title='bbox 525 1952 627 1989; x_wconf 72' lang='grc' dir='ltr'><strong>ἐργάτῃ</strong></span> <span class='ocrx_word' id='word_1_302' title='bbox 652 1951 690 1988; x_wconf 80' lang='grc' dir='ltr'><strong>μὴ</strong></span> <span class='ocrx_word' id='word_1_303' title='bbox 708 1951 957 1988; x_wconf 69' lang='grc' dir='ltr'>παρρησιάζεσθαι,</span> 
     </span>
    </p>
   </div>
   <div class='ocr_carea' id='block_1_44' title="bbox 169 1995 959 2035">
    <p class='ocr_par' dir='ltr' id='par_1_44' title="bbox 169 1995 959 2035">
     <span class='ocr_line' id='line_1_44' title="bbox 169 1995 959 2035; baseline 0 -10"><span class='ocrx_word' id='word_1_304' title='bbox 169 1998 225 2026; x_wconf 76' lang='grc' dir='ltr'><strong>κᾶν</strong></span> <span class='ocrx_word' id='word_1_305' title='bbox 246 1997 327 2033; x_wconf 83' lang='grc' dir='ltr'>μόνος</span> <span class='ocrx_word' id='word_1_306' title='bbox 386 1998 416 2024; x_wconf 81' lang='grc' dir='ltr'>ὲν</span> <span class='ocrx_word' id='word_1_307' title='bbox 437 1997 477 2033; x_wconf 86' lang='grc' dir='ltr'><strong>τῷ</strong></span> <span class='ocrx_word' id='word_1_308' title='bbox 499 1998 606 2034; x_wconf 75' lang='grc' dir='ltr'>κελλίῳ.</span> <span class='ocrx_word' id='word_1_309' title='bbox 627 1996 686 2026; x_wconf 79' lang='grc' dir='ltr'>οἶδα</span> <span class='ocrx_word' id='word_1_310' title='bbox 707 1999 762 2035; x_wconf 85' lang='grc' dir='ltr'>γὰρ</span> <span class='ocrx_word' id='word_1_311' title='bbox 782 1999 824 2025; x_wconf 85' lang='grc' dir='ltr'><strong>ὅτι</strong></span> <span class='ocrx_word' id='word_1_312' title='bbox 846 1998 959 2033; x_wconf 82' lang='grc' dir='ltr'>ἀδελφὸς</span> 
     </span>
    </p>
   </div>
   <div class='ocr_carea' id='block_1_45' title="bbox 169 2045 975 2082">
    <p class='ocr_par' dir='ltr' id='par_1_45' title="bbox 169 2045 975 2082">
     <span class='ocr_line' id='line_1_45' title="bbox 169 2045 975 2082; baseline 0 -9"><span class='ocrx_word' id='word_1_313' title='bbox 169 2048 290 2082; x_wconf 81' lang='grc' dir='ltr'>ποιήσας</span> <span class='ocrx_word' id='word_1_314' title='bbox 303 2046 397 2082; x_wconf 86' lang='grc' dir='ltr'>χρόνον</span> <span class='ocrx_word' id='word_1_315' title='bbox 409 2046 438 2071; x_wconf 79' lang='grc' dir='ltr'>ὲν</span> <span class='ocrx_word' id='word_1_316' title='bbox 450 2045 489 2081; x_wconf 81' lang='grc' dir='ltr'><strong>τῷ</strong></span> <span class='ocrx_word' id='word_1_317' title='bbox 501 2046 598 2082; x_wconf 77' lang='grc' dir='ltr'>κελλίῳ</span> <span class='ocrx_word' id='word_1_318' title='bbox 611 2045 704 2080; x_wconf 77' lang='grc' dir='ltr'>οἰκῶν,</span> <span class='ocrx_word' id='word_1_319' title='bbox 713 2045 782 2081; x_wconf 72' lang='grc' dir='ltr'><strong>ἔχων</strong></span> <span class='ocrx_word' id='word_1_320' title='bbox 790 2055 816 2073; x_wconf 88' lang='grc' dir='ltr'><strong>τι</strong></span> <span class='ocrx_word' id='word_1_321' title='bbox 829 2046 960 2073; x_wconf 83' lang='grc' dir='ltr'>κοιτωνά-</span> <span class='ocrx_word' id='word_1_322' title='bbox 969 2070 975 2076; x_wconf 74' lang='grc'>.</span> 
     </span>
    </p>
   </div>
   <div class='ocr_carea' id='block_1_46' title="bbox 171 2091 960 2129">
    <p class='ocr_par' dir='ltr' id='par_1_46' title="bbox 171 2091 960 2129">
     <span class='ocr_line' id='line_1_46' title="bbox 171 2091 960 2129; baseline 0 -9"><span class='ocrx_word' id='word_1_323' title='bbox 171 2102 241 2129; x_wconf 86' lang='grc' dir='ltr'>ριον,</span> <span class='ocrx_word' id='word_1_324' title='bbox 263 2091 355 2126; x_wconf 76' lang='grc' dir='ltr'><strong>εἶπεν,</strong></span> <span class='ocrx_word' id='word_1_325' title='bbox 377 2093 419 2120; x_wconf 86' lang='grc' dir='ltr'><strong>ὅτι</strong></span> <span class='ocrx_word' id='word_1_326' title='bbox 437 2092 553 2128; x_wconf 76' lang='grc' dir='ltr'><strong>μετέϐην</strong></span> <span class='ocrx_word' id='word_1_327' title='bbox 569 2093 602 2119; x_wconf 81' lang='grc' dir='ltr'>ὲκ</span> <span class='ocrx_word' id='word_1_328' title='bbox 616 2092 664 2119; x_wconf 81' lang='grc' dir='ltr'><strong>τοῦ</strong></span> <span class='ocrx_word' id='word_1_329' title='bbox 679 2092 796 2124; x_wconf 85' lang='grc' dir='ltr'><strong>κελλιου,</strong></span> <span class='ocrx_word' id='word_1_330' title='bbox 822 2092 860 2128; x_wconf 80' lang='grc' dir='ltr'><strong>μὴ</strong></span> <span class='ocrx_word' id='word_1_331' title='bbox 879 2093 960 2127; x_wconf 79' lang='grc' dir='ltr'>γνοὺς</span> 
     </span>
    </p>
   </div>
   <div class='ocr_carea' id='block_1_47' title="bbox 170 2135 960 2174">
    <p class='ocr_par' dir='ltr' id='par_1_47' title="bbox 170 2135 960 2174">
     <span class='ocr_line' id='line_1_47' title="bbox 170 2135 960 2174; baseline 0 -9"><span class='ocrx_word' id='word_1_332' title='bbox 170 2140 239 2166; x_wconf 80' lang='grc' dir='ltr'>αὐτὸ</span> <span class='ocrx_word' id='word_1_333' title='bbox 251 2138 283 2165; x_wconf 83' lang='grc' dir='ltr'>τὺ</span> <span class='ocrx_word' id='word_1_334' title='bbox 294 2138 480 2174; x_wconf 76' lang='grc' dir='ltr'>κοιτωνὰριον,</span> <span class='ocrx_word' id='word_1_335' title='bbox 493 2139 518 2165; x_wconf 83' lang='grc' dir='ltr'><strong>ει</strong></span> <span class='ocrx_word' id='word_1_336' title='bbox 533 2138 569 2174; x_wconf 88' lang='grc' dir='ltr'><strong>μὴ</strong></span> <span class='ocrx_word' id='word_1_337' title='bbox 583 2138 676 2174; x_wconf 75' lang='grc' dir='ltr'><strong>ἕτερός</strong></span> <span class='ocrx_word' id='word_1_338' title='bbox 691 2147 736 2174; x_wconf 90' lang='grc' dir='ltr'><strong>μοι</strong></span> <span class='ocrx_word' id='word_1_339' title='bbox 750 2135 836 2165; x_wconf 76' lang='grc' dir='ltr'><strong>εἶπεν.</strong></span> <span class='ocrx_word' id='word_1_340' title='bbox 848 2138 862 2165; x_wconf 98' lang='lat'><strong>6</strong></span> <span class='ocrx_word' id='word_1_341' title='bbox 873 2137 960 2165; x_wconf 80' lang='grc' dir='ltr'>τοιοῦ-</span> 
     </span>
    </p>
   </div>
   <div class='ocr_carea' id='block_1_48' title="bbox 169 2184 730 2221">
    <p class='ocr_par' dir='ltr' id='par_1_48' title="bbox 169 2184 730 2221">
     <span class='ocr_line' id='line_1_48' title="bbox 169 2184 730 2221; baseline -0.002 -9"><span class='ocrx_word' id='word_1_342' title='bbox 169 2194 218 2217; x_wconf 81' lang='grc' dir='ltr'><strong>τος</strong></span> <span class='ocrx_word' id='word_1_343' title='bbox 233 2185 353 2221; x_wconf 74' lang='grc' dir='ltr'><strong>ἐργάτης</strong></span> <span class='ocrx_word' id='word_1_344' title='bbox 368 2185 426 2212; x_wconf 75' lang='grc' dir='ltr'><strong>ἐστὶ</strong></span> <span class='ocrx_word' id='word_1_345' title='bbox 439 2185 485 2212; x_wconf 84' lang='grc' dir='ltr'><strong>καί</strong></span> <span class='ocrx_word' id='word_1_346' title='bbox 499 2184 666 2220; x_wconf 81' lang='grc' dir='ltr'><strong>πολεμιστής</strong></span> <span class='ocrx_word' id='word_1_347' title='bbox 680 2185 730 2219; x_wconf 79' lang='lat' dir='ltr'><strong>(a).</strong></span> 
     </span>
    </p>
   </div>
   <div class='ocr_carea' id='block_1_49' title="bbox 207 2228 959 2266">
    <p class='ocr_par' dir='ltr' id='par_1_49' title="bbox 207 2228 959 2266">
     <span class='ocr_line' id='line_1_49' title="bbox 207 2228 959 2266; baseline -0.001 -9"><span class='ocrx_word' id='word_1_348' title='bbox 207 2231 236 2257; x_wconf 72' lang='lat'><strong>2.</strong></span> <span class='ocrx_word' id='word_1_349' title='bbox 260 2229 343 2257; x_wconf 74' lang='grc' dir='ltr'>Εἶπεν</span> <span class='ocrx_word' id='word_1_350' title='bbox 362 2230 377 2256; x_wconf 87' lang='lat'><strong>6</strong></span> <span class='ocrx_word' id='word_1_351' title='bbox 395 2230 482 2261; x_wconf 79' lang='grc' dir='ltr'><strong>ἀϐὁᾶς</strong></span> <span class='ocrx_word' id='word_1_352' title='bbox 503 2230 647 2265; x_wconf 80' lang='grc' dir='ltr'><strong>Μακάριος</strong></span> <span class='ocrx_word' id='word_1_353' title='bbox 670 2228 709 2266; x_wconf 83' lang='grc' dir='ltr'><strong>τῷ</strong></span> <span class='ocrx_word' id='word_1_354' title='bbox 729 2229 801 2266; x_wconf 79' lang='grc' dir='ltr'><strong>ὰσόᾷ</strong></span> <span class='ocrx_word' id='word_1_355' title='bbox 819 2229 959 2266; x_wconf 64' lang='grc' dir='ltr'>Ζαχαρίαν</span> 
     </span>
    </p>
   </div>
   <div class='ocr_carea' id='block_1_50' title="bbox 171 2276 959 2313">
    <p class='ocr_par' dir='ltr' id='par_1_50' title="bbox 171 2276 959 2313">
     <span class='ocr_line' id='line_1_50' title="bbox 171 2276 959 2313; baseline -0.001 -9"><span class='ocrx_word' id='word_1_356' title='bbox 171 2277 235 2305; x_wconf 76' lang='grc' dir='ltr'>εἰπέ</span> <span class='ocrx_word' id='word_1_357' title='bbox 245 2286 291 2313; x_wconf 90' lang='grc' dir='ltr'>μοι</span> <span class='ocrx_word' id='word_1_358' title='bbox 303 2277 334 2304; x_wconf 82' lang='grc' dir='ltr'><strong>τὸ</strong></span> <span class='ocrx_word' id='word_1_359' title='bbox 349 2276 428 2313; x_wconf 78' lang='grc' dir='ltr'>ἔργον</span> <span class='ocrx_word' id='word_1_360' title='bbox 441 2277 488 2304; x_wconf 80' lang='grc' dir='ltr'><strong>τοῦ</strong></span> <span class='ocrx_word' id='word_1_361' title='bbox 504 2277 631 2312; x_wconf 83' lang='grc' dir='ltr'>μοναχοῦ.</span> <span class='ocrx_word' id='word_1_362' title='bbox 649 2277 722 2311; x_wconf 80' lang='grc' dir='ltr'>λέγει</span> <span class='ocrx_word' id='word_1_363' title='bbox 734 2276 817 2312; x_wconf 82' lang='grc' dir='ltr'><strong>αὐτῷ·</strong></span> <span class='ocrx_word' id='word_1_364' title='bbox 832 2277 882 2311; x_wconf 81' lang='grc' dir='ltr'><strong>ἐμὲ</strong></span> <span class='ocrx_word' id='word_1_365' title='bbox 890 2278 959 2312; x_wconf 83' lang='grc' dir='ltr'><strong>ὲρω-</strong></span> 
     </span>
    </p>
   </div>
   <div class='ocr_carea' id='block_1_51' title="bbox 171 2320 962 2359">
    <p class='ocr_par' dir='ltr' id='par_1_51' title="bbox 171 2320 962 2359">
     <span class='ocr_line' id='line_1_51' title="bbox 171 2320 962 2359; baseline -0.003 -9"><span class='ocrx_word' id='word_1_366' title='bbox 171 2324 233 2359; x_wconf 77' lang='grc' dir='ltr'><strong>τᾷς.</strong></span> <span class='ocrx_word' id='word_1_367' title='bbox 252 2324 355 2359; x_wconf 61' lang='lat' dir='ltr'><strong>wing;</strong></span> <span class='ocrx_word' id='word_1_368' title='bbox 375 2323 422 2350; x_wconf 78' lang='grc' dir='ltr'>καὶ</span> <span class='ocrx_word' id='word_1_369' title='bbox 443 2322 518 2357; x_wconf 83' lang='grc' dir='ltr'>λέγει</span> <span class='ocrx_word' id='word_1_370' title='bbox 539 2320 554 2348; x_wconf 87' lang='lat'><strong>6</strong></span> <span class='ocrx_word' id='word_1_371' title='bbox 570 2322 657 2354; x_wconf 79' lang='grc' dir='ltr'><strong>ἀϐϐᾶς</strong></span> <span class='ocrx_word' id='word_1_372' title='bbox 681 2322 837 2358; x_wconf 80' lang='grc' dir='ltr'>Μακάριος·</span> <span class='ocrx_word' id='word_1_373' title='bbox 862 2322 962 2358; x_wconf 84' lang='grc' dir='ltr'>πληρο-</span> 
     </span>
    </p>
   </div>
   <div class='ocr_carea' id='block_1_52' title="bbox 172 2367 961 2406">
    <p class='ocr_par' dir='ltr' id='par_1_52' title="bbox 172 2367 961 2406">
     <span class='ocr_line' id='line_1_52' title="bbox 172 2367 961 2406; baseline -0.003 -10"><span class='ocrx_word' id='word_1_374' title='bbox 172 2370 311 2406; x_wconf 71' lang='grc' dir='ltr'>φοροῦμαι</span> <span class='ocrx_word' id='word_1_375' title='bbox 327 2370 365 2401; x_wconf 85' lang='grc' dir='ltr'><strong>εἰς</strong></span> <span class='ocrx_word' id='word_1_376' title='bbox 381 2369 421 2400; x_wconf 83' lang='grc' dir='ltr'><strong>σὲ,</strong></span> <span class='ocrx_word' id='word_1_377' title='bbox 431 2369 523 2396; x_wconf 84' lang='grc' dir='ltr'>τέκνον</span> <span class='ocrx_word' id='word_1_378' title='bbox 539 2369 670 2404; x_wconf 77' lang='grc' dir='ltr'>Ζαχαρία⁶</span> <span class='ocrx_word' id='word_1_379' title='bbox 688 2368 746 2396; x_wconf 74' lang='grc' dir='ltr'>ἔστι</span> <span class='ocrx_word' id='word_1_380' title='bbox 761 2367 816 2404; x_wconf 85' lang='grc' dir='ltr'>γὰρ</span> <span class='ocrx_word' id='word_1_381' title='bbox 828 2369 843 2395; x_wconf 83' lang='lat'><strong>6</strong></span> <span class='ocrx_word' id='word_1_382' title='bbox 856 2368 961 2396; x_wconf 88' lang='grc' dir='ltr'>νύσσων</span> 
     </span>
    </p>
   </div>
   <div class='ocr_carea' id='block_1_53' title="bbox 174 2414 960 2452">
    <p class='ocr_par' dir='ltr' id='par_1_53' title="bbox 174 2414 960 2452">
     <span class='ocr_line' id='line_1_53' title="bbox 174 2414 960 2452; baseline -0.003 -9"><span class='ocrx_word' id='word_1_383' title='bbox 174 2426 209 2452; x_wconf 86' lang='grc' dir='ltr'>με</span> <span class='ocrx_word' id='word_1_384' title='bbox 222 2416 270 2443; x_wconf 82' lang='grc' dir='ltr'><strong>τοῦ</strong></span> <span class='ocrx_word' id='word_1_385' title='bbox 283 2415 420 2452; x_wconf 78' lang='grc' dir='ltr'><strong>ἐρωτῆσαί</strong></span> <span class='ocrx_word' id='word_1_386' title='bbox 435 2424 474 2442; x_wconf 87' lang='grc' dir='ltr'><strong>σε.</strong></span> <span class='ocrx_word' id='word_1_387' title='bbox 486 2415 559 2450; x_wconf 80' lang='grc' dir='ltr'>λέγει</span> <span class='ocrx_word' id='word_1_388' title='bbox 571 2415 645 2450; x_wconf 85' lang='grc' dir='ltr'><strong>αὺτῷ</strong></span> <span class='ocrx_word' id='word_1_389' title='bbox 658 2416 672 2441; x_wconf 89' lang='grc' dir='ltr'><strong><em>ὸ</em></strong></span> <span class='ocrx_word' id='word_1_390' title='bbox 686 2415 826 2450; x_wconf 80' lang='grc' dir='ltr'>Ζαχαρίας</span> <span class='ocrx_word' id='word_1_391' title='bbox 836 2422 843 2430; x_wconf 93' lang='grc'>·</span> <span class='ocrx_word' id='word_1_392' title='bbox 856 2414 886 2441; x_wconf 81' lang='grc' dir='ltr'><strong>τὸ</strong></span> <span class='ocrx_word' id='word_1_393' title='bbox 901 2415 960 2441; x_wconf 83' lang='grc' dir='ltr'>κατ’</span> 
     </span>
    </p>
   </div>
   <div class='ocr_carea' id='block_1_54' title="bbox 172 2456 962 2498">
    <p class='ocr_par' dir='ltr' id='par_1_54' title="bbox 172 2456 962 2498">
     <span class='ocr_line' id='line_1_54' title="bbox 172 2456 962 2498; baseline -0.003 -10"><span class='ocrx_word' id='word_1_394' title='bbox 172 2463 234 2498; x_wconf 67' lang='grc' dir='ltr'><strong>ἐμὲ,</strong></span> <span class='ocrx_word' id='word_1_395' title='bbox 253 2461 351 2497; x_wconf 83' lang='grc' dir='ltr'><strong>πάτερ.</strong></span> <span class='ocrx_word' id='word_1_396' title='bbox 369 2461 399 2488; x_wconf 81' lang='grc' dir='ltr'><strong>τὸ</strong></span> <span class='ocrx_word' id='word_1_397' title='bbox 423 2461 518 2487; x_wconf 75' lang='grc' dir='ltr'>ἑαυτὸν</span> <span class='ocrx_word' id='word_1_398' title='bbox 543 2460 682 2495; x_wconf 73' lang='grc' dir='ltr'><strong>βιάζεσθαι</strong></span> <span class='ocrx_word' id='word_1_399' title='bbox 701 2461 741 2491; x_wconf 83' lang='grc' dir='ltr'><strong>εἰς</strong></span> <span class='ocrx_word' id='word_1_400' title='bbox 758 2460 865 2493; x_wconf 83' lang='grc' dir='ltr'>πάντα,</span> <span class='ocrx_word' id='word_1_401' title='bbox 885 2456 962 2491; x_wconf 73' lang='grc' dir='ltr'>οὗτός</span> 
     </span>
    </p>
   </div>
   <div class='ocr_carea' id='block_1_55' title="bbox 173 2506 468 2542">
    <p class='ocr_par' dir='ltr' id='par_1_55' title="bbox 173 2506 468 2542">
     <span class='ocr_line' id='line_1_55' title="bbox 173 2506 468 2542; baseline -0.01 -7"><span class='ocrx_word' id='word_1_402' title='bbox 173 2510 248 2535; x_wconf 72' lang='grc' dir='ltr'>ἐστιν</span> <span class='ocrx_word' id='word_1_403' title='bbox 259 2509 274 2534; x_wconf 86' lang='lat'><strong>6</strong></span> <span class='ocrx_word' id='word_1_404' title='bbox 291 2506 406 2542; x_wconf 80' lang='grc' dir='ltr'>μοναχός</span> <span class='ocrx_word' id='word_1_405' title='bbox 421 2506 468 2542; x_wconf 75' lang='lat' dir='ltr'><strong>(l7).</strong></span> 
     </span>
    </p>
   </div>
   <div class='ocr_carea' id='block_1_56' title="bbox 208 2551 964 2588">
    <p class='ocr_par' dir='ltr' id='par_1_56' title="bbox 208 2551 964 2588">
     <span class='ocr_line' id='line_1_56' title="bbox 208 2551 964 2588; baseline -0.007 -6"><span class='ocrx_word' id='word_1_406' title='bbox 208 2556 236 2583; x_wconf 75' lang='lat'><strong>5.</strong></span> <span class='ocrx_word' id='word_1_407' title='bbox 265 2555 295 2581; x_wconf 78' lang='grc'><strong>’0</strong></span> <span class='ocrx_word' id='word_1_408' title='bbox 317 2554 402 2586; x_wconf 76' lang='grc' dir='ltr'><strong>ἀσὸἄς</strong></span> <span class='ocrx_word' id='word_1_409' title='bbox 425 2552 563 2588; x_wconf 79' lang='grc' dir='ltr'><strong>Θεόδωρος</strong></span> <span class='ocrx_word' id='word_1_410' title='bbox 588 2552 603 2578; x_wconf 90' lang='lat'><strong>6</strong></span> <span class='ocrx_word' id='word_1_411' title='bbox 624 2552 674 2587; x_wconf 76' lang='grc' dir='ltr'><strong>τῆς</strong></span> <span class='ocrx_word' id='word_1_412' title='bbox 692 2551 802 2588; x_wconf 78' lang='grc' dir='ltr'><strong>Φέρμης</strong></span> <span class='ocrx_word' id='word_1_413' title='bbox 830 2552 964 2586; x_wconf 80' lang='grc' dir='ltr'><strong>ἐκτήσατο</strong></span> 
     </span>
    </p>
   </div>
   <div class='ocr_carea' id='block_1_57' title="bbox 971 1932 994 1962">
    <p class='ocr_par' dir='ltr' id='par_1_57' title="bbox 971 1932 994 1962">
     <span class='ocr_line' id='line_1_57' title="bbox 971 1932 994 1962; baseline 0 0"><span class='ocrx_word' id='word_1_414' title='bbox 971 1932 994 1962; x_wconf 77' lang='grc' dir='ltr'><strong>α</strong></span> 
     </span>
    </p>
   </div>
   <div class='ocr_carea' id='block_1_58' title="bbox 1006 1296 1796 1347">
    <p class='ocr_par' dir='ltr' id='par_1_58' title="bbox 1006 1296 1796 1347">
     <span class='ocr_line' id='line_1_58' title="bbox 1006 1296 1796 1347; baseline -0.011 -8"><span class='ocrx_word' id='word_1_415' title='bbox 1006 1312 1106 1347; x_wconf 86' lang='lat' dir='ltr'><strong>inquit,</strong></span> <span class='ocrx_word' id='word_1_416' title='bbox 1122 1308 1272 1345; x_wconf 84' lang='lat' dir='ltr'><strong>aliquando</strong></span> <span class='ocrx_word' id='word_1_417' title='bbox 1296 1307 1323 1334; x_wconf 90' lang='lat' dir='ltr'><strong>in</strong></span> <span class='ocrx_word' id='word_1_418' title='bbox 1343 1306 1442 1334; x_wconf 84' lang='lat' dir='ltr'><strong>cellula</strong></span> <span class='ocrx_word' id='word_1_419' title='bbox 1460 1305 1612 1341; x_wconf 77' lang='lat' dir='ltr'><strong>Agathonis</strong></span> <span class='ocrx_word' id='word_1_420' title='bbox 1627 1303 1745 1336; x_wconf 83' lang='lat' dir='ltr'><strong>abbatis,</strong></span> <span class='ocrx_word' id='word_1_421' title='bbox 1761 1296 1796 1330; x_wconf 77' lang='lat' dir='ltr'><strong>ad</strong></span> 
     </span>
    </p>
   </div>
   <div class='ocr_carea' id='block_1_59' title="bbox 1005 1348 1798 1393">
    <p class='ocr_par' dir='ltr' id='par_1_59' title="bbox 1005 1348 1798 1393">
     <span class='ocr_line' id='line_1_59' title="bbox 1005 1348 1798 1393; baseline -0.014 -7"><span class='ocrx_word' id='word_1_422' title='bbox 1005 1364 1086 1393; x_wconf 90' lang='lat' dir='ltr'><strong>quem</strong></span> <span class='ocrx_word' id='word_1_423' title='bbox 1103 1355 1177 1384; x_wconf 86' lang='lat' dir='ltr'><strong>venit</strong></span> <span class='ocrx_word' id='word_1_424' title='bbox 1190 1353 1275 1382; x_wconf 88' lang='lat' dir='ltr'><strong>frater</strong></span> <span class='ocrx_word' id='word_1_425' title='bbox 1288 1353 1382 1380; x_wconf 84' lang='lat' dir='ltr'><strong>dicens</strong></span> <span class='ocrx_word' id='word_1_426' title='bbox 1394 1361 1402 1380; x_wconf 89' lang='lat'><strong>:</strong></span> <span class='ocrx_word' id='word_1_427' title='bbox 1416 1351 1485 1379; x_wconf 84' lang='lat' dir='ltr'><strong>Volo</strong></span> <span class='ocrx_word' id='word_1_428' title='bbox 1498 1350 1622 1378; x_wconf 86' lang='lat' dir='ltr'><strong>habitare</strong></span> <span class='ocrx_word' id='word_1_429' title='bbox 1630 1350 1692 1378; x_wconf 87' lang='lat' dir='ltr'><strong>cum</strong></span> <span class='ocrx_word' id='word_1_430' title='bbox 1705 1348 1798 1376; x_wconf 85' lang='lat' dir='ltr'><strong>fratri-</strong></span> 
     </span>
    </p>
   </div>
   <div class='ocr_carea' id='block_1_60' title="bbox 1006 1392 1798 1437">
    <p class='ocr_par' dir='ltr' id='par_1_60' title="bbox 1006 1392 1798 1437">
     <span class='ocr_line' id='line_1_60' title="bbox 1006 1392 1798 1437; baseline -0.013 -6"><span class='ocrx_word' id='word_1_431' title='bbox 1006 1392 1074 1437; x_wconf 81' lang='lat' dir='ltr'><strong>bus;</strong></span> <span class='ocrx_word' id='word_1_432' title='bbox 1087 1402 1154 1429; x_wconf 89' lang='lat' dir='ltr'><strong>doce</strong></span> <span class='ocrx_word' id='word_1_433' title='bbox 1167 1407 1211 1428; x_wconf 91' lang='lat' dir='ltr'><strong>me</strong></span> <span class='ocrx_word' id='word_1_434' title='bbox 1225 1407 1279 1435; x_wconf 94' lang='lat' dir='ltr'><strong>quo</strong></span> <span class='ocrx_word' id='word_1_435' title='bbox 1291 1404 1370 1434; x_wconf 86' lang='lat' dir='ltr'><strong>pacto</strong></span> <span class='ocrx_word' id='word_1_436' title='bbox 1380 1405 1442 1425; x_wconf 90' lang='lat' dir='ltr'><strong>cum</strong></span> <span class='ocrx_word' id='word_1_437' title='bbox 1458 1397 1493 1425; x_wconf 89' lang='lat' dir='ltr'><strong>iis</strong></span> <span class='ocrx_word' id='word_1_438' title='bbox 1503 1401 1640 1424; x_wconf 85' lang='lat' dir='ltr'><strong>maneam.</strong></span> <span class='ocrx_word' id='word_1_439' title='bbox 1652 1395 1700 1423; x_wconf 83' lang='lat' dir='ltr'><strong>Cui</strong></span> <span class='ocrx_word' id='word_1_440' title='bbox 1712 1392 1798 1423; x_wconf 63' lang='lat' dir='ltr'><strong>senet</strong></span> 
     </span>
    </p>
   </div>
   <div class='ocr_carea' id='block_1_61' title="bbox 1006 1441 1799 1484">
    <p class='ocr_par' dir='ltr' id='par_1_61' title="bbox 1006 1441 1799 1484">
     <span class='ocr_line' id='line_1_61' title="bbox 1006 1441 1799 1484; baseline -0.013 -8"><span class='ocrx_word' id='word_1_441' title='bbox 1006 1446 1146 1484; x_wconf 80' lang='lat' dir='ltr'><strong>respondit</strong></span> <span class='ocrx_word' id='word_1_442' title='bbox 1170 1455 1177 1474; x_wconf 87' lang='lat'><strong>:</strong></span> <span class='ocrx_word' id='word_1_443' title='bbox 1217 1444 1451 1479; x_wconf 87' lang='lat' dir='ltr'><strong>Quemadmodum</strong></span> <span class='ocrx_word' id='word_1_444' title='bbox 1481 1442 1571 1478; x_wconf 85' lang='lat' dir='ltr'><strong>primo</strong></span> <span class='ocrx_word' id='word_1_445' title='bbox 1594 1441 1638 1469; x_wconf 80' lang='lat' dir='ltr'><strong>die</strong></span> <span class='ocrx_word' id='word_1_446' title='bbox 1658 1442 1799 1476; x_wconf 76' lang='lat' dir='ltr'><strong>ingressus</strong></span> 
     </span>
    </p>
   </div>
   <div class='ocr_carea' id='block_1_62' title="bbox 1006 1486 1798 1529">
    <p class='ocr_par' dir='ltr' id='par_1_62' title="bbox 1006 1486 1798 1529">
     <span class='ocr_line' id='line_1_62' title="bbox 1006 1486 1798 1529; baseline -0.014 -6"><span class='ocrx_word' id='word_1_447' title='bbox 1006 1495 1057 1529; x_wconf 90' lang='lat' dir='ltr'><strong>tui,</strong></span> <span class='ocrx_word' id='word_1_448' title='bbox 1082 1494 1124 1522; x_wconf 89' lang='lat' dir='ltr'><strong>sic</strong></span> <span class='ocrx_word' id='word_1_449' title='bbox 1147 1492 1287 1521; x_wconf 85' lang='lat' dir='ltr'><strong>custodito</strong></span> <span class='ocrx_word' id='word_1_450' title='bbox 1313 1490 1464 1526; x_wconf 83' lang='lat' dir='ltr'><strong>hospitium</strong></span> <span class='ocrx_word' id='word_1_451' title='bbox 1493 1492 1571 1516; x_wconf 90' lang='lat' dir='ltr'><strong>tuum</strong></span> <span class='ocrx_word' id='word_1_452' title='bbox 1599 1486 1798 1522; x_wconf 80' lang='lat' dir='ltr'><strong>peregrinatio-</strong></span> 
     </span>
    </p>
   </div>
   <div class='ocr_carea' id='block_1_63' title="bbox 1006 1531 1799 1576">
    <p class='ocr_par' dir='ltr' id='par_1_63' title="bbox 1006 1531 1799 1576">
     <span class='ocr_line' id='line_1_63' title="bbox 1006 1531 1799 1576; baseline -0.015 -7"><span class='ocrx_word' id='word_1_453' title='bbox 1006 1547 1123 1576; x_wconf 91' lang='lat' dir='ltr'><strong>nemque</strong></span> <span class='ocrx_word' id='word_1_454' title='bbox 1136 1537 1244 1567; x_wconf 84' lang='lat' dir='ltr'><strong>cunctis</strong></span> <span class='ocrx_word' id='word_1_455' title='bbox 1255 1537 1353 1565; x_wconf 81' lang='lat' dir='ltr'><strong>diebus</strong></span> <span class='ocrx_word' id='word_1_456' title='bbox 1367 1536 1441 1564; x_wconf 85' lang='lat' dir='ltr'><strong>vitae</strong></span> <span class='ocrx_word' id='word_1_457' title='bbox 1456 1539 1531 1567; x_wconf 81' lang='lat' dir='ltr'><strong>tuac,</strong></span> <span class='ocrx_word' id='word_1_458' title='bbox 1557 1533 1594 1561; x_wconf 88' lang='lat' dir='ltr'><strong>ita</strong></span> <span class='ocrx_word' id='word_1_459' title='bbox 1613 1532 1643 1560; x_wconf 83' lang='lat' dir='ltr'><strong>&#39;ut</strong></span> <span class='ocrx_word' id='word_1_460' title='bbox 1660 1539 1725 1568; x_wconf 77' lang='lat' dir='ltr'><strong>erga</strong></span> <span class='ocrx_word' id='word_1_461' title='bbox 1734 1531 1799 1576; x_wconf 75' lang='lat' dir='ltr'><strong>illos</strong></span> 
     </span>
    </p>
   </div>
   <div class='ocr_carea' id='block_1_64' title="bbox 1007 1575 1800 1614">
    <p class='ocr_par' dir='ltr' id='par_1_64' title="bbox 1007 1575 1800 1614">
     <span class='ocr_line' id='line_1_64' title="bbox 1007 1575 1800 1614; baseline -0.015 0"><span class='ocrx_word' id='word_1_462' title='bbox 1007 1594 1062 1614; x_wconf 94' lang='lat' dir='ltr'><strong>non</strong></span> <span class='ocrx_word' id='word_1_463' title='bbox 1076 1575 1164 1613; x_wconf 83' lang='lat' dir='ltr'><strong>utaris</strong></span> <span class='ocrx_word' id='word_1_464' title='bbox 1179 1583 1289 1612; x_wconf 87' lang='lat' dir='ltr'><strong>ﬁducia.</strong></span> <span class='ocrx_word' id='word_1_465' title='bbox 1316 1582 1362 1610; x_wconf 88' lang='lat' dir='ltr'><strong>Ait</strong></span> <span class='ocrx_word' id='word_1_466' title='bbox 1384 1581 1410 1609; x_wconf 93' lang='lat' dir='ltr'><strong>ei</strong></span> <span class='ocrx_word' id='word_1_467' title='bbox 1433 1579 1570 1608; x_wconf 83' lang='lat' dir='ltr'><strong>Macarius</strong></span> <span class='ocrx_word' id='word_1_468' title='bbox 1592 1578 1679 1606; x_wconf 86' lang='lat' dir='ltr'><strong>abbas</strong></span> <span class='ocrx_word' id='word_1_469' title='bbox 1699 1586 1705 1604; x_wconf 93' lang='lat'><strong>:</strong></span> <span class='ocrx_word' id='word_1_470' title='bbox 1727 1575 1800 1609; x_wconf 87' lang='lat' dir='ltr'><strong>Quid</strong></span> 
     </span>
    </p>
   </div>
   <div class='ocr_carea' id='block_1_65' title="bbox 1006 1621 1798 1658">
    <p class='ocr_par' dir='ltr' id='par_1_65' title="bbox 1006 1621 1798 1658">
     <span class='ocr_line' id='line_1_65' title="bbox 1006 1621 1798 1658; baseline -0.013 0"><span class='ocrx_word' id='word_1_471' title='bbox 1006 1630 1079 1658; x_wconf 91' lang='lat' dir='ltr'><strong>enim</strong></span> <span class='ocrx_word' id='word_1_472' title='bbox 1091 1629 1175 1658; x_wconf 88' lang='lat' dir='ltr'><strong>efﬁcit</strong></span> <span class='ocrx_word' id='word_1_473' title='bbox 1190 1627 1307 1656; x_wconf 76' lang='lat' dir='ltr'><strong>ﬁducia?</strong></span> <span class='ocrx_word' id='word_1_474' title='bbox 1323 1626 1375 1654; x_wconf 90' lang='lat' dir='ltr'><strong>Cui</strong></span> <span class='ocrx_word' id='word_1_475' title='bbox 1391 1634 1475 1654; x_wconf 82' lang='lat' dir='ltr'><strong>senex</strong></span> <span class='ocrx_word' id='word_1_476' title='bbox 1488 1634 1494 1653; x_wconf 87' lang='lat'><strong>:</strong></span> <span class='ocrx_word' id='word_1_477' title='bbox 1509 1623 1614 1652; x_wconf 87' lang='lat' dir='ltr'><strong>Similis</strong></span> <span class='ocrx_word' id='word_1_478' title='bbox 1629 1627 1682 1656; x_wconf 87' lang='lat' dir='ltr'><strong>est,</strong></span> <span class='ocrx_word' id='word_1_479' title='bbox 1698 1621 1798 1658; x_wconf 74' lang='lat' dir='ltr'><strong>inquit,</strong></span> 
     </span>
    </p>
   </div>
   <div class='ocr_carea' id='block_1_66' title="bbox 1008 1668 1801 1710">
    <p class='ocr_par' dir='ltr' id='par_1_66' title="bbox 1008 1668 1801 1710">
     <span class='ocr_line' id='line_1_66' title="bbox 1008 1668 1801 1710; baseline -0.011 -6"><span class='ocrx_word' id='word_1_480' title='bbox 1008 1676 1107 1705; x_wconf 86' lang='lat' dir='ltr'><strong>ﬁducia</strong></span> <span class='ocrx_word' id='word_1_481' title='bbox 1118 1675 1206 1704; x_wconf 89' lang='lat' dir='ltr'><strong>aestui</strong></span> <span class='ocrx_word' id='word_1_482' title='bbox 1219 1681 1326 1710; x_wconf 77' lang='lat' dir='ltr'><strong>magno,</strong></span> <span class='ocrx_word' id='word_1_483' title='bbox 1338 1674 1385 1710; x_wconf 89' lang='lat' dir='ltr'><strong>qui</strong></span> <span class='ocrx_word' id='word_1_484' title='bbox 1398 1672 1510 1709; x_wconf 91' lang='lat' dir='ltr'><strong>quando</strong></span> <span class='ocrx_word' id='word_1_485' title='bbox 1525 1670 1682 1705; x_wconf 83' lang='lat' dir='ltr'><strong>contigerit,</strong></span> <span class='ocrx_word' id='word_1_486' title='bbox 1690 1668 1801 1704; x_wconf 75' lang='lat' dir='ltr'><strong>fugiunt</strong></span> 
     </span>
    </p>
   </div>
   <div class='ocr_carea' id='block_1_67' title="bbox 1007 1716 1800 1756">
    <p class='ocr_par' dir='ltr' id='par_1_67' title="bbox 1007 1716 1800 1756">
     <span class='ocr_line' id='line_1_67' title="bbox 1007 1716 1800 1756; baseline -0.014 -4"><span class='ocrx_word' id='word_1_487' title='bbox 1007 1731 1104 1752; x_wconf 91' lang='lat' dir='ltr'><strong>omnes</strong></span> <span class='ocrx_word' id='word_1_488' title='bbox 1122 1729 1138 1750; x_wconf 86' lang='lat' dir='ltr'><strong>a</strong></span> <span class='ocrx_word' id='word_1_489' title='bbox 1157 1722 1227 1749; x_wconf 85' lang='lat' dir='ltr'><strong>facie</strong></span> <span class='ocrx_word' id='word_1_490' title='bbox 1243 1722 1314 1755; x_wconf 81' lang='lat' dir='ltr'><strong>eius,</strong></span> <span class='ocrx_word' id='word_1_491' title='bbox 1325 1721 1428 1756; x_wconf 88' lang='lat' dir='ltr'><strong>quique</strong></span> <span class='ocrx_word' id='word_1_492' title='bbox 1456 1719 1584 1747; x_wconf 85' lang='lat' dir='ltr'><strong>arborum</strong></span> <span class='ocrx_word' id='word_1_493' title='bbox 1605 1716 1712 1744; x_wconf 89' lang='lat' dir='ltr'><strong>fructus</strong></span> <span class='ocrx_word' id='word_1_494' title='bbox 1737 1721 1800 1742; x_wconf 84' lang='lat' dir='ltr'><strong>cor-</strong></span> 
     </span>
    </p>
   </div>
   <div class='ocr_carea' id='block_1_68' title="bbox 1007 1759 1801 1804">
    <p class='ocr_par' dir='ltr' id='par_1_68' title="bbox 1007 1759 1801 1804">
     <span class='ocr_line' id='line_1_68' title="bbox 1007 1759 1801 1804; baseline -0.013 -8"><span class='ocrx_word' id='word_1_495' title='bbox 1007 1768 1121 1804; x_wconf 85' lang='lat' dir='ltr'><strong>rumpit.</strong></span> <span class='ocrx_word' id='word_1_496' title='bbox 1152 1765 1226 1794; x_wconf 86' lang='lat' dir='ltr'><strong>Dicit</strong></span> <span class='ocrx_word' id='word_1_497' title='bbox 1257 1766 1394 1794; x_wconf 85' lang='lat' dir='ltr'><strong>Macarius</strong></span> <span class='ocrx_word' id='word_1_498' title='bbox 1416 1763 1531 1793; x_wconf 83' lang='lat' dir='ltr'><strong>abbas:</strong></span> <span class='ocrx_word' id='word_1_499' title='bbox 1567 1762 1679 1790; x_wconf 78' lang='lat' dir='ltr'><strong>Adeone</strong></span> <span class='ocrx_word' id='word_1_500' title='bbox 1714 1759 1801 1788; x_wconf 83' lang='lat' dir='ltr'><strong>saevit</strong></span> 
     </span>
    </p>
   </div>
   <div class='ocr_carea' id='block_1_69' title="bbox 1008 1805 1800 1850">
    <p class='ocr_par' dir='ltr' id='par_1_69' title="bbox 1008 1805 1800 1850">
     <span class='ocr_line' id='line_1_69' title="bbox 1008 1805 1800 1850; baseline -0.013 -7"><span class='ocrx_word' id='word_1_501' title='bbox 1008 1814 1129 1843; x_wconf 79' lang='lat' dir='ltr'><strong>ﬁducia?</strong></span> <span class='ocrx_word' id='word_1_502' title='bbox 1144 1814 1250 1850; x_wconf 74' lang='lat' dir='ltr'><strong>Agatho</strong></span> <span class='ocrx_word' id='word_1_503' title='bbox 1263 1812 1368 1841; x_wconf 82' lang='lat' dir='ltr'><strong>abbas:</strong></span> <span class='ocrx_word' id='word_1_504' title='bbox 1386 1809 1485 1840; x_wconf 85' lang='lat' dir='ltr'><strong>Nullus</strong></span> <span class='ocrx_word' id='word_1_505' title='bbox 1501 1814 1555 1843; x_wconf 67' lang='lat' dir='ltr'><strong>eet,</strong></span> <span class='ocrx_word' id='word_1_506' title='bbox 1573 1808 1672 1844; x_wconf 82' lang='lat' dir='ltr'><strong>inquit,</strong></span> <span class='ocrx_word' id='word_1_507' title='bbox 1685 1805 1800 1834; x_wconf 66' lang='lat' dir='ltr'><strong>affectus</strong></span> 
     </span>
    </p>
   </div>
   <div class='ocr_carea' id='block_1_70' title="bbox 1008 1851 1800 1893">
    <p class='ocr_par' dir='ltr' id='par_1_70' title="bbox 1008 1851 1800 1893">
     <span class='ocr_line' id='line_1_70' title="bbox 1008 1851 1800 1893; baseline -0.013 -4"><span class='ocrx_word' id='word_1_508' title='bbox 1008 1861 1115 1889; x_wconf 81' lang='lat' dir='ltr'><strong>saevior</strong></span> <span class='ocrx_word' id='word_1_509' title='bbox 1140 1860 1251 1888; x_wconf 88' lang='lat' dir='ltr'><strong>ﬁducia.</strong></span> <span class='ocrx_word' id='word_1_510' title='bbox 1280 1856 1409 1887; x_wconf 89' lang='lat' dir='ltr'><strong>Omnium</strong></span> <span class='ocrx_word' id='word_1_511' title='bbox 1436 1857 1539 1893; x_wconf 88' lang='lat' dir='ltr'><strong>quippe</strong></span> <span class='ocrx_word' id='word_1_512' title='bbox 1561 1851 1800 1892; x_wconf 84' lang='lat' dir='ltr'><strong>perturbationum</strong></span> 
     </span>
    </p>
   </div>
   <div class='ocr_carea' id='block_1_71' title="bbox 1008 1899 1800 1935">
    <p class='ocr_par' dir='ltr' id='par_1_71' title="bbox 1008 1899 1800 1935">
     <span class='ocr_line' id='line_1_71' title="bbox 1008 1899 1800 1935; baseline -0.014 0"><span class='ocrx_word' id='word_1_513' title='bbox 1008 1910 1097 1935; x_wconf 88' lang='lat' dir='ltr'><strong>mater</strong></span> <span class='ocrx_word' id='word_1_514' title='bbox 1113 1910 1165 1934; x_wconf 90' lang='lat' dir='ltr'><strong>est.</strong></span> <span class='ocrx_word' id='word_1_515' title='bbox 1192 1905 1275 1933; x_wconf 89' lang='lat' dir='ltr'><strong>Decet</strong></span> <span class='ocrx_word' id='word_1_516' title='bbox 1296 1908 1386 1932; x_wconf 88' lang='lat' dir='ltr'><strong>autem</strong></span> <span class='ocrx_word' id='word_1_517' title='bbox 1407 1904 1539 1932; x_wconf 87' lang='lat' dir='ltr'><strong>cultorem</strong></span> <span class='ocrx_word' id='word_1_518' title='bbox 1567 1901 1611 1929; x_wconf 88' lang='lat' dir='ltr'><strong>sui</strong></span> <span class='ocrx_word' id='word_1_519' title='bbox 1634 1899 1733 1927; x_wconf 85' lang='lat' dir='ltr'><strong>ﬁducia</strong></span> <span class='ocrx_word' id='word_1_520' title='bbox 1751 1905 1800 1925; x_wconf 46' lang='lat' dir='ltr'><strong>cae</strong></span> 
     </span>
    </p>
   </div>
   <div class='ocr_carea' id='block_1_72' title="bbox 1009 1943 1801 1987">
    <p class='ocr_par' dir='ltr' id='par_1_72' title="bbox 1009 1943 1801 1987">
     <span class='ocr_line' id='line_1_72' title="bbox 1009 1943 1801 1987; baseline -0.013 -6"><span class='ocrx_word' id='word_1_521' title='bbox 1009 1961 1082 1987; x_wconf 90' lang='lat' dir='ltr'><strong>rere,</strong></span> <span class='ocrx_word' id='word_1_522' title='bbox 1096 1952 1206 1981; x_wconf 82' lang='lat' dir='ltr'><strong>etiamsi</strong></span> <span class='ocrx_word' id='word_1_523' title='bbox 1229 1952 1306 1980; x_wconf 91' lang='lat' dir='ltr'><strong>solus</strong></span> <span class='ocrx_word' id='word_1_524' title='bbox 1321 1951 1350 1978; x_wconf 88' lang='lat' dir='ltr'><strong>in</strong></span> <span class='ocrx_word' id='word_1_525' title='bbox 1374 1951 1443 1979; x_wconf 89' lang='lat' dir='ltr'><strong>cella</strong></span> <span class='ocrx_word' id='word_1_526' title='bbox 1457 1952 1591 1977; x_wconf 84' lang='lat' dir='ltr'><strong>versetur.</strong></span> <span class='ocrx_word' id='word_1_527' title='bbox 1613 1946 1682 1974; x_wconf 87' lang='lat' dir='ltr'><strong>Novi</strong></span> <span class='ocrx_word' id='word_1_528' title='bbox 1697 1943 1801 1973; x_wconf 88' lang='lat' dir='ltr'><strong>etenim</strong></span> 
     </span>
    </p>
   </div>
   <div class='ocr_carea' id='block_1_73' title="bbox 1010 1990 1801 2034">
    <p class='ocr_par' dir='ltr' id='par_1_73' title="bbox 1010 1990 1801 2034">
     <span class='ocr_line' id='line_1_73' title="bbox 1010 1990 1801 2034; baseline -0.013 -7"><span class='ocrx_word' id='word_1_529' title='bbox 1010 2000 1133 2033; x_wconf 86' lang='lat' dir='ltr'><strong>fratrem,</strong></span> <span class='ocrx_word' id='word_1_530' title='bbox 1152 1998 1199 2034; x_wconf 91' lang='lat' dir='ltr'><strong>qui</strong></span> <span class='ocrx_word' id='word_1_531' title='bbox 1221 1998 1268 2025; x_wconf 92' lang='lat' dir='ltr'><strong>diu</strong></span> <span class='ocrx_word' id='word_1_532' title='bbox 1284 1998 1312 2025; x_wconf 92' lang='lat' dir='ltr'><strong>in</strong></span> <span class='ocrx_word' id='word_1_533' title='bbox 1333 1996 1434 2025; x_wconf 89' lang='lat' dir='ltr'><strong>cellula</strong></span> <span class='ocrx_word' id='word_1_534' title='bbox 1453 1996 1678 2032; x_wconf 80' lang='lat' dir='ltr'><strong>persevera‘verat</strong></span> <span class='ocrx_word' id='word_1_535' title='bbox 1695 1990 1801 2018; x_wconf 80' lang='lat' dir='ltr'><strong>habens</strong></span> 
     </span>
    </p>
   </div>
   <div class='ocr_carea' id='block_1_74' title="bbox 1009 2040 1802 2078">
    <p class='ocr_par' dir='ltr' id='par_1_74' title="bbox 1009 2040 1802 2078">
     <span class='ocr_line' id='line_1_74' title="bbox 1009 2040 1802 2078; baseline -0.016 -3"><span class='ocrx_word' id='word_1_536' title='bbox 1009 2047 1149 2078; x_wconf 90' lang='lat' dir='ltr'><strong>lectulum,</strong></span> <span class='ocrx_word' id='word_1_537' title='bbox 1174 2045 1277 2073; x_wconf 76' lang='lat' dir='ltr'><strong>dixisse</strong></span> <span class='ocrx_word' id='word_1_538' title='bbox 1293 2052 1300 2071; x_wconf 91' lang='lat'><strong>:</strong></span> <span class='ocrx_word' id='word_1_539' title='bbox 1315 2043 1339 2071; x_wconf 89' lang='lat' dir='ltr'><strong>E</strong></span> <span class='ocrx_word' id='word_1_540' title='bbox 1356 2043 1426 2071; x_wconf 87' lang='lat' dir='ltr'><strong>cella</strong></span> <span class='ocrx_word' id='word_1_541' title='bbox 1442 2040 1634 2076; x_wconf 80' lang='lat' dir='ltr'><strong>cmigrassem,</strong></span> <span class='ocrx_word' id='word_1_542' title='bbox 1658 2044 1714 2065; x_wconf 89' lang='lat' dir='ltr'><strong>non</strong></span> <span class='ocrx_word' id='word_1_543' title='bbox 1737 2042 1802 2072; x_wconf 86' lang='lat' dir='ltr'><strong>per-</strong></span> 
     </span>
    </p>
   </div>
   <div class='ocr_carea' id='block_1_75' title="bbox 1009 2081 1800 2128">
    <p class='ocr_par' dir='ltr' id='par_1_75' title="bbox 1009 2081 1800 2128">
     <span class='ocr_line' id='line_1_75' title="bbox 1009 2081 1800 2128; baseline -0.014 -7"><span class='ocrx_word' id='word_1_544' title='bbox 1009 2097 1089 2128; x_wconf 88' lang='lat' dir='ltr'><strong>cepto</strong></span> <span class='ocrx_word' id='word_1_545' title='bbox 1108 2092 1154 2120; x_wconf 94' lang='lat' dir='ltr'><strong>illo</strong></span> <span class='ocrx_word' id='word_1_546' title='bbox 1170 2091 1282 2124; x_wconf 81' lang='lat' dir='ltr'><strong>lectulo,</strong></span> <span class='ocrx_word' id='word_1_547' title='bbox 1305 2089 1359 2117; x_wconf 85' lang='lat' dir='ltr'><strong>nisi</strong></span> <span class='ocrx_word' id='word_1_548' title='bbox 1381 2089 1452 2116; x_wconf 82' lang='lat' dir='ltr'><strong>alius</strong></span> <span class='ocrx_word' id='word_1_549' title='bbox 1474 2086 1628 2114; x_wconf 73' lang='lat' dir='ltr'><strong>monuisset</strong></span> <span class='ocrx_word' id='word_1_550' title='bbox 1648 2091 1702 2112; x_wconf 90' lang='lat' dir='ltr'><strong>me.</strong></span> <span class='ocrx_word' id='word_1_551' title='bbox 1725 2081 1800 2110; x_wconf 76' lang='lat' dir='ltr'><strong>Talis</strong></span> 
     </span>
    </p>
   </div>
   <div class='ocr_carea' id='block_1_76' title="bbox 1011 2134 1579 2172">
    <p class='ocr_par' dir='ltr' id='par_1_76' title="bbox 1011 2134 1579 2172">
     <span class='ocr_line' id='line_1_76' title="bbox 1011 2134 1579 2172; baseline -0.012 -5"><span class='ocrx_word' id='word_1_552' title='bbox 1011 2144 1101 2167; x_wconf 88' lang='lat' dir='ltr'><strong>autem</strong></span> <span class='ocrx_word' id='word_1_553' title='bbox 1115 2145 1180 2166; x_wconf 86' lang='lat' dir='ltr'><strong>vere</strong></span> <span class='ocrx_word' id='word_1_554' title='bbox 1193 2141 1235 2166; x_wconf 82' lang='lat' dir='ltr'><strong>est</strong></span> <span class='ocrx_word' id='word_1_555' title='bbox 1248 2135 1392 2172; x_wconf 87' lang='lat' dir='ltr'><strong>operarius</strong></span> <span class='ocrx_word' id='word_1_556' title='bbox 1407 2138 1435 2163; x_wconf 88' lang='lat' dir='ltr'><strong>et</strong></span> <span class='ocrx_word' id='word_1_557' title='bbox 1453 2134 1579 2162; x_wconf 87' lang='lat' dir='ltr'><strong>bellator.</strong></span> 
     </span>
    </p>
   </div>
   <div class='ocr_carea' id='block_1_77' title="bbox 1045 2221 1801 2258">
    <p class='ocr_par' dir='ltr' id='par_1_77' title="bbox 1045 2221 1801 2258">
     <span class='ocr_line' id='line_1_77' title="bbox 1045 2221 1801 2258; baseline -0.013 0"><span class='ocrx_word' id='word_1_558' title='bbox 1045 2231 1072 2258; x_wconf 78' lang='lat'><strong>2.</strong></span> <span class='ocrx_word' id='word_1_559' title='bbox 1091 2230 1229 2258; x_wconf 90' lang='lat' dir='ltr'><strong>Macarius</strong></span> <span class='ocrx_word' id='word_1_560' title='bbox 1243 2229 1329 2257; x_wconf 86' lang='lat' dir='ltr'><strong>abbas</strong></span> <span class='ocrx_word' id='word_1_561' title='bbox 1343 2226 1495 2255; x_wconf 83' lang='lat' dir='ltr'><strong>Zachariae</strong></span> <span class='ocrx_word' id='word_1_562' title='bbox 1514 2224 1605 2253; x_wconf 87' lang='lat' dir='ltr'><strong>abbati</strong></span> <span class='ocrx_word' id='word_1_563' title='bbox 1624 2233 1630 2251; x_wconf 88' lang='lat'><strong>:</strong></span> <span class='ocrx_word' id='word_1_564' title='bbox 1652 2223 1700 2250; x_wconf 91' lang='lat' dir='ltr'><strong>Dic</strong></span> <span class='ocrx_word' id='word_1_565' title='bbox 1722 2221 1801 2254; x_wconf 82' lang='lat' dir='ltr'><strong>mihi,</strong></span> 
     </span>
    </p>
   </div>
   <div class='ocr_carea' id='block_1_78' title="bbox 1012 2271 1802 2313">
    <p class='ocr_par' dir='ltr' id='par_1_78' title="bbox 1012 2271 1802 2313">
     <span class='ocr_line' id='line_1_78' title="bbox 1012 2271 1802 2313; baseline -0.013 -8"><span class='ocrx_word' id='word_1_566' title='bbox 1012 2276 1110 2313; x_wconf 82' lang='lat' dir='ltr'><strong>inquit.</strong></span> <span class='ocrx_word' id='word_1_567' title='bbox 1124 2285 1194 2312; x_wconf 86' lang='lat' dir='ltr'><strong>opus</strong></span> <span class='ocrx_word' id='word_1_568' title='bbox 1211 2275 1348 2303; x_wconf 89' lang='lat' dir='ltr'><strong>monachi.</strong></span> <span class='ocrx_word' id='word_1_569' title='bbox 1360 2274 1405 2301; x_wconf 87' lang='lat' dir='ltr'><strong>Ait</strong></span> <span class='ocrx_word' id='word_1_570' title='bbox 1416 2273 1440 2302; x_wconf 88' lang='lat' dir='ltr'><strong>ei</strong></span> <span class='ocrx_word' id='word_1_571' title='bbox 1460 2281 1468 2300; x_wconf 90' lang='lat'><strong>:</strong></span> <span class='ocrx_word' id='word_1_572' title='bbox 1487 2272 1565 2299; x_wconf 90' lang='lat' dir='ltr'><strong>Tune</strong></span> <span class='ocrx_word' id='word_1_573' title='bbox 1579 2279 1622 2299; x_wconf 89' lang='lat' dir='ltr'><strong>me</strong></span> <span class='ocrx_word' id='word_1_574' title='bbox 1638 2271 1802 2304; x_wconf 83' lang='lat' dir='ltr'><strong>interrogas,</strong></span> 
     </span>
    </p>
   </div>
   <div class='ocr_carea' id='block_1_79' title="bbox 1011 2314 1802 2360">
    <p class='ocr_par' dir='ltr' id='par_1_79' title="bbox 1011 2314 1802 2360">
     <span class='ocr_line' id='line_1_79' title="bbox 1011 2314 1802 2360; baseline -0.013 -10"><span class='ocrx_word' id='word_1_575' title='bbox 1011 2323 1107 2360; x_wconf 88' lang='lat' dir='ltr'><strong>pater?</strong></span> <span class='ocrx_word' id='word_1_576' title='bbox 1127 2324 1196 2350; x_wconf 85' lang='lat' dir='ltr'><strong>Tum</strong></span> <span class='ocrx_word' id='word_1_577' title='bbox 1213 2322 1350 2349; x_wconf 87' lang='lat' dir='ltr'><strong>Macarius</strong></span> <span class='ocrx_word' id='word_1_578' title='bbox 1370 2321 1456 2348; x_wconf 84' lang='lat' dir='ltr'><strong>abbas</strong></span> <span class='ocrx_word' id='word_1_579' title='bbox 1475 2329 1482 2348; x_wconf 92' lang='lat'><strong>:</strong></span> <span class='ocrx_word' id='word_1_580' title='bbox 1504 2317 1542 2347; x_wconf 85' lang='lat' dir='ltr'><strong>De</strong></span> <span class='ocrx_word' id='word_1_581' title='bbox 1557 2322 1593 2349; x_wconf 87' lang='lat' dir='ltr'><strong>te,</strong></span> <span class='ocrx_word' id='word_1_582' title='bbox 1618 2316 1717 2352; x_wconf 91' lang='lat' dir='ltr'><strong>inquit,</strong></span> <span class='ocrx_word' id='word_1_583' title='bbox 1735 2314 1802 2341; x_wconf 88' lang='lat' dir='ltr'><strong>mihi</strong></span> 
     </span>
    </p>
   </div>
   <div class='ocr_carea' id='block_1_80' title="bbox 1010 2361 1800 2405">
    <p class='ocr_par' dir='ltr' id='par_1_80' title="bbox 1010 2361 1800 2405">
     <span class='ocr_line' id='line_1_80' title="bbox 1010 2361 1800 2405; baseline -0.014 -7"><span class='ocrx_word' id='word_1_584' title='bbox 1010 2377 1174 2405; x_wconf 87' lang='lat' dir='ltr'><strong>persuasum</strong></span> <span class='ocrx_word' id='word_1_585' title='bbox 1184 2373 1236 2401; x_wconf 83' lang='lat' dir='ltr'><strong>est,</strong></span> <span class='ocrx_word' id='word_1_586' title='bbox 1250 2369 1287 2396; x_wconf 87' lang='lat' dir='ltr'><strong>ﬁli</strong></span> <span class='ocrx_word' id='word_1_587' title='bbox 1298 2367 1440 2396; x_wconf 87' lang='lat' dir='ltr'><strong>Zacharia.</strong></span> <span class='ocrx_word' id='word_1_588' title='bbox 1453 2366 1500 2393; x_wconf 84' lang='lat' dir='ltr'><strong>Est</strong></span> <span class='ocrx_word' id='word_1_589' title='bbox 1509 2365 1582 2393; x_wconf 91' lang='lat' dir='ltr'><strong>enim</strong></span> <span class='ocrx_word' id='word_1_590' title='bbox 1591 2363 1637 2398; x_wconf 93' lang='lat' dir='ltr'><strong>qui</strong></span> <span class='ocrx_word' id='word_1_591' title='bbox 1651 2370 1694 2390; x_wconf 88' lang='lat' dir='ltr'><strong>me</strong></span> <span class='ocrx_word' id='word_1_592' title='bbox 1702 2361 1800 2397; x_wconf 80' lang='lat' dir='ltr'><strong>pulsat.</strong></span> 
     </span>
    </p>
   </div>
   <div class='ocr_carea' id='block_1_81' title="bbox 1013 2409 1803 2449">
    <p class='ocr_par' dir='ltr' id='par_1_81' title="bbox 1013 2409 1803 2449">
     <span class='ocr_line' id='line_1_81' title="bbox 1013 2409 1803 2449; baseline -0.013 -7"><span class='ocrx_word' id='word_1_593' title='bbox 1013 2419 1043 2442; x_wconf 94' lang='lat' dir='ltr'><strong>ut</strong></span> <span class='ocrx_word' id='word_1_594' title='bbox 1067 2415 1231 2449; x_wconf 71' lang='lat' dir='ltr'><strong>interrogem</strong></span> <span class='ocrx_word' id='word_1_595' title='bbox 1248 2417 1286 2442; x_wconf 89' lang='lat' dir='ltr'><strong>tc.</strong></span> <span class='ocrx_word' id='word_1_596' title='bbox 1307 2413 1460 2441; x_wconf 88' lang='lat' dir='ltr'><strong>Zacharius</strong></span> <span class='ocrx_word' id='word_1_597' title='bbox 1470 2412 1542 2439; x_wconf 91' lang='lat' dir='ltr'><strong>hanc</strong></span> <span class='ocrx_word' id='word_1_598' title='bbox 1560 2409 1673 2445; x_wconf 90' lang='lat' dir='ltr'><strong>protulit</strong></span> <span class='ocrx_word' id='word_1_599' title='bbox 1692 2411 1803 2434; x_wconf 87' lang='lat' dir='ltr'><strong>senten-</strong></span> 
     </span>
    </p>
   </div>
   <div class='ocr_carea' id='block_1_82' title="bbox 1013 2452 1800 2495">
    <p class='ocr_par' dir='ltr' id='par_1_82' title="bbox 1013 2452 1800 2495">
     <span class='ocr_line' id='line_1_82' title="bbox 1013 2452 1800 2495; baseline -0.01 -8"><span class='ocrx_word' id='word_1_600' title='bbox 1013 2461 1079 2487; x_wconf 85' lang='lat' dir='ltr'><strong>tiam</strong></span> <span class='ocrx_word' id='word_1_601' title='bbox 1096 2470 1102 2488; x_wconf 93' lang='lat'><strong>:</strong></span> <span class='ocrx_word' id='word_1_602' title='bbox 1120 2459 1258 2493; x_wconf 84' lang='lat' dir='ltr'><strong>Quantum</strong></span> <span class='ocrx_word' id='word_1_603' title='bbox 1270 2467 1321 2495; x_wconf 75' lang='lat' dir='ltr'><strong>ego</strong></span> <span class='ocrx_word' id='word_1_604' title='bbox 1343 2459 1454 2495; x_wconf 84' lang='lat' dir='ltr'><strong>quidem</strong></span> <span class='ocrx_word' id='word_1_605' title='bbox 1476 2457 1622 2487; x_wconf 75' lang='lat' dir='ltr'><strong>existimo.</strong></span> <span class='ocrx_word' id='word_1_606' title='bbox 1638 2457 1731 2490; x_wconf 88' lang='lat' dir='ltr'><strong>pater,</strong></span> <span class='ocrx_word' id='word_1_607' title='bbox 1753 2452 1800 2488; x_wconf 92' lang='lat' dir='ltr'><strong>qui</strong></span> 
     </span>
    </p>
   </div>
   <div class='ocr_carea' id='block_1_83' title="bbox 1014 2499 1731 2541">
    <p class='ocr_par' dir='ltr' id='par_1_83' title="bbox 1014 2499 1731 2541">
     <span class='ocr_line' id='line_1_83' title="bbox 1014 2499 1731 2541; baseline -0.011 -7"><span class='ocrx_word' id='word_1_608' title='bbox 1014 2514 1044 2534; x_wconf 77' lang='lat' dir='ltr'><strong>se</strong></span> <span class='ocrx_word' id='word_1_609' title='bbox 1056 2507 1145 2541; x_wconf 89' lang='lat' dir='ltr'><strong>ipsum</strong></span> <span class='ocrx_word' id='word_1_610' title='bbox 1161 2506 1234 2541; x_wconf 77' lang='lat' dir='ltr'><strong>cogit</strong></span> <span class='ocrx_word' id='word_1_611' title='bbox 1253 2505 1286 2533; x_wconf 85' lang='lat' dir='ltr'><strong>ad</strong></span> <span class='ocrx_word' id='word_1_612' title='bbox 1299 2506 1402 2537; x_wconf 86' lang='lat' dir='ltr'><strong>omnia,</strong></span> <span class='ocrx_word' id='word_1_613' title='bbox 1421 2505 1445 2532; x_wconf 86' lang='lat' dir='ltr'><strong>is</strong></span> <span class='ocrx_word' id='word_1_614' title='bbox 1458 2508 1500 2532; x_wconf 90' lang='lat' dir='ltr'><strong>est</strong></span> <span class='ocrx_word' id='word_1_615' title='bbox 1517 2501 1669 2530; x_wconf 87' lang='lat' dir='ltr'><strong>monachus</strong></span> <span class='ocrx_word' id='word_1_616' title='bbox 1683 2499 1731 2536; x_wconf 72' lang='grc' dir='ltr'><strong>(ὁ).</strong></span> 
     </span>
    </p>
   </div>
   <div class='ocr_carea' id='block_1_84' title="bbox 1050 2544 1802 2579">
    <p class='ocr_par' dir='ltr' id='par_1_84' title="bbox 1050 2544 1802 2579">
     <span class='ocr_line' id='line_1_84' title="bbox 1050 2544 1802 2579; baseline -0.012 0"><span class='ocrx_word' id='word_1_617' title='bbox 1050 2553 1077 2578; x_wconf 73' lang='lat'><strong>5.</strong></span> <span class='ocrx_word' id='word_1_618' title='bbox 1093 2550 1258 2579; x_wconf 83' lang='lat' dir='ltr'><strong>Theodorus</strong></span> <span class='ocrx_word' id='word_1_619' title='bbox 1278 2551 1362 2578; x_wconf 84' lang='lat' dir='ltr'><strong>abbas</strong></span> <span class='ocrx_word' id='word_1_620' title='bbox 1375 2550 1508 2577; x_wconf 88' lang='lat' dir='ltr'><strong>Phermae</strong></span> <span class='ocrx_word' id='word_1_621' title='bbox 1531 2552 1588 2576; x_wconf 89' lang='lat' dir='ltr'><strong>tres</strong></span> <span class='ocrx_word' id='word_1_622' title='bbox 1607 2547 1694 2574; x_wconf 87' lang='lat' dir='ltr'><strong>bonos</strong></span> <span class='ocrx_word' id='word_1_623' title='bbox 1718 2544 1802 2572; x_wconf 83' lang='lat' dir='ltr'><strong>libros</strong></span> 
     </span>
    </p>
   </div>
   <div class='ocr_carea' id='block_1_85' title="bbox 172 2591 971 2638">
    <p class='ocr_par' dir='ltr' id='par_1_85' title="bbox 172 2598 960 2638">
     <span class='ocr_line' id='line_1_85' title="bbox 172 2598 960 2638; baseline -0.006 -9"><span class='ocrx_word' id='word_1_624' title='bbox 172 2601 236 2638; x_wconf 74' lang='grc' dir='ltr'>τρία</span> <span class='ocrx_word' id='word_1_625' title='bbox 252 2600 343 2636; x_wconf 75' lang='grc' dir='ltr'>βιὸλία</span> <span class='ocrx_word' id='word_1_626' title='bbox 356 2599 442 2626; x_wconf 80' lang='grc' dir='ltr'>καλά’</span> <span class='ocrx_word' id='word_1_627' title='bbox 458 2599 505 2626; x_wconf 81' lang='grc' dir='ltr'>καὶ</span> <span class='ocrx_word' id='word_1_628' title='bbox 520 2598 658 2634; x_wconf 77' lang='grc' dir='ltr'>παρέϐαλε</span> <span class='ocrx_word' id='word_1_629' title='bbox 672 2598 712 2634; x_wconf 78' lang='grc' dir='ltr'><strong>τῷ</strong></span> <span class='ocrx_word' id='word_1_630' title='bbox 728 2598 800 2634; x_wconf 79' lang='grc' dir='ltr'><strong><em>ἁσὸᾷ</em></strong></span> <span class='ocrx_word' id='word_1_631' title='bbox 813 2599 960 2634; x_wconf 84' lang='grc' dir='ltr'>Μακαρῐῳ,</span> 
     </span>
    </p>
   </div>
   <div class='ocr_carea' id='block_1_86' title="bbox 1009 2591 1801 2638">
    <p class='ocr_par' dir='ltr' id='par_1_86' title="bbox 1011 2591 1801 2633">
     <span class='ocr_line' id='line_1_86' title="bbox 1011 2591 1801 2633; baseline -0.009 -8"><span class='ocrx_word' id='word_1_632' title='bbox 1011 2597 1158 2633; x_wconf 85' lang='lat' dir='ltr'><strong>possidens</strong></span> <span class='ocrx_word' id='word_1_633' title='bbox 1174 2596 1209 2624; x_wconf 92' lang='lat' dir='ltr'><strong>ad</strong></span> <span class='ocrx_word' id='word_1_634' title='bbox 1227 2596 1380 2624; x_wconf 87' lang='lat' dir='ltr'><strong>Macarium</strong></span> <span class='ocrx_word' id='word_1_635' title='bbox 1402 2595 1527 2623; x_wconf 83' lang='lat' dir='ltr'><strong>abbatem</strong></span> <span class='ocrx_word' id='word_1_636' title='bbox 1543 2593 1629 2625; x_wconf 87' lang='lat' dir='ltr'><strong>venit,</strong></span> <span class='ocrx_word' id='word_1_637' title='bbox 1649 2595 1677 2621; x_wconf 90' lang='lat' dir='ltr'><strong>et</strong></span> <span class='ocrx_word' id='word_1_638' title='bbox 1693 2601 1700 2619; x_wconf 89' lang='lat'><strong>:</strong></span> <span class='ocrx_word' id='word_1_639' title='bbox 1722 2591 1801 2621; x_wconf 78' lang='lat' dir='ltr'><strong>Tres.</strong></span> 
     </span>
    </p>
   </div>
   <div class='ocr_carea' id='block_1_87' title="bbox 173 2644 961 2682">
    <p class='ocr_par' dir='ltr' id='par_1_87' title="bbox 173 2644 961 2682">
     <span class='ocr_line' id='line_1_87' title="bbox 173 2644 961 2682; baseline -0.008 -7"><span class='ocrx_word' id='word_1_640' title='bbox 173 2648 220 2675; x_wconf 71' lang='grc' dir='ltr'>καὶ</span> <span class='ocrx_word' id='word_1_641' title='bbox 234 2647 311 2681; x_wconf 79' lang='grc' dir='ltr'>λέγει</span> <span class='ocrx_word' id='word_1_642' title='bbox 324 2645 408 2682; x_wconf 81' lang='grc' dir='ltr'><strong>αὐτῷ,</strong></span> <span class='ocrx_word' id='word_1_643' title='bbox 424 2646 464 2673; x_wconf 86' lang='grc' dir='ltr'><strong>ὅτι</strong></span> <span class='ocrx_word' id='word_1_644' title='bbox 478 2645 532 2680; x_wconf 81' lang='grc' dir='ltr'><strong>ἐχω</strong></span> <span class='ocrx_word' id='word_1_645' title='bbox 547 2644 610 2680; x_wconf 82' lang='grc' dir='ltr'>τρια</span> <span class='ocrx_word' id='word_1_646' title='bbox 627 2644 715 2679; x_wconf 81' lang='grc' dir='ltr'>βιὸλία</span> <span class='ocrx_word' id='word_1_647' title='bbox 732 2645 812 2676; x_wconf 86' lang='grc' dir='ltr'>καλά,</span> <span class='ocrx_word' id='word_1_648' title='bbox 828 2645 875 2672; x_wconf 76' lang='grc' dir='ltr'>καὶ</span> <span class='ocrx_word' id='word_1_649' title='bbox 889 2644 961 2679; x_wconf 82' lang='grc' dir='ltr'><strong>ὠφε-</strong></span> 
     </span>
    </p>
   </div>
   <div class='ocr_carea' id='block_1_88' title="bbox 172 2688 962 2728">
    <p class='ocr_par' dir='ltr' id='par_1_88' title="bbox 172 2688 962 2728">
     <span class='ocr_line' id='line_1_88' title="bbox 172 2688 962 2728; baseline -0.006 -8"><span class='ocrx_word' id='word_1_650' title='bbox 172 2692 274 2728; x_wconf 71' lang='grc' dir='ltr'>λοῦμαι</span> <span class='ocrx_word' id='word_1_651' title='bbox 294 2692 324 2725; x_wconf 82' lang='grc' dir='ltr'><strong>ἐξ</strong></span> <span class='ocrx_word' id='word_1_652' title='bbox 337 2691 440 2726; x_wconf 79' lang='grc' dir='ltr'>αὐτῶν,</span> <span class='ocrx_word' id='word_1_653' title='bbox 459 2691 506 2718; x_wconf 75' lang='grc' dir='ltr'>καὶ</span> <span class='ocrx_word' id='word_1_654' title='bbox 529 2690 552 2717; x_wconf 85' lang='grc' dir='ltr'>οἱ</span> <span class='ocrx_word' id='word_1_655' title='bbox 580 2690 689 2725; x_wconf 62' lang='grc' dir='ltr'><strong>ἀδελφοὶ</strong></span> <span class='ocrx_word' id='word_1_656' title='bbox 720 2690 868 2726; x_wconf 84' lang='grc' dir='ltr'>κιχρῶνται</span> <span class='ocrx_word' id='word_1_657' title='bbox 892 2688 962 2716; x_wconf 69' lang='grc' dir='ltr'>αὐτὰ</span> 
     </span>
    </p>
   </div>
   <div class='ocr_carea' id='block_1_89' title="bbox 1015 2637 1802 2679">
    <p class='ocr_par' dir='ltr' id='par_1_89' title="bbox 1015 2637 1802 2679">
     <span class='ocr_line' id='line_1_89' title="bbox 1015 2637 1802 2679; baseline -0.009 -8"><span class='ocrx_word' id='word_1_658' title='bbox 1015 2644 1115 2679; x_wconf 84' lang='lat' dir='ltr'><strong>inquit.</strong></span> <span class='ocrx_word' id='word_1_659' title='bbox 1139 2643 1206 2671; x_wconf 88' lang='lat' dir='ltr'><strong>mihi</strong></span> <span class='ocrx_word' id='word_1_660' title='bbox 1230 2647 1294 2671; x_wconf 86' lang='lat' dir='ltr'><strong>sunt</strong></span> <span class='ocrx_word' id='word_1_661' title='bbox 1317 2642 1381 2670; x_wconf 86' lang='lat' dir='ltr'><strong>libri</strong></span> <span class='ocrx_word' id='word_1_662' title='bbox 1404 2641 1547 2677; x_wconf 85' lang='lat' dir='ltr'><strong>praeclari,</strong></span> <span class='ocrx_word' id='word_1_663' title='bbox 1571 2648 1604 2668; x_wconf 75' lang='lat' dir='ltr'><strong>ex</strong></span> <span class='ocrx_word' id='word_1_664' title='bbox 1627 2646 1743 2675; x_wconf 87' lang='lat' dir='ltr'><strong>quorum</strong></span> <span class='ocrx_word' id='word_1_665' title='bbox 1764 2637 1802 2664; x_wconf 86' lang='lat' dir='ltr'><strong>le-</strong></span> 
     </span>
    </p>
   </div>
   <div class='ocr_carea' id='block_1_90' title="bbox 1016 2686 1801 2725">
    <p class='ocr_par' dir='ltr' id='par_1_90' title="bbox 1016 2686 1801 2725">
     <span class='ocr_line' id='line_1_90' title="bbox 1016 2686 1801 2725; baseline -0.009 -7"><span class='ocrx_word' id='word_1_666' title='bbox 1016 2687 1108 2718; x_wconf 86' lang='lat' dir='ltr'><strong>ctione</strong></span> <span class='ocrx_word' id='word_1_667' title='bbox 1117 2689 1235 2718; x_wconf 85' lang='lat' dir='ltr'><strong>fructum</strong></span> <span class='ocrx_word' id='word_1_668' title='bbox 1248 2688 1344 2725; x_wconf 84' lang='lat' dir='ltr'><strong>capio;</strong></span> <span class='ocrx_word' id='word_1_669' title='bbox 1356 2688 1456 2716; x_wconf 85' lang='lat' dir='ltr'><strong>fratres</strong></span> <span class='ocrx_word' id='word_1_670' title='bbox 1471 2694 1580 2723; x_wconf 86' lang='lat' dir='ltr'><strong>quoque</strong></span> <span class='ocrx_word' id='word_1_671' title='bbox 1594 2686 1629 2714; x_wconf 88' lang='lat' dir='ltr'><strong>iis</strong></span> <span class='ocrx_word' id='word_1_672' title='bbox 1641 2687 1766 2716; x_wconf 88' lang='lat' dir='ltr'><strong>utuntur,</strong></span> <span class='ocrx_word' id='word_1_673' title='bbox 1776 2687 1801 2712; x_wconf 84' lang='lat' dir='ltr'><strong>cl</strong></span> 
     </span>
    </p>
   </div>
   <div class='ocr_carea' id='block_1_91' title="bbox 935 2770 1060 2799">
    <p class='ocr_par' dir='ltr' id='par_1_91' title="bbox 935 2770 1060 2799">
     <span class='ocr_line' id='line_1_91' title="bbox 935 2770 1060 2799; baseline 0.008 -1"><span class='ocrx_word' id='word_1_674' title='bbox 935 2770 1060 2799; x_wconf 83' lang='lat' dir='ltr'><strong>NOTAE.</strong></span> 
     </span>
    </p>
   </div>
   <div class='ocr_carea' id='block_1_92' title="bbox 211 2848 957 2886">
    <p class='ocr_par' dir='ltr' id='par_1_92' title="bbox 211 2848 957 2886">
     <span class='ocr_line' id='line_1_92' title="bbox 211 2848 957 2886; baseline 0.003 -8"><span class='ocrx_word' id='word_1_675' title='bbox 211 2852 252 2886; x_wconf 68' lang='lat' dir='ltr'><strong>(ai</strong></span> <span class='ocrx_word' id='word_1_676' title='bbox 266 2851 310 2879; x_wconf 85' lang='lat' dir='ltr'><strong>Cf.</strong></span> <span class='ocrx_word' id='word_1_677' title='bbox 322 2849 379 2879; x_wconf 70' lang='grc' dir='ltr'><strong>νγ.</strong></span> <span class='ocrx_word' id='word_1_678' title='bbox 395 2848 446 2878; x_wconf 89' lang='lat' dir='ltr'><strong>PP.</strong></span> <span class='ocrx_word' id='word_1_679' title='bbox 467 2850 559 2879; x_wconf 83' lang='lat' dir='ltr'><strong>Rosw.</strong></span> <span class='ocrx_word' id='word_1_680' title='bbox 575 2853 623 2880; x_wconf 89' lang='lat' dir='ltr'><strong>lib.</strong></span> <span class='ocrx_word' id='word_1_681' title='bbox 639 2848 671 2878; x_wconf 79' lang='lat' dir='ltr'><strong>lil</strong></span> <span class='ocrx_word' id='word_1_682' title='bbox 691 2858 751 2886; x_wconf 77' lang='lat' dir='ltr'><strong>cap.</strong></span> <span class='ocrx_word' id='word_1_683' title='bbox 765 2850 845 2886; x_wconf 67' lang='lat'><strong>_198;</strong></span> <span class='ocrx_word' id='word_1_684' title='bbox 862 2852 909 2880; x_wconf 88' lang='lat' dir='ltr'><strong>lib.</strong></span> <span class='ocrx_word' id='word_1_685' title='bbox 937 2851 957 2880; x_wconf 70' lang='grc' dir='ltr'><strong>ν</strong></span> 
     </span>
    </p>
   </div>
   <div class='ocr_carea' id='block_1_93' title="bbox 177 2884 898 2923">
    <p class='ocr_par' dir='ltr' id='par_1_93' title="bbox 177 2884 898 2923">
     <span class='ocr_line' id='line_1_93' title="bbox 177 2884 898 2923; baseline -0.004 -7"><span class='ocrx_word' id='word_1_686' title='bbox 177 2884 260 2916; x_wconf 71' lang='lat' dir='ltr'><strong>“bell.</strong></span> <span class='ocrx_word' id='word_1_687' title='bbox 276 2888 321 2920; x_wconf 79' lang='grc'><strong>10,</strong></span> <span class='ocrx_word' id='word_1_688' title='bbox 338 2888 354 2915; x_wconf 85' lang='lat'><strong>8</strong></span> <span class='ocrx_word' id='word_1_689' title='bbox 367 2896 374 2921; x_wconf 91' lang='lat'><strong>;</strong></span> <span class='ocrx_word' id='word_1_690' title='bbox 386 2887 431 2915; x_wconf 89' lang='lat' dir='ltr'><strong>lib.</strong></span> <span class='ocrx_word' id='word_1_691' title='bbox 445 2887 489 2915; x_wconf 82' lang='lat' dir='ltr'><strong>Vll</strong></span> <span class='ocrx_word' id='word_1_692' title='bbox 503 2895 563 2923; x_wconf 88' lang='lat' dir='ltr'><strong>cap.</strong></span> <span class='ocrx_word' id='word_1_693' title='bbox 577 2888 621 2915; x_wconf 71' lang='grc'><strong>42.</strong></span> <span class='ocrx_word' id='word_1_694' title='bbox 636 2884 747 2915; x_wconf 75' lang='lat' dir='ltr'><strong>Doroth.</strong></span> <span class='ocrx_word' id='word_1_695' title='bbox 764 2884 855 2913; x_wconf 82' lang='lat' dir='ltr'><strong>Doclr.</strong></span> <span class='ocrx_word' id='word_1_696' title='bbox 872 2887 898 2915; x_wconf 69' lang='grc'><strong>4.</strong></span> 
     </span>
    </p>
   </div>
   <div class='ocr_carea' id='block_1_94' title="bbox 1050 2846 1567 2888">
    <p class='ocr_par' dir='ltr' id='par_1_94' title="bbox 1050 2846 1567 2888">
     <span class='ocr_line' id='line_1_94' title="bbox 1050 2846 1567 2888; baseline -0.01 -9"><span class='ocrx_word' id='word_1_697' title='bbox 1050 2851 1086 2888; x_wconf 72' lang='lat' dir='ltr'><strong>(li)</strong></span> <span class='ocrx_word' id='word_1_698' title='bbox 1104 2850 1146 2879; x_wconf 85' lang='lat' dir='ltr'><strong>Cf.</strong></span> <span class='ocrx_word' id='word_1_699' title='bbox 1165 2849 1220 2878; x_wconf 83' lang='lat' dir='ltr'><strong>VV.</strong></span> <span class='ocrx_word' id='word_1_700' title='bbox 1239 2846 1291 2877; x_wconf 89' lang='lat' dir='ltr'><strong>PP.</strong></span> <span class='ocrx_word' id='word_1_701' title='bbox 1308 2848 1399 2877; x_wconf 72' lang='lat' dir='ltr'><strong>Rosw.</strong></span> <span class='ocrx_word' id='word_1_702' title='bbox 1414 2848 1462 2876; x_wconf 88' lang='lat' dir='ltr'><strong>lib.</strong></span> <span class='ocrx_word' id='word_1_703' title='bbox 1477 2846 1498 2874; x_wconf 82' lang='grc' dir='ltr'><strong>ν</strong></span> <span class='ocrx_word' id='word_1_704' title='bbox 1514 2846 1539 2881; x_wconf 74' lang='lat' dir='ltr'><strong>i,</strong></span> <span class='ocrx_word' id='word_1_705' title='bbox 1551 2847 1567 2875; x_wconf 81' lang='grc'>6</span> 
     </span>
    </p>
   </div>
  </div>
