2048 3153
226 163 279 193 263
853 159 900 188 JO.
919 159 991 187 SAL.
1013 157 1194 188 SEMLERUS
1796 154 1851 185 265

227 221 332 257 pariter
341 219 496 255 proficiunt.
517 217 606 245 Effare
621 217 704 253 igitur
718 217 798 251 mihi,
812 217 878 252 quid
896 217 1008 245 debeam
1024 246 1027 254 Α

1075 218 1108 244 ιαὶ
1125 216 1302 251 ὠφελοῦνται.
1319 215 1380 243 εἰπὲ
1397 214 1444 244 οὖν
1466 224 1521 252 μοι,
1537 215 1564 242 τί
1584 214 1698 249 ὤφειλον
1713 214 1849 250 ποιῆσαι·;

228 267 336 300 facere;
360 273 424 292 num
443 265 476 291 ad
492 271 578 291 meam
606 263 777 298 fratrumque
793 264 940 291 utilitatem
964 271 1012 291 eos

1075 262 1190 298 utdcxm
1207 262 1275 289 αὐτὰ
1301 263 1341 294 εἰς
1361 261 1409 297 τὴν
1434 261 1504 297 ἐμὴν
1524 262 1570 288 καὶ
1585 261 1635 296 τὴν
1653 261 1708 288 τῶν
1723 260 1848 295 ἀδελφῶν

229 312 374 341 retineam,
393 317 428 336 an
444 308 558 336 vendam
581 308 697 343 demque
718 309 901 344 pauperibus?
924 302 1024 336 Senex"

1075 308 1206 343 ϋφέλειαν,
1226 308 1243 344 ἢ
1268 308 1387 344 πωλήσω
1409 308 1479 335 αὐτὰ
1500 308 1548 335 καὶ
1561 307 1639 334 δώσω
1654 308 1788 342 πτωχοῖςς
1803 308 1850 334 καὶ

229 356 371 392 respondit
399 365 406 383 :
429 355 563 382 Pulchrae
589 356 698 390 quidem
719 356 842 384 actiones
864 360 940 387 sunt,
966 355 1014 383 sed

1075 354 1223 390 ιποκριθεὶς
1236 356 1250 381 6
1259 355 1347 390 γέρων
1361 353 1432 381 εἷπε·
1445 354 1526 381 καλαὶ
1545 353 1594 390 μὲν
1604 353 1632 380 αἱ
1647 353 1772 389 πράξεις,
1784 353 1852 381 ἀλλὰ

230 403 324 430 melior
336 401 463 429 omnibus
480 406 522 429 est
533 406 688 436 paupertas.
705 401 765 435 Quo
774 402 866 429 audito
876 401 1015 433 discessit,

1075 401 1167 433 ιείζων
1183 401 1290 428 πάντων
1304 402 1321 436 ἡ
1336 400 1511 437 ἁκτημοσύνη
1527 400 1594 427 ἐστί.
1611 400 1657 426 καὶ
1679 399 1758 426 τοῦτο
1771 399 1852 426 ἀκού-

229 456 332 483 eosque
347 447 483 479 vendidit,
510 451 538 475 et
566 448 711 483 pecuniam
734 448 810 475 dedit
837 447 1014 483 pauperibus.

1075 455 1127 478 τας,
1144 445 1269 473 ἀπελθὼν
1286 445 1424 482 ἐπώλησεν
1438 447 1517 478 αὐτὰ,
1539 446 1586 473 καὶ
1600 445 1709 472 διέδωκε
1723 447 1850 481 πτωχοῖς.

239 526 400 535 —

412 521 1844 536 ,__________—_______—____—_—

1019 578 1056 608 V.

569 641 906 673 APOPHTHEGMATA
926 640 1061 671 SANCTI
1081 639 1240 669 MACARII
1260 637 1522 668 ALEXANDRINI

828 711 843 730 Α
860 709 898 730 10.
919 709 993 729 BAPT.
1013 708 1158 728 COTELEBIO
1177 708 1262 727 EDITA.

233 766 246 783 ι
259 759 403 785 Sanctorum
424 764 511 783 senum
533 758 746 790 Apophlhegmau
762 765 771 782 ι
792 764 813 782 s.
834 765 859 782 v.
871 755 995 782 Macarius
1014 754 1112 781 urbicus
1134 755 1198 787 apud
1215 756 1255 780 .lo.
1275 756 1344 787 Bapt.
1364 754 1516 780 Cotelerium
1534 754 1602 780 Eccl.
1613 754 1699 780 Graec.
1721 754 1785 780 lion.
1800 758 1819 781 t.
1831 755 1853 787 l,

973 806 996 831 p.
1012 799 1059 824 δη
1071 806 1107 830 sq.
1431 801 1438 804 -

441 913 479 940 Dc
489 913 581 940 abbate
592 912 708 940 Macario
723 912 821 939 urbico.

269 968 295 995 ι.
309 967 442 996 Macarius
453 969 587 1000 πολιτικός
602 969 648 996 ille
665 968 750 996 abbas
764 967 911 1003 aliquando
924 968 957 995 ad
971 975 1016 995 se-

233 1013 335 1041 candos
346 1013 497 1048 palmarum
508 1022 598 1042 ramos
615 1014 691 1046 exiit,
714 1014 845 1041 fratribus
861 1013 950 1049 ipsum
974 1021 1019 1041 co-

233 1059 403 1087 mitantibus.
418 1059 469 1093 Qui
481 1060 571 1094 primo
583 1060 627 1087 die
640 1060 665 1087 ei
677 1068 683 1086 :
696 1059 775 1092 Veni,
785 1059 922 1094 inquiunt,
930 1064 1018 1095 pater,

234 1104 379 1132 nobiscum
391 1105 505 1132 comede
517 1105 525 1131 !
539 1104 660 1132 Accessit
671 1105 754 1140 igitur
772 1105 817 1132 ille
839 1109 866 1132 et
890 1105 1019 1132 comedit.

234 1150 328 1178 Altero
340 1158 403 1177 eum
416 1150 459 1177 die
472 1151 571 1177 iterum
584 1154 689 1186 rogant,
704 1155 734 1178 ut
746 1151 880 1178 comedat.
893 1151 928 1178 At
944 1151 967 1178 is
980 1158 1022 1178 re-

235 1205 339 1224 nuens:
362 1197 426 1228 Vos,
449 1197 548 1231 inquit,
573 1197 632 1229 filii,
656 1197 748 1224 cibum
775 1197 889 1224 sumatis
911 1204 1022 1224 necesse

235 1246 294 1275 est;
307 1242 397 1269 adhuc
415 1242 488 1270 enim
509 1250 574 1270 caro
594 1243 679 1277 estis;
703 1250 754 1279 ego
778 1251 844 1271 vero
865 1251 939 1271 nunc
960 1244 1024 1272 nolo

237 1288 415 1316 manducare.

272 1334 298 1361 2.
319 1334 452 1362 Macarius
463 1335 548 1362 abbas
560 1336 688 1363 convenit
708 1335 885 1364 Pachomium
898 1335 1024 1363 abbatem

239 1378 513 1407 Tabennesiotarum.
536 1380 622 1413 Quem
646 1378 810 1409 Pachomius
834 1381 1024 1416 interrogans:

244 1424 284 1458 Si,
299 1425 398 1460 inquit,
412 1425 512 1453 fratres
525 1425 686 1461 disciplinae
698 1427 823 1454 ordinem
837 1434 891 1454 non
904 1432 1025 1460 servant,

241 1472 380 1500 L'onumne
392 1476 435 1499 cst
447 1473 586 1507 corripere
599 1474 666 1500 eos?
676 1473 828 1508 Respondit
839 1473 973 1501 Macarlus
980 1474 1028 1500 ab-

242 1518 308 1546 bas:
324 1517 432 1553 Castiga
443 1522 471 1545 et
482 1518 553 1545 iuste
567 1525 615 1545 eos
626 1518 727 1551 iudica,
738 1519 786 1553 qui
807 1519 855 1546 tibi
879 1519 1030 1547 subiiciun-

245 1568 308 1597 tur;
326 1568 404 1591 extra
422 1571 488 1591 vero
512 1563 678 1591 iudicaveris
696 1565 852 1598 neminem;
874 1572 937 1592 nam
962 1565 1030 1592 scri-

244 1614 323 1647 ptum
334 1614 392 1638 est:
406 1610 499 1637 Nonne
509 1610 540 1636 de
547 1609 589 1642 iis,
601 1611 647 1646 qui
658 1610 728 1637 intus
736 1615 807 1644 sunt,
820 1619 864 1638 vos
884 1611 1028 1639 iudicatis?
1042 1605 1062 1633 (ἶ

244 1655 315 1684 Nam
328 1663 380 1688 eos,
391 1656 436 1690 qui
452 1655 514 1690 {oris
526 1659 598 1687 sunt,
610 1655 678 1683 Deus
690 1655 815 1683 iudicabit
833 1655 882 1692 (a).

280 1701 307 1728 ὅ.
327 1701 461 1728 Macarius
472 1700 556 1728 abbas
565 1701 711 1736 aliquando
723 1709 772 1736 per
783 1706 901 1736 quatuor
909 1701 1030 1737 integros

246 1755 367 1775 menses:
395 1747 519 1782 quotidie
555 1747 684 1775 visitabat
715 1747 829 1775 fratrem
867 1748 1002 1784 quendam
1021 1768 1028 1780 ,

247 1799 336 1826 neque
361 1799 493 1827 unquam,
514 1799 550 1818 ne
574 1792 658 1819 semel
681 1791 803 1827 quidem,
834 1791 938 1820 invenit
967 1800 1030 1819 eum

246 1841 388 1865 vacantem
412 1837 446 1865 ab
468 1838 604 1866 oratione.
639 1838 797 1866 Admiratus
827 1837 912 1873 igitur
939 1837 1027 1866 dixit:

247 1883 316 1911 Ecce
329 1884 467 1911 terrestris
479 1884 608 1919 angelus!

282 1964 305 1980 “
321 1965 364 1992 Al.
384 1965 546 2001 ἀμελοῦντα.

283 2034 324 2070 (a)
338 2034 425 2063 lCor.
442 2044 469 2069 ν,
485 2035 529 2069 12,
544 2036 588 2063 15.

1022 867 1058 874 ...-

1045 913 1066 941 Β
1143 910 1213 945 Περὶ
1225 909 1277 936 τοῦ
1291 907 1366 937 ἀϐὅᾶ
1379 908 1533 942 Μακαρίου
1551 908 1604 935 τοῦ
1619 908 1787 936 πολιτικοῦ.

1104 968 1130 996 Ι.
1156 965 1274 1001 ’Δπῆλθέ
1294 973 1359 991 ποτε
1377 966 1391 991 6
1409 964 1496 996 ἀδὸᾶς
1512 964 1654 1000 Μακάριος
1676 964 1690 991 6
1719 964 1857 997 πολιτικὸς

1069 1015 1150 1050 κόψαι
1162 1012 1257 1040 θαλλία
1271 1011 1318 1038 καὶ
1331 1012 1355 1038 οἱ
1371 1010 1481 1045 ἀδελφοὶ
1493 1011 1550 1045 μετ’
1560 1009 1654 1038 αὑτοῦ.
1669 1010 1717 1037 καὶ
1732 1010 1857 1044 λέγουσιν

1070 1061 1145 1096 αὑτῷ
1158 1059 1207 1095 τὴν
1224 1057 1335 1094 πρώτην
1357 1056 1473 1092 ἡμέραν·
1491 1055 1585 1091 δεῦρο,
1604 1056 1675 1091 φάγε
1692 1053 1756 1091 μεθ’
1767 1055 1856 1092 ἡμῶν,

1071 1105 1166 1140 πάτερ.
1183 1104 1196 1130 6
1219 1103 1248 1129 δὲ
1270 1101 1375 1137 ἀπῆλθε
1392 1101 1439 1127 καὶ
1463 1100 1558 1135 ἔφαγε.
1574 1100 1621 1126 καὶ
1641 1099 1720 1127 πάλη
1736 1101 1769 1135 τῇ
1791 1099 1858 1136 ἄλλῃ

1071 1151 1195 1186 λέγουσιν
1214 1147 1287 1183 αὑτῴ
1303 1148 1408 1182 φαγεῖν.
1429 1147 1443 1172 6
1460 1146 1488 1173 δὲ
1501 1146 1551 1173 οὐκ
1570 1145 1676 1181 ἧθελεν,
1693 1145 1750 1172 ἀλλ’
1765 1145 1858 1180 ἔλεγεν

1072 1197 1171 1228 uiaret;-
1184 1196 1262 1230 ὑμεῖς
1272 1194 1365 1230 χρείαν
1385 1193 1460 1228 ἔχετε
1474 1194 1579 1227 φαγεῖν,
1593 1193 1685 1220 τέχναι
1700 1193 1792 1229 ἀκμὴν
1805 1193 1861 1230 γὰρ

1074 1243 1143 1278 σάρξ
1155 1243 1226 1268 ἐστε·
1242 1239 1297 1275 ἐγὼ
1312 1240 1341 1266 δὲ
1353 1239 1400 1266 νῦν
1413 1239 1444 1266 οὺ
1459 1238 1528 1266 θέλω
1544 1240 1653 1274 φαγεῖν.

1110 1341 1138 1368 2.
1159 1339 1316 1376 Παρέόαλεν
1334 1338 1349 1364 6
1368 1337 1455 1369 ἀὸὁᾶς
1468 1337 1611 1372 Μακάριος
1634 1336 1703 1372 πρὸς
1716 1336 1762 1363 τὸν
1774 1335 1862 1363 ἀεὸᾶν

1076 1386 1221 1422 Παχώμιον
1233 1384 1288 1411 τῶν
1299 1381 1535 1418 Ταδεννησιωτῶν·
1549 1382 1562 1408 6
1572 1382 1600 1408 δὲ
1611 1382 1756 1416 Παχώμιος
1769 1380 1864 1416 ἠρώτα

1077 1433 1158 1460 αὐτὸν
1181 1432 1277 1465 λέγων·
1295 1430 1339 1457 ὅτε
1353 1429 1423 1456 εἰσὶν
1438 1428 1548 1462 ἀδελφοὶ
1563 1428 1692 1460 ἄτακτοι,
1708 1427 1789 1454 καλόν
1805 1428 1863 1454 ἐστι

1078 1477 1222 1506 παιδεῦσαι
1239 1477 1356 1508 αὺτούς;
1376 1475 1450 1509 λέγει
1470 1474 1544 1510 αὐτῷ
1564 1474 1578 1500 6
1597 1473 1683 1505 ἀϐὃᾶς
1709 1473 1863 1508 Μακάριος

1079 1523 1233 1553 παίδευσον.
1255 1520 1302 1547 καὶ¹
1322 1521 1414 1556 κρῖνον
1432 1518 1544 1549 δικαίως
1557 1518 1620 1550 τοὺς
1635 1518 1687 1544 ὑπὸ
1706 1517 1745 1543 σέ·
1761 1516 1814 1550 ἔξω
1835 1516 1866 1544 δὲ

1081 1570 1119 1605 μὴ
1137 1569 1232 1605 κρίνῃς
1256 1568 1341 1598 τινάς.
1368 1565 1520 1601 γέγραπται
1535 1564 1606 1599 γάρ’
1631 1563 1697 1597 οὐχ)
1720 1562 1791 1596 τοὺς
1804 1563 1865 1589 ἔσω

1078 1615 1163 1651 ὑμεῖς
1178 1614 1313 1649 κρίνετε;
1330 1612 1401 1646 τοὺς
1416 1611 1450 1638 δὲ
1462 1611 1519 1643 ἔξω
1534 1612 1551 1638 ό
1566 1609 1639 1643 Θεὸς
1652 1608 1755 1644 κρινεῖ.

1113 1704 1141 1731 5.
1161 1701 1288 1737 Ἑποίησέ
1304 1709 1369 1728 ποτε
1385 1701 1398 1727 6
1414 1699 1500 1731 6:665;
1516 1698 1658 1734 Μακάριος
1682 1697 1865 1733 τετράμηνον,

1079 1747 1261 1784 παραϐάλλων
1277 1747 1331 1773 τινὶ
1347 1745 1454 1780 ἀδελφῷ
1468 1743 1643 1781 ήμερούσιον·
1659 1743 1706 1771 καὶ
1722 1743 1772 1778 οὐχ
1787 1740 1867 1778 εὗρεν

1079 1793 1161 1820 αὑτὸν
1176 1791 1358 1828 εὖκαιροῦντα
1365 1791 1398 1827 δ’)
1414 1791 1468 1818 ἀπὸ
1479 1791 1527 1826 τῆς
1543 1790 1696 1825 προσευχῆς
1709 1789 1770 1815 οὐδὲ
1782 1787 1866 1821 ἅπαξ.

1083 1840 1130 1867 καὶ
1144 1839 1287 1875 Θαυμάσας
1307 1839 1408 1873 ἔλεγεν·
1428 1838 1481 1864 ίδοὺ
1495 1836 1616 1870 ἐπίγειος
1631 1836 1757 1870 ἄγγελος.

887 1931 1015 1959 VARlAE
1033 1931 1235 1960 LECTIONES.

998 2002 1125 2031 NOTAE.

263 2127 1862 2149 ΜΞ

639 2215 781 2273 δυ.
834 2215 1032 2271 SAL.

1088 2214 1489 2271 SEMLEBI

487 2314 811 2345 DISSERTATIONES
830 2313 931 2343 DUAE
952 2312 1000 2343 DE
1021 2311 1191 2342 SCRIPTIS
1211 2311 1242 2342 S.
1264 2311 1421 2342 MACARII
1441 2309 1628 2340 AEGYPTH.

732 2424 1131 2470 DISSEBTATIO
1184 2423 1392 2469 PRIOR.

250 2500 526 2544 Specimegt‘examinis
542 2503 624 2544 critici
640 2502 754 2544 Operunt
765 2511 836 2544 quae
850 2503 890 2530 ita
906 2502 1160 2544 ferunturdllgca‘rii,
1174 2503 1530 2544 sublaetissimosjystgsque
1543 2504 1714 2544 dies__Christo
1728 2503 1760 2544 ab
1782 2502 1875 2544 inferis

284 2537 556 2577 ntagpiﬁceyedeuuti
569 2537 668 2577 sacros,
683 2538 742 2577 boui
755 2537 1051 2577 οᾶηὶῃὶδ-εαιὶδξμ-εέίίιίξί
1177 2538 1234 2566 Sal.
1248 2540 1326 2567 Timr.
1342 2539 1370 2567 S.
1386 2537 1438 2568 LL.
1453 2537 1582 2569 SfHalae
1590 2539 1815 2576 Magdeburgicae,
1831 2542 1872 2572 ty-

283 2572 324 2606 pis
338 2572 448 2601 Joannis
461 2572 604 2601 Christiani
616 2573 734 2600 Hendelii
746 2574 828 2601 Acad.
841 2575 905 2609 Typ.
917 2573 1078 2601 MDCCXLV
1096 2574 1146 2610 (a).

286 2660 361 2696 [Pag.
379 2661 409 2697 ὅ]
423 2661 483 2688 Viro
491 2670 591 2689 summe
602 2663 751 2695 reverenda,
769 2663 941 2699 amplissimo,
958 2664 1108 2692 doctissimo
1123 2664 1156 2691 D.
1169 2664 1257 2692 Gotth.
1279 2663 1397 2699 Augusto
1411 2664 1550 2696 Franckio,
1566 2663 1628 2691 Fac.
1644 2663 1730 2691 Theol.
1745 2663 1808 2690 Hal.
1826 2661 1872 2691 Se-

251 2706 330 2738 κίονί,
344 2710 455 2742 patrono
474 2715 521 2734 suo
537 2715 700 2744 summopere
714 2709 874 2736 venerando.
891 2708 966 2745 [Pag.
981 2708 1084 2745 λι]νὶνο
1099 2718 1200 2736 summe
1213 2709 1366 2742 reverenda,
1379 2709 1552 2745 amplissimo,
1567 2709 1715 2737 doctissimo
1725 2708 1873 2743 D.Sigism.

1007 2767 1122 2795 NOTAE
1127 2788 1133 2794 .

289 2810 328 2847 (α)
347 2811 459 2840 Constat
468 2813 574 2848 paginis
590 2813 624 2841 24
640 2814 711 2842 ἱη-4.
724 2814 761 2841 De
776 2815 892 2843 Macario
906 2824 992 2851 usque
1007 2816 1041 2844 ad
1060 2825 1121 2852 pag.
1141 2816 1172 2844 21
1186 2816 1287 2852 agitur,
1299 2816 1362 2844 dein
1382 2823 1442 2852 pag.
1457 2816 1540 2843 21-24
1559 2815 1593 2844 de
1620 2814 1781 2844 Tertulliani
1802 2815 1876 2850 Apo-
