2048 3153
175 204 226 233 Q65
696 203 741 231 DE
760 203 915 232 SCRIPTIS
933 203 962 231 S.
982 202 1124 232 MACAPJI
1145 203 1316 232 AEGYPTII.
1751 200 1805 235 286

175 273 268 302 Iacobo
281 273 473 309 Baumgarten,
489 272 559 300 Sem.
581 271 669 299 Theol.
689 271 821 303 directori,
838 275 951 306 patrono
964 278 1012 297 suo
1030 279 1195 306 summopere
1215 271 1373 298 venerando.
1391 271 1456 299 Leve
1467 273 1514 299 hoc
1532 277 1557 300 et
1580 276 1655 300 le‘nue
1675 274 1807 309 scriptum

177 319 333 347 reverentiae
342 327 406 346 suae
419 320 603 345 documentum
617 316 706 344 multis
720 317 865 352 faustisque
882 317 911 343 in
929 315 1006 350 festos
1018 316 1063 343 hos
1076 316 1130 343 dies
1146 316 1275 342 ominibus
1294 319 1319 342 et
1334 316 1525 351 precationibus
1536 317 1609 352 offert
1621 321 1724 345 auctor.

209 367 283 403 [Pag.
297 366 324 402 5]
337 366 411 394 Bella
425 369 490 393 sunt
499 366 594 398 verba,
607 365 659 392 viri
670 372 775 392 summe
788 364 944 397 reverendi,
958 372 1028 399 quae
1044 364 1182 392 habemur
1195 364 1225 391 in
1235 363 1353 391 Humilia
1373 366 1445 391 inter
1465 365 1577 392 Macarii
1591 365 1672 401 vulgo
1684 365 1810 394 creditas

178 412 227 440 νιι
241 412 279 447 (a)
294 411 308 447 §
319 412 346 444 9,
356 411 485 439 omnibus
495 410 570 438 veris
581 410 746 438 Christianis
769 409 937 437 Xanthicum
950 417 1084 442 mensem,
1097 409 1156 437 sive
1162 409 1294 444 Aprilem,
1304 417 1359 437 non
1372 409 1474 437 iniuria
1487 410 1574 437 fausta
1585 419 1709 446 quaeque
1722 411 1803 446 polli-

177 457 240 483 ceri.
255 457 305 484 Hic
323 457 409 490 enim,
422 456 655 492 quemadmodum
676 460 790 484 renovat
807 451 886 490 quasi
899 455 994 491 frigidi
1007 459 1036 483 et
1049 455 1154 483 inimici
1167 456 1233 483 olim
1244 456 1313 483 caeli
1327 461 1464 489 naturam,
1478 461 1505 484 et
1518 457 1677 485 calidiorem
1692 458 1746 486 iam
1758 458 1802 485 iu-

176 505 346 538 cundamque
359 498 506 536 reddit,'ita
516 503 595 530 beata
608 502 763 530 recordatio
774 509 882 534 eorum,
896 509 967 537 quae
980 502 1031 530 sub
1044 502 1097 530 hoc
1108 502 1166 529 fere
1178 502 1252 530 idem
1264 506 1372 538 tempus
1382 504 1413 530 in
1425 510 1475 530 nos
1487 511 1582 531 omnes
1594 512 1642 539 per
1655 503 1805 533 Salvatoris

176 561 272 580 novam
283 553 361 588 quasi
373 553 459 581 vitam
471 552 673 585 redundarunt,
688 559 745 579 non
755 554 848 587 potest
858 559 914 579 non
925 551 1010 578 animi
1029 551 1185 586 opprimere
1200 551 1352 584 tristitiam,
1375 556 1550 587 mentemque
1573 553 1665 581 divina
1685 554 1803 589 quadam

176 598 339 633 perfundere
358 599 474 627 laetitia.
495 599 574 627 Unde
593 607 643 627 oro
658 603 741 634 atque
752 598 878 630 obsecro,
890 597 945 626 viri
958 604 1064 625 summe
1078 597 1231 630 reverendi,
1246 606 1296 634 pro
1308 598 1408 626 eximia
1423 603 1514 626 vestra
1536 599 1726 628 benevolentia
1747 601 1802 630 cle-

175 650 280 673 menter
297 645 528 680 interpretamini,
540 645 614 681 quod
627 644 758 673 sOIlemne
770 645 824 673 hoc
835 645 992 673 Christiano
1008 645 1068 672 orbi
1083 649 1190 680 tempus
1201 645 1280 673 vobis
1292 653 1326 672 ex
1337 645 1422 673 animi
1435 647 1572 673 sententia
1580 647 1710 682 gratulari
1719 648 1803 676 susti-

175 700 234 725 neo,
243 693 327 727 inque
334 700 395 720 eam
405 700 464 720 rem
473 693 533 720 leve
543 693 595 720 hoc
602 692 682 720 vobis
689 692 775 720 oﬁ‘ero
784 693 927 728 scriptum.
939 692 1016 726 Quod
1025 693 1136 728 quidem
1147 693 1204 728 ipse
1218 693 1285 721 satis
1295 693 1416 729 intelligo
1427 693 1464 721 ita
1474 702 1534 722 esse
1546 698 1744 729 comparatum,
1756 703 1806 723 ve-

175 739 343 767 nerabilibus
351 743 382 766 ut
393 739 520 774 personis
532 739 632 766 vestris
642 738 754 774 dignum
766 739 854 767 videri
865 738 912 766 vix
923 740 1020 774 possit.
1033 739 1122 772 Quare
1135 743 1164 766 et
1175 739 1234 774 ipse
1246 747 1299 766 non
1311 740 1487 768 mediocriter
1500 740 1671 773 dubitabant,
1685 748 1719 767 an
1731 749 1806 769 sum-

175 787 226 814 mis
237 787 398 814 nominibus
408 787 509 814 vestris
522 786 674 814 inscribere
686 785 754 813 illud
766 785 909 814 commode
922 786 1035 821 possim.
1046 786 1081 813 At
1092 785 1206 813 videbar
1224 785 1292 812 mihi
1315 786 1382 814 satis
1402 786 1562 821 cognovisse
1585 786 1614 814 in
1640 787 1728 819 vobis,
1751 787 1805 815 viri

174 841 280 861 summe
294 833 449 866 reverendi,
459 833 534 869 [Pag.
546 833 574 869 6]
585 841 645 861 eam
657 833 798 865 virtutem,
809 841 873 868 qua,
886 837 918 860 ut
929 833 1044 868 potestis
1055 833 1183 865 maxime,
1197 833 1289 860 omnia
1301 832 1558 860 benevolentissime
1569 832 1597 860 in
1610 840 1670 860 eam
1680 833 1806 869 accipere

174 881 268 907 soletis
279 884 386 915 partem
398 888 469 915 quae
485 883 528 907 est
536 880 634 907 lenior.
647 878 748 913 Quidni
762 886 828 914 ergo
839 878 936 906 eodem
949 887 993 906 me
1005 877 1139 906 beneﬁcio
1153 877 1302 905 fruiturum
1316 885 1436 913 sperem,
1450 878 1516 905 dum
1529 886 1652 906 meorum
1670 879 1805 906 rationein

173 929 251 956 vobis
263 928 418 956 studiorum
431 928 475 956 his
488 927 605 956 reddere
617 927 700 956 volo?
710 927 780 955 Tum
791 935 826 956 ne
838 927 906 954 mihi
921 927 972 962 ipsi
983 927 1094 962 quidem
1108 925 1238 959 satisfeci,
1253 926 1301 954 sed
1320 927 1406 954 mulla
1429 926 1519 954 adhuc
1541 927 1724 962 reprehendo.
1748 927 1807 955 Hoc

173 979 276 1007 tamen,
289 974 354 1002 licet
365 974 437 1001 forte
450 974 573 1007 unicum,
587 982 644 1001 non
659 973 772 1001 omnino
785 981 880 1001 carere
893 981 942 1000 sua
955 969 1119 1008 quacunque
1133 972 1251 1000 utilitate
1263 972 1331 999 mihi
1351 972 1509 1005 videbatur,
1520 973 1595 1008 quod
1612 973 1669 1009 jam
1688 974 1805 1010 intelligi

171 1024 272 1055 potest,
285 1029 320 1048 ex
330 1029 359 1049 se
375 1020 434 1056 ipso
447 1020 605 1053 Macarium,
619 1020 643 1048 si
655 1020 802 1056 diligenter
814 1020 951 1052 volvatur,
968 1027 1047 1054 posse
1059 1020 1088 1047 in
1106 1020 1201 1047 multis
1216 1019 1329 1054 corrigi,
1342 1019 1417 1054 quod
1429 1019 1522 1046 omnia
1532 1019 1576 1046 bis
1589 1024 1637 1047 aut
1647 1024 1690 1048 ter
1706 1028 1805 1048 occur-

172 1072 246 1099 runt,
263 1071 291 1095 et
304 1067 480 1094 librariorum
494 1067 558 1094 inde
580 1074 691 1094 errores
715 1066 837 1102 abstergi
849 1066 952 1101 optime
965 1070 1091 1102 possunt.
1112 1065 1191 1099 Quod
1210 1066 1275 1093 licet
1295 1073 1412 1101 parvum
1431 1065 1559 1094 utilitatis
1580 1071 1749 1094 momentum
1781 1067 1806 1095 si

172 1113 251 1141 vobis
266 1121 321 1141 non
335 1114 447 1149 penitus
459 1114 609 1149 improbari
625 1114 798 1146 intellexero,
812 1113 864 1140 viri
877 1120 985 1141 summe
1000 1113 1155 1146 reverendi,
1170 1113 1286 1140 videbor
1301 1112 1370 1140 mihi
1385 1120 1441 1140 non
1455 1113 1592 1141 inutiliter
1608 1113 1680 1141 hanc
1693 1121 1806 1149 parvam

171 1169 284 1197 operam
296 1162 490 1190 eonsumsisse.
505 1163 600 1190 Valete
615 1167 644 1191 et
654 1162 847 1190 benevolentia
856 1165 959 1195 vestra,
971 1161 1026 1189 nisi
1038 1161 1166 1196 indi-enus
1177 1161 1302 1195 videbor,
1320 1169 1404 1196 porro
1422 1168 1467 1189 me
1483 1161 1689 1196 amplectimini.
1703 1161 1806 1189 Dabam

171 1210 254 1238 llalae
263 1210 314 1238 sub
329 1210 404 1246 ipsos
413 1209 499 1238 festos
512 1210 583 1239 dies.

493 1300 568 1336 [Pag.
585 1299 613 1336 7]
629 1299 642 1336 ᾗ
661 1300 682 1328 Ι.
976 1310 999 1335 Α
1014 1300 1140 1329 codicum
1151 1299 1227 1327 MSS.
1243 1303 1295 1332 est,
1315 1300 1432 1327 alterum
1451 1307 1486 1328 ex
1506 1300 1573 1335 ipsis
1590 1303 1715 1328 veterum
1735 1300 1805 1328 scri-

204 1346 281 1379 Quae
293 1345 405 1373 Macarii
419 1345 654 1373 circumferuntur
677 1345 824 1381 Opuscula,
846 1350 876 1373 ut
897 1345 961 1373 dili-

170 1393 244 1427 genti
260 1392 378 1419 lectione
401 1399 456 1419 non
479 1391 590 1419 omnino
610 1391 722 1426 indigna
749 1395 824 1423 sunt,
850 1390 888 1418 ita
911 1398 963 1418 nec

169 1440 241 1467 forte
254 1439 307 1466 hoc
321 1438 457 1472 examine,
472 1438 585 1465 Macarii
602 1446 637 1465 an
649 1445 750 1465 nomen
765 1437 826 1472 jurc
850 1445 915 1472 prae
934 1445 963 1465 se

171 1486 262 1512 ferant
278 1489 306 1512 et
319 1492 414 1512 revera
427 1470 462 1511 ab
480 1491 514 1511 eo
533 1483 598 1511 sint.
618 1483 708 1518 Atque
725 1470 772 1510 hic
794 1470 859 1510 non_
868 1483 964 1510 dubito

171 1531 231 1558 fore
245 1531 393 1566 plerosque
408 1529 456 1566 qui
469 1529 616 1562 mirentur,
629 1529 696 1564 quid
713 1529 748 1557 sit
760 1529 833 1564 quod
848 1537 898 1564 ego
913 1536 964 1564 po-

172 1578 310 1605 tissimum
321 1577 445 1604 dubitem
458 1577 492 1604 de
516 1585 557 1608 re,
582 1576 616 1604 de
641 1584 694 1611 qua
716 1575 819 1603 nemini
842 1582 964 1610 unquam

171 1624 229 1651 fere
243 1623 272 1650 in
284 1626 405 1650 mentem
422 1622 508 1650 venit.
519 1622 591 1656 Quin
606 1626 634 1649 et
651 1622 708 1657 ipse
730 1621 900 1656 aliquantum
928 1622 964 1649 ti-

171 1669 280 1698 midum
297 1677 340 1696 me
356 1675 417 1696 esse
434 1676 489 1695 non
504 1676 584 1704 nego.
602 1667 747 1702 Utcunque
759 1675 825 1695 vero
849 1675 895 1694 res
918 1675 964 1695 ce—

173 1717 284 1748 ciderit,
299 1715 405 1751 juvabit
418 1719 508 1742 tamen
518 1715 617 1747 errori,
633 1722 715 1749 quem
732 1721 793 1741 esse
812 1713 966 1749 suspicatus

174 1771 247 1795 sum,
263 1769 307 1789 me
318 1761 407 1797 ipsum
417 1768 468 1796 pro
484 1760 559 1788 virili
571 1764 648 1796 parte
662 1759 814 1788 obstitisse.

539 1827 553 1863 §
568 1827 601 1854 ιι.

204 1879 289 1914 Quod
303 1885 383 1908 antea
395 1880 451 1915 jam
468 1879 555 1915 tetigi,
570 1886 651 1914 posse
667 1877 734 1905 mihi
757 1877 827 1905 forte
851 1878 966 1905 aliorum

173 1928 286 1956 obstare
297 1927 496 1958 auctoritatem,
511 1925 558 1960 qui
572 1925 640 1952 nihil
658 1925 712 1952 tale
732 1924 863 1960 suspicati
892 1928 965 1957 sunt,

174 1975 202 2003 id
230 1974 322 2001 adhuc
343 1973 479 2000 contendo
500 1972 568 1999 vitio
591 1971 659 1998 mihi
684 1971 755 1998 verti
785 1971 862 1998 nullo
886 1970 967 1997 modo

175 2020 252 2057 [Ρη.
268 2019 296 2055 8]
326 2026 416 2054 posse.
441 2018 480 2045 ita
502 2017 577 2045 enim
603 2017 631 2044 in
652 2016 696 2044 his
713 2015 812 2044 studiis
828 2015 896 2043 mihi
910 2016 966 2051 jam

174 2067 223 2094 diu
236 2065 385 2092 multorum
401 2063 612 2091 auctoritatibus
624 2062 697 2090 suasi
716 2069 777 2089 esse
789 2061 966 2093 versandum,

175 2116 208 2140 ut
222 2116 325 2139 temere
338 2109 418 2142 nihil,
433 2117 485 2136 nec
508 2109 568 2136 sine
592 2107 746 2135 rationibus
768 2106 848 2134 facile
871 2106 968 2133 crede—

175 2166 247 2185 rem.
263 2157 357 2192 Neque
371 2157 424 2184 hoc
435 2163 527 2183 meum
543 2162 659 2182 examen
681 2154 737 2181 ulla
758 2153 787 2180 in
809 2161 839 2180 re
862 2152 968 2179 nomini

175 2209 340 2238 magnorum
351 2201 474 2228 virorum
485 2200 617 2235 derogare
638 2198 741 2233 aliquid
762 2201 862 2232 potest.
876 2196 968 2224 Mirari

175 2250 251 2276 enim
265 2256 347 2276 nemo
361 2248 415 2275 erit
424 2247 472 2282 qui
483 2250 567 2279 vetet,
581 2253 631 2273 cur
642 2245 713 2272 hanc
731 2251 813 2271 nemo
833 2244 970 2281 quaestio«

175 2303 241 2323 nem
255 2295 383 2322 moverit.
396 2293 453 2321 Nisi
466 2293 528 2328 quis
549 2300 582 2319 eo
604 2291 675 2319 forte
697 2290 798 2318 referat
818 2289 968 2321 Possimtm,

174 2342 226 2377 qui
246 2342 275 2368 in
287 2341 430 2368 Thesauro
445 2347 496 2368 suo
505 2338 623 2366 ascetico
637 2337 672 2364 de
687 2336 768 2364 tertio
782 2335 901 2363 Macario
909 2334 971 2362 ideo

175 2389 291 2425 cogitat,
306 2387 380 2422 quod
397 2387 496 2414 horum
509 2386 626 2414 duorum
641 2383 734 2412 neutri
746 2386 869 2410 veterum
892 2381 970 2409 testi-

175 2436 304 2464 monium
325 2438 424 2461 exstet.
445 2433 532 2466 Quam
561 2431 672 2467 quidem
698 2430 773 2457 litem
798 2429 879 2457 simul
904 2436 970 2455 con-

174 2484 283 2514 fecero,
296 2481 320 2509 si
333 2481 403 2507 hanc
412 2484 537 2514 potuero,
551 2485 632 2513 quam
646 2477 704 2512 ipse
719 2475 829 2510 incipio.

542 2543 555 2580 §
573 2544 619 2571 Ill.

214 2596 305 2630 Atque
318 2593 461 2620 videamus
485 2592 550 2627 jam,
574 2590 675 2625 quibus
699 2589 865 2624 argumentis
890 2587 971 2615 fidem

175 2641 278 2669 haberi
297 2640 385 2666 velint
403 2642 450 2665 aut
468 2637 537 2664 velle
553 2636 669 2671 possint,
685 2635 731 2670 qui
756 2635 883 2665 Macario,
909 2633 972 2668 qui—

1014 1347 1069 1382 ptis
1079 1346 1196 1382 petitum
1206 1349 1234 1373 et
1251 1346 1424 1374 testimoniis.
1441 1346 1520 1379 Quod
1543 1346 1566 1374 si
1589 1353 1655 1382 ergo
1676 1350 1806 1374 neutrum

1015 1393 1112 1420 stabile
1139 1396 1168 1419 et
1187 1391 1297 1419 firmum
1320 1392 1366 1424 sit,
1388 1400 1444 1419 non
1466 1396 1571 1420 temere
1600 1392 1728 1421 dubitare
1755 1401 1806 1429 ego

1014 1438 1140 1466 videbor.
1154 1437 1243 1473 Atque
1256 1437 1285 1465 id
1295 1437 1384 1473 ipsum
1396 1446 1447 1473 ego
1457 1445 1560 1466 assero.

1049 1489 1172 1516 Primum
1184 1489 1259 1516 enim
1273 1489 1346 1524 quod
1359 1489 1459 1517 attinet
1472 1489 1506 1517 ad
1523 1489 1610 1523 MSS,
1629 1490 1663 1518 ad
1685 1499 1756 1526 quae
1777 1491 1806 1519 in

1016 1533 1059 1561 his
1072 1533 1155 1561 rebus
1166 1541 1318 1568 provocare
1330 1541 1387 1561 non
1398 1534 1527 1569 exiguum
1547 1539 1590 1562 est
1607 1535 1805 1568 testimonium.

1016 1579 1102 1606 multa
1115 1583 1198 1606 erunt
1213 1579 1475 1614 circumspicienda.
1497 1579 1584 1613 Quam
1606 1581 1711 1616 antiqui
1739 1582 1808 1610 tales

1016 1624 1127 1652 codices
1138 1624 1204 1657 sint,
1219 1625 1266 1660 qui
1278 1624 1427 1653 Hacarium
1445 1629 1588 1654 auctorem
1603 1626 1735 1661 produnt,
1750 1631 1807 1655 sta-

1017 1673 1097 1697 tuere
1109 1670 1155 1697 vix
1165 1678 1288 1705 possum,
1302 1670 1367 1705 quia
1378 1678 1475 1699 eorum
1487 1672 1515 1699 in
1531 1672 1575 1700 his
1598 1673 1688 1706 terris,
1711 1677 1743 1700 ut
1765 1674 1806 1706 ﬁt.

1015 1716 1092 1743 nulla
1105 1720 1153 1743 aut
1162 1716 1260 1751 exigua
1274 1720 1318 1743 est
1328 1716 1436 1744 notitia.
1450 1717 1486 1744 At
1505 1718 1672 1746 contendere
1691 1719 1738 1746 vix
1757 1727 1806 1748 ve-

1016 1769 1090 1794 reor,
1102 1769 1157 1789 non
1169 1762 1241 1789 ultra
1260 1762 1400 1790 saeculum
1422 1771 1459 1790 Ill
1485 1767 1534 1790 aut
1560 1772 1607 1791 XIII
1631 1772 1691 1792 esse
1714 1773 1806 1800 posse.

1018 1807 1092 1841 quia,
1106 1811 1135 1834 ut
1160 1807 1337 1835 ostendemus
1358 1812 1463 1843 postea,
1486 1816 1567 1836 nemo
1588 1809 1645 1837 fere
1668 1815 1731 1838 ante
1755 1811 1808 1839 ista

1018 1857 1142 1888 tempora
1157 1853 1271 1880 istorum
1286 1861 1401 1888 operum
1410 1854 1523 1881 Macarii
1534 1855 1585 1882 sub
1598 1856 1709 1884 nomine
1728 1865 1807 1884 men-

1019 1899 1121 1926 tionem
1135 1899 1208 1927 facit.
1222 1900 1279 1927 lloc
1299 1908 1365 1935 ergo
1389 1909 1455 1928 sane
1480 1909 1537 1928 non
1558 1901 1675 1929 multum
1700 1903 1810 1931 roboris

1019 1945 1133 1972 habebit
1154 1950 1358 1981 argumentum.
1382 1945 1457 1982 [Pag.
1470 1946 1499 1983 9]
1518 1946 1641 1979 Accedit,
1667 1948 1723 1975 sint
1743 1948 1809 1976 licet

984 1991 1004 2018 lt
1016 1990 1091 2018 MSS.
1103 1991 1194 2023 multi,
1207 1995 1323 2026 possunt
1344 1991 1379 2019 ab
1401 1999 1457 2019 uno
1479 1999 1576 2020 omnes
1597 1992 1712 2028 profecti
1735 2001 1807 2026 esse,

1017 2040 1100 2072 atque
1110 2044 1176 2072 ergo
1187 2038 1360 2066 auctoritatis
1372 2037 1464 2065 adhuc
1474 2038 1601 2066 minoris.
1616 2039 1696 2071 Tum,
1718 2039 1742 2067 si
1764 2040 1808 2068 vel

1017 2082 1135 2109 maxime
1147 2082 1181 2110 de
1193 2083 1356 2110 auctoritate
1367 2083 1443 2110 MSS.
1457 2087 1606 2117 constaret,
1620 2084 1654 2112 iis
1664 2088 1755 2113 tamen
1774 2093 1809 2113 ex

1018 2135 1051 2154 eo
1061 2132 1166 2155 tantum
1175 2128 1264 2163 capite
1277 2128 1380 2163 aliquid
1390 2128 1510 2156 dandum
1518 2134 1602 2161 esset,
1613 2130 1686 2164 quod
1696 2131 1810 2158 rationi-

1018 2174 1070 2202 bus
1077 2174 1215 2202 contraria
1222 2183 1277 2202 non
1286 2174 1391 2202 dicunt.
1401 2174 1460 2202 Jam
1471 2183 1537 2203 vero
1546 2175 1605 2203 fieri
1615 2177 1660 2204 vix
1669 2182 1769 2212 potest,
1779 2182 1810 2205 ut

1019 2224 1115 2247 auctor
1125 2220 1270 2252 asceticus,
1285 2220 1375 2256 qualis
1389 2225 1431 2248 est
1442 2220 1586 2254 Macarius,
1597 2226 1652 2249 tam
1675 2223 1723 2250 diu
1748 2231 1808 2250 mo-

1019 2266 1115 2294 nachis
1129 2267 1270 2302 ignoratus
1281 2267 1316 2294 sit
1329 2274 1378 2302 per
1392 2275 1409 2293 x
1421 2271 1449 2294 et
1459 2267 1537 2302 plura
1547 2268 1666 2301 saecula,
1683 2273 1714 2295 ut
1727 2277 1807 2296 nemo

1019 2312 1078 2346 ejus
1091 2311 1258 2338 meminerit.
1274 2311 1362 2344 Adde,
1377 2312 1451 2346 quod
1473 2313 1553 2340 multi
1577 2313 1641 2340 talia
1662 2318 1806 2348 praecepta

1019 2357 1192 2392 scripserint,
1207 2362 1238 2385 ut
1252 2358 1305 2385 hoc
1316 2358 1438 2386 studium
1450 2358 1598 2394 ἀσκητικὸν
1618 2358 1676 2386 fere
1700 2367 1809 2394 semper

1021 2403 1150 2438 viguerit.
1164 2403 1203 2430 lta
1213 2403 1266 2431 hoc
1277 2403 1374 2432 eodem
1381 2405 1444 2439 jure
1456 2404 1568 2436 Caveas,
1582 2405 1653 2432 Hist.
1666 2405 1718 2432 Lit.
1739 2406 1768 2432 l’.
1787 2414 1807 2438 ι,

1020 2449 1133 2477 Macarii
1143 2453 1224 2485 negat
1249 2457 1310 2477 esse
1335 2450 1498 2485 opusculum
1520 2451 1630 2486 aliquod
1655 2451 1689 2479 de
1709 2451 1808 2478 exodio

1021 2495 1129 2522 animae
1152 2495 1288 2529 justorum
1313 2500 1341 2523 et
1366 2496 1524 2531 impiorum,
1548 2497 1638 2530 quod,
1666 2496 1731 2524 licet
1751 2497 1809 2524 MS.

1021 2540 1157 2575 praeferat
1175 2540 1285 2567 Macarii
1301 2548 1412 2572 nomen,
1434 2544 1525 2567 tamen
1546 2541 1616 2568 ratio
1639 2541 1810 2568 tractationis

1021 2586 1124 2613 absona
1135 2590 1164 2613 et
1176 2593 1230 2613 non
1244 2586 1411 2614 conveniens
1427 2586 1471 2613 sit.
1485 2586 1519 2613 Et
1535 2587 1667 2621 profecto,
1692 2587 1715 2614 si
1745 2587 1810 2614 licet

1022 2631 1188 2667 eonjecturis
1198 2631 1350 2667 indulgere,
1364 2639 1419 2659 non
1432 2632 1538 2663 dubito,
1548 2636 1641 2659 nostra
1652 2633 1742 2660 omnia
1749 2633 1808 2660 Ma-

175 2667 291 2723 cunque
305 2686 328 2713 is
344 2685 390 2717 sit,
410 2685 460 2711 ista
477 2667 648 2711 adscribunt.
673 2667 752 2708 Nulla
776 2685 849 2708 certe
869 2667 970 2707 habere
985 2667 1008 2697 (ἶ
1024 2678 1135 2704 uariana
1147 2677 1282 2713 0puseula
1295 2682 1416 2713 tempore
1427 2678 1523 2706 eodem
1540 2686 1601 2705 cum
1619 2677 1671 2706 lioc
1683 2679 1735 2706 isto
1745 2684 1808 2707 nata

175 2733 233 2760 alia
246 2735 375 2768 possunt,
390 2737 470 2765 quam
485 2728 597 2756 omnino
615 2728 680 2755 duo.
705 2727 826 2760 Quorum
853 2726 971 2753 alterum

1025 2728 1053 2751 et
1066 2723 1253 2751 consarcinata
1270 2723 1363 2751 fuisse.

944 2813 1068 2841 NOTAE.

176 2884 304 2919 lngctico
317 2882 468 2919 disputatio
490 2881 600 2919 additur
614 2881 707 2919 brevis
721 2881 773 2909 hoc
788 2881 877 2919 indice
894 2890 900 2907 :
915 2881 970 2919 En:-

177 2916 478 2955 pléndispatiicaussa,
493 2917 559 2952 quod
571 2925 611 2945 me
624 2916 727 2956 fefellit,
740 2916 872 2952 pauculas
883 2917 969 2956 anim-

1025 2881 1190 2917 adoersiones
1202 2881 1228 2907 in
1239 2880 1604 2917 TertullianiApologetirum
1621 2882 1713 2917 prodo.
1728 2882 1804 2911 Eun.

1024 2939 1039 2952 ι
1062 2916 1102 2952 (a)
1117 2916 1216 2961 tium,
1234 2915 1374 2944 Semlerus
1388 2915 1456 2946 falso
1474 2915 1583 2953 scripsit
1594 2915 1668 2946 Χὲηα.
1681 2917 1718 2945 ι».
