2048 3153
234 233 288 269 $67

587 291 669 326 §lHL

274 337 352 366 MSSi
361 339 384 362 η
397 345 472 373 ergo,
486 341 517 364 ut
528 337 658 370 vidimus,
682 336 736 364 nisi
749 335 860 364 aliunde
875 335 1023 366 auctoritas

239 382 355 419 accedit,
368 382 443 409 nulla
458 385 509 409 est.
520 381 668 410 Videamus
676 381 732 417 jam
748 384 938 417 argumentum
954 380 1022 412 alte-

241 437 319 468 rum,
329 431 422 455 utrum
439 428 492 455 tale
507 427 609 462 aliquid
621 431 709 455 exstet
720 427 749 454 in
761 431 885 454 veterum
904 425 1023 460 scriptis.

240 474 294 511 [ibi
307 474 418 509 quidem
434 473 551 508 cogitate
562 474 683 501 scribere
699 481 743 501 me
757 473 840 500 credo
855 477 882 499 et
891 472 1024 508 judicare,

242 521 345 559 nemini
362 525 485 556 veterum
503 525 597 549 notum
613 520 707 553 fuisse,
721 519 795 557 quod
816 519 948 548 Macarius
975 517 1026 544 ista

243 566 398 601 reliquerit.

278 612 318 640 Ita
334 620 439 645 omnes,
453 612 499 648 qui
517 612 550 645 de
565 611 746 662 scriptoribus
758 608 949 639 ecclesiasticis
971 612 1029 636 tra-

244 656 383 690 diderunt,
396 661 471 685 certo
486 665 520 685 ex
535 653 648 690 consilio
663 655 697 683 de
709 655 826 683 Macario
852 657 880 682 et
901 653 945 680 his
971 653 1031 688 ejus

244 702 389 738 Opusculis
410 706 511 730 tacent.
540 702 628 737 Atque
654 701 705 728 hos
734 707 784 736 ego
817 703 953 731 auctores,
976 705 1031 733 quo

246 749 378 785 cujusque
395 747 470 784 [Pag.
490 747 535 784 10]
558 748 644 783 major
661 753 722 774 esse
742 744 891 775 auctoritas
911 743 1031 775 videtur,

245 795 367 831 singulos
388 795 486 822 ordine
507 793 657 822 collocabo.
680 791 784 829 Agmen
811 790 933 821 omnium
958 788 1034 817 ducit

246 839 431 875 Hieronymus.
449 839 509 871 llic,
526 837 601 874 quod
616 840 712 864 notum
724 836 796 865 inter
811 843 907 864 omnes
918 838 969 867 est,
979 841 1035 861 non

245 885 354 921 vulgari
370 885 510 921 diligentia
528 885 556 911 in
579 884 632 912 isto
648 887 809 918 argumento
833 885 957 911 versatus
982 884 1034 913 est,

247 935 427 966 veterumque
440 930 608 965 reipublicae
619 928 792 956 Christianae
805 927 953 962 insignium
964 926 1037 955 viro-

249 984 311 1004 rum
321 961 403 1009 vitas,
418 979 447 1004 et
459 961 621 1011 praesertim
638 975 740 1010 scripta
752 980 847 1001 eorum
862 961 985 1013 reliquit.
1001 971 1038 999 At
1053 961 1074 988 Β

249 1022 323 1051 idem
334 1022 381 1049 hic
392 1021 575 1056 Hieronymus
585 1020 682 1050 nescit,
695 1019 843 1046 Macarium
854 1016 957 1052 aliquid
969 1023 1036 1048 con—

249 1068 403 1103 scripsisse,
417 1071 446 1095 et
461 1067 523 1094 ideo
541 1074 575 1094 ex
590 1066 643 1093 isto
662 1065 725 1092 albo
746 1064 858 1092 omittit.
885 1063 973 1098 Atque
985 1062 1038 1089 hoc

249 1118 440 1150 argumentum
453 1121 486 1141 eo
502 1117 544 1141 est
558 1112 679 1148 gravius,
691 1111 764 1147 quod
783 1110 941 1147 Hieronymi
963 1113 1039 1137 aetas

249 1167 307 1188 non
318 1160 406 1187 solum
427 1157 538 1186 Macarii
567 1161 691 1192 tempora
715 1163 773 1183 non
795 1155 881 1182 multo
907 1157 969 1189 post
996 1157 1040 1180 est

250 1209 409 1237 consecuta,
426 1203 475 1232 sed
487 1207 516 1231 et
532 1203 590 1238 ipse
609 1201 797 1229 habitaculum
821 1199 930 1227 Macarii
953 1198 1040 1226 oculis

251 1251 311 1281 suis
334 1250 420 1283 vidit,
440 1254 471 1277 ut
491 1253 608 1278 testatur
622 1249 656 1276 de
686 1255 716 1276 se
739 1247 798 1282 ipse
823 1246 895 1273 inter
911 1244 1042 1280 opuscula

252 1297 288 1325 de
302 1297 373 1325 Vitis
387 1300 506 1331 patrum.
520 1295 620 1322 Mortui
631 1295 686 1330 jam
700 1297 780 1321 erant
794 1291 915 1323 Macarii,
937 1295 966 1318 et
992 1289 1039 1325 qui

253 1343 288 1371 iis
305 1342 524 1378 supervixerant,
550 1341 636 1368 multa
661 1339 856 1374 Hieronymum
884 1337 918 1364 de
946 1343 1041 1364 eorum

253 1388 311 1416 vita
326 1391 355 1415 et
365 1387 449 1415 rebus
469 1386 553 1422 gestis
571 1385 736 1416 docuerunt,
754 1388 782 1411 at
805 1384 839 1411 de
867 1382 977 1417 scriptis
1000 1387 1042 1410 ta-

254 1438 327 1466 cent.
343 1433 422 1466 Quod
435 1432 458 1460 si
469 1440 535 1467 ergo
550 1431 590 1464 hi,
606 1431 654 1466 qui
670 1430 772 1463 omnia,
786 1437 856 1465 quae
875 1429 909 1456 ad
934 1428 1043 1456 laudem

255 1480 437 1508 Macariorum
475 1478 614 1513 pertinere
647 1476 823 1508 videbantur,
856 1475 1042 1507 contulerunt,

255 1525 331 1558 uulla
347 1525 407 1560 ejus
423 1524 525 1559 scripta
536 1523 638 1555 sciunt,
653 1522 724 1550 scire
741 1521 829 1550 multo
841 1521 934 1548 minus
947 1520 966 1547 ii
982 1527 1045 1555 pos-

257 1575 333 1604 sunt,
348 1571 396 1606 qui
409 1570 526 1598 multum
543 1572 637 1604 postea
648 1568 787 1596 vixerunt.
801 1567 854 1595 Sed
867 1571 895 1594 et
907 1570 983 1594 certo
994 1573 1045 1593 ne-

258 1617 359 1650 sciunt,
373 1616 440 1652 quia
450 1615 546 1643 itidem
563 1618 662 1641 tacent.
678 1613 874 1649 Hieronymum
892 1612 966 1640 enim
988 1612 1044 1648 jam

257 1663 359 1698 excipit
370 1661 530 1694 Gennadius,
547 1659 736 1688 testimonium
749 1658 949 1694 perhibiturus,
961 1665 991 1685 se
1011 1657 1046 1685 de

258 1709 303 1742 his
313 1708 425 1736 Macarii
440 1707 509 1745 nihil
525 1706 637 1734 omnino
657 1713 707 1733 suo
733 1709 856 1740 tempore
877 1703 1045 1739 cognovisse.

257 1754 315 1785 Nec
327 1754 439 1790 objiciat
450 1753 523 1789 quis,
539 1752 613 1788 quod
628 1751 776 1779 Macarium
800 1750 872 1778 inter
901 1750 1048 1786 scriptores

259 1800 461 1832 ecclesiasticos
482 1803 575 1834 ponat.
593 1797 665 1826 Illud
691 1797 766 1824 enim
790 1795 860 1823 nihil
885 1795 941 1822 huc
959 1795 1047 1831 juvat.

259 1847 408 1879 Videamus
420 1845 478 1881 ipsa
494 1844 629 1873 Gennadii
642 1843 676 1871 de
692 1842 812 1872 Macario
823 1841 917 1870 verba.

622 1889 636 1925 ς
653 1889 687 1917 v.

295 1939 441 1972 Macarius,
455 1938 598 1966 monachus
612 1936 660 1964 itte
670 1935 823 1972 Aegyptius,
839 1935 920 1970 signis
931 1937 957 1961 et
969 1933 1051 1960 virtu-

262 1986 330 2016 tibus
346 1986 447 2018 clarus,
465 1993 548 2012 unam
566 1987 671 2013 tantum
686 1983 792 2018 scripsit
809 1981 844 2008 ad
856 1981 976 2016 juniores
990 1987 1052 2015 pro—

262 2032 380 2067 fessionis
389 2039 454 2059 suae
466 2030 616 2066 epistolam,
625 2030 653 2056 in
664 2037 717 2063 qua
730 2028 813 2060 docet,
827 2026 902 2063 [Pag.
918 2025 963 2062 il]
974 2020 1052 2052 illum

261 2078 375 2114 perfecte
388 2086 462 2114 posse
469 2078 568 2104 seruire
580 2076 646 2109 Deo,
663 2076 710 2111 qui
723 2075 897 2102 conditionem
912 2073 1052 2100 creationis

261 2130 325 2151 suae
346 2129 500 2158 cognoscens
524 2121 558 2148 ad
579 2128 668 2148 omnes
694 2120 860 2155 semetipsum
885 2117 1053 2145 inclinauerit

262 2167 376 2200 labores,
393 2171 417 2194 et
437 2166 560 2194 luctando
583 2169 662 2201 atque
685 2165 734 2192 Dei
758 2164 889 2192 auxilium
912 2163 1053 2191 aduersum

263 2221 351 2246 omne,
368 2213 437 2249 quod
451 2213 480 2239 in
502 2212 552 2239 hac
569 2213 624 2240 uita
649 2219 729 2240 suave
748 2215 797 2244 est,
822 2209 998 2246 explorando,
1019 2209 1054 2236 ad

264 2260 417 2288 naturalem
447 2267 548 2295 quoque
573 2259 725 2295 perueniens
745 2259 899 2294 puritatem,
921 2257 1055 2284 continen-

265 2308 332 2335 tiam
341 2306 411 2334 υειιιι
425 2309 540 2333 naturae
556 2304 783 2335 debitum,muuus
794 2303 943 2330 obtinuerit.

302 2353 363 2386 llic,
381 2355 412 2380 ut
424 2351 562 2384 videmus,
579 2350 705 2378 meminit
721 2349 818 2385 scripti
835 2349 952 2384 alicujus
964 2356 980 2375 a
993 2347 1055 2375 Ma-

265 2397 349 2429 cario,
366 2396 414 2424 sed
426 2395 584 2431 epistolam,
593 2398 622 2422 et
634 2393 745 2429 quidem
755 2402 838 2421 unam
849 2397 954 2420 tantum
963 2392 1056 2428 appel-

265 2442 314 2476 lat.
326 2441 457 2476 Adeoque
469 2448 522 2468 nec
535 2440 678 2472 Homilias,
694 2447 746 2468 nec
759 2439 813 2466 alia
828 2438 965 2477 Opuscula
975 2437 1055 2465 audi-

265 2492 344 2518 verat
369 2491 418 2516 aut
437 2487 554 2515 viderat.
572 2486 654 2515 Venit
676 2487 705 2514 in
726 2491 849 2514 mentem
873 2485 957 2518 illius,
981 2485 1056 2520 quod

267 2533 365 2565 Carm
380 2534 449 2564 Hist,
462 2534 516 2561 Lit.
530 2534 561 2561 Ρ.
577 2541 596 2560 n
617 2533 652 2561 de
666 2532 785 2560 Macario
799 2536 893 2560 contra
909 2532 1054 2560 Possinum

267 2580 375 2612 scribit,
398 2579 445 2614 qui
475 2579 572 2606 eadem
598 2578 632 2606 de
655 2585 738 2606 causa
767 2578 879 2606 tertium
905 2578 1054 2605 Macarium

233 2655 240 2663 ,
267 2625 464 2660 exsculpserat,
483 2624 557 2659 quod
571 2624 729 2652 Gennadius
740 2623 774 2651 de
789 2623 922 2659 Aegyptio
937 2627 1051 2651 taceret.

268 2671 435 2706 Respondet,
443 2671 566 2706 inquam,
575 2671 680 2698 Caveus
692 2670 729 2698 ita
742 2679 748 2697 :
766 2680 775 2696 ι
787 2670 857 2704 Quid
866 2671 887 2697 si
897 2660 1056 2698 Gennadius

269 2716 304 2744 de
320 2717 387 2745 solis
404 2716 515 2744 Macarii
541 2716 666 2751 epistolis
689 2715 829 2751 loquitur?
853 2715 924 2748 Quid
953 2715 976 2742 si
1003 2715 1057 2742 alia

270 2763 413 2798 scripserit
423 2762 567 2795 Macarius,
585 2770 654 2797 quae
670 2761 805 2790 Gennadii
822 2761 991 2797 diligentiam
1011 2761 1056 2788 fu-

270 2808 370 2849 gerint,
392 2816 456 2836 cum
473 2816 529 2836 non
549 2816 635 2844 pauca
654 2808 710 2836 sint
733 2808 845 2843 scripta,
871 2815 941 2843 quae
955 2807 1057 2835 frustra

881 232 927 260 10.
946 232 1019 259 SAL.
1038 231 1219 260 SEMLERUS

1035 293 1058 320 Α
1072 288 1143 324 apud
1166 287 1336 316 Gennadium
1359 287 1453 322 quaeri
1476 285 1599 321 possint?
1615 294 1623 310 ι
1647 284 1720 311 Haec
1737 282 1855 311 Caveus.

1800 225 1855 255 268

1072 336 1148 369 Quae
1161 339 1189 362 et
1203 339 1299 362 contra
1307 341 1350 361 me
1363 333 1428 366 sint,
1445 332 1497 360 nisi
1513 336 1675 359 averterem.
1688 329 1766 363 Quod
1778 329 1856 356 facile

1073 388 1195 416 possum.
1209 379 1293 407 Miror
1306 378 1392 411 enim,
1406 379 1496 405 virum
1513 377 1541 404 in
1556 376 1610 404 hoc
1620 383 1720 411 genere
1732 373 1859 402 doctissi—

1075 434 1150 454 mum
1167 425 1219 453 ista
1238 424 1392 459 scripsisse.
1415 423 1497 451 Putat
1511 422 1545 450 de
1565 421 1632 449 solis
1644 420 1772 456 epistolis
1782 418 1860 455 loqui

1075 471 1256 501 Gennadium.
1271 469 1306 497 At
1315 469 1343 497 id
1360 477 1415 496 non
1428 468 1561 496 credibile
1572 471 1624 500 est,
1641 467 1706 502 quia
1720 465 1861 494 confectu-

1078 526 1126 547 rus
1136 521 1197 545 erat
1210 517 1329 544 indicem
1335 516 1472 551 potiorum
1484 517 1628 542 auctorum
1639 517 1668 541 et
1682 512 1860 548 scriptorum.

1078 563 1212 594 Macarius
1233 563 1286 590 isto
1303 565 1426 596 tempore
1440 560 1618 592 notissimus;
1638 559 1699 586 ideo
1721 558 1799 590 dicit,
1818 557 1863 585 ille

1079 608 1239 645 Aegyptius.
1261 608 1372 639 Etcum
1393 606 1453 641 ejus
1470 605 1639 633 mentionem
1657 604 1750 636 faciat,
1768 603 1864 638 utique

1079 663 1136 682 non
1147 654 1282 684 minorem
1293 658 1398 688 partem
1415 652 1450 681 ab
1460 659 1494 680 eo
1507 651 1674 686 scriptorum
1685 648 1864 681 nominasset,

1081 701 1130 729 sed
1144 700 1276 736 majorem
1294 703 1323 726 et
1337 699 1484 734 potiorem.
1500 697 1535 726 Et
1547 697 1570 725 si
1588 696 1705 724 fuissent
1721 699 1815 722 nostra
1832 701 1866 721 eo

1083 750 1218 782 tempore,
1232 744 1356 780 ifuissent
1377 743 1532 775 tritissima,
1553 741 1618 776 quia
1633 739 1780 776 ἀπητικά.
1797 738 1866 766 Cum

1083 793 1159 828 [Pag.
1184 790 1230 827 i‘2]
1246 798 1312 826 ergo
1337 793 1426 818 taceat
1439 787 1609 823 Gennadius,
1632 787 1706 817 idem
1727 789 1771 814 est
1790 793 1822 814 ac
1843 784 1868 812 si

1084 838 1167 871 dicat,
1182 836 1331 865 Macarium
1345 836 1414 864 haec
1425 842 1480 862 non
1491 833 1644 869 scripsisse.
1656 832 1760 861 Deinde
1775 834 1869 866 aperte

1085 885 1244 914 Gennadius
1261 883 1339 916 dicit,
1357 881 1470 918 scripsit
1491 889 1574 908 unam
1595 883 1700 908 tantum
1713 878 1869 914 epistolam,

1088 932 1106 960 i.
1125 939 1150 960 e.
1164 930 1234 959 nihil
1253 929 1328 958 aliud
1342 929 1424 956 ultra.
1439 927 1496 957 Nec
1509 926 1613 962 fugisse
1628 925 1725 953 eadem
1737 924 1772 952 de
1787 930 1871 952 causa

1087 978 1139 1005 ista
1156 979 1271 1012 possunt
1290 976 1350 1011 ejus
1369 973 1464 1002 oculos
1487 976 1535 1001 aut
1556 970 1736 1007 diligentiam,
1758 969 1824 1005 quia
1842 971 1871 996 et

1087 1024 1176 1060 majus
1189 1029 1268 1058 opus,
1282 1028 1364 1056 quam
1377 1019 1502 1055 epistola,
1517 1017 1677 1049 conficiunt,
1689 1019 1718 1049 et
1731 1019 1796 1048 nota
1802 1014 1873 1047 fuis—

1087 1073 1150 1098 sent
1167 1067 1291 1096 omnium
1305 1066 1433 1096 maxime.
1450 1063 1523 1099 Quin
1538 1067 1567 1091 et
1579 1063 1648 1092 haec
1657 1061 1873 1097 epistola,quam

1088 1115 1206 1145 Macario
1225 1113 1273 1143 dat
1287 1111 1454 1144 Gennadius,
1466 1110 1512 1138 vix
1526 1109 1595 1138 mihi
1611 1115 1708 1136 revera
1725 1106 1759 1134 ab
1771 1113 1804 1138 eo
1814 1111 1875 1135 esse

1089 1160 1209 1192 videtur,
1223 1157 1296 1194 quod
1321 1157 1504 1192 Hieronymus
1525 1161 1581 1182 non
1603 1153 1772 1180 mentionem
1792 1149 1874 1182 facit;

1090 1204 1149 1240 qui,
1166 1204 1190 1232 si
1212 1202 1374 1234 exstitisset,
1397 1208 1459 1228 eam
1479 1200 1508 1227 in
1526 1199 1637 1226 deserto
1657 1197 1710 1226 isto
1735 1194 1876 1229 domicilio

1090 1239 1301 1279 monachorum,
1317 1246 1419 1282 quibus
1425 1244 1546 1281 praefuit
1561 1242 1705 1274 Macarius,
1719 1241 1779 1269 sine
1792 1239 1877 1267 dubio

1090 1295 1216 1323 vidisset.
1238 1293 1287 1322 His
1309 1293 1379 1321 addo
1410 1292 1501 1319 adhuc
1525 1290 1662 1324 Ruﬁnum,
1684 1287 1732 1323 qui
1756 1286 1829 1314 libro
1849 1293 1877 1312 xl

1092 1349 1152 1379 cap.
1166 1341 1184 1368 4
1197 1339 1235 1376 (a)
1251 1339 1303 1368 et8
1314 1339 1347 1367 de
1358 1337 1484 1368 Macariis
1495 1337 1561 1372 agit,
1575 1339 1603 1362 at
1615 1335 1649 1362 de
1665 1333 1776 1368 scriptis
1791 1335 1877 1364 tacet;

1092 1377 1238 1415 Honorium
1261 1384 1531 1421 Augustodunensem,
1548 1381 1595 1417 qui
1618 1380 1748 1416 pleraque
1767 1377 1879 1413 quidem

1093 1442 1127 1461 ex
1143 1432 1285 1461 Gennadio
1303 1435 1332 1459 et
1347 1431 1410 1463 aliis
1428 1429 1558 1464 sublegit,
1575 1432 1603 1455 at
1619 1426 1683 1462 quia
1705 1427 1788 1456 tacet,
1808 1422 1879 1450 nihil

1094 1479 1166 1508 ultra
1173 1477 1333 1513 cognovisse
1345 1475 1499 1504 credendus
1507 1478 1558 1501 est.
1566 1473 1620 1501 Sed
1628 1471 1707 1499 omisi
1714 1469 1879 1500 Palladium,
1924 1469 1925 1474 ‘

1094 1525 1142 1562 qui
1156 1524 1247 1560 primo
1257 1527 1319 1559 post
1332 1522 1530 1557 Hieronymum
1542 1520 1604 1547 loco
1624 1514 1881 1545 commemorandus

1095 1561 1203 1602 fuisset,
1217 1569 1272 1597 nisi
1283 1568 1330 1595 isti
1341 1567 1410 1595 mihi
1421 1564 1604 1606 conjungendi
1619 1571 1679 1591 esse
1692 1561 1743 1589 visi
1753 1561 1879 1588 fuissent.

1059 1629 1080 1659 ο
1096 1617 1147 1646 llic
1157 1622 1229 1643 anno
1244 1618 1308 1650 post
1321 1613 1427 1640 obitum
1440 1610 1550 1639 Macarii
1565 1609 1683 1637 eundem
1692 1607 1720 1637 in
1730 1607 1818 1634 locum
1833 1613 1879 1632 so-

1097 1661 1224 1691 litudinis
1235 1659 1362 1691 accessit,
1372 1662 1401 1686 et
1412 1662 1504 1685 tamen
1515 1656 1585 1694 nihil
1598 1655 1698 1682 horum
1716 1653 1880 1688 scriptorum

1098 1705 1224 1734 meminit
1237 1704 1265 1731 in
1279 1702 1402 1732 Historia
1415 1701 1560 1734 Lausiaca,
1571 1700 1637 1727 licet
1648 1697 1760 1726 Macarii
1772 1695 1883 1731 egregia

1097 1753 1169 1780 facta
1185 1749 1332 1779 collaudet.
1352 1747 1440 1776 Omisi
1452 1751 1481 1774 et
1499 1746 1631 1775 Joannem
1649 1744 1818 1775 Cassianum,
1834 1741 1883 1776 qui

1098 1798 1133 1826 de
1155 1795 1289 1825 institutis
1313 1792 1473 1822 monasticis
1499 1790 1623 1819 scribens
1652 1789 1738 1816 multa
1764 1786 1884 1815 celebria

1098 1843 1209 1872 Macarii
1221 1842 1296 1870 dicta
1305 1840 1396 1872 affert,
1412 1843 1440 1867 at
1455 1839 1525 1866 haec
1536 1837 1596 1873 ejus
1612 1835 1748 1871 Opuscula
1766 1834 1884 1869 ignorat,

1100 1897 1171 1925 quae
1182 1892 1273 1916 tamen
1288 1885 1401 1923 proprie
1414 1884 1448 1912 ad
1467 1891 1546 1912 suum
1567 1881 1706 1910 scribendi
1721 1887 1807 1915 genus
1820 1885 1887 1914 per-

1100 1922 1261 1970 tinuissent,
1273 1922 1298 1961 si
1306 1931 1487 1960 exstitissent.
1503 1929 1587 1962 Quin,
1600 1926 1674 1963 quod
1691 1926 1781 1953 adhuc
1803 1922 1885 1955 addo,

1103 1985 1175 2009 tacet
1190 1985 1219 2008 et
1228 1979 1334 2014 Suidaa.
1344 1978 1440 2012 Neque
1452 1975 1527 2004 enim
1542 1974 1571 2002 in
1587 1974 1643 2001 vita
1655 1972 1769 2000 Macarii
1783 1969 1888 2004 scripta

1101 2027 1161 2062 ejus
1176 2025 1232 2056 ulla
1245 2026 1390 2055 memorat,
1408 2021 1457 2049 sed
1469 2019 1603 2056 quaedam
1619 2017 1739 2053 Evagrii,
1759 2014 1889 2062 discipuli

1103 2061 1187 2099 illius.
1202 2070 1306 2099 Unicus
1316 2072 1413 2100 restat,
1431 2066 1479 2095 sed
1498 2066 1523 2094 is
1533 2074 1568 2093 ex
1578 2063 1791 2095 recentioribus,
1805 2061 1890 2091 Joan-r

1103 2126 1148 2149 nes
1176 2116 1351 2147 Trithemius,
1388 2113 1435 2148 qui
1458 2112 1606 2141 Macarium
1641 2110 1713 2137 inter
1740 2108 1889 2143 scriptores

1103 2162 1179 2199 [Ρη.
1204 2160 1250 2197 1'5]
1265 2160 1353 2196 ponit,
1369 2159 1445 2189 nulla
1469 2163 1560 2187 tamen
1576 2157 1637 2192 ejus
1651 2155 1754 2190 scripta
1767 2160 1889 2183 comme-,

1104 2212 1202 2237 morat.
1214 2207 1295 2240 Quod
1304 2206 1338 2234 ad
1350 2205 1498 2235 Simeonem
1507 2203 1677 2239 Logothetam
1687 2200 1795 2232 attinet,
1807 2206 1890 2234 quem

1104 2255 1210 2283 Caveus
1223 2257 1317 2285 monet
1335 2252 1457 2288 capitula
1473 2249 1568 2279 CLXX
1589 2247 1708 2277 ascetica
1724 2244 1891 2283 metaphrasi

1067 2298 1090 2326 D
1104 2302 1265 2334 illustrasse,
1280 2300 1334 2327 hoc
1349 2298 1476 2331 sufﬁciat,
1496 2305 1573 2330 eum,
1589 2296 1656 2332 quia
1668 2298 1715 2322 aut
1728 2293 1826 2321 incerti
1842 2292 1890 2324 sit,

1103 2352 1150 2376 aut
1169 2350 1244 2375 certe
1267 2355 1305 2376 xu
1329 2346 1440 2374 demum
1465 2343 1579 2377 saeculi,
1617 2349 1713 2378 parum
1735 2348 1816 2376 posse
1838 2339 1891 2367 ista

1105 2394 1208 2429 scripta
1225 2393 1308 2422 tueri.
1325 2392 1354 2424 Si
1372 2391 1406 2420 ad
1428 2398 1541 2418 manum
1565 2388 1712 2424 aliquando
1729 2387 1787 2423 ipse
1807 2386 1892 2414 fuerit

1106 2439 1130 2468 is
1138 2439 1219 2472 liber,
1244 2438 1324 2474 plura
1345 2437 1417 2469 forte
1438 2436 1606 2465 notabimus.
1621 2434 1733 2462 Certum
1756 2440 1822 2468 ergo
1836 2436 1890 2465 est,

1106 2490 1168 2513 ante
1180 2485 1320 2517 saeculum
1339 2492 1376 2512 xu
1395 2491 1451 2511 non
1470 2487 1535 2510 nota
1549 2482 1634 2509 fuisse
1644 2479 1808 2508 Macariana.

1457 2529 1471 2564 ἕ
1489 2529 1534 2560 Ἦ.

1143 2577 1215 2611 Satis
1229 2583 1295 2612 ergo
1311 2575 1368 2603 suis
1391 2574 1547 2602 rationibus
1565 2573 1736 2604 destituitur,
1754 2575 1786 2598 ut
1796 2569 1890 2602 credo,

1108 2624 1202 2659 opinio
1218 2623 1375 2659 pervulgata
1388 2622 1422 2650 de
1438 2621 1551 2649 Macarii
1571 2619 1692 2655 scriptis.
1708 2618 1761 2646 Sed
1779 2625 1831 2645 nec
1849 2616 1895 2644 bis

1109 2669 1278 2705 argumentis
1298 2669 1363 2697 solis
1378 2668 1492 2700 innitor,
1508 2675 1593 2702 quum
1615 2667 1649 2694 de
1668 2664 1814 2701 Opusculis
1834 2663 1895 2691 istis

1107 2716 1215 2743 dubito.
1231 2715 1336 2742 Addam
1354 2714 1429 2752 aliud
1443 2713 1544 2746 adhuc,
1562 2712 1635 2751 quod
1652 2716 1758 2739 tantum
1773 2709 1851 2736 abest
1864 2711 1896 2735 ut

1106 2762 1168 2789 istis
1181 2761 1270 2793 cedat,
1289 2766 1319 2788 ut
1332 2760 1452 2796 pondere
1464 2767 1515 2787 suo
1530 2762 1670 2794 praestare
1681 2756 1772 2792 potius
1787 2755 1894 2790 opiner.

1108 2807 1219 2835 Scilicet
1231 2811 1314 2835 totam
1328 2806 1466 2834 scribendi
1484 2805 1629 2838 rationem,
1647 2811 1702 2839 qua
1714 2801 1831 2830 confecti
1846 2799 1898 2828 isti

1021 2884 1146 2921 noras.

308 2944 349 2984 (α)
368 2944 457 2979 Corn,
473 2945 610 2979 Scmlerus
626 2945 707 2976 habet
723 2944 748 2972 ’5.
768 2943 840 2972 Enn.
