2048 3153
182 176 235 206 939

699 182 742 209 DE
762 182 915 210 SClllPTlS
934 182 962 210 S.
983 180 1125 209 MACARII
1143 181 1312 209 AEGYPTll.
1349 217 1354 221 .

1752 180 1806 210 270

182 243 246 268 sunt
257 240 354 273 libelli,
370 240 485 268 alienam
505 249 564 269 esse
576 250 630 269 non
644 242 732 269 solum
744 250 759 269 a
774 242 903 275 Macario,
921 241 970 269 sed
984 243 1008 271 Α
1023 241 1094 268 idem
1113 240 1253 273 traditur;
1272 245 1303 268 ut
1317 240 1379 268 inde
1400 239 1487 267 ferme
1509 244 1647 275 appareat,
1665 238 1805 267 consarci-

181 293 198 312 a
215 285 314 320 quovis
327 285 382 314 alio
398 290 511 313 auctore
531 286 677 314 contendo.
698 287 783 314 Eccui
807 287 882 314 enim
897 285 966 314 illud

182 331 326 368 probabile
349 332 470 364 videtur,
499 332 533 359 ab
553 333 647 367 aliquo
668 337 781 360 auctore
806 333 849 360 bis
875 337 904 360 et
925 336 968 359 ter

180 377 276 405 eadem
287 381 317 404 et
331 377 412 404 verba
426 377 589 412 easdemque
599 378 748 405 sententias
774 377 883 405 diversa
904 385 967 403 συν-

181 423 278 458 αφειᾳ,
294 423 323 450 in
333 430 418 458 parva
429 423 593 458 scriptorum
602 423 684 455 mule,
692 431 743 458 pro
751 422 864 458 integris
873 426 901 450 et
908 422 968 450 aliis

181 468 322 503 opusculis
345 468 432 503 repeti
448 472 478 495 et
496 468 629 496 obtrudi?
641 469 677 496 At
692 469 719 496 id
735 468 911 496 ostendemus
930 467 968 495 ita

182 515 210 541 in
227 514 272 541 his
287 514 398 542 Macarii
421 522 493 547 esse,
518 514 557 542 ita
572 519 675 548 tamen,
695 519 726 542 ut
744 515 825 542 simul
838 522 967 543 nonnun-

180 568 263 595 quam
278 560 330 587 alia
346 568 464 595 quoque,
488 568 576 595 pauca
598 565 687 588 tamen
708 568 876 593 moneamus,
897 567 967 595 quae

180 605 215 634 ad
228 606 365 633 diversam
378 606 545 641 scripturam
563 611 592 634 et
606 606 752 634 lectionem
770 607 909 642 pertinere
926 606 968 633 vi-

180 651 330 679 debuntur.

518 697 532 731 §
553 697 609 724 vn.

216 743 340 778 Exempli
359 743 420 771 loco
441 751 609 778 apponemus
630 751 672 775 ea,
696 751 765 778 quae
786 744 821 771 de
844 751 904 778 cap.
934 744 967 771 i5

179 788 312 822 Opusculi
327 787 360 815 de
379 787 504 815 Custodia
524 788 609 815 cordis
630 796 656 822 p.
688 787 723 814 22
744 788 812 815 edit.
831 788 967 815 Pritianae

179 833 258 869 [Pag.
275 833 320 869 14]
337 833 504 861 notavimus.
520 834 559 861 Ex
572 834 624 861 isto
640 834 744 869 integra
763 832 880 860 Humilia
899 841 966 861 con-

178 878 251 905 fecta
261 883 312 911 est,
327 878 424 906 iisdem
442 879 534 906 verbis
562 885 590 906 et
612 879 765 911 sententiis,
778 885 839 906 xm
862 878 968 906 Scilicet

179 932 207 959 p.
224 924 286 952 9.87.
299 924 358 958 Quo
368 924 466 951 addam
479 925 598 960 denique
609 925 776 960 Opusculum
789 925 821 952 de
834 925 966 952 Libertate
983 913 1004 941 Β

179 971 276 998 mentis
301 978 360 1006 cap.
388 970 431 1003 18,
449 974 478 998 et
500 971 697 1006 Apophthegma
719 971 836 1005 primum
860 970 963 1006 p.251.

216 1015 246 1043 In
261 1016 398 1051 Opusculo
407 1016 439 1043 de
450 1015 574 1043 Custodia
585 1017 669 1043 cordis
681 1025 709 1051 p.
717 1016 752 1043 22
761 1016 798 1043 ita
812 1016 945 1043 habemus
957 1025 964 1043 :

178 1063 197 1089 ὁ
219 1063 410 1096 ,ϐουλόμενος
431 1062 611 1096 προσελθεῖν
632 1062 672 1094 τῷ
694 1063 801 1096 Κυρίῳ,
821 1061 871 1088 καὶ
892 1061 964 1095 ζωῆς

177 1107 301 1134 αἰωνίου
318 1107 547 1142 καταξιωθῆναι,
571 1108 620 1135 καὶ
644 1107 871 1142 κατοικητήριον
892 1107 965 1135 Θεοῦ

178 1152 336 1187 γενέσθαι,
358 1152 409 1180 καὶ
430 1153 601 1187 πνεύματος
625 1154 712 1188 ἁγίου
736 1153 964 1188 καταξιωθῆναι,

177 1197 232 1223 ινα
243 1197 312 1230 τοὺς
335 1198 470 1231 καρποὺς
481 1198 575 1225 αὐτοῦ
598 1199 673 1225 κατὰ
687 1199 740 1232 τὰς
761 1199 888 1233 ἐντολὰς
911 1199 966 1226 τοῦ

177 1243 292 1276 Κυρίου
305 1242 422 1278 δυνηθῇ
440 1243 565 1278 ἀμώμως
580 1244 630 1271 καὶ
647 1245 781 1279 καθαρῶς
797 1246 904 1278 ποιεῖν,
917 1245 966 1272 οῧ-

177 1297 237 1321 τως
261 1289 375 1323 ὀφείλει
400 1289 595 1324 ἐνάρξασθαι.
620 1290 692 1318 Haec
720 1291 850 1326 periodus
878 1291 966 1326 prima

176 1333 262 1369 primi
286 1334 417 1370 Opusculi
433 1335 482 1371 (a).
505 1336 538 1363 Et
554 1336 682 1364 similiter
706 1338 801 1365 eadem
825 1338 909 1365 verba
937 1338 966 1366 in

176 1379 314 1407 Homiliae
330 1381 446 1415 periodo
465 1381 564 1416 prima,
577 1382 631 1410 nisi
639 1383 713 1417 quod
726 1391 777 1418 pro
785 1383 852 1410 Θεοῦ
866 1384 966 1419 legitur

176 1425 227 1452 τοῦ
252 1426 370 1461 Χριστοῦ
383 1425 431 1462 (b),
454 1435 505 1462 pro
530 1428 751 1463 καταξιωθῆναι,
779 1429 964 1465 πληρωθῆναι,

175 1471 253 1506 quod
276 1471 348 1499 forte
372 1472 486 1506 factum,
513 1482 548 1502 ne
572 1474 643 1501 idem
664 1474 780 1502 verbum
806 1475 898 1503 statim
922 1476 965 1503 bis

175 1523 353 1552 occurreret;
367 1526 418 1553 pro
433 1521 556 1555 καρποὺς
572 1520 654 1547 αὐτοῦ
670 1521 771 1556 legitur
783 1522 906 1556 καρποὺς
917 1521 965 1548 τοῦ

175 1562 345 1598 πνεύματος,
357 1563 416 1595 ubi,
431 1564 493 1599 quis
501 1565 581 1596 αὐτὸς
591 1565 636 1597 sit,
648 1565 884 1601 exprimitur;pro
895 1567 965 1593 κατὰ

174 1609 228 1640 τὰς
239 1608 348 1640 ἐντολὰς
368 1609 414 1635 τοῦ
432 1610 535 1645 Κυρίου
550 1610 651 1646 legitur
667 1612 713 1637 καὶ
731 1611 781 1643 τὰς
797 1611 906 1643 ἐντολὰς
919 1611 966 1638 τοῦ

174 1654 309 1689 Χριστοῦ.
328 1654 383 1681 Καὶ
394 1655 623 1690 εοηθζροτριιιεεκ
638 1656 764 1684 Christus
775 1665 826 1692 pro
838 1657 964 1690 Domino,

175 1699 245 1735 quia
263 1700 291 1726 in
305 1700 417 1727 Patrum
442 1701 552 1736 scriptis
574 1702 706 1729 Dominus
722 1706 750 1730 et
770 1702 895 1731 Christus
916 1711 966 1738 pro

174 1746 278 1773 eodem
292 1750 344 1774 est.
362 1746 431 1774 Tum
444 1755 495 1782 pro
513 1747 636 1783 ἁμώμως
650 1749 696 1774 καὶ
711 1748 837 1784 καθαρῶς
851 1749 967 1784 legimus

176 1792 308 1826 καθαρῶς
319 1792 367 1819 καὶ
375 1792 508 1828 ἀμώμως,
518 1793 572 1820 levi
586 1794 753 1827 mutatione;
770 1798 797 1821 ct
807 1802 857 1829 pro
869 1797 964 1827 ποιεῖν,

175 1839 305 1874 ποιῆσαι,
317 1847 372 1867 non
383 1840 464 1872 male,
477 1839 542 1874 quia
549 1840 602 1868 huc
611 1844 718 1875 tempus
729 1848 809 1875 saepe
823 1841 964 1876 sequitur;

174 1893 228 1920 pro
244 1885 341 1918 οὕτως,
353 1883 440 1918 οὗτος,
457 1885 538 1917 male,
554 1893 619 1913 nam
632 1886 777 1921 legendum
799 1886 901 1920 οὓτως;
914 1895 965 1922 pro

174 1930 353 1966 ἐνάρξασθαι,
373 1930 514 1966 ἄρξεσθαι,
537 1931 611 1966 quod
634 1932 732 1961 melius
752 1931 894 1968 ἄρξασθαι.
912 1933 964 1961 Pe-

175 1975 275 2004 riodus
291 1977 378 2004 altera
398 1977 451 2004 levi
468 1977 620 2004 mutatione
636 1977 738 2004 differt.

212 2022 243 2049 ln
262 2021 399 2058 Opusculo
417 2023 448 2050 de
469 2023 595 2051 Custodit;
610 2023 736 2058 sequitur
753 2033 760 2051 :
779 2024 828 2051 καὶ
843 2026 883 2058 είς
908 2025 965 2060 τὴν

173 2067 274 2102 εὐχὴν
296 2067 425 2096 πάντοτε
455 2069 690 2103 προσκαρτερεῖν
711 2071 823 2097 αὐτόν·
845 2071 894 2097 καὶ
920 2071 963 2106 μὴ

173 2113 396 2148 ἀπογινώσκειν
424 2113 665 2148 προσδεχόμενος
694 2115 748 2142 τοῦ
772 2115 883 2149 Κυρίου
907 2115 964 2150 τὴν

172 2159 341 2193 ἐπίσκεψιν
358 2158 408 2185 καὶ
431 2159 489 2192 τὴν
497 2159 644 2193 ,βοήθειαν
664 2159 804 2193 πάντοτε,
821 2161 874 2187 τὸν
890 2168 963 2188 σκο-

173 2204 236 2232 πὸν
257 2204 310 2231 τοῦ
324 2204 395 2237 νοὸς
413 2205 506 2231 αὑτοῦ
521 2206 563 2238 εις
577 2205 666 2232 τοῦτο
679 2206 756 2240 ἔχων
771 2207 820 2234 διὰ
839 2207 961 2240 παντός.

980 1589 1000 1616 C

1019 291 1082 314 nata
1103 287 1216 314 aliunde
1231 287 1299 314 haec
1321 294 1391 314 esse.
1410 286 1487 319 Quod
1504 294 1570 313 vero
1595 286 1627 313 ad
1644 286 1805 313 varietatem

1018 333 1172 368 scripturae
1188 332 1331 360 allaturum
1351 332 1498 359 verborum
1519 340 1604 368 porro
1621 332 1728 364 attinet,
1743 338 1806 367 post

1019 379 1075 406 sint
1095 379 1147 406 ista
1164 379 1311 414 conjuncta
1329 378 1413 406 fuisse
1432 378 1539 406 videri:
1553 378 1650 413 καὶμὴ
1668 377 1804 412 ἀπογινώ-

1019 434 1103 456 σκειν,
1128 425 1186 451 ἀλλ’
1208 426 1236 451 ὲν
1251 425 1341 451 πίστει
1356 428 1422 457 cet.,
1437 429 1485 451 aut
1497 424 1577 452 facile
1595 424 1630 451 ab
1647 423 1739 458 aliquo
1754 423 1804 450 ad-

1017 471 1077 499 dita
1091 475 1165 499 sunt.
1178 471 1272 506 Neque
1283 470 1357 498 enim
1374 470 1481 502 dubito,
1494 470 1567 504 quod
1578 477 1612 497 ex
1625 469 1806 504 sequentibus

1018 516 1160 552 apparebit
1173 515 1282 548 melius,
1296 515 1421 543 diversos
1432 514 1528 546 fuisse,
1538 515 1586 549 qui
1598 515 1650 542 ista
1666 522 1699 542 ex
1710 514 1804 542 diver-

1019 563 1056 590 sis
1076 562 1137 589 aliis
1149 561 1346 596 congesserint.
1356 560 1410 589 Sed
1424 561 1469 588 vix
1485 561 1602 595 placent,
1619 568 1689 595 quae
1702 560 1804 587 ibidem

1019 610 1084 634 sunt
1102 615 1108 633 :
1125 606 1171 633 τὸν
1187 607 1291 633 σκοπὸν
1310 607 1356 633 τοῦ
1375 606 1437 638 νοὸς
1452 605 1535 633 αὐτοῦ
1551 606 1591 637 εις
1611 606 1690 632 τοῦτο
1711 606 1806 641 ἔχοντα

1017 652 1061 679 διὰ
1075 652 1186 684 παντός.
1205 652 1299 687 Neque
1320 652 1393 679 enim
1409 652 1480 680 scire
1499 651 1580 679 facile
1596 655 1649 683 est,
1669 651 1735 686 quid
1753 651 1805 679 ista

1019 698 1185 734 signiﬁcent.
1206 698 1241 725 Et
1259 706 1322 725 cum
1339 706 1396 725 non
1412 698 1450 725 ita
1470 698 1557 725 multo
1575 701 1637 732 post
1650 702 1780 732 sequatur
1796 707 1802 724 :

1020 745 1099 781 μόνον
1117 745 1162 772 τὸν
1183 745 1286 781 Κύριον
1303 745 1347 771 ἀεὶ
1363 745 1416 779 πρὸ
1431 744 1578 780 ὀφθαλμῶν
1598 744 1670 779 ἔχειν
1689 744 1736 770 καὶ
1756 743 1805 775 τὰς

1021 789 1131 822 ἐντολὰς
1145 789 1237 821 αὑτοῦ,
1249 797 1346 824 parum
1360 789 1438 816 abest
1448 789 1515 824 quin
1533 789 1636 824 legam:
1649 789 1694 814 τόν
1704 797 1733 815 τε
1744 797 1807 815 σκο-

1019 835 1069 862 πὺν
1079 835 1125 862 τοῦ
1138 835 1199 866 νοὸς
1213 835 1296 861 αὐτοῦ
1308 835 1348 866 εἰς
1362 835 1455 861 τοῦτον
1471 834 1526 870 [τὸν
1544 833 1658 868 Κύριον]
1675 833 1746 868 ἔχειν
1761 834 1806 861 διὰ

1018 879 1128 912 παντός.
1146 880 1224 908 Licet
1237 879 1311 907 enim
1323 880 1429 915 liquido
1445 880 1609 915 intelligere,
1628 880 1720 906 omnia
1732 879 1807 907 inter

1016 934 1056 959 se,
1071 926 1094 954 si
1109 926 1253 954 materiam
1274 926 1361 961 ipsam
1376 931 1493 961 spectes,
1511 926 1625 954 confusa
1635 933 1704 953 eSse.
1716 925 1805 961 Atque

1017 972 1070 1000 hoc
1097 972 1198 1007 ipsum,
1225 975 1257 999 ut
1278 971 1420 999 Christum
1448 971 1510 1006 quis
1537 971 1686 1004 intueatur,
1711 975 1806 999 monet

1017 1016 1185 1052 Opusculum
1203 1016 1235 1043 de
1258 1016 1390 1055 Libertate
1417 1024 1476 1051 cap.
1493 1017 1526 1044 16
1545 1020 1575 1044 et
1596 1017 1640 1049 17,
1662 1017 1736 1044 unde
1758 1016 1805 1044 vix

1015 1063 1113 1090 dubito
1123 1063 1192 1090 haec
1209 1070 1270 1090 esse
1289 1066 1430 1097 excerpta.
1448 1062 1504 1089 Nec
1518 1066 1561 1089 est
1576 1062 1648 1098 quod
1666 1062 1727 1097 quis
1741 1061 1807 1089 ideo

1015 1108 1124 1136 dubitet
1147 1109 1181 1136 de
1209 1109 1261 1136 hac
1284 1109 1451 1143 conjectura,
1475 1108 1550 1143 quod
1576 1108 1713 1143 scriptura
1736 1107 1806 1134 haec

1015 1155 1111 1182 eadem
1126 1154 1162 1182 sit
1179 1155 1208 1182 in
1223 1154 1352 1182 Humilia.
1368 1154 1530 1182 Videbimus
1545 1155 1619 1181 enim
1642 1154 1803 1181 alterutrum

1014 1204 1109 1228 natum
1122 1205 1151 1227 et
1164 1200 1265 1228 factum
1280 1208 1341 1228 esse
1356 1200 1505 1235 posterius,
1530 1199 1604 1235 [Pag.
1625 1198 1671 1234 16]
1688 1203 1716 1226 ct
1734 1199 1803 1226 adeo

1015 1248 1173 1280 corruptam
1197 1249 1245 1272 aut
1271 1245 1371 1272 bonam
1392 1244 1507 1271 alterius
1531 1245 1694 1279 scripturam
1723 1251 1802 1271 acce-

1015 1290 1099 1325 pisse.

1051 1336 1181 1371 Sequitur
1197 1343 1280 1371 porro
1296 1335 1324 1363 in
1339 1335 1370 1362 de
1390 1335 1515 1363 Custodia
1538 1343 1547 1362 :
1565 1333 1628 1362 εἶτα
1647 1334 1802 1367 ,βιάζεσθαι

1015 1382 1074 1417 χρὴ
1088 1381 1133 1409 ἀεὶ
1143 1383 1186 1415 εις
1200 1381 1261 1409 πᾶν
1273 1381 1397 1416 ἀγαθὸν,
1418 1381 1467 1408 καὶ
1482 1383 1525 1414 εἰς
1538 1380 1639 1414 πάσας
1651 1381 1704 1413 τὰς
1719 1381 1802 1407 ἐντο-

1014 1426 1072 1460 λὰς
1090 1427 1143 1453 τοῦ
1162 1427 1282 1460 Κυρίου,
1300 1426 1359 1452 κᾶν
1376 1426 1419 1460 μὴ
1442 1426 1591 1459 θελούσης
1604 1425 1659 1459 τῆς
1678 1425 1804 1459 καρδίας

1015 1471 1063 1498 διὰ
1085 1472 1143 1506 τὴν
1171 1472 1330 1499 συνοῦσαν
1352 1471 1429 1506 αὐτῇ
1455 1473 1611 1506 ἁμαρτίαν.
1632 1472 1663 1499 In
1686 1471 1802 1499 llomilia

1015 1517 1150 1545 omittitur
1173 1518 1226 1550 ἀεὶ,
1251 1526 1303 1545 nec
1322 1517 1350 1544 id
1373 1518 1461 1551 male;
1489 1518 1601 1545 additur
1624 1525 1691 1544 vero
1714 1518 1803 1551 ἔργον

1017 1561 1127 1597 ἀγαθόν,
1140 1563 1206 1590 item
1228 1570 1284 1592 non
1298 1564 1386 1597 male;
1402 1563 1539 1591 omittitur
1555 1563 1619 1590 item
1637 1563 1687 1589 κᾶν
1704 1563 1741 1599 μὴ
1757 1563 1801 1589 θε-

1017 1608 1114 1644 λούσης
1138 1609 1187 1645 τῆς
1201 1609 1325 1644 καρδίας,
1343 1617 1399 1636 non
1426 1609 1506 1637 bene.
1528 1609 1559 1636 In
1572 1608 1710 1644 Opusculo
1729 1608 1802 1634 enim

1016 1655 1048 1681 de
1064 1655 1195 1682 Libertate
1210 1655 1304 1682 mentis
1329 1662 1388 1690 cap.
1408 1655 1442 1682 15
1457 1655 1484 1683 id
1507 1654 1628 1688 additur,
1645 1654 1719 1689 quod
1739 1661 1802 1681 mox

1016 1701 1141 1736 pluribus
1155 1700 1321 1728 videbimus.

1050 1746 1080 1773 In
1094 1745 1232 1781 Opusculo
1251 1746 1341 1785 primo
1358 1746 1395 1773 ita
1408 1745 1534 1783 procedit
1551 1753 1558 1772 :
1574 1742 1639 1772 οἷον
1649 1743 1802 1777 ,βιὰάσθω

1015 1791 1125 1820 ἑαυτὸν
1145 1793 1189 1825 εὶς
1207 1792 1240 1819 τὸ
1267 1791 1513 1829 ταπεινοφρονεῐν
1532 1791 1659 1818 ἐνώπιον
1682 1789 1803 1816 πάντων

1015 1837 1187 1871 ἀνθρώπων,
1206 1837 1257 1865 καὶ
1274 1837 1385 1866 ἑαυτὸν
1408 1837 1530 1865 πάντων
1554 1836 1667 1864 ἐλάττω
1680 1836 1728 1863 καὶ
1741 1835 1801 1870 χεί-

1011 1891 1090 1917 ρονα
1108 1883 1254 1918 ἡγεῖσθαι,
1266 1883 1312 1918 μὴ·
1325 1882 1417 1918 ζητῶν
1434 1883 1525 1918 τιμὴν
1537 1883 1556 1917 ἣ
1571 1883 1696 1909 ἔπαινον
1711 1881 1731 1915 ἣ
1752 1881 1801 1908 δό-

1015 1929 1073 1961 ξαν
1086 1929 1165 1964 παρά
1180 1937 1271 1961 τινος,
1295 1929 1390 1962 καθὼς
1406 1929 1442 1955 ἐν
1455 1928 1495 1961 τῷ
1506 1928 1677 1962 Εὐαγγελίῳ
1699 1926 1803 1962 γέγραε

1014 1981 1094 2002 πται.
1114 1975 1143 2002 In
1162 1975 1280 2002 Humilia
1297 1983 1347 2010 pro
1367 1974 1509 2010 βιάζεσθαι
1523 1978 1565 2002 est
1588 1973 1732 2008 βιαζέσθω,
1746 1981 1802 2000 non

1014 2021 1095 2053 male,
1117 2021 1189 2056 quod
1208 2021 1388 2056 imperativus
1402 2028 1484 2056 saepe
1501 2020 1637 2055 sequitur,
1651 2023 1680 2047 et
1699 2019 1802 2056 ubique

1014 2066 1084 2094 forte
1098 2066 1271 2101 reponendus
1285 2065 1331 2093 sit.
1348 2066 1417 2094 Nam
1433 2065 1558 2100 sequitur
1572 2074 1578 2091 :
1597 2065 1634 2100 μὴ
1654 2064 1744 2099 ζητῶν
1760 2072 1802 2090 τι-

1015 2111 1069 2147 μὴν
1095 2116 1161 2143 cet.,
1185 2111 1258 2146 quod
1284 2119 1340 2138 non
1363 2115 1438 2138 stare
1461 2114 1553 2146 potest
1574 2117 1637 2137 cum
1661 2109 1802 2145 βιάζεσθαι

1014 2155 1102 2192 [χρήΙ.
1125 2155 1173 2184 sed
1193 2163 1272 2183 casus
1291 2159 1408 2191 quartus
1429 2163 1490 2183 esse
1520 2155 1647 2183 debebat.
1674 2154 1800 2188 Omissis,

1013 2210 1082 2237 quae
1097 2209 1153 2229 non
1170 2203 1287 2230 multum
1303 2202 1445 2234 differunt,
1457 2209 1507 2237 pro
1521 2202 1597 2237 παρά
1618 2209 1690 2232 τινος
1704 2205 1747 2228 est
1757 2201 1800 2228 δό-

173 2250 207 2278 In
221 2249 341 2277 Humilia
350 2250 519 2285 aliquantum
531 2251 610 2278 aliter
625 2260 631 2278 :
646 2252 693 2278 καὶ
703 2252 742 2283 εἰς
757 2251 805 2287 τὴν
819 2253 899 2288 εὐχὴν
909 2253 961 2288 χρὴ

1015 2249 1062 2282 ξαν
1073 2247 1236 2282 ἀνθρώπων
1245 2249 1321 2284 παρά
1331 2256 1412 2280 τινος,
1419 2247 1598 2284 quod-putem
1609 2245 1801 2273 invertendum

173 2296 259 2324 αὑτὸν
274 2295 348 2332 [Pag.
367 2295 411 2331 15]
424 2295 541 2322 πάντοτε
565 2299 790 2333 προσκαρτερεῖν,
804 2301 836 2325 et
847 2298 885 2326 ita
901 2298 963 2333 qui—

174 2342 239 2369 dem
259 2345 350 2375 recte;
364 2349 427 2368 nam
444 2342 496 2378 χρὴ
509 2347 557 2370 aut
571 2343 792 2378 exprimendum,
812 2344 885 2378 quod
905 2352 965 2371 ma-

173 2388 235 2420 lim,
249 2391 298 2414 aut
316 2388 588 2423 subintelligendum.
606 2389 659 2417 Sed
678 2396 761 2424 porro
776 2389 814 2417 ita
829 2389 896 2424 legit
914 2398 920 2416 :
936 2391 965 2417 ὲν

173 2433 268 2460 πίστει
279 2433 444 2468 προσδοκίας
452 2433 498 2460 τοῦ
510 2435 613 2470 Κυρίου
625 2435 675 2470 τὴν
685 2435 828 2470 ἐπίσκεψιν
840 2436 886 2463 καὶ
899 2435 964 2471 βοή-

174 2480 254 2506 θιιαν
277 2478 361 2505 αὑτοῦ
381 2478 496 2505 πάντοτε
520 2479 706 2515 ἐκδεχόμενον,
728 2481 774 2508 τὸν
796 2481 895 2508 σκοπὸν
916 2481 963 2508 τοῦ

173 2525 237 2556 νοὸς
251 2524 338 2550 αὐτοῦ
347 2525 387 2556 είς
392 2525 471 2552 τοῦτο
481 2526 578 2560 ἔχοντα
592 2526 636 2553 διὰ
647 2527 756 2558 παντός.
766 2526 841 2560 Quae
850 2527 961 2559 docent,

173 2577 322 2606 perperam
344 2571 373 2597 in
399 2571 517 2606 vulgatis
539 2571 619 2599 istius
642 2571 772 2607 Opusculi
795 2573 964 2601 editionibus

172 2623 237 2643 esse
256 2615 474 2651 προσδεχόμενος
488 2621 518 2644 et
541 2616 621 2651 ἔχων,
635 2625 697 2644 cum
717 2618 853 2646 sermonis
876 2619 963 2646 series

171 2661 325 2688 manifesto
342 2662 464 2696 requirat
479 2670 573 2690 casum
596 2667 734 2697 quartum.
759 2664 824 2697 Ista,
849 2664 883 2691 de
906 2672 961 2691 non

171 2707 362 2742 desperando,
375 2715 430 2734 non
442 2708 585 2735 commode
600 2708 646 2736 hic
660 2712 734 2741 sunt,
743 2713 772 2736 et
783 2709 810 2737 in
825 2709 962 2745 Opusculo

1011 2294 1088 2328 δόξαν
1099 2295 1175 2331 ποιρά
1189 2304 1260 2327 τινος
1277 2293 1441 2330 ἀνθρώπων.

1047 2341 1077 2367 In
1092 2340 1230 2376 Opusculo
1247 2347 1328 2375 porro
1342 2344 1385 2367 est
1398 2349 1404 2366 :
1426 2339 1505 2366 ἀλλὰ
1516 2339 1612 2373 μόνον
1627 2337 1679 2364 τὸν
1693 2336 1802 2370 Κύριον

1011 2386 1057 2413 ἀεὶ
1070 2387 1127 2420 πρὸ
1143 2386 1304 2421 ὀφθαλμῶν
1315 2386 1407 2421 ἔχειν,
1420 2385 1469 2412 καὶ
1483 2385 1536 2418 τὰς
1550 2383 1676 2415 ἐντολὰς
1695 2380 1800 2415 αὑτοῦ,

1012 2432 1092 2465 αὐτῷ
1111 2434 1195 2467 μόνῳ
1207 2432 1397 2466 ,ϐουλόμενος
1418 2431 1534 2465 ἀρέσαι.
1555 2430 1584 2457 ln
1609 2427 1725 2456 llumilia
1750 2434 1802 2461 pro

1012 2476 1084 2512 ἔχειν
1112 2481 1154 2504 est
1179 2477 1259 2511 ἔχων,
1290 2477 1372 2511 idque
1399 2479 1484 2503 recte.
1511 2473 1698 2509 Supplcndum
1725 2471 1801 2499 enim

1013 2523 1147 2559 βιαςέσθω
1159 2529 1210 2551 cet.
1224 2523 1302 2558 ἔχων.
1320 2523 1422 2550 Cetera
1437 2529 1533 2557 parum
1547 2520 1657 2547 distant.

1048 2569 1086 2596 De
1107 2568 1232 2596 Custodia
1257 2576 1340 2604 porro
1361 2569 1426 2600 εεὶς
1450 2567 1507 2600 τὴν
1526 2565 1677 2600 πραότητα
1693 2563 1800 2598 ὁμοίως

1011 2615 1121 2643 ἑαυτὸν
1137 2614 1276 2648 βιαζέτω,
1299 2614 1349 2641 καὶ
1361 2613 1404 2649 μὴ
1422 2613 1570 2645 θελούσης
1588 2611 1644 2646 τῆς
1663 2610 1798 2644 καρδίας,

1011 2661 1053 2694 ὦς
1066 2669 1162 2696 φησιν
1176 2663 1192 2688 ό
1206 2661 1312 2694 Κύριος
1323 2668 1329 2676 ·
1343 2660 1450 2694 μάθετε
1463 2659 1517 2686 du"
1526 2658 1598 2693 ἐμοῦ
1611 2661 1663 2684 cet.
1682 2656 1808 2684 llomilia‘

1010 2709 1086 2736 addit
1109 2709 1150 2740 εἰς
1182 2708 1232 2743 τὴν
1252 2707 1392 2743 πραότητα
1412 2706 1468 2740 τῆς
1490 2706 1623 2741 καρδίας,
1644 2708 1672 2732 et
1697 2703 1800 2731 omittit

172 2754 206 2780 de
221 2753 356 2780 Libertate
375 2755 467 2780 mentis
483 2762 542 2789 cap.
562 2754 595 2782 16
610 2758 638 2781 et
653 2754 685 2781 l7
705 2755 814 2783 meliori
832 2755 963 2790 συναφείᾳ

1015 2754 1140 2790 βιαζέτω,
1162 2753 1236 2789 quod
1255 2762 1271 2781 a
1297 2753 1444 2788 glossatore
1469 2756 1536 2787 puto
1555 2759 1588 2779 ex
1610 2750 1799 2786 superioribus

924 2822 1049 2850 NOTAE.

208 2866 255 2904 (ai
344 2865 495 2904 senilerus;
522 2867 601 2904 lege”:
624 2867 695 2896 llaec
720 2868 849 2904 periodus
867 2869 954 2904 prima

171 2902 269 2938 capitis
288 2901 320 2928 ιδ
336 2901 413 2935 primi
432 2901 564 2937 Opusculi.
578 2902 650 2930 Ευιτ.

1045 2869 1081 2904 (b)
1097 2869 1187 2899 Corn,
1199 2869 1337 2897 Scmlerus
1353 2869 1439 2896 habet
1456 2877 1462 2895 ι
1478 2876 1527 2903 pro
1545 2868 1597 2895 τοῦ
1616 2867 1682 2894 Θεοῦ
1697 2865 1798 2901 legitur

1010 2905 1149 2938 Χριστοῦ.
1166 2905 1202 2932 lo.
1447 2905 1452 2911 '
