2048 3153
210 138 262 168 ET!

848 135 893 164 10.
914 134 987 163 SAL.
1008 134 1190 163 SEMLERUS

1776 131 1831 166 272

207 198 356 234 repetitum
366 205 436 237 esse,
447 196 515 225 Nam
525 195 646 224 abfuisse
656 194 737 222 docet
753 194 791 227 id,
803 194 875 229 quod
886 201 941 221 non
953 194 993 220 in-

1050 193 1167 229 tjusdem
1191 193 1322 229 Opusculi
1339 201 1346 219 :
1367 191 1582 226 προσδοκῶντα
1605 191 1653 218 διὰ
1669 189 1782 224 παντὸς
1796 190 1832 218 ἐν

209 243 325 272 tercedit
336 244 442 279 signum
453 241 642 273 connexionis,
654 240 702 269 sed
711 245 848 276 tamquam
860 243 995 276 perpetuo

209 290 284 327 [Ρη.
297 289 341 324 17]
354 295 480 316 sermone
493 288 617 323 junctum
633 291 684 314 est.

242 334 272 361 ln
288 333 411 365 Custodia
422 340 504 368 porro
517 342 523 360 :
537 333 643 367 ὁμοίως
655 333 698 365 εις
706 331 738 358 τὸ
750 328 827 358 εἶναι
836 330 996 365 ἐλεήμονα,

209 378 352 413 χρηστὸν,
374 379 600 413 εὔσπλαγχνον,
625 377 830 413 ἀγαθὸν.ιὸση
854 376 996 411 δύναμις,

209 423 317 450 ἑαυτὸν
333 423 438 454 ἐθίζειν
459 424 535 458 μετὰ
552 423 635 456 βίας,
662 422 702 456 ὥς
718 430 814 456 φησιν
838 422 854 448 ὁ
871 421 994 455 Κύριος*

208 470 330 504 γίνεσθε
345 473 399 506 cet.
419 470 451 498 1n
468 469 585 503 llomilia
601 477 651 505 pro
669 468 805 496 intlnitivo
820 467 919 495 melius
939 466 996 494 €01.-

209 515 291 550 ζέτω,
306 516 408 544 omisso
425 516 494 551 μετὰ
511 515 581 551 βίας,
600 515 671 551 quod
687 515 797 542 nollem.

245 560 321 594 Quae
336 569 419 597 porro
440 565 605 596 sequuntur,
629 568 684 588 non
714 560 831 587 multum
854 558 996 592 diﬁ'erunt,

209 607 262 635 nisi
277 607 350 642 quod
375 607 404 634 in
425 606 542 634 Homilia
561 615 611 642 pro
628 606 737 641 vulgato
760 606 850 641 legere
875 604 996 632 vellem:

210 652 304 687 ῶσπερ
325 652 506 688 ὑπογραμμὸν
525 651 582 686 πρὸ
596 650 757 686 ὀφθαλμῶν
769 650 861 685 ἐχέτω
875 650 904 676 ὲν
922 650 999 685 πάσῃ

212 697 307 732 μνήμῃ
329 696 421 723 αὑτοῦ
444 696 637 731 ἁληθαργήτῳ,
653 695 717 730 quia
737 694 817 722 aliter
832 694 883 721 ista
903 693 998 722 ultima

210 748 266 768 non
290 741 361 769 bene
386 741 574 773 cohaererent,
603 744 631 768 et
653 748 680 776 p.
702 740 737 767 25
770 740 797 767 in
812 739 949 775 Opusculo
967 739 999 765 de

210 785 335 817 Custodia
353 786 421 814 haec
440 785 497 814 fere
516 789 680 821 repetuntur
696 794 703 812 :
720 785 780 812 τότε
797 784 931 821 θεωρῶνό
943 784 999 811 K15-

211 839 277 867 ριος.
292 852 298 858 .
315 852 322 859 .
340 852 347 859 .
362 831 420 863 πῶς
433 831 519 866 βιάζει
536 831 631 858 ἑαυτὸν
642 831 757 858 πάντοτε
771 831 811 862 εἰς
827 830 877 866 τὴν
889 830 998 866 μνήμην

1046 239 1146 266 πίστει
1161 238 1330 271 (id/attingi
1344 237 1377 264 τὶ)
1391 237 1477 271 ἔλεος
1491 236 1595 268 αὑτοῦ,
1614 237 1662 263 καὶ
1676 235 1832 268 βιάᾱσθαι

1046 283 1154 310 ἑαυτὸν
1169 284 1213 316 εἰς
1234 283 1267 310 τὸ
1287 282 1442 315 οἰκτείρειν
1460 285 1526 315 cet,,
1540 289 1591 317 pro
1605 289 1660 317 quo
1678 281 1786 309 auctius
1803 281 1832 309 in

1047 328 1178 363 Homilia,
1193 328 1383 364 προσδοκῶντα
1397 327 1441 354 διὰ
1455 327 1556 358 παντὸς
1570 327 1599 353 ὲν
1614 327 1705 353 πίστει
1720 325 1832 354 ἁδισιὶά-

1047 383 1104 410 κτῳ
1124 375 1154 401 τὸ
1169 374 1241 406 ἕλεος
1257 373 1351 406 αὐτοῦ,
1376 374 1425 401 καὶ
1451 373 1590 408 βιάζεσθαι
1610 372 1704 399 ἑαυτὸν
1727 373 1768 404 εἰς
1782 372 1833 408 τὴν

1047 420 1166 456 ἀγάπην,
1188 420 1225 455 μὴ
1253 420 1348 456 ἔχοντα
1375 420 1501 455 ἀγάπηνο
1532 419 1672 454 βιάζεσθαι
1704 424 1773 454 cet.;
1803 423 1832 447 et

1047 466 1151 494 rectius
1164 466 1275 501 quidem
1294 466 1342 498 ita,
1361 466 1434 501 quod
1456 465 1537 494 docet
1559 465 1726 501 Opusculum
1743 466 1774 493 de
1788 465 1833 494 Li-

1047 511 1147 539 bertate
1169 520 1194 540 c.
1224 511 1279 539 ‘18:
1302 512 1369 547 πρὸς
1390 511 1509 547 ἀγάπην,
1532 512 1569 547 μὴ
1586 511 1696 547 ἔχοντας
1711 506 1830 547 ἀγάπην.

1047 558 1106 586 Jam
1121 559 1256 593 scriptura
1271 557 1299 584 in
1315 557 1430 588 llomilia
1442 561 1470 584 et
1485 556 1623 592 Opusculo
1642 557 1689 584 ιωα
1706 557 1832 592 aliquan-

1047 604 1136 631 tulum
1151 603 1252 636 dill‘ert,
1269 603 1342 630 unde
1368 602 1434 638 quid
1449 606 1612 635 statuamus,
1637 610 1672 630 ex
1693 603 1831 638 scriptura

1047 649 1177 684 Opusculi
1197 649 1229 676 de
1248 649 1380 676 Libertate
1402 655 1580 683 exponemus.
1596 648 1671 681 Quae
1685 648 1747 676 talis
1764 653 1806 676 est
1824 658 1831 676 :

1049 694 1215 731 [συνωθεῖν]
1238 695 1306 730 πρὸς
1326 694 1357 721 τὸ
1384 693 1530 729 ἀνέχεσθαι
1553 688 1664 729 ἁτιμίᾶς
1692 695 1739 721 καὶ
1762 703 1832 730 παρ-

1048 741 1169 776 οράσεως
1190 741 1238 767 καὶ
1255 741 1311 770 τοῖς
1327 739 1562 774 ὲξουθενουμένοις
1576 740 1765 775 ἐγκαρτερεῖν,
1783 747 1834 774 pro

1048 794 1104 822 quo
1125 787 1184 822 lege
1211 793 1276 814 casu
1302 790 1401 821 quarto
1426 786 1489 817 τοὺς
1514 785 1753 821 ὲξουθενουμένους
1772 786 1831 815 scil.

1048 832 1132 866 ἡμᾶς,
1148 830 1167 858 i.
1188 838 1214 858 e.
1234 834 1265 858 ut
1287 830 1315 857 in
1338 829 1456 858 Homilia
1471 833 1560 864 exstat
1573 839 1580 856 :
1593 831 1633 862 εἰς
1649 830 1690 858 τὸ.
1708 850 1715 857 .
1735 850 1742 857 .
1758 830 1834 863 ἐξου-

209 877 292 904 αὑτοῦ
307 880 380 910 cet.;
399 877 465 904 hinc
487 876 610 904 additum
632 877 730 904 vellem
752 875 846 909 αὑτοῦ,
861 875 921 904 scil.
949 875 997 902 τοῦ

1050 875 1234 911 θενούμενονῆ
1256 875 1458 911 ἀτιμαζόμενον
1474 875 1512 911 μὴ
1539 875 1704 910 ἀγανακτεῖν
1717 879 1771 903 cet.

209 924 340 959 Χριστοῦ.

245 969 275 996 ln
291 969 322 995 de
333 968 458 996 Custodit:
471 977 498 1004 p.
513 969 548 996 24
572 969 698 1004 sequitur
715 978 721 996 ;
737 969 787 996 καὶ
798 969 856 1003 ὅση
870 969 998 1004 δύναμις

207 1014 354 1048 ,βιαζέσθω
372 1014 436 1048 ταῖς
450 1014 554 1050 εὐχαῖς
566 1015 809 1049 προσκαρτερεῖν,
822 1015 870 1042 διὰ
884 1015 998 1048 παντὸς

209 1053 351 1095 δεόμενος
363 1060 411 1087 καὶ
427 1061 589 1088 πιστεύων.
605 1060 634 1088 In
655 1059 773 1088 Homilia
787 1060 921 1088 omittitur
937 1061 998 1096 βια-

210 1107 299 1142 ζέσθω
310 1111 338 1134 et
351 1105 483 1134 scribitur
502 1107 752 1142 προσκαρτερείτω.

246 1151 378 1188 Sequitur
400 1160 484 1188 porro
505 1152 617 1185 ibidem,
633 1152 743 1180 omissis
764 1160 834 1187 quae
854 1152 924 1180 nihil
942 1152 1000 1181 fere

210 1202 318 1236 mutant
334 1206 341 1225 :
358 1198 406 1225 καὶ
421 1198 515 1231 οὕτως
530 1197 550 1225 d
571 1198 630 1225 νῦν
640 1198 715 1233 μετὰ
731 1198 805 1231 ,ϐίας
825 1199 875 1226 καὶ
896 1198 939 1233 μὴ
955 1199 1001 1226 θε-

210 1245 329 1283 λούσης
353 1243 409 1277 τῆς
427 1242 553 1277 καρδίας
578 1243 665 1275 ποιεῖ,
692 1242 797 1273 ἐθίζειν
818 1243 928 1271 ἑαυτὸν
953 1243 1001 1271 διὰ

211 1290 325 1323 παντὸς
344 1290 388 1322 εἰς
404 1289 435 1316 τὸ
450 1288 572 1324 ἀγαθὸν,
598 1288 648 1316 καὶ
662 1288 715 1316 τοῦ
735 1288 845 1323 Κυρίου
865 1289 912 1316 del
926 1298 1002 1324 μνη-

208 1335 361 1372 μονεύειν,
381 1335 430 1362 καὶ
458 1333 633 1373 ῖτροσδοκᾷν
651 1334 746 1362 αὐτὸν
765 1334 815 1361 διὰ
835 1335 948 1369 παντὸς
966 1336 1002 1363 ἐν

211 1374 316 1420 ,πολλῇ
327 1380 488 1415 ἀγαθότητι
509 1379 559 1406 καὶ
575 1379 688 1415 ἀγάπῃ.
706 1380 737 1408 ln
756 1379 873 1411 Homilia
889 1388 940 1416 pro
964 1381 1002 1417 μὴ

213 1425 343 1460 θελούσης
359 1429 413 1453 cet.
429 1430 472 1453 est
485 1425 605 1460 ἀκούσης
622 1425 673 1460 τῆς
691 1426 805 1462 καρδίας
824 1428 907 1458 ποιεῖ,
925 1427 1002 1453 ἑκου-

213 1471 280 1504 olm;
292 1470 332 1507 (α)
342 1470 439 1506 πράξει
451 1470 524 1503 ποτέ,
536 1469 649 1502 Ἐθίζων
659 1475 723 1504 cet.,
735 1471 830 1503 ἐθίζων
840 1479 949 1506 quoque
961 1472 1002 1500 le-

212 1516 332 1557 gendum
353 1514 396 1543 est
413 1515 442 1542 in
457 1515 604 1550 Opusculo.
623 1515 692 1543 Nam
707 1515 807 1548 ἐθίζειν
824 1524 880 1543 non
899 1516 998 1552 placet,

212 1561 287 1598 quod
301 1561 409 1589 librarii
420 1561 458 1588 ita
468 1561 603 1594 fecerunt,
618 1565 649 1588 ut
663 1561 805 1589 videretur
819 1562 999 1595 constructio,

214 1615 284 1643 quae
297 1611 388 1635 tamen
400 1607 474 1634 nulla
485 1611 536 1635 est.
548 1607 656 1635 Mallem
670 1612 761 1636 tamen
774 1612 898 1636 ceterum
909 1608 1001 1643 legere

214 1653 352 1688 ἀκουσίως
372 1654 420 1680 καὶ
435 1653 473 1689 μὴ
495 1652 624 1689 θελούσης
635 1653 684 1689 τῆς
696 1653 819 1689 καρδίας,
835 1654 899 1690 quia
912 1654 1003 1689 sequi—

215 1703 260 1737 tur
271 1698 402 1733 ὲκουσιῳς
415 1707 422 1726 :
436 1703 464 1725 et
477 1702 551 1727 certe
567 1698 605 1725 ita
619 1698 702 1726 credo
716 1698 812 1726 fuisse.
848 1695 850 1697 ’

250 1744 337 1777 Porro
361 1743 390 1770 in
404 1743 543 1779 Opusculo
557 1743 654 1770 eodem
667 1758 702 1763 —
718 1744 815 1771 omitto
832 1752 887 1772 non
904 1752 1001 1780 pauca,

215 1790 281 1828 quia
309 1790 363 1817 hoc
388 1789 528 1825 specimen
554 1790 638 1817 breve
655 1797 715 1817 esse
740 1789 822 1817 debet
837 1805 872 1810 ——
891 1798 918 1825 p.
946 1791 1001 1819 26:

215 1835 265 1865 ὅτε
294 1835 477 1870 καρποφορεῖ
496 1835 646 1874 καθαρῶς,
677 1843 727 1870 pro
744 1843 798 1872 quo
825 1843 860 1873 ea
885 1836 1004 1865 Homilia

215 1889 244 1918 p.
257 1880 310 1909 290
325 1880 502 1908 scribendum
517 1881 583 1908 τότε
597 1879 770 1916 καρποφορεῖ
792 1880 931 1917 καθαρῶς.
947 1881 1002 1909 lbi—

215 1927 278 1954 dem
296 1935 303 1954 :
315 1927 374 1962 χρὴ
390 1927 424 1954 δὲ
435 1927 588 1962 πρότερον.
608 1947 615 1954 .
632 1948 638 1955 .
655 1927 748 1959 οὕτως
759 1926 872 1959 βιάζειν
886 1928 934 1954 καὶ
948 1929 1003 1954 αὺ-

214 1974 279 2005 τόν,
290 1981 341 2009 pro
351 1981 406 2009 quo
420 1973 449 2000 in
464 1974 580 2002 Homilia
593 1973 634 2009 §5
645 1973 785 2008 βιάζεσθαι
797 1975 892 2002 ἑαυτὸν
903 1979 1002 2004 exstat.

215 2018 250 2045 Et
270 2017 344 2054 [Pag.
365 2017 411 2054 18]
436 2018 463 2045 id
483 2019 582 2053 placet,
610 2018 675 2054 quia
697 2018 834 2047 divulsum
862 2019 1004 2054 βιάζεσθαι

215 2064 355 2099 peperisse
372 2064 482 2091 videtur
497 2064 694 2099 diversitatem.
711 2064 771 2095 Jam
787 2073 853 2092 vero
869 2065 937 2096 haec
950 2065 1003 2101 χρὴ

216 2111 350 2145 πρότερον
376 2113 430 2136 cet.
452 2110 563 2136 tertium
584 2114 734 2136 occurrunt
759 2110 788 2137 in
816 2109 953 2145 Opusculo
973 2110 1005 2137 de

216 2155 348 2183 Libertate
362 2155 454 2190 mentis
467 2163 526 2190 cap.
543 2155 585 2182 18.
601 2156 642 2184 lbi
665 2156 739 2183 enim
758 2156 850 2183 omnia
873 2156 908 2183 ab
924 2156 1003 2184 initio

216 2202 386 2229 conveniunt
396 2209 459 2228 cum
474 2201 608 2229 llomiliae
624 2202 770 2237 scriptura,
784 2202 836 2229 nisi
845 2203 918 2237 quod
935 2203 1002 2231 haec
1018 2213 1041 2240 ι)

217 2248 317 2276 melius
347 2247 430 2275 habet
461 2247 655 2283 προσελθόντα.
688 2247 763 2280 Quae
790 2252 942 2282 sequuntur
975 2248 1003 2276 in

217 2292 314 2320 eodem
329 2292 360 2319 de
375 2292 506 2322 Libertate
514 2292 651 2329 Opusculo
667 2302 674 2319 :
693 2292 790 2328 βιασεὴ
806 2293 871 2328 γὰρ,
892 2293 975 2328 φησὶν
989 2294 1003 2320 ὁ

217 2341 282 2372 cet.,
299 2341 373 2365 recte
387 2337 461 2365 hunc
475 2337 566 2364 locum
584 2341 734 2372 occupant;
761 2337 790 2364 in
805 2337 923 2364 Homilia
937 2344 1004 2364 vero

217 2388 245 2411 et
262 2383 399 2419 Opusculo
422 2383 433 2411 ι
451 2391 505 2411 non
521 2382 624 2418 optimo
637 2383 699 2410 loco
726 2386 843 2410 exstant.
868 2382 1003 2418 Corrupta

217 2436 283 2456 vero
302 2432 379 2461 sunt,
395 2436 465 2463 quae
482 2436 545 2455 mox
561 2428 589 2454 in
609 2427 747 2463 Opusculo
764 2427 795 2453 de
808 2427 938 2454 Libertate
961 2435 1005 2455 se-

218 2479 350 2512 quuntur.
374 2475 460 2510 Vulgo
476 2474 548 2501 enim
570 2474 608 2501 ita
623 2478 705 2501 sunt:
727 2473 906 2508 ᾰγωνίζεσθαι
923 2474 1004 2501 πάλιν

218 2521 298 2548 αὑτὸν
313 2521 442 2547 εἰσελθεῖν
463 2520 507 2547 διὰ
523 2520 572 2556 τῆς
588 2521 684 2555 στενῆς
698 2520 794 2555 θύρας,
811 2527 881 2554 quae
898 2523 926 2546 et
940 2520 1003 2548 lati-

217 2574 284 2593 num
300 2567 478 2602 interpretem
500 2566 679 2602 deceperunt.
695 2566 778 2593 Certo
803 2570 896 2594 autem
911 2567 1004 2602 legen-

218 2612 284 2639 dum
297 2616 354 2639 est:
368 2612 414 2639 καὶ
430 2612 511 2639 πάλιν
523 2612 712 2648 [γέγραπται]
727 2621 733 2627 ·
745 2612 926 2646 ἀγωνίζεσθαι
938 2616 1004 2645 cet.,

219 2662 250 2685 ut
268 2658 324 2686 fere
338 2663 426 2686 exstat
442 2659 470 2685 in
485 2659 516 2685 de
530 2658 654 2687 Custodia
670 2666 696 2693 p.
712 2658 756 2685 2i.

253 2702 355 2731 Omitto
367 2703 491 2739 judicare
510 2704 544 2731 de
560 2704 603 2736 iis,
619 2712 688 2739 quac
701 2704 729 2731 in
747 2704 863 2731 Homilia
878 2709 905 2730 el
920 2704 1007 2740 Opus-

219 2748 282 2782 culo
299 2748 310 2776 Ι
328 2749 472 2784 interiecta
503 2754 577 2782 sunt,
603 2755 631 2777 et
654 2758 738 2785 pergo
762 2750 797 2777 ad
817 2758 846 2785 p.
873 2750 907 2778 BG
925 2751 1006 2786 hujus

1083 921 1213 957 Sequitur
1231 928 1314 957 porro
1339 921 1367 948 in
1381 920 1413 948 de
1439 920 1565 952 Custodit;
1588 929 1597 948 :
1622 920 1778 953 ,ϐιάζεσθαι
1801 930 1835 949 τε

1047 969 1156 996 ἑαυτὸν
1169 969 1212 1000 εἰς
1224 967 1281 1002 τὴν
1291 967 1398 1002 εὐχὴν,
1409 966 1500 1002 μήπω
1513 966 1623 1001 ἔχοντα
1635 967 1733 1001 εὐχὴν
1745 968 1835 994 πνεύ-

1031 1021 1149 1048 ματος.
1167 1011 1287 1040 Humilia
1305 1019 1402 1047 parum
1421 1011 1524 1044 diﬂ'ert,
1544 1015 1572 1038 et
1588 1011 1757 1047 corrigemus
1770 1012 1836 1040 hinc

1049 1059 1123 1095 [Pag.
1137 1057 1183 1095 l9]
1195 1058 1287 1086 locum
1315 1057 1343 1085 in
1366 1057 1398 1084 de
1420 1057 1561 1091 Libertate,
1588 1058 1635 1085 ubi
1661 1058 1699 1086 ita
1723 1063 1833 1086 exstat:

1048 1105 1125 1132 οὓπω
1141 1104 1244 1139 ταύτην
1255 1105 1405 1139 ἐσχηκότας
1418 1103 1467 1138 τὴν
1480 1103 1535 1136 ἕξιν
1551 1104 1620 1140 πρὸς
1637 1104 1729 1140 εὐχὴν,
1752 1105 1836 1140 μήπω

1049 1150 1204 1186 πνεύματος
1225 1149 1308 1186 εὐχὴν
1330 1150 1526 1185 κεκτημένους,
1551 1157 1602 1185 pro
1617 1149 1718 1185 quibus
1739 1150 1835 1186 legen-

1049 1196 1115 1224 dum
1137 1197 1205 1232 πρὺς
1229 1196 1311 1232 εὐχὴν
1333 1196 1409 1231 (scil.
1434 1195 1589 1231 συνωθεῖν),
1618 1197 1702 1232 μήπω
1733 1196 1836 1232 ταύτης

1050 1242 1199 1277 ἐσχηκότας
1215 1241 1263 1277 τὴν
1278 1241 1345 1275 ἕξιν,
1357 1241 1404 1268 καὶ
1418 1242 1500 1277 μήπω
1519 1246 1572 1269 cet.

1393 1286 1494 1322 §vuL

1086 1332 1140 1360 Sed
1162 1336 1193 1360 ut
1206 1333 1262 1368 jam
1287 1332 1447 1368 perveniam
1470 1332 1505 1359 ad
1527 1332 1566 1365 id,
1592 1333 1671 1367 cujus
1696 1332 1736 1360 rei
1755 1340 1838 1362 causa

1051 1378 1121 1405 haec
1136 1378 1244 1414 scripsi.
1260 1377 1385 1405 omittam
1399 1377 1532 1405 orationis
1554 1378 1582 1405 in
1594 1377 1712 1405 Macario
1727 1378 1837 1412 seriem,

1051 1428 1079 1452 et
1091 1423 1243 1456 ostendam,
1257 1423 1401 1459 probabile
1416 1431 1486 1456 esse,
1503 1423 1572 1450 haec
1585 1423 1676 1450 omnia
1690 1431 1705 1451 a
1720 1423 1838 1453 Macario

1051 1478 1107 1498 non
1122 1471 1223 1507 scripta
1242 1477 1314 1503 esse,
1337 1470 1386 1498 sed
1406 1469 1545 1497 celebrata
1568 1474 1673 1497 tantum
1700 1477 1837 1504 sermone,

1052 1517 1087 1544 ab
1108 1516 1170 1544 aliis
1187 1515 1288 1544 deinde
1304 1516 1371 1543 talia
1393 1516 1623 1551 apophthegmata
1647 1516 1763 1544 subinde
1780 1516 1838 1544 col-

1052 1562 1122 1589 lecta
1138 1565 1166 1589 et
1190 1565 1281 1594 aucta,
1305 1565 1333 1589 et
1360 1561 1470 1589 tandem
1488 1562 1517 1589 in
1536 1562 1604 1589 haec
1627 1569 1710 1597 Opera
1734 1562 1839 1598 digesta

1052 1615 1122 1635 esse.
1141 1607 1264 1643 Subjocit
1279 1607 1381 1635 Pritius
1397 1607 1511 1635 editioni
1525 1615 1590 1635 suae
1604 1607 1838 1643 Apophthegmata

1052 1653 1186 1688 quaedam
1210 1654 1332 1686 Macarii,
1349 1661 1466 1688 quorum
1481 1654 1600 1689 primum
1619 1658 1707 1681 exstat
1728 1661 1755 1689 p.
1774 1653 1838 1686 251,

1052 1699 1126 1735 quod
1147 1699 1171 1727 si
1187 1700 1248 1734 quis
1269 1699 1345 1735 legit,
1365 1704 1393 1727 et
1411 1700 1483 1735 leget
1502 1704 1598 1736 postea
1619 1707 1662 1732 ea,
1688 1699 1722 1727 de
1738 1699 1840 1734 quibus

1053 1745 1223 1780 scripsimus,
1238 1745 1360 1773 offendet
1377 1745 1473 1773 eadem
1501 1753 1531 1772 re
1549 1745 1607 1779 ipsa
1625 1744 1733 1772 diversa
1747 1745 1840 1774 verbis

1052 1797 1113 1817 esse
1128 1794 1156 1818 et
1169 1789 1321 1818 sententiis.
1336 1789 1366 1819 In
1378 1790 1435 1825 ipsa
1445 1794 1535 1818 tamen
1543 1789 1589 1817 illa
1604 1790 1737 1825 scriptura
1747 1790 1840 1818 malim

1053 1844 1104 1871 pro
1121 1836 1170 1863 καὶ
1185 1837 1221 1872 μὴ
1238 1837 1357 1872 μετρεῖν,
1370 1836 1424 1863 τοῦ
1441 1835 1478 1872 μὴ
1495 1840 1560 1869 cet.,
1586 1836 1712 1864 similiter
1730 1843 1781 1871 pro
1794 1836 1842 1863 καὶ

1054 1882 1086 1908 τὸ
1111 1881 1148 1918 μὴ
1169 1883 1270 1917 κρῖναι,
1293 1882 1407 1911 καὶτοῦ
1423 1883 1460 1917 μὴ
1478 1887 1546 1915 cet.,
1569 1886 1598 1909 et
1610 1883 1658 1909 καὶ
1672 1882 1725 1909 τοῦ
1740 1881 1842 1917 ὐποφέ-

1055 1936 1122 1962 ρειν,
1137 1932 1166 1955 et
1179 1929 1225 1954 καὶ
1237 1928 1290 1955 τοῦ
1304 1928 1495 1964 ἀπορρίπτειν,
1508 1932 1536 1956 et
1551 1928 1668 1964 βιαστῶν
1679 1929 1744 1955 ἐστι
1765 1928 1842 1964 paet-

1054 1972 1112 1998 λεία
1127 1980 1177 2007 pro
1189 1973 1248 1999 ἐπί.
1265 1972 1343 2006 Quod
1360 1981 1425 2008 ergo
1439 1973 1542 2001 diversi
1567 1974 1684 2001 diversis
1699 1974 1767 2002 locis
1787 1973 1841 2005 ista

1054 2018 1161 2053 egregia
1177 2017 1297 2045 hominis
1323 2018 1395 2046 dicta
1415 2019 1601 2054 collegerunt,
1614 2024 1643 2047 at
1657 2019 1710 2047 alio
1727 2019 1773 2047 alii
1793 2028 1840 2048 or-

1054 2062 1118 2090 dine
1134 2063 1316 2098 digesserunt,
1336 2064 1400 2091 inde
1417 2065 1503 2097 venit,
1521 2065 1594 2100 quod
1617 2065 1686 2093 haec
1704 2065 1841 2100 0puseula

1054 2113 1118 2136 nata
1131 2114 1205 2141 sunt,
1231 2113 1259 2137 et
1280 2110 1365 2137 multa
1378 2114 1425 2137 aut
1439 2110 1570 2145 pleraque
1585 2111 1677 2139 omnia
1689 2111 1732 2139 bis
1749 2115 1778 2139 et
1798 2115 1841 2139 ter

1055 2158 1212 2181 οεοιιιτιωι.

1404 2201 1481 2237 §Ix.

1091 2246 1145 2274 Sed
1160 2247 1227 2274 mihi
1242 2247 1354 2274 omnino
1367 2247 1526 2280 videndum,
1541 2256 1576 2276 ne
1590 2248 1698 2276 desinat
1711 2249 1764 2276 hoe
1780 2255 1841 2276 esse

1055 2293 1205 2327 specimen.
1233 2292 1355 2321 Sufﬁciat
1394 2294 1548 2323 ostendisse
1579 2295 1670 2322 omnia
1693 2295 1777 2322 verba
1803 2295 1842 2322 ita

1054 2343 1114 2364 esse
1125 2337 1252 2372 repetita,
1274 2341 1304 2364 ut
1326 2338 1371 2365 vix
1395 2338 1523 2366 dilTerant
1543 2339 1597 2366 levi
1616 2339 1776 2366 traiectione
1793 2343 1840 2366 aut

1054 2382 1159 2418 aliquot
1184 2382 1282 2411 literis.
1301 2383 1429 2411 Ceterum
1445 2383 1581 2419 spondere
1609 2385 1709 2416 ausim,
1729 2392 1772 2411 me
1787 2384 1843 2412 alio

1054 2427 1125 2455 forte
1147 2431 1270 2463 tempore
1295 2434 1480 2462 ostensurum,
1505 2430 1551 2457 vix
1571 2430 1712 2457 minimam
1736 2434 1842 2465 partem

1054 2473 1139 2501 semel
1149 2474 1214 2507 dici,
1227 2474 1276 2502 sed
1287 2475 1378 2503 omnia
1392 2475 1448 2503 fere
1461 2476 1514 2508 bis,
1529 2476 1615 2503 multa
1629 2480 1671 2503 ter
1684 2483 1841 2503 occurrere.

1055 2515 1130 2556 [Pag.
1159 2520 1204 2557 20]
1226 2521 1323 2549 Paucis
1349 2521 1440 2549 adhuc
1465 2522 1606 2557 attingam,
1633 2529 1702 2557 quae
1728 2521 1843 2549 uberius

1055 2567 1120 2594 olim
1150 2568 1312 2602 exponenda
1336 2569 1401 2596 sint.
1422 2569 1554 2601 Primum,
1572 2569 1644 2596 male
1669 2568 1762 2595 omnia
1791 2568 1842 2595 ista

1053 2619 1114 2639 esse
1138 2613 1299 2648 composita,
1319 2618 1360 2646 ut,
1386 2622 1449 2642 cum
1476 2615 1511 2642 sit
1535 2614 1645 2649 aliquod
1674 2613 1842 2649 Opusculum

1055 2658 1086 2684 de
1101 2657 1237 2692 Oratione,
1253 2660 1339 2687 multa
1354 2661 1381 2687 in
1397 2669 1431 2688 co
1446 2661 1510 2693 sint,
1525 2669 1595 2695 quae
1611 2661 1675 2693 alio,
1693 2663 1721 2687 et
1737 2660 1765 2686 in
1781 2659 1843 2686 aliis

1055 2704 1146 2738 plura,
1168 2713 1238 2740 quae
1261 2714 1294 2733 eo
1310 2707 1494 2741 pertinebant.
1521 2706 1625 2734 Deinde
1643 2706 1790 2741 praecipue
1813 2705 1843 2732 in

1056 2749 1182 2777 Homiliis
1205 2751 1294 2779 oratio
1317 2759 1373 2779 non
1391 2752 1543 2787 interrupta
1571 2751 1659 2779 solum
1681 2750 1842 2787 quaestiun—

923 2800 928 2803 ·
977 2803 1102 2840 NOTAE.

257 2848 296 2888 (τι)
316 2835 407 2882 conn,
422 2848 563 2877 Semlerus
575 2848 700 2883 ἑκούσης.
718 2848 791 2887 Eutr.
