2048 3153
158 173 214 202 273

160 275 353 310 responsiones
373 274 445 301 haud
465 282 527 301 raro
544 274 664 309 ineptae,
679 278 711 301 ut
731 279 860 309 appareat
889 282 945 301 non

159 328 220 348 esse
239 319 442 355 responsiones,
467 323 495 347 et
513 327 569 347 non
590 327 669 354 posse
687 328 702 347 a
721 320 811 354 primo
833 323 946 347 auctore

160 371 238 394 natas
248 374 320 393 esse.
331 365 400 393 Nolo
414 365 508 393 multis
519 366 562 393 his
573 366 723 393 immorari.
740 366 834 401 Legat,
846 366 869 393 si
884 366 947 401 quis

160 412 244 443 volet,
256 419 326 446 quae
339 415 402 438 sunt
417 411 447 438 in
464 411 580 438 Homilia
593 419 639 438 Vlﬂ
654 411 681 438 in
694 412 747 439 line
761 411 775 447 §
789 412 815 444 4,
828 416 856 440 et
866 411 947 439 addat

160 457 330 492 Opusculum
349 457 380 484 de
402 456 537 484 Charitate
550 464 609 492 cap.
634 455 667 483 10
692 460 824 484 extremo.
848 456 949 492 Jungat

161 510 245 538 porro
256 503 336 530 istius
349 502 483 530 Homiliae
494 502 507 537 §
519 502 536 530 5
549 506 576 530 et
588 503 662 530 illius
675 503 805 538 Opusculi
830 510 889 537 cap.
903 502 948 535 12,

162 549 210 576 ubi
231 549 367 583 integrum
396 553 478 583 caput
509 548 651 581 inseritur,
677 548 750 584 quod
775 557 809 575 ex
832 548 950 576 Homilia

161 595 249 622 abest.
266 594 336 621 Tum
361 602 427 621 vero
451 594 573 621 omnium
587 595 705 622 maxime
717 602 746 622 se
765 594 840 622 fraus
858 594 951 629 prodit

163 640 298 667 Homiliae
312 639 434 675 ejusdem
451 639 464 675 §
481 640 498 667 6
513 648 561 675 per
579 639 715 675 egregiam
732 640 949 675 responsionem.

162 686 324 719 Quaesitum
337 690 406 719 erat,
418 686 447 713 in
468 686 568 721 quibus
583 686 714 722 gradibus
732 685 909 721 perfectionis
921 689 951 712 tu

162 732 212 760 es?
223 737 252 759 et
263 732 444 768 respondetur
460 742 467 759 :
481 732 550 768 μετὰ
559 732 588 758 τὸ
597 733 709 769 σημεῖον
720 732 765 758 τοῦ
776 731 894 767 σταυροῦ
902 731 951 758 νῦν

163 779 182 813 ή
192 778 271 813 χάρις
286 778 371 809 οὕτως
383 779 498 814 ἐνεργεῖ,
513 778 561 805 καὶ
574 777 707 814 εἰρηνεύει
720 777 768 804 ὅλα
782 777 815 804 τὰ
828 777 895 813 μέλη
904 777 953 803 καὶ

163 825 214 860 τὴν
235 824 359 860 καρδίαν,
377 824 448 851 ὥστε
465 824 514 860 τὴν
527 825 616 861 ψυχὴν
632 825 666 851 ἐκ
679 826 729 860 τῆς
751 823 851 859 πολλῆς
866 824 953 858 χαρᾶς

162 871 202 903 ὡς
216 871 321 898 παιδίον
331 870 435 897 ἄκακον
451 870 606 905 φαίνεσθαι.
623 871 671 898 καὶ
682 870 732 897 οὐκ
742 870 781 896 ἔτι
793 869 952 904 κατακρίνει

670 171 714 199 DE
731 170 886 200 SCRIPTIS
904 171 932 199 S.
952 170 1094 199 MACARII
1108 171 1275 199 AEGYPTIL

160 230 240 261 culis.
255 229 305 257 sed
329 233 358 256 et
380 228 433 256 hae
447 228 522 263 ipsae
535 227 602 256 satis
617 227 814 264 incompositae
832 233 906 262 sunt,
920 233 948 256 et
961 232 986 261 Α

1728 169 1782 199 2η

1031 273 1133 302 Ultimo
1143 273 1204 301 loco
1220 273 1290 301 addo
1304 273 1371 301 illud
1385 274 1485 305 adhuc,
1497 281 1548 308 pro
1560 281 1619 300 mea
1634 273 1782 306 sententia,

996 320 1102 348 nescire
1111 327 1163 353 me,
1176 320 1242 355 quid
1254 319 1306 347 sibi
1316 319 1383 347 velit
1395 319 1459 346 illud
1474 319 1547 353 quod
1560 326 1641 354 saepe
1663 319 1784 347 occurrit

996 366 1102 402 φησιν.
1122 366 1188 393 Tale
1207 373 1258 401 ego
1274 373 1384 400 semper
1399 365 1482 392 credo
1499 372 1560 393 esse
1580 365 1717 392 narrantis
1735 365 1784 392 ali-

998 411 1065 447 quid
1079 411 1113 440 de
1134 412 1231 444 altero,
1246 419 1302 438 non
1316 419 1382 438 vero
1396 404 1542 438 scribentis
1563 411 1673 438 suasAt
1695 415 1784 438 exstat

999 465 1059 492 cap.
1083 457 1126 489 10,
1149 465 1208 492 cap.
1232 457 1258 489 9,
1280 464 1340 492 cap.
1365 456 1381 483 8
1396 456 1427 482 de
1450 455 1596 483 Charitate.
1611 456 1650 483 lta
1675 463 1784 490 quoque

999 511 1059 538 cap.
1073 502 1089 530 9
1105 503 1143 530 ita
1153 502 1282 530 scribitur
1295 511 1301 529 :
1315 502 1356 530 Ad
1368 503 1584 537 interrogantem,
1597 511 1632 529 an
1648 503 1723 539 [Pag.
1738 502 1785 540 21]

1000 551 1079 586 possit
1097 551 1173 577 homo
1188 549 1216 576 in
1241 557 1269 576 eo
1285 557 1387 585 semper
1397 553 1470 576 statu
1501 549 1607 581 durare,
1625 550 1661 576 sic
1680 558 1788 585 respon-

1000 596 1113 623 dendum
1129 599 1166 622 est
1189 599 1242 622 cet.
1257 595 1288 622 in
1303 595 1419 622 Homilia
1431 602 1498 622 vero
1512 598 1607 621 octava
1619 594 1632 629 §
1643 594 1661 621 2
1671 595 1788 623 habetur

1001 646 1030 670 et
1049 641 1175 677 quaestio
1190 645 1218 668 et
1241 640 1393 676 responsio,
1411 641 1519 668 omissis
1539 640 1599 667 istis
1619 641 1657 667 ita
1679 649 1788 675 respon-

1002 687 1116 715 dendum
1130 691 1176 714 est.
1193 686 1284 714 Facile
1304 689 1416 721 apparet
1439 686 1543 713 dictum
1558 685 1670 720 aliquod
1686 689 1714 712 et
1729 693 1789 712 me-

1002 736 1138 761 moratum
1158 736 1253 767 postea
1272 739 1432 766 responsum
1459 731 1568 758 Macarii
1595 731 1629 758 ad
1652 731 1704 758 tale
1722 731 1789 766 quid

1003 783 1143 813 rogantem
1157 778 1185 805 in
1197 778 1268 805 hanc
1279 778 1399 813 regulam
1417 785 1578 804 conversum
1593 784 1663 804 esse.
1677 777 1789 804 Possem

1003 824 1092 859 plura.
1110 824 1164 851 Sed
1174 824 1208 851 de
1221 823 1265 851 his
1275 827 1302 850 et
1316 823 1387 855 aliis,
1402 822 1474 850 unde
1484 827 1512 850 et
1523 822 1631 858 quando
1644 822 1695 849 ista
1706 830 1791 857 opera

1004 867 1114 895 Macarii
1133 868 1322 895 consarcinata
1342 867 1499 900 videantur,
1524 867 1547 895 si
1567 867 1639 894 Deus
1661 867 1789 900 voluerit,

162 917 179 943 ὁ
193 915 336 951 ἄνθρωπος
345 903 463 951 Ἕλληνα
474 916 491 950 ἦ
505 916 640 943 Ἰουδαῖον.
653 915 727 948 Quae
741 922 822 949 quam
834 903 952 941 absurde

1005 919 1032 941 et
1049 915 1118 942 haec
1128 922 1184 942 non
1194 914 1405 949 displicuerunt,
1418 913 1564 948 aliquando
1579 913 1692 940 uberius
1705 920 1791 948 expo-

163 962 340 993 cohaereant.
364 961 456 988 dicere
474 969 529 989 non
550 961 656 989 attinet.
671 961 805 996 Jungatur
827 959 951 995 Opuscu-

163 1007 223 1034 lum
236 1006 267 1033 de
279 1005 414 1034 Charitate
428 1014 488 1041 cap.
506 1006 549 1033 12.

1004 968 1112 988 nemus.

186 1100 1782 1114 .——_—_——————————_———-—-————

628 1193 1025 1240 DISSERTATIO
1074 1194 1327 1238 ALTERA.

162 1305 304 1342 Specimen
324 1304 623 1342 animadversionnntin
637 1304 737 1342 aliquot
749 1303 880 1342 quscuta
904 1303 1004 1332 Graeca
1015 1304 1138 1342 Maggrii,
1154 1307 1182 1333 in
1194 1306 1311 1334 natalem
1330 1308 1398 1334 diem
1415 1307 1464 1334 viri
1476 1314 1577 1342 summa
1594 1309 1734 1340 revertendi,
1747 1315 1795 1335 ca:-

203 1341 395 1377 cgttentissimi,
410 1340 551 1377 doctissimi
568 1339 729 1377 Sigismundi
743 1339 1103 1377 JacobiBauntgaften,_SS.
1116 1341 1202 1369 Theol.
1219 1342 1293 1369 Dect.
1311 1346 1334 1369 et
1354 1343 1426 1377 Prof.
1445 1340 1523 1369 Publ.
1544 1342 1646 1375 0rdin.,
1662 1342 1793 1370 Seminar.

203 1376 292 1415 ἶιιςρις
302 1376 460 1415 Hectoris»
472 1374 799 1415 ρειτῖοηίηε⁷ι.ρναεεςριοηίε
809 1374 998 1415 eameam?
1012 1374 1124 1415 ςοιςηςιμ
1141 1377 1203 1415 tere
1221 1374 1413 1415 anienem
1425 1377 1505 1405 edidit
1520 1377 1563 1405 Jo-
1575 1378 1634 1406 εαι-
1651 1378 1794 1411 semitm.

201 1410 323 1446 Salfelda
336 1411 460 1445 Thuring.
472 1408 562 1437 Halae
572 1408 677 1437 Salicne
697 1408 788 1437 Literis
802 1408 912 1437 Joannis
927 1408 1070 1438 Christiani
1083 1411 1214 1440 Hendelii.
1233 1412 1310 1440 1746.
1325 1412 1364 1449 (α)

201 1528 280 1564 [Pag.
293 1525 321 1563 3]
335 1526 380 1554 Vir
388 1534 489 1554 summe
503 1526 650 1558 reverenda,
662 1525 884 1557 excellentissime,
901 1526 1057 1558 doctissime,
1070 1525 1171 1553 Fautor
1185 1530 1209 1553 et
1225 1530 1336 1562 patrone
1351 1526 1601 1555 benevolentissime.

201 1576 234 1602 in
244 1574 383 1602 communi
400 1573 562 1601 Academiae
575 1573 658 1601 huius
671 1573 786 1605 laetitia,
800 1580 854 1608 qua
870 1573 985 1608 insignis
997 1573 1044 1600 hic
1061 1573 1122 1614 dies
1138 1580 1235 1601 omnes
1254 1573 1392 1601 Musarum
1410 1574 1551 1609 perfundit
1562 1574 1688 1607 ordines,
1703 1579 1798 1610 patere

162 1625 195 1648 et
213 1628 258 1647 me
270 1620 395 1647 sollemni
409 1620 473 1647 huic
490 1619 545 1646 luci
565 1619 694 1654 gaudium
714 1623 743 1646 et
757 1624 820 1647 vota
834 1627 883 1654 per
901 1627 1035 1646 summam
1058 1619 1190 1655 pietatem
1207 1620 1366 1647 decernere.
1388 1620 1429 1647 Ad
1452 1628 1495 1648 me
1513 1621 1586 1648 enim
1608 1621 1661 1648 hoc
1679 1621 1798 1649 ofﬁcium

165 1674 256 1693 unum
268 1666 392 1693 omnium
404 1665 520 1692 maxime
535 1665 644 1693 videtur
657 1666 805 1700 pertinere,
823 1666 852 1693 in
864 1674 946 1701 quem
963 1670 1003 1693 tot
1017 1674 1081 1694 sane
1097 1671 1126 1694 et
1141 1670 1217 1694 tanta
1231 1671 1340 1694 exstant
1358 1667 1416 1694 Tua
1432 1667 1563 1695 beneﬁcia
1578 1671 1606 1695 et
1620 1668 1735 1696 eximiae
1749 1669 1798 1696 be-

163 1711 341 1739 nevolentiae
353 1710 527 1742 documenta,
541 1714 581 1743 ut,
598 1719 678 1745 quem
698 1711 888 1746 Praeceptoris
904 1711 993 1738 Tuum
1011 1719 1114 1739 numen
1129 1712 1356 1740 venerabundum
1371 1713 1509 1746 eﬂecerat,
1521 1714 1576 1749 jam
1595 1713 1669 1749 [Pag.
1681 1714 1709 1750 4]
1726 1715 1799 1743 Fau-

166 1758 238 1786 toris
254 1756 436 1784 beneficentia
451 1761 506 1783 tam
518 1756 668 1783 reddiderit
680 1763 770 1788 suum,
787 1761 818 1783 ut
829 1755 974 1792 diligenter
986 1764 1083 1792 negem
1098 1757 1165 1784 mihi
1181 1765 1347 1792 quemquam
1359 1758 1388 1785 in
1401 1758 1494 1786 ciliciis
1508 1766 1572 1794 erga
1592 1759 1629 1786 Te
1642 1767 1701 1787 esse
1717 1768 1799 1795 supe-

166 1806 283 1833 riorem.
302 1805 396 1840 Neque
410 1812 486 1836 vero,
500 1805 564 1832 licet
581 1805 727 1840 praecipua
741 1806 801 1840 ejus
813 1813 876 1840 pars
889 1813 950 1832 mea
970 1806 1015 1837 sit,
1032 1813 1092 1833 mea
1116 1806 1199 1833 unius
1212 1810 1255 1833 est
1268 1806 1337 1833 haec
1355 1806 1461 1841 pietas;
1477 1814 1572 1834 omnes
1585 1806 1661 1840 boni,
1677 1810 1707 1834 ut
1725 1807 1800 1835 hunc

164 1854 243 1881 diem
256 1853 348 1880 Tuum
366 1853 495 1888 gaudent,
509 1853 545 1880 ita
560 1853 667 1880 felicem
680 1854 739 1888 ejus
759 1853 878 1880 reditum
891 1853 962 1881 votis
977 1853 1170 1888 ominibusque
1188 1853 1298 1888 optimis
1315 1858 1474 1888 precantur.
1492 1853 1597 1886 Quibus
1616 1854 1727 1888 quidem
1747 1855 1800 1882 rite

165 1901 307 1936 susceptis
321 1901 393 1928 votis
413 1904 468 1928 tam
485 1900 648 1928 conﬁdimus
665 1901 752 1928 Deum
775 1909 981 1936 responsurum,
1004 1909 1087 1936 quam
1110 1907 1187 1928 certo
1202 1901 1321 1933 scimus,
1339 1901 1388 1928 Dei
1407 1900 1446 1928 Te
1468 1901 1599 1936 singulari
1620 1900 1753 1928 beneﬁcio
1771 1900 1800 1928 in

166 1947 343 1975 uberrimum
364 1947 513 1974 multorum
530 1948 746 1975 emolumentum
758 1948 829 1975 hanc
848 1949 937 1975 lucem
956 1948 1124 1983 adspexisse.
1142 1947 1270 1976 Ceterum
1291 1947 1453 1974 clementem
1468 1947 1516 1980 Te,
1534 1947 1576 1974 vir
1595 1955 1699 1974 summe
1720 1955 1800 1975 reve—

168 1995 266 2026 rende,
284 1994 350 2021 huic
369 1993 423 2021 levi
434 1995 537 2030 scripto
555 1999 619 2030 opto
638 1996 828 2030 interpretem,
844 1996 917 2030 quod
933 2000 961 2023 et
976 1995 1170 2023 brevissimum
1185 2000 1227 2023 est
1238 2015 1245 2027 ,
1256 1995 1320 2030 quia
1334 1995 1390 2022 scio
1405 1995 1491 2022 otium
1508 1994 1593 2022 ferme
1604 1995 1669 2022 Tuis
1685 1996 1801 2031 negotiis

167 2041 277 2074 deesse,
294 2041 395 2069 nedum
410 2041 453 2070 his
473 2042 638 2070 iuvenilibus
653 2043 736 2070 rebus
746 2064 752 2076 ,
768 2048 796 2071 et
811 2044 991 2077 levissimum,
1008 2043 1082 2079 Quod
1099 2043 1180 2079 hujus
1193 2043 1248 2070 diei
1262 2043 1366 2070 laetitia
1385 2043 1550 2071 severiorem
1566 2044 1726 2079 gravitatem
1743 2043 1801 2080 pati

169 2096 224 2116 non
247 2088 407 2116 videbatur.
423 2088 464 2116 Tu
478 2097 556 2121 vero,
566 2090 610 2116 vir
627 2098 733 2117 summe
748 2090 910 2123 rcverende,
923 2097 1002 2117 serva
1017 2090 1055 2117 sis
1070 2090 1138 2117 mihi
1158 2089 1281 2117 favorem
1296 2093 1324 2117 et
1341 2089 1570 2118 benevolentiam.
1586 2089 1661 2117 Vale.

203 2135 270 2162 Dies
281 2134 353 2162 Xllll
370 2134 460 2162 Martii
471 2135 602 2170 feliciter.
619 2135 806 2164 MDCCXLV].

205 2257 284 2292 [Pag.
303 2257 331 2295 5]
347 2255 416 2283 Cum
431 2263 446 2282 a
460 2255 581 2288 nemine,
609 2255 683 2291 quod
705 2256 800 2289 sciam,
814 2257 963 2292 peculiaris
976 2262 998 2290 c
1049 2258 1090 2286 Ad
1103 2258 1262 2289 OPUSCJJLUII
1280 2267 1390 2290 PRIMUM,
1407 2259 1481 2294 quod
1501 2263 1544 2286 est
1566 2259 1636 2293 Περὶ
1660 2259 1801 2299 φυλακῆς

170 2310 240 2330 cura
255 2302 285 2328 in
305 2301 416 2328 Macarii
431 2300 520 2336 Opera
534 2302 625 2329 adhuc
643 2306 771 2336 suscepta
792 2302 837 2334 sit,
851 2302 897 2330 hic
912 2311 962 2330 au-

172 2355 227 2376 tem
248 2348 323 2375 idem
342 2347 428 2374 fatum
450 2348 614 2375 sustinuerit
636 2356 669 2375 ac
692 2348 738 2375 alii
755 2348 905 2383 scriptores
917 2357 965 2377 ve-

171 2402 257 2427 teres,
272 2395 307 2422 ad
322 2402 392 2429 quos
412 2398 440 2421 et
455 2395 590 2422 lectorum
609 2394 747 2430 imperitia
764 2398 792 2422 et
810 2399 964 2430 temporum

171 2441 275 2477 injuria
295 2441 411 2467 multum
426 2440 584 2472 valuerunt,
603 2439 766 2467 brevissime
786 2444 892 2467 tantum
914 2447 965 2475 per

172 2488 279 2522 aliquot
299 2486 438 2522 Opuscula
460 2485 611 2513 Macariana
634 2485 787 2518 ostendam,
813 2493 846 2512 ea
867 2493 965 2521 exspe-

172 2539 249 2560 ctare
262 2533 357 2560 adhuc
370 2532 513 2559 meliorem
521 2531 674 2566 scripturae
685 2539 790 2558 curam.
801 2531 863 2564 Ubi,
878 2532 963 2559 omis-

173 2579 210 2605 sis
236 2583 294 2605 tum
312 2576 516 2613 typographicis
530 2580 589 2603 tum
599 2575 732 2603 versionis
756 2576 840 2608 vitiis,
855 2576 964 2611 potiora

172 2624 309 2659 quaedam
341 2622 493 2657 scripturae
524 2621 623 2649 menda
649 2621 787 2648 sublatum
812 2621 869 2654 ibo,
893 2628 964 2655 quae

174 2672 246 2698 inter
262 2669 412 2705 legendum
432 2667 571 2695 annotavi.
596 2667 669 2696 Usus
692 2675 752 2695 sum
767 2667 889 2695 editione
903 2667 964 2695 Pri-

173 2718 215 2745 tii.
233 2717 294 2745 lam

1016 2304 1152 2339 καρδίας,
1171 2305 1240 2333 haec
1250 2305 1308 2332 fere
1323 2309 1426 2332 annoto
1438 2314 1445 2331 :

1047 2393 1110 2421 CAP.
1127 2393 1156 2421 I:
1171 2393 1202 2419 οὺ
1217 2392 1271 2428 γὰρ
1288 2394 1305 2429 ἡ
1320 2393 1408 2430 ἀποχὴ
1416 2393 1470 2420 τῶν
1487 2392 1579 2420 κακῶν
1594 2392 1802 2429 ἐπινὴκάθαμ

1014 2447 1066 2470 σις,
1085 2437 1142 2465 ἀλλ’
1162 2439 1179 2473 ἡ
1196 2438 1267 2464 κατὰ
1281 2438 1432 2473 συνείδησιν
1447 2437 1536 2464 τελεία
1556 2435 1704 2472 κάθαρσις,
1719 2445 1802 2472 neque

1013 2484 1082 2511 enim
1108 2483 1268 2510 abstinentia
1289 2492 1305 2510 α
1331 2483 1516 2519 grandioribus
1538 2483 1607 2509 vitiis
1632 2486 1669 2508 est
1687 2483 1800 2517 puritas,

1015 2530 1061 2557 sed
1081 2530 1194 2565 perfecta
1218 2530 1390 2556 conscientiae
1406 2529 1570 2564 expurgatio.
1600 2528 1701 2556 Sensus
1722 2529 1804 2564 paul-.

1016 2575 1074 2602 lum
1099 2575 1297 2602 incommodus.
1323 2575 1353 2602 ln
1377 2574 1515 2609 Opusculo
1537 2573 1611 2600 enim
1640 2574 1703 2606 νιο,
1734 2575 1803 2604 Περὶ

1018 2621 1147 2655 ὑψώσεως
1165 2620 1239 2657 [Pag.
1253 2620 1280 2656 6]
1296 2620 1343 2647 τοῦ
1367 2620 1436 2653 νοός,
1452 2627 1513 2655 cap.
1526 2619 1561 2646 20
1575 2623 1699 2649 extremo
1723 2619 1806 2653 aliter

1019 2667 1156 2696 habetur:
1177 2668 1225 2694 καὶ
1252 2667 1307 2703 γὰρ
1330 2666 1379 2702 οὐχ
1401 2667 1417 2702 ἡ
1438 2665 1493 2692 τῶν
1516 2665 1685 2701 φαινομένων
1710 2667 1807 2700 κακῶν

933 2799 1058 2828 NOTAE.

214 2888 252 2924 ta)
266 2887 383 2916 Constat
395 2888 499 2923 paginis
509 2889 543 2916 20
558 2887 640 2915 ἰπὶ-4⁸³.
653 2887 730 2915 Eprr.
