2061 3150
275 182 329 210 275

919 179 966 208 10.
987 179 1061 207 SAL.
1082 179 1267 210 SEMLERUS

1845 178 1901 206 276

275 237 366 273 ἀποχὴ
379 237 516 269 τελείωσίς
532 237 617 270 ἐστιν,
634 236 692 263 ἀλλ’
709 238 726 272 ἡ
741 236 811 264 κατὰ
821 236 943 264 διάνοιαν
957 237 1063 273 κάθαρ-

1123 240 1188 267 mim
1202 240 1339 275 dependet
1353 238 1534 268 constructio.
1557 237 1654 265 Latina
1668 235 1760 264 versio
1772 235 1900 264 similiter

276 293 328 316 αις,
345 283 414 319 αὓτη
429 283 527 310 τελεία.
549 283 584 310 Ει
598 283 626 310 in
637 283 754 310 Homilia
772 291 826 310 xm
839 282 853 318 §
869 283 917 310 l5:
933 284 964 310 οὐ
978 283 1032 318 γὰρ
1046 284 1063 318 ἡ

275 329 365 364 ἀποχὴ
373 329 428 356 τῶν
441 329 544 361 κακῶν,
556 329 626 364 αὕτη
637 329 710 355 ἐστὶν
729 331 746 365 ἡ
760 329 912 362 τελείωσις,
924 329 982 356 ἀλλ’
996 333 1062 362 cet.,

277 373 324 401 ubi
344 373 456 408 paulum
470 374 568 401 variat.
583 375 710 402 Planiora
725 374 762 402 ita
778 379 871 402 essent
879 375 907 402 in
923 375 1022 410 Opusc.
1041 376 1062 408 l,

276 419 299 446 si
311 426 361 454 pro
376 419 466 454 primo
493 420 625 455 κάθαρσις
651 425 726 448 esset
749 421 896 453 τελείωσις,
911 426 943 448 ut
958 422 987 448 in
1002 421 1064 449 aliis

275 464 354 497 locis,
372 465 438 492 licet
450 465 596 500 inscriptis
610 465 777 493 Graecorum
803 467 931 494 asceticis
956 467 1065 494 τελείω-

277 519 320 542 σις
334 514 363 538 et
381 511 515 546 κάθαρσις
544 512 617 539 idem
635 511 693 539 fere
713 512 759 539 sit.
793 513 895 541 Ultima
912 513 997 541 verba
1014 521 1062 541 ca-

276 557 342 592 pitis
354 557 436 592 hujus
455 557 501 585 lIlli
527 557 596 585 haec
610 558 692 594 vulgo
704 563 783 586 sunt:
799 560 823 585 εί
845 559 873 586 δὲ
897 559 944 595 μὴ,
971 568 1066 586 ταπει-

276 603 373 635 νωθεὶς
389 603 427 634 ὡς
446 603 539 638 ἐνδεὴς
552 604 599 630 καὶ
608 604 769 639 ἁμαρτωλὸς
783 604 854 640 ὑπὲρ
867 604 922 632 τῶν
936 605 1061 640 κρυφίων

277 658 324 676 σου
335 649 462 684 δεόμενος
474 649 522 676 τοῦ
535 650 613 678 Θεοῦ.
631 650 684 678 Ubi
701 650 780 678 deest
807 651 924 678 verbum
938 652 972 679 ad
989 652 1063 687 quod

277 695 329 722 ista
346 695 490 730 participia
510 695 657 730 pertinent.
676 696 753 729 Quod
777 697 960 732 supplendum
977 702 1019 725 est
1031 705 1065 725 ex

277 742 535 777 0pusc.Vcap.2l:
556 742 706 776 πρόσελθε
726 743 796 778 ὑπὲρ
811 743 865 770 τῶν
879 744 1063 779 κρυφίωνοοι.

312 787 354 815 Ad
369 796 426 815 car.
443 788 466 815 ll
485 788 519 816 de
532 788 626 816 verbis
654 788 759 816 ultimis
782 789 994 817 monemuszstb
1018 791 1066 817 καὶ

277 832 360 859 ὓπνον
375 832 490 867 λέγομεν
512 833 561 868 τὴν
576 833 705 869 κοίμησιν
728 834 783 860 τῶν
797 834 892 868 ἁγίων.
917 835 1013 863 Melius
1029 843 1064 863 ex

278 877 397 905 Homilia
410 878 462 905 ista
478 878 536 914 xv§
551 879 585 906 39
611 879 663 914 legi
678 888 684 906 ε
703 879 788 906 ὕπνον
804 878 850 907 οὖν
871 880 988 916 λέγομεν
1019 881 1065 907 καὶ

1114 291 1199 319 errat,
1218 294 1288 321 quae
1302 287 1373 314 solet
1386 292 1583 320 nonnunquam
1598 284 1664 312 satis
1674 283 1745 310 mala
1760 290 1830 310 esse.

1148 332 1211 360 CAP.
1228 333 1263 360 IX
1277 337 1339 368 post
1355 332 1493 360 medium:
1521 331 1602 358 καλόν
1616 331 1690 356 ἐστιν
1705 330 1723 364 ἡ
1743 328 1867 364 νηστεία,
1882 328 1900 362 ἡ

1113 379 1261 415 ἀγρυπνία,
1282 380 1299 415 ἡ
1316 378 1444 411 ξενιτεὶω
1460 377 1528 404 ἀλλὰ
1552 376 1638 403 ταῦτα
1664 375 1740 410 ἀκμὴ
1764 373 1901 405 πολιτείας

1113 425 1188 452 ἐστὶν
1199 424 1315 460 ἀγαθῆς·
1335 424 1405 460 πλὴν
1421 425 1438 459 ἡ
1461 422 1538 455 τάξις
1551 422 1605 448 τῶν
1633 420 1803 456 Χριστιανῶν
1822 419 1898 455 [Pag.

1114 467 1141 503 8]
1161 469 1282 503 ὲσωτέρα
1301 468 1359 494 ἐστὶ
1371 466 1475 494 τούτων
1488 471 1542 494 cet.
1559 466 1655 493 Latina
1665 465 1754 492 versio
1773 464 1834 491 talis
1847 467 1899 491 est:

1114 513 1165 541 Sed
1176 515 1240 541 haec
1250 515 1298 549 ﬂos
1315 515 1370 549 ipse
1383 522 1414 541 ac
1431 514 1505 549 vigor
1519 517 1580 540 sunt
1590 511 1794 538 conuersationis
1807 510 1899 536 bonae.

1114 558 1236 587 Ceterum
1248 559 1312 586 ordo
1321 553 1537 586 Christianorum
1550 557 1659 584 interior
1670 559 1708 582 est
1720 555 1759 581 his
1783 558 1836 581 cet.
1852 553 1904 580 llic

1115 605 1204 640 qualis
1220 604 1335 632 sensus?
1348 604 1376 632 Si
1396 603 1500 639 aliquid
1515 606 1557 630 est
1576 601 1754 638 praecipuum
1765 600 1793 627 in
1813 599 1904 634 aliqua

1115 657 1210 682 re,eur
1218 649 1286 677 illud
1303 654 1357 677 tam
1366 649 1444 684 parvi
1459 649 1592 676 ducatur?
1605 648 1635 675 in
1648 647 1786 682 Opusculo
1795 645 1830 672 Vl
1842 652 1903 680 cap.

1114 697 1149 724 30
1165 697 1233 724 haec
1248 696 1284 723 ita
1300 696 1453 723 habemur:
1472 695 1556 722 καλὸν
1566 695 1583 729 ἡ
1599 693 1756 729 νηστεία,...
1773 691 1820 718 καὶ
1834 699 1903 728 προ-

1115 743 1190 778 οίμια
1203 742 1290 769 ταῦτα
1308 742 1446 773 πολιτείας
1460 740 1609 774 θεοφιλοῦς
1625 739 1767 773 ἀλόγιστον
1784 738 1814 765 δὲ
1846 738 1904 764 ἀτε-

1115 789 1186 824 χνῶς
1209 788 1344 820 τὺάπλῶνς
1363 788 1420 819 τοῖς
1448 786 1577 818 τοιούτοις
1598 785 1765 821 ὲπιθαρῤεἶν.
1788 783 1904 811 Reddita

1115 839 1180 862 sunt
1191 844 1197 862 :
1213 836 1278 862 haec
1290 835 1423 870 prooemia
1432 838 1493 861 sunt
1504 832 1708 860 conversationis
1719 831 1803 858 Deum
1811 837 1904 856 aman-

1117 881 1192 913 tium.
1221 888 1303 908 sensu
1328 888 1385 908 non
1407 878 1592 911 incommodo,
1617 878 1664 905 sed
1689 877 1744 904 huc
1770 884 1826 904 non
1839 883 1903 910 per-

278 924 407 960 κοίμησιν
429 925 484 951 τῶν
504 925 590 959 ἁγίων
615 926 661 953 τὸν
687 926 813 953 θάνατον.
837 927 905 954 Nam
927 927 1009 959 ὕπνος
1038 931 1067 954 et

1123 926 1238 954 tinente.
1251 926 1322 961 Lege
1336 935 1342 953 :
1362 925 1410 952 καὶ
1425 925 1565 961 παρόμοια
1577 923 1662 951 ταῦτα
1687 923 1824 953 πολιτείας
1850 921 1906 947 θεο-

279 969 407 1004 κοίμησις
421 969 494 997 idem
507 970 653 1006 signiﬁcat.

319 1014 438 1043 Omissis
452 1015 560 1051 aliquot
570 1017 708 1052 capitibus
724 1017 878 1053 leviterque
892 1018 1066 1047 variantibus

279 1060 425 1096 scripturis
436 1061 470 1088 ad
486 1069 543 1089 cap.
564 1062 598 1090 Vl
614 1063 750 1090 venimus.
763 1063 803 1090 lbi
816 1063 853 1090 ita
871 1068 980 1092 exstat:
996 1064 1068 1091 οὕτω

279 1107 327 1134 καὶ
343 1108 567 1143 ὀπροσλεπτικὺς
583 1109 646 1141 νοῦς
673 1110 822 1145 προὸλέπει
848 1111 932 1145 ταχὺς
956 1110 993 1138 ὢν
1016 1111 1067 1146 τῆς

279 1153 471 1190 ἀντικειμένης
485 1154 626 1190 δυνάμεως
640 1155 690 1187 τὰς
706 1155 802 1192 τέχνας
814 1155 1002 1184 εοῑᾹΗοιηίΙίο
1020 1165 1069 1184 au-

279 1204 337 1229 tem
350 1209 387 1228 vn
403 1200 417 1236 §
436 1200 472 1228 8:
491 1200 562 1228 οὕτω
574 1201 621 1228 καὶ
636 1202 651 1228 ὁ
676 1201 737 1234 νοῦς
760 1201 909 1238 προὸλέπει
932 1203 1064 1239 γοργόρος

279 1246 319 1274 ὥν
337 1246 675 1282 οειὼθςοιιὰιιωγοργός,
703 1255 759 1274 non
790 1248 940 1285 γοργόροςε
975 1253 1003 1276 ct
1017 1249 1069 1277 ista

279 1300 334 1320 vox
344 1287 560 1328 saepe'occurrit
573 1293 602 1320 in
615 1292 733 1320 Homilia
751 1301 800 1320 nn.
816 1293 986 1330 Hesychius:
1001 1304 1069 1330 τορ-

279 1340 344 1374 τός,
366 1339 524 1374 εὐκίνητος,
550 1338 645 1374 ταχύς,
663 1340 791 1376 σκληρός,
818 1340 944 1376 λιπαρός,
971 1342 1070 1377 εὐτρα-

281 1385 345 1420 φής.
363 1384 439 1412 Adeo
454 1385 540 1420 ταχὺς
558 1385 587 1412 in
601 1384 702 1420 Opusc.
718 1386 730 1414 Ι
745 1394 805 1422 cap.
821 1387 838 1414 6
848 1391 891 1414 est
909 1387 999 1422 glossa
1020 1388 1068 1414 τοῦ

281 1430 399 1466 γοργόςο

317 1475 380 1504 CAP.
394 1476 440 1504 VII
455 1483 505 1511 pro
519 1476 567 1503 τοῦ
591 1476 637 1503 νοῦ
648 1477 728 1513 ἡμῶν
740 1478 979 1514 προσ-καλουμένου
995 1478 1068 1514 μετὰ

281 1521 330 1549 τοῦ
344 1522 448 1558 Κυρίου
461 1523 575 1550 πάντοτε
588 1523 648 1558 lege
661 1532 667 1550 :
681 1524 921 1560 προσκολλωμὲνου
949 1525 989 1560 τῷ
1014 1525 1070 1552 Κυ-

283 1567 336 1604 ρίῳ
361 1572 427 1601 cet.;
457 1568 495 1622 ita
511 1572 599 1596 exstat
629 1569 658 1596 in
683 1569 782 1605 Opusc.
798 1569 821 1598 ll
833 1579 893 1606 cap.
922 1571 955 1598 15
968 1580 974 1597 :
989 1572 1004 1598 ὁ
1016 1571 1070 1607 γὰρ
1083 1593 1105 1622 C

282 1614 346 1646 νοῦς
362 1614 441 1650 ἡμῶν
456 1614 527 1641 οὕτω
543 1615 688 1647 διαπαντὸς
699 1616 739 1652 τῷ
749 1616 808 1652 Θεῷ
825 1616 1069 1651 προσκολλώμενος

283 1665 338 1688 cet.
351 1661 495 1688 Praeterea
510 1667 677 1696 provocatur
689 1662 722 1689 ad
738 1662 748 1689 l
761 1662 824 1690 Cor.
837 1671 874 1694 v1,
893 1663 936 1695 l7,
958 1662 1005 1690 ubi
1018 1663 1072 1690 hoc

284 1706 361 1743 [Pag.
378 1707 405 1743 7]
423 1707 539 1735 verbum
555 1708 620 1735 item
645 1712 742 1735 exstat.
770 1709 883 1743 Vulgata
901 1709 983 1736 lectio
1012 1708 1072 1736 sine

283 1761 378 1785 sensu,
395 1758 426 1781 ut
437 1753 518 1781 docet
535 1755 628 1782 versio
643 1755 739 1782 latina.
758 1754 890 1790 Sequitur
904 1755 942 1782 ibi
960 1755 1070 1782 statim:

284 1798 380 1825 τοῦτον
389 1798 419 1824 δὲ
443 1798 490 1825 τὸν
512 1798 634 1834 κρυπτὸν
650 1799 743 1833 ἀγῶνα
765 1800 814 1826 καὶ
835 1799 950 1835 μελέτην
968 1799 1072 1835 Κυρίου

284 1844 334 1871 καὶ
346 1844 428 1871 πόνον
449 1845 545 1876 νυκτὸς
563 1845 610 1871 καὶ
637 1845 744 1881 ἡμέρας
769 1844 840 1880 ἔχειν
855 1845 928 1880 ἡμᾶς
952 1846 1005 1882 χρὴ
1033 1846 1073 1878 εἰς

285 1890 377 1917 πᾶσαν
392 1890 565 1925 ἐπιτήδευσιν
593 1891 714 1925 ἐντολῆς,
748 1890 804 1917 εἶτε
826 1891 991 1927 εὐχομένων,
1018 1891 1073 1918 εἴτε

285 1936 471 1971 ὲσθιόντων,ἢ
494 1935 699 1969 διακονούντων,
716 1937 889 1973 ῆπινόντων,
906 1937 922 1972 ἢ
942 1937 1036 1973 ἕτερόν
1047 1946 1074 1964 τι

285 1981 444 2008 ποιούντων.
456 1981 508 2010 Ubi
524 1982 693 2010 constructio
710 1990 807 2018 graeca
823 1982 959 2010 claudicat
969 1991 985 2010 a
1009 1990 1073 2010 ver-

286 2027 323 2054 bo
351 2027 404 2062 χρὴ
432 2027 565 2062 pendens.
596 2028 757 2064 Legendum
783 2036 817 2056 ex
846 2028 944 2056 eodem
969 2028 1071 2064 Opusc.

286 2071 311 2100 11
325 2072 427 2107 ubique
438 2081 502 2100 casu
511 2077 610 2108 quarto
623 2082 629 2100 :
647 2073 702 2100 εἴτε
716 2073 890 2109 εὐχομένους,
910 2074 966 2100 εῐτε
987 2074 1077 2101 διακο⁶

287 2117 408 2150 νοῦντας,
421 2118 438 2153 ἦ
451 2118 601 2152 ἐσθίοντας,
617 2118 779 2155 ἢλπίνοντας,
794 2119 811 2154 ἢ
824 2119 917 2154 ἕτερόν
929 2128 956 2145 τι
966 2119 1074 2146 ποιοῦν-

286 2172 347 2196 τας,
372 2167 477 2191 mutato
491 2164 573 2191 simul
590 2164 689 2192 ordino
707 2165 821 2192 secundi
842 2168 870 2192 et
890 2165 966 2192 tertii
983 2165 1073 2192 verbi.

323 2219 387 2248 CAP.
401 2219 460 2247 Vlll
473 2220 598 2248 occurrit
606 2220 729 2256 phrasis:
748 2221 775 2247 τί
787 2221 809 2248 δ’
825 2221 890 2248 ἄλλο
904 2221 949 2248 διὰ
966 2221 1070 2249 τούτων

1119 972 1222 1008 φιλοῦς,
1239 976 1263 999 et
1275 971 1374 999 similia
1386 971 1454 998 talia
1481 971 1617 998 exercitia.
1647 969 1693 997 Sic
1706 972 1734 996 et
1760 968 1787 995 in
1804 967 1904 1002 Opusc.

1120 1019 1130 1046 l
1143 1018 1195 1054 legi
1210 1018 1292 1046 velim
1307 1018 1370 1045 ικαὶ
1384 1017 1450 1045 ἄλλα
1464 1017 1549 1044 ταῦτα
1568 1016 1615 1042 καὶ
1628 1016 1720 1051 ὃμοια,
1735 1014 1753 1041 ἃ
1765 1013 1905 1045 πολιτείας

1121 1065 1195 1092 ἐστὶν
1223 1064 1337 1100 ἀγαθῆς·
1364 1063 1434 1098 πλὴν
1453 1061 1547 1098 ήάξία
1571 1061 1626 1088 τῶν
1654 1060 1824 1096 Χριστιανῶν
1839 1063 1905 1091 cet.,

1119 1111 1236 1146 dignitas
1246 1118 1336 1137 eorum
1357 1109 1438 1137 altior
1450 1113 1498 1136 est.
1516 1108 1598 1140 Τὰξις
1609 1112 1699 1135 tamen
1715 1110 1807 1142 potest
1828 1105 1907 1138 ferri,

1118 1155 1272 1191 signiﬁcatu
1294 1155 1405 1183 rariori.
1648 1188 1655 1197 Δ

1155 1201 1218 1232 CAP.
1238 1201 1264 1231 Χ
1280 1210 1287 1231 :
1307 1201 1344 1238 μὴ
1359 1201 1458 1237 νομίσῃ
1473 1200 1569 1228 ἑαυτὸν
1585 1198 1780 1234 κατειληφέναι
1795 1206 1832 1230 τι,
1858 1197 1909 1223 καὶ

1121 1248 1201 1284 οἰηθῇ
1216 1245 1287 1275 εἷναί
1309 1257 1361 1281 τις,
1374 1248 1421 1275 καὶ
1433 1248 1550 1283 ἄρξηται
1572 1246 1717 1274 διδάσκειν.
1746 1244 1817 1278 Quid
1838 1243 1911 1270 διδά-

1120 1303 1195 1322 σκειν
1203 1295 1250 1323 hie
1263 1294 1341 1328 velit,
1358 1302 1414 1322 non
1425 1294 1547 1326 invenio,
1562 1301 1625 1320 cum
1637 1292 1664 1319 in
1678 1291 1855 1326 sequentibus
1865 1289 1909 1316 di-

1119 1345 1198 1367 catur
1215 1340 1250 1367 de
1263 1340 1310 1367 siti
1325 1340 1456 1367 ulteriore
1476 1339 1590 1375 gratiae.
1609 1337 1733 1369 Accedit,
1752 1337 1780 1363 in
1806 1335 1909 1370 Opusc.

1119 1389 1153 1416 Vl
1171 1396 1230 1424 cap.
1245 1387 1279 1415 30
1292 1387 1346 1414 ﬂne
1362 1394 1413 1422 pro
1426 1386 1469 1413 his
1488 1386 1590 1422 legitur
1608 1394 1614 1412 :
1641 1383 1677 1420 μὴ
1695 1384 1804 1418 νομίσαι
1818 1391 1910 1408 κατει-

1119 1435 1243 1472 ληφέναι,
1275 1433 1342 1469 μηδὲ
1365 1433 1524 1468 κατακόρως
1556 1431 1637 1467 ἔχειν.
1658 1430 1735 1458 Unde
1760 1429 1830 1457 forte
1859 1436 1910 1463 pro

1122 1480 1257 1508 διδάσκειν
1270 1477 1416 1514 legendum
1426 1478 1556 1513 διαρκεῖν,
1572 1477 1645 1512 quod
1661 1475 1846 1504 celerantibus
1868 1474 1912 1501 ni-

1120 1526 1173 1554 mis
1205 1525 1294 1553 oculis
1320 1532 1371 1559 pro
1400 1523 1537 1550 διδάσκειν
1569 1527 1712 1558 acceptum
1744 1526 1795 1549 est.
1824 1521 1911 1548 Paulo

1125 1574 1206 1606 post:
1227 1570 1272 1597 ἵνα
1291 1568 1339 1604 ἔχῃ
1350 1568 1396 1596 τὸν
1419 1568 1510 1600 πόνον,
1539 1567 1589 1603 τὴν
1611 1567 1701 1602 δίψαν,
1728 1574 1779 1602 pro
1801 1573 1856 1600 quo
1882 1565 1911 1592 in

1125 1615 1225 1651 Opusc.
1244 1615 1298 1643 Vl:
1313 1614 1382 1641 ἀλλὰ
1398 1614 1493 1649 πεινᾷν
1504 1613 1565 1640 τότε
1580 1614 1628 1640 καὶ
1636 1613 1726 1648 διψᾷν.
1743 1612 1820 1640 Unde
1831 1611 1912 1638 πόνον

1125 1662 1172 1689 vix
1189 1665 1264 1688 recte
1284 1660 1378 1687 habet.
1394 1659 1526 1694 cherem
1545 1658 1594 1694 τὴν
1619 1660 1727 1689 πεῖναν,
1749 1657 1802 1684 nisi
1829 1656 1912 1692 paulo

1127 1705 1293 1734 insolentior
1304 1713 1360 1732 vox
1372 1708 1455 1732 esset.
1471 1705 1553 1731 Forte
1570 1703 1642 1730 fuit:
1662 1700 1732 1738 ἵναῇ
1763 1701 1823 1728 τότε
1849 1709 1912 1727 πει-

1125 1752 1179 1780 νῶν
1196 1753 1244 1779 καὶ
1254 1751 1339 1787 διψῶν
1354 1755 1408 1779 cet.
1426 1750 1531 1778 ibidem
1547 1749 1675 1784 sequitur
1689 1758 1695 1776 :
1720 1749 1768 1775 καὶ
1783 1748 1832 1784 ἔχῃ
1854 1747 1913 1773 υἱὸν

1127 1798 1260 1835 μονογενῆ
1291 1798 1340 1825 καὶ
1354 1797 1494 1824 παιδεύσει
1508 1796 1589 1823 αὐτόν
1604 1800 1658 1823 cet.
1668 1795 1720 1824 Ubi
1735 1795 1829 1822 nescio
1845 1793 1913 1829 quid

1126 1842 1161 1870 ad
1176 1850 1297 1870 amorem
1316 1846 1344 1870 et
1361 1842 1396 1870 ad
1426 1846 1605 1877 augmentum
1627 1841 1718 1868 luctus
1740 1840 1859 1872 intersit,
1888 1839 1914 1866 si

1127 1887 1214 1916 ﬁlium
1238 1888 1381 1923 castigavit
1405 1891 1502 1915 mater.
1524 1887 1620 1914 Potius
1647 1893 1711 1913 cum
1741 1885 1770 1912 in
1794 1884 1914 1912 ilomilia

1128 1933 1204 1970 [Pag.
1218 1932 1246 1969 9]
1256 1933 1323 1968 xvt§
1341 1933 1371 1960 ll
1387 1933 1455 1960 haec
1471 1932 1566 1960 eadem
1589 1935 1745 1963 occurrant,
1761 1935 1789 1958 et
1802 1938 1853 1966 pro
1869 1930 1913 1958 his

1127 1979 1241 2007 vocibus
1266 1979 1372 2014 legatur
1393 1979 1432 2006 ibi
1465 1978 1668 2010 εὑειδέοτατον,
1699 1977 1834 2004 rescribo:
1866 1975 1914 2002 καὶ

1127 2025 1210 2051 παῖδα
1225 2024 1420 2057 εὐειδέστατον,
1437 2028 1461 2051 et
1481 2032 1540 2051 eum
1554 2023 1629 2051 vultu
1654 2023 1835 2051 honestissimo
1851 2021 1913 2057 pul-

1128 2071 1320 2106 cherrimoque.
1352 2070 1404 2098 ilic
1435 2070 1510 2097 enim
1529 2070 1554 2098 si
1585 2070 1724 2102 moritur,
1752 2068 1786 2097 ad
1809 2069 1914 2096 luctum

1131 2116 1251 2144 multum
1277 2116 1354 2148 facit,
1375 2116 1439 2151 quia
1461 2115 1548 2143 forma
1565 2119 1620 2144 tam
1637 2114 1796 2148 excellenti,
1809 2119 1838 2142 et
1859 2122 1917 2142 non

1129 2162 1218 2190 solum
1232 2162 1331 2189 unicus
1347 2161 1410 2189 fuit.

1164 2219 1228 2247 CAP.
1248 2218 1284 2246 Xl
1299 2227 1305 2245 :
1322 2218 1361 2254 μὴ
1376 2218 1535 2255 νομίσωσιν,
1546 2220 1588 2246 ὅτι
1603 2218 1728 2255 εἰσῆλθον
1743 2219 1783 2251 είς
1799 2217 1849 2254 τὴν
1863 2227 1914 2245 κα-

288 2265 438 2293 αίνίττεται
452 2264 483 2291 τὸ
505 2264 614 2300 πνεῦμα
624 2285 631 2297 ,
650 2265 707 2292 ἀλλ’
731 2265 748 2300 ἣ
768 2265 938 2301 ὑψηλοτέραν
961 2265 1076 2301 θεωρίαν
1093 2272 1116 2302 D
1132 2265 1279 2298 τάπαυσιν,
1289 2265 1328 2297 ὼς
1342 2265 1372 2291 δὲ
1386 2265 1479 2301 ἀκμὴν
1491 2266 1533 2297 είς
1556 2265 1591 2292 τὰ
1606 2266 1732 2301 πρόθυρα
1749 2266 1797 2292 καὶ
1812 2266 1852 2297 εἰς
1865 2265 1917 2297 τὰς

288 2309 429 2346 ἐμφαίνων
444 2313 497 2336 cet.
507 2309 583 2343 Quae
602 2309 699 2337 ultima
720 2310 807 2338 verba
827 2310 918 2337 lucem
937 2310 1076 2344 quandam

288 2355 428 2390 accipiunt
441 2362 475 2382 ex
493 2354 618 2383 Andreae
630 2354 816 2384 Caesariensis
832 2356 948 2391 Prologo
959 2356 987 2383 in
1001 2363 1078 2383 com-

289 2402 455 2430 mentarium
487 2409 568 2429 suum
587 2402 616 2429 in
636 2401 827 2438 Apocalypsin.
857 2402 909 2436 Qui
934 2407 1078 2438 postquam

289 2451 437 2475 monuerat
445 2446 480 2474 de
489 2447 590 2482 triplici
603 2455 685 2475 sensu
701 2451 749 2474 aut
759 2447 896 2475 divisione
908 2447 1078 2483 Scripturae,

291 2497 324 2520 ut
338 2493 367 2520 in
379 2500 433 2528 qua
448 2493 526 2528 quasi
544 2500 646 2528 corpus
660 2493 697 2520 sit
709 2512 717 2525 ,
734 2498 762 2520 et
780 2493 890 2528 πνεῦμα
907 2497 936 2520 et
957 2493 1029 2528 ψυχή
1044 2493 1078 2521 de

291 2539 381 2567 altero
406 2539 444 2567 ita
459 2539 564 2574 pergit:
590 2539 716 2576 καθάπερ
734 2539 763 2566 δὲ
780 2539 915 2575 πνεῦμαὴ
937 2539 993 2566 τῶν
1015 2540 1080 2575 μελ-

290 2586 392 2613 λόντων
420 2586 468 2613 καὶ
493 2585 668 2621 ὑψηλοτέρων
697 2585 830 2621 ὰγαγωγὴ
844 2586 891 2613 καὶ
911 2585 1013 2622 Θεωρία
1032 2586 1080 2613 πέ‹

290 2641 386 2668 φηνεν.
399 2631 451 2660 Ubi
467 2631 540 2659 idem
554 2636 597 2659 est
619 2631 721 2668 Θεωρία
735 2631 908 2667 ὑψηλοτέρων
921 2639 954 2660 ac
979 2631 1089 2670 inimita-~

293 2679 372 2714 τέρα.
387 2678 446 2705 Nisi
463 2678 534 2705 forte
545 2678 574 2705 in
594 2678 712 2705 Macario
735 2686 785 2713 pro
801 2678 969 2714 ὑψηλοτέραν
985 2679 1079 2714 legen-

291 2722 358 2751 dum
377 2727 419 2750 est
431 2722 613 2758 ὑψηλοτέρων.
635 2723 775 2750 ibidem...
794 2723 917 2758 κομίζειν
941 2723 998 2750 δεῖν
1013 2723 1081 2750 πάν-

292 2775 355 2793 τοτε
368 2767 418 2801 τὴν
435 2767 485 2802 τῆς
508 2767 621 2803 καρδίας
642 2767 717 2803 ἱερὰν
748 2767 900 2795 θυσίανοτὰ
923 2768 1078 2804 ἀκροθίνια,

293 2811 341 2838 καὶ
352 2811 386 2837 τὰ
397 2811 470 2847 ἄκρα
485 2812 538 2839 τῶν
547 2812 656 2846 ἀγαθῶν
670 2812 842 2848 λογισμῶν...
852 2813 1080 2848 ἀπασχολοῦντος.

293 2857 333 2886 Ita
346 2858 436 2886 adhuc
446 2859 506 2886 sine
516 2867 599 2886 sensu
619 2859 728 2894 legitur.
749 2860 801 2886 Pro
817 2867 884 2894 quo-
898 2867 963 2887 casu
979 2865 1078 2894 quarto

293 2901 469 2930 scribendum
485 2902 716 2944 ἀπαεχολοῦντας,
730 2903 788 2932 scil.
804 2904 844 2931 δεῖ
854 2904 978 2947 Ψιμςειν
994 2904 1079 2933 :indc

1129 2310 1214 2342 αὑλὰς
1228 2310 1410 2346 εἰσέρχονται.
1427 2310 1458 2337 In
1469 2309 1608 2346 Opusculo
1619 2311 1654 2339 Vl
1668 2319 1727 2346 cap.
1742 2311 1773 2338 51
1790 2320 1796 2338 :
1818 2311 1854 2346 μὴ
1871 2320 1917 2338 νο-

1131 2356 1284 2392 μιξέτωσαν
1302 2357 1354 2392 ήδη
1377 2356 1425 2384 τοῦ
1439 2357 1534 2390 τέλους
1562 2357 1609 2384 καὶ
1639 2357 1689 2393 τῆς
1719 2358 1917 2390 καταπαύσεως

1132 2403 1275 2438 ἐπιϐῆναι·
1289 2403 1390 2436 πόθεν;
1406 2403 1447 2430 ἔτι
1463 2402 1519 2439 γὰρ
1545 2403 1637 2435 αὐτοῖς
1661 2404 1726 2438 περὶ
1741 2404 1777 2430 τὰ
1792 2403 1918 2439 πρόθυρα

1129 2448 1236 2480 καὶτὰς
1249 2447 1363 2483 αὑλὰςὴ
1383 2448 1551 2484 ἀναστροφή.
1577 2448 1655 2477 Unde
1682 2449 1754 2477 forte
1778 2449 1806 2476 in
1825 2448 1917 2484 Opus-

1129 2495 1192 2523 culo
1216 2495 1227 2523 ι
1252 2495 1418 2531 legendum:
1440 2495 1499 2528 πῶς
1510 2504 1560 2530 γες
1590 2496 1683 2532 ἀκμὴν
1715 2496 1770 2531 γὰρ
1797 2497 1836 2527 εἰς
1849 2500 1916 2527 cet;

1129 2541 1209 2569 aliter
1220 2549 1316 2577 graeca
1335 2541 1474 2576 languent.
1500 2541 1631 2576 Sequitur
1652 2542 1679 2568 in
1698 2541 1789 2577 Opusc
1809 2541 1837 2568 l:
1854 2542 1918 2568 εἰδὲ

1130 2587 1176 2612 καὶ
1189 2586 1301 2622 χάριτος
1327 2586 1440 2622 μέτοχος
1466 2586 1591 2622 γένηται,
1611 2586 1737 2622 οἰηθῆναι
1769 2586 1806 2618 ὼς
1829 2594 1917 2613 κατα-

1129 2631 1231 2664 λαϐών,
1250 2632 1278 2660 in
1294 2632 1395 2668 Opusc.
1410 2632 1444 2660 Vl
1460 2641 1466 2659 :
1484 2632 1535 2659 κᾶν
1551 2633 1662 2669 χάριτός
1675 2641 1748 2665 τινος
1769 2641 1919 2668 πνευματι-

1131 2679 1182 2713 κῆς
1193 2678 1360 2713 ἠξιώθησαν·
1378 2679 1446 2714 μηδὲ
1466 2678 1547 2705 τοῦτο
1574 2679 1656 2706 πάλιν
1671 2679 1769 2710 αὑτοὺς
1785 2679 1919 2706 ἀπατάτω

1129 2727 1184 2751 cet.
1205 2723 1368 2751 Addendum
1381 2732 1446 2760 ergo
1460 2724 1487 2751 in
1505 2724 1606 2759 Opusc.
1626 2725 1636 2752 l
1652 2724 1712 2758 Μὴ,
1725 2724 1768 2759 μὴ
1781 2724 1918 2760 οἰηθῆναι,

1129 2769 1202 2804 quod
1217 2773 1306 2796 exstat
1329 2769 1441 2804 quidem
1473 2769 1500 2796 in
1522 2770 1660 2802 versione,
1683 2770 1730 2798 sed
1747 2770 1783 2797 ob
1806 2778 1919 2798 sensum

1129 2819 1255 2847 tantum;
1269 2823 1397 2850 graecum
1418 2815 1514 2842 vitium
1531 2816 1641 2843 mansit.
1658 2816 1747 2844 Porro
1765 2816 1866 2852 Opusc.
1885 2816 1918 2844 l:

1128 2860 1179 2887 οὐκ
1207 2860 1311 2895 ὀφείλει
1327 2862 1442 2898 ὲρευνᾷν
1459 2861 1585 2893 ἕκαστον,
1608 2863 1632 2888 εί
1654 2859 1735 2897 εὗρεν
1762 2863 1790 2888 ὲν
1805 2863 1845 2897 τῷ
1871 2863 1927 2901 όατ

1131 2907 1413 2951 τρακξνῳισκεὺειτὺν
1423 2907 1560 2944 θησαυρόν
1577 2913 1631 2936 cet.
1643 2908 1741 2937 Latina
1752 2909 1841 2937 vcrsio
1853 2919 1858 2935 :
1875 2917 1920 2939 nec
