2061 3150
173 196 228 225 97⁵1

690 195 733 223 DE
749 194 902 223 SCRIPTIS
919 193 948 222 S.
967 193 1111 223 MACARII
1129 195 1298 224 AEGYPTII.

1745 196 1798 224 278

174 258 296 283 convenit
315 254 431 282 scrutari
443 261 665 289 unumquemque,
677 262 741 281 num
754 254 820 289 forte
831 254 959 284 inveniat,
974 255 998 283 Δ
1011 260 1067 281 non
1092 254 1172 289 plane
1189 254 1281 281 nullus
1298 255 1334 281 sit
1351 261 1458 287 sensus,
1475 258 1566 282 tamen
1583 260 1616 281 ex
1633 252 1751 280 Homilia
1770 258 1800 282 et

175 306 243 334 cet.;
264 301 348 336 impio
364 308 461 334 sensu;
478 300 552 335 quod
566 300 675 329 mireris
689 304 827 328 servatum
841 307 911 328 esse.
931 299 961 326 In

174 346 276 382 Opusc.
289 346 338 374 Vl:
352 347 398 382 ὲρε
404 347 469 382 υνᾷν
477 343 524 373 οὖν
539 346 690 382 προσῆκεν,
706 352 781 374 recte
795 353 873 373 vero.
889 345 962 380 Lege

176 399 242 427 ergo
253 401 260 418 :
271 391 373 425 ὀφείλει
386 389 433 418 οὖν
446 391 571 427 ὲρευνᾷν.
581 391 686 418 Ibidem
698 399 705 418 :
717 390 775 418 ἔστι
789 390 869 426 γὰρὴ
880 389 962 425 χάρις

174 438 304 470 πολλάκις
336 437 485 473 ἑνεργοῦσα
512 437 706 471 ἀδιαλείπτως,
730 437 759 464 in
781 436 881 472 Opusc.
902 435 959 463 Vl:

173 484 234 512 ινδν
256 484 320 521 γὰρ,
341 485 379 517 ὡς
404 484 535 517 πολλάκις
547 484 705 520 δεδήλωται,
730 484 777 511 καὶ
800 484 850 519 τὴν
875 482 958 518 χάριν

172 530 350 563 ἀδιαλείπτως
369 531 502 566 ἐνεργεῖν,
531 538 614 558 sensu
636 531 724 558 multo
744 530 870 557 meliore.
886 529 959 564 Lege

170 584 254 612 ergo:
272 576 420 612 ιστιγὰρή
435 577 526 613 χάρις,
540 577 578 609 ὡς
593 576 725 608 πολλάκις
743 576 862 612 εἴρηται,
880 576 958 610 ἐνερ-

168 622 257 657 γοῦσα
270 623 461 655 ἀδιαλείπτως.
478 623 627 658 Corruptio
645 626 693 650 aut
711 623 809 650 lacuna
829 622 882 649 ista
908 628 959 648 ne-

168 670 228 697 scio
252 669 327 698 unde
355 670 477 706 accidit;
504 670 639 698 accidisse
657 677 691 697 ex
706 669 808 704 Opusc.
828 668 863 696 VI
897 675 959 695 cer-

171 719 231 743 tum
245 719 299 744 est.

205 761 268 789 CAP.
288 761 337 790 XII
361 766 424 797 post
447 761 590 789 medium:
608 760 701 797 ἐπειδὴ
718 757 766 788 οὖν
785 759 862 797 [Pag.
881 759 925 795 10]
942 759 959 795 ἠ

171 807 281 838 ἐναντία
299 807 413 843 δύναμις
437 808 623 844 προτρεπτική
644 808 736 839 ἔστιν,
766 807 816 834 οὑκ
839 807 960 840 ἀναγκα-

171 852 264 889 στικὴ,
285 853 334 880 καὶ
359 853 419 881 θεία
436 854 516 889 χάρις
542 853 729 890 προτρεπτική
747 852 817 879 ἔστι.
833 851 907 887 Lego
923 850 958 878 ob

170 899 316 927 meliorem
333 899 535 928 connexionem
554 907 562 926 :
579 898 672 935 ἐπειδὴ
685 896 742 931 οὖν,
758 898 796 930 ὡς
810 898 828 933 ὴ
848 897 959 925 ἐναντία

169 943 296 980 δύναμις,
313 945 359 971 καὶ
375 945 392 980 ἡ
408 944 468 971 θεία
481 945 560 980 χάρις
581 943 767 980 προτρεπτική
789 943 858 975 ἐστι,
876 941 962 969 διὰτὸ
978 935 999 964 Β

170 991 342 1024 αὐτεξούσιον
358 991 405 1018 καὶ
420 990 494 1017 λιτὸν
508 989 557 1025 τῆς
578 989 696 1025 φύσεως,
713 989 807 1016 λοιπὸν
833 989 881 1016 ὲάν
897 992 952 1017 cet.

170 1038 211 1066 Ita
231 1038 323 1066 omnia
347 1038 506 1065 cohaerent.
538 1037 592 1065 Pro
614 1036 686 1063 λιτὸν
700 1036 794 1064 malim
813 1035 961 1068 αὐταιτιον,

170 1083 245 1120 quod
264 1083 337 1111 idem
354 1083 411 1111 fere
424 1088 468 1111 est
492 1091 525 1111 ao
540 1082 723 1116 αὐτεξούσιον,
741 1086 841 1110 notans
852 1082 963 1110 liberta-

171 1134 227 1157 tem
243 1129 395 1157 arbitrandi
407 1133 435 1156 et
446 1128 623 1156 decernendi.
635 1128 689 1156 Pro
706 1136 761 1163 quo
773 1128 801 1155 in
812 1127 912 1163 Opusc.
925 1135 962 1155 vn

169 1184 232 1211 cap.
262 1176 280 1203 5
303 1179 346 1203 est
365 1174 507 1211 ἐλεύθερον
528 1175 576 1202 καὶ
587 1174 768 1206 αὐτεξούσιον.
782 1174 882 1202 Aﬂines
898 1177 963 1201 sunt

169 1222 267 1250 literae
281 1223 304 1248 Α
315 1226 343 1250 et
356 1222 378 1248 A
391 1228 521 1256 graecae;
538 1221 601 1248 inde
614 1229 701 1253 error,
712 1228 762 1256 per
770 1220 962 1255 compendium

169 1267 310 1295 scribendi
334 1267 455 1302 adjutus.
476 1266 512 1294 Et
525 1266 653 1294 similiter
671 1270 794 1293 erratum
808 1273 869 1293 esse
883 1265 964 1292 vide-

170 1316 217 1341 tur
234 1313 317 1348 paulo
340 1316 402 1347 post
418 1313 447 1340 in
463 1311 561 1340 eodem
589 1311 690 1347 Opusc.
709 1311 720 1339 Ι
741 1320 748 1338 :
766 1310 860 1347 ἐπειδὴ
875 1309 964 1346 ἑαυτῷ

169 1359 277 1394 ἐγίνετο
297 1360 312 1386 ό
326 1358 469 1394 ἄνθρωπος
488 1358 573 1390 αἴτιος
595 1357 643 1384 τοῦ
662 1356 765 1392 ἀγαθοῦ
777 1366 784 1373 ·
799 1357 887 1392 αὐτῆς
908 1356 963 1392 γάρ

171 1404 230 1431 ἐστι
251 1404 301 1439 τῆς
314 1403 421 1439 φύσεως
437 1401 523 1435 οὗτος.
534 1403 588 1431 Pro
605 1403 706 1438 quibus
718 1402 864 1438 legendum
876 1406 961 1437 puto:

170 1449 346 1482 αὐτεξουσίου
366 1449 420 1485 γάρ
448 1450 508 1476 ἐστι
541 1449 590 1484 τῆς
615 1448 733 1483 φύσεως.
762 1448 830 1476 Nam
853 1448 964 1483 vulgata

171 1496 308 1531 scriptura
329 1495 448 1523 obscuro
473 1502 566 1522 sensu.
582 1495 616 1523 Et
633 1495 726 1530 priora
750 1494 861 1529 quidem
879 1494 964 1521 verba

171 1549 228 1569 non
241 1546 344 1570 temere
359 1540 518 1577 accipienda
546 1545 621 1574 sunt,
644 1548 680 1568 ne
700 1541 792 1568 minus
808 1540 963 1576 pelagizare

171 1586 328 1615 videantur.

206 1643 268 1672 CAP.
290 1644 350 1672 Xlll
375 1653 382 1671 ε
406 1645 453 1671 καὶ
477 1643 563 1676 οὕτως
592 1642 610 1670 ἃ
629 1642 678 1670 νῦν
701 1641 771 1677 μετὰ
787 1641 848 1677 βίας
861 1641 909 1668 καὶ
926 1640 964 1677 μὴ

173 1689 303 1726 θελούσης
331 1691 379 1726 τῆς
399 1690 514 1726 καρδίας
547 1690 639 1721 ποιεῖ,
665 1687 765 1720 ἐθίζειν
790 1687 887 1714 ἑαυτὸν
917 1686 963 1714 διὰ

173 1735 275 1768 παντὸς
299 1737 339 1767 εἰς
362 1735 393 1762 τὸ
419 1735 519 1770 ἀγαθὸν
534 1735 582 1762 καὶ
605 1734 652 1761 τοῦ
674 1734 777 1770 Κυρίου
797 1734 840 1760 ἀεὶ
861 1741 966 1768 μνημο-

174 1781 272 1813 νεύειν,
287 1783 335 1808 καὶ
345 1781 497 1818 προσδοκᾷν
506 1781 587 1808 αὑτὸν
597 1781 641 1807 διὰ
653 1780 753 1811 παντὸς
765 1780 794 1806 ὲν
804 1779 889 1814 πολλῇ
902 1779 967 1813 ἀγα-

173 1826 264 1861 θότητι
283 1827 330 1854 καὶ
341 1827 445 1863 ἀγάπῃ.
456 1827 570 1855 Versio:
587 1827 622 1854 Et
637 1827 673 1853 sic
684 1834 752 1861 quae
766 1833 835 1852 nunc
853 1833 899 1860 per
911 1825 964 1852 vim

174 1876 199 1899 ει
224 1873 300 1899 corde
317 1873 400 1900 invito
425 1873 498 1908 facit,
526 1872 704 1907 adsuefacient
730 1872 817 1907 ipsum
843 1871 872 1897 in
892 1878 968 1897 omne

175 1921 276 1954 tempus
297 1919 331 1945 ad
352 1919 459 1952 bonum,
479 1923 504 1945 et
521 1918 556 1946 ad
578 1925 679 1953 semper
699 1917 786 1943 vivam
800 1915 848 1942 Dei
867 1923 967 1942 memo-

174 1965 245 1995 riam
266 1965 434 1998 habendam,
457 1968 481 1991 et
499 1964 702 2000 exspectandum
727 1971 787 1990 eum
812 1969 915 1997 semper
938 1962 967 1989 in

175 2009 260 2040 multa
280 2010 394 2038 bonitate
416 2015 440 2038 et
457 2011 579 2038 caritate.
605 2009 657 2038 Ubi
681 2016 777 2037 sensus
796 2012 838 2035 sat
863 2007 964 2041 bonus,

175 2056 258 2083 modo
272 2063 335 2083 eum
351 2064 447 2091 graeca
465 2060 636 2092 paterentur.
648 2055 716 2083 Nam
731 2055 837 2090 integra
851 2057 966 2081 senten-

176 2101 214 2129 tia
230 2102 330 2129 omissa
342 2106 385 2129 est
400 2110 433 2129 ex
445 2101 588 2130 oscitantia
596 2100 714 2133 librarii,
729 2108 763 2128 ει
778 2099 895 2127 Homilia
909 2108 964 2132 ΠΧ,

177 2145 225 2172 ubi
243 2146 333 2173 omnia
358 2146 455 2173 eadem
478 2146 616 2173 habentur
641 2145 692 2179 §2,
708 2144 857 2179 repetenda
874 2148 903 2172 et
920 2152 965 2171 re-

177 2190 324 2218 stituenda.
344 2190 457 2227 Legitur
475 2191 550 2218 enim
569 2190 607 2217 ibi
634 2190 671 2217 ita
695 2198 702 2216 :
723 2190 770 2216 καὶ
783 2189 869 2221 οὕτως
884 2189 902 2217 ἃ.
918 2189 966 2216 νῦν

180 2237 249 2272 μετὰ
271 2237 332 2272 βίας
355 2237 476 2272 ἀκούσης
502 2237 553 2271 τῆς
583 2236 697 2271 καρδίας
721 2237 812 2268 ποιεῖ,
833 2235 966 2267 ἑκουσίως

177 2282 277 2318 πράξει
297 2283 373 2316 ποτὲ,
389 2282 484 2314 ἐθίζων
499 2281 574 2318 [Pag.
589 2281 741 2318 Η]ὲαυτὺν
756 2281 799 2308 διὰ
815 2282 916 2313 παντὸς
925 2282 965 2313 εἰς
981 2294 1001 2321 D

178 2327 208 2354 τὸ
223 2327 335 2362 ἀγαθὸν,
354 2328 402 2354 καὶ
426 2327 472 2353 τοῦ
489 2327 591 2362 Κυρίου
620 2327 797 2362 μνημονεύων
821 2331 874 2354 cet.
893 2326 963 2354 Hinc

179 2374 207 2410 i_n
223 2373 322 2409 Opusc.
338 2373 349 2401 I
367 2374 513 2413 legendum
529 2382 536 2400 :
608 2374 658 2408 τῆς
671 2373 784 2408 καρδίας
796 2374 877 2406 ποιεῖ,
888 2373 966 2400 ἐκου-

180 2419 245 2450 σίως
261 2418 359 2455 πράξει
375 2418 452 2451 ποτὲ,
463 2418 604 2450 sexum...
628 2418 804 2454 μνημονεύων
819 2418 866 2444 καὶ
881 2426 966 2453 προσ-

179 2463 266 2490 δοκῶν
291 2467 344 2492 cet.
372 2463 412 2491 Ita
442 2466 517 2490 recte
543 2463 599 2498 jam
626 2463 737 2490 habent.
760 2463 845 2490 Paulo
871 2467 934 2498 post
957 2471 965 2490 :

185 2511 284 2547 μᾶλλον
302 2511 330 2538 δὲ
351 2512 366 2539 ὀ
383 2511 486 2546 Κύριος
507 2511 581 2537 ποιεῖ
594 2511 623 2538 ὲν
643 2510 716 2546 αὐτῷ
735 2510 784 2542 τὰς
800 2510 868 2542 ἰδίας
883 2509 967 2537 αὐτοῦ

182 2556 315 2588 ἐντολὰς,
348 2556 395 2582 καὶ
418 2557 481 2587 τοὺς
509 2556 633 2591 καρποὺς
656 2555 703 2587 Ιιῖοῦ
724 2554 897 2590 πνεύματος,
923 2556 968 2582 ὅτε

181 2603 353 2639 καρποφορεῖ
374 2602 512 2638 καθαρῶς.
529 2601 688 2636 Legendum
707 2601 773 2628 τότε
785 2602 967 2637 καρποφορεῖ,

182 2656 280 2683 nempe
298 2648 360 2675 talia
375 2648 460 2675 homo.
482 2647 520 2674 Ita
534 2655 590 2678 non
610 2647 699 2675 solum
719 2647 747 2674 in
763 2647 880 2674 Homilia
896 2646 969 2674 exci-

182 2699 237 2730 tata
256 2695 365 2729 legitur,
391 2693 439 2721 sed
461 2697 490 2720 et
506 2693 565 2728 ipsa
590 2692 725 2720 connexio
737 2692 825 2728 jubet.
850 2692 936 2720 Porro
958 2700 965 2719 :

183 2741 231 2767 καὶ
247 2739 418 2772 ἁπαξαπλῶς
436 2741 515 2775 τηρεῖ
541 2738 615 2774 αὐτῷ
634 2738 680 2765 τὸν
695 2738 800 2772 καρπὸν
812 2737 859 2764 τοῦ
884 2737 968 2765 πνεύ-

185 2794 278 2821 ματος.
308 2785 465 2821 Legendum
491 2793 525 2813 ex
558 2784 675 2812 Ilomilia
705 2787 734 2811 et
769 2782 908 2818 Opuseulo
924 2783 970 2811 VII

183 2825 245 2866 cap.
268 2831 303 2858 18
321 2840 328 2858 :
353 2830 453 2866 πληροῖ
469 2831 550 2858 αὐτὸν
564 2831 617 2857 τῶν
634 2828 757 2864 καρπῶν.
773 2829 876 2856 Vitium
890 2837 904 2856 a
928 2828 956 2856 di
970 2845 972 2849 -

185 2880 277 2905 ctante
293 2876 379 2904 venit.
409 2877 474 2904 Post
489 2885 540 2911 pro
559 2885 565 2903 :
584 2876 636 2911 χρὴ
655 2875 708 2910 γὰρ
730 2874 855 2906 ἕκαστον,
879 2874 973 2910 ὥσπερ

186 2923 226 2957 είς
235 2922 284 2960 τὴν
311 2921 391 2959 εὐχὴν
412 2922 534 2958 βιάζεται
556 2921 650 2949 ἑαυτὸν
664 2921 710 2949 καὶ
729 2920 807 2956 ἄγχει
824 2926 889 2955 cet.,
907 2921 971 2949 licet

1017 299 1158 334 Opusculo
1172 299 1218 327 Vll
1234 298 1420 326 restituendus
1435 303 1478 326 est
1491 298 1645 326 infinitivus
1658 297 1800 333 βιάζεσοαι

1015 346 1062 372 καὶ
1081 345 1184 381 ἄγχειν.
1207 345 1311 373 Ibidem
1339 352 1390 380 pro
1418 353 1425 371 :
1450 345 1521 371 κατὰ
1541 344 1571 371 τὸ
1593 343 1801 379 γεγραμμένον,

1015 391 1088 426 quod
1111 391 1196 419 etiam
1212 391 1240 418 in
1259 391 1377 418 Homilia
1404 390 1441 417 ita
1468 390 1579 425 legitur,
1597 389 1801 417 restituendum

1013 438 1123 466 videtur
1149 438 1218 465 κατὰ
1237 437 1267 464 τὺ
1282 436 1436 472 εἰρημένον,
1450 437 1513 471 quia
1532 437 1561 464 in
1579 440 1636 464 toto
1653 435 1686 463 N.
1702 435 1735 462 T.
1748 435 1803 462 tale

1013 483 1080 519 quid
1107 491 1163 511 non
1178 486 1277 516 exstat,
1293 487 1321 510 et
1339 482 1367 509 in
1392 481 1493 517 Opusc.
1512 482 1558 509 VII
1569 481 1668 517 legitur
1685 481 1754 517 πρὸς
1767 481 1803 508 τὰ

1014 530 1157 566 εἰρημένα,
1177 529 1251 557 unde
1278 529 1371 562 ﬁdem,
1391 528 1485 561 credo,
1500 528 1615 555 fecimus
1628 529 1804 563 conjecturae

1013 581 1133 605 nostrae.
1162 577 1286 612 Denique
1303 585 1310 602 :
1329 576 1359 602 τδ
1371 575 1464 602 λοιπον
1476 574 1532 609 γὰρ
1552 573 1636 600 ἐλθὼν
1652 575 1666 600 ὁ
1687 573 1802 609 Κύριος,

1012 623 1097 650 ἐλθὼν
1125 623 1173 650 καὶ
1189 623 1335 658 γενόμενος
1350 621 1380 648 ὲν
1395 620 1481 656 αὐτῷ.
1506 619 1562 648 Aut
1581 619 1698 647 alterum
1716 618 1803 645 ἐλθὼν

1013 668 1190 701 eiiciendum,
1205 672 1253 695 aut
1265 667 1412 703 legendum
1432 667 1446 693 ό
1462 665 1564 701 Κύριος
1574 664 1645 692 κατὰ
1658 665 1707 699 τὴν
1721 665 1805 698 ἐπαγ-

1012 714 1115 750 γελίαν,
1136 715 1183 741 καὶ
1197 714 1342 749 γενόμενος
1357 716 1422 744 cet.,
1437 715 1467 739 ut
1479 715 1568 739 exstat
1584 711 1613 738 in
1629 709 1729 745 Opusc.
1744 709 1803 742 VII;

1012 766 1040 789 et
1061 761 1203 796 corruptio
1217 760 1326 796 quidem
1343 759 1439 786 facilis.

1047 806 1184 834 ΟΑΡ.ΧΙΙΙΙ
1192 806 1274 841 paulo
1290 809 1353 841 post
1362 804 1471 832 initium
1480 811 1529 839 pro
1535 803 1551 839 ἢ
1558 801 1708 837 άπόλειτὴν
1713 801 1805 837 χάριν,

1011 851 1028 887 ἢ
1038 850 1171 887 λαμϐάνει
1178 850 1324 877 καὶπίπτει
1332 849 1439 884 ιεεθεῆν
1449 848 1538 880 ἔλαὸε,
1551 848 1599 874 καὶ
1608 847 1713 874 πίπτει·
1722 845 1804 881 ἥιρει.

1011 897 1046 925 Et
1057 896 1139 932 paulo
1147 900 1223 931 post:
1233 895 1385 930 ὀφείλουσιν
1393 892 1440 921 οὖν
1457 893 1613 929 βουλόμενοι
1629 892 1659 924 ἐξ
1671 891 1805 926 ἀληθείας

1013 942 1193 978 εὐαρεστῆσαι
1207 941 1247 976 τῷ
1259 940 1347 976 θεῷ...
1357 941 1404 968 καὶ
1413 939 1552 975 βιάζεσθαι
1569 938 1676 973 πρῶτον
1688 937 1784 964 ἑαυτόν
1795 945 1803 963 :

1015 988 1076 1015 dele
1099 987 1146 1014 καὶ
1169 990 1233 1014 ante
1248 985 1409 1021 βιάζεσθαι,
1427 989 1455 1012 et
1467 992 1539 1020 pone
1553 991 1603 1019 pro
1619 991 1653 1011 eo
1666 983 1757 1015 colon,
1774 985 1804 1009 et

1014 1040 1066 1068 pro
1084 1031 1180 1059 ἑαυτὸν
1197 1030 1273 1067 [Pag.
1288 1030 1333 1066 12]
1349 1031 1409 1066 lege
1422 1029 1551 1061 ἐαυτούςς
1565 1037 1628 1056 nam
1640 1028 1761 1064 pertinet
1769 1027 1806 1055 ad

1016 1079 1184 1114 βουλόμενοι.
1201 1077 1333 1113 Sequitur
1349 1080 1444 1112 postea
1459 1084 1466 1102 :
1481 1075 1585 1111 μεγάλη
1604 1074 1707 1110 ὖψωςις
1724 1075 1741 1110 ἡ
1758 1083 1806 1102 τα-

1015 1124 1161 1155 ίιιείνωσις⁵
1180 1122 1228 1150 καὶ
1243 1121 1368 1158 τιμιότης
1393 1121 1439 1148 καὶ
1457 1120 1565 1156 ἀξίωμα
1587 1121 1604 1155 ἡ
1626 1127 1807 1154 ταπεινοφρο-

1016 1170 1093 1205 σύνη.
1106 1169 1161 1197 Pro
1174 1175 1229 1203 quo
1242 1167 1271 1195 in
1286 1166 1404 1194 Homilia
1420 1166 1502 1193 citata
1514 1165 1605 1202 [Ilom.
1624 1173 1669 1192 xtx
1687 1165 1701 1200 ᾗ
1722 1163 1749 1200 8]
1763 1164 1807 1191 le-

1015 1216 1088 1251 gitur
1110 1224 1117 1242 :
1140 1213 1246 1249 μεγάλη
1269 1211 1433 1244 ταπείνωσις
1459 1212 1478 1247 ἡ
1504 1210 1730 1246 ὑψηλοφροσύνηο
1757 1208 1807 1236 καὶ

1018 1262 1123 1298 μεγάλη
1141 1260 1246 1296 ὕψωσις
1265 1260 1313 1286 καὶ
1340 1259 1465 1294 τιμιότης
1487 1257 1535 1284 καὶ
1559 1256 1667 1292 ἀξίωμα
1683 1256 1700 1292 ή
1714 1263 1808 1282 ταπει-

1015 1307 1186 1344 νοφροσύνηι
1210 1305 1338 1334 similiter
1359 1308 1448 1333 exstat
1461 1305 1489 1332 in
1507 1303 1608 1338 Opusc.
1622 1302 1669 1330 VII
1686 1309 1745 1336 cap.
1760 1300 1805 1328 i9.

1016 1354 1104 1389 Atque
1121 1353 1175 1380 hoc
1189 1353 1290 1380 melius
1309 1359 1372 1379 esse
1385 1351 1506 1378 videtur.
1525 1350 1561 1376 Et
1577 1348 1611 1376 ad
1624 1348 1706 1376 ﬁnem
1723 1354 1807 1382 porro

1016 1399 1116 1435 legitur
1131 1398 1197 1425 ικαὶ
1215 1397 1302 1429 οὕτως
1315 1396 1370 1423 τῶν
1385 1395 1502 1422 ἐντολῶν
1516 1394 1563 1421 τοῦ
1579 1393 1682 1428 Κυρίου
1698 1392 1806 1427 πληρω-

1017 1445 1114 1472 estnam
1137 1444 1179 1479 ἐφ’
1198 1444 1275 1479 ἡμῖν.
1299 1443 1354 1470 Pro
1372 1449 1428 1476 quo
1448 1440 1595 1475 legendum
1610 1438 1655 1472 ὑφ’
1671 1437 1759 1473 ἡμῶν,
1776 1441 1807 1463 ut

1016 1491 1098 1518 etiam
1120 1489 1149 1516 in
1172 1488 1292 1516 Humilia
1315 1491 1413 1515 exstat.
1435 1486 1509 1513 llaec
1531 1483 1652 1512 breviter
1681 1482 1716 1510 ad
1738 1482 1807 1509 1mm

1016 1535 1197 1571 Opusculum.

1053 1580 1092 1607 An
1120 1586 1257 1607 secunnuu
1280 1577 1456 1609 OPUSCULUII,
1483 1575 1553 1610 Περὶ
1569 1573 1754 1606 τελειότητος
1773 1571 1809 1598 ἐν

976 1611 998 1641 c
1017 1626 1173 1660 πνεύματι,
1191 1632 1279 1660 pauca
1296 1627 1325 1651 et
1339 1623 1413 1650 levia
1434 1622 1501 1649 item
1521 1620 1610 1648 habeo
1627 1626 1698 1655 quae
1713 1617 1807 1653 profe-

1017 1681 1087 1701 ram.

1052 1728 1115 1756 Car.
1142 1728 1164 1756 ν
1190 1727 1292 1762 legitur
1312 1725 1395 1760 vulgo
1412 1728 1440 1752 et
1457 1722 1638 1758 distinguitur
1653 1729 1659 1747 :
1672 1718 1726 1747 οἶδε
1741 1718 1806 1755 γὰρ,

1017 1775 1099 1810 φησὶν
1115 1775 1132 1809 ὴ
1152 1772 1255 1809 γραφὴ,
1272 1771 1308 1798 τὰ
1325 1770 1430 1807 κρύφια
1454 1769 1541 1795 ταῦτα
1552 1768 1602 1803 τῆς
1619 1766 1708 1801 ψυχῆς
1717 1766 1808 1800 ἀμαρ-

1016 1821 1124 1856 τῄματα
1152 1820 1181 1845 ὲν
1204 1819 1256 1853 ἴσῳ
1280 1819 1335 1848 τοῖς
1365 1816 1443 1847 ὲκτὺς
1469 1814 1603 1847 τίθεσθαι,
1625 1821 1659 1841 ex
1680 1812 1808 1839 versione

1016 1855 1121 1900 vulgar!
1147 1863 1185 1891 ita
1207 1863 1274 1890 item
1295 1862 1424 1889 distincta
1445 1869 1452 1888 :
1469 1860 1547 1888 Novit
1573 1859 1652 1890 enim,
1669 1858 1707 1884 ait
1734 1855 1809 1883 Scri-

1017 1915 1107 1948 ptura,
1121 1908 1224 1936 occulta
1240 1909 1304 1935 haec
1324 1908 1431 1934 animae
1453 1910 1560 1942 peccata
1584 1905 1645 1940 pari
1672 1903 1728 1930 loco
1748 1910 1808 1928 cum

1017 1956 1131 1982 externis
1151 1954 1279 1981 Dominus
1295 1959 1409 1980 censere.
1426 1951 1478 1979 Ubi
1503 1950 1572 1977 adeo
1587 1948 1690 1984 Κύριος
1703 1947 1773 1974 male
1788 1954 1804 1974 a

1023 2000 1208 2036 sequentibus
1219 1999 1366 2037 abruptum
1379 2002 1407 2025 et
1420 1997 1475 2024 huc
1487 1999 1605 2022 tractum
1613 1998 1664 2026 est,
1678 1993 1742 2028 quia
1759 1992 1810 2020 aii-

1018 2051 1061 2075 ter
1083 2046 1178 2074 deerat
1206 2045 1361 2080 subjectum
1389 2043 1418 2070 in
1443 2041 1561 2070 ratione.
1578 2039 1632 2068 Sed
1651 2045 1807 2074 perperam.

1016 2094 1076 2122 Vox
1092 2093 1158 2129 φησὶ
1181 2092 1295 2119 minime
1317 2090 1352 2118 ad
1375 2089 1469 2126 γραφὴ
1485 2088 1622 2124 pertinet,
1639 2085 1688 2113 sed
1701 2088 1744 2112 est
1760 2083 1809 2111 illa

1017 2139 1157 2168 sollemnis
1185 2138 1215 2166 in
1241 2138 1285 2165 his
1311 2136 1457 2172 Opusculis
1484 2134 1612 2165 formula,
1639 2139 1693 2167 qua
1715 2130 1807 2158 scriba

1016 2191 1065 2214 aut
1079 2185 1211 2213 collector
1227 2184 1327 2211 horum
1344 2182 1561 2217 Macarianorum
1585 2179 1690 2210 inlinit,
1715 2177 1807 2204 Maca-

1017 2232 1089 2259 rium
1109 2231 1162 2258 hoc
1176 2229 1244 2257 illud
1259 2236 1385 2257 sermone
1400 2227 1564 2255 celebrasse.
1585 2225 1726 2259 Distingue
1740 2229 1808 2258 ergo

1017 2278 1054 2305 ita
1070 2286 1077 2304 ι
1095 2274 1148 2304 οἶδε
1161 2275 1227 2311 γὰρ,
1245 2274 1328 2309 φησὶν
1345 2271 1520 2310 [Μακάριος],
1541 2272 1557 2306 ἡ
1572 2270 1666 2307 γραφὴ
1684 2269 1719 2296 τὰ
1738 2268 1806 2302 κρύ-

1016 2331 1099 2357 φια...
1116 2321 1249 2352 τίθεσθαι,
1282 2320 1353 2346 novit
1375 2319 1446 2345 enim
1463 2317 1602 2353 Scriptura
1621 2316 1684 2342 haec
1703 2313 1806 2341 occulta

1016 2370 1121 2395 animae
1143 2368 1208 2395 vitia
1222 2367 1282 2403 pari
1296 2369 1325 2393 in
1343 2366 1439 2401 pretio,
1457 2373 1488 2391 ac
1503 2363 1553 2391 illa
1574 2366 1683 2390 externa
1698 2367 1804 2396 ponere.

1018 2413 1168 2449 Sequentia
1192 2413 1303 2443 docent,
1322 2411 1397 2438 hunc
1415 2418 1476 2438 esse
1492 2416 1589 2437 verum
1608 2414 1737 2438 sensum,
1755 2404 1804 2432 ubi

1019 2458 1166 2493 alligantur
1186 2457 1291 2491 aliquot
1309 2456 1431 2483 carmina
1451 2453 1609 2488 Scripturae
1627 2451 1661 2478 de
1688 2449 1806 2477 occultis

1019 2503 1120 2531 talibus
1138 2502 1213 2530 vitiis
1232 2501 1308 2538 [Pag.
1332 2500 1377 2536 15]
1393 2497 1610 2536 pronuntiantia.
1629 2496 1726 2524 Statim
1743 2498 1806 2531 post

1019 2551 1071 2578 ista
1101 2549 1225 2585 sequitur
1253 2552 1401 2583 corruptus
1427 2547 1492 2574 item
1511 2545 1590 2572 locus
1606 2552 1613 2570 :
1630 2542 1743 2570 καὶτῶν
1757 2542 1806 2569 λα-

1019 2596 1137 2623 λούντων
1148 2596 1259 2632 εἰρήνην
1286 2594 1354 2630 μετὰ
1373 2593 1427 2620 τῶν
1454 2591 1568 2626 πλησίον
1591 2589 1691 2621 αὐτῶν,
1711 2587 1808 2616 καὶτὰ

1019 2643 1099 2678 ἑξῆς·
1115 2642 1162 2669 καὶ
1176 2641 1259 2668 πάλιν
1271 2649 1279 2658 ο
1301 2640 1347 2667 καὶ
1363 2639 1416 2674 γὰρ
1436 2639 1465 2665 ὲν
1479 2637 1579 2673 καρδίᾳ
1594 2635 1708 2671 ἀνομίας
1722 2634 1807 2670 ἐργά-

1021 2689 1115 2722 ζεσθαι
1132 2689 1161 2715 ὲν
1175 2689 1208 2723 τῇ
1223 2688 1268 2723 γῇ.
1289 2686 1341 2714 Ubi
1353 2685 1472 2721 primum
1489 2691 1586 2711 sensus
1604 2689 1660 2709 non
1674 2679 1807 2716 exprimi-

1022 2741 1077 2768 tur,
1099 2735 1147 2771 qui
1172 2734 1200 2762 in
1219 2733 1326 2761 Psalmo
1349 2735 1401 2764 est,
1419 2731 1524 2759 scilicet
1547 2737 1605 2762 eos,
1626 2728 1673 2763 qui
1687 2726 1762 2754 aliud
1782 2728 1810 2755 in

1021 2787 1142 2817 pectore,
1159 2787 1240 2816 quam
1258 2779 1285 2807 in
1302 2779 1394 2814 lingua
1414 2777 1542 2810 habeant,
1559 2784 1575 2803 a
1590 2775 1647 2802 Deo
1664 2773 1808 2809 insigniter

1023 2828 1125 2864 puniri,
1142 2831 1173 2854 ut
1191 2827 1260 2854 alios
1275 2829 1368 2860 aperte
1386 2828 1555 2859 peccatores.
1571 2817 1674 2849 Deinde
1689 2819 1808 2848 efficitur

1023 2873 1101 2909 quasi
1124 2873 1194 2900 alius
1210 2872 1287 2899 locus
1308 2879 1314 2896 :
1333 2871 1363 2896 ἐν
1389 2868 1487 2905 καρδίᾳ
1508 2867 1622 2902 ἀνομίας
1642 2865 1808 2903 ἐργάζεσθαι

1025 2921 1054 2948 ὲν
1070 2921 1104 2955 τῇ
1122 2920 1168 2954 γῇ,
1185 2926 1266 2954 quem
1284 2921 1311 2945 et
1326 2916 1416 2944 versio
1438 2915 1522 2944 latina
1536 2914 1575 2943 ita
1588 2912 1728 2949 exprimit,
1745 2917 1808 2938 eum
