2061 3150
248 166 302 196 279

893 165 941 194 10.
961 164 1036 193 SAL.
1057 162 1239 192 SEMLERUS

1813 154 1871 182 esu

250 224 302 251 tale
317 223 420 251 dictum
440 231 495 250 non
521 222 689 255 inveniatur,
703 227 731 250 et
748 223 770 250 si
795 223 975 255 inveniretur,
992 226 1031 249 ta-
1045 220 1198 256 Aipsorum
1225 223 1250 246 et
1279 217 1449 245 cadaveribus
1479 216 1508 242 in
1533 214 1644 242 deserto.
1668 214 1718 246 Ita,
1744 212 1870 247 inquam,

248 278 312 297 men
322 270 356 297 ad
372 277 429 297 rem
443 274 585 296 tractatam
599 277 654 296 non
672 270 817 304 pertineat.
832 269 902 296 Hinc
914 272 977 296 ante
988 268 1034 294 λα-

250 317 367 343 λούντων
380 315 538 351 reponenda
551 321 625 348 sunt,
637 324 706 350 quae
718 319 828 343 exstant
839 316 867 342 in
880 315 924 343 Ps.
940 322 1033 347 xxvm,

249 362 282 389 ὃς
298 362 344 396 Μὴ
360 361 524 397 συνελκύσῃς
540 361 611 396 μετά
627 362 795 397 ἁμαρτωλῶν
809 361 857 396 τὴν
870 362 958 396 ψυχήν
973 370 1035 396 μου,

251 408 298 434 καὶ
317 407 384 442 μετὰ
399 407 591 442 ἐργαζομένων
609 407 716 434 ἀδικίαν
733 407 770 442 μὴ
789 407 975 442 συναπολέσῃς
990 415 1036 441 με,

251 453 306 479 τῶν
319 452 470 479 λαλούντων
497 456 563 484 cet.,
581 452 697 480 delenda
709 461 774 480 vero
784 457 848 479 sunt
860 453 889 478 ὲν
903 452 1036 487 καρδίᾳ...

251 500 284 533 τῇ
299 500 345 533 γῇ.
360 498 429 525 Nam
441 498 554 532 ἀνομίας
570 498 613 525 vel
631 497 746 533 ἀνομίαν
764 501 823 525 erat
835 498 944 525 varians
956 497 1038 524 lectio

252 543 298 569 τοῦ
314 543 434 570 ἀδικίαν
450 543 478 570 in
492 543 610 575 Psalmo,
629 547 658 571 et
675 547 766 570 cetera
783 547 912 577 corrupta
927 542 1038 569 aliunde

253 593 328 621 sunt.
344 589 493 616 memoriae
518 589 585 616 vitio
608 589 754 616 maximam
773 593 890 623 partem,
907 588 955 615 ubi
969 588 1040 615 alius

253 635 337 662 citata
356 635 435 662 aliter
450 636 577 670 explevit.
595 635 662 662 Nam
689 643 745 662 non
768 635 875 670 integer
893 635 971 663 locus
987 642 1037 669 ap-

254 681 362 716 positus
380 680 447 712 fuit,
465 680 513 708 sed
530 684 635 707 tantum
658 680 745 716 prima
766 680 865 712 verba,
883 684 911 707 et
933 680 1041 715 signum

253 726 388 753 orationis
405 726 537 760 abruptae
567 735 594 753 κ.
620 735 646 753 τ.
675 734 697 752 ε.
725 726 786 753 Mox
813 726 939 761 sequitur
957 734 963 752 :
981 725 1042 751 ἐπεὶ

255 771 315 803 πῶς
342 771 454 798 δυνατὸν
477 771 713 806 ἁγαθοεργοῦντας
736 771 841 798 ὲσάπαν
864 771 973 802 λαθεῖν,
991 779 1042 806 pro

256 824 312 851 quo
341 816 442 843 melius
466 817 519 852 legi
539 817 648 844 videtur
670 824 752 852 posse
771 826 777 843 :
797 817 883 848 εἴποις
903 816 959 848 πῶς
975 820 1040 848 cet.,

256 862 336 889 dices.
363 862 431 889 Nam
456 862 518 888 ἐπεὶ
546 866 623 890 caret
646 863 837 895 connexione,
855 869 936 897 quam
952 867 1043 889 tamen

257 907 401 935 mentitur.

293 951 356 979 CAP.
384 952 419 979 XI
434 961 440 978 ε
455 952 517 987 ἦτις
532 951 647 988 [ὲντολὴ,
672 959 729 979 non
744 951 850 986 ἀγάπη,
879 955 911 978 ut
935 951 1044 986 supplet

258 997 407 1033 interpres]
423 997 476 1024 ἀπὸ
489 997 537 1032 τῆς
554 997 627 1024 ἔνδον
649 997 729 1033 ἡμῶν
753 997 900 1028 διαθέσεως
922 996 1045 1032 συνειδή-

260 1043 329 1076 σεώς
344 1052 374 1070 τε
390 1044 505 1078 ἀγαθῆς,
521 1044 568 1070 καὶ
584 1043 681 1077 ὑγειῶν
695 1043 749 1070 τῶν
766 1043 834 1079 πρὸς
847 1042 913 1070 Θεὸν
925 1042 1044 1074 ἐννοιῶν,

260 1090 368 1124 συνάμα
395 1089 442 1115 καὶ
471 1089 595 1124 βοηθείας
620 1089 861 1124 συνεφαπτομένης
889 1089 1046 1115 συνίσταται

259 1139 313 1162 cet.
340 1135 413 1170 Lege
435 1135 559 1170 βοηθείας
587 1135 672 1167 θείας,
692 1143 756 1163 nam
782 1135 850 1162 haec
875 1143 928 1163 vox
947 1142 963 1162 a
983 1134 1047 1170 βοη-

261 1181 335 1212 θείας
354 1181 467 1216 syllabis
484 1181 631 1215 postremis
649 1181 778 1216 absorpta
796 1185 847 1208 est.

295 1226 335 1254 An
353 1226 473 1254 Tmmuu
496 1226 664 1259 Oruscntml,
680 1227 751 1261 Περὶ
766 1226 950 1263 προσευχῆς,
961 1234 1048 1263 pauca

261 1271 330 1299 haec
343 1271 478 1307 praefero.

297 1316 359 1344 CAP.
375 1317 398 1344 ν
413 1326 419 1343 ;
436 1318 459 1343 εἰ
478 1316 544 1352 μ.ὴή
560 1316 792 1352 ταπεινοφροσύνη
803 1317 852 1344 καὶ
871 1317 888 1352 ἡ
906 1316 1012 1352 ἀγάπη.
1029 1316 1047 1352 ἠ

263 1362 382 1397 ἁπλότης
403 1370 433 1388 τε
458 1362 505 1388 καὶ
526 1362 664 1397 ἀγαθότης
686 1361 886 1389 ητακολλῶσιν
909 1362 987 1398 [Pag.
1005 1361 1050 1398 M]

263 1407 330 1441 ἡμῖν
346 1407 396 1442 τὴν
411 1407 492 1442 εὐχὴν
509 1412 573 1440 cet.,
591 1407 694 1435 Nisi....
705 1407 885 1443 canglutinent
901 1407 973 1435 nobis
989 1415 1052 1435 ora-

265 1453 381 1485 tionem;
398 1460 481 1480 sensu
505 1461 560 1480 non
583 1454 697 1488 optimo.
726 1453 884 1489 Legendum
912 1453 1050 1480 κατακαλ-

265 1499 370 1531 λιῶσιν,
384 1504 488 1531 ornent,
507 1503 536 1526 ut
550 1499 587 1535 (a)
601 1500 629 1527 in
642 1500 741 1534 Opusc.
758 1500 769 1527 l
784 1507 844 1535 cap.
857 1500 874 1528 9
891 1509 898 1527 :
913 1500 961 1526 ἐὰν
977 1501 1015 1536 μὴ
1027 1500 1045 1535 ή

1085 273 1183 301 graeca
1200 263 1340 292 reddenda
1368 266 1443 291 sunt.
1459 262 1582 290 Clariora
1606 260 1698 287 omnia
1721 263 1824 290 essent,
1845 266 1873 286 sl

1085 312 1194 339 abesset
1214 311 1271 343 καὶ,
1290 314 1318 337 et
1336 310 1476 345 legeretur
1485 311 1592 335 tantum
1603 306 1647 333 διὰ
1662 305 1751 332 τοῦτο.
1765 304 1874 332 Eodem

1086 357 1174 392 capite
1188 356 1270 391 paulo
1284 359 1346 389 post
1366 355 1418 381 ista
1433 363 1439 380 :
1455 354 1487 380 τδ
1501 353 1530 380 δὲ
1543 352 1695 386 ἀποστῆναι
1705 350 1754 377 οὐκ
1764 349 1811 375 ἐπὶ
1823 348 1874 375 τοῦ

1087 403 1265 438 ἀρνήσασθαι,
1280 400 1354 436 [Pag.
1369 399 1413 435 15]
1427 399 1483 426 ἀλλ’
1499 398 1546 424 ἐπὶ
1557 396 1603 424 τοῦ
1619 397 1680 428 ταῖς
1695 394 1877 429 ἐπαγγελίαις

1087 446 1169 474 αὑτοῦ
1194 446 1362 481 ἀπιστῆσαι,
1378 445 1515 471 τέθεικεν⁵
1532 443 1627 479 ἀμέλει
1646 442 1693 469 καὶ
1714 441 1749 468 τὰ
1771 439 1878 467 τυπικά

1086 493 1141 520 τῶν
1165 493 1297 520 Ἰουδαίων
1309 491 1475 527 ἀλληγορῶν.
1495 490 1546 518 Ubi
1565 489 1632 524 quid
1650 489 1686 516 sit
1696 487 1803 523 ἀμέλει,
1819 494 1878 513 non

1090 537 1266 573 interpretari
1281 544 1403 572 possum.
1418 535 1577 571 Legendum
1596 537 1663 570 puto
1674 540 1726 568 pro
1741 539 1775 559 eo
1790 532 1882 558 τέθει-

1089 593 1146 616 κεν,
1162 582 1326 617 ἐπαγγελίας
1339 583 1386 608 καὶ
1398 581 1433 608 τὰ
1443 580 1546 608 τυπικὰ
1557 580 1611 607 τῶν
1632 577 1776 610 Ἰουδαίων,
1791 577 1880 612 ἀλλη-

1090 630 1179 665 γορῶν
1198 633 1251 657 cet.

1125 685 1283 713 Oruscuwu
1297 683 1355 715 IIII,
1370 683 1409 709 De
1420 682 1555 710 Patientia
1569 684 1594 707 et
1611 680 1784 707 Discretione.

1125 730 1191 766 Cap.
1206 730 1241 757 III
1255 729 1354 765 legitur
1366 737 1372 755 :
1385 728 1422 759 ὡς
1435 729 1460 754 οί
1476 726 1540 762 περὶ
1555 726 1642 760 Ἰαννῆ
1653 734 1724 761 φημι
1736 726 1781 751 καὶ
1793 725 1881 760 Μαμ-

1092 777 1170 812 ϐρῆν,
1184 781 1213 803 ut
1227 776 1327 803 Jannes
1342 780 1366 802 et
1383 774 1523 802 Mambres.
1535 773 1588 801 Ubi
1600 773 1666 800 licet
1683 771 1811 807 Ἰαμϐρῆς
1822 771 1882 798 Ire-

1092 822 1222 857 quentius
1232 822 1277 854 sit,
1288 828 1369 856 quam
1380 827 1429 855 per
1437 819 1466 847 M
1477 819 1623 850 Mambres,
1635 818 1690 844 hoc
1702 821 1795 844 tamen
1811 816 1882 844 ferri

1093 869 1186 901 debet,
1201 868 1265 902 quia
1277 867 1304 894 in
1318 866 1460 901 evangelio
1473 864 1629 900 apocrypho
1639 862 1780 890 Nicodemi
1793 861 1883 889 Mam-

1058 901 1078 928 B
1094 914 1152 940 bres
1166 901 1234 940 item
1255 911 1366 947 legitur,
1381 917 1462 945 quam
1487 908 1653 943 scripturam
1684 906 1766 933 etiam
1791 907 1885 932 servat

1095 959 1151 987 MS.
1163 958 1249 985 codex
1264 957 1292 984 in
1303 956 1471 984 bibliotheca
1484 952 1727 989 Orphanotrophii.
1753 950 1884 978 Ceterum

1095 1004 1222 1031 videatur
1243 1002 1386 1030 Fabricius
1400 1001 1428 1028 in
1445 999 1546 1028 Codice
1567 997 1731 1033 Apocrypho
1751 996 1784 1023 N.
1803 995 1835 1023 T.
1848 995 1886 1022 de

1096 1050 1148 1077 hac
1166 1057 1244 1077 voce.
1267 1049 1342 1076 Idem
1364 1047 1420 1075 MS.
1446 1046 1532 1074 codex
1556 1044 1669 1072 exhibet
1691 1042 1800 1070 Iamne;
1832 1048 1886 1076 pro

1095 1095 1196 1122 Jannes
1207 1102 1216 1127 ;
1226 1101 1278 1121 nec
1293 1093 1367 1128 piget
1382 1093 1518 1127 integrum
1531 1091 1623 1117 locum
1638 1088 1805 1119 exscribere,
1820 1086 1886 1121 quia

1098 1141 1192 1168 dill'ert
1204 1147 1219 1166 a
1234 1139 1344 1174 vulgata
1354 1137 1475 1165 lectione
1488 1136 1560 1171 apud
1572 1134 1729 1162 Fabricium
1747 1141 1754 1159 :
1770 1136 1794 1159 et
1807 1134 1886 1158 erant

1096 1187 1133 1213 ibi
1149 1189 1271 1213 curantes
1292 1183 1384 1211 medici
1406 1182 1510 1209 nomine
1531 1180 1640 1207 Jamnes
1657 1182 1682 1205 et
1696 1176 1839 1207 Mambres,
1859 1177 1887 1202 et

1100 1231 1217 1267 fecerunt
1240 1231 1329 1266 signa,
1344 1236 1412 1265 quae
1433 1228 1492 1263 fecit
1509 1226 1620 1261 Moyses,
1638 1224 1684 1252 sed
1707 1231 1760 1250 non
1783 1221 1884 1249 omnia.

1102 1277 1198 1305 Lectio
1213 1277 1323 1311 vulgata
1341 1275 1425 1302 habet
1445 1282 1453 1301 :
1480 1273 1567 1300 Erant
1593 1271 1631 1298 ibi
1653 1270 1724 1304 magi
1738 1268 1839 1295 Jannes
1859 1269 1886 1293 et

1100 1324 1241 1356 Mambres,
1264 1323 1428 1358 feceruntque
1443 1324 1467 1346 et
1485 1319 1535 1354 ipsi
1551 1326 1597 1353 per
1613 1315 1804 1344 incantationes
1822 1320 1893 1352 πιαι-

1100 1372 1187 1406 signa,
1200 1377 1268 1406 quae
1285 1369 1382 1403 fecerat
1398 1366 1497 1401 Moyses
1507 1385 1515 1397 ,
1527 1363 1572 1391 sed
1587 1371 1639 1390 non
1662 1369 1708 1397 per
1731 1360 1831 1387 omnia.
1856 1357 1888 1385 In

1102 1403 1157 1443 MS.
1184 1403 1232 1441 illo
1248 1413 1343 1441 codice
1363 1410 1493 1439 mendum
1507 1413 1560 1441 est,
1577 1408 1616 1435 ita
1630 1406 1699 1434 forte
1713 1403 1864 1432 tollendum
1877 1410 1887 1430 :

1103 1461 1139 1489 Et
1154 1463 1230 1487 erant
1241 1460 1276 1486 ibi
1288 1459 1467 1485 incantatores
1487 1454 1583 1490 magici
1605 1456 1658 1481 cet.
1676 1452 1764 1486 Hujus
1782 1448 1888 1478 codicis

1104 1507 1159 1535 MS.
1182 1506 1244 1534 ideo
1266 1505 1312 1532 hic
1331 1503 1383 1532 Ieci
1410 1502 1589 1533 mentionem,
1614 1499 1679 1535 quia
1714 1497 1812 1532 dignus
1844 1498 1889 1523 est

266 1544 499 1580 ταπεινοφροσύνη
513 1545 560 1571 καὶ
575 1546 591 1580 ή
607 1545 728 1580 ἁπλότης
749 1546 796 1572 καὶ
808 1547 826 1581 ἡ
848 1545 984 1581 ἀγαθότης
1000 1554 1049 1572 κα-

1104 1552 1151 1588 qui
1168 1559 1231 1579 cum
1248 1551 1323 1578 edito
1346 1553 1421 1576 textu
1443 1546 1561 1574 Fabricii
1581 1545 1749 1574 conferatur,
1761 1541 1834 1577 quod
1859 1543 1889 1567 et

267 1591 431 1626 τακοσμήσῃ
453 1591 538 1625 ἡμᾶς.
562 1591 616 1618 Ubi
642 1599 694 1626 pro
722 1592 796 1626 ἡμᾶς
822 1591 892 1619 adde
910 1592 978 1627 ἡμῖν
1000 1591 1050 1627 τὴν

268 1635 361 1671 εὐχήν,
375 1642 406 1665 ιιι
415 1637 571 1665 neceSSario
583 1644 680 1665 sensus
692 1637 813 1673 postulat
828 1641 856 1664 et
868 1637 979 1665 collatio
992 1645 1054 1665 cum

267 1681 406 1717 Opusculo
421 1683 473 1710 isto
491 1683 536 1710 IIl.
563 1682 682 1717 Κοσμέω
693 1687 722 1710 et
735 1682 850 1710 καλλιόω
862 1682 960 1710 eodem
973 1690 1055 1710 sensu

269 1732 343 1755 sunt.
365 1728 399 1755 Et
418 1729 446 1755 in
466 1728 518 1756 ﬁne
534 1729 631 1763 capitis
652 1728 767 1763 hujusV
785 1736 856 1764 pone
880 1729 988 1764 signum
1011 1729 1055 1756 in-

271 1773 449 1808 terrogandi:
475 1775 512 1809 μὴ
530 1774 633 1808 ἀγνοῶν
648 1774 771 1808 φαίνεται
793 1774 966 1808 ψυχαγωγεῖν
994 1775 1056 1800 ἑαυ-

270 1818 316 1844 τὸν
341 1819 591 1854 παρακρουόμενος,
612 1819 660 1846 καὶ
676 1819 802 1854 μεγάλων
830 1819 915 1851 ὅντως
941 1820 1056 1856 καρπῶν

271 1863 318 1890 τοῦ
339 1864 504 1899 πνεύματος,
527 1864 571 1891 διὰ
591 1865 622 1891 τὸ
640 1864 726 1896 οὕτως
740 1863 822 1899 ἔχειν,
837 1864 1012 1900 ἀποστερῶν;
1026 1865 1057 1892 In

270 1910 388 1944 vulgatis
409 1915 450 1937 est
465 1910 556 1937 τελεία
579 1911 690 1946 στιγμή,
714 1910 788 1945 quod
803 1918 912 1937 sensum
932 1910 1056 1945 impedit.

307 1955 370 1982 CAP.
389 1955 425 1983 IX
453 1960 576 1983 extremo
601 1963 651 1991 pro
673 1956 710 1988 ὠς
736 1956 766 1982 τὸ
791 1956 858 1982 πολὺ
869 1956 920 1982 οὐκ
944 1956 1058 1983 ὲκπλεὸ-

271 2009 346 2032 νασε,
363 2002 411 2028 καὶ
425 2001 463 2033 ὡς
485 2001 516 2028 τὺ
540 2001 629 2034 ὀλίγον
648 2001 697 2028 οὐκ
717 2002 898 2036 ἠλαττόνησεν
910 2002 970 2037 lege
981 2009 1014 2029 ex
1035 2002 1057 2029 II

274 2046 338 2073 Cor.
362 2055 408 2074 vui
420 2051 448 2074 et
463 2047 549 2074 Exod.
568 2055 628 2074 ινιτ
644 2048 658 2073 ὁ
672 2047 702 2073 τὸ
711 2047 788 2080 πολὺ,
800 2051 828 2075 ct
841 2048 855 2074 ὁ
870 2048 900 2075 τὸ
913 2048 1002 2082 ὀλίγον
1015 2048 1058 2076 vel

273 2090 394 2117 ἔλαττον.

308 2135 370 2162 Car.
381 2135 406 2162 Χ
428 2139 489 2170 post
504 2135 631 2163 initium:
649 2136 695 2162 καὶ
711 2137 744 2172 τῇ
760 2137 826 2172 εὐχῇ
852 2138 967 2174 ὀκνηρὸς
986 2142 1058 2173 cet.;

273 2181 332 2216 lege
347 2181 382 2208 ob
398 2181 538 2209 meliorem
552 2182 748 2212 connexionem
760 2183 807 2209 καί
827 2191 869 2217 γε,
881 2184 925 2211 vel
941 2184 989 2210 καὶ
1002 2184 1056 2220 γὰρ

275 2232 330 2254 θοι.

311 2273 397 2308 Pergo
415 2272 448 2300 ad
468 2281 525 2300 cn.
551 2272 622 2306 Xlll,
642 2273 751 2301 omissis
765 2274 860 2302 multis
883 2274 991 2303 mendis
1019 2279 1060 2311 ty-

275 2318 469 2358 pographicis:
485 2319 547 2350 τοὺς
566 2318 696 2346 ἀδύνατον
720 2320 932 2355 ἡγουμένους....
956 2321 971 2347 ὁ
993 2320 1061 2347 ἀπύ-

278 2364 370 2395 στολος
385 2364 533 2400 διαρρήδην
545 2365 667 2396 ἐοικότας
692 2365 789 2397 αὐτοὺς
803 2366 920 2392 δείκνυσι
944 2367 1000 2398 τοῖς
1026 2366 1060 2392 δι’

276 2409 405 2436 ἀπιστίαν
421 2410 470 2445 τὴν
485 2410 536 2445 γῆν
553 2410 601 2445 τῆς
613 2410 777 2445 ἐπαγγελίας
792 2410 921 2438 εἰσελθεῖν
933 2411 971 2447 μὴ
983 2410 1062 2446 ἠξιω-

277 2455 379 2491 μένοις,
405 2456 452 2482 καὶ
465 2455 508 2482 διὰ
522 2455 600 2482 τοῦτο
619 2457 801 2483 πεπτωκότων
823 2457 914 2489 αὐτοῖς
926 2457 980 2484 τῶν
1004 2457 1060 2484 κὼ-

275 2501 330 2527 λων
345 2501 373 2528 ὲν
391 2503 424 2536 τῇ
448 2501 554 2537 ἐρήμῳ.
582 2501 634 2529 Ubi
658 2509 755 2537 graeca
784 2503 872 2529 oratio
898 2503 1060 2537 σολοικίζεις

277 2547 373 2574 saltem
387 2547 424 2574 ita
436 2547 557 2579 videtur,
567 2547 619 2574 nisi
629 2549 771 2575 commode
786 2547 949 2582 explicetur.
962 2548 1061 2575 Latina

277 2593 369 2620 versio
380 2593 448 2620 haec
458 2601 554 2628 graeca
563 2593 684 2628 neglexit
697 2598 810 2628 propter
818 2594 904 2621 solam
915 2594 985 2621 hanc
994 2601 1060 2620 eau-

278 2645 347 2670 sam,
363 2643 392 2666 et
405 2639 497 2673 posuit
508 2639 664 2666 versionem
679 2639 781 2675 vulgati
796 2639 962 2674 interpretis.
975 2639 1015 2666 Tu
1025 2639 1062 2666 ita

277 2687 373 2711 verte:
398 2692 518 2719 expresse
548 2683 646 2712 similes
667 2685 728 2712 dicit
747 2686 820 2718 istis,
837 2685 881 2721 qui
897 2694 914 2712 a
933 2685 1063 2721 promissa

280 2733 353 2756 terra
373 2735 479 2765 propter
492 2729 621 2756 ἀπιστίαν
639 2731 762 2766 prohibiti
774 2735 848 2763 sunt,
864 2731 1004 2767 prostratis
1022 2730 1063 2757 vel

280 2778 388 2815 propter
408 2776 468 2808 hoc,
487 2775 508 2802 i.
530 2782 556 2802 e.
582 2775 646 2810 quia
671 2783 727 2803 non
756 2776 916 2809 credebant,
942 2775 1063 2803 membris

1104 1586 1260 1625 accuratior
1272 1600 1300 1624 et
1320 1595 1427 1631 plenior
1443 1593 1590 1628 scriptura,
1604 1595 1632 1618 et
1646 1589 1742 1617 multis
1765 1586 1889 1615 historiis

1105 1641 1347 1671 etnarrationibus
1358 1639 1465 1667 auctior
1477 1642 1519 1666 est
1529 1636 1648 1664 libellus.
1659 1634 1818 1669 Exemplum
1827 1632 1890 1667 ejus

1106 1688 1146 1716 rei
1160 1687 1297 1723 proteram
1315 1684 1448 1720 quaedam
1471 1691 1504 1710 ex
1526 1679 1723 1717 posterioribus
1747 1677 1822 1714 [Pag.
1843 1674 1888 1711 16]

1106 1722 1188 1765 foliis,
1206 1732 1287 1768 paulo
1311 1734 1374 1758 ante
1393 1729 1475 1756 ﬁnem
1489 1726 1623 1762 evangelii
1638 1725 1731 1759 hujus,
1753 1722 1801 1754 ibi,
1820 1727 1890 1768 quae

1107 1767 1268 1809 occurrunt,
1285 1775 1377 1804 omnia
1393 1783 1408 1802 a
1430 1773 1548 1809 vulgatis
1569 1772 1678 1799 absunt.
1698 1769 1772 1796 Inter
1791 1767 1843 1794 alia
1862 1769 1891 1793 et

1108 1825 1177 1852 haec
1192 1823 1226 1850 de
1246 1823 1357 1850 Simone
1379 1821 1465 1855 Mago,
1483 1819 1562 1854 cujus
1578 1818 1607 1844 in
1621 1816 1718 1844 eodem
1736 1814 1789 1841 hoc
1802 1811 1890 1847 capite

1107 1870 1218 1898 Macarii
1232 1869 1262 1896 Iit
1275 1867 1379 1895 mentio
1399 1875 1406 1893 :
1423 1866 1507 1894 Antea
1525 1864 1633 1900 quidam
1644 1861 1832 1890 Samaritanus
1845 1865 1890 1884 ve-

1108 1920 1184 1943 nerat
1200 1914 1303 1941 nomine
1316 1911 1424 1947 Symon,
1434 1911 1462 1937 in
1479 1913 1536 1937 arte
1545 1908 1646 1944 magica
1664 1906 1741 1933 nimis
1754 1903 1883 1934 eruditus,

1107 1962 1136 1988 in
1155 1968 1204 1996 quo
1220 1962 1243 1986 et
1261 1958 1382 1986 demonia
1401 1956 1485 1983 multa
1501 1953 1693 1982 inhabitabant.
1711 1950 1761 1983 Qui
1779 1947 1890 1980 dicebat,

1109 1993 1176 2041 quod
1190 2005 1245 2040 ipse
1259 2011 1352 2039 passus
1362 2002 1589 2037 fuisset,mortuus
1598 2003 1622 2024 et
1634 1995 1762 2033 sepultus,
1774 1998 1797 2021 et
1813 1993 1891 2020 tertia

1109 2052 1151 2078 die
1167 2050 1298 2078 asserebat
1313 2057 1340 2076 se
1351 2048 1535 2075 resurrexisse.
1549 2045 1623 2078 Quae
1640 2044 1702 2070 dum
1712 2040 1811 2069 Neroni
1824 2038 1891 2067 Cae-

1108 2097 1164 2124 sari
1180 2096 1305 2123 nunciata
1320 2095 1428 2130 fuissent
1440 2093 1471 2120 de
1481 2092 1540 2120 Iesu
1552 2091 1665 2122 Christo,
1681 2088 1748 2115 Filio
1764 2087 1812 2114 Dei
1830 2084 1890 2116 vivi,

1110 2146 1135 2169 et
1149 2142 1248 2174 omnia,
1264 2149 1331 2176 quae
1350 2140 1382 2166 de
1402 2148 1431 2166 eo
1447 2143 1523 2166 erant
1551 2141 1611 2164 acta
1640 2135 1711 2171 apud
1735 2133 1868 2161 Iudaeam
1881 2151 1890 2164 ,

1111 2187 1265 2215 nunciatum
1280 2191 1317 2213 est
1330 2185 1410 2213 simul
1430 2186 1454 2212 ei
1466 2184 1498 2211 de
1508 2182 1615 2219 Pylato.
1631 2181 1681 2214 Qui
1693 2180 1784 2208 statim
1798 2177 1891 2205 diremit

1074 2228 1096 2256 Ι)
1110 2240 1170 2259 suos
1185 2230 1279 2258 milites
1292 2231 1321 2257 in
1338 2229 1504 2265 Cymerinam
1522 2228 1664 2256 civitatem.
1678 2230 1702 2252 et
1719 2223 1845 2260 Pylatum
1858 2222 1892 2250 ad

1109 2285 1136 2304 se
1150 2275 1273 2303 accersiri
1288 2273 1473 2310 praecepit.Et
1488 2280 1547 2298 cum
1558 2271 1581 2298 ei
1592 2273 1774 2306 praesentatus
1792 2267 1891 2302 fuisset,

1109 2322 1230 2350 narravit
1246 2320 1344 2348 Neroni
1361 2319 1448 2345 omnia
1465 2326 1533 2353 quae
1549 2317 1582 2344 de
1594 2315 1694 2344 Christo
1705 2314 1844 2342 Nazareno
1854 2312 1892 2338 di-

1110 2372 1153 2394 cta
1175 2369 1247 2397 sunt,
1268 2363 1497 2400 praesentavitque
1513 2361 1536 2388 ei
1552 2358 1692 2394 discipulos
1711 2357 1767 2393 ejus
1785 2355 1892 2383 Petrum

1110 2418 1134 2440 et
1146 2411 1272 2440 Paulum.
1288 2410 1340 2445 Ipsi
1350 2414 1439 2436 autem
1462 2406 1585 2443 apostoli,
1597 2404 1740 2440 refutantes
1754 2401 1892 2437 Symonem

1114 2466 1168 2485 esse
1181 2457 1324 2488 Christum,
1340 2455 1462 2482 dixerunt
1477 2453 1576 2480 Neroni
1589 2451 1697 2479 Caesari
1708 2458 1718 2476 :
1731 2448 1802 2475 Bone
1813 2447 1893 2481 impe-

1113 2509 1198 2535 rator,
1218 2503 1241 2530 si
1258 2502 1295 2529 vis
1314 2501 1390 2533 scire,
1402 2508 1469 2536 quae
1483 2502 1556 2534 gesta
1574 2501 1636 2524 sunt
1653 2495 1692 2521 de.
1704 2494 1807 2521 Iudaea
1818 2513 1825 2523 ,
1851 2499 1892 2517 ac-

1114 2551 1171 2586 cipe
1184 2549 1274 2576 literas
1291 2548 1369 2581 hujus
1387 2544 1576 2580 PontiiPylati
1587 2542 1621 2570 ad
1637 2540 1777 2569 Claudium
1789 2538 1891 2568 missas,

1113 2584 1212 2623 ettunc
1229 2595 1319 2622 omnia
1335 2599 1489 2628 cognoscere
1502 2589 1608 2626 poteris.
1625 2587 1675 2615 Ille
1692 2590 1780 2614 autem
1791 2584 1892 2611 mittens

1113 2641 1148 2668 ad
1163 2640 1344 2667 bibliothecam
1365 2637 1500 2674 Capitolii,
1520 2636 1548 2662 in
1565 2642 1616 2670 quo
1628 2634 1688 2669 ipsa
1701 2632 1801 2666 scripta
1811 2629 1892 2655 conti-

1112 2686 1251 2713 nebantur.
1262 2686 1417 2720 Accepitque
1427 2683 1531 2710 easdem
1550 2681 1654 2711 literas,
1668 2682 1693 2705 et
1711 2677 1773 2713 legit
1791 2678 1852 2706 eas;
1870 2677 1893 2700 et

1113 2733 1193 2759 series
1205 2733 1243 2759 ita
1257 2736 1314 2759 erat
1327 2740 1335 2758 :
1349 2731 1460 2758 Pontius
1471 2728 1579 2764 Pylatus
1591 2728 1645 2762 regi
1654 2721 1892 2754 Claudiosalutcm.

1114 2775 1250 2811 Nuptan...
1267 2777 1303 2804 Et
1318 2779 1436 2804 mortuus
1447 2779 1485 2802 cst
1495 2771 1601 2810 [Nero],
1616 2776 1641 2799 et
1664 2780 1682 2798 ιι
1697 2769 1765 2806 lupis
1786 2767 1894 2794 devora-

1027 2831 1153 2861 NOTAE.

319 2874 358 2912 (a)
376 2875 422 2904 Sic
431 2884 474 2912 ap.
489 2877 620 2910 Semlcr.;
635 2877 687 2912 leg.
703 2882 737 2904 et.
751 2877 799 2905 En.
