2048 3153
128 158 179 187 38!

642 157 687 185 DE
705 157 859 186 SCRIPTIS
877 158 906 186 S.
922 157 1063 186 MACARII
1082 157 1252 186 AEGYPTII.

1694 159 1749 186 9.82

128 217 181 245 ιιιε,
197 213 416 248 quemadmodum
440 220 486 247 per
502 211 607 248 dyaboti
624 216 710 240 artem
726 213 913 249 interpretatus
927 217 951 245 Α
964 213 1016 246 Qui
1037 213 1205 249 signiﬁcatus
1224 213 1306 249 hujus
1323 213 1400 241 verbi
1420 214 1533 242 Graecis
1552 221 1607 242 non
1630 213 1751 242 insolens

128 259 218 294 fuerat
231 257 371 294 ciSymon.
387 259 438 287 llic
457 259 511 294 jam
526 259 589 287 ﬁnis
606 260 740 295 evangelii
758 265 820 295 post
833 260 913 288 addi-

128 310 184 333 tam
196 305 378 341 doxologiam.
395 305 469 338 Quae
481 305 574 332 omnia
586 309 615 333 et
628 305 718 333 multa.
729 310 792 333 ante
803 306 872 334 haec
885 307 914 334 in

125 351 238 387 vulgato
251 351 393 386 evangelio
405 351 477 386 apud
490 351 645 379 Fabricium
660 352 770 379 absunt.
788 352 816 379 Si
828 361 914 387 quan-

127 395 166 422 do
177 395 264 422 otium
274 395 442 430 suppeditat,
460 395 594 430 polliceor
613 395 679 423 huic
694 396 748 424 MS.
765 404 827 424 cum
839 396 914 425 edito

127 440 206 476 [Pag.
226 439 270 476 17]
284 440 452 468 conferendo
463 448 549 468 meam
565 442 780 477 qualemcunque
791 449 913 477 operam.

126 486 187 513 Jam
201 486 235 513 ad
252 486 398 514 Macarium
420 487 513 515 redeo.
594 486 598 491 ⁷

165 531 226 558 CAP.
236 531 292 558 IIII.
304 529 461 568 Καθαπερεὶ
472 533 681 569 τεκμηράμενον
694 532 743 568 τὴν
757 533 807 567 τῆς
818 533 914 560 ἑαυτοῦ

129 576 269 611 βασιλείας
288 577 458 613 καθαίρεσιν,
480 586 532 613 pro
563 587 618 614 quo
640 578 750 606 videtur
769 579 915 614 legendum

126 628 189 648 esse
203 622 420 658 τεκμαιρόμενον
427 623 470 650 vel
482 623 631 659 τεκμηριοὺ
637 632 726 658 μενον,
740 632 756 652 a
767 624 914 660 τεκμαίρο-

128 675 180 702 μαι
200 671 249 695 aut
264 669 432 703 τεκμηριόω.
453 668 530 696 Istud
548 669 687 704 vulgatum
702 669 855 704 cujusmodi
867 669 913 702 sit,

127 720 184 740 non
209 713 385 748 interpretor.
412 714 443 741 In
463 714 559 742 eodem
584 714 674 741 adhuc
694 715 783 750 capite
799 723 806 741 :
822 715 868 742 ἐπὶ
887 715 915 742 δὲ

126 757 177 784 τοῦ
197 758 299 794 Κυρίου
317 759 385 794 πρὸς
405 759 535 795 ἀλήθειαν
554 759 634 787 τοῦτο
647 759 753 792 παθεῖν,
770 760 914 788 redditin-

127 808 237 838 terpres
255 813 271 831 a
289 803 420 837 Domino,
442 805 516 840 quod
535 805 636 833 melius
657 805 823 833 reddidisset
835 806 914 833 adve-

127 850 217 876 niente
230 849 353 877 Domino.
375 851 554 879 Notissimum
580 852 655 879 enim
681 856 739 884 est,
758 851 805 879 ἐπὶ
826 851 854 880 in
871 852 914 880 his

126 898 239 928 tempus
254 898 361 922 notare.

162 939 226 967 CAP.
240 940 308 968 VIII.
323 940 391 968 Item
409 945 485 969 errat
502 942 593 970 versio
609 951 617 969 :
631 943 678 970 καὶ
690 942 745 978 γὰρ
756 944 770 970 ὁ
781 943 912 976 τοιοῦτος,

125 986 157 1012 ‘ev
172 986 316 1022 λεπτότητι
338 986 382 1014 διὰ
403 987 453 1023 τῆς
471 987 588 1021 πίστεώς
609 997 690 1024 φημι,
709 989 756 1016 καὶ
777 989 828 1024 τῆς
848 998 915 1024 προ-

126 1030 240 1064 θυμίας,
254 1031 303 1066 ἠδη
320 1032 444 1058 κοινωνεῖ
463 1031 502 1067 τῷ
513 1031 582 1067 Θεῷ.
601 1031 697 1060 Latina
717 1033 819 1061 habent
834 1040 842 1059 :
863 1032 914 1059 Et-

125 1077 198 1103 enim
212 1077 272 1104 talis
294 1078 336 1112 (in
355 1079 482 1105 tenuitate
504 1087 563 1105 mea
578 1087 624 1114 per
639 1079 719 1113 ﬁdem
739 1084 763 1106 et
782 1079 916 1114 conﬁden-

126 1123 194 1149 tiam
209 1123 265 1158 aio)
277 1123 338 1150 talis
358 1124 468 1160 inquam
483 1125 544 1160 jam
556 1125 611 1152 Deo
624 1126 819 1158 communicat;
835 1125 914 1161 quasi

124 1173 221 1197 essent
235 1170 318 1197 verba
331 1170 453 1198 auctoris
465 1171 499 1198 de
511 1179 540 1198 se
555 1171 702 1206 loquentis.
720 1171 809 1199 Minus
821 1175 914 1199 autem

123 1220 212 1243 recte.
221 1215 386 1243 Vertendum
397 1220 454 1243 est:
469 1217 497 1244 in
513 1218 617 1252 exiguo,
631 1217 649 1244 i.
661 1225 687 1245 e.
698 1217 912 1252 quodammodo,

124 1260 191 1288 talis
201 1261 263 1296 jam
279 1261 417 1288 κοινωνεῖ
432 1261 472 1294 τῷ
495 1262 555 1295 Θεῷ
575 1267 681 1298 propter
697 1262 776 1297 ﬁdem
802 1267 826 1289 et
847 1263 915 1289 desi-

123 1307 231 1334 derium
245 1315 291 1334 seu
314 1312 464 1344 promptum
487 1309 616 1336 animum.
642 1309 745 1336 Auctor
759 1309 828 1341 vult,
843 1309 915 1337 hanc

123 1352 213 1379 animi
231 1352 369 1380 credentis
385 1353 603 1389 dispositionem,
613 1361 666 1388 qua
680 1358 791 1389 exoptat
802 1354 915 1389 conjun-

123 1397 247 1425 ctionem
262 1406 324 1425 cum
348 1399 415 1431 Deo,
434 1400 489 1434 jam
509 1407 569 1427 esse
584 1400 726 1426 κοινωνίαν
754 1399 911 1435 aliqualem,

123 1451 186 1476 seu,
203 1448 235 1471 ut
248 1444 339 1471 statim
361 1444 478 1472 inferius
501 1445 587 1477 dicit,
614 1445 696 1472 talem
719 1445 844 1480 καθάπερ
862 1446 914 1481 ἤδη

124 1490 252 1516 κοινωνεί
263 1490 301 1524 τῷ
311 1489 380 1525 Θεῷ.
396 1489 474 1523 Quod
489 1491 609 1518 ostendit
624 1491 658 1518 ab
677 1491 802 1526 exemplo
817 1491 912 1518 Matth.

123 1543 153 1566 v,
176 1535 229 1567 28,
256 1535 303 1562 ubi
321 1535 422 1571 cupido
448 1536 575 1564 adulterii
601 1545 616 1564 a
634 1537 690 1564 Deo
706 1542 848 1572 repetetur
863 1545 913 1572 pro

124 1580 186 1614 ipso
213 1580 358 1608 adulterio.
388 1581 422 1608 Et
449 1585 491 1609 est
513 1582 565 1609 hoc
589 1582 699 1618 elegans
726 1574 947 1611 testimoninmc

124 1625 299 1660 antiquitatis
314 1627 348 1654 de
363 1627 470 1655 ratione
489 1627 562 1655 ﬁdei.

157 1671 236 1698 Falsa
253 1672 354 1708 legitur
368 1674 503 1701 sententia
518 1682 574 1701 car.
590 1674 626 1701 XI
640 1683 646 1701 :
671 1675 718 1701 καὶ
737 1674 791 1711 γὰρ
804 1695 812 1703 .
828 1696 836 1704 .
850 1695 857 1702 .
873 1695 880 1703 .
897 1675 914 1711 ἡ
938 1698 942 1705 .

125 1716 170 1743 διὰ
186 1717 233 1744 τοῦ
248 1718 403 1755 πνεύματος
413 1720 492 1753 ἁγίου
508 1719 631 1753 γέννησις
644 1720 915 1756 εἱκόνασελειὸτητος

125 1762 182 1797 ἔχει
208 1762 237 1790 εν
259 1772 288 1790 τε
316 1765 349 1800 τῇ
371 1766 460 1800 μορφῇ
476 1766 593 1798 καὶτοῖς
619 1765 744 1801 μέλεσιν·
761 1767 791 1792 οὐ
824 1766 915 1801 μέντοι

124 1808 249 1843 δυνάμει,
272 1809 290 1844 ἢ
307 1809 354 1845 νῷ,
372 1810 388 1845 ἢ
405 1810 515 1846 ἀνδρεία
529 1831 536 1842 ,
553 1819 606 1838 ηοη
627 1815 716 1838 tamen
737 1812 844 1844 virtute,
869 1815 916 1839 aut

125 1858 278 1887 mente,aut
292 1855 453 1890 fortitudine.
467 1857 625 1892 Legendum
637 1865 644 1883 :
662 1877 669 1884 .
681 1877 688 1884 .
704 1877 711 1884 .
725 1857 843 1893 μέλεσιν,
857 1857 873 1893 ἢ
886 1858 915 1885 ἐν

124 1901 156 1934 τῇ
172 1899 287 1935 δυνάμει
302 1905 355 1928 eet.

158 1953 268 1984 Vitium
282 1957 410 1986 similiter
424 1967 485 1987 esse
503 1959 615 1988 videtur
631 1968 688 1989 cn.
708 1960 794 1989 XXIII
811 1960 839 1988 in
855 1969 916 1988 ver-

125 2002 168 2029 bis
190 2001 247 2028 :61’
263 2002 322 2034 ἑνὸς
335 2003 364 2030 δὲ
385 2004 586 2040 ὺποδείγματος
607 2005 753 2041 γνώρισμα
774 2005 848 2042 [Pag.
868 2005 914 2041 18]

125 2047 204 2073 ἔσται
225 2047 265 2083 τῷ
281 2048 350 2083 μετὰ
366 2051 471 2086 χεῖρας,
493 2051 541 2078 ubi
558 2059 655 2086 graeca
674 2052 813 2088 languent.
831 2052 916 2087 Lege-

124 2100 196 2121 rem.
210 2114 217 2121 .
233 2114 240 2121 .
253 2114 260 2120 .
274 2094 443 2133 γνωρίσομεν
458 2096 553 2130 ταῦτα,
568 2098 582 2124 ὅ
596 2099 653 2124 ἐστι
670 2097 739 2133 μετὰ
751 2099 856 2134 χεῖρας.

159 2139 193 2166 In
212 2147 270 2166 car.
293 2139 367 2168 XXV
383 2141 449 2169 item
471 2142 602 2170 mendosa
619 2148 662 2171 est
677 2143 760 2171 lectio
786 2153 793 2171 :
809 2144 839 2171 τὸ
861 2144 916 2180 γὰρ

124 2185 236 2212 ἔκδσπον
250 2187 345 2213 ἑαυτὸν
366 2190 517 2224 παρασχεῖν
529 2190 568 2226 τῷ
581 2190 667 2224 φίλων
686 2190 760 2226 αὐτῷ
779 2191 915 2226 φαίνεται,

962 262 1014 285 est.
1036 258 1141 286 lbidem
1155 258 1237 293 paulo
1250 263 1314 286 ante
1329 258 1411 285 ﬁnem
1424 267 1431 286 :
1448 259 1527 289 εὐθὺς
1542 259 1579 290 ὡς
1593 257 1649 293 εἶχε
1661 259 1751 286 ποδῶν

962 305 1102 339 ἐκφυγεῖν,
1119 305 1157 340 μὴ
1180 304 1300 340 μελῆσαν
1320 304 1394 339 αὺτῷ
1406 304 1460 331 τῶν
1477 305 1599 340 μηδενός,
1625 312 1675 339 pro
1695 311 1751 339 quo

962 351 1034 378 forte
1051 350 1228 378 scribendum
1247 359 1253 376 :
1271 349 1307 385 μὴ
1331 349 1497 384 μελήσαντος
1511 350 1585 385 αὑτῷ
1600 350 1652 377 τῶν
1668 350 1750 376 αὑτοῦ

965 396 1086 432 μηδενός.
1096 396 1165 429 Quia
1175 396 1297 423 breviter
1314 399 1421 422 tantum
1432 395 1553 423 delibare
1559 396 1605 424 hic
1614 396 1651 423 ibi
1665 403 1749 431 quae-

963 442 1026 470 dam
1041 442 1185 475 conslitui,
1196 447 1273 469 verto
1289 449 1333 469 me
1343 442 1399 477 jam
1413 441 1459 470 ad.

998 487 1155 516 Opuscuunt
1169 488 1202 520 ν,
1219 488 1258 515 De
1274 487 1428 515 Elevatione
1444 488 1548 515 mentis.

1000 536 1063 564 Cn.
1077 536 1098 563 Ι.
1112 535 1163 563 Hic
1179 535 1270 563 statim
1285 534 1374 570 primo
1394 535 1422 562 in
1440 535 1529 569 capite
1540 534 1607 562 levis
1622 543 1700 562 error
1721 534 1750 562 in

964 582 1068 618 graecis
1091 581 1126 608 ab
1142 581 1293 616 interprete
1310 589 1365 608 non
1385 585 1482 607 cautus
1503 584 1566 607 est:
1584 581 1663 615 ὑμεῖς
1684 581 1749 616 γὰρ,

965 628 1057 663 φησὶν,
1070 647 1077 653 .
1093 647 1100 654 .
1117 646 1124 653 .
1138 626 1376 662 κατοπτριζόμεθα
1387 630 1440 653 cet.
1455 626 1524 653 Sunt
1537 626 1653 653 excitata
1667 626 1751 653 verba

964 679 998 699 cx
1011 671 1132 706 Epistula
1151 671 1225 706 [Pag.
1241 670 1286 706 19]
1301 671 1378 698 Pauli
1396 671 1517 698 secunda
1532 670 1565 697 ad
1579 670 1703 698 Corinth.
1724 678 1749 698 c.

964 725 1002 749 Ill,
1019 717 1061 744 I8.
1082 716 1135 744 Ubi
1145 717 1280 751 interpres
1292 724 1341 751 per
1353 716 1525 743 oscitantiam
1540 717 1586 743 vix
1599 717 1752 744 condonan-

964 762 1026 790 dam
1039 761 1176 788 reddidit:
1194 761 1274 788 Vos...
1291 761 1473 796 speculantes,
1488 768 1549 788 cum
1564 765 1618 788 tam
1639 769 1672 788 ex
1689 769 1752 787 συν-

964 807 1047 843 αφείᾳ.
1057 807 1204 840 luculenta,
1216 815 1298 842 quam
1311 815 1344 834 ex
1356 807 1416 834 loco
1426 807 1508 834 allato
1518 807 1589 834 scire
1610 807 1752 834 debuisset

964 852 1110 888 legendum
1120 859 1180 879 esse
1197 853 1286 887 ἡμεῖς,
1307 860 1366 878 nos.
1463 851 1465 854 '

931 895 953 923 Β
1000 899 1103 927 Omitto
1117 899 1261 934 quaedam,
1277 902 1305 926 et
1319 899 1347 926 in
1361 907 1418 926 CAP.
1439 899 1497 926 VIII
1514 907 1521 926 :
1539 898 1610 925 οὕτω
1624 898 1690 934 φησι
1705 898 1754 925 καὶ

966 945 1074 980 ἑκάστῳ
1088 945 1142 972 τῶν
1166 944 1260 981 ἱερέων
1283 944 1331 971 καὶ
1352 944 1437 978 ἁγίων
1449 945 1463 970 ὁ
1475 943 1539 975 Θεὸς
1554 942 1633 978 ὤφθη
1661 943 1753 970 scribo

965 991 1019 1018 τῶν
1038 990 1173 1025 πατέρων
1189 990 1235 1017 καὶ
1249 991 1344 1024 ἁγίων.
1359 990 1428 1017 Nam
1439 989 1473 1016 de
1483 988 1673 1016 sacerdotibus
1684 989 1754 1016 nihil

966 1037 1019 1064 tale
1036 1037 1161 1072 legimus,
1175 1036 1257 1071 etqui
1271 1039 1424 1071 sequuntur
1435 1043 1491 1062 non
1505 1038 1569 1062 sunt
1586 1034 1752 1062 sacerdotes.

964 1083 1004 1110 Ne
1017 1083 1080 1117 quis
1105 1082 1223 1115 dubitet,
1240 1082 1307 1117 legit
1326 1081 1408 1109 etiam
1430 1081 1548 1108 Homilia
1571 1082 1624 1115 Iv§
1646 1080 1680 1108 15
1699 1080 1754 1108 τῶν

965 1128 1051 1162 ἁγίων
1071 1129 1206 1163 πατέρων.
1239 1127 1344 1155 Ibidem
1369 1130 1532 1154 recensetur
1560 1126 1656 1153 Daniel
1681 1126 1754 1153 inter

964 1174 1050 1201 Noam
1065 1178 1093 1201 et
1109 1174 1213 1206 Mosen,
1231 1181 1282 1208 pro
1295 1180 1350 1208 quo
1367 1172 1512 1208 legendum
1529 1171 1670 1206 Σαμουήλ;
1689 1179 1754 1199 nam

965 1218 1060 1246 Daniel
1068 1218 1188 1253 pertinet
1199 1217 1231 1245 ad
1243 1218 1401 1253 prophetas,
1412 1217 1446 1244 de
1458 1217 1558 1252 quibus
1565 1216 1657 1243 statim
1667 1215 1752 1244 dicit:

965 1265 1014 1291 καὶ
1029 1264 1137 1299 ἑκάστῳ
1153 1264 1207 1290 τῶν
1225 1263 1382 1298 προφητῶν.

1001 1309 1031 1337 In
1049 1309 1102 1336 ﬁne
1118 1316 1216 1336 CAPITIS
1230 1308 1267 1335 IX
1285 1308 1350 1335 item
1366 1307 1464 1335 vitium
1488 1311 1531 1334 est
1546 1315 1553 1333 τ
1579 1306 1660 1342 σχολῇ
1679 1307 1705 1340 γ’
1719 1305 1754 1332 ἃν

965 1355 990 1382 οἱ
1009 1355 1104 1390 ἐκείνῳ
1123 1354 1162 1390 τῷ
1180 1354 1279 1381 ἀπαθεῖ
1292 1353 1445 1389 βληθέντες,
1467 1352 1548 1387 ἔρωτι
1573 1361 1624 1378 τινι
1637 1352 1691 1378 τῶν
1705 1351 1752 1378 τοῦ

966 1402 1069 1438 κόσμου
1087 1401 1215 1428 καθεκτοὶ
1229 1401 1359 1435 γένοιντο.
1375 1399 1427 1427 Ubi
1442 1407 1471 1426 se
1487 1399 1557 1426 male
1581 1402 1691 1433 torquet
1711 1397 1754 1424 in-

966 1451 1073 1483 terpres
1089 1448 1148 1476 :An
1158 1455 1235 1482 segne
1250 1447 1332 1473 otium
1348 1446 1397 1472 erit
1412 1445 1538 1473 desiderio
1549 1444 1754 1480 perturbationis

966 1494 1050 1521 omnis
1064 1493 1177 1520 immuni
1187 1492 1319 1528 permissis
1334 1499 1452 1519 amorem
1466 1490 1581 1525 aliquem
1595 1489 1687 1517 mundi
1701 1497 1754 1516 non

966 1539 1120 1567 cohibendi?
1143 1538 1216 1574 Lego
1238 1547 1244 1565 :
1268 1538 1323 1572 ὅσῳ
1339 1537 1438 1573 μᾶλλον
1458 1536 1481 1562 οἱ
1504 1535 1600 1571 ἐκείνῳ
1616 1535 1656 1571 τῷ
1678 1535 1754 1570 πόθῳ

966 1585 1111 1621 βληθέντες
1129 1585 1209 1621 ἔρωτι
1223 1593 1264 1616 τε,
1284 1583 1340 1611 τῶν
1360 1583 1407 1610 τοῦ
1430 1586 1483 1610 cet.
1510 1582 1550 1609 Ita
1575 1582 1671 1609 suadet
1688 1589 1755 1609 con-

965 1638 1057 1659 ΠΕΧΙΟ.

996 1676 1093 1705 Statim
1105 1676 1140 1703 ab
1150 1675 1228 1703 initio
1242 1683 1299 1702 cur.
1314 1674 1374 1701 XIII
1387 1678 1429 1701 est
1442 1673 1540 1700 vitium
1561 1672 1676 1700 duarum
1690 1672 1754 1700 lite-

965 1731 1077 1751 rarum:
1095 1722 1163 1748 εἰτὸ
1175 1721 1302 1748 σύνθετον
1323 1721 1411 1747 ἐκεῖνο
1432 1719 1521 1746 ἔλαιον
1542 1719 1678 1755 τοσαύτην
1697 1719 1755 1756 ἔχει

963 1770 1013 1806 τὴν
1023 1769 1147 1804 δύναμιν.
1158 1768 1195 1799 ὡς
1205 1768 1267 1799 τοὺς
1281 1767 1472 1803 χρησαμένους
1489 1765 1575 1800 αὐτῷ.
1593 1766 1664 1801 Lege
1678 1773 1755 1801 χριο-

965 1815 1062 1850 μένους
1073 1821 1108 1841 ex
1117 1813 1234 1840 Homilia
1244 1820 1308 1844 xvu,
1321 1812 1369 1839 ubi
1397 1811 1465 1839 haec
1483 1811 1577 1838 omnia
1592 1815 1753 1838 occurrunt.

965 1859 996 1887 ln
1016 1859 1113 1886 eodem
1135 1859 1225 1893 capite
1245 1857 1368 1885 occurrit
1381 1865 1434 1885 vox
1450 1857 1539 1884 rarior
1557 1857 1655 1892 τρανός
1669 1867 1675 1884 ;
1689 1865 1756 1893 τρα-

965 1906 1021 1938 νοῖς
1034 1906 1080 1932 καὶ
1091 1903 1306 1935 ἀνεπικωλύτοις
1316 1903 1476 1939 ὀφθαλμοῖς.
1492 1904 1545 1931 Pro
1555 1911 1608 1938 qua
1620 1903 1647 1930 in
1661 1903 1755 1930 Homi-

966 1952 1002 1979 lia
1019 1956 1062 1979 est
1082 1952 1154 1979 bona
1168 1952 1258 1987 glessa
1273 1951 1415 1986 καθαροῖς,
1427 1958 1498 1986 quae
1520 1951 1683 1986 signiﬁcatio
1704 1959 1756 1979 nec

966 1996 1039 2032 apud
1061 2000 1170 2024 veteres
1190 2000 1233 2024 est
1249 1995 1479 2031 Lexicographos.
1507 1995 1658 2032 Hesychius
1680 1996 1755 2023 enim

965 2041 1084 2075 τρανός,
1111 2041 1210 2076 σαφής,
1229 2041 1342 2076 ἀληθής.
1360 2041 1455 2077 Cyrilli
1472 2040 1666 2069 Onomasticon
1686 2050 1755 2076 τρα-

965 2087 1036 2120 νῶς,
1051 2094 1190 2122 expresse.
1202 2087 1276 2114 Haec
1292 2086 1360 2114 adeo
1374 2094 1429 2114 vox
1444 2086 1585 2122 eleganter
1598 2085 1757 2114 declaratur

965 2140 1015 2168 per
1032 2132 1151 2168 καθαρός
1165 2136 1193 2160 et
1204 2130 1414 2163 ἀνεπικώλυτος.

1001 2189 1161 2218 Ορυεευιυι
1173 2189 1218 2222 Vl,
1233 2189 1272 2216 De
1291 2188 1437 2216 Choritate.

123 2233 220 2268 ἔτερος
233 2233 342 2268 ὁμιλίας
355 2235 385 2266 ἐς
398 2235 474 2262 οὐδὲν
484 2236 551 2262 δέον.
564 2236 639 2270 Quae
659 2236 795 2272 interpres
811 2238 848 2266 ita
867 2246 914 2265 ex-

1001 2233 1123 2262 Primum
1137 2242 1219 2261 CAPUT
1233 2233 1355 2261 ostendit
1367 2233 1504 2265 lacunam,
1517 2233 1592 2261 unde
1606 2238 1635 2261 et
1651 2233 1757 2261 Pritius

123 2279 211 2313 plevit
227 2287 234 2305 :
254 2288 318 2306 nam
334 2280 483 2316 impendere
498 2290 526 2309 se
539 2283 626 2317 ipsum
642 2283 733 2310 amicis
753 2284 915 2311 vindicandis

124 2323 185 2351 laus
203 2325 255 2359 ipsi
267 2325 385 2358 videtur;
401 2326 448 2353 alii
461 2327 597 2362 jucundae
611 2332 672 2355 sunt
691 2328 915 2364 confabulationes

123 2370 229 2405 facetae
251 2370 283 2397 de
302 2373 378 2407 nugis
415 2373 579 2401 scurrilibus.
603 2374 690 2408 Quem
715 2382 825 2402 sensum
849 2374 916 2402 haec

122 2425 222 2453 graeca
246 2419 302 2454 pati
320 2428 375 2447 non
390 2426 516 2456 possunt.
541 2422 688 2450 Tentarem
710 2422 857 2450 restituere
878 2423 916 2449 :6

122 2464 218 2499 ἕτερος
237 2464 344 2492 ἔκδοτον
365 2466 461 2492 ἑαυτὸν
484 2467 632 2502 παρασχὼν
650 2467 704 2494 τῶν
729 2467 813 2502 φίλων
830 2466 915 2502 αὐτῷ,

123 2511 252 2543 φαίνεται
269 2511 365 2547 ἐτέρας
379 2513 486 2547 ὁμιλίας
494 2514 523 2545 ὲς
534 2513 610 2540 οὐδὲν
625 2514 761 2549 δεόμενος,
777 2517 809 2541 ut
821 2518 917 2541 auctor

124 2556 224 2592 ἑτέραν
239 2557 350 2592 ὁμιλίαν
367 2558 502 2594 intelligat
519 2559 748 2587 consuetudinem
767 2567 830 2586 cum
848 2559 914 2592 Deo,

123 2601 204 2636 cujus
219 2601 274 2644 ista
295 2609 357 2629 cum
372 2603 433 2630 aliis
449 2603 582 2639 improbis
600 2604 720 2631 amicitia
737 2603 917 2638 impedimen-

125 2651 183 2674 tum
193 2647 240 2674 sit.

158 2693 217 2720 Nec
232 2693 335 2721 desunt
347 2695 414 2722 nodi
427 2696 579 2731 scripturae
591 2697 619 2724 in
635 2696 785 2724 ωΡ.ΧΧἯ
803 2705 809 2723 :
823 2696 861 2727 ὠς
869 2695 916 2722 τοῦ

125 2737 296 2772 ἱμπρησμοῦ
311 2739 421 2773 ᾔσθετο,
434 2741 536 2776 γυμνὸς
547 2741 713 2776 ἐκπέφευγε,
725 2741 832 2768 πάντων
847 2741 916 2776 άμε-

126 2779 225 2815 λήσας,
247 2781 295 2807 καὶ
309 2782 362 2817 τῆς
375 2784 471 2810 ἑαυτοῦ
492 2785 576 2820 μόνης
591 2785 680 2820 ψυχῆς
699 2785 916 2821 γενόμενος.1]1)ἱ

126 2826 276 2861 γενόμενος
291 2828 352 2856 sine
369 2837 449 2858 sensu
464 2835 515 2858 est.
530 2831 588 2859 Nisi
602 2831 705 2866 aliquid
717 2831 861 2863 exciderit,
877 2831 917 2859 le-

128 2879 222 2907 ιεηω
237 2873 403 2910 ἡγουμένης,
417 2876 451 2904 da
465 2877 519 2904 ihm
532 2878 587 2905 sein
596 2877 680 2905 Leben
694 2878 757 2906 iiber
767 2877 833 2905 alles
845 2878 915 2913 ging.

965 2283 1014 2308 aut
1026 2280 1162 2316 interpres
1176 2281 1205 2307 in
1221 2280 1344 2315 margine
1359 2284 1436 2307 notat
1455 2289 1464 2305 ‹
1480 2284 1628 2315 corruptus
1644 2279 1756 2306 videtur

965 2326 1050 2354 locus.
1065 2336 1074 2352 ι
1092 2326 1180 2354 Habet
1196 2327 1233 2353 ita
1245 2335 1252 2353 :
1263 2326 1321 2353 ἀλλ’
1336 2326 1365 2351 ὲν
1378 2327 1411 2361 τῇ
1428 2325 1475 2352 τοῦ
1487 2325 1604 2360 σταυροῦ
1621 2324 1751 2359 δυνάμει·

965 2372 1070 2404 τούτοις
1087 2373 1129 2399 ὲνε
1135 2372 1281 2408 ργούμενος
1296 2373 1325 2398 ὲν
1340 2371 1480 2407 ὑποστάσῃ
1493 2372 1547 2403 τοῖς
1561 2370 1750 2404 καταξιωθεῖσι

965 2418 1068 2454 ταύτην
1099 2418 1261 2453 κτήσασθαι.
1285 2417 1406 2446 Videbar
1441 2418 1509 2445 mihi
1540 2418 1633 2452 itaque
1674 2417 1755 2445 resti-

967 2468 1054 2492 tuere.
1065 2483 1073 2491 .
1084 2483 1091 2491 .
1101 2483 1109 2491 .
1119 2463 1232 2499 δυνάμει
1240 2472 1248 2479 ·
1268 2463 1355 2495 οὕτως
1365 2463 1561 2499 ὲνεργούμενὸς
1571 2463 1645 2489 ἐστιν
1664 2464 1678 2489 ὁ
1690 2463 1754 2498 περὶ

967 2508 1084 2545 σταυροῦ
1110 2508 1189 2543 λόγος
1216 2509 1272 2540 τοῖς
1295 2507 1488 2540 καταξιωθεῖσι
1509 2507 1612 2542 ταύτην
1633 2506 1753 2544 [σοφίαν]

967 2554 1130 2591 κτήσασθαι,
1152 2555 1197 2582 vel
1213 2555 1241 2582 ἐν
1258 2555 1314 2586 τοῖς
1336 2553 1539 2586 καταξιωθεῖσι,
1563 2553 1605 2580 vel
1627 2552 1752 2589 δύναμιν.

966 2600 1114 2635 Corruptio
1124 2607 1158 2627 ex
1170 2598 1338 2633 compendiis
1349 2597 1489 2625 scribendi
1499 2597 1584 2624 venit.

1005 2646 1069 2674 CAP.
1083 2646 1117 2674 ΙΙΙ
1134 2645 1168 2673 al)
1183 2645 1279 2671 initio:
1294 2643 1369 2670 οὔπω
1384 2642 1513 2678 διακορὴς
1526 2643 1640 2677 γίνεται,
1654 2642 1753 2677 μᾶλλον

966 2692 1017 2728 τῆς
1031 2691 1186 2726 ἐπιθυμίας.
1205 2690 1321 2718 Videtur
1333 2688 1467 2717 excidisse
1479 2689 1581 2724 γίνεται
1595 2688 1623 2715 δὲ
1642 2688 1751 2724 μᾶλλον,

968 2744 999 2766 ut
1008 2739 1114 2773 γίνεται
1128 2737 1171 2765 bis
1182 2740 1318 2765 occurrat.

1002 2783 1065 2811 CAP.
1079 2784 1101 2812 ν
1112 2782 1232 2811 occurrit
1242 2790 1295 2809 vox
1304 2781 1395 2817 μυχοί,
1410 2781 1438 2808 in
1448 2789 1502 2816 qua
1514 2781 1664 2817 Hesychius
1673 2781 1754 2810 vltio«

969 2838 1016 2858 sus
1033 2834 1084 2862 est,
1097 2829 1199 2864 μυχοὶ,
1211 2829 1238 2856 αῖ
1252 2827 1422 2858 καταδύσεις,
1443 2828 1467 2853 οἱ
1482 2827 1615 2854 ὲνδότατοι
1628 2829 1674 2855 καί
1687 2828 1754 2855 ἀπό-

969 2885 1069 2912 κρυφοι
1089 2876 1178 2911 τόποι,
1198 2875 1317 2910 λιμένες,
1338 2873 1501 2909 κοιλότητες,
1527 2873 1628 2909 ἔσχατα
1647 2874 1693 2902 καὶ
1719 2874 1753 2901 τὰ
