2061 3150
293 128 347 157 9.85
936 131 984 160 10.
1006 130 1072 160 PICl
1087 131 1283 160 PRAEFATIO
1868 131 1922 160 234

295 186 445 221 ποιήματα,
463 187 479 222 ῆ
496 186 530 214 τὰ
546 187 669 223 ἐσώτερα
687 187 768 224 μέρη.
783 187 824 216 Τὰ
852 189 995 225 ποιήματα
1007 189 1083 218 varie
1098 193 1109 221 Δ

1101 193 1121 222 Α
1169 189 1234 225 Cap.
1251 190 1275 218 Χ
1293 199 1300 218 :
1318 189 1439 225 Ἐδείχθη
1454 189 1546 217 ἐκεῖνα
1553 189 1586 226 δὴ
1595 189 1629 216 τὰ
1640 187 1780 223 Θαυμάσια
1804 193 1859 216 eet.
1871 189 1915 216 Vi-

292 235 401 259 tentant
422 237 502 259 notae
529 232 674 260 doctorum
700 234 824 261 virorum
847 234 881 262 ad
903 234 1080 271 Hesychium.

1135 236 1217 264 detur
1228 237 1378 265 excidisse:
1391 237 1438 263 καὶ
1450 235 1515 271 γὰρ,
1530 235 1548 263 ἃ.
1560 235 1678 270 ἐδείχθη,
1693 239 1748 263 cet.
1760 234 1847 263 Aliter
1864 235 1922 263 lan-

292 277 359 306 Mihi
370 286 467 306 verum
480 278 590 307 videtur
601 280 796 308 ταπεινότατα.

1136 287 1221 317 guent
1233 289 1340 317 graeca.
1358 282 1413 309 Kal
1424 280 1518 308 ταῦτα
1531 280 1570 314 δὴ
1578 280 1638 317 μὲν
1650 280 1752 308 ταῦτα.

299 388 395 403 π

398 388 1907 405 W

452 485 913 545 HOMILIARUM
958 486 1018 544 S.
1072 487 1374 545 MACARII
1416 485 1766 544 AEGYPTII

841 622 1059 698 EDITIQ
1105 623 1401 669 PRINCEPS

288 727 464 765 CnL'rl'ronus
479 737 486 755 :
505 730 576 756 ΤΟΥ
591 730 863 765 ΟΣῘΟΥΠΑΤΡΟΣ
883 729 1102 765 ΜᾼΚΑΡιρΥς

1108 729 1175 765 r01:
1185 730 1395 765 ΑῙΓΥΠΤΙΟΥ
1410 729 1560 765 ρΜᾸΔΙᾼΙ
1573 732 1609 765 rj'.
1624 727 1657 755 Β.
1677 728 1788 765 Macarii
1804 729 1922 765 Aegyptii

324 762 456 801 Homiliae
472 765 674 801 quinquaginta.
693 764 907 801 ExrBibliotheca
920 763 1012 801 Regia.
1024 761 1135 792 Parisiis
1146 763 1183 791 Μ.
1200 762 1235 792 D.
1252 764 1321 793 LIX.
1334 764 1411 801 Apud
1420 762 1491 793 Guil.
1505 763 1654 797 Morelium,
1677 765 1705 791 in
1723 764 1828 792 Graecis
1840 761 1922 800 typo-

323 800 454 834 graphum
474 799 595 834 Regium.
613 799 655 826 Ex
677 800 812 835 priuilegio
826 799 914 835 Regis.
929 800 983 827 12³.

323 845 504 873 Praefationis
523 847 583 873 loco
594 846 694 874 Suidae
710 846 899 874 testimonium
912 852 979 881 prae
992 853 1022 874 se
1033 846 1087 873 fert
1103 846 1189 874 hocce
1203 853 1210 873 :

941 892 945 926 |
977 893 1028 919 ΕΚ
1046 891 1116 919 ΤΩΝ
1134 892 1283 920 ΣοΥιΔΑ.

321 937 512 965 ΜΔΚΑΡῙΟΣ.
525 937 578 964 Δύο
599 937 723 972 ἐγένοντο
747 937 876 973 μακάριοι
899 936 1041 973 ὁμώνυμοι
1059 937 1108 965 καὶ
1132 937 1291 973 περιϐόητοι
1309 936 1343 964 δι’
1359 937 1488 973 ἄσκησιν,
1503 937 1546 965 διὰ
1572 937 1639 973 βίον,
1650 938 1695 965 διὰ
1706 938 1818 974 τρόπον,
1832 937 1876 965 διὰ
1887 938 1922 965 τὰ

288 986 448 1022 μαθήματα.
466 987 484 1021 ό,
504 987 552 1022 μὲν
573 985 718 1020 αἰγύπτιος
745 985 954 1022 θαυματουργὺς
967 982 1012 1020 ἦν,
1025 985 1072 1012 καὶ
1086 986 1156 1021 μετὰ
1169 985 1217 1013 τοῦ
1234 985 1367 1018 εὐλαϐοὖς
1380 985 1448 1022 πρὸς
1461 987 1526 1019 τοὺς
1540 986 1758 1021 ἐντυγχάνοντας
1774 985 1921 1022 αὑστηρός¹

285 1033 301 1059 ό
317 1033 346 1059 δὲ
368 1031 547 1068 ἀλεξανδρεὺς
572 1032 643 1059 κατὰ
660 1031 750 1058 πάντα
769 1029 807 1058 ὢν
824 1031 1016 1067 παραπλήσιος
1034 1028 1074 1066 τῷ
1097 1030 1236 1066 αἱγυπτίῳ
1257 1030 1306 1057 καὶ
1323 1031 1432 1066 ἱλαρός·
1448 1030 1536 1063 οὕτως
1559 1031 1651 1067 ἱλαρὸς
1669 1028 1703 1066 ἦν
1717 1033 1774 1063 τοῖς
1791 1031 1922 1066 ἐντυγχά-

286 1087 373 1112 νουσι,
392 1078 440 1106 καὶ
455 1077 494 1114 τῷ
517 1077 736 1114 χαριεντίζεσθαι
750 1079 815 1110 τοὺς
839 1077 917 1110 νέους
938 1073 990 1114 ἦγε
1012 1076 1080 1114 πρὸς
1105 1077 1233 1113 ἄσκησιν.
1253 1077 1355 1105 τούτων
1365 1077 1502 1114 Εὑάγριος
1515 1077 1662 1114 γενόμενος
1679 1077 1804 1114 μαθητὴς
1824 1078 1873 1114 τὴν
1887 1071 1920 1104 δι’

286 1124 375 1162 ἔργων
392 1125 552 1160 φιλοσοφίαν
571 1126 718 1160 ἐκτήσατο,
733 1125 866 1160 πρότερον
880 1122 953 1160 λόγῳ
970 1125 1043 1160 μόνῳ
1058 1125 1204 1160 φιλόσοφος
1222 1124 1276 1152 ὤν’
1289 1124 1320 1157 ὃς
1342 1126 1371 1152 ὲν
1386 1123 1594 1152 Κωνσταντίνου
1609 1124 1685 1151 πόλει
1707 1124 1760 1151 ὑπὸ
1771 1124 1921 1160 Γρηγορίου

285 1171 333 1198 τοῦ
347 1171 471 1206 θεολόγοι.»
485 1173 526 1204 εἰς
542 1172 592 1207 τὴν
606 1171 654 1198 τοῦ
667 1171 792 1199 διακόνου
808 1171 1000 1207 προεχειρίσθη
1018 1170 1105 1203 τάξιν.
1129 1171 1199 1198 ἀλλὰ
1220 1172 1267 1198 καὶ
1287 1172 1318 1203 ἐς
1330 1171 1379 1207 τὴν
1390 1170 1530 1206 Αἴγυπτον
1545 1171 1694 1203 κατελθὼν,
1710 1171 1758 1198 καὶ
1778 1172 1836 1203 τοῖς
1848 1179 1918 1207 προ-

285 1218 422 1254 λεχθεῖσιν
443 1217 563 1254 ἐντυχὼν
586 1218 710 1253 ἀνδράσι,
726 1217 773 1244 τὸν
787 1216 899 1244 ἐκείνων
921 1216 979 1252 βίον
990 1217 1122 1253 ἐζήλωσε.
1145 1216 1233 1251 τούτῳ
1251 1217 1342 1253 βιϐλία
1356 1217 1427 1252 ἄγαν
1442 1217 1576 1244 σπουδαῖα
1593 1217 1818 1254 συγχέγραπται-
1835 1214 1873 1244 ὧν
1890 1217 1922 1244 τὸ

289 1265 339 1300 μὲν
357 1263 503 1300 μοναχῆςῆ
520 1263 586 1299 περὶ
601 1263 757 1299 πρακτικῆς
773 1262 992 1297 ἐπιγέγραπται·
1011 1262 1042 1289 τὸ
1053 1262 1081 1289 δὲ
1090 1262 1267 1298 γνωστικὸςῆ
1282 1262 1347 1298 περὶ
1361 1262 1415 1289 τῶν
1430 1262 1662 1295 καταξιωθέντων
1675 1262 1820 1297 γνὼσεως⁶
1835 1261 1922 1298 κεφά-

285 1310 350 1338 λαια
368 1311 396 1337 δὲ
412 1310 495 1337 αὐτοῦ
523 1319 574 1336 πεν
600 1310 604 1344 |
633 1311 766 1346 τήκοντα·
785 1308 817 1336 τὸ
830 1309 857 1336 δὲ
880 1308 1073 1345 ἀντιρρητικδν
1100 1310 1170 1346 πρὸς
1194 1311 1257 1342 τοὺς
1280 1308 1462 1345 πειράζοντας
1477 1309 1618 1345 δαίμονας,
1632 1311 1662 1337 ἐν
1672 1309 1744 1337 ὀκτὼ
1755 1310 1924 1346 διῃρημένον

287 1355 394 1390 μέρεσι,
407 1355 479 1382 κατὰ
488 1355 534 1382 τὸν
550 1355 667 1391 ἀριθμὸν
680 1355 735 1382 τῶν
753 1354 826 1382 ὀκτὼ
837 1354 989 1390 λογισμῶν·
1004 1355 1051 1382 καὶ
1062 1354 1191 1387 ἑξακόσια
1207 1355 1399 1391 προγνωστικὰ
1413 1355 1610 1391 προδλήματω
1636 1355 1684 1383 καὶ
1701 1356 1817 1392 στιχηρὰ
1835 1355 1871 1391 β’·
1886 1357 1916 1383 ἓν

287 1400 356 1437 πρὸς
371 1402 434 1433 τοὺς
460 1401 489 1428 ὲν
515 1401 658 1434 κοινοῦιοις
679 1401 696 1437 ἦ
725 1401 857 1433 συνοδίαις
881 1401 1031 1437 μοναχούς*
1046 1401 1094 1428 καὶ
1108 1401 1138 1428 ἓν
1155 1400 1223 1437 πρὸς
1238 1402 1289 1437 τὴν
1302 1401 1463 1437 παρθενίαν.
1491 1401 1539 1429 καί
1559 1409 1626 1438 φησι
1643 1402 1713 1430 κατὰ
1735 1402 1807 1434 λέξιν
1818 1402 1921 1434 οὕτως·

286 1446 433 1481 ἀναγκαῖον
447 1447 496 1479 τὰς
511 1447 588 1480 όδοὺς
598 1448 652 1476 τῶν
674 1448 898 1484 προοδευσάντων
926 1448 1051 1484 μοναχῶν
1080 1448 1168 1484 ὀρθῶς
1184 1449 1327 1485 διερωτᾷν,
1346 1449 1393 1475 καὶ
1416 1449 1483 1485 πρὸς
1510 1448 1594 1481 αὐτὰς
1610 1448 1824 1485 κατορθοῦσθαι·
1837 1449 1924 1476 πολλὰ

285 1494 341 1530 γάρ
355 1496 429 1521 ἐστιν
444 1495 490 1522 ὑπ’
507 1495 596 1522 αὐτῶν
610 1496 644 1523 τὰ
665 1496 784 1532 ρηθέντα
803 1497 852 1524 καὶ
871 1496 1029 1532 πραχθέντα
1055 1496 1147 1528 καλῶς
1158 1504 1165 1512 ο
1182 1495 1212 1522 ὲν
1238 1490 1280 1527 οἷς
1305 1495 1354 1522 καὶ
1378 1496 1458 1523 τοῦτό
1470 1505 1513 1529 τις
1527 1496 1626 1531 ἔφησε,
1641 1496 1691 1531 τὴν
1713 1495 1863 1532 ξηροτέραν
1875 1494 1923 1523 καὶ

285 1539 429 1575 ἀνώμαλον
442 1540 556 1574 δίαιταν,
571 1540 667 1577 ἀγάπῃ
682 1541 888 1577 συζευχθεῖσαν,
905 1542 1002 1569 θᾶττον
1019 1540 1123 1576 διάγειν
1135 1541 1181 1568 τὸν
1199 1540 1315 1578 μοναχὸν
1329 1542 1372 1573 εἰς
1387 1540 1533 1570 ἀπάθειαν.

322 1585 494 1623 [Sequuntur
502 1585 637 1615 Homiliae
651 1595 749 1623 graece
760 1596 838 1624 pagg.
849 1586 946 1616 1-567.
957 1586 988 1616 In
1005 1589 1059 1616 ﬁne
1075 1588 1141 1616 libri
1149 1589 1250 1625 legitur
1265 1598 1271 1615 :
1287 1585 1439 1616 Excudeb’at
1453 1588 1525 1617 Guil.
1543 1588 1667 1617 Morelius
1688 1589 1716 1617 in
1731 1589 1831 1625 graecis
1844 1593 1920 1625 typo-

286 1631 402 1667 graphus
417 1631 513 1668 Regius
526 1631 563 1659 Μ.
583 1632 617 1660 ι),
634 1632 716 1669 LIX]

290 1728 1905 1744 Ἥ

704 1811 961 1858 JOANNIS
1001 1813 1121 1859 PICI
1167 1810 1509 1862 PBAEFATIO

610 1918 653 1940 AD
673 1917 856 1941 VERSIONEM
875 1917 1013 1941 LATINAM
1033 1918 1235 1941 EOMILIARUM
1255 1919 1284 1942 S.
1306 1919 1436 1942 MACARII
1455 1920 1602 1943 AEGYPTII

948 1991 1027 2022 Quam
1039 1990 1118 2016 edidit
1128 1991 1177 2017 hoc
1187 1992 1261 2017 titulo
1274 1999 1281 2016 :

285 2068 316 2096 S.
329 2067 417 2095 Patris
430 2066 542 2095 Macarii
552 2067 673 2103 Aegyptii
687 2066 819 2094 Homiliae
833 2067 895 2101 quin
916 2074 951 2092 ua
969 2065 1037 2097 inta,
1046 2065 1190 2100 interprete
1199 2064 1304 2093 Joanne
1314 2065 1388 2099 Pico,
1403 2067 1432 2094 in
1445 2066 1546 2095 Senatu
1558 2066 1681 2095 Parieusi
1692 2067 1816 2096 classium
1831 2068 1923 2104 inqui~

320 2104 474 2128 sitoriarum
485 2103 616 2128 praeside.
628 2102 740 2128 Parisiis
751 2101 788 2128 Μ.
799 2101 833 2128 D.
851 2075 920 2128 ιιλίί.
943 2074 1020 2128 Xoud
1042 2099 1114 2128 Guil.
1128 2100 1268 2128 Moralium
1281 2102 1309 2128 in
1322 2101 1428 2128 Graecis
1441 2105 1633 2128 timonraohum
1656 2103 1775 2128 Reaium.
1801 2104 1840 2128 Ea:
1861 2105 1922 2128 nri—

320 2104 474 2166 sitloriariém
485 2099 619 2164 prasidi
626 2099 740 2130 Parisiis
751 2101 788 2129 Μ.
799 2099 920 2129 1).ἰιΧ.
943 2099 1020 2136 Apud
1042 2099 1114 2128 Guil.
1128 2100 1268 2128 Moralium
1281 2102 1309 2129 in
1322 2101 1428 2130 Graecis
1441 2105 1633 2139 typographum
1655 2103 1775 2139 Regium.
1798 2104 1840 2131 Es;
1861 2099 1922 2140 pri—

320 2147 344 2166 m
358 2146 415 2174 egxo
453 2146 516 2173 agis.
567 2142 588 2164 °.

321 2257 438 2285 Joannes
447 2256 536 2289 Picus,
547 2256 575 2283 in
591 2259 687 2283 senatu
704 2254 851 2282 Parisiensi
873 2255 1008 2284 Classiam
1029 2257 1263 2292 inquisitoriarum
1278 2256 1401 2289 Praeses,
1414 2257 1463 2292 piis
1476 2257 1597 2285 omnibus
1610 2257 1709 2286 Christi
1731 2263 1757 2285 et
1784 2259 1923 2287 Ecclesiae

285 2309 395 2333 sanctae
408 2305 549 2332 cultoribus
562 2303 693 2332 Salutem.

321 2353 407 2386 Quam
420 2352 534 2387 antiqua
553 2352 590 2379 sit.
609 2355 638 2378 et
658 2350 772 2378 illustris
794 2351 1024 2379 anachoretarum
1044 2359 1077 2379 ac
1094 2352 1293 2380 monachorum
1317 2352 1404 2388 origo,
1425 2352 1547 2380 declarat
1567 2344 1694 2387 inprimis
1716 2352 1789 2380 beati
1807 2352 1924 2380 Joannis

287 2401 425 2437 Baptistae
437 2402 559 2429 solitaria
575 2400 759 2432 conversatio,
773 2407 854 2434 quam
870 2399 1081 2435 Evangeliorum
1098 2400 1171 2428 libro
1198 2401 1364 2436 descriptam
1380 2402 1531 2435 habemus;
1555 2399 1696 2428 declarant
1722 2398 1843 2426 secundo
1858 2398 1923 2425 loco

287 2446 465 2479 monimenta,
484 2454 554 2481 quae
584 2445 665 2473 nobis
691 2445 864 2480 reliquerunt
881 2446 1077 2480 Apostolorum
1103 2446 1231 2482 discipuli
1249 2451 1278 2474 et
1304 2454 1401 2474 eorum
1420 2448 1515 2474 coaevi
1531 2445 1699 2482 philosophi,
1717 2445 1795 2479 cujus
1809 2443 1923 2479 generis

288 2490 393 2518 exstitit
409 2490 488 2518 Philo
503 2491 683 2526 philosophus
697 2495 726 2518 et
737 2495 830 2518 orator
846 2491 1025 2524 clarissimus,
1058 2491 1105 2526 qui
1119 2496 1277 2519 sanctorum
1293 2492 1366 2520 Petri
1387 2492 1526 2528 Marcique
1541 2491 1727 2527 apostolorum
1747 2490 1922 2525 temporibus

288 2537 401 2570 floruit;
418 2537 559 2565 declarant
577 2541 717 2572 postremo
736 2540 864 2563 auctores
877 2536 1014 2563 Historiae
1034 2536 1250 2568 ecclesiasticae,
1260 2544 1409 2572 rerumque
1423 2537 1579 2564 divinarum
1600 2535 1726 2563 doctores
1739 2539 1767 2562 et
1779 2534 1919 2568 interpres

290 2587 332 2611 tes
351 2590 442 2617 :quos
454 2582 630 2610 introducere
644 2582 789 2617 loquentes
804 2582 886 2614 malo,
904 2589 987 2616 quam
999 2589 1154 2609 sermonem
1181 2590 1274 2609 meum
1304 2583 1359 2610 illis
1393 2582 1538 2618 afﬁngere,
1562 2582 1693 2617 quoniam
1730 2580 1758 2608 in
1785 2587 1818 2607 ea
1846 2582 1919 2606 tem-

288 2635 356 2663 pora
375 2627 532 2659 incidimus,
545 2627 646 2662 quibus
656 2635 748 2660 omne,
761 2627 937 2662 quantumvis
948 2634 1054 2659 verum,
1066 2632 1250 2662 oppugnatur,
1265 2635 1317 2655 nec
1327 2627 1450 2655 creditur
1460 2635 1475 2654 a
1485 2628 1622 2664 plerisque
1646 2629 1699 2656 nisi
1711 2627 1784 2663 quod
1797 2626 1875 2653 lubet
1889 2630 1920 2653 et

289 2673 401 2700 arridet.
411 2673 608 2708 Depromamus
617 2680 683 2708 ergo
690 2672 811 2708 primum
822 2672 955 2707 quaedam
966 2671 1077 2699 exlibro
1097 2672 1170 2700 beati
1180 2672 1303 2709 Dionysii
1318 2672 1512 2708 Apostolorum
1530 2673 1657 2708 discipuli
1681 2673 1715 2700 de
1725 2670 1921 2700 Ecclesiastica

288 2718 442 2746 hierarchia
450 2727 460 2746 t
469 2718 518 2755 (a):
532 2728 542 2745 ‹
552 2719 584 2745 Ἡ
593 2719 622 2745 δὲ
631 2719 686 2746 τῶν
691 2719 769 2746 τελου
774 2719 860 2754 μένων
870 2718 982 2746 ἁπασῶν
992 2718 1146 2755 ὑψηλοτέρα
1155 2720 1263 2755 τάξις,ή
1275 2719 1329 2746 τῶν
1341 2719 1465 2754 μοναχῶν
1475 2720 1549 2746 ἐστιν
1560 2720 1620 2755 ἱερὰ
1627 2719 1816 2754 διακόσμησις,
1824 2716 1920 2743 πᾶσαν

290 2765 340 2799 μὶν
349 2765 596 2801 ἀποκεκαθαομένη
606 2765 749 2802 κάθαρσιν,
760 2766 838 2802 ὁλικῇ
847 2767 972 2802 δυνάμει,
978 2767 1025 2794 καὶ
1035 2766 1161 2794 παντελεῖ
1169 2767 1223 2794 τῶν
1232 2767 1340 2795 οἰκείων
1350 2766 1494 2803 ἐνεργειῶν
1504 2766 1643 2801 ἁγνότητι,
1651 2767 1740 2801 πάσης
1748 2764 1860 2804 obiici};
1869 2762 1919 2792 0e-

1042 2820 1167 2849 NOTAE.

327 2855 366 2892 (a)
381 2856 447 2891 Cap.
463 2857 480 2884 6
494 2857 527 2884 de
541 2857 687 2885 ordinibus
698 2856 746 2892 qui
763 2855 916 2886 initiantur.
