2048 3153
271 163 325 193 287
921 162 970 192 10.
990 162 1056 192 PlCl
1073 163 1268 192 PRAEFATIO
1846 164 1901 193 238

269 226 352 259 caput
377 221 461 250 habet
489 220 661 256 suppositum
688 220 892 253 divinislibris,
908 221 957 248 sed
981 225 1088 248 tantum
1110 225 1222 255 praesto
1247 225 1289 248 est
1301 220 1438 248 sacerdoti
1450 220 1498 256 qui
1515 219 1656 256 mysticam
1673 221 1858 257 precationem
1871 222 1899 250 ’h

269 269 329 304 ipso
340 269 446 296 recitat.
458 268 592 295 Sacerdos
604 275 671 295 vero
684 275 715 295 ea
728 267 860 303 perfecta,
870 275 933 294 cum
948 267 983 294 ad
996 275 1060 294 eum
1073 267 1120 302 qui
1141 267 1267 294 initiatur
1279 267 1365 300 venit,
1377 267 1454 294 illum
1466 271 1544 302 rogat
1554 268 1684 302 primum,
1703 275 1770 295 num
1778 268 1900 297 remittat

268 317 395 344 nuntium
410 324 464 343 non
481 316 570 344 solum
586 315 706 343 dividuis
717 315 911 350 distinctisque
923 316 998 348 vitis,
1013 310 1116 343 verum
1132 315 1216 342 etiam
1229 315 1398 348 visionibus;
1413 315 1514 343 deinde
1537 315 1764 351 perfectissimam
1776 316 1802 343 ei
1814 315 1899 345 vitam

268 362 391 396 exponit,
406 361 459 388 hoc
471 368 521 396 pro
534 360 691 388 testimonio
705 360 811 393 dicens,
836 368 900 387 eum
913 361 1032 388 mediam
1045 361 1129 388 vitam
1152 368 1283 395 superare
1296 368 1328 387 ac
1341 361 1481 388 transilire
1493 366 1631 395 oportere.
1655 361 1730 394 Quae
1744 361 1792 388 ubi
1807 362 1900 390 omnia

268 407 293 434 is
305 408 351 442 qui
365 408 488 435 initiatur
509 408 682 435 continenter
705 408 845 443 professus
855 413 898 435 est
909 415 939 435 se
951 416 1011 435 esse
1024 408 1171 440 facturum,
1185 408 1313 436 sacerdos
1325 409 1402 443 signo
1416 408 1506 436 crucis
1519 417 1581 436 eum
1593 409 1780 444 consignatum
1793 409 1897 443 tondet,

267 454 407 488 appellans
420 458 475 481 tres
486 462 618 488 personas
632 454 740 481 divinae
754 454 951 487 beatitudinis;
966 454 1097 488 omnique
1109 458 1186 482 veste
1198 454 1320 481 detracta
1333 462 1396 481 eum
1410 455 1463 482 alia
1476 454 1578 487 induit,
1599 460 1628 483 et
1639 463 1701 483 eum
1713 455 1775 483 aliis
1796 456 1900 484 sanctis

267 501 335 528 viris
345 501 392 536 qui
405 501 514 534 adsunt,
530 509 592 529 cum
605 510 668 529 enm
681 502 820 534 salutavit,
835 502 997 537 participem
1008 502 1074 529 facit
1087 501 1245 530 divinorum
1264 502 1469 537 mysteriorum.

984 570 1189 607 Contemplatio.

305 639 314 655 ε
330 629 407 663 Quod
420 635 549 658 neutrum
563 639 633 666 genu
648 630 744 663 ﬂectit,
756 639 846 665 neque
860 631 943 658 habet
956 636 1036 666 caput
1049 631 1150 658 divinis
1166 631 1243 658 libris
1257 631 1422 663 subiectum,
1436 635 1598 666 praestoque
1616 635 1659 658 est
1679 631 1813 659 sacerdoti
1834 640 1898 668 pre-

266 677 400 705 cationem
412 679 548 711 recitanti,
562 679 692 711 declarat,
705 679 903 706 monachorum
917 679 1024 706 ordinis
1036 687 1091 706 non
1103 686 1165 706 esse
1178 679 1248 706 alios
1261 679 1409 711 deducere,
1423 679 1471 706 sed
1489 678 1516 705 in
1530 686 1559 706 se
1572 686 1603 705 ac
1615 686 1664 713 per
1684 686 1712 705 se
1725 683 1847 713 perstare
1869 679 1898 705 in

265 725 395 761 singulari
408 731 556 761 sanctoque
569 731 653 759 statu,
667 726 840 754 sacerdotum
852 727 964 755 ordines
976 731 1168 759 assectantem,
1191 731 1219 754 et
1231 726 1265 754 ab
1288 727 1328 753 eis
1340 726 1374 754 ad
1385 726 1506 753 divinam
1520 733 1661 753 sacrorum
1677 733 1748 759 quae
1761 725 1838 752 illum
1853 729 1897 752 at-

266 774 374 808 tingunt
385 775 526 802 scientiam
538 774 617 802 facile
631 775 747 802 traduci.
761 775 917 802 Divisarum
928 780 1020 802 autem
1033 775 1260 808 diversarumque
1284 782 1338 801 non
1351 774 1440 802 solum
1453 771 1582 806 vitarum,
1598 773 1645 800 sed
1660 773 1743 800 etiam
1756 769 1894 800 visionum

265 823 296 845 ut
309 819 345 846 ita
372 818 376 854 Ι
404 819 493 847 dicam
516 820 724 847 abrenunciatio
742 819 969 855 perfectissimam
980 819 1177 847 monachorum
1189 819 1390 854 philosophiam
1403 818 1547 854 signiﬁcat,
1558 825 1627 852 quae
1635 818 1662 844 in
1674 820 1896 852 praeceptorum,

264 873 334 901 quae
348 875 432 894 unum
458 867 572 898 faciunt.
587 868 699 895 scientia
714 868 769 895 vim
781 872 810 895 et
821 867 1009 896 cilicacitatem
1023 867 1116 895 habet.
1134 867 1182 894 Est
1201 867 1285 899 enim,
1303 871 1333 894 ut
1344 866 1412 899 dixi,
1426 874 1479 893 non
1501 865 1584 893 medii
1604 873 1700 892 eorum
1714 864 1761 899 qui
1784 864 1897 891 initian-

264 918 310 940 tur
324 913 438 945 ordinis,
452 913 498 941 sed
513 914 611 940 summi
623 915 756 941 omnium.
771 911 864 949 Itaque
879 914 964 941 multa
977 921 1084 946 eorum,
1098 921 1167 948 quae
1186 914 1297 949 impune
1315 921 1347 940 ac
1367 913 1427 940 sine
1446 912 1647 948 improbatione
1667 920 1682 939 a
1696 911 1787 939 medio
1800 911 1897 939 ordine

264 966 407 997 geruntur,
431 961 505 988 omni
528 962 634 988 ratione
647 961 833 996 singularibus
853 962 996 989 monachis
1010 962 1157 990 interdicta
1169 966 1248 994 sunt;
1272 961 1372 997 quippe
1385 961 1431 996 qui
1443 969 1505 988 cum
1522 969 1578 988 uno
1591 960 1719 995 coniungi
1739 960 1856 987 debeant
1869 967 1897 1000 et

263 1014 327 1034 cum
341 1013 417 1034 sacra
443 1007 560 1035 monade
570 1008 660 1043 colligi
684 1012 766 1043 atque
777 1007 810 1035 ad
825 1009 999 1048 sacerdotum
1022 1009 1118 1041 vitam,
1133 1013 1265 1044 quantum
1289 1008 1363 1040 licet,
1377 1008 1507 1040 formari;
1529 1007 1602 1042 quod
1614 1007 1639 1034 ei
1652 1007 1742 1034 ordini
1757 1007 1785 1034 in
1799 1007 1897 1033 multis

263 1052 332 1079 ordo
345 1053 389 1080 ille
401 1053 499 1080 similis
520 1053 566 1085 sit,
580 1057 608 1080 et
620 1061 691 1080 unus
713 1061 748 1080 ex
758 1053 887 1081 omnibus
899 1054 1043 1081 ordinibus
1055 1061 1151 1081 eorum
1160 1054 1208 1089 qui
1226 1054 1380 1086 initiantur,
1392 1053 1424 1080 ad
1436 1061 1498 1080 eum
1512 1052 1635 1087 proxime
1646 1052 1766 1079 accedat.
1782 1051 1896 1086 Signum

263 1106 330 1127 vero
344 1099 448 1134 ﬁgurae
459 1100 560 1132 crucis,
578 1104 608 1127 ut
623 1100 676 1127 iam
687 1109 702 1128 a
713 1101 795 1128 nobis
808 1101 912 1129 dictum
924 1106 976 1133 est,
994 1101 1114 1129 declarat
1128 1102 1319 1129 universarum
1331 1101 1365 1129 ad
1378 1109 1479 1136 corpus
1504 1100 1700 1135 pertinentium
1714 1098 1897 1134 cupiditatum

264 1145 456 1180 privationem.
465 1145 585 1181 Capillus
597 1151 687 1174 autem
702 1151 798 1174 tonsus
811 1155 908 1182 puram
920 1148 1050 1183 nullaque
1060 1148 1145 1183 ﬁgura
1159 1148 1277 1176 fucatam
1287 1148 1370 1175 vitam
1382 1147 1494 1180 indicat,
1505 1154 1575 1182 quae
1588 1154 1643 1173 non
1657 1146 1781 1173 ﬁctarum
1794 1145 1879 1181 ﬁgura

264 1199 326 1219 rum
338 1196 386 1219 aut
397 1193 519 1219 colorum
534 1192 693 1220 inductione
704 1193 905 1222 deformitatem
917 1194 1019 1221 mentis
1029 1199 1119 1227 ornet,
1129 1194 1175 1222 sed
1185 1202 1234 1229 per
1242 1194 1360 1228 seipsam
1373 1201 1428 1220 non
1440 1193 1560 1220 humana
1572 1191 1789 1227 pulchritudine,
1799 1198 1896 1218 verum

263 1240 393 1275 singulari
403 1246 430 1268 et
439 1241 520 1268 unica
533 1240 567 1268 ad
577 1240 697 1268 divinam
705 1241 817 1269 excitet.
826 1242 931 1270 Prioris
937 1250 1003 1270 vero
1011 1242 1095 1269 vestis
1109 1242 1243 1269 detractio
1254 1246 1282 1269 et
1290 1241 1404 1269 alterius
1415 1241 1539 1268 inductio
1550 1239 1708 1275 signiﬁcata
1716 1239 1806 1266 media
1816 1246 1896 1265 sanc—

264 1289 291 1313 ta
318 1286 374 1313 vita
397 1286 431 1313 ad
446 1286 637 1321 perfectiorem
655 1286 856 1316 traductionem
870 1296 876 1314 :
891 1287 1124 1322 quemadmodum
1139 1287 1167 1314 in
1180 1292 1242 1314 ortu
1254 1295 1269 1315 a
1282 1287 1338 1314 Deo
1351 1287 1410 1314 sive
1425 1287 1561 1321 baptismo
1575 1287 1660 1314 vestis
1669 1285 1892 1314 vicissitudinem

262 1341 303 1361 ac.
312 1333 495 1360 mutationem
507 1341 522 1361 a
544 1334 600 1361 vita
611 1341 681 1368 quae
696 1334 858 1369 expiabatur
867 1334 901 1362 ad
914 1334 1156 1369 contemplationis
1180 1335 1386 1370 sapientiaeque
1399 1338 1499 1362 statum
1513 1339 1540 1362 et
1556 1334 1681 1362 habitum
1702 1334 1893 1369 migrationem

265 1379 423 1416 signiﬁcem
435 1379 604 1408 dicebamus.
621 1380 701 1414 Quod
713 1381 735 1408 si
749 1389 824 1409 nunc
835 1382 919 1409 etiam
930 1386 959 1409 et
971 1381 1101 1410 sacerdos
1112 1386 1141 1409 et
1154 1389 1250 1410 omnes
1264 1383 1349 1410 sancti
1360 1382 1408 1418 qui
1421 1382 1559 1410 intersunt
1575 1390 1637 1409 eum
1656 1382 1703 1416 qui
1716 1381 1839 1408 initiatus
1851 1384 1894 1407 est

263 1426 444 1458 consalutant,
457 1426 578 1461 intellige
606 1430 728 1454 sanctam
751 1434 847 1454 eorum
867 1427 915 1462 qui
928 1426 1102 1455 divinitatem
1115 1427 1258 1456 imitantur
1270 1429 1440 1461 societatem,
1461 1433 1586 1456 amanter
1599 1437 1661 1456 cum
1682 1429 1775 1456 divina
1788 1429 1894 1457 laetitia

263 1473 337 1501 inter
356 1481 385 1501 se
398 1474 604 1509 gratulantium.
620 1475 762 1502 Postremo
775 1475 903 1503 sacerdos
916 1475 951 1503 ad
962 1474 1084 1504 divinam
1097 1475 1318 1504 communionem
1330 1476 1428 1504 invitat
1441 1485 1505 1504 eum
1519 1477 1567 1512 qui
1589 1476 1713 1504 initiatus
1726 1480 1778 1508 est,
1799 1480 1892 1504 sancte

263 1517 387 1545 indicans
398 1518 475 1545 illum
492 1519 540 1554 qui
567 1519 571 1555 |
599 1524 775 1548 consecratus
787 1524 849 1548 est:
864 1521 886 1548 si
897 1529 964 1550 vero
975 1522 1010 1550 ad
1023 1522 1222 1552 monachorum
1244 1522 1412 1555 institutum,
1437 1523 1511 1558 quod
1532 1523 1671 1558 singulare
1690 1526 1743 1555 est,
1756 1530 1892 1558 pervene-

262 1564 311 1597 rit,
324 1572 379 1592 non
391 1565 480 1592 solum
493 1570 676 1600 spectatorem
688 1575 829 1595 sacrorum
842 1576 912 1604 quae
922 1570 947 1597 ei
960 1570 1095 1605 permissa
1109 1575 1173 1598 sunt
1184 1571 1252 1603 fore,
1274 1578 1326 1598 nec
1336 1570 1390 1597 ritu
1406 1571 1489 1598 medii
1501 1571 1604 1598 ordinis
1617 1571 1643 1598 in
1656 1570 1891 1598 sanctissimorum

262 1616 496 1640 sacramentorum
508 1614 665 1642 societatem
687 1617 964 1653 communionemque
983 1623 1140 1652 venturum,
1158 1619 1206 1647 sed
1232 1627 1295 1646 cum
1308 1619 1402 1647 divina
1415 1628 1510 1647 eorum
1533 1627 1674 1647 sacrorum
1688 1627 1758 1654 quae
1768 1618 1892 1655 percepit

261 1660 428 1695 cognitione,
450 1661 505 1688 alio
524 1669 605 1696 quam
630 1668 741 1690 sanctus
764 1664 885 1699 populus
913 1666 995 1693 modo
1007 1670 1154 1694 venturum
1166 1675 1225 1695 esse
1238 1666 1273 1694 ad
1285 1667 1394 1695 divinae
1407 1667 1546 1695 societatis
1560 1667 1734 1702 adeptionem
1747 1671 1775 1695 et
1792 1673 1890 1702 perce-

262 1704 394 1740 ptionem.
412 1716 421 1731 »
439 1706 518 1734 Philo
542 1715 609 1735 vero
633 1708 667 1735 de
692 1709 852 1737 eorumdem
877 1714 939 1738 ortu
960 1712 1071 1746 scripsit
1086 1712 1160 1740 hunc
1176 1713 1204 1740 in
1228 1713 1339 1740 modum
1355 1721 1363 1740 ι
1379 1713 1433 1749 (α);
1467 1723 1475 1739 ι
1491 1714 1638 1748 Postquam
1652 1714 1685 1741 de
1702 1713 1812 1742 Essaeis
1833 1712 1890 1740 dis-

262 1753 408 1786 seruimus,
441 1753 487 1789 qui
528 1754 612 1782 vitam
652 1756 768 1783 activam
807 1761 956 1790 exercent,
989 1758 1129 1791 omnibus,
1167 1763 1232 1791 aut,
1265 1759 1339 1794 quod
1380 1760 1472 1787 minus
1513 1760 1679 1787 invidiosum
1716 1760 1791 1787 dictu
1829 1764 1891 1792 est,

261 1799 401 1834 plerisque
430 1801 535 1828 felicius
567 1802 635 1829 ordo
663 1803 791 1838 postulat,
815 1809 846 1831 ut
864 1804 995 1840 deinceps
1018 1806 1140 1834 dicamus
1163 1815 1232 1842 quae
1252 1807 1368 1834 dicenda
1387 1812 1451 1834 sunt
1473 1807 1508 1834 de
1537 1806 1758 1843 contemplationi
1780 1806 1890 1834 deditis.

260 1844 322 1873 Non
346 1845 427 1874 debet
451 1848 525 1874 enim
555 1848 713 1877 huiusmodi
744 1850 867 1878 virorum
896 1852 985 1879 virtus
1012 1853 1111 1880 eximia
1140 1862 1251 1881 causam
1284 1854 1417 1889 praebere
1445 1854 1547 1882 silentii
1577 1854 1621 1881 bis
1638 1854 1684 1888 qui
1705 1853 1774 1881 nihil
1805 1853 1891 1880 hone‘

260 1895 334 1918 stum
357 1896 454 1926 putant
479 1893 624 1921 tacendum
652 1894 947 1931 dissimulandumque.
970 1897 1129 1925 lnstitutum
1153 1903 1245 1926 autem
1278 1899 1362 1927 huius
1394 1900 1584 1935 philosophiae
1618 1908 1681 1927 mox
1711 1902 1825 1934 apparet
1856 1905 1890 1925 ex

259 1935 326 1970 ipsis
350 1937 592 1972 appellationibus;
617 1944 750 1967 vocantur
775 1941 850 1968 enim
878 1943 1065 1978 therapeutae,
1094 1944 1370 1980 therapeutridesque,
1399 1945 1452 1973 hoc
1480 1950 1522 1972 est
1552 1949 1695 1972 curatores
1719 1948 1749 1971 et
1774 1942 1890 1970 curatri—

259 1989 315 2014 ces,
332 1983 389 2011 sive
402 1984 522 2012 cultores
535 1989 564 2013 et
583 1986 722 2019 cultrices,
747 1995 814 2015 vero
835 1989 958 2021 nomine,
971 1990 1015 2017 vel
1028 1990 1092 2024 quia
1108 1990 1274 2025 proﬁtentur
1291 1991 1455 2018 medicinam
1479 1991 1705 2026 praestantiorem
1717 1990 1767 2016 ista
1779 1989 1888 2024 vulgata

259 2037 308 2065 per
320 2033 412 2060 omnia
423 2033 522 2068 oppida
536 2043 543 2067 ;
557 2034 625 2062 haec
636 2035 710 2062 enim
722 2036 849 2064 medetur
862 2037 929 2065 solis
940 2038 1102 2072 corporibus
1112 2059 1119 2070 ,
1134 2038 1179 2066 illa
1193 2043 1221 2067 et
1233 2039 1339 2066 animas
1352 2040 1452 2068 liberat
1463 2041 1566 2068 morbis
1577 2040 1706 2076 gravibus
1717 2042 1745 2064 et
1756 2037 1889 2064 adversus

260 2077 381 2105 medelas
394 2080 612 2113 contumacibus,
628 2089 697 2116 quos
710 2081 870 2111 indixerunt
879 2083 1044 2119 voluptates,
1058 2086 1298 2120 concupiscentiae
1307 2105 1315 2118 ,
1330 2085 1450 2119 dolores,
1469 2087 1591 2117 timores,
1603 2084 1744 2117 avaritiae,
1758 2083 1889 2119 insipien-

261 2122 323 2155 tiae,
339 2123 487 2153 iniustitiae
503 2130 531 2153 et
542 2131 648 2154 ceterae
661 2127 883 2162 perturbationes
897 2133 925 2156 et
938 2129 1068 2157 vitiorum
1081 2138 1177 2166 agmen
1196 2131 1411 2165 innumerabile;
1424 2132 1466 2159 vel
1479 2131 1543 2166 quia
1553 2131 1712 2158 didicerunt
1722 2137 1737 2157 a
1750 2134 1848 2157 natura
1860 2133 1888 2156 et

259 2174 275 2193 e
287 2170 372 2196 sacris
383 2171 489 2206 legibus
502 2173 593 2200 colere
605 2173 672 2201 illud
685 2175 740 2202 Ens
753 2180 781 2203 et
792 2176 864 2203 bono
877 2176 976 2203 melius
996 2181 1025 2204 et
1037 2184 1093 2203 uno
1110 2177 1246 2205 sincerius
1259 2182 1287 2205 et
1301 2178 1406 2206 unitate
1420 2178 1449 2205 in
1473 2178 1628 2213 generando
1641 2177 1781 2211 antiquius
1792 2181 1886 2211 atque,

258 2216 290 2239 ut
302 2213 338 2241 ita
360 2214 459 2248 dicam,
478 2216 781 2252 principalius.Horum
804 2220 899 2255 pietati
911 2228 980 2255 quos
999 2221 1110 2249 tandem
1133 2222 1232 2249 merito
1255 2223 1496 2258 comparabimus?
1515 2233 1525 2250 ›
1540 2223 1574 2250 Et
1595 2223 1691 2258 paucis
1715 2222 1886 2250 interiectis:

263 2270 272 2287 ί
286 2260 321 2289 At
349 2262 354 2298 ι
384 2263 452 2290 illud
464 2263 606 2293 hominum
619 2274 705 2302 genus
718 2268 937 2303 therapeuticum
947 2277 1057 2304 semper
1068 2270 1097 2297 in
1109 2270 1263 2299 divinitatis
1275 2273 1506 2308 contemplatione
1518 2272 1653 2308 proﬁciet,
1667 2272 1748 2299 etiam
1768 2271 1824 2298 sole
1835 2271 1888 2297 hoc

257 2309 380 2337 sensibili
392 2312 550 2345 praeterito,
575 2322 627 2341 nec
639 2323 760 2350 unquam
774 2324 853 2344 suum
876 2317 1002 2344 ordinem
1030 2317 1140 2345 deseret
1162 2319 1321 2347 tendentem
1334 2320 1368 2347 ad
1389 2320 1547 2348 felicitatem
1565 2318 1802 2354 perfectissimam.
1818 2317 1888 2344 Huic

256 2355 328 2382 vitae
340 2356 465 2385 instituto
477 2359 524 2393 qui
537 2367 565 2387 se
589 2360 731 2394 addicunt,
756 2369 812 2389 non
822 2370 856 2389 ex
868 2370 944 2390 more
956 2367 1004 2390 aut
1026 2364 1114 2399 rogati
1126 2363 1154 2391 id
1166 2364 1282 2397 faciunt,
1295 2365 1343 2393 sed
1355 2373 1449 2394 amore
1462 2366 1581 2400 correpti
1605 2373 1697 2392 rerum
1714 2364 1884 2394 caelestium,

256 2403 284 2447 et
296 2401 373 2434 quasi
385 2401 479 2429 divino
491 2403 584 2432 furore
597 2405 705 2439 perciti,
719 2406 808 2434 donec
819 2407 852 2434 ad
865 2408 1124 2443 contemplationem
1137 2409 1211 2437 illam
1224 2410 1486 2438 desideratissimam
1511 2412 1682 2447 perveniant.
1705 2410 1809 2438 Deinde
1822 2417 1886 2444 prae

256 2445 417 2474 immortalis
432 2448 581 2484 beataeque
592 2451 664 2479 vitae
674 2453 803 2487 cupidine
819 2454 897 2488 quasi
913 2454 966 2482 iam
977 2455 1030 2482 hac
1042 2457 1293 2490 mortalidel‘uncti,
1309 2457 1452 2486 facultates
1475 2445 1538 2486 suas
1556 2459 1716 2493 relinquunt
1732 2458 1828 2485 liberis
1838 2461 1886 2484 aut

256 2493 387 2539 cognatis,
414 2494 486 2521 ultro
509 2495 549 2522 eis
571 2497 745 2531 possessione
756 2498 897 2526 cedendo:
912 2504 993 2534 atque
1008 2501 1090 2528 etiam
1104 2503 1186 2530 sociis
1195 2507 1223 2530 et
1237 2503 1345 2536 amicis,
1359 2504 1381 2530 si
1395 2505 1501 2539 cognati
1518 2505 1616 2532 desint.
1629 2505 1743 2539 Oportet
1757 2504 1842 2535 enim,
1856 2508 1882 2530 ut

256 2538 487 2586 quipperspicaces
501 2540 610 2568 divitias
626 2543 741 2577 adeptus
755 2548 807 2576 est,
821 2552 916 2572 caecas
927 2546 988 2573 illas
999 2547 1136 2582 relinquat
1146 2549 1287 2576 mentibus
1297 2538 1527 2578 caccutientibus.
1540 2561 1549 2576 ι
1568 2551 1623 2578 Nec
1632 2551 1719 2578 multo
1731 2555 1807 2586 post:
1818 2552 1886 2578 uRe—

255 2583 327 2611 lictis
342 2585 425 2620 igitur
436 2586 611 2615 facultatibus
619 2593 647 2615 et
656 2590 841 2618 avocamentis
849 2592 978 2620 omnibus
989 2593 1106 2628 fugiunt,
1116 2595 1191 2622 nulla
1201 2595 1295 2623 habita
1307 2597 1413 2624 ratione
1422 2597 1550 2630 fratrum,
1557 2597 1717 2630 liberorum,
1728 2583 1882 2632 parentum,

257 2637 434 2681 urorumque,
442 2637 469 2660 et
479 2633 610 2681 deserunt
622 2643 783 2664 numerosas
797 2639 984 2672 cognationes,
992 2641 1303 2677 societates,amicitias,
1313 2644 1386 2679 ipsas
1396 2644 1514 2680 denique
1526 2646 1637 2680 patrias,
1645 2645 1674 2673 in
1687 2646 1788 2680 quibus
1799 2646 1883 2681 geniti

255 2676 417 2711 educatique
434 2683 507 2706 sunt.
528 2679 642 2713 Quando
654 2682 765 2717 quidem
781 2685 951 2713 consuetudo
966 2694 1094 2722 magnum
1111 2693 1281 2717 momentum
1303 2676 1385 2718 habet
1399 2691 1434 2719 ad
1461 2676 1757 2720 allec-tandosranimos.
1788 2676 1883 2719 Ilemia

255 2727 333 2757 grant
347 2728 439 2751 autem
454 2733 508 2753 non
521 2727 643 2774 aliam
658 2730 808 2764 civitatem,
825 2732 897 2759 sicut
910 2733 995 2766 Servi,
1008 2735 1055 2769 qui
1076 2743 1105 2762 se
1114 2736 1195 2763 vendi
1208 2737 1269 2765 aliis
1283 2738 1358 2766 heris
1369 2739 1517 2774 impetrant
1534 2740 1639 2773 miseri,
1657 2744 1687 2767 ut
1699 2741 1746 2774 qui
1761 2739 1882 2767 servitu-

254 2774 308 2798 tem
321 2774 436 2803 mutant,
452 2779 505 2799 non
516 2772 660 2808 effugiunt.
679 2775 797 2808 Quaevis
810 2777 883 2804 enim
897 2779 1004 2812 civitas,
1019 2780 1060 2807 vel
1079 2782 1192 2816 optimis
1201 2789 1296 2812 ornata
1312 2772 1426 2821 legibus,
1441 2785 1521 2820 plena
1536 2790 1581 2814 est
1607 2772 1725 2813 tumultu
1750 2783 1881 2820 plurimo,

289 2871 328 2907 (α)
341 2872 400 2902 Lib.
415 2875 452 2902 De
471 2876 525 2904 vita
539 2880 749 2915 contemplativa
764 2882 822 2909 sive
835 2884 990 2919 supplicum
