2048 3153
162 161 213 189 289
545 160 590 188 AD
608 158 806 189 VERSIONEM
826 157 903 187 LAT.
924 157 1007 186 HOM.
1025 157 1054 186 S.
1074 157 1216 186 MACARll
1235 158 1405 187 AEGYPTII.
1738 162 1790 190 290

160 226 241 255 quem
260 226 342 246 nemo
357 218 507 254 sapientiae
516 223 636 246 sectator
650 218 794 246 sustineat.
811 217 865 245 Sed
880 220 960 244 extra
972 216 1082 244 moenia
1098 216 1201 252 degunt
1215 216 1244 243 in
1259 216 1348 244 hortis
1362 221 1410 244 aut
1422 217 1494 244 villis
1505 218 1647 251 solitariis,
1666 224 1791 248 amantes

159 268 346 301 solitudinem,
364 276 420 295 non
437 267 579 294 hominum
595 266 669 307 odio,
682 266 729 294 sed
741 266 775 293 ad
789 264 926 292 cavendos
939 271 1103 300 congressus
1119 270 1182 291 cum
1197 262 1388 295 dissimilibus.
1401 270 1471 298 quos
1491 265 1582 293 sciunt
1602 266 1687 295 ‘bonis
1709 269 1794 296 mori-

159 318 210 346 bus
228 317 347 345 allicere.
370 317 428 344 Hoc
439 324 525 353 genus
536 315 674 350 reperitur
688 315 717 342 in
730 314 826 342 multis
839 313 916 341 orbis
933 313 1104 349 regionibus,
1119 313 1228 346 merito,
1252 316 1284 340 ut
1298 312 1439 340 absolutae
1467 312 1622 347 probitatis,
1651 318 1792 348 receptum

158 370 173 389 a
183 362 295 389 Graecis
311 367 393 397 atque
408 362 546 390 Barbaris.
564 363 680 391 Maxime
696 367 786 390 tamen
803 362 809 397 |
825 362 851 390 in
866 362 990 398 Aegypto
1004 361 1196 397 frequentatur
1211 369 1262 397 per
1277 361 1462 397 praefecturas
1476 361 1606 398 singulas,
1630 364 1792 397 praesertim

159 410 261 438 circum
275 411 477 438 Alexandriam.
488 411 528 438 Ex
544 411 673 438 omnibus
684 416 776 438 autem
791 410 860 437 locis
873 410 995 445 optimus
1007 409 1125 444 quisque
1136 409 1376 444 therapeutarum,
1391 413 1529 444 tamquam
1544 409 1571 436 in
1585 409 1668 437 huius
1684 411 1793 445 generis

159 457 286 489 patriam.
303 456 417 484 colonus
434 456 554 484 mittitur
577 457 606 484 in
628 457 719 484 locum
735 457 872 492 quendam
897 456 1080 492 aptissimum,
1099 456 1184 483 situm
1206 456 1240 483 ad
1261 460 1387 491 stagnum
1415 455 1537 489 Mariam,
1556 457 1584 484 in
1599 461 1709 485 terreno
1722 458 1792 487 colle

158 503 254 530 acclivi
280 503 389 536 leviter,
406 508 495 530 tutum
516 504 598 532 simul
626 505 660 532 ab
675 505 747 532 aeris
765 504 908 540 temperie.
929 503 1112 531 Securitatem
1133 504 1208 531 enim
1240 503 1267 531 ei
1283 506 1426 539 praestant
1438 503 1518 531 villae
1535 504 1643 540 vicique
1655 506 1790 541 proximi;

158 560 248 579 aerem
266 561 333 580 vero
349 558 483 588 temperat
497 553 672 582 emissarium
691 553 779 589 stagni
796 553 972 581 exonerantis
986 560 1015 580 se
1029 552 1057 579 in
1074 560 1158 584 mare,
1176 557 1204 579 et
1220 559 1304 579 aurae
1322 558 1463 586 nunquam
1484 560 1539 579 non
1554 561 1588 580 ex
1600 553 1653 581 alto
1669 555 1793 590 aspiran-

158 604 197 627 tcs
211 600 343 633 tenuiter,
364 601 436 628 sicut
463 601 613 629 crassiores
631 601 760 629 feruntur
783 609 798 628 e
816 606 922 636 stagno,
938 600 1040 636 quibus
1050 600 1193 635 permixtis
1207 604 1452 635 temperamentum
1467 600 1561 628 existit
1572 602 1790 632 saluberrimum.

157 648 300 676 Domicilia
326 657 392 677 vero
409 657 596 677 convenarum
618 654 682 678 sunt
708 650 855 677 admodum
876 650 1003 686 frugalia,
1017 654 1112 685 parata
1122 655 1218 677 contra
1232 654 1338 677 aestum
1358 649 1548 676 tantummodo
1568 653 1595 676 et
1611 649 1722 685 frigora,
1737 655 1794 679 non

157 695 287 730 contigua
299 700 330 722 ut
348 695 375 722 in
391 696 517 730 urbibus,
535 706 590 725 non
606 699 680 726 enim
692 699 782 733 placet
798 699 824 726 id
836 699 995 726 amantibus
1010 700 1199 731 solitudinem,
1217 706 1268 726 nec
1279 703 1370 726 tamen
1393 698 1473 734 longe
1483 703 1588 726 remota
1599 719 1606 730 ι
1626 699 1690 734 quia
1708 700 1793 727 socie-

157 748 241 771 tatem
268 744 396 780 diligunt,
422 751 453 774 ut
479 747 531 775 sibi
564 749 671 783 possint
703 749 822 776 invicem
846 756 1008 777 succurrere
1038 749 1169 776 adversus
1198 749 1336 776 latronum
1366 748 1494 776 incursus
1520 746 1657 775 fortuitos.
1686 745 1793 782 Singuli

155 796 248 819 autem
265 793 368 821 habent
380 802 473 823 sacras
485 796 625 825 aediculas
640 805 712 832 quae
724 798 836 832 σεμνεϊα
853 801 954 825 vocant
967 797 1025 824 sive
1040 797 1217 829 monasteria,
1228 796 1276 824 ubi
1293 796 1410 823 solitarii
1432 799 1543 823 sanctae
1567 794 1639 822 vitae
1653 793 1794 829 mysteriis

155 838 223 865 dant
239 846 363 873 operam.
379 840 437 868 Nec
450 841 505 868 cibi
520 847 635 877 potusve
650 843 799 878 quicquam
826 850 860 870 eo
873 842 1008 875 inferunt,
1025 843 1142 870 aliudve'
1162 842 1190 869 in
1216 850 1296 869 usum
1311 841 1445 877 corporis,
1470 841 1518 869 sed
1538 839 1625 876 legem
1639 844 1744 867 tantum
1765 842 1794 866 et

155 884 354 919 prophetarum
379 887 492 914 oracula
513 888 647 916 divinitus
675 888 784 924 prodita
797 888 969 924 hymnosque
985 892 1013 916 et
1040 888 1176 923 quaedam
1191 887 1243 915 alia
1268 887 1364 922 pietati
1383 887 1568 921 scientiaeque
1591 884 1794 921 promovendae

155 931 243 958 utilia.
252 931 346 966 Itaque
354 937 514 968 perpetuam
523 933 625 961 habent
632 934 680 961 Dei
689 934 860 967 memoriam,
870 939 899 962 ut
908 942 943 961 ne
952 934 980 961 in
988 933 1095 961 somnis
1101 933 1212 969 quidem
1221 934 1296 961 aliud
1304 934 1344 961 eis
1352 934 1514 961 obversetur
1522 940 1603 968 quam
1613 933 1745 968 imagines
1753 931 1795 959 di-

154 977 281 1005 vinarum
290 979 537 1014 pulchritudinum.
546 980 579 1007 Et
587 980 684 1008 suntin
694 980 738 1008 his
745 981 792 1016 qui
800 980 962 1008 somniando
970 979 1090 1016 produnt
1097 981 1250 1015 praeclaras
1258 988 1351 1008 sacrae
1359 979 1546 1015 philosophiae
1555 979 1713 1007 sententias.
1722 978 1796 1012 Quo~

155 1025 223 1052 tidie
232 1025 276 1052 bis
284 1027 393 1061 precari
402 1027 501 1060 solent,
511 1035 591 1055 mane
603 1036 636 1056 ac
644 1028 695 1056 sub
711 1036 854 1064 vesperam
864 1038 870 1055 :
880 1029 986 1057 oriente
995 1029 1051 1056 sole
1060 1024 1186 1064 petentes
1194 1027 1266 1055 diem
1274 1035 1338 1055 vere
1350 1027 1468 1059 felicem,
1484 1031 1568 1061 utque
1581 1031 1687 1054 mentes
1698 1033 1793 1053 eorum

155 1071 269 1099 caelesti
279 1073 438 1108 repleantur
445 1073 561 1107 lumine;
571 1074 715 1103 occidente
723 1082 798 1107 vero,
806 1080 836 1102 ut
845 1075 935 1102 anima
944 1075 971 1102 in
978 1079 1064 1102 totum
1072 1078 1219 1102 exonerata
1234 1074 1239 1110 l
1255 1074 1381 1102 sensibus
1387 1074 1513 1108 moleque
1521 1081 1613 1101 rerum
1622 1073 1793 1101 sensibilium

156 1118 303 1146 veritatem
316 1119 434 1155 vestiget
445 1119 473 1147 in
483 1120 647 1148 consistorio
655 1120 816 1149 domestico.
827 1122 945 1149 Medium
955 1129 1021 1149 vero
1029 1121 1158 1148 matutini
1167 1120 1371 1156 vespertinique
1383 1119 1513 1155 temporis
1521 1119 1697 1146 interstitium
1706 1123 1793 1146 totum

155 1165 331 1193 meditationi
344 1165 487 1193 tribuitur.
497 1166 646 1195 Versantes
654 1168 727 1195 enim
740 1175 815 1195 sacra
829 1168 971 1195 volumina
983 1168 1050 1195 dant
1060 1175 1170 1202 operam
1182 1166 1372 1202 philosophiae
1380 1174 1429 1201 per
1438 1173 1535 1193 manus
1543 1169 1673 1201 acceptae
1682 1173 1697 1192 n
1708 1166 1794 1193 maio-

155 1211 245 1244 ribus,
268 1211 417 1238 scrutando
431 1211 493 1238 eius
508 1211 665 1248 allegorias,
692 1212 822 1248 quoniam
847 1213 898 1240 sub
912 1212 1015 1247 apertis
1026 1212 1120 1239 verbis
1135 1212 1222 1239 latere
1245 1209 1364 1239 credunt
1376 1215 1481 1238 secreta
1491 1215 1615 1242 naturae,
1627 1211 1794 1238 coniecturis

154 1258 323 1295 explicanda
337 1258 541 1294 probabilibus.
554 1259 665 1286 Habent
676 1260 759 1287 etiam
773 1259 928 1295 priscorum
942 1259 1166 1292 commentarios,
1178 1259 1225 1294 qui
1240 1259 1322 1286 huius
1338 1263 1428 1286 sectae
1441 1262 1566 1286 auctores
1585 1258 1671 1285 multa
1693 1267 1792 1287 monu-

158 1310 253 1333 menta
265 1305 441 1340 reliquerunt
456 1305 490 1333 de
502 1305 642 1341 allegoriis
654 1306 801 1339 eiusmodi,
816 1307 850 1334 ad
865 1314 984 1341 quorum
1001 1306 1182 1333 imitationem
1197 1306 1300 1341 posteri
1312 1314 1341 1333 se
1354 1305 1570 1333 accommodant.
1584 1305 1678 1340 itaque
1686 1313 1741 1333 non
1750 1314 1794 1333 so-

154 1353 213 1381 lum
228 1353 463 1389 contemplantur,
483 1353 532 1381 sed
545 1353 630 1381 etiam
652 1354 760 1383 cantica
776 1355 948 1391 hymnosque
962 1354 989 1381 in
1014 1354 1062 1382 Dei
1088 1354 1199 1382 laudem
1218 1358 1397 1389 componunt,
1416 1354 1495 1381 vario
1520 1358 1671 1381 metrorum
1693 1354 1792 1382 carmi-

154 1407 278 1435 numque
290 1407 392 1435 genere
405 1400 543 1436 rhythmis
557 1400 737 1429 concinnatus
749 1401 778 1429 in
790 1401 979 1437 augustiorem
994 1409 1027 1429 ac
1040 1401 1198 1437 religiosam
1209 1401 1340 1437 speciem.
1349 1402 1402 1429 Per
1414 1409 1461 1428 sex
1471 1401 1532 1428 dies
1540 1408 1663 1428 seorsum
1675 1401 1793 1437 quisque

153 1446 183 1474 in
200 1447 260 1474 suis
271 1446 326 1474 illis
339 1447 421 1475 modo
434 1446 517 1475 dictis
531 1448 709 1476 monasteriis
719 1449 959 1485 philosophantur,
970 1457 1028 1478 non
1041 1449 1251 1485 progredientes
1269 1449 1354 1482 foras,
1368 1449 1453 1476 immo
1466 1457 1502 1477 ne
1515 1449 1713 1484 prospicientes
1729 1448 1792 1484 quin

153 1493 230 1521 dem.
246 1492 371 1528 Septima
384 1500 452 1521 vero
464 1494 633 1521 conveniunt
644 1495 673 1522 in
686 1500 796 1523 coetum
812 1503 997 1530 communem,
1009 1499 1039 1523 ct
1053 1495 1129 1523 iuxta
1142 1495 1241 1523 aetatis
1257 1495 1384 1523 ordinem
1398 1495 1547 1523 considunt
1559 1495 1668 1523 decenti
1685 1495 1791 1529 habitu,

153 1547 254 1567 manus
267 1540 441 1567 continentes
455 1540 507 1568 sub
518 1541 611 1576 pallio,
623 1541 748 1569 dextram
759 1542 832 1570 inter
843 1547 939 1578 pectus
948 1542 1130 1577 barbamque,
1144 1530 1286 1570 sinistram
1301 1540 1443 1576 applicant
1449 1541 1540 1569 lateri.
1554 1540 1623 1568 Tum
1632 1549 1793 1577 progressus

153 1587 183 1614 in
197 1587 320 1614 medium
335 1592 402 1615 natu
415 1587 551 1615 maximus
573 1593 601 1616 et
613 1588 770 1624 dogmatum
783 1590 844 1617 eius
868 1594 960 1617 sectae
985 1590 1173 1626 peritissimus
1185 1588 1297 1616 disserit
1310 1588 1388 1615 vultu
1405 1587 1439 1615 ad
1453 1587 1615 1624 gravitatem
1628 1588 1791 1623 composito,

153 1642 222 1662 voce
235 1635 388 1668 moderata,
400 1643 456 1662 non
473 1635 532 1663 sine
547 1644 645 1671 magna
658 1635 815 1670 prudentia,
831 1644 910 1664 secus
923 1644 1006 1671 quam
1019 1641 1144 1664 oratores
1156 1640 1205 1664 aut
1218 1635 1318 1663 aetatis
1329 1638 1439 1662 nostrae
1455 1634 1594 1669 sophistae
1609 1639 1792 1664 ostentatores

153 1682 348 1718 eloquentiae:
369 1687 400 1709 ut
414 1683 460 1710 cui
472 1682 559 1717 magis
574 1682 652 1709 cordi
666 1686 731 1709 sunt
744 1683 898 1717 exquisitae
910 1683 1064 1711 sententiae
1080 1682 1252 1718 diligensque
1266 1686 1294 1709 et
1305 1686 1434 1708 accurata
1446 1680 1543 1708 harum
1555 1681 1705 1714 enarratio,
1720 1691 1791 1718 quae

153 1736 209 1756 non
222 1728 340 1756 summis
359 1728 461 1757 insidat
482 1729 607 1761 auribus,
634 1729 681 1756 sed
698 1737 748 1764 per
761 1730 887 1757 auditum
910 1734 1039 1765 penetret
1059 1730 1088 1757 in
1111 1730 1234 1758 animum
1259 1729 1353 1764 ibique
1376 1728 1491 1756 ﬁrmiter
1508 1729 1660 1757 inhaereat.
1681 1729 1788 1765 Reliqui

153 1782 254 1803 omnes
272 1775 431 1803 auscultant
443 1783 494 1811 per
509 1783 647 1803 summum
662 1775 815 1809 silentium,
830 1781 997 1804 annutantes
1010 1777 1099 1805 oculis
1111 1781 1217 1804 tantum
1230 1781 1277 1805 aut
1286 1776 1387 1811 capite.
1403 1776 1431 1803 ld
1445 1784 1591 1804 commune
1608 1779 1741 1813 σεμνεῖον,
1762 1778 1790 1805 in

153 1823 229 1858 quod
246 1823 251 1859 Ι
267 1824 385 1859 septimo
396 1824 441 1851 die
454 1823 633 1856 conveniunt,
647 1828 725 1859 septo
739 1824 877 1852 clauditur
891 1824 1007 1859 duplici,
1024 1824 1158 1860 separatis
1168 1824 1292 1852 virorum
1303 1828 1331 1851 et
1345 1823 1495 1851 mulierum
1505 1824 1640 1852 coetibus.
1651 1825 1719 1852 Nam
1731 1832 1792 1852 mu-

151 1869 237 1897 lieres
253 1878 364 1905 quoque
384 1870 544 1898 auscultant
555 1878 589 1899 ex
601 1879 690 1905 more,
702 1871 839 1898 duntaxat
855 1878 926 1906 quae
939 1870 1098 1898 institutum
1115 1870 1188 1898 idem
1206 1875 1358 1898 sectantur.
1375 1870 1481 1897 Medius
1490 1875 1582 1897 autem
1598 1871 1690 1906 paries
1703 1879 1719 1898 a
1732 1871 1792 1898 solo

151 1917 245 1953 surgit
256 1917 347 1945 tribus
358 1922 513 1953 quatuorve
525 1919 628 1946 cubitis
641 1919 670 1947 in
684 1919 796 1946 modum
807 1919 956 1952 loriculae;
969 1919 1113 1955 superiora
1125 1927 1212 1954 usque
1225 1922 1260 1947 ad
1275 1923 1378 1946 tectum
1389 1922 1493 1954 patent.
1519 1918 1597 1946 Unde
1609 1919 1717 1954 gemina
1727 1927 1792 1954 pro-

151 1965 229 1993 venit
241 1965 434 1999 commoditas,
451 1970 479 1993 et
490 1966 564 2001 quod
576 1967 676 2002 pudori
701 1967 831 1994 foeminei
845 1974 928 1994 sexus
941 1966 1107 1998 consulitur,
1121 1971 1151 1994 et
1172 1966 1246 2001 quod
1260 1965 1345 1993 verba
1362 1965 1486 1994 doctoris
1502 1965 1689 1993 exaudiuntur
1710 1966 1790 1994 facile

151 2013 257 2048 absque
269 2013 422 2041 obstaculis
440 2022 510 2048 quae
527 2022 624 2042 vocem
638 2015 826 2050 intercipiant.
850 2014 1062 2050 Teniperantiae
1083 2020 1215 2049 tanquam
1234 2014 1414 2041 fundamento
1430 2014 1459 2040 in
1478 2014 1570 2040 anima
1588 2013 1660 2040 iacto
1672 2013 1791 2041 virtutes

150 2063 260 2086 ceteras
269 2052 478 2095 superstruunt.
492 2060 549 2087 Nec
563 2060 655 2088 cibum
670 2069 722 2088 nec
735 2065 831 2095 potum
842 2061 989 2096 quisquam
1002 2060 1087 2088 sumit
1098 2065 1162 2087 ante
1182 2060 1248 2087 solis
1263 2068 1402 2091 occasum,
1417 2059 1492 2094 quod
1504 2059 1655 2094 sapientiae
1668 2059 1790 2087 studium

152 2104 208 2132 luci
222 2106 372 2134 convenire
395 2106 530 2139 iudicent,
542 2107 666 2135 tenebris
679 2115 746 2135 vero
757 2115 852 2135 curam
872 2107 1007 2142 corporis.
1023 2107 1088 2134 Ideo
1099 2110 1170 2134 totos
1188 2106 1248 2133 dies
1268 2106 1359 2139 alteri,
1373 2105 1451 2134 alteri
1473 2113 1539 2133 vero
1555 2105 1681 2140 exiguam
1700 2105 1791 2133 noctis

152 2156 260 2186 partem
274 2152 413 2180 tribuunt.
426 2153 558 2181 Nonnulli
576 2161 611 2181 ex
625 2153 670 2181 his
687 2154 734 2181 vix
747 2153 829 2181 tertio
844 2161 954 2188 quoque
967 2153 1013 2180 die
1033 2153 1135 2180 famem
1152 2152 1288 2185 sentiunt,
1300 2152 1398 2180 attenti
1414 2152 1500 2187 magis
1524 2152 1558 2180 ad
1579 2151 1790 2187 disciplinarum

151 2198 308 2226 scientiam.
319 2200 376 2228 Nec
387 2201 498 2234 desunt,
512 2201 560 2236 qui
574 2201 716 2236 praelaute
732 2205 848 2235 accepto
859 2201 942 2236 epulo
961 2201 1114 2235 sapientiae
1126 2200 1238 2236 copiose
1254 2201 1414 2236 praebentis
1435 2208 1484 2228 sua
1504 2200 1618 2235 placita,
1634 2201 1787 2236 perdurant

151 2244 270 2279 duplum
286 2245 349 2272 eius
366 2247 507 2281 temporis,
522 2250 550 2274 et
562 2246 607 2274 vix
624 2251 701 2274 sexto
714 2246 759 2273 die
776 2246 924 2281 degustant
938 2247 1031 2274 cibum
1052 2247 1252 2279 necessarium,
1266 2247 1370 2274 assueti
1384 2246 1456 2274 sicut
1478 2246 1590 2274 cicadae
1602 2254 1664 2274 rore
1682 2246 1787 2279 vivere,

150 2290 281 2322 canticis,
306 2290 416 2326 opinor,
441 2292 562 2320 solantes
584 2292 714 2319 inediam.
733 2292 886 2327 Septimum
902 2300 970 2319 vero
995 2293 1079 2325 diem,
1100 2296 1132 2320 ut
1158 2293 1261 2320 festum
1281 2298 1484 2328 sacratumque,
1510 2293 1616 2321 honore
1640 2293 1788 2328 dignantur

156 2339 281 2371 eximio;
299 2346 354 2374 quo
372 2344 433 2374 post
447 2348 542 2368 curam
557 2340 642 2368 animi
662 2348 764 2375 corpus
776 2348 885 2375 quoque
899 2340 1037 2374 reﬁciunt,
1057 2341 1129 2369 sicut
1147 2341 1272 2368 iumento
1291 2342 1445 2369 relaxantes
1467 2341 1589 2369 laborem
1613 2341 1787 2368 continuum.

150 2385 184 2414 In
196 2386 294 2413 cibatu
304 2390 423 2413 utuntur
433 2395 504 2422 pane
519 2387 647 2423 simplici;
661 2387 700 2414 sal
713 2387 802 2414 vicem
814 2387 923 2422 supplet
934 2387 1060 2420 obsonii;
1074 2388 1122 2422 qui
1132 2387 1305 2415 delicatiores
1313 2393 1387 2420 sunt,
1398 2388 1544 2423 hyssopum
1554 2395 1604 2422 pro
1614 2387 1789 2415 condimento

147 2433 299 2462 adiiciunt.
315 2433 413 2460 Potum
426 2442 442 2461 e
458 2434 570 2462 ﬂuentis
581 2435 725 2466 hauriunt,
738 2435 861 2462 contenti
876 2434 986 2469 placare
1000 2434 1127 2462 dominas
1138 2442 1154 2461 a
1165 2439 1264 2462 natura
1278 2435 1444 2462 mortalibus
1455 2434 1572 2465 additas,
1585 2434 1685 2460 famem
1701 2433 1791 2460 sitim-

147 2490 216 2517 que,
230 2482 336 2516 absque
352 2482 482 2509 omnibus
492 2483 648 2516 lenociniis,
662 2483 779 2511 fruendo
793 2483 877 2510 rebus
888 2483 949 2510 sine
969 2483 1072 2518 quibus
1086 2490 1143 2509 non
1154 2483 1219 2510 licet
1234 2482 1339 2510 vivere.
1355 2483 1447 2510 Edunt
1462 2482 1545 2517 igitur
1556 2489 1591 2509 ne
1598 2481 1731 2512 esuriant,
1744 2480 1787 2507 bi-

149 2529 222 2556 bunt
237 2536 275 2555 ne
285 2528 389 2560 sitiant,
401 2528 574 2555 saturitatem
586 2529 708 2557 cavendo
722 2534 753 2557 ut
765 2529 843 2557 inimi
860 2530 864 2565 |
880 2538 939 2557 eam
952 2529 1044 2556 animo
1052 2529 1156 2564 pariter
1167 2537 1200 2557 ac
1210 2529 1330 2564 corpori.
1345 2529 1380 2556 Et
1392 2529 1522 2563 quoniam
1536 2526 1664 2562 tegminis
1678 2535 1789 2562 quoque

147 2575 223 2603 duae
239 2578 305 2602 sunt
318 2573 436 2608 species,
451 2573 537 2600 vestis
554 2577 721 2610 tectumque,
735 2575 769 2602 de
787 2575 902 2602 aedibus
913 2574 966 2602 iam
976 2574 1045 2606 dixi,
1059 2582 1121 2601 esse
1132 2574 1251 2602 incultas
1267 2579 1294 2601 et
1309 2580 1544 2609 extemporaneas,
1560 2573 1646 2600 factas
1659 2573 1693 2600 ad
1707 2581 1789 2608 prae-

147 2626 260 2649 sentem
274 2628 356 2647 usum
370 2620 571 2648 tantummodo.
593 2621 623 2648 in
636 2626 712 2649 veste
728 2625 821 2648 autem
833 2621 929 2648 eadem
949 2626 1065 2656 apparet
1077 2621 1252 2656 simplicitas,
1266 2621 1300 2648 ad
1312 2621 1447 2648 arcendos
1462 2620 1568 2647 calores
1579 2624 1607 2647 et
1617 2620 1727 2655 frigora,
1740 2628 1790 2655 pro

147 2668 278 2704 pelliceis
293 2674 385 2695 crassa
406 2668 500 2695 tunica
512 2667 542 2694 in
555 2667 663 2702 hyeme,
680 2671 784 2694 aestate
797 2674 864 2694 vero
877 2667 984 2694 emmis
997 2672 1044 2693 aut
1056 2667 1175 2694 interula
1187 2667 1270 2694 linea.
1286 2667 1317 2694 In
1327 2666 1487 2694 universum
1499 2666 1573 2693 enim
1588 2671 1717 2694 exercent
1730 2674 1790 2693 mo—

145 2717 281 2748 destiam,
293 2720 324 2743 ut
343 2716 447 2743 fontem
458 2716 596 2747 veritatis,
614 2715 686 2742 sicut
699 2723 715 2742 e
725 2715 799 2742 fastu
810 2715 987 2742 mendacium
1007 2719 1174 2750 prognatum
1192 2719 1347 2742 autumant.
1361 2713 1505 2742 Proﬂuunt
1526 2715 1600 2741 enim
1613 2722 1628 2742 e
1646 2714 1790 2741 mendacio

148 2765 246 2792 variae
274 2764 412 2791 malorum
438 2763 565 2799 species;
583 2768 681 2790 contra
708 2771 741 2790 ex
760 2763 877 2790 veritate
896 2763 1020 2790 omnium
1044 2763 1206 2790 felicitatum
1229 2763 1410 2790 humanarum
1436 2762 1646 2797 divinarumque
1669 2763 1757 2796 copia.
1778 2770 1787 2786 ι

148 2810 256 2839 Deinde
270 2812 436 2846 quibusdam
453 2811 606 2839 interiectis
627 2811 695 2838 haec
708 2811 762 2838 ait:
776 2821 785 2836 ε
801 2811 853 2839 Ubi
867 2819 935 2838 vero
951 2818 1108 2838 convenere
1121 2810 1259 2838 candidati
1273 2816 1302 2838 et
1317 2810 1382 2837 laeti
1402 2818 1465 2837 cum
1484 2817 1591 2837 summa
1608 2809 1740 2845 gravitate
1755 2808 1789 2835 ad

151 2859 260 2891 signum
269 2857 364 2885 datum
374 2866 389 2884 a
398 2857 525 2893 quopiam
534 2857 805 2893 cphemereuta—sie
818 2857 976 2885 huiusmodi
986 2857 1127 2885 ministros
1135 2857 1477 2893 nominant—priusquam
1489 2856 1673 2888 discumbant,
1687 2859 1790 2883 stantes

152 2911 209 2931 una
219 2905 291 2932 serie
306 2904 448 2937 decenter,
460 2905 630 2940 sublatisque
641 2906 674 2933 ad
688 2906 794 2933 caelum
804 2904 933 2932 manibus
944 2909 1025 2940 atque
1036 2905 1139 2933 oculis:
1150 2905 1192 2933 his
1206 2904 1334 2941 quoniam
1344 2904 1500 2932 didicerunt
1511 2909 1633 2939 spectare
1645 2903 1784 2935 caelestia,

273 2950 410 2982 I’nnon.
428 2953 485 2982 Gn.
507 2953 638 2983 XXXIV.
1552 2950 1586 2983 10
