2048 3153
275 155 326 182 21)]
913 146 960 174 JO.
981 145 1047 173 PiCl
1062 145 1256 173 PRAEFATIO
1841 143 1894 171 292

276 214 334 241 illis
359 216 452 248 utpote
466 208 632 243 incorruptis
646 216 661 235 a
675 207 836 235 muneribus
843 210 873 233 et
886 210 1001 241 quaestu
1014 204 1110 232 illicito
1123 213 1129 230 2
1143 208 1301 240 precantur,
1310 208 1341 231 ut
1354 204 1409 232 Deo
1421 204 1527 239 placeat
1539 202 1567 231 id
1574 201 1740 230 convivium.
1754 200 1894 229 Absolutis

277 260 406 295 precibus
424 257 545 285 seniores
560 255 746 287 discumbunt,
763 262 795 282 ac
811 261 874 280 mox
886 253 933 280 alii
946 260 996 288 pro
1012 252 1146 286 cuiusque
1156 252 1298 286 dignitate.
1312 251 1368 279 Nec
1381 252 1454 279 enim
1469 251 1591 279 seniores
1603 258 1637 278 ex
1651 249 1730 277 annis
1738 249 1892 282 aestimant,

278 306 325 333 sed
340 304 514 340 quantumvis
524 302 693 338 grandaevos
703 301 805 328 habent
815 307 865 335 pro
878 299 983 334 pueris,
999 298 1022 325 si
1037 305 1100 325 sero
1112 297 1270 325 institutum
1283 297 1335 325 hoc
1346 297 1481 333 complexi
1492 300 1570 330 sunt;
1584 297 1716 323 honorem
1728 303 1794 323 vero
1811 302 1892 322 sene-

278 353 361 380 ctutis
377 352 503 379 tribuunt
512 351 557 378 his
568 350 616 385 qui
632 351 816 377 exercuerunt
828 355 857 374 se
866 355 882 374 a
894 347 1036 374 iuventute
1049 345 1078 372 in
1090 345 1141 372 hac
1153 344 1338 380 pulcherrima
1348 344 1494 379 divinaque
1511 348 1587 379 parte
1599 342 1823 377 contemplativae
1831 341 1894 377 phi-

277 399 426 434 losophiae.
443 399 616 426 Adhibentur
627 405 738 425 mensae
747 395 882 424 foeminae
893 401 1013 429 quoque,
1025 401 1094 421 anus
1107 393 1263 428 pleraeque,
1274 392 1321 420 sed
1334 393 1464 428 virgines,
1476 400 1531 419 non
1543 395 1655 419 coactae
1668 390 1810 423 castitatis,
1824 389 1895 417 sicut

276 445 347 480 apud
358 444 477 472 Graecos
486 444 618 480 quaedam
631 443 811 474 sacriﬁculae,
823 442 872 469 sed
885 445 981 476 sponte
996 440 1169 467 continentes
1185 447 1250 474 prae
1267 447 1360 466 amore
1371 438 1532 473 sapientiae,
1548 437 1627 465 cuius
1646 436 1736 464 studio
1748 444 1797 471 per
1810 441 1893 464 totam

275 494 360 520 vitam
384 495 607 527 contempserunt
621 491 775 526 voluptates
789 489 923 524 corporis,
936 487 1070 515 nimirum
1091 487 1211 518 divinae,
1234 494 1289 513 non
1309 486 1443 518 mortalis,
1463 486 1550 520 prolis
1570 485 1694 520 cupidae,
1716 492 1798 519 quam
1821 485 1895 514 solae

276 538 331 564 Deo
348 537 352 572 |
368 537 465 564 charae
478 536 583 563 animae
596 543 629 562 ex
640 534 738 570 seipsis
749 534 869 569 pariunt,
885 532 1054 567 excipientes
1067 540 1117 567 pro
1127 531 1232 559 semine
1250 531 1438 566 intelligibiles
1451 531 1541 558 Patris
1561 531 1662 563 radios,
1680 535 1711 558 ut
1726 530 1836 558 decreta
1850 537 1894 557 sa-

277 584 396 619 pientiae
410 582 620 618 contemplando
633 582 773 616 percipere
785 580 904 607 valeant.
919 579 1078 607 Discubitus
1091 578 1128 606 ita
1143 578 1330 610 distribuitur,
1341 582 1372 605 ut
1387 585 1511 605 seorsum
1523 577 1574 604 viri
1586 572 1710 604 dextrum
1727 576 1807 608 latus,
1820 583 1895 603 seor-

277 640 337 659 sum
346 632 480 659 foeminae
490 631 632 658 sinistrum
642 633 760 656 teneant.
776 628 854 661 Quod
867 628 890 655 si
903 628 966 663 quis
973 627 1139 662 suspicatur,
1153 627 1321 654 lectisternia
1330 626 1382 653 etsi
1394 634 1448 653 non
1459 630 1627 661 sumptuosa,
1638 629 1712 652 certe
1724 623 1895 652 molliuscula

278 677 367 712 parari
384 677 541 704 hominibus
550 675 679 711 ingenuis
691 679 719 701 et
734 673 922 709 philosophiae
943 672 1053 705 deditis,
1070 672 1137 699 sciat
1154 680 1215 699 esse
1231 676 1334 707 tegetes
1349 671 1431 699 rudes
1443 679 1458 699 e
1475 671 1522 698 vili
1535 675 1672 698 contextas
1685 670 1807 702 materia,
1820 669 1895 696 vidc-

277 725 342 752 licet
357 732 372 752 e
384 731 485 759 papyro
500 723 637 758 indigena,
651 721 691 748 sic
703 720 780 747 humi
794 723 928 755 aggestas,
946 722 976 745 ut
985 717 1132 746 eminendo
1144 717 1258 745 fulciant
1270 717 1388 745 cubitos.
1407 717 1561 744 Remittunt
1578 717 1651 744 enim
1665 716 1806 751 paululum
1820 716 1894 743 illam

276 770 426 797 laconicam
439 768 600 803 diSciplinae
619 766 760 798 duritiam,
779 772 887 800 semper
914 768 942 792 et
965 764 1068 798 ubique
1089 763 1236 798 probantes
1248 763 1390 790 liberalem
1406 762 1598 797 frugalitatem,
1613 762 1677 789 totis
1691 761 1797 789 viribus
1816 769 1894 789 aver-

277 815 362 843 sando
373 815 520 850 voluptatis
530 814 683 842 illecebras.
698 823 707 839 r
724 814 758 840 Et
769 813 852 848 paulo
861 816 923 847 post
936 821 941 838 :
959 821 967 837 ι
986 811 1085 839 Vinum
1102 818 1151 846 per
1166 811 1228 838 illos
1241 810 1301 838 dies
1310 818 1365 837 non
1379 810 1538 845 praebetur,
1551 810 1598 837 sed
1611 817 1680 845 aqua
1694 809 1893 844 limpidiss'lna,

277 863 495 898 ceterisfrigida,
510 862 597 890 calida
612 869 678 889 vero
690 861 734 888 his
748 860 795 895 qui
811 860 882 887 inter
896 860 1018 887 seniores
1030 863 1181 886 tractantur
1194 858 1347 885 delicatius.
1365 857 1457 885 Mensa
1469 866 1537 893 pura
1550 861 1592 885 est
1606 865 1620 885 a
1632 857 1755 884 cruentis
1767 857 1893 893 dapibus.

277 911 329 937 Pro
343 910 403 937 cibo
412 909 490 944 panis
502 909 658 944 apponitur,
672 908 711 935 sal
724 915 774 942 pro
791 906 917 938 obsonio,
932 909 960 933 et
976 913 1027 941 pro
1041 905 1217 932 condimento
1228 904 1362 940 hyssopus
1376 904 1403 931 in
1414 904 1593 931 delicatorum
1604 903 1727 939 gratiam.
1741 902 1895 938 Operantur

277 958 349 985 enim
367 962 397 985 ut
413 957 568 984 sacerdotes
587 956 672 983 sacris
684 955 836 987 abstemiis,
849 958 906 981 tota
925 954 1016 981 victus
1038 953 1143 980 ratione
1166 953 1296 987 castigata
1314 952 1349 979 ad
1365 951 1480 979 eandem
1498 951 1691 987 frugalitatem.
1710 952 1778 979 Nam
1797 951 1892 980 vinum

277 1004 378 1032 habent
392 1012 440 1039 pro
453 1011 558 1031 veneno
571 1003 702 1030 atl‘erente
720 1001 897 1033 dementiam,
911 1000 1033 1035 opiparis
1045 1003 1136 1027 autem
1151 999 1275 1026 obsoniis
1286 998 1363 1026 aiunt
1378 998 1480 1025 irritari
1500 997 1761 1033 concupiscentiam,
1775 997 1894 1025 helluam

277 1053 492 1080 insaturabilem.
506 1052 577 1078 llaec
591 1055 654 1078 sunt
671 1050 782 1078 exordia
797 1049 929 1077 convivii.
947 1059 955 1074 ι
974 1049 1009 1076 Et
1025 1052 1087 1083 post
1102 1056 1188 1083 pauca
1205 1047 1331 1074 subditur
1345 1055 1352 1074 :
1368 1056 1376 1072 ι
1391 1047 1587 1074 Enarrationes
1601 1049 1692 1073 autem
1707 1038 1845 1073 sacrarum
1861 1045 1894 1072 li-

278 1103 398 1126 terarum
411 1102 537 1125 constant
550 1106 584 1125 ex
596 1097 746 1132 allegoriis.
760 1095 828 1123 Nam
843 1095 873 1122 hi
882 1094 935 1122 viri
952 1098 1037 1121 totam
1050 1094 1137 1129 legem
1151 1094 1308 1121 existimant
1326 1093 1428 1121 habere
1447 1092 1573 1120 animalis
1588 1091 1804 1124 similitudinem,
1823 1092 1895 1127 quod

277 1148 422 1180 praecepta
436 1150 536 1178 corpus
549 1142 681 1174 referant,
693 1141 814 1169 animam
829 1148 895 1168 vero
909 1139 1062 1168 sententiae
1080 1139 1245 1167 retrusiores
1267 1139 1318 1167 sub
1332 1139 1468 1166 velamine
1482 1138 1630 1166 verborum
1649 1137 1768 1165 abditae.
1790 1137 1821 1164 In
1833 1137 1895 1172 qui-

276 1191 328 1218 bus
343 1190 485 1218 rationalis
493 1189 583 1217 anima
594 1189 703 1225 egregie
717 1188 836 1224 seipsam
847 1188 1049 1222 contemplatur
1060 1192 1189 1222 tanquam
1204 1187 1231 1214 in
1244 1187 1364 1222 speculo,
1379 1186 1430 1214 sub
1444 1185 1487 1213 his
1497 1186 1563 1221 ipsis
1576 1185 1668 1213 verbis
1678 1185 1775 1212 miram
1788 1188 1897 1212 senten-

276 1235 376 1262 tiarum
397 1235 634 1269 pulchritudinem
647 1233 822 1269 conspiciens
835 1237 863 1261 et
877 1233 1016 1268 explicans
1038 1240 1053 1260 e
1076 1232 1129 1268 frgu
1146 1233 1151 1268 Ι
1167 1241 1259 1259 rarum
1285 1232 1444 1265 involucris,
1470 1236 1551 1266 atque
1571 1232 1609 1258 ita
1630 1231 1794 1266 penitiorem
1813 1229 1895 1258 intel-

276 1280 377 1309 lectum
390 1281 417 1307 in
437 1281 525 1308 lucem
539 1280 693 1315 produceus
709 1279 842 1306 duntaxat
854 1279 926 1314 apud
940 1286 997 1311 eos,
1010 1278 1057 1313 qui
1072 1286 1121 1313 per
1138 1279 1310 1305 occasionem
1327 1278 1461 1306 admoniti
1485 1278 1577 1305 sciunt
1598 1278 1716 1305 obscura
1737 1285 1772 1305 ex
1792 1277 1897 1313 apertis

276 1328 414 1364 colligere.
427 1327 479 1356 Ubi
493 1335 560 1354 vero
574 1334 684 1362 praeses
696 1326 771 1354 visus
781 1330 824 1354 est
836 1334 894 1353 rem
907 1325 978 1353 bene
999 1325 1142 1352 tractando
1165 1325 1329 1352 satisfecisse
1349 1325 1506 1353 auditorum
1521 1324 1670 1357 desiderio,
1692 1325 1806 1360 plausus
1828 1332 1895 1360 pro-

276 1376 365 1410 palam
376 1375 469 1402 editur
483 1375 516 1402 ab
530 1374 668 1402 omnibus.
684 1373 753 1401 Tum
767 1375 812 1402 ille
829 1382 974 1409 assurgens
989 1374 1120 1409 hymnum
1134 1373 1162 1400 in
1178 1373 1286 1400 laudem
1298 1373 1346 1401 Dei
1367 1374 1472 1408 primus
1484 1374 1566 1406 canit,
1578 1378 1626 1400 aut
1640 1381 1736 1401 recens
1751 1381 1767 1400 a
1777 1381 1805 1400 se
1819 1381 1895 1400 com-

276 1422 406 1456 positum,
434 1426 481 1448 aut
512 1422 685 1457 desumptum
716 1422 750 1449 ab
774 1421 867 1456 aliquo
887 1427 979 1449 vatum
1001 1425 1134 1449 veterum.
1169 1421 1282 1448 Exstant
1304 1421 1378 1448 enim
1410 1421 1492 1448 huius
1517 1421 1627 1456 generis
1651 1421 1772 1448 carmina
1794 1421 1895 1456 prisca,

276 1475 356 1494 versu
382 1467 517 1499 trimetro,
542 1471 570 1494 et
599 1466 693 1502 hymni
718 1474 780 1494 cum
804 1467 862 1494 suis
885 1466 1045 1494 accentibus
1069 1467 1142 1493 inter
1166 1473 1243 1493 sacra
1268 1466 1383 1494 canendi
1418 1470 1480 1493 ante
1501 1466 1609 1498 altaria,
1634 1463 1681 1493 vel'
1705 1473 1721 1493 a
1748 1465 1895 1497 stantibus,

276 1512 318 1539 vel
352 1520 368 1539 a
400 1512 514 1538 choreas
546 1511 711 1538 ducentibus
742 1511 898 1538 moderatas
932 1511 1016 1539 variis
1048 1511 1164 1539 ﬂexibus
1199 1515 1282 1546 atque
1314 1511 1470 1539 reﬂexibus.
1493 1511 1649 1539 Praesulem
1667 1519 1731 1538 mox
1753 1511 1896 1539 imitantur

276 1558 362 1585 ceteri
392 1557 500 1584 decenti
541 1557 660 1589 ordine,
685 1557 813 1584 omnibus
842 1557 945 1584 intente
980 1557 1126 1591 quietequo
1162 1557 1397 1590 auscultantibus,
1431 1561 1621 1592 praeterquam
1650 1556 1679 1584 in
1712 1556 1766 1584 ﬁne
1803 1555 1895 1592 hymni

275 1608 450 1638 extremaque
488 1603 618 1631 clausula.
653 1604 731 1631 Tunc
765 1604 837 1630 enim
869 1603 988 1630 universi
1024 1611 1118 1630 vocem
1144 1604 1294 1636 extollunt,
1333 1603 1391 1630 sine
1419 1611 1499 1630 sexus
1531 1603 1698 1630 discrimine.
1724 1611 1734 1628 ι
1756 1602 1808 1629 Ista
1831 1606 1896 1629 sunt

275 1649 398 1676 Philonis
407 1649 499 1676 verba.
514 1649 588 1682 Quae
599 1654 732 1684 quantum
756 1649 791 1676 ad
812 1649 970 1684 religionem
988 1648 1166 1676 Christianam
1188 1653 1216 1676 et
1230 1649 1442 1676 ecclesiasticum
1462 1649 1585 1676 ordinem
1603 1649 1712 1682 faciant,
1725 1648 1828 1684 liquido
1844 1648 1895 1676 dc-

275 1695 359 1721 clarat
369 1695 503 1721 Eusebius
513 1694 698 1723 Caesariensis
708 1695 843 1723 Historiae
856 1695 1061 1722 Ecelesiasticae
1077 1695 1148 1722 libro
1161 1695 1291 1723 secundo.
1309 1695 1360 1728 Qui
1374 1695 1483 1730 quidem
1503 1695 1600 1722 horum
1614 1695 1786 1731 θεραπευτῶν
1796 1695 1894 1722 ducem

274 1741 388 1768 aﬂirmat
400 1749 460 1769 esse
474 1742 585 1769 beatum
607 1742 726 1769 Marcum
744 1742 898 1777 apostolum
919 1747 946 1769 et
959 1742 1163 1777 evangelistam,
1178 1743 1297 1777 primum
1313 1742 1493 1770 Alexandriae
1511 1743 1678 1776 episcopum,
1699 1741 1894 1776 Philonemque

273 1787 473 1814 ecclesiasticae
490 1788 670 1815 institutionis
683 1787 761 1815 initia
778 1792 806 1815 et
823 1788 954 1823 originem
968 1789 1132 1823 apostolicae
1146 1793 1227 1823 atque
1239 1789 1320 1815 etiam
1333 1789 1505 1823 evangelicae
1519 1788 1672 1815 traditionis
1686 1788 1773 1815 eidem
1783 1787 1894 1823 Suppli-

274 1840 335 1859 cum
353 1833 423 1860 libro
437 1834 595 1866 intexuisse,
612 1834 651 1861 sic
673 1833 836 1861 scribens‘:
859 1843 867 1858 ι
890 1834 1010 1861 Marcum
1028 1835 1101 1862 hunc
1120 1835 1238 1870 primum
1258 1835 1335 1862 aiunt
1357 1835 1390 1862 ad
1411 1835 1559 1870 Aegyptum
1580 1835 1704 1867 missum,
1722 1835 1892 1870 evangelium

273 1879 339 1910 illic,
355 1879 427 1913 quod
442 1884 470 1907 et
492 1880 703 1915 conscripserat,
724 1879 908 1914 praedicasse,
923 1880 1096 1915 primumque
1108 1880 1239 1908 ecclesias
1256 1880 1436 1907 Alexandriae
1454 1880 1638 1907 constituisse.
1653 1880 1736 1908 Tanta
1752 1886 1842 1908 autem
1855 1880 1892 1907 ibi

273 1926 443 1953 credentium
457 1926 577 1953 virorum
594 1934 626 1953 ac
638 1927 783 1954 mulierum
797 1927 944 1954 multitudo
956 1927 1045 1962 prima
1061 1927 1218 1954 accessione
1234 1935 1284 1962 per
1301 1928 1460 1955 exercitium
1473 1927 1691 1961 philosophicum
1706 1927 1850 1954 admodum
1861 1935 1893 1954 ac

273 1972 512 2007 diligentissimum
536 1972 651 2000 collecta
671 1977 731 2004 est,
752 1977 783 1999 ut
803 1971 933 2000 exercitia
956 1980 1067 2005 eorum,
1091 1978 1251 2006 conventus,
1269 1973 1414 2008 symposia,
1433 1977 1462 2000 et
1475 1974 1629 2000 universam
1641 1981 1671 2000 re
1687 1972 1692 2009 Ι
1709 1973 1809 2008 liquam
1820 1973 1892 2000 vitae

274 2019 506 2048 conversationem
523 2019 601 2046 Philo
622 2019 710 2046 literis
731 2019 862 2046 mandare
883 2019 1011 2055 dignatus
1028 2020 1073 2047 sit.
1090 2020 1189 2048 Fertur
1211 2021 1295 2048 etiam
1313 2021 1358 2048 hic
1381 2021 1459 2048 Philo
1475 2022 1577 2048 Romae
1593 2021 1644 2048 sub
1659 2021 1773 2049 Claudio
1789 2021 1823 2048 ad
1838 2021 1893 2048 col-

274 2065 394 2099 loquium
410 2065 482 2092 Petri
500 2064 630 2092 Romanis
651 2069 708 2092 tum
732 2065 915 2099 praedicantis
932 2066 1049 2093 venisse.
1088 2066 1182 2100 Neque
1204 2066 1256 2093 hoc
1278 2074 1344 2093 vero
1363 2066 1494 2093 dissimile
1512 2072 1562 2094 est.
1583 2067 1802 2094 Commentarius
1819 2067 1889 2094 enim

274 2111 329 2142 ille,
343 2119 423 2145 quem
446 2111 553 2137 tandem
572 2111 606 2137 ab
630 2118 663 2138 eo
685 2111 884 2146 posterioribus
903 2111 1072 2146 temporibus
1085 2112 1255 2139 elaboratum
1273 2120 1333 2139 esse
1346 2112 1472 2145 dicimus,
1488 2113 1628 2140 Ecclesiae
1643 2121 1771 2145 canones,
1792 2113 1838 2148 qui
1856 2110 1890 2137 ad

275 2157 342 2183 haec
359 2161 452 2183 nostra
469 2165 554 2191 usque
567 2161 687 2192 tempora
699 2161 852 2189 servantur,
865 2157 1006 2184 manifeste
1018 2157 1149 2184 continet.
1166 2158 1223 2185 Imo
1238 2158 1366 2193 quoniam
1380 2159 1463 2185 vitam
1479 2159 1561 2185 etiam
1580 2159 1767 2194 religiosorum
1782 2161 1890 2183 nostro-

275 2211 335 2232 rum
348 2210 429 2236 quam
442 2202 500 2229 ﬁeri
518 2203 608 2237 potuit
625 2203 830 2230 accuratissime
845 2203 1000 2238 descripsit,
1015 2204 1081 2230 satis
1095 2203 1267 2230 manifestum
1281 2204 1454 2239 relinquitur,
1466 2212 1521 2231 non
1534 2204 1613 2232 modo
1628 2204 1727 2231 vidisse
1739 2210 1802 2230 eum
1817 2203 1890 2230 viros

275 2249 335 2276 illos
348 2249 510 2283 apostolicos
533 2248 575 2275 sui
595 2248 726 2284 temporis
745 2257 779 2275 ex
800 2249 942 2281 Hebraeis,
966 2254 998 2276 ut
1016 2256 1082 2276 vero
1104 2249 1191 2276 simile
1208 2254 1259 2281 est,
1271 2251 1417 2284 profectos,
1436 2251 1470 2278 oh
1484 2259 1598 2286 eamque
1617 2256 1725 2276 causam
1738 2248 1890 2283 priscorum

276 2295 356 2321 ritum
368 2294 457 2321 adhuc
473 2301 549 2320 more
572 2294 738 2321 Iudaeorum
752 2294 939 2326 observantes,
952 2294 999 2322 sed
1011 2299 1039 2321 et
1050 2294 1191 2328 probasse,
1204 2294 1367 2329 divinosque
1378 2300 1407 2322 et
1419 2296 1548 2323 honestos
1561 2295 1703 2322 iudicasse.
1715 2293 1782 2320 Cum
1794 2293 1890 2328 primis

273 2346 301 2367 et
318 2340 369 2367 hoc
393 2340 489 2374 liquet,
502 2340 574 2374 quod
586 2340 655 2367 nihil
669 2340 740 2367 ultra
756 2340 899 2368 veritatem
919 2341 1029 2368 aliunde
1041 2346 1088 2368 aut
1104 2350 1136 2368 ex
1156 2342 1244 2376 seipso
1261 2342 1313 2372 his,
1332 2350 1402 2376 quae
1417 2342 1537 2369 scribere
1557 2345 1669 2368 conatus
1683 2339 1752 2371 fuit,
1773 2339 1890 2366 adiicere

274 2387 368 2413 volens
388 2387 415 2414 in
435 2395 468 2415 eo
488 2388 568 2420 libro,
586 2395 666 2422 quem
678 2388 712 2415 de
731 2388 786 2416 vita
798 2388 1007 2423 contemplativa
1022 2394 1069 2416 aut
1082 2389 1115 2416 de
1130 2390 1306 2424 precantibus
1319 2390 1469 2424 inscripsit,
1493 2390 1612 2417 cultores
1628 2396 1686 2420 eos,
1706 2392 1735 2415 et
1750 2387 1890 2420 mulieres,

274 2440 343 2468 quae
354 2440 415 2459 eum
436 2434 476 2460 eis
488 2437 575 2465 erant,
594 2433 721 2462 cultrices
729 2435 819 2461 vocari
832 2434 941 2466 dixerit,
951 2443 1115 2470 causamque
1131 2436 1320 2470 appellationis
1329 2436 1410 2463 huius
1422 2436 1562 2467 adiecerit,
1575 2439 1620 2461 aut
1631 2433 1703 2468 quod
1721 2434 1826 2460 animos
1845 2440 1891 2459 ac-

273 2480 452 2507 cedentiuma
471 2480 642 2515 passionibus
651 2480 771 2508 malitiae
791 2481 877 2508 instar
893 2482 1060 2509 medicorum
1078 2483 1226 2509 liberantes
1237 2482 1393 2509 curaverint
1403 2490 1435 2509 ac
1448 2482 1613 2512 sanaverint,
1628 2480 1671 2507 vel
1683 2479 1755 2514 quod
1775 2479 1891 2506 caeleste

274 2533 375 2553 numen
400 2527 502 2554 mundo
521 2528 596 2554 cultu
618 2527 777 2561 sinceraque
795 2527 924 2562 religione
944 2529 1066 2555 venerati
1083 2527 1146 2555 sint.
1165 2528 1227 2555 Sive
1244 2528 1326 2562 igitur
1341 2529 1413 2555 hanc
1434 2527 1488 2554 illis
1508 2526 1714 2562 appellationem
1735 2525 1769 2552 de
1790 2531 1841 2551 suo
1856 2522 1891 2549 ob

273 2572 427 2607 praedictas
442 2580 537 2600 causas
555 2573 694 2608 imposuit,
710 2581 864 2607 nomenque
880 2573 1000 2600 virorum
1018 2573 1133 2601 istorum
1151 2574 1261 2608 proprie
1279 2574 1331 2601 hoc
1348 2580 1428 2609 pacto
1455 2572 1608 2607 descripsit,
1626 2572 1683 2599 sive
1705 2571 1796 2599 statim
1814 2569 1892 2596 initio

274 2625 338 2643 vere
350 2617 390 2644 sic
404 2618 490 2644 vocati
502 2617 566 2649 sint,
580 2625 642 2644 cum
657 2617 842 2645 Christianum
853 2626 953 2645 nomen
965 2619 1176 2653 haudquaquam
1194 2623 1251 2646 tum
1264 2620 1363 2654 quovis
1377 2620 1438 2647 loco
1450 2619 1648 2651 celebraretur,
1658 2626 1713 2645 non
1724 2623 1766 2646 est
1776 2624 1892 2645 necesse

274 2667 304 2690 ut
318 2662 524 2690 contendamus.
539 2663 597 2690 Hoc
612 2668 702 2691 tamen
712 2671 774 2690 cum
785 2665 881 2698 primis
900 2669 1025 2697 testatur,
1037 2665 1109 2699 quod
1123 2665 1299 2696 facultatibus
1313 2666 1370 2693 suis
1385 2666 1583 2698 renunciarint,
1599 2673 1631 2692 ac
1643 2665 1723 2693 bonis
1736 2665 1769 2692 ad
1787 2673 1816 2692 se
1828 2672 1892 2699 per-

273 2707 427 2734 tinentibus
442 2707 576 2736 cesserint
597 2708 624 2735 hi
637 2709 684 2744 qui
697 2708 884 2744 philosophari
897 2709 1068 2744 coepissent;
1083 2710 1182 2738 deinde
1198 2715 1227 2738 et
1237 2719 1253 2738 a
1269 2719 1322 2738 cun
1338 2711 1343 2747 |
1359 2711 1411 2739 etis
1423 2711 1495 2739 vitae
1509 2711 1592 2738 huius
1610 2711 1684 2738 curis
1695 2710 1890 2741 abstinuerint,

274 2752 430 2787 relictisque
447 2753 534 2780 muris
547 2753 574 2780 in
586 2755 657 2789 agris
667 2759 695 2782 et
713 2754 800 2782 hortis
814 2755 936 2783 solitarie
950 2756 1103 2783 conversati
1118 2757 1183 2788 sint,
1196 2762 1271 2784 certo
1285 2757 1403 2785 scientes
1415 2758 1551 2785 consortia
1567 2765 1662 2784 eorum
1672 2777 1678 2789 ,
1695 2757 1742 2791 qui
1756 2756 1888 2790 disparem

272 2798 458 2833 sequebantur
480 2799 589 2826 vivendi
608 2800 752 2835 rationem,
763 2801 870 2828 inutilia
880 2806 908 2829 et
923 2801 1004 2829 noxia
1017 2809 1077 2830 esse
1092 2801 1146 2830 illis
1158 2803 1204 2838 qui
1222 2807 1280 2830 tum
1290 2804 1423 2838 temporis
1438 2803 1500 2836 hoc,
1524 2808 1554 2831 ut
1569 2810 1619 2838 par
1635 2808 1704 2836 erat,
1715 2803 1840 2838 agebant,
1862 2806 1891 2828 ut

309 2844 318 2858 ί
331 2843 397 2870 Lib.
413 2851 431 2871 ιι
443 2851 501 2880 cap.
518 2844 552 2872 -16
566 2851 609 2879 sq.
