2048 3153
166 177 219 205 293
553 175 598 203 AD
629 173 825 204 VERSIONEM
846 174 923 202 LAT.
947 174 1027 201 ΗΟΜ.
1050 175 1078 202 S.
1096 174 1236 202 MAGARll
1256 175 1425 203 AEGYPTH.
1733 174 1786 203 204

166 236 249 266 alacri
264 235 436 269 ferventique
459 234 511 262 fide
524 242 573 262 cos
591 234 765 262 imitarentur
777 234 823 269 qui
838 234 1027 268 propheticam
1046 234 1130 261 vitam
1149 233 1296 261 ducebant.
1314 234 1423 261 Etenim
1442 238 1470 261 et
1495 233 1522 261 in
1547 233 1623 262 Actis
1647 235 1787 269 apostolo-

168 290 228 311 rum
243 283 265 316 ',
281 283 315 310 de
334 281 436 317 quibus
451 281 521 308 nihil
537 285 580 308 est
595 280 683 313 dubii,
698 280 752 307 hoc
773 284 952 311 memoratur,
972 280 1045 314 quod
1062 287 1157 307 omnes
1179 280 1371 315 Apostolorum
1397 280 1524 316 discipuli
1548 282 1734 316 poSsessiones
1753 289 1786 309 ac

167 330 309 358 facultates
323 336 387 356 suas
410 327 565 355 divenditas
583 327 689 354 cunctis
710 327 913 358 distribuerint,
930 326 1004 354 iuxta
1025 326 1096 361 quod
1123 327 1244 354 cuiusvis
1259 326 1385 362 exigebat
1401 328 1560 359 necessitas,
1581 328 1618 355 ita
1646 333 1677 355 ut
1704 335 1787 356 nemo

167 385 279 411 prorsus
290 378 362 404 inter
379 384 426 404 eos
436 380 540 411 egeret.
557 375 697 409 Quotquot
709 375 793 406 enim,
807 374 878 401 sicut
895 373 953 408 ipsa
968 373 1052 400 verba
1073 373 1182 405 habent,
1192 381 1362 408 possessores
1372 379 1451 401 erant
1464 382 1591 409 agrorum
1604 379 1652 402 aut
1663 375 1785 407 aedium,

165 422 362 454 vendiderunt,
378 429 410 449 ac
434 421 555 456 pretium
576 421 769 448 distractorum
785 420 919 446 bonorum
936 419 1082 446 afferentes
1097 419 1130 446 ad
1146 420 1230 454 pedes
1245 419 1437 454 Apostolorum
1452 420 1604 454 ponebant,
1622 420 1656 447 ad
1681 421 1743 454 hoc,
1756 426 1785 450 ut

166 466 279 500 singulis
299 466 448 494 secundum
460 466 582 493 cuiusvis
600 465 792 493 necessitatem
816 463 1026 498 expenderetur.
1048 463 1206 491 Consimilia
1227 464 1286 491 istis
1300 464 1459 498 praedictus
1472 465 1548 491 Philo
1566 465 1736 499 testiﬁcatus,
1752 468 1785 494 ad

165 511 279 538 verbum
301 512 412 540 subiicit
425 513 538 539 dicens:
557 521 566 538 ‹
584 512 633 539 Est
648 515 739 538 autem
767 511 795 537 in
814 509 908 538 multis
924 510 1034 544 quidem
1052 514 1184 537 terrarum
1201 510 1269 537 locis
1289 510 1341 537 hoc
1358 518 1444 544 genus
1459 509 1620 544 hominum;
1642 512 1787 546 oportebat

165 557 237 584 enim
255 558 367 592 perfecti
383 558 447 585 boni
462 558 608 593 participes
618 558 675 585 fieri
687 562 740 584 tam
752 557 871 584 Graecos
883 564 965 592 quam
977 557 1111 584 Barbaros
1124 565 1236 584 :verum
1248 557 1276 583 in
1289 557 1409 595 Aegypto
1422 557 1448 584 in
1466 558 1581 593 singulis
1594 559 1784 598 praefecturis,

163 604 244 631 sicuti
257 610 365 637 vocant,
379 605 510 637 abundat,
524 609 552 632 et
567 606 684 632 maxime
707 605 780 631 circa
794 603 996 631 Alexandriam.
1010 603 1135 638 Undique
1152 608 1242 630 autem
1256 604 1376 638 optimus
1396 604 1512 638 quisque
1528 604 1604 631 velut
1619 604 1646 631 in
1658 606 1784 639 patriam,

163 648 201 675 ita
220 648 248 675 in
265 650 402 677 cultorum
423 651 559 677 coloniam
573 650 607 677 ad
624 650 875 677 commodissimum
892 650 992 681 locum,
1015 650 1062 684 qui
1079 650 1149 677 Iacui
1172 650 1272 677 Mariae
1294 644 1322 676 in
1338 651 1444 677 tumqu
1468 650 1647 677 submissiore
1667 650 1783 681 adiacet.

162 694 311 721 admodum
325 700 477 730 opportune
499 700 612 729 propter
629 696 804 723 securitatem
821 696 946 730 aerisque
962 697 1122 730 temperiem
1140 704 1199 723 sese
1215 696 1322 731 recipit.
1340 706 1349 722 ι
1370 696 1474 724 Deinde
1490 702 1518 723 et
1539 696 1723 725 habitationes
1736 705 1784 725 eo-

163 747 235 771 rum,
253 741 348 774 quales
370 741 433 768 illae
459 743 572 775 fuerint,
586 742 755 773 describens,
769 742 803 769 de
825 742 950 769 ecclesiis
963 742 1023 769 eius
1042 742 1162 778 regionis
1176 742 1245 769 haec
1263 743 1349 770 dicit:
1369 752 1377 768 ι
1394 740 1424 769 ln
1442 743 1555 778 singulis
1571 747 1662 770 autem
1677 751 1784 770 sacrum

166 784 341 812 domicilium
354 789 405 818 est,
423 786 495 820 quod
520 788 641 821 σεμνεῖον
652 791 680 813 et
700 787 885 813 monasterion
896 790 1008 813 vocatur
1022 795 1029 820 ;
1045 787 1073 814 in
1089 795 1145 821 quo
1157 792 1309 820 manentes,
1323 788 1453 815 honestae
1466 796 1497 815 ac
1519 793 1627 815 sanctae
1638 790 1710 816 vitae
1725 797 1785 824 my-

161 831 246 858 steria
259 832 409 864 celebrant,
421 833 490 860 nihil
503 833 550 860 illo
561 833 723 865 inferentes,
740 833 744 868 |
761 841 812 860 nec
820 837 925 868 potum,
937 841 988 861 nec
1001 834 1103 866 cibum,
1115 841 1204 868 neque
1218 834 1291 861 aliud
1302 834 1450 869 quidquam
1462 842 1556 861 eorum
1564 842 1632 869 quae
1645 835 1677 862 ad
1690 843 1786 870 corpoa

164 877 204 903 ris
223 882 289 904 sunt
307 879 533 906 sustentationem
548 880 711 912 necessaria,
729 879 777 906 sed
795 880 867 915 leges
880 884 908 907 ct
924 880 1034 907 oracula
1050 880 1244 914 prophetarum
1261 885 1288 907 et
1306 880 1421 916 hymnos
1437 888 1468 907 ac
1485 878 1590 915 reliqua
1613 878 1782 913 huiusmodi,

161 921 265 955 quibus
279 922 392 950 scientia
403 928 431 950 et
442 924 529 958 pietas
542 928 692 959 augescunt
703 928 731 951 et
747 928 980 951 consummantur.
1001 934 1010 950 ι
1024 925 1058 952 Ει
1070 925 1209 960 aliquanto
1220 930 1281 960 post
1296 926 1362 953 dicit
1374 934 1380 951 ε
1396 923 1510 963 (Totum
1528 931 1618 953 autem
1634 926 1700 954 illud
1714 931 1784 954 tem-

166 966 243 1000 poris
264 968 395 1001 spacium,
417 969 490 1002 quod
503 977 518 996 a
534 969 654 996 diluculo
670 973 712 996 est
731 977 817 1003 usque
840 969 874 996 ad
897 977 1050 1004 vesperam,
1077 970 1104 997 in
1120 971 1279 998 exercitium
1301 971 1354 998 illis
1381 971 1537 998 insumitur.
1565 971 1663 999 Sacras
1682 973 1784 1007 quippe

161 1011 319 1047 Scripturas
331 1014 452 1049 legentes
467 1015 702 1049 philosophantur,
716 1023 747 1042 ac
766 1015 881 1049 patriam
895 1015 1093 1049 philosophiam
1113 1016 1258 1051 allegorice
1277 1019 1403 1043 tractant.
1423 1016 1531 1044 Etenim
1543 1019 1640 1052 putant
1655 1026 1698 1051 ea,
1712 1026 1783 1053 quae

162 1057 189 1084 in
210 1059 352 1086 manifesta
365 1064 429 1087 sunt
445 1060 647 1095 Scripturarum
662 1061 831 1096 expositione
846 1082 854 1094 ,
871 1061 1003 1096 quaedam
1023 1069 1082 1088 esse
1104 1062 1278 1089 absconditae
1296 1067 1410 1090 naturae
1424 1063 1543 1098 symbola
1565 1072 1613 1099 per
1628 1064 1729 1100 ﬁguras
1745 1063 1784 1092 si.

163 1105 301 1138 gniﬁcata.
318 1106 425 1134 Habent
438 1111 466 1134 et
481 1108 690 1135 commentarios
703 1108 854 1143 priscorum
868 1108 1002 1140 virorum,
1015 1109 1061 1144 qui
1082 1116 1145 1136 cum
1176 1108 1321 1136 haereseos
1344 1109 1465 1144 ipsorum
1485 1111 1569 1137 duces
1582 1112 1683 1142 essent,
1699 1111 1783 1137 multa

162 1150 193 1178 in
211 1151 298 1181 forma
324 1159 418 1181 rerum
433 1153 577 1188 allegorice
597 1153 759 1180 traditarum
777 1158 839 1187 post
853 1160 882 1180 se
902 1158 1079 1180 monumenta
1102 1153 1284 1187 reliquerunt,
1299 1154 1400 1189 quibus
1419 1159 1548 1189 tanquam
1565 1155 1719 1190 archetypis
1741 1155 1783 1182 usl

161 1200 296 1234 propositi
309 1199 418 1227 illorum
431 1198 572 1228 imitantur
587 1199 731 1225 rationem.
755 1208 764 1224 ι
781 1197 855 1226 Haec
875 1199 958 1234 igitur
975 1200 1012 1226 ita
1035 1198 1167 1226 videntur
1189 1199 1223 1226 ab
1242 1199 1295 1227 hoc
1310 1200 1372 1227 viro
1389 1200 1472 1233 dicta,
1491 1205 1523 1228 ut
1544 1205 1690 1235 appareat,
1705 1200 1781 1227 illum

160 1252 258 1273 eorum
276 1244 360 1272 fuisse
379 1246 548 1278 auditorem,
563 1244 608 1281 qui
626 1251 717 1273 sacras
735 1243 893 1280 Scripturas
907 1248 1103 1280 exposuerunt.
1118 1244 1187 1273 Vero
1209 1240 1297 1271 simile
1313 1248 1405 1272 autem
1423 1249 1474 1277 est,
1495 1245 1705 1272 commentarios
1721 1245 1782 1272 illos

159 1290 315 1323 priscorum
329 1291 460 1324 virorum,
473 1299 541 1326 quos
553 1292 624 1326 apud
638 1299 686 1319 eos
701 1290 785 1319 fuisse
806 1283 886 1323 dicit,
895 1299 956 1319 esse
978 1291 1126 1326 Evangelia
1142 1296 1169 1318 et
1186 1289 1379 1326 Apostolorum
1396 1290 1507 1324 scripta,
1521 1292 1548 1317 et
1563 1290 1694 1324 quasdam
1709 1290 1782 1317 anti-

123 1370 126 1373 '
158 1344 278 1370 quorum
299 1337 494 1372 prophetarum
518 1338 711 1372 expositiones,
727 1337 822 1372 quales
846 1345 909 1365 cum
926 1345 969 1369 ea,
989 1345 1058 1372 quae
1079 1337 1112 1364 ad
1134 1337 1274 1365 Hebraeos
1297 1342 1349 1370 est,
1368 1341 1425 1365 tum
1448 1336 1516 1363 aliae
1539 1336 1632 1371 plures
1652 1336 1782 1371 epistolae

159 1380 238 1409 Pauli
257 1383 408 1410 continent.
421 1382 542 1418 Denique
552 1388 580 1411 et
595 1384 628 1411 de
646 1392 689 1416 eo,
702 1383 775 1419 quod
786 1383 819 1411 de
829 1391 901 1411 novo
919 1384 1038 1419 psalmos
1054 1384 1266 1418 composuerint,
1276 1384 1309 1410 ad
1321 1384 1394 1411 hunc
1412 1380 1521 1411 modum
1538 1381 1652 1409 scribit:
1667 1392 1676 1407 ι
1688 1381 1781 1416 Itaque

160 1437 217 1456 non
230 1429 313 1457 modo
330 1430 421 1458 divina
437 1431 667 1466 contemplantur,
681 1431 727 1458 sed
738 1435 767 1458 et
778 1431 884 1458 cantica
893 1434 921 1457 et
934 1431 1049 1466 hymnos
1059 1431 1091 1458 ad
1106 1431 1190 1458 Deum
1203 1431 1398 1458 sacratioribus
1409 1431 1497 1458 omnis
1510 1428 1617 1466 generis
1630 1433 1780 1456 metrorum

157 1481 187 1503 et
203 1475 355 1502 carminum
369 1475 504 1511 rhythmis
514 1476 633 1510 graviter
649 1480 821 1504 construunt.
839 1485 848 1501 ›
870 1476 904 1503 Et
914 1475 966 1502 alia
982 1476 1094 1510 quidem
1108 1476 1193 1503 multa
1208 1476 1241 1503 de
1259 1475 1322 1508 illis,
1339 1483 1455 1511 quorum
1477 1476 1521 1503 hic
1536 1474 1704 1504 mentionem
1716 1473 1782 1501 facie

157 1529 231 1552 mus.
246 1522 273 1548 in
292 1529 325 1548 eo
346 1521 418 1548 libro
434 1520 553 1548 disserit.
571 1521 672 1549 Verum
696 1522 741 1549 illa
755 1523 814 1549 visa
835 1528 899 1550 sunt
911 1523 1069 1549 necessario
1081 1522 1235 1556 deligenda,
1249 1529 1299 1556 per
1314 1529 1383 1556 quae
1403 1526 1492 1549 certas
1501 1521 1704 1550 ecclesiasticae
1714 1529 1781 1549 con-

156 1571 237 1593 Versa
254 1566 258 1601 |
275 1566 357 1593 tionis
380 1570 457 1593 notas
477 1567 576 1601 posuit.
590 1566 667 1599 Quod
691 1567 713 1593 si
737 1567 854 1602 cuipiam
868 1575 900 1594 ea
914 1575 994 1601 quae,
1011 1567 1084 1594 dicta
1107 1571 1180 1598 sunt,
1197 1575 1251 1593 non
1262 1567 1372 1601 proprie
1384 1566 1417 1594 ad
1431 1567 1617 1602 evangelicam
1640 1568 1780 1603 pertinere

156 1612 292 1647 politiam,
304 1612 354 1639 sed
376 1616 404 1639 et
418 1612 479 1639 aliis
493 1617 600 1647 praeter
618 1612 705 1640 dictos
717 1613 837 1639 cultores
850 1613 970 1647 adaptari
987 1620 1067 1647 posse
1082 1612 1221 1643 videntur,
1233 1611 1325 1639 credat
1346 1612 1441 1639 saltem
1458 1612 1501 1639 his
1517 1612 1592 1639 illius
1604 1612 1696 1641 verbis
1707 1621 1778 1648 quae

156 1657 349 1689 subiiciemus,
361 1665 395 1684 ex
409 1657 509 1692 quibus
529 1657 723 1689 indubitatum,
742 1658 764 1684 si
781 1665 868 1692 aequo
889 1657 925 1684 sit
948 1657 1049 1689 animo,
1063 1657 1115 1684 hac
1135 1657 1168 1684 de
1196 1665 1225 1684 re
1243 1657 1429 1684 testimonium
1456 1657 1617 1692 reportabit.
1644 1657 1690 1685 Sic
1704 1658 1779 1686 enim

157 1703 278 1730 scribit:
299 1712 307 1726 o
321 1702 522 1730 Continentiam
534 1706 624 1729 autem
641 1703 761 1737 primum
783 1707 912 1736 tanquam
936 1701 1143 1728 fundamentum
1161 1701 1298 1736 quoddam
1319 1702 1346 1729 in
1368 1703 1458 1730 anima
1476 1703 1621 1736 collocant,
1637 1703 1736 1733 deinde
1751 1704 1780 1733 et

157 1749 226 1776 alias
243 1748 361 1776 virtutes
373 1753 576 1783 superstruunt.
590 1748 688 1776 Cibum
704 1753 750 1775 aut
762 1753 856 1782 potum
870 1756 950 1775 nemo
964 1748 1074 1775 illorum
1097 1753 1159 1775 ante
1175 1747 1241 1774 solis
1257 1755 1383 1775 occasum
1396 1754 1521 1783 usurpat.
1533 1749 1639 1777 Etenim
1657 1751 1778 1786 philoso-

156 1794 239 1829 phiae
251 1794 372 1821 studium
383 1794 455 1826 luce,
471 1794 594 1828 corporis
611 1801 676 1820 vero
690 1794 867 1820 necessitates
883 1793 1004 1820 tenebris
1020 1793 1117 1828 dignas
1129 1801 1189 1820 esse
1202 1793 1343 1826 iudicant;
1360 1794 1431 1829 unde
1450 1797 1479 1821 et
1488 1795 1559 1822 diem
1575 1795 1625 1827 illi,
1640 1796 1700 1824 istis
1712 1804 1778 1824 vero

156 1840 294 1867 modicam
318 1840 406 1867 noctis
430 1845 535 1875 partem
560 1840 694 1867 tribuunt.
718 1840 847 1867 Nonnulli
869 1847 903 1866 ex
926 1840 965 1867 eis
1000 1844 1057 1867 toto
1078 1840 1168 1866 triduo
1190 1840 1244 1866 cibi
1264 1848 1319 1867 non
1343 1840 1541 1873 recordantur,
1567 1842 1667 1876 quibus
1689 1844 1778 1870 maius

153 1886 288 1913 scientiae
303 1894 385 1921 quam
400 1886 453 1913 cibi
465 1886 633 1914 desiderium
648 1886 757 1913 insedit.
770 1886 901 1913 Nonnulli
921 1886 958 1912 ita
975 1886 1113 1914 laetantur
1133 1894 1164 1913 ac
1186 1886 1358 1914 delectantur
1378 1886 1511 1921 sapientia
1528 1887 1615 1923 pasci,
1641 1896 1711 1923 quae
1728 1888 1778 1915 do-

157 1937 252 1967 gmata
266 1932 394 1966 opulente
411 1936 438 1959 et
448 1933 555 1960 abunde
566 1933 766 1965 subministrat,
777 1938 808 1960 ut
819 1933 958 1968 duplicato
975 1932 1106 1967 temporis
1116 1932 1203 1967 spatio
1212 1932 1377 1964 abstineant,
1389 1941 1420 1960 ac
1430 1933 1475 1960 vix
1486 1941 1535 1968 per
1550 1941 1596 1961 sex
1608 1934 1666 1961 dies
1681 1941 1777 1961 neces-

153 1978 231 2004 sario
248 1977 311 2004 cibo
328 1981 470 2012 gustantes
484 1982 639 2004 vescantur.
655 1986 664 2002 ι
683 1978 755 2004 Haec
768 1978 891 2005 Philonis
903 1978 987 2005 verba
999 1978 1071 2004 clare
1087 1982 1115 2004 et
1130 1977 1232 2011 absque
1248 1978 1303 2004 ulla
1317 1978 1531 2006 contradictione
1550 1978 1583 2006 de
1599 1979 1701 2006 nostris
1716 1987 1777 2008 esse

152 2024 227 2050 dicta
239 2027 376 2057 putamus.
398 2023 426 2050 Si
440 2031 505 2050 vero
527 2023 617 2049 adhuc
633 2023 776 2057 quisquam
792 2023 935 2050 obﬁrmate
951 2022 1158 2054 contradixerit,
1174 2023 1218 2049 vel
1231 2022 1270 2049 sic
1286 2022 1339 2049 sibi
1353 2023 1511 2057 persuaderi
1528 2024 1610 2057 sinat,
1627 2028 1657 2051 ut
1677 2025 1776 2052 clario-

152 2071 231 2098 ribus
254 2070 535 2097 demonstrationibus
544 2070 647 2101 credat,
660 2077 728 2104 quas
745 2077 800 2096 non
820 2070 893 2104 apud
904 2070 972 2097 alios
985 2069 1116 2104 quosdam
1131 2069 1184 2096 nisi
1195 2069 1279 2096 solam
1291 2068 1509 2096 Christianorum
1523 2070 1673 2098 secundum
1686 2072 1776 2100 Evan-

152 2116 257 2151 gelium
275 2115 436 2150 religionem
454 2114 577 2141 invenire
596 2114 669 2140 licet.
694 2114 765 2141 Dicit
778 2114 864 2146 enim,
880 2115 951 2150 apud
967 2122 1026 2146 eos,
1048 2114 1082 2141 de
1100 2114 1201 2148 quibus
1222 2114 1354 2148 loquitur,
1373 2114 1504 2141 mulieres
1523 2123 1630 2150 quoque
1649 2117 1775 2151 reperiri,

152 2168 271 2194 quarum
282 2161 428 2195 pleraeque
442 2160 611 2194 grandaevae
623 2159 745 2194 virgines
757 2160 910 2187 castitatem
926 2168 981 2187 non
996 2159 1170 2191 necessitate,
1182 2159 1253 2186 sicut
1266 2159 1398 2194 quaedam
1412 2159 1568 2188 sacerdotes
1579 2161 1651 2196 apud
1670 2167 1775 2197 gentes,

152 2207 242 2242 magis
256 2215 337 2241 quam
361 2211 462 2242 sponte
475 2214 523 2233 sua
539 2211 650 2241 propter
662 2207 749 2234 zelum
765 2215 797 2233 ac
809 2207 977 2234 desiderium
999 2207 1148 2242 sapientiae
1170 2206 1334 2238 custodiant,
1351 2206 1430 2233 cuius
1441 2207 1635 2234 commercium
1655 2208 1775 2237 studiose

151 2253 286 2284 colentes,
299 2259 443 2286 corporum
454 2253 616 2288 voluptates,
625 2252 661 2279 im
678 2252 684 2287 ι
698 2252 853 2280 mortalium
865 2253 1024 2286 liberorum,
1037 2261 1106 2287 quos
1117 2253 1191 2280 solus
1200 2261 1293 2280 amans
1302 2253 1350 2280 Dei
1361 2253 1467 2280 animus
1478 2261 1511 2280 ex
1522 2262 1550 2281 se
1558 2254 1667 2289 gignere
1675 2259 1775 2290 potest,

151 2308 208 2327 non
220 2299 379 2326 mortalium
395 2299 508 2334 cupidae
525 2305 716 2334 aspernentur.
731 2299 833 2327 Deinde
847 2299 1009 2327 subsecutus
1026 2300 1127 2327 clarius
1147 2300 1197 2327 ista
1210 2300 1322 2334 exponit
1336 2309 1342 2325 :
1364 2309 1373 2324 ε
1386 2299 1625 2334 lnterpretationes
1638 2305 1739 2333 autem,
1754 2310 1763 2326 ι

150 2346 271 2381 inquit,r
290 2349 445 2372 sanctarum
460 2345 664 2380 Scripturarum
677 2346 838 2380 allegoricae
853 2346 907 2372 illis
919 2354 952 2373 ac
968 2346 1098 2380 figuratae
1115 2350 1186 2372 sunt.
1200 2345 1315 2372 Videtur
1330 2345 1403 2372 enim
1416 2345 1484 2372 viris
1500 2344 1558 2372 istis
1570 2344 1697 2372 universa
1707 2346 1776 2381 legis

151 2392 298 2426 Scriptura
320 2392 450 2419 animanti
467 2392 564 2420 similis
575 2401 645 2425 esse,
657 2393 694 2420 ita
707 2396 738 2419 ut
758 2392 916 2427 superficies
932 2393 1091 2424 verborum,
1104 2392 1236 2426 corporis,
1254 2399 1352 2418 sensus
1363 2399 1429 2419 vero
1448 2393 1476 2419 in
1492 2390 1584 2419 verbis
1606 2391 1773 2423 reconditus,

149 2439 261 2465 animae
275 2438 310 2465 sit
328 2437 399 2467 loco,
412 2446 493 2472 quem
516 2438 638 2472 ipsorum
661 2438 759 2473 religio
775 2438 930 2473 praecipue,
950 2437 1027 2472 quasi
1047 2445 1095 2471 per
1115 2437 1256 2471 speculum
1277 2437 1418 2463 nominum
1432 2436 1558 2464 eximiam
1576 2436 1774 2464 sententiarum

150 2485 389 2522 pulchritudinem
411 2484 579 2511 relucentem
601 2485 760 2517 observans,
775 2486 955 2519 contemplari
979 2485 1078 2519 coepit.
1099 2494 1107 2509 ι
1127 2483 1197 2516 Quid
1215 2491 1284 2518 opus
1297 2488 1338 2511 est
1358 2483 1418 2511 istis
1437 2483 1568 2516 adiicere,
1585 2483 1723 2518 quomodo
1745 2484 1774 2512 in

150 2539 239 2558 unum
257 2531 424 2566 congregati.
444 2531 643 2565 separatimque
655 2532 708 2558 viri
723 2540 755 2558 ac
769 2531 913 2566 separatim
937 2531 1068 2557 mulieres
1087 2530 1241 2557 conversati
1255 2530 1319 2561 sint,
1333 2535 1360 2557 et
1373 2538 1442 2564 quae
1457 2530 1510 2556 illis
1526 2529 1654 2557 exercitia
1667 2528 1694 2557 in
1706 2538 1774 2558 con-

148 2583 231 2605 sueto
241 2577 361 2609 fuerint;
374 2585 442 2611 quae
457 2577 606 2604 etiamnum
621 2577 691 2611 apud
706 2586 756 2605 nos
770 2578 879 2609 durant,
895 2582 923 2604 et
937 2577 1082 2611 praecipue
1095 2577 1166 2603 circa
1178 2576 1304 2603 salutaris
1315 2576 1452 2603 Passionis
1462 2575 1560 2602 festum
1578 2575 1649 2603 diem
1663 2575 1690 2602 in
1703 2574 1773 2602 ieiu-

149 2624 206 2650 niis
222 2628 252 2651 et
271 2623 378 2658 vigiliis
395 2623 539 2650 nocturnis
563 2622 773 2657 divinorumque
793 2631 952 2650 sermonum
975 2623 1094 2649 lectione
1110 2629 1239 2649 exercere
1263 2620 1603 2653 consuevimus?Quaevir
1616 2621 1772 2656 praedictus

148 2669 248 2695 eodem
270 2668 363 2699 modo.
378 2675 432 2702 quo
447 2667 524 2702 apud'
541 2675 591 2694 nos
609 2668 682 2694 solos
694 2668 826 2695 hactenus
843 2671 907 2695 sunt
916 2672 1035 2705 servata,
1050 2667 1195 2702 diligenter
1214 2666 1356 2694 annotavit
1370 2670 1398 2693 et
1411 2666 1614 2693 commentariis
1625 2667 1682 2694 suis
1698 2667 1771 2693 inse».

149 2715 217 2746 ruit,
232 2714 395 2750 praesertim
416 2718 566 2741 nocturnas
576 2714 665 2748 magni
681 2713 742 2741 festi
755 2714 871 2749 vigilias,
883 2718 911 2741 et
926 2714 1024 2740 horum
1037 2712 1176 2745 exercitia,
1190 2721 1250 2740 cum
1266 2712 1373 2748 hymnis
1386 2711 1432 2746 qui
1448 2711 1519 2746 apud
1535 2719 1585 2739 nos
1600 2712 1653 2739 dici
1672 2713 1771 2742 solent.

149 2761 327 2791 describens;
346 2764 374 2786 et
385 2759 522 2793 quomodo
533 2767 588 2786 uno
606 2766 668 2785 cum
684 2759 809 2794 rhythmo
821 2759 953 2793 psallente
977 2759 1072 2793 reliqui
1090 2766 1151 2785 cum
1167 2758 1276 2785 silentio
1292 2758 1478 2784 auscultantes
1490 2761 1638 2784 extremam
1658 2758 1772 2794 hymno~

151 2813 213 2832 rum
237 2809 345 2841 partem
369 2813 422 2832 una
445 2812 507 2832 cum
529 2804 576 2832 illo
598 2804 769 2832 concinendo
783 2804 944 2838 terminent;
958 2803 1095 2840 quomodo
1116 2803 1198 2831 etiam
1219 2802 1366 2838 praedictis
1380 2802 1478 2829 diebus
1499 2802 1575 2829 humi
1595 2803 1622 2830 in
1644 2805 1772 2838 stragulis

189 2865 197 2878 '
219 2865 276 2891 Act.
290 2872 326 2890 tv.
345 2861 379 2889 δῦ
395 2869 455 2896 sqq.
