2048 3153
253 163 308 192 2:3
888 164 934 192 ιο.
952 163 1016 192 PlCl
1034 163 1228 191 emeram
1841 170 1892 198 296

254 222 384 254 iacentes,
401 223 495 249 vinum
512 222 539 248 in
562 222 731 254 universum,
744 222 817 250 sicut
837 222 905 257 ipsis
921 222 1014 250 verbis
1030 223 1151 258 scripsit,
1167 223 1242 250 etde
1261 224 1448 252 animantibus
1464 233 1498 252 ne
1511 230 1621 261 gustant
1638 227 1760 262 quidem,
1773 227 1820 256 sed
1834 229 1891 258 sola

253 268 308 295 illis
326 275 395 302 aqua
415 272 508 304 potqu
528 267 668 301 praebeat,
680 272 708 295 et
719 268 864 295 obsonium
877 269 913 296 sit
926 269 1005 303 panis
1019 276 1082 295 cum
1095 269 1152 295 sale
1167 275 1196 296 et
1207 270 1333 305 hyssopo.
1350 271 1492 300 Praeterea
1509 273 1616 307 scribit,
1628 282 1683 308 quo
1695 279 1776 309 pacto
1787 277 1892 310 praesi-

251 315 334 341 deant
346 314 418 341 inter
430 321 478 340 eos
490 314 508 340 ii
520 314 622 348 quibus
634 315 820 343 ecclesiastica
834 316 981 343 commissa
993 320 1058 343 sunt
1075 316 1239 348 ministeria,
1251 316 1415 345 diaconatus
1424 318 1520 351 etiam,
1538 319 1543 354 Ι
1559 324 1586 346 et
1599 327 1669 354 quae
1682 328 1766 355 supra
1777 321 1892 349 cunctos

249 361 373 387 eminent
387 360 561 394 episcopatus
570 361 781 395 praesidentiae.
793 362 871 395 Quod
888 363 910 389 si
924 363 968 389 cui
980 363 1148 390 desiderium
1165 363 1247 390 inerit
1259 364 1308 391 ista
1320 370 1414 392 exacte
1423 367 1616 401 cognoscendi,
1629 368 1718 395 discat
1729 375 1763 394 ea
1773 376 1806 395 ex
1819 368 1892 397 dicta

249 407 304 434 iam
315 407 368 434 viri
380 407 463 434 iulius
473 407 599 435 historia.
608 408 686 442 Quod
699 409 782 444 igitur
795 409 873 436 Philo
887 409 943 436 illic
953 409 987 436 de
997 409 1094 444 primis
1105 409 1279 444 evangelicae
1290 411 1429 439 doctrinae
1439 413 1622 447 praeconibus
1633 419 1661 441 et
1673 414 1772 441 ritibus
1780 415 1846 442 olim
1856 414 1891 442 ab

251 453 390 489 Apostolis
402 455 511 482 traditis
522 455 662 483 disserens
674 455 725 482 ista
733 456 886 491 scripserit,
893 456 980 483 cuivis
989 456 1166 483 manifestum
1175 456 1390 492 est.Singulares
1397 458 1623 486 anachoretarum
1632 459 1701 487 vitas
1710 467 1833 488 sunttunc
1843 469 1891 488 au-

248 501 386 528 ctoritatis
399 502 426 528 in
438 501 558 529 Ecclesia
572 502 624 528 viri
636 502 807 537 scripserunt
819 512 824 529 :
838 503 869 529 Ι).
884 502 1056 530 Athanasius
1068 502 1270 530 Alexandrinae
1287 503 1365 531 urbis
1374 504 1521 540 episcopus
1531 513 1563 532 ac
1575 505 1730 533 Dorothcus
1739 507 1823 534 vitam
1835 507 1890 534 Au-

248 549 315 577 tonii
328 550 426 586 Magni,
436 558 516 585 quam
530 555 623 585 postea
646 550 729 577 latino
740 558 865 577 sermone
875 550 988 578 tradidit
997 551 1139 586 Evagrius;
1151 551 1182 578 D.
1196 551 1379 587 Hieronymus
1390 552 1464 580 Pauli
1480 553 1795 585 heremitae,Hilarionis
1806 561 1889 590 atque

197 589 205 594 ’
246 597 346 625 Malchi
357 598 456 632 captivi
469 597 610 629 monachi;
621 597 788 631 reliquorum
799 601 891 624 autem
904 598 1102 624 monachorum
1112 598 1182 625 vitas
1193 597 1331 632 prosecuti
1344 603 1408 625 sunt
1416 599 1608 627 'l‘heodoretus
1619 607 1651 626 ac
1662 600 1800 628 Palladius
1809 601 1889 629 iustis

247 645 448 675 voluminibus,
462 651 532 679 quae
558 643 642 670 latina
659 651 748 678 nuper
762 643 926 678 prodierunt
946 644 973 671 in
988 644 1076 671 lucem
1089 652 1173 679 opera
1190 644 1316 671 Gentiani
1331 645 1452 677 llerveti,
1466 645 1517 672 viri
1531 646 1565 673 de
1583 646 1732 674 christiana
1747 648 1887 682 republica

247 693 316 721 bene
331 693 431 720 meriti.
441 693 558 719 Istorum
570 699 654 726 porro
665 691 802 726 colloquia
816 691 837 718 si
852 691 914 726 quis
922 691 1071 725 desideret,
1086 692 1337 727 legatCassianum.
1347 692 1381 719 At
1394 701 1456 720 cum
1469 693 1625 721 huiusmodi
1646 694 1773 722 homines
1781 703 1830 730 per
1841 696 1889 723 de-

246 746 318 767 serta
332 739 451 775 respersi
463 739 602 773 vitamque
626 737 776 764 solitariam
790 743 912 774 agentes,
925 738 977 765 sibi
993 738 1126 766 duntaxat
1140 738 1271 773 prodesse
1285 738 1454 772 viderentur,
1483 744 1511 767 et
1531 740 1690 775 religionem
1710 741 1886 770 christianam

245 795 342 822 parum
358 794 530 822 promovere,
543 785 659 815 Basilius
667 785 778 820 Magnus
788 785 937 812 Caesareae
947 785 1133 820 Cappadociae
1145 784 1300 820 episcopus,
1312 789 1341 811 ut
1353 786 1391 812 ait
1403 785 1594 813 Nazianzenus
1607 786 1635 813 in
1649 786 1707 814 Vita
1719 787 1823 820 Basilii,
1835 787 1885 815 de-

245 835 322 861 duxit
334 841 382 861 eos
395 832 429 860 ad
445 833 570 860 civitates
580 836 608 860 et
618 833 728 868 oppida,
737 837 766 860 ut
777 832 811 859 ab
823 832 866 859 his
877 832 995 867 populus
1005 831 1060 859 Deo
1071 836 1174 867 gratam
1185 832 1294 859 vivendi
1304 832 1438 860 rationem
1448 840 1479 860 ac
1487 833 1591 860 cultum
1604 833 1727 861 divinum
1739 835 1884 864 edisceret.

244 878 338 914 Itaque
351 879 476 914 Gregorii
490 878 658 907 Nazianzcni
671 879 755 906 verba
767 878 809 914 (α)
819 878 957 906 subiicere
974 885 1029 905 non
1047 877 1217 912 poenitebit:
1236 887 1244 903 ι
1258 878 1293 906 Ut
1308 882 1412 910 autem,
1428 887 1436 903 ι
1451 878 1498 910 ait,
1520 888 1528 904 ι
1542 887 1597 906 non
1612 881 1698 907 solum
1710 881 1773 914 sibi,
1793 882 1841 910 sed
1856 885 1886 910 et

243 927 305 954 aliis
317 935 426 962 quoque
445 926 601 962 proliceret,
616 927 722 962 primus
732 926 864 954 coenobia
886 926 1063 962 excogitavit,
1077 926 1215 962 ritumque
1228 926 1304 953 illum
1317 926 1515 953 monachorum
1538 927 1681 962 antiquum
1707 933 1789 964 atque
1807 937 1885 965 agre~

244 979 313 1003 stem
324 974 358 1001 ad
369 974 495 1001 ordinem
506 974 644 1009 quendam
657 974 858 1009 formulamque
870 973 996 1009 religioni
1009 973 1167 1008 propiorem
1178 973 1296 1000 reduxit.
1309 972 1377 1000 Cum
1392 973 1465 999 enim
1488 973 1736 1008 animadvertisset,
1757 984 1814 1009 eos,
1837 981 1884 1013 qui

244 1021 272 1048 in
285 1021 425 1049 communi
439 1021 506 1054 vita,
518 1022 572 1050 hoc
583 1026 635 1055 est,
652 1022 724 1050 inter
733 1022 803 1049 alios
813 1021 920 1048 mixtim
936 1025 1030 1056 agunt,
1052 1028 1097 1048 mo
1113 1020 1118 1056 1
1134 1021 1267 1048 nasticam
1277 1021 1342 1048 licet
1352 1020 1547 1048 abstinentiam
1560 1027 1682 1054 servent,
1693 1023 1755 1050 aliis
1772 1024 1884 1059 quidem

244 1070 335 1102 utiles,
358 1070 411 1097 sibi
434 1078 499 1098 vero
521 1078 695 1105 nequaquam
716 1070 846 1101 existere,
866 1076 929 1097 cum
947 1068 975 1095 in
996 1067 1092 1095 multis
1111 1075 1159 1095 eos
1171 1075 1282 1095 necesse
1299 1067 1335 1094 sit
1347 1067 1451 1094 versari
1466 1067 1544 1094 malis
1556 1075 1626 1102 quae
1638 1068 1709 1096 vitae
1721 1070 1830 1104 quietae
1847 1079 1882 1099 ac

244 1116 323 1151 plane
332 1116 470 1151 perfectae
487 1115 626 1143 contraria
639 1115 781 1147 videntur,
791 1123 839 1142 eos
849 1122 925 1146 vero,
942 1113 989 1148 qui
1004 1113 1033 1140 in
1043 1113 1191 1140 solitudine
1204 1113 1300 1148 procul
1311 1112 1346 1140 ab
1355 1112 1417 1140 aliis
1431 1117 1525 1147 agunt,
1544 1113 1680 1141 firmiores
1699 1123 1765 1143 sane
1782 1124 1883 1151 propo-

243 1165 295 1192 sito
304 1164 444 1200 magisque
455 1164 510 1191 Deo
522 1163 684 1191 coniunctos
697 1170 779 1198 quam
798 1161 970 1197 supradictus
980 1161 1059 1193 vidit,
1071 1166 1190 1188 attamen
1206 1160 1258 1188 sibi
1277 1165 1383 1188 tantum
1397 1160 1490 1192 utiles,
1506 1167 1568 1187 cum
1581 1168 1673 1188 rerum
1686 1163 1883 1197 experientiam

243 1219 416 1246 nequaquam
433 1216 556 1244 teneant,
568 1219 618 1239 nec
631 1219 694 1238 cum
707 1211 769 1238 aliis
787 1210 984 1238 commercium
1004 1209 1090 1236 ullum
1110 1209 1240 1242 habeant,
1258 1213 1406 1244 utrumque
1421 1208 1493 1236 vitae
1509 1217 1596 1244 genus
1611 1209 1779 1245 coniungere
1799 1219 1881 1239 cona-

243 1262 287 1284 tus
298 1262 350 1284 est.
363 1257 550 1290 Quamobrem
564 1257 763 1284 monachorum
779 1257 913 1284 coenobia
935 1255 1008 1283 haud
1021 1256 1114 1291 procul
1129 1256 1164 1283 ab
1178 1256 1222 1288 iis,
1239 1255 1287 1291 qui
1308 1256 1337 1283 in
1355 1255 1500 1283 hominum
1517 1255 1648 1284 Societate
1669 1257 1774 1290 vivunt,
1790 1258 1884 1286 aedili-

243 1304 298 1330 cari
315 1303 404 1335 iussit,
416 1311 467 1332 nec
475 1303 587 1331 omnino
595 1304 742 1339 separavit,
758 1308 788 1331 ut
798 1309 827 1331 et
840 1303 1056 1339 propinquitate,
1069 1310 1131 1329 cum
1148 1310 1217 1338 opus
1229 1302 1372 1330 charitatis
1383 1306 1554 1338 exposceret,
1568 1302 1663 1330 adesse
1674 1305 1808 1337 valerent,
1820 1305 1878 1332 dis-

242 1349 287 1376 siti
299 1349 401 1384 alioqui
416 1350 535 1385 propriis
550 1349 687 1382 terminis,
703 1357 738 1376 nc
757 1349 837 1384 quies
861 1357 958 1376 eorum
975 1354 1023 1376 aut
1038 1356 1091 1384 pax
1109 1349 1273 1384 interrumpi
1289 1356 1339 1384 per
1351 1348 1557 1376 multitudinem
1572 1354 1676 1384 posset,
1689 1358 1741 1378 nec
1756 1351 1806 1386 ipsi
1822 1359 1882 1378 mo—

243 1397 322 1425 nachi
336 1398 453 1426 actionis
466 1398 576 1430 merito,
587 1397 659 1433 quod
671 1405 706 1425 ex
719 1397 902 1432 impendenda
914 1397 975 1424 aliis
990 1397 1091 1432 pietate
1110 1402 1194 1429 esset,
1213 1397 1399 1432 privarentur,
1419 1405 1509 1431 neque
1529 1405 1625 1425 rursus
1641 1406 1737 1425 eorum
1750 1399 1821 1426 actio
1834 1406 1884 1434 per

242 1444 376 1472 tumultus
390 1444 496 1472 inutilis
506 1444 672 1476 eiliceretur,
687 1449 716 1471 et
729 1444 798 1471 alter
810 1444 927 1472 alterum
944 1443 997 1470 hoc
1009 1443 1090 1470 modo
1107 1443 1202 1471 iuvare
1219 1448 1322 1478 posset,
1333 1447 1362 1470 et
1378 1443 1575 1470 monachorum
1589 1444 1645 1471 vita
1661 1452 1712 1479 per
1730 1452 1880 1472 conversa-

242 1492 344 1519 tionem
358 1499 464 1524 eorum,
490 1491 575 1526 quiin
591 1492 730 1520 communi
753 1496 847 1527 agant,
864 1492 909 1527 pia
929 1491 1017 1524 ﬁeret,
1030 1496 1058 1519 et
1074 1491 1124 1526 ipsi
1140 1500 1174 1519 ex
1188 1491 1332 1520 monachis
1343 1491 1476 1526 quietem,
1500 1493 1694 1525 constantiam,
1707 1495 1880 1530 sapientiam.

241 1539 498 1574 contemplationem
505 1539 670 1572 ediscerent,
679 1540 909 1575 quemadmodum
923 1540 1002 1567 tellus
1014 1548 1046 1567 ac
1057 1545 1159 1575 pontus
1172 1540 1289 1568 invicem
1303 1548 1331 1567 se
1344 1540 1442 1567 iuvant
1452 1547 1484 1567 ac
1496 1541 1679 1576 suscipiunt.»
1692 1542 1747 1570 llos
1757 1551 1823 1579 ergo
1836 1543 1882 1572 ubi

241 1585 375 1620 coegisset
385 1585 502 1613 Basilius
518 1585 547 1612 in
563 1585 655 1618 urbes,
670 1593 702 1612 ac
717 1593 733 1612 e
745 1585 886 1613 monachis
897 1589 926 1613 et
949 1585 1123 1613 anachoretis
1140 1585 1299 1613 cocnobitas
1309 1585 1457 1619 cilccissct,
1470 1586 1581 1614 vivendi
1597 1588 1719 1623 regulam
1734 1589 1882 1626 Evangelio

240 1638 455 1660 eonsentaneam
467 1633 521 1660 illis
535 1633 709 1668 conscripsit,
724 1641 805 1667 quam
816 1637 844 1661 et
859 1633 887 1660 in
903 1633 998 1668 precio
1018 1633 1162 1665 habemus,
1183 1637 1211 1660 et
1225 1633 1309 1660 totius
1323 1633 1455 1661 Graeciae
1467 1634 1593 1661 monachi
1606 1634 1738 1664 hactenus
1751 1637 1881 1664 observa-

242 1683 306 1707 runt
319 1684 402 1714 atque
414 1680 527 1708 reveriti
537 1685 610 1711 sunt,
625 1679 857 1714 quemadmodum
866 1685 894 1708 et
905 1679 994 1707 Latini
1005 1685 1142 1714 sumptam
1159 1679 1222 1707 inde
1234 1680 1356 1715 regulam
1376 1679 1518 1708 beatorum
1530 1681 1699 1718 Hieronymi,
1725 1684 1882 1718 Augustini,

240 1727 391 1761 Benedicti,
412 1728 548 1756 Dominici
560 1748 567 1761 ,
590 1728 745 1760 Francisci,
760 1728 904 1760 Bcrnardi,
915 1736 948 1755 ac
959 1728 1139 1763 reliquorum.
1162 1727 1292 1755 Ceterum
1320 1735 1356 1754 ne
1374 1727 1457 1755 variis
1471 1729 1682 1764 allegationibus
1698 1730 1802 1758 obruen
1820 1731 1824 1767 ι
1841 1736 1882 1759 tes

243 1773 361 1801 lectoris
382 1775 504 1802 animum
529 1775 662 1810 epistolae
679 1773 792 1802 modum
816 1773 992 1804 excedamus,
1015 1773 1190 1809 institutique
1203 1774 1290 1802 nostri
1308 1773 1452 1800 videamur
1467 1773 1556 1806 obliti,
1570 1774 1640 1802 duos
1652 1775 1736 1803 fuisse
1749 1776 1882 1805 Macarius

241 1825 376 1848 testantur
389 1817 528 1848 Palladius
538 1829 570 1848 ac
581 1820 754 1855 Nicephorus
765 1820 816 1855 (ὁ),
831 1820 948 1847 alterum
961 1819 1177 1848 Alexandrinum
1188 1828 1300 1855 genere,
1313 1819 1360 1855 qui
1373 1819 1438 1846 licet
1450 1819 1542 1848 iunior
1555 1821 1582 1848 in
1596 1821 1640 1853 iis,
1660 1829 1730 1857 quae
1746 1827 1811 1850 sunt
1821 1831 1880 1850 mo-

240 1870 391 1899 nachorum
404 1870 560 1906 praecipua,
574 1870 676 1905 primas
688 1868 840 1900 obtinebat,
852 1868 970 1896 alterum
983 1868 1157 1903 Aegyptium,
1171 1873 1261 1896 aetate
1271 1867 1505 1903 grandiorem,qui
1520 1868 1569 1895 has
1579 1869 1651 1903 ipsas
1665 1878 1761 1905 graece
1772 1871 1881 1905 scripsit

241 1919 385 1950 Homilias,
405 1925 474 1952 quas
493 1917 521 1944 in
534 1917 650 1944 latinum
666 1924 822 1944 sermonem
835 1917 1034 1943 transtulimus.
1053 1917 1103 1943 llic
1116 1917 1264 1951 nonaginta
1279 1916 1347 1943 vixit
1358 1924 1446 1944 annos
1459 1916 1592 1952 integros,
1604 1925 1722 1952 quorum
1739 1921 1880 1955 sexaginta

241 1965 373 2000 transegit
391 1964 419 1990 in
433 1963 594 1991 solitudine.
610 1963 706 1997 Itaque
722 1967 803 1989 natus
818 1969 905 1988 annos
919 1961 1039 1996 triginta,
1053 1965 1082 1988 et
1097 1961 1124 1988 in
1140 1961 1253 1988 iuvenili
1269 1961 1437 1990 constitutus
1449 1966 1548 1994 actate,
1569 1966 1624 1990 tam
1644 1964 1795 1994 toleranter
1817 1969 1880 1996 tulit

238 2015 348 2043 labores
365 2012 570 2041 exercitationis
588 2015 675 2038 totum
690 2010 867 2041 decennium,
887 2014 918 2036 ut
939 2017 1036 2044 magna
1048 2009 1166 2044 quadam
1178 2013 1206 2036 el
1219 2008 1319 2044 insigni
1332 2009 1432 2044 dignus
1445 2009 1596 2038 haberetur
1611 2010 1880 2046 distinctione,adeo

240 2063 270 2088 ut
286 2065 429 2087 vocaretur
446 2058 677 2094 παιδαριογέρων,
706 2057 733 2084 id
749 2061 802 2088 est,
815 2057 842 2083 in
863 2056 960 2091 puerili
974 2060 1064 2083 aetate
1082 2063 1175 2088 senex,
1197 2055 1327 2091 quoniam
1341 2056 1424 2083 citius
1444 2064 1526 2091 quam
1550 2065 1601 2092 pro
1621 2063 1710 2087 aetate
1726 2062 1881 2095 profecerat

239 2106 397 2134 virtutibus.
421 2104 604 2140 Quadraginta
621 2111 707 2131 annos
722 2108 803 2131 natus
814 2108 976 2138 potestatem
995 2102 1101 2137 accepit
1120 2103 1252 2130 adversus
1268 2103 1426 2135 daemonas,
1441 2103 1556 2138 gratiam
1574 2105 1640 2132 item
1659 2107 1785 2141 curandi,
1798 2109 1880 2144 spiri-

240 2157 355 2186 tumque
376 2150 553 2186 praedicendi
574 2150 677 2177 futura.
698 2150 801 2185 Dignus
818 2158 928 2184 quoque
939 2154 981 2176 est
1001 2149 1112 2176 habitus
1133 2149 1294 2177 honorando
1321 2150 1485 2178 sacerdotio.
1510 2150 1675 2180 Habitarunt
1690 2161 1753 2182 cum
1770 2162 1803 2182 eo
1821 2154 1878 2183 duo

239 2197 368 2234 discipuli
387 2199 414 2225 in
432 2198 529 2225 intima
543 2197 694 2225 solitudine
712 2205 783 2232 quae
799 2202 913 2225 vocatur
928 2196 1018 2224 Scete.
1035 2197 1157 2230 Quorum
1175 2206 1247 2225 unus
1258 2198 1382 2233 quidem,
1404 2199 1481 2226 velut
1494 2199 1630 2232 minister,
1653 2201 1693 2229 illi
1708 2209 1816 2237 semper
1835 2211 1878 2230 as-

239 2247 348 2276 sidebat
363 2254 459 2274 eorum
481 2246 568 2282 gratia
585 2246 633 2281 qui
646 2246 795 2273 veniebant
817 2245 943 2276 curandi,
956 2245 1024 2272 alter
1045 2249 1136 2271 autem
1150 2253 1274 2272 seorsum
1297 2246 1444 2273 sccedebat
1462 2247 1489 2274 in
1509 2247 1616 2275 cellam.
1629 2248 1799 2278 Procedente
1811 2259 1878 2279 vero

238 2300 362 2331 tempore
377 2303 439 2322 cum
462 2298 573 2322 sanctus
598 2293 749 2329 perspicaci
763 2293 844 2320 oculo
861 2291 1052 2327 praevidissct,
1068 2292 1136 2319 dixit
1148 2292 1275 2320 ministro
1288 2300 1338 2320 suo
1361 2294 1472 2321 nomine
1488 2295 1597 2328 Joanni,
1615 2296 1661 2330 qui
1677 2301 1771 2331 postea
1790 2298 1879 2326 factus

237 2344 382 2380 presbyter
393 2343 526 2370 suﬂ‘ectus
537 2346 580 2369 est
593 2342 620 2369 in
632 2342 723 2369 locum
738 2341 846 2368 Macarii
862 2349 868 2367 :
882 2340 967 2372 Audi,
994 2340 1032 2367 mi
1053 2339 1137 2368 frater
1150 2340 1278 2373 Joannes,
1296 2349 1441 2377 meamque
1454 2343 1495 2370 fer
1508 2352 1596 2379 aequo
1607 2346 1699 2372 animo
1710 2347 1878 2375 admonitio-

237 2399 301 2418 nem
325 2391 375 2418 tibi
394 2390 475 2418 valde
494 2390 678 2425 profuturam.
703 2389 832 2416 Tcntaris
848 2388 932 2418 enim,
947 2387 1047 2422 inquit,
1067 2392 1094 2415 et
1106 2392 1131 2415 te
1151 2392 1237 2416 tentat
1253 2389 1365 2424 spiritus
1380 2390 1526 2423 avaritiae;
1549 2391 1588 2418 sic
1607 2392 1681 2419 enim
1704 2399 1878 2428 perspectum

238 2438 347 2470 habeo;
367 2439 424 2465 scio
438 2443 540 2469 tamen,
557 2437 579 2464 si
595 2444 685 2464 meam
707 2436 824 2472 benigne
848 2437 945 2464 tuleris
961 2436 1193 2466 adhortationem,
1207 2441 1233 2463 te
1246 2435 1399 2470 perfectum
1410 2436 1469 2465 fore
1494 2438 1522 2465 in
1534 2439 1581 2466 Dei
1595 2439 1692 2468 timore
1712 2445 1796 2476 atque
1817 2443 1879 2471 eius

237 2491 332 2518 opere,
344 2484 567 2519 laudaberisque,
576 2487 604 2510 et
619 2483 623 2518 |
641 2483 777 2518 ﬂagellum
789 2491 842 2510 non
856 2483 1089 2518 appropinquabit
1101 2483 1278 2510 tabernaculo
1285 2483 1427 2517 tuo.Quod
1439 2485 1460 2511 si
1474 2493 1529 2513 non
1540 2486 1672 2520 audieris,
1680 2487 1707 2515 in
1719 2492 1744 2515 te
1755 2490 1877 2520 venient,

238 2539 308 2566 quae
317 2532 393 2560 Giezi
405 2532 515 2559 tandem
526 2531 700 2564 acciderunt,
713 2530 793 2558 cuius
800 2531 867 2558 vitio
881 2531 1129 2566 laboras.Contigit
1139 2539 1233 2566 porro,
1250 2536 1279 2558 ut
1291 2531 1421 2560 defuncto
1433 2533 1550 2561 Macario
1562 2543 1616 2562 non
1634 2537 1766 2570 paruerit,
1779 2537 1827 2565 sed
1840 2538 1877 2568 ei.

238 2578 284 2614 qui
310 2582 423 2613 propter
447 2578 591 2605 avaritiam
615 2577 737 2612 alligavit
759 2576 845 2604 Judae
866 2577 1007 2611 laqueum.
1026 2576 1134 2611 Elapsis
1154 2576 1245 2611 itaque
1260 2577 1417 2612 quindecim
1439 2584 1486 2606 aut
1502 2580 1596 2616 viginti
1623 2582 1712 2615 annis,
1729 2590 1791 2610 cum
1807 2583 1878 2610 bona

239 2634 391 2662 pauperum
412 2631 582 2660 usurpasset,
600 2630 654 2653 tam
680 2624 754 2660 gravi
778 2624 914 2651 laboravit
925 2624 1092 2660 elephantia,
1108 2628 1139 2651 ut
1155 2623 1182 2650 in
1205 2628 1262 2651 toto
1288 2625 1348 2652 cius
1363 2633 1479 2661 corpore
1505 2635 1560 2655 non
1577 2628 1749 2656 inveniretur
1772 2629 1880 2665 integer

238 2674 326 2705 locus,
341 2673 368 2700 in
380 2682 435 2708 quo
448 2673 511 2708 quis
526 2673 641 2708 digitum
653 2673 736 2708 ﬁgere
748 2677 849 2707 posset.
867 2672 940 2700 llaec
955 2672 1007 2700 fuit
1017 2673 1126 2701 Macarii
1136 2673 1289 2708 prophetia.
1302 2673 1454 2700 Ferebatur
1474 2674 1519 2702 hic
1529 2680 1641 2703 sanctus
1653 2676 1709 2711 pati
1731 2678 1878 2705 continen-

241 2711 294 2748 tem
315 2722 445 2753 ccstasin,
471 2721 636 2756 saepiusque
659 2721 700 2748 vel
721 2729 783 2748 cum
807 2721 873 2752 Deo,
886 2722 928 2748 vel
944 2721 972 2748 in
987 2722 1070 2748 rebus
1086 2722 1190 2749 versari
1215 2722 1390 2749 caelestibus.
1416 2722 1497 2750 Fama
1510 2724 1593 2751 etiam
1613 2729 1743 2753 constans
1755 2732 1824 2758 erat,
1850 2727 1878 2753 in

239 2767 387 2794 solitudine
410 2767 486 2794 illum
507 2768 655 2794 suscitasse
677 2772 827 2799 mortuum,
840 2772 870 2794 ut
885 2768 1065 2802 persuaderet
1086 2769 1195 2795 cuidam
1212 2769 1353 2796 haeretico
1365 2770 1474 2804 neganti
1493 2771 1731 2800 resurrectionem.
1749 2773 1874 2808 Reliqua,

1032 2825 1157 2853 NOTAE.

276 2860 314 2893 (ο)
333 2860 369 2886 Ex
391 2860 518 2886 mnuodia
533 2860 614 2894 Grcg.
632 2860 796 2888 Nazianzeni
813 2860 838 2887 in
857 2861 939 2887 vitam
957 2861 1058 2888 Basilii.

276 2896 315 2930 υτ)
332 2895 432 2921 l’ailanl.
449 2895 475 2921 in
490 2895 608 2922 Historia
624 2895 734 2922 Patrum
751 2904 810 2930 cap.
833 2896 872 2927 I9,
889 2897 940 2927 :40;
959 2896 1072 2931 Niceph.
1090 2897 1158 2923 Hist.
1177 2897 1250 2924 lin-cl.
1268 2897 1315 2924 lib.
1332 2906 1355 2924 iv
1373 2907 1431 2932 cap.
1452 2899 1491 2925 ii.
