2048 3153
151 185 192 213 50!
586 188 631 215 AD
650 187 836 215 EDITIONEM
852 186 934 214 ΗΟΜ.
955 186 983 213 S.
1003 186 1143 214 MACARII
1162 187 1329 216 AEGYPTll.
1709 189 1766 220 30‘2':

155 241 254 270 laudum
267 242 421 276 praeconiis
434 246 516 278 atque
531 243 640 271 nomine
652 251 792 278 nunquam
813 242 960 270 interituro
972 242 1141 278 dignissime,
1159 243 1383 280 quotiescunque,
1397 246 1518 281 inquam,
1537 246 1589 273 hac
1609 246 1765 274 tristissima-

155 288 239 316 mundi
252 293 361 316 senecta
373 289 442 317 adeo
454 289 552 326 frigide
564 297 596 317 ac
607 291 705 326 supine
719 298 844 326 graecam
859 291 979 325 linguam
993 290 1021 317 in
1032 290 1173 326 plerisque
1187 292 1255 319 locis
1269 297 1326 321 tum
1341 294 1410 321 tradi
1427 297 1483 321 tum
1499 294 1602 321 addisci
1614 294 1761 329 conspicio,

155 337 274 364 continuo
285 337 394 365 animus
405 345 484 366 meus
500 338 628 366 obruitur
644 339 731 372 luctu,
753 346 877 366 moerore
891 342 919 366 et
932 338 1044 366 tristitia
1060 347 1116 367 non
1137 340 1243 375 exigua.
1262 340 1335 374 Quae
1353 342 1454 369 ctenim
1475 347 1517 369 est
1535 342 1680 374 dementia,
1694 350 1764 376 quae

153 385 263 418 fatuitas,
276 393 345 420 quae
359 386 465 414 insania
476 394 572 414 eorum
587 387 740 420 hominum,
753 387 799 422 qui
811 387 915 421 absque
928 387 1012 414 huius
1027 387 1031 423 1
1047 387 1154 423 linguae
1164 382 1331 416 rudimentis
1346 398 1425 417 rarae
1440 394 1468 417 et
1486 390 1588 417 solidae
1601 389 1766 417 eruditionis

154 432 250 460 laudem
264 440 292 460 se
304 434 434 468 consequi
448 441 528 469 posse
541 435 667 470 sperant?
679 435 739 463 Non
752 435 842 462 minor
858 439 941 467 certe,
954 442 985 462 ac
1002 435 1024 462 si
1041 436 1103 470 quis
1117 436 1220 471 absque
1240 437 1291 463 rati
1307 437 1468 465 immensum
1487 445 1518 465 ac
1535 442 1640 465 vastum
1653 438 1764 473 pelagus

155 478 270 511 transire,
283 482 330 506 aut
343 479 446 514 absque
463 480 513 508 alis
528 480 556 507 in
569 480 680 508 aethera
692 481 811 512 evolare,
825 484 872 507 aut
890 481 992 515 absque
1005 481 1097 516 lingua
1118 490 1167 509 seu
1191 481 1308 517 Spiritus
1323 483 1409 510 sancti
1431 483 1502 510 dono
1523 488 1648 510 aeternae
1669 484 1763 511 salutis

153 525 270 561 mysteria
282 526 412 559 enodare,
425 527 578 562 patefacere
589 531 617 555 et
629 528 775 562 explicare,
789 532 836 555 aut
847 527 965 562 denique
977 528 1079 563 absque
1090 528 1200 556 Christo
1212 538 1275 565 rege
1288 535 1315 557 et
1326 530 1409 558 fratre
1421 534 1515 558 nostro
1526 538 1671 565 supernam
1683 531 1762 558 Jeru-

153 573 227 601 salem
238 573 376 602 civitatem
387 575 531 603 caelestem
545 579 573 603 et
585 576 682 611 gaudia
694 576 819 612 paradysi
834 575 940 611 ingredi
952 580 1107 603 conaretur.
1121 576 1155 603 Et
1169 581 1243 605 certe
1259 581 1334 605 tanta
1347 581 1389 604 est
1406 577 1488 605 huius
1503 578 1610 612 linguae
1624 581 1763 613 praestan-

152 621 193 653 tia,
207 625 280 648 tanta
292 621 420 657 dignitas,
434 626 508 649 tanta
522 623 648 658 dignitati
668 623 815 650 coniuncta
833 624 948 655 utilitas,
964 627 1040 650 tanta
1060 624 1221 659 amplitudo,
1239 629 1314 651 tanta
1332 626 1459 652 maiestas
1473 629 1618 659 tantusque
1636 624 1718 651 decor
1735 628 1763 651 et

150 672 264 702 ornatus,
277 673 319 702 ut,
331 670 354 697 si
366 670 492 697 instituta
503 670 649 698 collatione
662 671 729 698 haec
745 671 838 706 lingua
848 678 910 698 cum
922 671 1022 698 ceteris
1039 675 1222 706 comparetur,
1242 672 1361 707 reliquas
1376 680 1470 700 omnes
1486 675 1542 699 tum
1556 672 1666 706 copiosa
1681 678 1761 698 voca-

150 717 270 745 bulorum
281 718 363 751 serie,
382 721 440 745 tum
459 718 583 746 miranda
598 719 777 746 dialectorum
789 719 922 746 varietate
944 718 984 746 sic
1002 719 1108 746 anteire
1129 723 1157 746 et
1169 727 1300 754 superare
1320 720 1458 752 videatur,
1478 723 1509 746 ut
1529 719 1568 746 sol
1589 719 1617 745 in
1636 718 1763 753 superius

149 764 373 800 hemisphaerium
385 765 535 800 productus
549 770 661 793 cunctas
682 766 770 794 octavi
791 766 866 793 orbis
889 766 981 793 stellas
998 766 1143 801 splendore
1165 774 1214 794 suo
1237 766 1362 794 oﬂuscat.
1384 767 1464 794 Nulla
1482 767 1556 794 enim
1568 771 1610 794 est
1625 774 1640 793 e
1658 766 1762 793 circulo

149 812 323 840 humanarum
336 817 417 848 atque
429 813 608 848 ingenuarum
621 813 720 841 artium
734 821 766 841 ac
784 813 1000 848 disciplinarum,
1014 820 1084 848 quae
1100 814 1151 841 hac
1163 821 1268 847 carere,
1279 815 1354 842 nulla
1370 822 1439 850 quae
1457 815 1559 849 absque
1574 815 1626 841 hac
1643 814 1762 849 perfecte

147 860 242 892 doceri,
254 865 284 888 et
297 860 372 888 nulla
384 868 454 896 quae
469 861 572 896 absque
589 861 640 888 hac
651 862 761 896 penitus
774 862 878 896 percipi
892 861 1052 896 cognoscive
1067 862 1162 897 possit.
1178 862 1206 890 Si
1219 867 1247 890 et
1262 862 1266 897 |
1282 863 1366 895 enim,
1380 866 1410 890 ut
1422 863 1483 890 luce
1500 862 1650 890 meridiana
1663 862 1770 893 clarius,

147 911 193 940 est,
204 907 306 935 latinus
317 915 407 936 sermo
418 915 434 936 e
445 915 542 944 graeco
555 908 675 936 manavit
689 912 770 944 atque
783 908 925 944 processit,
941 908 1008 936 adeo
1025 911 1066 941 ut,
1079 909 1151 943 quod
1165 909 1298 937 Homerus
1312 909 1346 937 de
1358 917 1461 937 oceano
1473 910 1547 937 canit
1560 918 1566 935 :

500 967 545 1000 Ἐξ
560 963 645 1003 οὗπερ
662 968 761 999 πάντες
777 968 895 1002 ποταμοὶ
911 968 958 994 καὶ
974 968 1049 994 πᾶσα
1062 968 1187 995 θάλασσα

491 1003 547 1029 Καὶ
560 1004 646 1030 πᾶσαι
658 1004 756 1039 κρῆναι
767 1004 814 1030 καὶ
830 1003 935 1038 φρέατα
948 1004 1037 1030 πάντα.
1051 1003 1145 1030 νάουσι

148 1070 177 1097 de
192 1077 291 1105 graeca
306 1071 398 1106 lingua
414 1077 469 1098 non
486 1070 623 1099 immerito
637 1070 691 1098 dici
703 1070 800 1106 possit,
812 1077 903 1102 nemo,
918 1069 1024 1104 opinor,
1038 1069 1082 1097 vel
1096 1068 1350 1104 impudentissimus
1368 1070 1516 1105 negaverit,
1530 1069 1632 1104 absque
1649 1077 1760 1104 graecae

144 1114 243 1150 linguae
255 1117 425 1153 cognitione,
434 1117 569 1153 principio
581 1118 713 1146 nimirum
726 1123 808 1153 atque
818 1117 924 1152 origine
936 1116 986 1149 rei,
998 1121 1122 1144 exactam
1137 1121 1219 1151 atque
1228 1116 1375 1152 perfectam
1387 1116 1485 1143 latinae
1502 1116 1609 1152 linguae
1620 1117 1767 1144 scientiam.

144 1163 293 1197 comparari
305 1171 360 1190 non
374 1171 461 1198 posse.
474 1163 551 1197 Quod
565 1172 640 1198 sane,
653 1165 686 1197 si,
696 1172 726 1192 ut
739 1164 825 1199 ipsius
836 1164 875 1191 rei
890 1163 1018 1190 maiestas
1035 1163 1127 1198 exigit,
1145 1163 1174 1190 in
1186 1163 1301 1198 singulis
1311 1163 1353 1190 vel
1366 1162 1465 1190 artium
1478 1162 1639 1197 disciplinis,
1658 1163 1700 1190 vel
1717 1170 1762 1189 ea—

143 1210 251 1237 rundem
264 1211 382 1238 summis
391 1211 565 1241 facultatibus
575 1213 761 1240 demonstrare
773 1216 854 1247 atque
866 1212 992 1239 evincere
1003 1212 1229 1244 vellem,vereor,
1239 1219 1272 1239 ne
1286 1211 1314 1238 in
1327 1211 1463 1238 inﬁnitum
1474 1210 1666 1238 exlenderetur
1675 1211 1761 1238 oratio

142 1259 237 1283 nostra.
250 1255 335 1283 Modo
347 1257 442 1291 paucis
454 1266 511 1285 rem
522 1258 658 1291 delibabo,
668 1266 713 1291 ne,
725 1258 798 1293 quod
810 1257 877 1290 dixi,
887 1257 1029 1284 mendacio
1041 1257 1125 1292 magis
1136 1265 1217 1291 quam
1226 1257 1333 1284 veritati
1346 1264 1496 1291 congruum
1507 1264 1538 1283 ac
1549 1260 1762 1283 consentaneum

141 1301 276 1329 \ideatur-
295 1302 384 1338 Atque
405 1304 550 1339 principio,
571 1313 663 1333 nonne
683 1313 778 1333 omnes
797 1309 881 1338 artes,
899 1304 1085 1340 grammatica,
1105 1303 1259 1337 dialectica,
1278 1303 1427 1336 rhetorica,
1445 1303 1559 1335 musica,
1578 1296 1770 1335 arithmetica,

141 1351 297 1384 geometria,
313 1352 489 1385 astronomia,
504 1353 621 1388 poetica,
635 1353 757 1389 politica,
772 1352 968 1388 therapeutica,
984 1351 1104 1387 physica,
1123 1351 1258 1386 theologia
1273 1355 1354 1386 atque
1370 1350 1437 1378 adeo
1448 1351 1574 1378 universa
1591 1349 1761 1384 philosophia

143 1399 281 1434 omnisque
311 1398 517 1434 disciplinarum
542 1401 634 1434 orbis,
660 1409 741 1436 quem
766 1399 1008 1436 ὲγκυκλοπαιδείαν
1031 1407 1176 1432 vocamus,
1202 1402 1314 1434 graecos
1339 1398 1497 1426 etiamnunc
1524 1397 1612 1425 fontes
1636 1397 1763 1431 sapiunt?

155 1445 245 1479 IAdeo
266 1450 300 1474 ut
318 1454 353 1475 ne
374 1447 486 1474 nomina
509 1447 620 1482 quidem
639 1448 703 1481 alia,
723 1455 804 1483 quam
826 1447 918 1474 nativa
939 1449 966 1473 et
988 1451 1086 1482 graeca
1109 1445 1264 1477 admittant,
1279 1451 1367 1478 neque
1389 1451 1440 1471 nos
1461 1442 1522 1470 aliis
1540 1442 1697 1470 nominibus
1716 1449 1763 1469 eas

143 1498 328 1526 agnoscamus,
342 1501 429 1528 eoque
442 1493 501 1521 iure
522 1501 551 1521 se
564 1494 644 1521 nobis
659 1494 829 1529 permittant,
842 1498 872 1520 ut
885 1502 900 1521 a
913 1493 1035 1520 fontibus
1051 1492 1156 1520 secludi
1169 1498 1225 1518 non
1238 1490 1387 1526 patiantur.
1400 1489 1428 1517 Si
1447 1497 1462 1516 a
1479 1488 1566 1516 literis
1577 1488 1652 1515 velut
1663 1487 1697 1514 ab
1711 1494 1770 1514 ovo.

143 1543 196 1564 rem
208 1544 377 1571 retexamus,
391 1546 480 1566 nonne
494 1538 583 1566 Latini
595 1547 690 1567 omnes
704 1547 768 1567 suas
782 1539 884 1570 literas,
899 1546 953 1566 una
970 1537 1102 1565 duntaxat
1113 1541 1196 1572 atque
1207 1536 1293 1563 altera
1305 1535 1406 1566 demta,
1421 1543 1436 1562 a
1448 1534 1559 1562 Graecis
1570 1534 1697 1566 mutuati,
1711 1542 1773 1561 ncc.

144 1587 227 1612 tamen
245 1592 410 1620 graecarum
433 1585 574 1613 literarum
594 1586 731 1614 concisam
750 1586 912 1614 brevitatem
936 1589 984 1613 aut
1006 1585 1097 1621 potius
1118 1584 1281 1620 elegantiam
1303 1583 1421 1619 perfecte
1440 1591 1472 1610 ac
1493 1583 1573 1619 plene
1588 1582 1626 1618 (a)
1646 1582 1763 1609 assecuti

143 1630 219 1657 sunt?
240 1630 325 1664 Quod
345 1631 419 1658 enim
441 1631 531 1659 Latini
552 1636 683 1667 quatuor,
698 1633 727 1660 id
750 1632 848 1661 Graeci
872 1632 979 1660 duabus
1001 1633 1160 1668 exprimunt
1182 1631 1285 1664 literis,
1308 1631 1336 1659 id
1359 1631 1433 1666 quod
1457 1634 1570 1666 apparet
1591 1631 1620 1658 in
1643 1631 1763 1658 dictione

143 1678 314 1714 ἀπόφθεγμα,
330 1678 432 1713 φθίσις,
445 1683 474 1706 et
493 1680 638 1708 similibus.
660 1681 757 1709 Nonne
774 1689 883 1716 quoque
903 1680 1078 1708 Grammatici
1100 1679 1183 1707 huius
1204 1679 1313 1715 linguae
1326 1679 1424 1714 peritia
1441 1685 1614 1714 summopere
1629 1671 1769 1713 indigentf

143 1722 202 1750 adeo
215 1728 246 1751 ut
257 1723 310 1759 qui
323 1723 406 1752 Criste
420 1732 469 1759 pro
483 1724 593 1759 Christe,
609 1726 704 1753 eleison
718 1734 768 1762 pro
783 1726 882 1753 eleeson
896 1729 924 1753 et
935 1730 1033 1753 sonant
1049 1729 1077 1752 et
1094 1723 1227 1756 scribunt,
1240 1726 1323 1751 rudes
1335 1728 1416 1758 atque
1429 1723 1550 1750 omnium
1570 1730 1661 1750 rerum
1677 1722 1772 1758 ignari:

143 1768 349 1797 existimentur?
362 1769 433 1803 Quid
448 1770 482 1798 de
500 1771 651 1805 dialectica,
666 1773 765 1808 quidve
779 1772 812 1799 de
826 1772 962 1799 rhetorica
980 1771 1085 1799 dicam?
1100 1770 1186 1804 Quam
1205 1770 1329 1802 inﬁnitis,
1344 1778 1455 1804 quaeso,
1472 1773 1587 1796 utuntur
1603 1769 1664 1796 illae
1681 1762 1769 1796 voca-1

144 1811 217 1845 bulis,
232 1821 308 1849 quae
320 1814 418 1848 partim
432 1819 497 1842 sunt
508 1823 614 1851 graeca,
629 1817 728 1852 partim
748 1825 844 1844 eorum
865 1816 1017 1844 imitatione
1037 1816 1119 1848 facta,
1133 1823 1252 1851 quorum
1266 1815 1321 1842 vim
1340 1823 1372 1842 ac
1387 1814 1611 1850 significationem
1625 1814 1672 1849 qui
1684 1810 1770 1856 igno-l

143 1865 196 1888 rant
206 1869 291 1896 quam
305 1862 425 1897 graviter
436 1862 648 1896 hallucinentur,
660 1867 755 1890 notum
767 1863 904 1890 omnibus.
923 1863 958 1889 Et
972 1866 1046 1890 certe
1061 1862 1146 1889 multa
1163 1866 1227 1889 sunt
1243 1861 1314 1896 apud
1329 1861 1511 1894 Aristotelem,
1527 1868 1597 1895 quae
1615 1864 1663 1887 aut
1678 1858 1769 1887 latine'

142 1906 281 1934 transferri
302 1906 406 1941 optime
422 1914 457 1934 ne
472 1907 477 1942 l
492 1911 606 1941 queunt,
625 1912 672 1935 aut
691 1908 820 1935 translata
835 1908 888 1935 alio
910 1915 992 1935 sensu
1014 1907 1187 1942 accipiuntur
1214 1914 1228 1933 a
1249 1906 1403 1941 legentibus
1421 1914 1501 1941 quam
1520 1906 1554 1933 ab
1572 1914 1605 1933 eo
1624 1903 1769 1933 dicuntur.'

142 1951 206 1984 Quin
217 1957 245 1980 et
256 1956 357 1989 poetas
369 1961 528 1988 graecarum
544 1953 685 1980 literarum
704 1953 812 1988 ignaros
823 1953 959 1980 incassum
973 1953 1094 1980 laborem
1108 1953 1248 1987 suscipere
1265 1960 1297 1979 ac
1309 1960 1447 1987 nunquam
1463 1953 1601 1980 Musarum
1613 1952 1762 1988 penetralia

143 1994 240 2030 ingredi
259 2004 346 2032 posse
356 1997 400 2024 vel
410 2004 443 2024 ex
454 2005 487 2024 eo
502 2001 586 2032 patet,
598 1997 671 2032 quod
683 2005 778 2024 omnes
789 1997 896 2025 fabulae
908 2005 940 2024 ac
952 1997 1079 2033 figmenta
1091 1998 1197 2032 poetica
1212 2005 1227 2025 e
1240 1997 1350 2024 Graecis
1364 1998 1508 2032 pendeant.
1522 1998 1592 2031 Quid
1607 1998 1640 2025 de
1655 1997 1762 2024 mathe-

143 2043 243 2072 maticis
253 2044 382 2072 scientiis
392 2044 504 2079 loquar?
515 2044 579 2072 Illae
590 2049 645 2072 tam
657 2049 771 2079 possunt
784 2044 843 2071 sine
855 2045 959 2079 graecis
970 2044 1059 2072 literis
1070 2044 1190 2079 perfecte
1205 2044 1303 2075 teneri,
1312 2051 1392 2078 quam
1407 2043 1464 2071 sine
1475 2043 1579 2079 graecis
1586 2042 1774 2070 auctoribus?-

142 2088 210 2124 Quis,
225 2098 344 2127 quaeso,
360 2091 412 2118 nisi
428 2090 550 2118 Graecus
564 2089 697 2125 intelliget
710 2089 868 2117 Euclidem?
883 2089 946 2124 quis
959 2090 1163 2117 Ptolemaeum?
1178 2089 1242 2124 quis
1255 2089 1403 2116 Proclum?
1420 2089 1486 2123 Quis
1505 2089 1560 2116 nisi
1579 2088 1699 2115 Graecus
1717 2095 1764 2114 ex-

144 2135 248 2169 plicabit
266 2136 337 2171 quid
359 2136 395 2163 sit
413 2137 539 2171 trigonus,
555 2135 620 2170 quid
640 2139 802 2170 tetragonus,
819 2134 885 2170 quid
900 2143 1000 2168 manas,
1017 2135 1081 2170 quid
1099 2135 1174 2168 lrt'as,
1189 2135 1255 2170 quid
1275 2134 1405 2170 diapente,
1422 2135 1487 2170 quid
1507 2134 1680 2165 diatessaron,
1697 2132 1763 2168 quid

144 2185 289 2218 excentrict‘,
306 2184 374 2220 quid
390 2184 557 2220 syncentrict',
575 2182 641 2217 quid
662 2182 789 2218 epicyclii,
805 2181 871 2217 quid
890 2182 1015 2218 eclypses,
1028 2187 1057 2210 et
1073 2182 1133 2210 eius
1151 2183 1259 2217 generis
1282 2187 1357 2210 tanta
1377 2183 1467 2216 turba,
1483 2187 1514 2210 ut
1535 2181 1672 2210 audiendo
1687 2181 1764 2216 prius

144 2236 218 2262 quam
231 2229 477 2258 commemorando
491 2229 581 2256 omnia
595 2228 736 2264 defatigari
749 2228 810 2263 quis
824 2228 918 2264 possit.
939 2228 980 2255 Ad
996 2229 1082 2256 serias
1097 2237 1162 2257 vero
1175 2234 1256 2265 atque
1270 2230 1369 2258 arduas
1383 2230 1406 2256 si
1420 2229 1579 2264 progrediar
1595 2227 1762 2262 disciplinas,

144 2275 274 2304 medicina
286 2280 432 2312 tantopere
447 2275 550 2311 indiget
562 2275 667 2310 graecis
677 2274 774 2307 literis,
787 2278 818 2302 ut
829 2268 876 2309 qui
888 2274 947 2301 eius
959 2274 1113 2309 cognitione
1127 2278 1247 2307 careant,
1260 2274 1336 2308 dum,
1350 2279 1381 2302 ut
1395 2278 1475 2309 poeta
1486 2274 1570 2305 canit,

511 2333 646 2368 Φάρμακα
661 2331 746 2358 πολλὰ
761 2331 919 2367 μεμιγμένα
934 2331 1023 2366 λυγρὰ
1035 2332 1082 2358 καὶ
1094 2331 1177 2358 ἐσθλά

145 2404 308 2437 ministrant.
324 2409 449 2441 aegrotos
466 2412 522 2432 non
538 2412 601 2432 raro
621 2404 649 2431 in
665 2407 819 2431 extremum
836 2402 909 2430 vitae
924 2401 1079 2437 periculum
1093 2401 1249 2429 coniiciant.
1264 2401 1333 2430 Cum
1347 2402 1420 2429 enim
1437 2401 1506 2437 phar
1522 2401 1527 2436 |
1542 2407 1691 2430 macorum,
1710 2406 1762 2425 un-

144 2455 318 2483 guentorum,
331 2451 563 2487 cataplasmatum,
577 2450 730 2485 potionum,
744 2452 923 2481 ceromatum,
937 2448 1003 2476 item
1017 2447 1206 2480 animantium,
1219 2448 1385 2483 plantarum,
1398 2455 1577 2483 gemmarum,
1591 2445 1762 2477 morborum,

144 2495 339 2528 remediorum,
351 2495 606 2527 instrumentorum,
624 2494 776 2529 ponderum
790 2498 818 2521 et
831 2500 1021 2521 mensurarum
1037 2492 1170 2520 vocabula
1184 2493 1276 2520 omnia
1289 2493 1344 2520 sint
1363 2501 1470 2528 graeca,
1483 2493 1555 2527 quis,
1570 2498 1682 2527 quaeso,
1695 2490 1764 2517 citra

145 2537 221 2568 huius
242 2541 356 2578 linguae
372 2542 557 2578 cognitionem
576 2542 657 2577 periti
682 2539 782 2569 medici
803 2540 884 2568 laude
904 2548 937 2568 ac
954 2540 1103 2575 praeconio
1124 2540 1252 2567 exornari
1270 2540 1427 2569 mereatur?
1440 2539 1506 2572 Quis
1526 2539 1718 2573 Hippocratem
1737 2541 1765 2563 et

144 2586 274 2617 Calenum
284 2590 409 2619 omnium
422 2590 591 2618 medicorum
604 2589 767 2625 κορυφαίους
779 2593 808 2616 et
820 2588 952 2624 δᾳδούχουι

827 2588 974 2624 Ξᾳδούχους,
989 2588 1022 2615 de
1036 2587 1138 2622 quibus
1150 2595 1180 2615 re
1194 2595 1258 2615 vera
1272 2587 1327 2615 dici
1341 2589 1432 2622 posset
1446 2584 1518 2620 quod
1535 2583 1635 2611 fuerint

517 2645 617 2681 Ἰητρυὶ
628 2644 731 2680 ἀνδρῶν
751 2645 857 2672 πολλῶν
873 2644 993 2676 ἅντάξιοι
1008 2643 1104 2677 ἄλλων,

145 2713 212 2748 quis,
226 2715 354 2750 inquam,
364 2723 412 2744 eos
425 2715 528 2751 absque
541 2715 624 2743 huius
644 2715 753 2751 linguae
771 2715 885 2743 scientia
903 2715 1046 2750 intelliget,
1061 2713 1123 2749 quis
1136 2713 1276 2746 enodabit,
1289 2714 1351 2749 quis
1367 2712 1515 2748 genuinum
1534 2718 1684 2745 verumque
1701 2718 1764 2737 scn-

145 2767 201 2788 sum
211 2769 247 2789 ex
259 2761 296 2790 iis
309 2762 405 2790 eruet?
414 2761 470 2790 Nec
484 2769 551 2790 vero
562 2761 629 2789 iuris
639 2761 812 2797 prudentiam
824 2768 935 2797 graecae
946 2760 1054 2795 linguae
1068 2759 1234 2788 adminiculo
1245 2766 1338 2787 carere
1350 2766 1439 2794 posse,
1455 2756 1519 2785 hinc
1534 2757 1564 2785 fit
1579 2755 1773 2788 manifestum,

904 2838 1027 2867 NOTAE.

182 2898 219 2934 (a)
237 2899 332 2932 Corn,
349 2900 431 2928 Palth.
447 2900 526 2937 plrni.
543 2900 616 2928 Enn.
