2048 3153
169 185 214 215 501
611 189 657 217 AD
675 189 862 217 EDITIONEM
879 188 960 216 HOM.
980 188 1008 216 S.
1029 188 1169 216 MACARII
1188 189 1355 217 AEGYPTII.
1735 192 1791 222 30ίέ

169 242 279 271 laudum
292 243 447 278 praeconiis
461 248 542 280 atque
556 245 666 273 nomine
678 253 818 280 nunquam
839 245 985 272 interitura
998 243 1167 279 dignissime,
1184 245 1409 281 quotiescunque,
1422 248 1544 283 inquam,
1563 248 1615 275 hac
1635 248 1789 276 tristissima

170 290 264 318 mundi
277 294 388 318 senecta
400 291 468 319 adeo
479 291 577 327 frigide
590 300 622 319 ac
633 293 730 327 supine
744 300 869 328 graecam
885 293 1005 327 linguam
1019 292 1047 319 in
1058 292 1198 328 plerisque
1213 293 1281 321 locis
1295 299 1352 322 tum
1367 296 1436 322 tradi
1453 300 1509 322 tum
1525 295 1628 323 addisci
1640 296 1792 331 conspicio,

169 338 300 366 continuo
311 339 420 367 animus
431 348 510 367 meus
525 340 653 368 obruitur
670 341 757 374 luctu,
778 348 903 368 moerore
916 345 944 368 et
957 340 1070 368 tristitia
1086 348 1141 368 non
1162 341 1269 377 exigua.
1287 342 1361 376 Quae
1379 344 1479 370 etenim
1501 348 1543 371 est
1561 343 1706 376 dementia,
1720 351 1790 378 quae

168 386 289 420 fatuitas,
302 395 372 423 quae
385 388 490 416 insania
502 396 598 416 eorum
612 389 766 422 hominum,
778 390 825 424 qui
836 389 941 423 absque
954 389 1037 416 huius
1053 389 1057 424 Ι
1072 388 1180 424 linguae
1195 390 1357 418 rudimentis
1372 399 1450 419 rarae
1466 396 1494 419 et
1512 391 1614 419 solidae
1627 391 1791 419 eruditionis

169 433 276 462 laudem
290 442 318 462 se
330 436 460 470 consequi
474 443 553 471 posse
566 437 693 472 sperant?
705 437 765 464 Non
778 437 867 464 minor
883 441 967 469 certe,
980 444 1011 464 ac
1027 437 1050 464 si
1066 437 1128 471 quis
1142 438 1245 473 absque
1266 439 1318 465 rati
1333 438 1494 466 immensum
1513 447 1544 467 ac
1561 444 1666 467 vastum
1679 440 1790 475 pelagus

171 480 296 513 transire,
310 484 357 508 aut
369 481 471 517 absque
488 482 538 510 alis
554 482 582 509 in
595 482 705 510 aethera
718 483 837 514 evolare,
850 486 898 509 aut
915 482 1018 517 absque
1031 483 1123 518 lingua
1144 491 1192 510 seu
1216 483 1333 518 Spiritus
1349 485 1435 512 sancti
1457 485 1528 512 dono
1549 490 1675 513 aeternae
1695 486 1789 513 salutis

169 528 297 563 mysteria
308 528 438 561 enodare,
451 529 604 564 patefacere
615 533 643 557 et
655 530 801 564 explicare,
814 534 861 557 aut
873 529 990 564 denique
1002 529 1105 564 absque
1116 530 1225 558 Christo
1238 539 1300 567 rege
1313 536 1341 559 et
1352 531 1435 559 fratre
1447 536 1541 559 nostro
1552 540 1697 567 supernam
1708 533 1772 560 Jeru
1780 549 1788 553 -

169 576 251 603 salem
263 576 402 604 civitatem
413 577 557 605 caelestem
571 581 599 605 et
611 577 708 613 gaudia
720 578 845 613 paradysi
860 577 965 613 ingredi
977 581 1133 605 conaretur.
1146 578 1180 605 Et
1194 583 1269 606 certe
1285 583 1359 607 tanta
1373 583 1415 606 est
1432 579 1514 606 huius
1529 579 1636 614 linguae
1650 583 1788 614 praestan—

169 624 215 656 tia,
230 627 306 651 tanta
318 624 446 659 dignitas,
459 629 535 652 tanta
547 625 673 660 dignitati
693 625 841 652 coniuncta
859 626 974 657 utilitas,
990 629 1065 652 tanta
1086 625 1247 660 amplitudo,
1264 630 1340 653 tanta
1358 627 1485 654 maiestas
1500 630 1644 661 tantusque
1662 626 1744 653 decor
1761 630 1789 653 et

168 674 290 704 ornatus,
303 675 345 704 ut,
358 672 380 699 si
393 672 517 700 instituta
529 673 674 700 collatione
687 673 755 700 haec
771 672 863 708 lingua
874 680 936 700 cum
948 673 1047 700 ceteris
1064 677 1247 707 comparetur,
1268 674 1387 708 reliQUas
1402 681 1496 701 omnes
1512 677 1568 700 tum
1582 673 1691 708 copiosa
1707 680 1787 700 voca-

168 719 296 748 bulorum
307 720 389 753 serie,
408 724 466 747 tum
485 721 609 748 miranda
623 721 803 748 dialectorum
816 721 948 748 varietate
970 720 1009 748 sic
1029 721 1133 748 anteire
1155 725 1183 748 et
1195 728 1326 756 superare
1346 721 1484 754 videatur,
1504 725 1536 748 ut
1555 721 1594 748 sol
1615 720 1643 747 in
1662 719 1788 754 superius

168 767 399 802 hemisphaerium
410 767 561 802 productus
574 772 687 795 cunctas
707 768 796 795 octavi
817 768 893 795 orbis
915 768 1006 795 stellas
1024 768 1170 802 splendore
1190 776 1240 795 suo
1263 768 1388 796 oﬂuscat.
1410 769 1490 796 Nulla
1508 769 1582 796 enim
1594 772 1666 795 este
1685 768 1788 795 circulo

168 815 349 842 humanarum
362 819 443 850 atque
454 815 634 850 ingenuarum
647 816 746 842 artium
759 823 792 843 ac
810 815 1025 850 disciplinarum,
1040 823 1109 850 quae
1125 816 1177 843 hac
1189 823 1293 849 carere,
1305 816 1380 843 nulla
1396 824 1465 851 quae
1483 816 1585 851 absque
1600 817 1652 843 hac
1669 815 1788 851 perfecte

167 862 270 894 doceri,
282 867 310 890 et
323 862 399 890 nulla
410 870 480 898 quae
494 863 598 898 absque
614 863 665 891 hac
677 864 787 899 penitus
799 864 904 898 percipi
917 863 1077 899 cognoscive
1092 864 1188 899 possit.
1204 863 1232 891 Si
1245 869 1273 892 et
1288 864 1292 899 ]
1308 865 1392 897 enim,
1406 868 1436 891 ut
1448 865 1509 892 luce
1526 864 1676 892 meridiana
1689 864 1788 892 clarius

166 913 218 942 est,
230 909 331 937 latinus
343 917 433 938 sermo
444 917 460 938 e
470 917 568 947 graeco
580 910 701 938 manavit
715 914 796 946 atque
808 910 951 946 processit,
966 910 1034 938 adeo
1051 913 1092 943 ut,
1104 911 1177 945 quod
1190 911 1324 938 Homerus
1338 911 1372 939 de
1384 918 1487 939 oceano
1500 912 1573 939 canit
1586 920 1593 937 :

526 969 571 1006 Ἐξ
585 965 670 1006 οὗπερ
688 970 787 1002 πάντες
803 970 920 1006 ποταμρὶ
937 970 984 996 καὶ
1000 970 1075 996 πᾶσα
1088 970 1212 997 θάλασσα

517 1005 572 1031 Καὶ
586 1006 671 1033 πᾶσαι
684 1006 781 1041 κρῆναι
793 1006 840 1032 καὶ
855 1005 960 1040 φρέατα
973 1006 1063 1032 πάντα
1077 1005 1171 1032 νάουσι

169 1072 203 1099 de
219 1079 317 1108 graeca
332 1072 424 1108 lingua
440 1079 495 1099 non
512 1072 648 1101 immerito
663 1073 717 1100 dici
729 1072 825 1107 possit,
838 1079 929 1104 nemo,
944 1071 1050 1106 opinor,
1064 1071 1108 1098 vel
1122 1070 1375 1106 impudentissimas
1394 1071 1542 1107 negaverit,
1556 1071 1658 1106 absque
1675 1079 1786 1106 graecae

165 1117 274 1152 linguae
286 1119 451 1155 cognitione,
460 1119 595 1155 principio
607 1120 739 1148 nimirum
752 1124 834 1155 atque
844 1118 949 1154 origine
961 1118 1012 1151 rei,
1024 1123 1148 1146 exactam
1163 1122 1244 1153 atque
1254 1118 1401 1153 perfectam
1412 1118 1511 1145 latinae
1527 1118 1635 1153 linguae
1646 1118 1787 1146 scientiam

165 1165 320 1199 comparari
331 1172 386 1192 non
399 1173 487 1200 posse.
500 1165 577 1199 Quod
591 1174 665 1199 sane,
679 1167 712 1199 si,
722 1173 752 1193 ut
764 1166 851 1201 ipsius
862 1166 901 1192 rei
917 1165 1044 1192 maiestas
1061 1165 1153 1200 exigit,
1171 1165 1200 1192 in
1212 1165 1327 1200 singulis
1336 1165 1379 1192 vel
1392 1164 1491 1191 artium
1504 1164 1665 1199 disciplinis,
1684 1165 1727 1191 vel
1743 1172 1788 1191 ea-

165 1212 283 1241 rundem
294 1213 407 1240 summis
417 1213 590 1243 facultatibus
601 1215 787 1242 demonstrare
798 1218 880 1249 atque
892 1214 1018 1241 evincere
1029 1213 1139 1246 vellem,
1148 1221 1254 1246 vereor,
1264 1221 1298 1241 ne
1312 1213 1340 1240 in
1353 1213 1488 1240 inﬁnitum
1501 1213 1693 1240 cxtenderetur
1701 1212 1788 1240 oratio

164 1261 270 1286 nostra.
283 1257 362 1285 Modo
374 1259 468 1293 paucis
480 1267 537 1286 rem
548 1260 684 1293 delibabo,
695 1268 738 1293 ne,
751 1260 823 1295 quod
836 1260 903 1292 dixi,
913 1259 1055 1286 mendacio
1066 1259 1152 1294 magis
1162 1267 1243 1294 quam
1252 1259 1359 1286 veritati
1372 1266 1523 1294 congruum
1533 1266 1564 1285 ac
1575 1262 1788 1285 consentaneum

164 1304 302 1331 tideatur.
321 1304 409 1340 Atque
431 1306 576 1342 principio,
597 1315 689 1335 nonne
708 1315 804 1335 omnes
823 1311 907 1340 artes,
925 1306 1111 1342 grammatica,
1131 1305 1285 1338 dialectica,
1303 1305 1452 1338 rhetorica,
1471 1305 1585 1338 musica,
1605 1299 1797 1337 arithmetica,

164 1353 325 1387 geometria,
339 1355 514 1387 astronomia,
530 1355 647 1390 poetica,
661 1355 783 1391 politica,
798 1355 994 1390 therapeutica,
1009 1353 1130 1389 physica,
1149 1353 1284 1388 theologia
1299 1357 1381 1388 atque
1396 1353 1463 1380 adeo
1475 1352 1601 1380 universa
1616 1351 1787 1387 philosophia

164 1401 311 1435 omnisque
337 1401 543 1436 disciplinarum
568 1403 660 1436 orbis,
686 1411 767 1438 quem
791 1401 1034 1438 ὲγκυκλοπαιδείαν
1057 1409 1202 1434 vocamus,
1228 1404 1340 1436 graecos
1365 1401 1522 1428 etiamnunc
1549 1399 1638 1427 fontes
1662 1398 1789 1433 sapiunt?

179 1448 276 1482 [Adeo
297 1452 328 1476 ut
344 1457 379 1477 ne
401 1449 511 1476 nomina
535 1449 645 1484 quidem
664 1449 729 1483 alia,
749 1457 830 1484 quam
852 1449 944 1476 nativa
965 1452 992 1475 et
1014 1453 1112 1484 graeca
1135 1447 1290 1479 admittant,
1305 1454 1393 1481 neque
1415 1454 1466 1473 nos
1487 1445 1549 1472 aliis
1566 1444 1723 1472 nominibus
1741 1451 1789 1471 eas

163 1501 354 1528 agnoscamus,
368 1503 455 1531 eoque
469 1496 527 1523 iure
548 1503 577 1523 se
590 1496 670 1523 nobis
684 1497 855 1531 permittant,
868 1500 898 1523 ut
911 1504 926 1523 a
939 1495 1061 1522 fontibus
1077 1494 1182 1522 secludi
1195 1501 1251 1520 non
1264 1492 1413 1528 patiantur.
1426 1491 1454 1519 Si
1473 1499 1488 1518 a
1505 1491 1592 1518 literis
1604 1490 1678 1518 velut
1689 1489 1723 1516 ab
1737 1496 1796 1516 ovo.

164 1546 226 1566 rem
239 1545 403 1573 retexamus,
417 1549 506 1568 nonne
519 1540 609 1568 Latini
621 1549 716 1569 omnes
730 1549 793 1569 suas
808 1541 910 1573 literas,
925 1548 979 1568 una
995 1540 1128 1567 duntaxat
1139 1543 1221 1574 atque
1233 1539 1319 1566 altera
1331 1537 1432 1568 demta,
1447 1545 1462 1564 a
1474 1536 1586 1564 Graecis
1596 1536 1723 1568 mutuati,
1738 1544 1799 1563 nec,

165 1591 258 1614 tamen
277 1594 436 1622 graecarum
459 1588 600 1615 literarum
620 1588 757 1616 concisam
776 1589 938 1616 brevitatem
962 1592 1010 1615 aut
1032 1588 1123 1623 potius
1144 1586 1306 1622 elegantiam
1329 1585 1448 1621 perfecte
1466 1593 1498 1613 ac
1519 1585 1599 1621 plene
1614 1584 1652 1621 (a)
1672 1585 1788 1611 assecuti

164 1632 251 1660 sunt?
272 1632 350 1666 Quod
372 1633 446 1660 enim
467 1633 557 1661 Latini
578 1638 709 1669 quatuor,
724 1635 753 1662 id
776 1634 874 1663 Graeci
898 1634 1005 1662 duabus
1028 1635 1186 1670 exprimunt
1208 1634 1311 1666 literis,
1333 1633 1361 1661 id
1385 1633 1458 1668 quod
1483 1637 1597 1668 apparet
1617 1633 1645 1660 in
1669 1633 1789 1660 dictione

164 1680 340 1716 ἀπόφθεγμα,
357 1681 458 1715 φθίσις,
471 1685 500 1708 et
519 1682 665 1710 similibus.
685 1683 783 1711 Nonne
800 1691 910 1718 quoque
929 1682 1104 1711 Grammatici
1125 1681 1209 1709 huius
1229 1681 1339 1717 linguae
1352 1681 1450 1716 peritia
1467 1687 1640 1715 summopere
1655 1673 1795 1715 indigent,

164 1725 234 1753 adeo
247 1730 278 1753 ut
289 1726 336 1761 qui
350 1726 433 1754 Crista
446 1734 495 1762 pro
509 1726 620 1761 Christe,
635 1728 730 1755 eleison
744 1737 794 1764 pro
809 1729 908 1755 eleeson
921 1732 950 1755 et
961 1732 1059 1755 sonant
1074 1731 1103 1754 et
1120 1725 1253 1758 scribunt,
1266 1728 1349 1753 rudes
1361 1730 1442 1760 atque
1455 1725 1576 1752 omnium
1595 1733 1687 1752 rerum
1703 1725 1798 1759 ignari:

164 1770 375 1799 existimentur?
388 1772 459 1806 Quid
474 1772 508 1800 de
526 1773 677 1807 dialectica,
691 1775 791 1810 quidve
805 1774 838 1802 de
852 1774 988 1801 rhetorica
1006 1773 1111 1801 dicam?
1125 1772 1211 1806 Quam
1231 1772 1355 1805 inﬁnitis,
1370 1779 1481 1806 quaeso,
1498 1775 1613 1799 utuntur
1629 1771 1690 1798 illae
1706 1764 1794 1799 voca?

165 1815 249 1847 bulis,
264 1823 335 1850 quae
346 1817 443 1851 partim
458 1821 523 1844 sunt
534 1826 641 1853 graeca,
655 1819 753 1854 partim
774 1826 870 1846 eorum
891 1819 1043 1846 imitatione
1063 1818 1144 1851 facta,
1160 1825 1278 1853 quorum
1292 1817 1346 1844 vim
1366 1825 1398 1844 ac
1413 1817 1637 1852 signiﬁcationem
1651 1817 1698 1851 qui
1710 1812 1796 1854 igne-It

163 1867 228 1891 rant
239 1871 321 1898 quam
333 1864 451 1899 graviter
462 1846 674 1898 hallucinentur,
686 1869 781 1892 notum
793 1865 930 1892 omnibus.
949 1865 984 1891 Et
998 1868 1072 1892 certe
1086 1846 1177 1891 multa
1189 1868 1253 1891 sunt
1269 1863 1341 1898 apud
1355 1863 1538 1895 Aristotelem,
1553 1870 1623 1897 quae
1641 1866 1688 1889 aut
1704 1846 1795 1907 latine?

165 1907 312 1935 transferri
330 1908 432 1943 optime
448 1917 482 1936 ne
499 1909 503 1944 |
518 1914 632 1944 queunt,
651 1914 699 1937 aut
717 1910 846 1938 translata
861 1910 914 1937 alio
937 1917 1018 1937 sensu
1040 1909 1213 1944 accipiuntur
1240 1916 1254 1935 a
1276 1909 1429 1943 legentibus
1447 1916 1528 1943 quam
1546 1908 1580 1935 ab
1599 1916 1632 1935 eo
1649 1907 1786 1935 dicuntur.

164 1954 238 1988 Quin
249 1959 278 1982 et
288 1959 383 1990 poetas
395 1963 554 1990 graecarum
570 1955 711 1982 literarum
730 1955 838 1990 ignaros
849 1955 986 1982 incassum
999 1955 1120 1982 laborem
1135 1955 1274 1989 suscipere
1291 1962 1323 1981 ac
1335 1962 1474 1989 nunquam
1489 1955 1627 1982 Musarum
1639 1954 1788 1989 penetralia

165 1998 273 2034 ingredi
292 2006 372 2033 posse
382 1999 425 2026 vel
436 2007 469 2026 ex
480 2007 513 2027 eo
528 2003 611 2034 patet,
623 1999 696 2034 quod
709 2007 804 2026 omnes
815 1999 922 2026 fabulae
934 2007 966 2026 ac
977 1999 1105 2035 figmenta
1117 2000 1223 2034 poetica
1239 2007 1253 2027 e
1266 1999 1376 2026 Graecis
1390 2000 1534 2034 pendeant.
1548 2000 1619 2033 Quid
1633 1999 1666 2027 de
1681 1999 1788 2026 mathe-

165 2046 276 2074 maticis
286 2046 409 2074 scientiis
418 2047 530 2082 loquar?
541 2046 605 2074 Illae
617 2051 671 2074 tam
683 2051 797 2081 possunt
810 2047 869 2074 sine
880 2047 985 2082 graecis
996 2046 1085 2074 literis
1095 2046 1216 2081 perfecte
1231 2046 1329 2078 teneri,
1338 2053 1418 2080 quam
1433 2045 1490 2072 sine
1501 2045 1605 2081 graecis
1612 2044 1799 2072 auctoribus?-

164 2093 242 2126 Quis,
259 2100 371 2128 quaeso,
387 2093 438 2120 nisi
454 2093 576 2121 Graecus
591 2092 723 2127 intelliget
737 2091 894 2119 Euclidem?
909 2091 972 2126 quis
985 2091 1189 2119 Ptolemaeum?
1205 2091 1267 2126 quis
1281 2091 1429 2118 Proclum?
1446 2091 1513 2124 Quis
1532 2091 1585 2118 nisi
1605 2090 1725 2117 Graecus
1743 2097 1790 2116 ex—

166 2138 280 2173 plicabit
298 2138 364 2173 quid
385 2139 421 2165 sit
439 2139 565 2173 trigonus,
580 2137 647 2172 quid
666 2141 827 2172 tetragonus,
845 2136 910 2171 quid
926 2145 1026 2169 manus,
1042 2137 1108 2172 quid
1125 2137 1199 2170 ln’as,
1215 2136 1281 2172 quid
1301 2137 1431 2172 diapente,
1448 2136 1514 2172 quid
1533 2136 1706 2167 diatessaron,
1723 2134 1789 2169 quid

166 2187 319 2219 cxcentrici,
334 2186 401 2222 quid
416 2186 583 2222 syncenm‘ci,
601 2184 666 2219 quid
689 2184 815 2220 epicyclii,
830 2184 896 2220 quid
916 2183 1041 2220 eclypses,
1054 2189 1083 2212 et
1099 2185 1159 2212 eius
1177 2185 1286 2220 generis
1309 2189 1383 2212 tanta
1403 2185 1493 2218 turba,
1509 2189 1540 2212 ut
1561 2183 1698 2212 audiendo
1713 2183 1790 2218 prius

166 2239 250 2266 quam
263 2231 503 2259 commemorando
517 2231 607 2258 omnia
621 2230 762 2266 dcl‘atigari
774 2230 836 2265 quis
849 2230 944 2266 possit.
965 2230 1006 2257 Ad
1022 2231 1108 2258 serias
1123 2239 1188 2259 vero
1201 2236 1282 2267 atque
1296 2232 1395 2259 arduas
1409 2232 1432 2259 si
1446 2231 1605 2266 progrediar
1620 2229 1788 2264 disciplinas,

167 2277 304 2306 medicina
316 2282 458 2313 tantopere
473 2277 576 2313 indiget
589 2277 693 2312 graecis
703 2276 800 2309 literis,
812 2280 843 2304 ut
855 2276 901 2311 qui
914 2276 974 2303 eius
985 2276 1139 2312 cognitione
1153 2281 1273 2309 careant,
1287 2276 1362 2310 dum,
1376 2281 1407 2304 ut
1421 2280 1501 2311 poeta
1513 2276 1596 2306 canit.

536 2334 672 2370 Φάρμακα
687 2333 772 2360 πολλὰ
787 2333 945 2369 μεμιγμένα
960 2333 1049 2368 λυγρὰ
1061 2334 1108 2360 καὶ
1120 2333 1203 2360 ἐσθλά

168 2407 335 2439 ministrant,
350 2411 475 2442 aegrotos
492 2414 547 2434 non
563 2413 627 2433 raro
647 2406 675 2433 in
692 2409 846 2433 extremum
862 2404 934 2432 vitae
951 2404 1105 2440 periculum
1119 2403 1276 2431 coniiciant.
1290 2403 1359 2431 Cum
1373 2404 1447 2431 enim
1463 2403 1532 2438 phar
1548 2402 1553 2438 ι
1568 2408 1718 2432 macorum,
1736 2409 1788 2427 un-

167 2458 344 2488 guentorum,
357 2453 590 2488 cataplasmatum,
603 2452 756 2487 potionum,
771 2455 949 2483 ceromatum,
963 2450 1029 2478 item
1043 2449 1232 2482 animantium,
1245 2450 1411 2484 plantarum,
1425 2456 1603 2485 gemmarum,
1617 2447 1788 2479 morborum,

168 2497 365 2530 remediorum,
378 2497 632 2529 instrumentorum,
650 2496 802 2531 ponderum
816 2500 845 2523 et
857 2503 1048 2523 mensurarum
1063 2494 1196 2522 vocabula
1210 2495 1302 2522 omnia
1315 2495 1370 2522 sint
1389 2502 1496 2530 graeca,
1510 2495 1581 2529 quis,
1596 2500 1708 2528 quaeso,
1721 2491 1790 2519 citra

168 2543 253 2571 huius
273 2543 382 2580 linguae
399 2544 582 2580 cognitionem
601 2544 683 2579 periti
708 2542 808 2571 medici
829 2543 910 2570 laude
930 2551 963 2570 ac
981 2542 1129 2578 praeconio
1150 2541 1277 2569 exornari
1297 2542 1453 2570 mereatur?
1465 2541 1532 2574 Quis
1552 2541 1745 2574 Hippocratem
1763 2542 1791 2565 et

166 2591 302 2620 Calenum
313 2592 436 2621 omnium
449 2592 616 2621 medicorum
630 2592 793 2627 κορυφαίους
805 2595 834 2619 et
846 2591 973 2626 δᾳδούχου

853 2591 1000 2626 Ξᾳδούχους,
1015 2590 1048 2617 de
1062 2589 1163 2624 quibus
1177 2597 1206 2617 re
1220 2597 1284 2617 vera
1298 2589 1353 2616 dici
1368 2590 1458 2624 posset
1472 2586 1544 2622 quod
1561 2585 1661 2612 fuerint

543 2647 643 2684 Ἰητροὶ
653 2647 758 2682 ἀνδρῶν
777 2647 883 2674 πολλῶν
899 2646 1019 2679 ἀντάξιοι
1034 2645 1130 2679 ἄλλων,

166 2718 241 2754 quis,
255 2718 379 2753 inquam,
390 2725 438 2746 eos
452 2717 554 2753 absque
567 2717 650 2745 huius
670 2717 779 2753 linguae
798 2717 911 2745 scientia
930 2717 1072 2752 intelliget,
1087 2716 1149 2751 quis
1162 2715 1302 2748 enodabit,
1315 2715 1377 2750 quis
1393 2714 1542 2750 genuinum
1560 2720 1710 2747 verumque
1727 2719 1791 2739 sen-

167 2773 230 2792 sum
240 2772 276 2792 ex
288 2764 323 2792 iis
335 2764 431 2792 eruet?
440 2763 497 2792 Nec
510 2771 577 2792 vero
588 2763 656 2791 iuris
665 2763 838 2799 prudentiam
850 2770 961 2799 graecae
971 2762 1080 2798 linguae
1094 2761 1259 2790 adminiculo
1271 2768 1364 2789 carere
1376 2768 1466 2796 p055e,
1481 2758 1545 2787 hinc
1561 2759 1590 2786 tit
1606 2757 1798 2789 manifestum,

930 2841 1053 2870 NOTAE.

206 2903 245 2939 (a)
264 2903 356 2935 Corr.,
372 2902 457 2930 l’alth.
475 2902 552 2939 plani.
569 2902 642 2930 Et)”.
