2048 3153
250 176 303 205 303
746 172 942 200 ZACHARIAE
966 170 1151 199 PALTHENII
1173 169 1329 198 PRAEFAT
1335 168 1367 197 l0
1828 170 1881 199 ὅθι

249 233 322 271 quod
335 233 464 269 epistolae
475 237 507 260 et
529 232 661 267 rescripta
676 231 872 266 imperatorum
893 231 1066 265 aliorumque
1085 229 1335 257 iureconsultorum
1351 235 1482 263 responsa
1495 227 1627 263 pleraque
1643 236 1769 256 sermone
1784 237 1882 264 graeco

250 281 354 318 prolata
371 284 451 315 atque
464 280 538 307 edita
551 279 615 311 sint,
629 279 786 314 multaeque
799 286 880 306 voces
894 282 922 305 et
938 277 1091 305 sententiae
1103 284 1265 312 graecorum
1278 276 1517 311 philosophorum,
1530 281 1673 311 poetarum
1691 281 1721 304 et
1738 281 1881 305 oratorum

250 335 377 364 tanquam
393 336 515 363 gemmae
530 332 558 355 et
569 327 672 355 lumina
692 327 827 354 orationis
845 326 879 354 ad
898 333 943 353 res
963 325 1162 361 significantius
1177 323 1370 359 exprimendas
1384 323 1502 350 insertae
1514 324 1579 353 sint.
1597 325 1764 358 Quinetiam
1777 325 1882 360 aliquot

249 381 313 405 sunt
332 378 407 412 leges
425 381 453 403 et
469 375 552 408 tituli,
571 383 641 410 quos
655 380 728 402 totos
744 383 759 402 a
785 375 790 410 |
816 374 929 402 Graecis
951 373 1068 401 mutuati
1088 377 1155 400 sunt
1172 371 1362 403 iureconsulti,
1379 371 1414 398 ab
1430 371 1576 399 Aristotele
1593 371 1722 398 nimirum
1740 371 1836 398 titulus
1851 372 1882 398 de

248 423 347 454 usuris,
362 430 378 449 a
395 422 506 450 Platone
521 422 550 457 π.
567 422 599 450 de
619 423 744 450 nundinis
762 423 780 451 ι.
793 423 820 456 2,
838 422 879 450 sic
901 422 997 449 titulus
1011 422 1043 448 de
1058 421 1147 457 poenis
1168 428 1203 448 es
1221 421 1340 448 Homero
1358 423 1387 446 et
1404 419 1596 446 Demosthene.
1617 418 1797 454 Summopere
1816 427 1883 454 ergo

248 478 408 505 graecarum
424 470 564 498 literarum
579 477 631 505 ope
651 471 754 507 indiget
775 471 867 506 legum
882 470 982 505 cupida
997 471 1135 498 iuventus.
1149 468 1244 502 Quoad
1264 467 1427 503 theologiam
1443 475 1519 500 vero,
1535 475 1605 503 quae
1617 467 1698 495 nobis
1711 472 1884 496 sacrosancta

249 517 360 545 oracula
373 523 454 552 atque
468 517 537 545 adeo
549 518 644 545 salutis
656 523 766 546 nostrae
778 526 911 546 summam
923 518 1017 550 tradit.
1031 517 1054 545 si
1064 517 1127 552 quis
1141 517 1224 544 huius
1235 515 1344 551 linguae
1360 515 1515 550 cognitione
1527 524 1557 544 se
1566 523 1662 543 carere
1676 523 1755 550 posse
1768 520 1883 547 asserat,

250 566 273 593 is
295 566 363 593 mihi
381 574 436 593 non
453 567 569 594 multum
589 567 724 595 absimilis
742 567 852 594 videtur
865 575 925 595 esse
940 567 976 599 ei,
990 566 1037 602 qui
1050 566 1154 600 absque
1168 565 1338 592 nutrimento
1350 568 1379 591 et
1392 563 1455 590 cibo
1471 571 1572 599 corpus
1587 563 1691 590 salvum
1703 567 1733 591 et
1746 562 1884 590 incolume

249 612 407 639 conservari
430 613 534 640 statuit.
559 612 654 640 Nonne
674 621 769 641 omnes
790 613 994 649 Evangelistae,
1017 616 1132 647 excepto
1153 619 1210 638 uno
1233 610 1385 642 Mauhaeo.
1410 616 1501 636 nonne
1524 617 1620 637 onines
1645 609 1777 644 epistolae
1795 608 1882 641 Pauli,

250 667 341 687 nonne
353 660 522 696 apocalypsis
535 660 648 688 Joannis
660 669 759 696 graeco
775 669 902 688 sermone
916 661 1068 696 perscripta
1088 664 1118 687 et
1138 659 1171 686 ad
1188 667 1240 686 nos
1258 658 1347 685 delata
1367 657 1425 685 est?
1440 657 1536 684 Nonne
1554 655 1680 687 Basilius,
1694 662 1785 682 nonne
1796 654 1884 690 Chry-

249 709 395 738 sostomus,
410 714 500 734 nonne
512 707 710 740 Nazianzenus,
725 717 818 736 nonne
832 709 978 741 Eusebius,
994 715 1086 736 nonne
1102 707 1244 742 Origenes,
1257 714 1349 734 nonne
1367 704 1598 741 Theophylactus,
1612 711 1704 731 nonne
1720 702 1886 730 Athanasius

250 758 332 788 atque
346 753 525 789 Epiphanius,
538 756 590 783 viri
603 756 675 783 vitae
687 757 867 784 sanctimonia
880 761 964 791 atque
976 755 1133 783 eruditione
1146 754 1340 786 commendati,
1354 761 1416 781 cum
1431 752 1534 788 quibus
1545 759 1625 786 quem
1641 758 1782 785 compares
1794 749 1887 777 wius-

250 807 359 835 cunque
379 803 420 829 vel
435 802 542 838 linguae
557 804 599 831 vel
622 804 721 832 aetatis
737 804 906 839 theologum,
922 811 976 831 non
994 803 1075 830 facile
1091 802 1172 830 video
1188 811 1194 829 :
1209 809 1310 833 nonne.
1324 801 1447 835 inquam,
1463 807 1559 827 omnes
1578 806 1677 834 graeco
1693 805 1819 825 sermone
1835 804 1885 824 sua

250 852 333 880 Opera
347 849 587 884 “inscripserunt?
603 852 670 886 Quis
682 862 747 889 ergo
760 861 794 880 ex
807 853 859 880 illis
871 853 952 880 nobis
967 852 1076 879 futurus
1091 851 1134 878 fru
1151 851 1156 887 |
1171 855 1242 882 ctus,
1253 858 1323 886 quae
1337 848 1487 877 consolatio
1499 852 1547 875 aut
1560 847 1717 879 oblectatio,
1732 846 1754 873 si
1773 853 1886 881 graecae

250 894 359 930 linguae
371 898 490 925 studium
504 900 720 936 negligeremus?
733 902 830 929 Nullus
848 905 933 929 certe.
953 901 988 928 Et
1002 904 1078 928 certe
1105 899 1157 927 hoc
1175 902 1266 934 pacto,
1281 897 1355 932 quod
1374 897 1455 929 absit,
1471 896 1567 923 irritus
1585 901 1667 930 atque
1688 894 1779 922 inanis
1796 893 1887 921 omnis

251 942 361 972 illorum
376 946 454 973 labor
467 946 573 975 fuisset.
590 950 688 978 Fateor
701 950 824 985 quidem.
840 957 874 977 ex
888 949 994 976 Latinis
1007 953 1117 984 gustum
1139 947 1287 975 maximum
1308 945 1414 973 hauriri
1435 948 1518 979 atque
1538 943 1642 979 percipi
1661 950 1751 978 posse,
1766 945 1887 969 attamen

252 992 303 1024 hac
316 993 344 1021 in
358 999 435 1029 parte
449 1001 546 1031 poetae
560 997 714 1034 adstipulor
729 999 775 1033 qui
790 998 864 1026 canit
879 1007 885 1026 :

622 1067 731 1095 Gratius
746 1075 778 1094 ex
789 1067 847 1102 ipso
862 1067 934 1101 [ante
944 1065 1070 1092 bibuntur
1084 1071 1181 1100 ᾱιιιαε.

251 1137 325 1166 Haec
336 1146 402 1174 ergo
427 1146 512 1174 quum
536 1138 628 1165 omnia
649 1137 696 1169 ita,
709 1140 741 1164 ut
752 1136 820 1168 dixi,
837 1135 876 1163 sic
894 1141 923 1162 se
941 1132 1070 1165 habeant,
1089 1131 1151 1167 quis
1171 1131 1239 1158 adeo
1257 1130 1396 1165 pervicax,
1413 1126 1482 1155 adeo
1510 1124 1663 1152 obstinatae
1686 1119 1797 1152 mentis,
1818 1117 1888 1146 adeo

251 1187 337 1214 durae
359 1188 477 1215 cervicis
498 1192 579 1222 atque
603 1186 671 1214 adeo
692 1185 814 1222 perverSi
835 1183 931 1211 iudicii
952 1190 1012 1211 esse
1033 1182 1129 1218 possit,
1143 1181 1189 1216 qui
1213 1184 1317 1207 tantam
1338 1179 1422 1205 huius
1441 1177 1549 1211 linguae
1564 1171 1888 1222 praestantia-m,-tarr‘tarn

251 1234 412 1270 dignitatem
439 1214 622 1270 dignitatique
644 1214 820 1261 coniunctam
839 1231 987 1259 utilitatem
1005 1214 1060 1258 non
1079 1214 1218 1265 agnoscat,
1238 1227 1356 1263 agnitam
1379 1225 1531 1261 praedicet,
1551 1227 1633 1256 atque
1651 1217 1752 1270 debitis
1768 1214 1888 1270 laudum

251 1261 385 1311 envcomiis
404 1261 502 1311 ornet?
520 1261 603 1310 Recie
623 1281 708 1317 igitur
729 1285 811 1316 atque
829 1280 933 1315 optime
952 1277 1064 1306 subtilis
1084 1261 1180 1304 iudicii
1199 1261 1280 1311 atque
1301 1274 1452 1311 profundae
1473 1269 1636 1299 eruditionis
1654 1267 1698 1294 vir
1717 1265 1750 1293 ll.
1768 1263 1796 1290 S.
1813 1261 1889 1289 velut

252 1331 379 1366 παρῳδὸς
393 1331 426 1359 de
442 1331 493 1360 hac
507 1331 599 1366 lingua
615 1330 690 1358 canit
706 1338 714 1356 :

624 1389 758 1425 Urbem;
771 1388 908 1425 θησαυρξις
923 1387 1052 1425 γλῶσσαν
1065 1386 1244 1425 nupta:de
1258 1385 1369 1425 ἄριστος

625 1421 907 1460 Ἕλλαδιόιῆςξπαὰὦν
921 1421 1040 1459 χαρίτων
1053 1421 1112 1450 πᾶν
1121 1422 1221 1458 μέτρον
1236 1421 1364 1457 ἐχούσης.

254 1492 288 1521 Et
299 1492 421 1527 quidem,
435 1497 465 1520 ut
479 1493 598 1529 ingenue
614 1494 713 1526 fatear,
729 1498 823 1523 tantus
842 1501 887 1521 me
903 1493 988 1521 huius
1005 1493 1114 1528 linguae
1131 1491 1246 1520 incessit
1256 1497 1345 1522 amor,
1360 1493 1436 1517 tanta
1450 1495 1494 1516 me
1509 1495 1525 1515 a
1539 1486 1642 1515 teneris
1658 1485 1717 1514 fere
1735 1483 1891 1520 unguiculis

253 1538 372 1566 detinuit
385 1539 532 1580 cupiditas.
549 1544 580 1568 ut
593 1547 643 1578 per
657 1544 744 1569 totum
756 1544 891 1568 semestre
904 1539 1034 1575 spatium,
1049 1538 1152 1566 invidia
1165 1537 1240 1565 dicto
1251 1536 1333 1569 absit,
1351 1535 1355 1571 Ι
1372 1535 1420 1562 uni
1435 1534 1553 1562 Homero

764 1610 785 1638 Α
802 1619 852 1646 quo
866 1618 912 1638 ceu
931 1609 1002 1644 [ante
1016 1609 1126 1646 perenni

724 1643 819 1674 Veturi:
829 1643 935 1673 Pieriis
944 1653 991 1671 ora
1007 1643 1129 1679 ﬁgantur
1141 1643 1228 1678 aquis,

254 1713 430 1755 perlegendo.
452 1714 600 1750 relegendo
616 1719 700 1750 atque
716 1713 894 1746 revolvendo,
910 1716 1000 1741 totum
1014 1719 1059 1739 me
1079 1710 1216 1739 dederim.
1239 1708 1316 1737 Idem
1331 1708 1406 1737 enim
1421 1706 1563 1735 accidebat
1584 1705 1663 1738 mihi,
1684 1704 1756 1740 quod
1779 1703 1823 1733 iis.
1844 1702 1893 1737 qui

254 1751 353 1796 exiguo
365 1762 458 1797 aliquo
476 1761 633 1790 divinorum
649 1761 842 1797 mysteriorum
858 1765 939 1796 gustu
954 1763 1097 1796 percepto,
1112 1766 1169 1794 quo
1184 1758 1290 1793 majora
1305 1756 1359 1784 sibi
1372 1755 1489 1783 revelata
1508 1753 1613 1782 fuerint
1627 1752 1725 1789 gaudia
1740 1751 1891 1782 caelorum,

253 1814 288 1836 eo
301 1807 451 1836 ardentiori
463 1808 600 1837 desiderio
614 1812 752 1837 tenentur.
769 1807 814 1835 Sic
827 1815 877 1843 ego
888 1803 944 1842 quo
958 1806 1057 1841 majori
1067 1805 1175 1832 fervore
1187 1804 1338 1839 scriptores
1346 1809 1460 1838 graecos
1470 1806 1528 1829 tum
1536 1800 1645 1828 solutae
1655 1803 1713 1827 tum
1723 1798 1822 1834 ligatae
1832 1804 1894 1824 ora-

255 1856 338 1884 tionis
352 1857 522 1890 evolvebam,
539 1864 573 1885 eo
583 1856 774 1885 vehementius
782 1860 876 1883 aestus
892 1855 938 1884 ille
952 1854 1038 1882 animi
1049 1852 1212 1881 inﬂammari
1226 1857 1308 1886 atque
1325 1849 1435 1878 incendi
1447 1849 1546 1884 coepit,
1562 1847 1632 1876 adeo
1639 1852 1672 1874 ut
1687 1854 1731 1873 me
1745 1845 1820 1873 illius
1833 1848 1893 1871 stu-

255 1902 294 1930 dii
314 1902 388 1931 nulla
402 1911 522 1938 unquam
536 1903 663 1939 ἁψικοριιι
679 1908 726 1931 aut
734 1902 874 1931 fastidium
891 1903 1007 1938 ceperit,
1024 1905 1053 1928 et
1064 1909 1120 1936 quo
1135 1899 1224 1935 magis
1248 1899 1398 1930 esurirem.
1420 1903 1561 1931 nunquam
1580 1899 1671 1923 tamen
1687 1894 1773 1921 fames
1786 1892 1833 1919 illa
1847 1898 1894 1925 se-

254 1948 324 1982 dari,
337 1950 440 1985 expleri
449 1937 499 1977 aut
510 1937 662 1982 exsaturari
675 1950 805 1985 potuerit,
825 1937 970 1985 Quumque
980 1949 1031 1976 hac
1043 1948 1136 1976 hieme
1146 1955 1162 1975 a
1176 1946 1316 1975 continuis
1327 1943 1480 1975 laboribus,
1492 1943 1593 1977 quibus
1606 1942 1678 1969 ultra
1688 1937 1894 1974 sesquiennium

255 1996 380 2029 obrutus,
396 2004 450 2023 non
471 2001 563 2025 tamen
579 2004 727 2032 oppressus
741 1996 791 2030 fui,
805 1996 951 2032 respiratio
965 1995 1064 2030 exigua
1081 1993 1290 2025 concederetur,
1304 1990 1388 2019 incidi
1406 1990 1478 2018 forte
1497 1990 1606 2017 fortuna
1622 1988 1651 2015 in
1668 1991 1794 2014 sanctum
1813 1989 1895 2019 atque

255 2043 379 2070 divinum
394 2044 481 2071 sancti
494 2044 581 2078 patris
597 2043 706 2072 Macarii
722 2052 802 2080 opus,
814 2043 1000 2076 sanctissimas
1018 2042 1150 2070 nimirum
1165 2045 1248 2075 atque
1258 2046 1363 2067 summa
1377 2037 1479 2072 pietate
1495 2035 1610 2063 refertas
1621 2033 1765 2064 Homilias,
1778 2037 1895 2066 quarum

255 2088 337 2116 lectio
351 2097 394 2117 me
409 2089 479 2117 adeo
490 2090 649 2123 oblectavit,
667 2078 801 2118 recreavit
816 2093 845 2117 et
860 2088 989 2120 detinuit,
1009 2092 1049 2119 ut,
1060 2088 1221 2123 priusquam
1240 2084 1329 2120 spatio
1356 2083 1440 2111 trium
1465 2082 1573 2109 dierum
1595 2079 1697 2107 librum
1719 2078 1893 2110 evolvissem,

255 2135 393 2169 perversis
411 2135 481 2164 meis
493 2135 553 2170 cogi
568 2135 573 2170 |
590 2135 740 2163 tationibus
747 2135 860 2166 omnino
873 2141 984 2169 gravem
995 2139 1024 2161 et
1039 2133 1187 2160 molestum
1202 2139 1246 2158 me
1256 2129 1440 2158 exhibuerim.
1454 2128 1540 2155 Tanta
1555 2126 1630 2154 enim
1643 2125 1775 2160 religione
1790 2127 1896 2152 scatent

257 2179 308 2208 hac
319 2181 448 2210 homiliae
463 2185 545 2217 atque
562 2190 712 2214 sermones,
727 2187 758 2209 ut
770 2182 813 2209 vel
826 2182 854 2208 in
873 2168 959 2216 agone
979 2180 1076 2207 mortis
1095 2178 1276 2207 constitutum
1293 2176 1322 2203 in
1337 2173 1422 2203 vitam
1434 2174 1577 2204 reducere,
1601 2177 1683 2206 atque
1708 2168 1896 2198 consolatione

257 2227 302 2261 pia
318 2232 427 2262 praesto
443 2235 503 2257 esse
519 2233 631 2264 queant,
648 2228 760 2256 Summa
773 2236 837 2263 ergo
847 2214 982 2256 suavitate
994 2226 1078 2254 huius
1086 2225 1252 2253 sacerrimae
1262 2222 1389 2251 lectionis
1401 2221 1510 2249 illectus
1521 2224 1604 2255 atque
1616 2217 1770 2248 devinctus,
1786 2214 1897 2242 tandem

257 2275 405 2311 insignium
419 2276 524 2311 aliquot
541 2280 569 2303 et
579 2277 789 2311 praecipuarum
804 2262 978 2303 homiliarum
1000 2274 1156 2302 versionem
1178 2270 1322 2307 aggredior
1342 2269 1472 2300 latinam;
1493 2274 1547 2294 non
1568 2269 1659 2292 tamen
1679 2271 1713 2291 eo
1729 2262 1831 2291 animo,
1855 2264 1896 2292 ut,

257 2330 325 2357 quas
339 2322 423 2350 latina
437 2327 513 2350 veste
528 2330 700 2355 exornaram,
712 2323 790 2350 alteri
802 2329 911 2350 mecum
929 2325 1021 2349 essent
1043 2327 1213 2351 communes,
1235 2317 1284 2346 sed
1298 2321 1330 2344 ut
1342 2315 1434 2343 aridos
1448 2312 1551 2349 ingenii
1565 2311 1619 2339 mei
1635 2310 1739 2337 rivulos
1746 2308 1897 2357 irrigarem

257 2373 340 2405 atque
352 2370 470 2398 incultos
481 2371 628 2398 memoriae
640 2370 742 2405 agellos
752 2369 915 2396 excolerem.
926 2367 1000 2401 Quas
1009 2366 1142 2394 latinitate
1155 2365 1269 2392 donatas
1279 2370 1364 2398 quum
1377 2361 1448 2396 apud
1458 2368 1501 2387 me
1512 2358 1718 2393 conspexissent
1724 2354 1779 2405 viri
1787 2353 1898 2405 quidam

257 2425 313 2444 non
322 2417 431 2444 infimae
440 2417 650 2444 existimationis
659 2414 868 2446 eruditionisve,
880 2414 919 2441 illi
929 2417 1056 2448 coeptum
1068 2420 1177 2447 urgere,
1188 2410 1291 2438 instare
1304 2416 1336 2436 ac
1343 2408 1444 2439 dicere,
1455 2414 1509 2438 me,
1519 2405 1553 2437 si,
1561 2411 1644 2439 quam
1654 2401 1804 2448 coepissem
1816 2399 1897 2448 telam

257 2468 413 2501 pertexere,
423 2464 457 2492 ad
471 2463 553 2496 finem
565 2462 759 2498 perducerem,
773 2465 832 2488 tum
845 2459 962 2495 cupidae
971 2465 1131 2494 graecarum
1144 2457 1289 2484 literarum
1299 2452 1447 2484 iuventuti,
1462 2456 1519 2478 tum
1533 2449 1635 2501 ceteris
1645 2446 1785 2501 omnibus,
1798 2443 1900 2501 quibus

258 2489 366 2544 gnimae
379 2512 453 2540 salus
466 2520 496 2539 re
508 2519 573 2539 vera
585 2518 669 2539 curae
682 2514 733 2542 est,
748 2517 807 2537 rem
821 2517 877 2536 non
890 2507 1004 2535 omnino
1015 2506 1149 2542 ingratam
1161 2503 1371 2540 praestiturum.
1381 2499 1503 2533 Quorum
1521 2495 1630 2544 tandem
1641 2492 1748 2521 ardenti
1760 2489 1899 2543 desiderio

258 2564 287 2587 et
296 2559 441 2590 voluntati,
453 2558 526 2594 quod
537 2565 655 2592 aequum
668 2561 736 2588 erat,
751 2554 907 2583 satisfacere
919 2553 1043 2589 cupiens,
1056 2558 1136 2586 opus,
1150 2549 1223 2584 quod
1235 2555 1327 2583 spero,
1341 2553 1396 2573 non
1409 2544 1507 2572 inutile
1519 2543 1548 2570 in
1561 2548 1659 2594 mnus
1672 2546 1789 2594 sumpsrl,
1799 2545 1833 2590 “in
1843 2543 1899 2571 quo

258 2611 391 2641 quantum
402 2585 505 2633 laboris
516 2585 654 2640 posuerim
666 2607 714 2631 aut
734 2610 782 2630 sus
797 2601 802 2638 Ι
817 2585 964 2632 ῑὶηιιθινὶωξ
973 2604 1057 2631 testes
1066 2585 1151 2626 erunt
1169 2596 1200 2629 ii,
1211 2595 1258 2630 qui
1270 2602 1340 2630 quos
1358 2594 1417 2621 dies
1431 2596 1584 2625 noctesque
1602 2589 1631 2615 in
1646 2585 1832 2641 typographiis
1846 2590 1899 2641 iro-

259 2630 325 2680 stris
339 2630 447 2680 labores
459 2630 597 2686 impendo,
610 2653 726 2678 norunt.
738 2649 774 2677 Ut
783 2630 856 2676 enim
865 2648 953 2676 factae
963 2645 1140 2682 promissioni
1150 2649 1233 2678 atque
1248 2642 1325 2678 prelo
1335 2640 1532 2686 satisfacerem,
1544 2640 1694 2685 nocturnas
1705 2632 1837 2684 quasdam
1845 2630 1900 2686 ‘bo-

257 2706 303 2730 ras
319 2698 450 2726 suﬂ'urari
463 2676 574 2727 necesse
587 2695 648 2728 fuit,
662 2702 779 2730 quarum
792 2699 883 2722 tamen
895 2692 1035 2725 molestias
1051 2695 1080 2718 et
1092 2689 1278 2725 asperitatem,
1293 2691 1324 2714 ut
1337 2694 1392 2713 non
1410 2683 1651 2721 persentiscerem,
1665 2679 1732 2707 vicit
1750 2685 1827 2705 amor
1845 2676 1901 2728 lin-

259 2753 339 2781 guae,
349 2744 489 2780 superavit
500 2744 558 2778 ipsa
568 2743 659 2778 operis
671 2727 834 2773 amoenitas,
846 2741 948 2769 levavit
959 2737 1179 2767 consolationum
1193 2735 1283 2771 capia,
1294 2733 1394 2762 molliit
1405 2730 1534 2759 caelestis
1545 2729 1638 2757 animo
1647 2727 1755 2781 depicta
1772 2727 1901 2781 requieti.

259 2773 328 2819 adeo
353 2773 394 2823 ut:
409 2790 518 2825 Sisyphi
531 2797 624 2817 saxum
638 2789 704 2816 dum
717 2789 868 2820 volverem,
879 2787 906 2814 id
921 2794 936 2813 a
950 2793 994 2813 me
1010 2785 1082 2813 volvi
1095 2783 1208 2811 minime
1218 2782 1360 2810 sentirem.
1372 2778 1507 2813 Quoniam
1521 2783 1598 2808 vero,
1618 2779 1651 2803 ut
1664 2774 1726 2801 ﬁeri
1741 2773 1821 2802 solet,
1845 2777 1902 2797 non

260 2839 403 2866 defuturos
417 2838 568 2872 iniquiores
583 2837 690 2871 aliquos
707 2843 836 2864 censores
848 2839 876 2862 et
888 2833 1057 2862 aristarchos
1071 2832 1198 2863 verebar,
1211 2830 1257 2866 qui
1275 2829 1367 2856 minus
1386 2827 1509 2855 laborem
1533 2825 1609 2852 hunc
1626 2830 1718 2850 meum
1741 2821 1902 2856 probarent.

261 2893 361 2924 operae
373 2884 489 2919 pretium
501 2891 559 2911 esse
571 2891 631 2911 sum
643 2889 729 2917 ratus,
744 2884 766 2910 si
779 2890 859 2922 quem
876 2885 1022 2922 patronum
1033 2879 1109 2917 operi
1124 2878 1189 2906 huic
1206 2883 1379 2913 quaererem,
1389 2873 1436 2912 qui
1454 2873 1543 2909 ipsum
1556 2877 1585 2901 et
1602 2869 1758 2898 eruditione
1773 2874 1821 2895 sua
1837 2874 1903 2900 pro—
