2048 3153
189 173 244 201 305
637 174 682 201 AD
699 172 886 201 EDITIONEM
905 172 987 201 HOM.
1009 173 1038 201 S.
1057 172 1198 201 MACARII
1219 172 1388 201 AEGYPTII.
1757 173 1810 202 306

190 231 257 259 bare
274 235 303 259 et
317 235 414 259 contra
439 231 518 264 alios,
542 239 592 266 pro
619 239 648 259 re
670 235 745 263 nata,
769 235 916 266 protegere
938 235 1040 266 posset.
1060 229 1132 258 Eum
1154 235 1245 258 autem
1264 230 1336 265 quod
1361 231 1409 263 Te,
1434 230 1562 258 Saicarde
1584 230 1621 266 (α)
1642 230 1810 262 nobilissime,

189 285 257 312 prae
265 277 365 305 ceteris
374 277 526 313 selegerim,
537 277 630 312 plures
641 277 719 304 reddi
739 281 854 312 possunt
863 283 973 304 causae.
986 275 1055 304 Cum
1071 275 1173 302 etenim
1189 275 1230 302 Tu
1242 283 1313 302 unus
1323 276 1372 308 sis,
1385 283 1466 310 quem
1475 276 1526 303 hac
1535 280 1623 304 aetate
1633 281 1689 303 tum
1700 279 1812 310 propter

189 325 306 352 eximias
317 325 401 352 animi
413 324 502 357 dotes,
514 329 571 352 tum
584 329 696 360 propter
706 324 846 359 praeclara
855 323 966 351 virtutis
981 328 1151 355 ornamenta,
1165 330 1235 357 quae
1245 322 1279 350 ad
1290 322 1429 349 hominem
1440 322 1593 350 ornandum
1610 323 1748 350 cumulate
1762 329 1812 348 va-

189 370 248 398 lere
266 376 393 406 possunt,
409 371 469 399 iure
481 371 579 400 merito
592 371 754 406 suspiciunt,
766 371 937 399 admirantur
947 378 980 398 ac
990 374 1156 398 venerantur
1167 378 1272 403 omnes,
1286 370 1331 397 cui
1344 370 1435 405 potius
1449 378 1530 405 quam
1546 370 1551 406 Ι
1567 370 1599 398 Τ.
1612 370 1645 398 Β.
1657 371 1689 398 Ι).
1703 369 1812 397 excelso

189 421 272 451 atque
282 416 454 444 nobilissimo
470 417 575 444 nomini
588 421 695 444 sanctas
705 416 791 444 sancti
805 416 916 444 Macarii
928 415 1059 443 Homilias
1076 415 1244 451 insignirem,
1261 415 1413 442 dedicarem
1426 420 1507 450 atque
1518 423 1718 443 consecrarem.
1740 415 1812 448 Quid

189 462 264 489 enim
279 461 314 489 de
322 462 376 490 alta
387 467 416 490 et
427 463 540 498 antiqua
553 463 702 491 stemmatis
714 462 766 490 Tui
778 462 908 498 progenie
917 466 946 490 et
956 461 1068 494 familia,
1082 470 1151 496 quae
1161 462 1254 489 multis
1265 462 1366 489 abhinc
1382 462 1499 490 saeculis
1519 470 1626 490 summa
1643 471 1751 498 semper
1770 462 1811 489 vi-

189 508 250 543 guit
264 508 356 542 laude,
368 509 448 544 plura
462 509 568 537 dicam?

875 552 965 580 Fortes
978 558 1102 580 creantur
1114 553 1232 588 fortibus,

803 587 850 616 Est
862 589 889 614 in
900 589 1025 620 iuvencis,
1043 593 1081 624 est
1093 588 1127 624 ini
1135 589 1206 623 equis
1220 592 1327 624 patrum

802 623 899 655 Virtus,
913 631 960 650 nec
971 623 1102 650 imbellem
1115 623 1211 658 feroces

797 658 980 694 Progenerant
994 658 1100 693 aquilae
1112 657 1269 686 columbam.

188 717 338 746 Testantur
350 718 402 746 hoc
415 718 474 754 ipsa
488 718 665 746 historiarum
680 721 856 745 monumenta
870 724 919 752 per
935 721 1018 744 totam
1030 715 1203 744 Germaniam
1216 721 1298 751 atque
1313 716 1381 744 adeo
1401 721 1488 744 totum
1507 716 1565 744 fere
1583 714 1689 747 orbem,
1711 713 1811 749 quibus

187 765 277 792 virtus
290 764 385 792 Vestra
397 765 541 797 illustrata,
555 765 646 800 ignota
658 764 760 791 diutius
770 771 829 791 esse
840 762 944 798 nequit.
958 763 1046 790 Taceo
1058 763 1238 797 Imperatores
1251 767 1279 790 et
1295 763 1445 798 Principes,
1461 767 1490 790 et
1500 770 1555 789 non
1567 761 1731 789 domesticos
1749 765 1811 787 tan-

188 815 259 843 tum,
273 811 321 838 sed
335 814 463 838 externos
480 811 574 843 etiam,
585 810 685 845 quibus
698 809 842 845 prudentia
854 808 1084 844 Cronbergiorum
1096 808 1124 835 in
1135 809 1267 841 consiliis,
1279 808 1412 836 fortitudo
1432 809 1460 836 in
1481 809 1563 836 rebus
1580 808 1697 840 bellicis,
1709 810 1737 834 ct
1749 807 1811 833 usui

185 862 216 885 et
228 864 352 884 summae
363 864 470 891 semper
480 856 653 884 admirationi
661 855 721 884 fuit.
736 855 806 889 Quid
819 855 852 882 de
862 854 1008 882 Guilielmo
1020 854 1198 890 Cronbergio,
1209 854 1301 890 equite
1314 859 1411 882 aurato
1425 854 1524 887 dicam,
1543 854 1622 881 cuius
1633 858 1662 881 et
1681 853 1769 880 virtus
1783 857 1812 879 et

187 902 332 934 fortitudo,
346 910 430 937 quum
443 903 515 930 ludis
526 902 701 937 equestribus
709 903 847 938 Augustae
858 901 1036 929 Trevirorum
1045 909 1061 929 a
1070 901 1224 930 Gonradoll
1233 902 1396 936 imperatore
1407 906 1435 929 et
1449 901 1579 929 Franciae
1589 900 1734 928 Orientalis
1742 899 1812 926 duce

187 948 322 977 institutis
334 956 383 976 rex
407 949 611 984 praeficeretur,
632 953 713 983 atque
732 949 906 983 amplissimis
917 948 1049 976 victoriae
1071 947 1208 983 βραῦειοις
1228 953 1344 976 onustus
1364 948 1398 975 do
1414 948 1418 983 1
1434 955 1509 975 mum
1537 952 1731 980 reverteretur,
1749 951 1812 974 ante

186 994 274 1022 multa
287 995 395 1022 saecula
407 994 538 1022 emicuit?
551 994 621 1028 Quid
635 995 669 1022 de
690 994 827 1022 Eberwini
855 994 976 1030 episcopi
986 994 1194 1023 Wormatiensis
1205 994 1240 1022 ab
1256 994 1367 1022 heroico
1379 999 1470 1022 vestro
1484 998 1626 1022 stemmate
1637 994 1690 1021 orti
1701 994 1811 1029 pietate,

185 1039 262 1067 vitae
274 1040 430 1075 integritate
441 1045 524 1076 atque
537 1041 681 1068 sanctitate
692 1041 851 1076 dicam,'qui
867 1042 944 1069 velut
956 1042 1027 1069 inter
1037 1045 1130 1068 cetera
1140 1045 1212 1068 astra
1226 1048 1342 1068 aurorae
1356 1040 1433 1068 sidus
1450 1041 1600 1068 eluccscit?
1618 1040 1687 1074 Quid
1699 1041 1733 1068 de
1745 1041 1812 1068 Phi-

185 1085 254 1120 lippi
268 1085 428 1122 Cronbergii
439 1087 599 1115 fortitudine
611 1092 692 1122 atque
706 1087 820 1115 infracto
830 1087 932 1120 animo,
946 1095 1028 1122 quem
1042 1088 1191 1123 imperator
1203 1086 1318 1114 Carolus
1328 1087 1411 1115 huius
1427 1088 1546 1115 nominis
1560 1088 1592 1119 γ,
1601 1087 1773 1123 exigentibus
1784 1087 1812 1114 id

184 1133 247 1164 eius
256 1134 362 1161 meritis
371 1139 452 1169 atque
459 1134 542 1161 animi
553 1134 663 1162 dotibus
674 1135 1097 1170 praestantissimis,militaribus
1105 1134 1191 1169 copiis
1202 1133 1418 1169 praefecitatque
1427 1134 1586 1169 primarium
1598 1134 1738 1162 ductorem
1747 1143 1813 1162 con-

184 1179 294 1206 stituit?
306 1179 376 1212 Quid
387 1180 420 1207 de
433 1180 601 1215 reliquorum
613 1188 718 1208 summa
725 1181 881 1215 cognitione
895 1185 923 1208 et
932 1181 1046 1208 scientia
1059 1180 1248 1214 bonarumque
1264 1179 1408 1206 literarum
1422 1180 1576 1207 eruditione
1587 1179 1811 1214 dicam,'quorum

183 1226 310 1253 omnium
320 1227 405 1262 gloria
432 1232 460 1255 et
471 1228 578 1256 aeterni
602 1228 721 1256 nominis
732 1228 802 1255 fama
811 1229 839 1255 in
851 1229 957 1256 excelso
968 1229 1055 1264 posita
1068 1234 1110 1256 est
1124 1228 1260 1256 loco?Cui
1274 1234 1330 1254 non
1341 1228 1449 1263 cognita
1463 1232 1543 1262 atque
1554 1232 1693 1262 perspecta
1706 1234 1812 1254 summa

185 1271 268 1300 animi
291 1273 458 1309 magnitudo,
471 1274 625 1310 prudentia,
644 1275 749 1310 religio,
763 1275 850 1310 pietas
865 1280 893 1303 et
906 1275 1060 1303 humanitas
1080 1274 1301 1303 reverendissimi
1323 1278 1404 1308 atque
1428 1273 1605 1301 illustrissimi
1630 1272 1763 1307 Principis
1780 1279 1812 1298 ac

185 1316 294 1344 Domini
310 1318 342 1345 D.
355 1319 489 1346 Waltheri
503 1319 674 1355 Cronbergii,
693 1320 776 1348 totius
793 1319 903 1348 Ordinis
924 1320 1067 1348 Teutonici
1084 1329 1134 1356 per
1155 1320 1260 1348 Italiam
1285 1324 1313 1348 et
1329 1319 1504 1348 Germaniam
1526 1319 1645 1355 Magistri
1670 1319 1812 1354 supremi?

183 1359 270 1390 Cuius
287 1363 328 1391 rei
350 1364 504 1392 testimonia
516 1372 532 1392 e
550 1365 731 1401 scriptoribus
759 1365 927 1401 dignissimis
941 1365 1090 1393 clarissima
1103 1371 1185 1401 atque
1203 1365 1408 1393 evidentissima
1420 1365 1476 1400 peti
1490 1368 1611 1400 possent,
1625 1365 1647 1392 si
1661 1372 1705 1392 res
1715 1369 1810 1399 postu-

183 1406 263 1436 laret.
277 1409 378 1437 Verum
389 1418 424 1438 ne
435 1415 547 1438 externa
559 1411 687 1446 prosequi
702 1410 807 1443 videar,
817 1409 1000 1438 Hartmannus
1021 1419 1036 1438 a
1048 1410 1119 1438 Cron
1135 1410 1140 1446 Ι
1156 1410 1233 1446 herg,
1246 1410 1337 1437 senior
1348 1417 1413 1436 suae
1424 1409 1521 1436 aetatis
1530 1409 1560 1436 P.
1569 1409 1615 1440 M.,
1625 1408 1812 1436 nobilissimus

185 1457 231 1487 ille
246 1461 308 1484 tuus
322 1466 430 1492 parens,
443 1459 563 1493 quantis,
573 1467 685 1494 quaeso,
694 1458 854 1490 virtutibus,
871 1463 974 1493 quanta
986 1458 1069 1485 animi
1082 1458 1245 1490 constantia,
1258 1457 1363 1485 iustitia
1375 1461 1456 1492 atque
1468 1456 1566 1484 ceteris
1581 1456 1713 1484 virtutum
1728 1465 1811 1483 orna.-

185 1502 287 1530 mentis
298 1503 426 1530 emicuit?
437 1503 532 1531 Tantis
543 1503 664 1538 quidem,
677 1508 708 1531 ut
719 1503 752 1531 ad
765 1511 898 1530 summam
911 1504 987 1531 illum
998 1503 1157 1538 dignitatem
1169 1510 1344 1537 summosque
1356 1503 1474 1530 honores
1485 1502 1634 1534 evexerint,
1648 1507 1728 1537 atque
1739 1503 1811 1536 apud

185 1548 679 1576 ReverendissimumIllustrissimum
691 1549 844 1584 Principcm
859 1548 1014 1577 Electorem
1030 1549 1218 1584 Moguntinum
1237 1553 1339 1576 tantam
1361 1548 1440 1576 ﬁdem
1463 1553 1544 1583 atque
1566 1548 1753 1575 auctoritatem
1772 1548 1811 1576 illi

183 1596 364 1628 conciliarint,
378 1600 408 1623 ut
419 1597 487 1624 nihil
502 1596 592 1630 ardui,
608 1597 740 1632 nihilque,
753 1596 826 1632 quod
839 1597 955 1624 alicuius
987 1596 1117 1624 momenti
1129 1597 1172 1624 vel
1184 1596 1315 1632 ponderis
1324 1600 1407 1628 esset,
1420 1595 1564 1628 incideret,
1579 1596 1606 1623 in
1620 1595 1698 1623 cuius
1710 1596 1814 1623 delibe-

184 1643 318 1672 rationem
330 1651 361 1672 ac
372 1644 559 1672 dillinitionem
571 1652 626 1672 non
637 1644 720 1673 fuerit
730 1644 879 1676 adhibitus,
903 1644 959 1671 imo
975 1645 1124 1680 praecipuo
1139 1645 1201 1672 loco
1213 1643 1343 1672 habitus?
1356 1643 1427 1677 Quid
1440 1651 1505 1671 vero
1520 1643 1619 1670 fratres
1640 1642 1723 1675 Tuos,
1736 1642 1813 1669 viros

185 1691 369 1719 nobilissimos
390 1699 550 1725 memorem,
563 1699 680 1727 quorum
707 1692 808 1728 singuli
820 1692 848 1719 in
861 1691 1041 1720 lllustrissimi
1067 1691 1204 1728 Principis
1227 1690 1362 1719 Electoris
1384 1690 1534 1726 Moguntini
1569 1690 1712 1717 consilium
1734 1689 1810 1716 asciti

185 1739 268 1769 tantis
279 1740 362 1767 animi
377 1740 488 1768 dotibus
500 1741 589 1768 ornati
602 1744 675 1772 sunt,
689 1745 720 1768 ut
730 1748 765 1768 ex
778 1748 820 1773 re,
834 1748 869 1767 ex
884 1740 1054 1775 tempore,de
1067 1740 1190 1775 qualibet
1203 1747 1232 1767 re
1241 1739 1421 1775 adnegotium
1435 1747 1544 1774 quoquo
1556 1739 1637 1766 modo
1645 1739 1811 1774 pertinente,

184 1788 250 1823 quid
265 1788 336 1815 facto
346 1796 415 1823 opus
427 1788 472 1820 sit,
485 1788 648 1820 deliberare,
662 1792 719 1816 tum
733 1787 875 1815 commode
886 1783 996 1822 qhoque
1006 1787 1041 1814 de
1051 1787 1105 1819 his,
1114 1795 1184 1822 quae
1194 1787 1418 1819 deliberaverint,
1433 1787 1536 1819 dicere,
1549 1786 1756 1821 eaque,quotics
1768 1794 1813 1813 res

183 1833 317 1868 exegerit,
336 1833 473 1862 coniicere
484 1833 598 1869 possint.
615 1833 690 1867 Quae
703 1841 750 1861 res
765 1833 865 1865 etfecit,
882 1838 914 1861 ut
924 1833 958 1860 ad
974 1833 1155 1868 amplissimas
1168 1838 1249 1868 atque
1261 1832 1551 1860 honorificentissimas
1565 1832 1620 1859 sint
1632 1832 1749 1867 promoti
1767 1831 1811 1858 di-

183 1880 311 1914 gnitates,
323 1880 422 1915 quibus
435 1888 496 1908 cum
509 1880 591 1908 laude
609 1885 748 1916 praesunt.
763 1881 851 1908 Taceo
863 1879 909 1908 hic
922 1881 1051 1915 reliquos,
1065 1887 1135 1915 quos
1154 1885 1202 1907 aut
1222 1878 1342 1916 Burggra
1355 1879 1362 1915 ᾖ
1377 1879 1467 1906 viutus
1486 1883 1534 1918 aut
1554 1878 1740 1913 praefecturae
1752 1885 1811 1904 am-

183 1925 306 1960 plissima
322 1925 452 1961 dignitate
463 1930 589 1961 suscepto
600 1926 704 1953 balthei
720 1926 848 1953 militaris
863 1925 963 1953 decore
978 1930 1124 1953 exornatas
1146 1930 1220 1953 totus
1234 1925 1350 1960 suspicit
1364 1925 1450 1957 orbis,
1464 1929 1521 1952 tota
1533 1928 1681 1951 veneratur
1697 1930 1729 1949 ac
1746 1922 1811 1950 colit

182 1974 339 2003 Germania.
360 1974 398 2002 De
412 1974 451 2001 Te
460 1981 537 2006 vero,
550 1973 699 2001 reverende
714 1981 746 2001 ac
757 1973 922 2008 amplissime
941 1972 1092 2005 Swicarde,
1111 1972 1184 2000 avita
1202 1972 1325 1999 Tuorum
1339 1971 1470 2006 religione
1481 1977 1509 1999 et
1520 1971 1662 2000 nobilitate
1679 1970 1810 1998 laudatis-

182 2023 254 2050 simo
265 2022 332 2058 quid
345 2022 451 2050 dicam?
460 2022 510 2050 Cui
522 2030 578 2050 non
590 2027 655 2050 sunt
667 2022 791 2057 cognitae
803 2029 835 2049 ac
853 2026 1012 2056 perspectae
1024 2020 1170 2056 plurimae,
1182 2028 1254 2055 quae
1266 2020 1295 2047 in
1306 2018 1344 2047 Te
1354 2020 1475 2051 elucent,
1491 2019 1626 2047 virtutes?
1640 2019 1741 2050 Pietas,
1757 2017 1810 2044 hu-

183 2069 296 2101 militas,
308 2069 432 2100 comitas,
446 2069 611 2101 humanitas,
627 2067 834 2103 aequanimitas,
852 2075 945 2095 rerum
961 2067 1141 2102 experientia,
1155 2067 1310 2102 linguarum
1325 2066 1434 2101 peritia,
1448 2065 1573 2096 laborum
1585 2070 1612 2093 et
1622 2064 1810 2092 molestiarum

183 2114 340 2145 tolerantia,
353 2118 382 2141 et
395 2121 459 2149 erga
471 2121 566 2141 omnes
576 2114 620 2141 vel
630 2113 739 2140 intimae
751 2113 834 2141 sortis
847 2112 972 2140 homines
982 2117 1010 2139 et
1021 2117 1133 2148 egentes
1146 2119 1254 2139 summa
1268 2111 1421 2147 benignitas
1434 2114 1462 2138 et
1476 2118 1611 2149 propensa
1623 2107 1810 2137 benefaciendi

182 2162 320 2193 voluntas,
329 2166 403 2189 totus
417 2162 549 2189 virtutum
560 2161 635 2189 orbis
645 2162 682 2189 Te
695 2166 782 2189 totum
793 2162 868 2189 velut
882 2161 1028 2197 margarita
1046 2160 1179 2196 quaedam
1195 2160 1315 2195 pretiosa
1330 2159 1568 2191 circumvestiunt,
1583 2159 1623 2186 Te
1646 2163 1734 2186 totum
1753 2157 1808 2184 sibi

183 2210 325 2237 vindicant
345 2214 486 2244 totumque
502 2209 536 2237 ad
549 2217 612 2237 suas
623 2213 715 2244 partes
725 2209 897 2244 pertrahunt.
911 2209 965 2237 Sed
976 2209 1041 2236 nolo
1049 2208 1078 2236 in
1092 2208 1157 2235 Tuis
1173 2208 1301 2236 laudibus
1314 2207 1500 2238 recensendis,
1514 2214 1585 2242 quae
1596 2204 1811 2233 innumerabiles

183 2261 258 2288 sunt,
272 2256 376 2283 diutius
394 2255 545 2287 immorari,
560 2263 595 2282 ne
608 2255 679 2282 Tuas
692 2255 809 2282 virtutes
820 2255 954 2290 plurimas
966 2253 1043 2282 tenui
1055 2254 1179 2281 oratione
1198 2261 1260 2280 mea
1276 2254 1371 2280 videar
1381 2253 1544 2280 imminuere
1558 2261 1565 2281 ;
1585 2258 1740 2286 quanquam
1759 2258 1810 2285 pro

183 2300 244 2327 Tua
260 2299 392 2327 modestia
406 2299 524 2335 graviter
534 2298 616 2331 feras,
632 2306 679 2326 eas
692 2307 707 2326 a
719 2306 855 2334 quoquam
871 2298 1033 2333 praedicari.
1044 2297 1114 2325 Illud
1125 2297 1278 2325 certissime
1294 2301 1412 2329 constat,
1425 2297 1498 2332 quod
1515 2296 1704 2325 demonstrare
1723 2295 1808 2326 volui,

183 2345 224 2373 Te
233 2353 319 2372 unum
333 2352 404 2377 esse,
418 2352 498 2379 quem
511 2344 653 2372 literarum
667 2344 782 2372 scientia
799 2344 910 2379 expoliti
933 2344 1074 2372 literarum
1088 2349 1116 2372 et
1131 2344 1135 2378 Ι
1151 2345 1284 2372 virtutum
1306 2345 1456 2373 antistitem
1469 2344 1588 2373 habeant
1600 2348 1629 2370 et
1648 2343 1807 2374 observent,

184 2399 417 2426 cammunemque
436 2390 607 2418 defensorem
621 2398 653 2418 ac
667 2395 811 2426 patronum
822 2390 873 2417 sibi
886 2390 1008 2425 diligant.
1023 2390 1082 2423 Quo
1096 2390 1207 2417 nomine
1220 2389 1272 2417 etsi
1286 2397 1336 2424 ego
1346 2389 1375 2417 in
1387 2397 1503 2416 numero
1512 2389 1681 2416 literatorum
1696 2388 1809 2415 minime

185 2446 247 2467 sum
266 2437 448 2472 reponendus,
464 2437 485 2464 si
499 2437 536 2464 Te
550 2437 617 2464 mihi
632 2441 776 2472 patronum
789 2436 923 2464 versionis
938 2436 1020 2464 huius
1035 2437 1183 2469 constituo,
1205 2436 1299 2463 videor
1323 2436 1349 2465 id
1369 2443 1430 2463 meo
1452 2442 1558 2462 summo
1582 2435 1641 2461 iure
1658 2433 1808 2460 vindicare.

183 2483 278 2511 Oll‘ero
291 2491 356 2518 ergo
370 2482 442 2515 Tibi,
460 2482 608 2510 reverende
622 2490 654 2510 ac
663 2482 819 2517 spectabilis
840 2481 986 2513 Swicarde,
1000 2486 1124 2509 sanctum
1135 2482 1220 2509 sancti
1238 2481 1326 2509 Patris
1338 2489 1416 2516 opus,
1432 2488 1447 2508 e
1460 2487 1557 2515 graeco
1568 2486 1692 2507 sermone
1704 2479 1731 2505 in
1746 2478 1810 2505 lati-

185 2537 263 2561 num,
281 2529 408 2564 praeﬁxis
427 2533 455 2557 et
465 2529 565 2556 additis
578 2530 746 2564 singularum
760 2529 934 2556 homiliarum
948 2529 984 2564 (ὁ)
1002 2529 1179 2564 argumentis,
1195 2529 1228 2556 de
1242 2529 1347 2564 integro
1360 2537 1376 2555 a
1389 2536 1433 2556 me
1444 2535 1606 2555 conversum
1618 2536 1625 2553 :
1642 2526 1714 2561 quod
1731 2533 1808 2552 vere<

185 2585 222 2605 ne
234 2575 374 2609 verterint,
388 2575 429 2603 Tu
442 2576 563 2604 omnium
579 2575 776 2610 sapientissime
791 2574 934 2607 iudicabis,
954 2574 976 2602 si
989 2575 1069 2602 modo
1085 2578 1173 2606 vacat,
1189 2575 1309 2602 animum
1323 2582 1338 2601 a
1352 2573 1525 2609 gravioribus
1541 2572 1614 2599 curis
1629 2571 1663 2599 ad
1684 2574 1808 2598 sanctum

186 2625 275 2652 sancti
291 2624 379 2652 Patris
392 2632 461 2659 opus
476 2623 671 2659 perlegendum
690 2628 860 2651 convertere.
876 2623 955 2657 Quod
975 2623 1086 2650 omnino
1104 2623 1157 2650 iam
1172 2623 1261 2650 Tuum
1276 2622 1408 2650 benevole
1425 2620 1566 2655 suscipias,
1587 2619 1645 2647 Tuo
1662 2618 1808 2654 splendore

186 2670 318 2702 illustres.
333 2670 462 2706 dignitate
473 2670 574 2702 foveas,
588 2670 748 2699 auctoritate
762 2669 901 2700 defendas,
921 2674 952 2697 ut
962 2669 985 2696 si
999 2677 1054 2697 non
1067 2671 1100 2697 de
1115 2673 1236 2701 auctore,
1250 2672 1325 2696 certe
1347 2667 1381 2695 de
1397 2670 1513 2702 patrono
1532 2666 1633 2700 ubique
1650 2664 1737 2700 possit
1757 2671 1808 2692 suo

185 2716 247 2744 iure
263 2716 373 2751 gloriari
388 2726 394 2744 :
412 2723 509 2752 meque
530 2723 592 2745 cum
610 2715 668 2752 ipso
681 2715 712 2743 T.
729 2715 762 2744 Β.
775 2715 807 2743 Ι).
824 2723 857 2742 ex
871 2723 930 2742 asse
942 2715 1099 2744 devinctum
1119 2714 1233 2750 recipias
1249 2718 1277 2742 et
1294 2720 1379 2745 ames,
1393 2715 1485 2750 atque,
1509 2710 1581 2746 quod
1605 2710 1633 2741 in
1656 2710 1693 2738 Te
1705 2713 1758 2744 est,
1771 2709 1807 2738 ad

941 2790 1065 2821 NOTAE.

227 2838 266 2872 (α)
286 2838 349 2866 Sic!
365 2839 438 2866 Enn.

225 2871 262 2908 (ὸ)
279 2874 368 2907 Corn,
397 2874 483 2903 Palth.
507 2873 607 2901 additis
630 2873 727 2909 singuli
750 2871 882 2901 Homiliae
903 2873 967 2899 suis.
989 2872 1024 2900 In.
