2048 3153
664 176 709 204 AD
723 175 908 204 EDITIONEM
926 176 1008 204 HOM.
1028 176 1057 204 S.
1076 176 1216 204 MACARII
1235 177 1401 204 AEGYPTIL

598 233 656 267 Qua
667 235 709 262 vel
722 235 918 262 Achacmenios
927 234 1016 266 luxus,
1032 241 1199 269 regnumque
1208 234 1351 262 Phrahatis

601 269 709 296 Vicerat
726 270 873 301 excelsum,
886 270 929 297 vel
943 269 1010 296 ditia
1021 269 1128 296 fortiter
1139 277 1213 296 arva.

599 304 649 331 Cui
664 305 745 331 calidi
759 312 864 332 cessere
880 305 965 339 ignes,
979 304 1121 338 victusque
1137 304 1236 339 refugit

600 339 701 366 Moesta
713 340 776 366 dolo
791 339 900 366 assiduo
910 346 1018 373 semper
1031 339 1076 373 qui
1092 339 1174 366 corda
1191 339 1294 366 revisit.

596 373 728 401 Crudeles
741 374 849 401 fraudes
865 378 893 400 et
907 374 987 400 noxia
1000 373 1113 400 crimina
1126 374 1226 408 pressit

597 407 704 440 Omnia,
717 409 869 443 deiecitque
885 409 975 434 animo
987 407 1173 442 phantasmata
1189 412 1273 441 casto,

597 443 632 470 Et
646 444 730 470 variis
742 442 866 470 mandata
882 443 929 469 Dei
944 442 1092 470 virtutibus
1104 443 1230 476 implens,

601 478 631 504 ln
644 479 738 513 paucis
750 478 882 513 locuples,
899 477 997 504 fluidae
1010 485 1062 504 nec
1072 485 1126 513 non
1142 477 1212 504 bona
1227 478 1298 506 vitae

599 511 752 541 Praesentis
766 511 882 548 fugiens.
897 512 986 548 potuit
996 519 1104 548 sperare
1115 511 1216 544 futura,

599 547 721 575 Praemia
731 547 812 582 digna
827 547 899 578 tulit,
914 547 1041 573 caelestia
1055 555 1137 581 regna
1153 548 1258 582 petivit.

600 582 678 609 Nunc
690 583 757 609 caeli
770 582 857 617 plenis
871 582 977 617 meritis
990 582 1104 617 sortitus
1118 582 1236 610 honores

598 617 689 652 Exigit
700 616 826 644 aeternos
839 617 914 644 horis
927 616 1053 652 felicibus
1066 624 1161 652 annos.

598 651 758 686 Exemplum
776 652 914 686 egregium
929 651 1008 678 nobis
1021 651 1095 677 dedit
1109 651 1154 678 ille
1167 651 1347 686 sequendum,

599 687 636 714 Ut
647 687 741 713 mundi
755 694 867 721 pompas
879 686 1035 720 fugeremus
1051 689 1079 712 et
1096 686 1150 712 alta
1162 687 1278 719 viarum,

596 722 685 757 Atque
696 720 782 757 Deuin
792 720 869 757 puro
880 720 1044 757 meditantes
1058 725 1167 757 pectore
1179 730 1296 757 semper.

599 756 621 783 Ο
637 756 751 783 nimium
765 756 829 782 felix
843 756 948 782 animae
965 762 1025 782 sors
1040 760 1121 789 atque
1132 756 1219 784 beatis

596 791 741 818 Coelicolis
752 790 883 818 socianda
897 790 962 824 poli,
979 797 1048 823 quos
1062 791 1191 817 clauserit
1205 792 1316 824 aether;

597 826 727 859 Exempla
741 826 809 852 haec
818 825 862 852 cui
875 828 947 851 tanta
962 825 1079 859 placent,
1095 833 1163 859 quae
1177 830 1250 854 tanta
1263 831 1366 858 secuta,

597 861 650 888 lbit
661 859 694 887 ad
706 860 811 895 Elysios
821 860 906 895 multo
919 867 980 885 cum
993 859 1087 895 fenore
1099 867 1218 895 campos.

633 895 711 932 Nunc
728 893 763 932 ad
775 895 823 932 Te,
837 893 1123 932 Scbwicharde,_feror,
1138 893 1270 932 generosa
1284 903 1414 932 propago,

595 930 728 964 Antiquae
743 929 951 964 Cranbergiacae
965 928 1015 964 llos
1025 929 1124 964 inclyte
1138 928 1241 964 stirpis,

598 963 699 1000 Insigni
713 965 816 1000 virtute
827 963 934 998 potens,
946 963 1107 1000 laudateque
1121 963 1201 996 fama,

596 1000 683 1033 Quem

697 1000 793 1034 pietas,
809 999 897 1025 honor
909 1002 937 1024 et
948 998 1033 1029 zelus,
1045 999 1169 1030 devotio,
1184 1008 1250 1027 vera

601 1033 714 1069 Religio,
730 1034 855 1061 Charites
866 1033 964 1069 trinae,
977 1035 1130 1060 constantia
1142 1035 1241 1067 cordis,

594 1067 790 1106 Ceinmendant
801 1069 926 1106 multum,
940 1067 1077 1094 Musarum
1091 1070 1220 1106 splendor
1227 1073 1255 1097 et
1262 1070 1370 1106 ingens.

596 1104 695 1138 Accipe
706 1104 853 1130 Macarium
861 1103 968 1139 divum,
984 1109 1108 1139 sermone
1123 1104 1235 1139 Pelasgo

595 1137 761 1173 Scriptorem
777 1138 924 1172 quondam,
938 1137 1101 1173 Lationunc
1111 1146 1159 1165 ore
1175 1137 1342 1173 loquentem,

595 1171 748 1200 Palthenius
760 1171 842 1206 quem
855 1176 945 1199 mente
956 1171 999 1205 pia
1011 1171 1185 1200 doctissimus
1203 1171 1295 1206 oﬂert,

598 1209 632 1235 Et
649 1208 749 1236 studiis

815 1208 876 1234 chtii
893 1209 1023 1234 consueto
1035 1215 1111 1234 more
1123 1208 1223 1235 faveto.

669 1297 785 1325 Joannes
798 1296 954 1324 Trithemius
966 1299 997 1324 de
1008 1298 1175 1333 scriptoribus
1187 1297 1329 1326 Ecclesiae.

228 1347 362 1376 Macarius
375 1345 525 1373 monachus
538 1343 687 1379 Aegyptius
698 1348 727 1370 et
738 1343 768 1370 B.
780 1343 871 1370 Patris
885 1343 998 1371 Antonii
1012 1344 1150 1378 quondam
1164 1342 1325 1379 discipulus,
1347 1345 1389 1372 vir
1406 1346 1520 1374 devotus
1538 1346 1724 1374 sanctissimae
1741 1353 1808 1373 con-

192 1393 366 1425 versationis,
379 1392 413 1419 de
425 1398 480 1427 quo
499 1391 584 1417 multa
599 1389 730 1416 miracula
749 1382 906 1422 nari-antur,
922 1389 1059 1425 quomodo
1075 1390 1156 1417 etiam
1174 1394 1345 1417 mortuorum
1358 1399 1440 1418 voces
1456 1391 1490 1418 de
1508 1392 1660 1427 sepulchris
1676 1399 1726 1426 pro
1742 1391 1806 1418 ﬁdei

192 1438 399 1469 conﬁrmatione
413 1435 580 1473 impetravit,
593 1434 690 1462 claruit
701 1434 784 1463 multa
796 1436 938 1464 sanctitate
951 1437 1002 1464 sub
1016 1435 1196 1465 Constantino
1210 1439 1237 1464 et
1250 1435 1410 1466 Constantio
1426 1437 1598 1475 principibus
1612 1445 1684 1466 anno
1700 1436 1808 1466 Domini

191 1485 259 1519 550;
273 1485 350 1512 cuius
360 1487 435 1520 gesta
450 1483 585 1510 habentur
596 1482 624 1510 in
640 1481 703 1509 vitis
714 1481 835 1510 Patrum.

849 1517 900 1544 ΕΚ
924 1517 993 1544 ΤΩΝ
1014 1519 1056 1544 ΣΟ
1063 1518 1151 1544 ΥΙΔΑ.

228 1564 281 1591 Δύο
297 1564 419 1599 ἐγένοντο
434 1563 569 1598 Μακάριοι
591 1561 729 1598 ὁμώνυμοι
753 1563 800 1590 καὶ
815 1563 971 1599 περιϐόητοι
985 1576 1007 1602 Α

1057 1565 1118 1592 Duo
1136 1564 1248 1592 fuerunt
1268 1565 1378 1593 Macarii
1391 1566 1515 1594 eiusdem
1535 1565 1655 1593 nominis
1667 1569 1748 1600 atque
1762 1565 1810 1593 de-

192 1612 226 1639 δι⁵
245 1611 370 1646 ἄσκησιν,
384 1610 428 1636 διὰ
440 1610 510 1645 βίον,
524 1609 568 1636 διὰ
583 1609 680 1645 τρόπον
690 1629 697 1641 ,
708 1609 752 1636 διὰ
762 1609 796 1636 τὰ
812 1610 969 1645 μαθήματα.

192 1660 207 1685 ὁ
227 1658 275 1693 μὲν
302 1657 448 1692 Αἰγύπτιος
471 1656 675 1692 θαυματουργὺς
693 1653 743 1691 ἦν,
767 1657 814 1683 καὶ
835 1657 903 1691 μετὰ
924 1655 970 1682 τοῦ

193 1702 325 1734 εὺλαὸοὖς
342 1702 410 1738 πρὸς
431 1702 493 1733 τοὺς
515 1701 725 1736 ἐντυγχάνοντας
743 1702 892 1737 αὐστηρός·
910 1701 924 1727 ὁ
944 1701 973 1727 δὲ

200 1748 389 1783 Ἀλεξανδρεὺς
410 1747 481 1774 κατὰ
501 1747 590 1775 πάντα
607 1747 645 1774 ὢν
668 1747 856 1782 παραπλήσιος
876 1746 913 1781 τῷ
927 1746 973 1772 Al-

191 1795 299 1830 γυπιιιῳ
314 1795 360 1821 καὶ
371 1794 470 1829 ἱλαρός·
500 1793 505 1829 |
530 1793 615 1825 οὕτως
628 1793 718 1829 ἱλαρὸς
731 1791 764 1828 ἦν
778 1795 834 1825 τοῖς
845 1792 973 1827 ἐντυγχά-

192 1849 284 1873 νουσι,
299 1840 346 1866 καὶ
365 1839 405 1875 τῷ
425 1839 641 1875 χαριεντίζεσθαι
662 1839 724 1870 τοὺς
746 1838 820 1870 νέους
835 1836 885 1873 ἦγε
906 1837 973 1873 πρὸς

192 1887 319 1923 ἄσκησιν.
332 1886 433 1913 τούτων
444 1886 577 1921 Εὑάγριος
584 1885 727 1920 γενόμενος
742 1884 865 1920 μαθητὴς
878 1883 927 1919 τὴν
940 1883 972 1909 δι’

191 1933 283 1969 ἔργων
302 1932 459 1967 φιλοσοφίαν
481 1932 614 1968 ἐκτήσατο
621 1950 628 1963 ,
653 1929 783 1965 πρότερον
810 1929 880 1964 λόγῳ
902 1929 974 1964 μόνῳ

191 1978 336 2013 φιλόσοφος
357 1979 394 2005 ὢν
404 1987 411 1994 ·
427 1978 456 2009 ὃς
474 1978 503 2004 ὲν
519 1976 721 2004 Κωνσταντίνου
736 1976 812 2003 πόλει
835 1977 886 2002 ὑπὸ
902 1976 973 2011 Γρη-

190 2024 286 2059 γορίου
294 2024 340 2051 τοῦ
349 2024 472 2058 θεολόγοι)
480 2024 519 2055 εἰς
532 2022 580 2058 τὴν
595 2021 641 2049 τοῦ
653 2022 774 2048 διακόνου
784 2020 973 2057 προεχειρίσθη

189 2069 279 2101 τάξιν.
302 2070 371 2097 ἀλλὰ
404 2071 451 2096 καὶ
474 2070 502 2101 ἐς
522 2068 570 2104 τὴν
595 2068 732 2101 Αἴγυπτον
755 2067 909 2099 κατελθὼν,
927 2066 974 2092 καὶ

189 2116 248 2146 τοῖς
262 2114 448 2150 προλεχθεῖσιν
465 2113 582 2149 ὲντυχὼν
595 2113 722 2149 ἀνδράσι,
736 2113 780 2140 τὸν
793 2113 904 2139 ἐκείνων
918 2111 973 2147 βίον

190 2160 323 2196 ἐζήλωσε.
344 2160 432 2195 τούτῳ
458 2159 547 2195 βιϐλία
569 2160 638 2194 ἄγαν
661 2159 791 2186 σπουδαῖα
818 2158 973 2194 συγγέγρα-

190 2214 274 2232 ιπαι·
291 2202 328 2233 ὧν
349 2206 379 2232 τὺ
402 2206 450 2240 μὲν
468 2205 604 2239 Μοναχὸς
628 2204 645 2239 ἢ
663 2204 726 2240 περὶ
741 2205 895 2240 πρακτικῆς
911 2204 973 2229 ἐπι-

1022 1609 1123 1637 cantati
1145 1615 1256 1645 propter
1276 1611 1406 1639 exercitia
1424 1612 1587 1644 studiorum,
1608 1612 1702 1644 vitam,
1719 1619 1810 1638 mores

1022 1661 1103 1692 atque
1117 1658 1298 1693 disciplinam.
1312 1659 1387 1686 Alter
1401 1659 1512 1694 quidem
1525 1659 1681 1694 Aegyptius,
1696 1659 1742 1693 qui
1759 1659 1810 1686 mi'

1023 1703 1116 1730 racula
1135 1703 1242 1736 edebat,
1268 1711 1300 1731 ac
1323 1705 1451 1740 religiosa
1461 1705 1586 1732 cautione
1605 1705 1631 1731 in
1650 1712 1708 1736 eos,
1721 1705 1810 1739 quise

1023 1748 1232 1782 conveniebant,
1241 1753 1300 1776 erat
1316 1758 1430 1777 severus
1442 1759 1449 1777 ι
1471 1750 1539 1778 alter
1552 1750 1751 1778 Alexandrinus
1760 1757 1810 1784 per

1023 1794 1114 1821 omnia
1131 1795 1228 1822 similis
1242 1795 1373 1831 Aegyptio
1388 1800 1417 1823 et
1431 1795 1582 1828 humanus,
1599 1795 1604 1831 ι
1619 1795 1688 1822 adeo
1707 1796 1808 1823 buma—

1023 1847 1075 1866 nus
1094 1844 1153 1867 erat
1170 1848 1234 1875 erga
1254 1848 1312 1873 eos,
1334 1841 1381 1875 qui
1395 1849 1424 1868 se
1446 1841 1655 1873 conveniebant,
1670 1844 1700 1867 ut
1720 1840 1810 1875 lepida

1024 1886 1179 1913 urbanitate
1192 1887 1296 1913 utendo
1318 1886 1431 1914 iuvenes
1446 1887 1479 1914 ad
1491 1887 1624 1914 exercitia
1637 1889 1808 1921 provocaret.

1024 1931 1127 1958 Horum
1140 1932 1276 1967 .Evagrius
1296 1931 1447 1967 discipulus
1473 1932 1575 1963 factus,
1591 1932 1669 1959 factis
1686 1931 1810 1966 philosop

1024 1977 1115 2012 phiam
1131 1978 1264 2009 exercuit,
1285 1978 1331 2012 qui
1347 1978 1426 2013 prius
1438 1978 1529 2005 verbis
1540 1977 1670 2005 duntaxat
1688 1977 1810 2012 philoso-

1024 2023 1169 2058 phabatur.
1184 2023 1235 2056 Qui
1254 2023 1490 2058 Constantinopoli
1503 2032 1517 2050 a
1529 2023 1661 2059 Gregorio
1673 2023 1811 2058 Theologo

1024 2069 1053 2097 in
1066 2069 1242 2096 diaconorum
1261 2069 1380 2096 adscitus
1401 2074 1442 2097 est
1462 2068 1596 2101 ordinem,
1611 2069 1676 2104 quin
1687 2068 1769 2096 etiam
1781 2068 1810 2095 in

1024 2114 1174 2150 Aegyptum
1200 2114 1355 2149 profectus,
1378 2115 1406 2141 in
1429 2114 1586 2149 praedictos
1612 2113 1709 2140 incidit
1735 2112 1811 2140 viros

1025 2163 1106 2194 atque
1130 2160 1240 2187 illorum
1262 2161 1347 2187 vitam
1367 2161 1521 2187 aemulatus
1542 2163 1594 2187 est.
1611 2159 1654 2186 Ab
1674 2160 1726 2186 hoc
1746 2159 1811 2185 libri

1024 2205 1103 2232 valde
1116 2213 1211 2240 graves
1223 2209 1251 2232 et
1268 2205 1333 2232 serii
1346 2205 1495 2240 conscripti
1519 2209 1592 2236 sunt,
1603 2212 1720 2239 quorum
1740 2211 1812 2231 unus

189 2253 359 2288 γέγραπται·
375 2251 406 2278 τδ
420 2251 448 2278 δὲ
469 2251 641 2283 Γνωστικὸς
654 2250 671 2286 ἢ
689 2250 753 2286 περὶ
766 2249 820 2276 τῶν
839 2249 969 2282 καταξιω-
988 2262 1009 2289 Β

1023 2251 1164 2278 Monachus
1182 2251 1239 2278 sive
1260 2251 1294 2278 de
1313 2251 1368 2278 vita
1388 2252 1475 2278 activa
1490 2251 1637 2286 inscriptus
1657 2255 1708 2278 est.
1734 2250 1812 2277 Alter

190 2299 293 2325 θέντων
313 2297 447 2332 γνώσεως·
473 2297 609 2330 κεφάλαια
625 2296 654 2324 δὲ
675 2295 758 2323 αὑτοῦ
785 2296 971 2330 πεντήκοντα.”

188 2343 221 2369 τὺ
235 2342 265 2368 δὲ
284 2341 504 2376 Ἀντιρῤητικὸν
518 2341 586 2377 πρὸς
601 2341 664 2372 τοὺς
683 2340 862 2376 πειράζοντας
880 2340 974 2375 δαίμο-

189 2395 249 2418 νας,
265 2387 294 2412 ἐν
308 2385 379 2413 ὀκτὼ
395 2386 556 2423 διῃρημένον
573 2386 677 2421 μέρεσι,
703 2386 772 2414 κατὰ
789 2386 835 2412 τὸν
856 2384 973 2420 ἀριθμὸν

187 2433 244 2459 τῶν
268 2432 341 2458 ὀκτὼ
371 2432 524 2468 λογισμῶν·
550 2433 597 2458 καὶ
625 2432 751 2464 ἑξαχόδια
783 2431 974 2467 προγνωστικὰ

189 2478 373 2513 προϐλήματα
382 2485 389 2492 ·
406 2479 453 2504 καὶ
467 2478 581 2514 στιχηρὰ
595 2478 627 2513 βί,
643 2478 672 2504 ἓν
692 2479 759 2513 πρὸς
771 2478 833 2509 τοὺς
846 2478 874 2504 ἐν
888 2486 974 2504 κοινο⁹

188 2523 288 2558 ϐίοιςῆ
309 2523 440 2555 συνοδίαις
463 2525 613 2559 μοναχοὺς,
632 2524 679 2550 καὶ
694 2523 722 2550 ἓν
742 2523 810 2559 πρὸς
829 2523 879 2559 τὴν
900 2531 972 2557 παρ-

188 2569 292 2596 οενίαν,
312 2569 359 2595 καί
373 2578 439 2604 φησι
452 2570 523 2597 κατὰ
534 2569 605 2601 λέξιν
619 2569 719 2601 οὕτως·
738 2569 910 2604 Ἀναγκαῖον
920 2569 974 2601 τὰς

187 2615 280 2647 ὀδοὺς
292 2614 351 2641 τῶν
360 2615 613 2648 προοδευσάντων
621 2615 761 2650 μοναχῶν
773 2615 865 2649 ὀρθῶς
875 2615 973 2648 διερω-

186 2659 255 2693 τᾷν,
274 2660 324 2687 καὶ
347 2660 422 2694 πρὸς
440 2661 533 2693 αὐτὰς
554 2660 781 2696 κατορθοῦσθαι·
799 2661 899 2688 πολλὰ
917 2660 973 2695 γάρ

187 2707 274 2734 ἐστιν
292 2707 343 2732 ὑπ’
364 2705 462 2733 αὐτῶν
478 2707 514 2733 τὰ
526 2705 657 2741 ρηθέντα
671 2705 720 2733 καὶ
738 2707 906 2740 πραχθέντα
921 2715 973 2733 κα-

187 2751 262 2784 λῶς,
277 2753 313 2777 ἐν
329 2749 374 2783 οἷς
389 2753 438 2778 καὶ
451 2753 539 2780 τοῦτό
557 2762 602 2786 τις
616 2753 725 2787 ἔφησε,
736 2753 794 2786 τὴν
808 2753 973 2787 ξηροτέραν

188 2799 238 2825 καὶ
263 2798 424 2832 ἀνώμαλον
447 2799 580 2831 διαιταν,
608 2798 708 2833 ἀγάπῃ
740 2798 971 2832 συζευχθεῑσαν,

187 2842 296 2873 θᾶττον
309 2843 422 2878 διάγειν
436 2844 489 2872 τὸν
501 2845 637 2880 μοναχὸν
656 2846 699 2878 εὶς
713 2844 869 2873 ἀπάθειαν.

1024 2296 1160 2324 Gnosticus
1174 2296 1232 2323 sive
1244 2296 1278 2323 de
1291 2296 1336 2328 iis,
1349 2295 1396 2330 qui
1413 2295 1577 2330 cognitionis
1591 2303 1705 2322 muliere
1718 2294 1810 2321 donati

1023 2347 1097 2369 sunt.
1115 2342 1210 2376 Capita
1221 2350 1287 2369 vero
1299 2343 1359 2369 eius
1373 2342 1437 2369 libri
1450 2345 1514 2368 sunt
1523 2340 1728 2376 quinquaginta.
1744 2339 1812 2366 Ter-

1024 2388 1078 2415 tius
1100 2387 1300 2419 Antirrheticus,
1324 2386 1456 2414 adversus
1491 2389 1626 2413 tentantes
1653 2385 1810 2416 daemones,

1023 2431 1084 2460 Octo
1104 2433 1249 2460 distinctus
1273 2433 1398 2467 partibus
1410 2431 1561 2459 secundum
1580 2438 1726 2457 numerum
1747 2433 1811 2456 octo

1023 2479 1301 2514 cogitationumJtem
1310 2481 1436 2505 sexcenta
1446 2473 1622 2512 Prognostica
1630 2475 1809 2510 problemata,

1023 2530 1050 2551 et
1062 2525 1245 2551 Elementaria
1264 2524 1329 2556 duo,
1351 2531 1435 2551 unum
1456 2523 1489 2550 ad
1507 2521 1653 2549 monachos
1664 2521 1692 2547 in
1712 2528 1811 2547 coeno-

1023 2572 1076 2598 biis
1101 2574 1148 2598 aut
1176 2571 1368 2598 contuberniis
1397 2570 1532 2601 viventes,
1548 2568 1665 2596 alterum
1677 2567 1710 2594 ad
1728 2567 1811 2602 virgi-

1023 2625 1088 2644 num
1105 2622 1223 2644 coetum.
1244 2617 1332 2651 Atque
1352 2617 1419 2644 haec
1432 2619 1496 2643 sunt
1516 2615 1575 2642 eius
1587 2614 1688 2642 verba:
1701 2613 1811 2641 Necesse

1023 2668 1071 2696 est,
1088 2667 1118 2690 ut
1132 2663 1188 2689 uias
1205 2671 1305 2694 eorum,
1327 2663 1371 2697 qui
1394 2664 1601 2698 praecesserunt,
1622 2660 1809 2687 monachorum

1022 2710 1113 2737 sedulo
1126 2710 1289 2745 indagemus,
1313 2714 1338 2736 et
1351 2709 1384 2736 ad
1401 2717 1491 2736 eorum
1512 2716 1633 2735 normam
1651 2708 1810 2742 dirigantur.

1022 2754 1106 2781 Multa
1123 2755 1154 2781 ab
1170 2755 1202 2781 iis
1215 2758 1238 2780 et
1251 2754 1320 2781 dicta
1330 2759 1353 2780 et
1366 2754 1437 2788 facta
1447 2757 1509 2780 sunt
1525 2757 1605 2784 recte,
1617 2753 1686 2779 inter
1702 2760 1769 2787 quae
1784 2755 1809 2777 ct

1023 2800 1069 2826 hoc
1095 2799 1225 2834 quispiam
1244 2799 1329 2825 dixit:
1347 2798 1494 2826 Aridiorem
1511 2803 1535 2825 et
1557 2806 1680 2834 asperam
1706 2797 1809 2824 vivendi

1024 2845 1152 2871 rationem
1168 2853 1226 2870 cum
1245 2844 1358 2870 caritate
1373 2843 1524 2878 copulatam
1546 2843 1655 2870 celerius
1668 2847 1811 2878 perducere

1024 2890 1180 2921 monachum
1196 2889 1231 2917 ad
1241 2890 1405 2926 aﬁectionum
1420 2890 1585 2917 vacuitatem.
