2048 3153
148 178 195 205 515
530 202 541 207 _
641 175 869 204 ‘liOMlLlARUM-
887 176 915 204 S.
934 177 1074 205 MACARII
1093 176 1262 205 AEGYPTH.
1713 181 1766 210 5H

148 244 194 264 nec
205 239 260 262 tum
274 234 343 262 alios
355 233 502 269 scriptores
516 233 626 261 Macarii
641 233 809 261 mentionem
825 233 958 263 facientes
973 235 1006 262 ad
1022 242 1134 262 manum
1152 235 1308 262 habuimus.
1325 235 1426 263 Verum
1439 243 1502 264 cum
1514 235 1623 264 iamiam
1636 236 1670 264 ad
1684 237 1766 266 linem

147 283 268 320 paulatim
288 290 358 317 opus
378 281 512 313 tenderet,
527 281 696 308 revolvimus
713 281 900 317 Nicephorum
921 286 950 309 et
972 282 1132 310 Palladium.
1161 283 1232 310 Sane
1253 286 1378 317 uterque,
1401 287 1431 309 ut
1453 290 1536 317 supra
1557 282 1680 315 dictum,
1697 283 1767 312 duos

146 330 224 356 fuisse
246 327 381 355 Macarios
400 331 546 359 testantur,
570 325 686 353 alterum
709 326 923 354 Alexandrinum
948 335 1059 362 genere,
1075 328 1134 362 qui,
1153 327 1220 355 licet
1231 327 1333 359 iunior,
1359 328 1388 355 in
1421 328 1456 354 iis
1477 334 1548 362 quae
1567 328 1766 355 monachorum

146 379 204 402 sunt
218 373 374 409 praecipua,
387 373 491 408 primas
510 372 663 404 obtinebat,
675 372 793 399 alterum
817 372 991 408 Aegyptium,
1005 378 1094 400 aetate
1109 373 1295 408 grandiorem,
1315 373 1363 407 qui
1378 372 1427 400 has
1445 373 1519 408 ipsas
1537 381 1632 408 graece
1643 374 1766 402 conscri-

146 422 195 458 psit
210 421 350 453 llomilias,
362 428 430 456 quas
448 420 475 447 in
491 420 607 447 latinum
619 427 773 447 sermonem
794 420 993 447 transtulimus.
1014 420 1064 448 llic
1075 421 1120 448 XC
1134 421 1204 448 vixit
1215 428 1303 448 annos
1323 420 1458 455 integros,
1478 429 1599 456 quorum
1612 421 1659 448 LX
1674 426 1765 449 trans-

129 470 194 505 _egit
211 470 238 496 in
253 469 413 497 solitudine.
436 468 532 503 itaque
547 472 629 495 natus
639 476 726 495 annos
749 468 823 496 XXX
837 472 866 496 et
885 468 913 496 in
926 469 1039 496 iuvenili
1055 473 1144 496 aetate
1161 469 1338 500 constitutus,
1353 473 1407 495 tam
1422 469 1571 495 toleranter
1587 467 1767 494 tulitlaborcs

144 518 346 546 exercitationis
371 522 459 545 totum
471 517 646 549 decennium,
659 521 688 544 ut
702 525 797 553 magna
809 517 926 552 quadam
937 522 965 545 et
979 518 1077 553 insigni
1089 518 1188 553 dignus
1198 518 1347 544 haberetur
1358 515 1547 546 distinctione,
1559 513 1627 540 adeo
1642 518 1671 540 ut
1682 521 1765 539 voca—

147 570 221 592 retur
229 565 457 600 παιδαριογέρων,
475 564 502 591 id
511 570 553 591 est
564 565 590 591 in
603 565 701 600 puerili
719 569 807 592 aetate
823 573 919 597 senex,
931 566 1061 600 quoniam
1073 566 1155 593 citius
1171 574 1252 600 quam
1268 574 1316 600 pro
1333 568 1423 592 aetate
1435 562 1590 597 profecerat
1606 561 1764 588 virtutibus.

144 610 185 637 XL
203 617 290 636 annos
303 613 382 635 natus
397 612 563 643 potestatem
578 609 685 644 accepit
700 609 832 637 adversus
845 610 1002 642 daemones,
1023 611 1137 645 gratiam
1154 611 1219 638 item
1244 610 1368 642 sanandi,
1384 609 1566 644 spiritumque
1589 607 1766 642 praedicendi

145 657 240 683 futura.
261 656 364 692 Dignus
384 663 493 690 quoque
506 661 549 683 est
570 656 681 684 habitus
701 657 863 684 honorando
880 658 1042 686 sacerdotio.
1072 658 1236 686 Habitarunt
1260 666 1323 686 cum
1341 665 1376 685 eo
1399 657 1454 684 duo
1468 655 1596 690 discipuli
1625 655 1652 682 in
1671 654 1767 682 intima

144 704 289 731 solitudine
302 711 371 738 quae
385 708 501 730 vocatur
515 704 606 731 Scele.
622 704 744 737 Quorum
765 713 837 732 unus
855 705 966 740 quidem
982 706 1058 732 velut
1081 706 1206 733 minister
1223 706 1261 733 illi
1280 712 1387 740 semper
1405 703 1544 731 assidebat
1564 709 1660 729 eorum
1680 701 1767 736 gratia

141 751 183 787 qui
196 750 344 777 veniebant
355 750 488 782 curandi;
507 751 576 778 alter
591 756 682 779 autem
694 760 819 780 seorsum
833 753 979 780 Secedebat
992 753 1020 780 in
1033 753 1140 780 cellam.
1153 753 1337 781 Praecedente
1356 759 1422 780 vero
1437 755 1559 785 tempore
1575 757 1637 777 cum
1657 752 1768 775 sanctus

140 797 288 832 perspicaci
302 796 382 823 oculo
397 795 588 830 praevidisset,
608 797 677 824 dixit
699 797 826 825 ministro
848 805 898 824 suo
917 798 1028 825 nomine
1048 798 1157 830 Joanni,
1173 799 1221 834 qui
1242 803 1336 834 postea
1356 798 1445 826 factus
1465 798 1608 833 presbyter
1636 796 1768 825 sullectus

138 849 178 872 est
194 845 221 872 in
237 845 327 872 locum
337 844 446 871 Macarii
461 852 467 870 :
485 843 564 875 Audi,
582 843 619 870 mi
637 842 722 877 frater
733 842 861 875 Joannes,
873 851 1012 878 meamque
1027 843 1065 877 fer
1076 851 1158 878 aequo
1174 844 1263 870 (ιιιὶιηο
1289 844 1495 870 admonitionem
1521 842 1567 868 tibi
1585 840 1662 868 ualde
1674 841 1766 876 profu-

138 898 232 920 turam.
245 893 365 925 Tentoria
379 893 458 924 enim,
480 891 580 926 inquit,
594 895 617 917 et
634 894 658 917 te
673 894 757 917 tenta!
771 891 878 926 spiritus
895 891 1024 918 avaritiae
1034 899 1042 922 ;
1053 891 1090 917 sic
1106 891 1174 917 enim
1188 897 1351 926 perspectum
1361 890 1452 917 habeo.
1467 889 1525 916 Scio
1541 893 1639 919 tamen,
1650 888 1768 914 simeam

138 939 244 975 benigne
261 939 352 967 tuleris
371 938 592 969 adhortationem,
607 941 631 963 te
644 936 787 972 perfectum
800 935 856 970 fore
875 936 903 962 in
922 935 970 962 Dei
988 936 1081 962 timore
1090 939 1169 971 atque
1184 937 1239 962 eius
1258 944 1345 972 opere,
1362 935 1572 969 laudaberisque,
1586 938 1610 960 et
1630 932 1768 969 flagellant

138 994 186 1012 non
200 985 425 1021 appropinquabit
450 982 621 1012 tabernaculo
645 986 700 1009 tuo.
721 981 796 1014 Quod
817 982 839 1008 si
871 989 926 1007 non
944 981 1110 1013 audieris,in
1135 985 1159 1008 te
1182 981 1285 1009 venient
1307 990 1375 1016 quae
1397 982 1467 1010 Giezi
1479 982 1586 1008 tandem
1604 981 1766 1012 acciderunt,

137 1031 206 1058 cuius
220 1033 286 1058 vitio
302 1031 417 1058 laboras.
429 1031 550 1067 Contigit
567 1040 660 1067 porro,
680 1035 711 1058 ut
722 1030 853 1057 defuncto
876 1029 995 1057 Macario
1010 1037 1065 1056 non
1081 1029 1213 1064 paruerit,
1229 1029 1277 1056 sed
1296 1030 1321 1057 ei
1333 1030 1380 1064 qui
1402 1034 1515 1065 propter
1537 1029 1681 1056 avaritiam
1703 1028 1768 1055 alli-

138 1077 206 1111 gavit
219 1077 309 1104 Judac
333 1077 471 1112 laqueum.
489 1077 597 1113 Elapsis
615 1078 706 1113 itaque
716 1075 763 1103 XV
779 1080 827 1102 aut
843 1074 894 1102 XX
913 1075 1003 1106 annis,
1017 1082 1081 1102 eum
1094 1074 1165 1102 bona
1188 1083 1341 1110 pauperqu
1356 1080 1530 1111 usurpasset,
1548 1079 1604 1102 tam
1624 1074 1699 1110 gravi
1725 1074 1767 1100 la-

138 1123 242 1151 boravit
258 1123 425 1158 clephantia,
440 1129 466 1150 ul
480 1124 506 1151 in
524 1129 580 1151 toto
595 1124 656 1152 eius
670 1130 847 1158 corporenon
864 1121 1034 1149 inveniretur
1044 1123 1149 1158 integer
1163 1123 1239 1150 locus
1248 1123 1276 1150 in
1292 1131 1346 1158 quo
1360 1123 1422 1158 quis
1434 1123 1549 1158 digitum
1562 1123 1645 1158 [igere
1662 1123 1775 1157 posset.‘

137 1170 204 1198 llaec
218 1170 274 1198 luit
287 1171 397 1198 Macarii
412 1172 566 1207 prophetia.
582 1172 733 1199 Ferebatur
747 1171 792 1198 hic
805 1174 917 1197 sanctus
930 1169 985 1204 pati
1000 1170 1188 1198 continentem
1207 1171 1340 1203 ecstasin,
1357 1171 1521 1206 saepiusque
1531 1172 1573 1198 vel
1584 1178 1646 1198 cum
1658 1171 1714 1198 Deo
1726 1170 1767 1197 \‘l'i

137 1216 161 1243 in
184 1218 271 1244 rebus
301 1217 406 1244 versari
422 1218 598 1245 caelestibus.
630 1218 711 1245 Fama
741 1217 823 1245 etiam
846 1219 975 1242 constans
997 1219 1058 1242 erat
1081 1216 1108 1243 in
1131 1216 1291 1248 solitudine,
1321 1217 1468 1244 suscitasse
1489 1224 1553 1244 eum
1573 1220 1721 1248 mortuum,
1737 1219 1768 1242 ut

135 1265 313 1300 persuaderet
325 1266 435 1293 cuidam
453 1266 594 1293 haeretico
612 1266 723 1300 neganti
740 1263 980 1291 resurrectionem.
994 1263 1120 1297 Reliqua,
1130 1271 1201 1298 quae
1212 1263 1308 1291 divino
1321 1263 1456 1291 beneﬁcio
1471 1267 1547 1298 gesta
1563 1267 1640 1294 sunt.
1648 1263 1766 1298 petenda

134 1317 194 1341 sunt
207 1321 222 1340 e
247 1313 369 1341 Palladio
382 1313 409 1340 in
422 1313 540 1342 Historia
558 1314 671 1341 Patrum
685 1321 745 1348 cap.
767 1312 798 1339 l9
812 1316 840 1338 et
853 1311 898 1343 20,
914 1310 1069 1346 Nicephoro
1084 1311 1144 1338 [list
1171 1312 1245 1339 Eccl.
1263 1312 1309 1339 lib.
1325 1320 1351 1339 rx
1372 1319 1432 1347 cap.
1446 1311 1490 1338 14.
1509 1312 1584 1339 Vale.
1602 1312 1607 1347 |

742 1401 969 1442 Typographus
989 1402 1113 1432 Lectort'
1128 1402 1162 1432 S.

165 1465 341 1501 Diligentiam
365 1475 446 1502 quam
466 1467 494 1494 in
512 1466 622 1494 Macarii
646 1466 772 1494 llomutis
794 1466 982 1499 adhibuimus,
1008 1466 1140 1493 benevole
1161 1466 1258 1499 lector,
1275 1465 1435 1501 praedicare
1450 1465 1594 1498 nolumus;
1619 1466 1677 1500 ipse
1699 1465 1768 1492 satis

132 1512 283 1546 perspicies
300 1513 328 1539 in
344 1517 503 1541 transcursu
520 1513 657 1541 lectionis.
679 1513 735 1541 Nec
761 1517 852 1541 tamen
877 1521 1036 1541 asseverare
1058 1513 1194 1547 volumus,
1212 1513 1280 1541 nihil
1302 1521 1415 1549 prorsus
1440 1520 1491 1539 nos
1511 1513 1556 1540 hic
1580 1513 1691 1548 fugisse.
1707 1513 1766 1544 sed,

132 1567 196 1594 quae
206 1561 426 1590 oculosnostros
440 1562 605 1594 fefellerunt,
623 1563 752 1598 pleraque
765 1562 858 1590 omnia
871 1561 949 1590 facile
964 1570 1013 1597 per
1028 1566 1054 1589 te
1076 1563 1203 1597 cognosci
1221 1570 1310 1597 posse.
1330 1562 1360 1589 ιιι
1374 1568 1428 1588 uno
1442 1564 1533 1588 tamen
1550 1563 1703 1590 monendus
1724 1569 1765 1588 es.

131 1607 368 1637 Demandaramus
383 1617 484 1637 munus
499 1610 634 1637 versiouis
643 1609 844 1637 describendae
868 1617 903 1636 ex
926 1609 1051 1637 auctoris
1070 1609 1241 1644 autographo
1267 1609 1391 1637 studioso
1415 1608 1540 1640 cuidam;
1561 1615 1656 1635 verum
1677 1609 1700 1636 is
1712 1617 1767 1644 qua

132 1660 212 1683 scatet
231 1655 349 1684 levitate
365 1656 468 1685 alicubi
479 1656 579 1684 misere
595 1657 734 1692 pervertit
755 1658 878 1684 auctoris
900 1657 994 1685 verba.
1020 1656 1152 1686 Volumus
1173 1657 1265 1692 itaque
1289 1660 1364 1684 utea
1386 1656 1427 1683 sic
1449 1657 1592 1683 restituas.

575 1702 736 1738 Sequuntur
748 1702 916 1738 Corrigenda
930 1707 992 1731 octo
1003 1702 1126 1730 locorum
1141 1703 1287 1731 versionis.

134 1800 1615 1813 ~———-————--——-—————-—---———-——_———--

783 1879 1120 1926 PRAEFATIO

459 1979 510 2009 AD
531 1978 741 2010 EDITIONEM
761 1977 1005 2008 HOMILIARUM
1027 1977 1058 2008 S.
1080 1977 1239 2008 MACARII
1260 1978 1435 2012 AEGYPTII

728 2073 801 2097 QUAE
822 2072 969 2092 COMPARUIT
985 2072 1033 2092 SUB
1048 2073 1159 2093 τιτυιοε

132 2133 176 2161 SS.
191 2135 245 2162 PP.
262 2134 433 2161 GRECORII
445 2132 774 2162 NEOCAESARIENSIS
785 2131 951 2159 EPISCOPI
962 2130 1197 2160 COCNOMENTO
1208 2131 1467 2162 TIMUMATURCI.
1491 2131 1639 2159 MACARII
1660 2131 1767 2158 AI'TIIY-

165 2169 235 2196 PT"
246 2170 295 2197 ET
302 2169 432 2197 BASILII
443 2169 642 2196 SELEUCIAE
657 2167 826 2196 ISAUIH'AE
841 2165 1004 2194 EPISCOPI
1020 2167 1134 2194 OPEBA
1147 2167 1254 2195 ΟΜΝΙΑ
1266 2167 1360 2201 QUAE
1369 2167 1539 2194 IiEl’EIlIRl
1549 2167 1763 2194 POTUEMUN’I'.

163 2205 236 2232 Nunc
251 2207 368 2236 priurum
385 2204 482 2232 Graece
494 2210 518 2231 et
530 2205 624 2231 Latine
637 2205 795 2232 coniunctim
808 2203 888 2232 alita,
897 2210 956 2228 cum
969 2202 1096 2229 indicibus
1113 2204 1276 2230 necessariis.
1290 2204 1401 2230 Accessit
1417 2202 1528 2229 Joannis
1540 2202 1661 2228 Zonarae
1674 2202 1764 2236 Expu—

164 2215 236 2232 "Illic
272 2215 368 2231 ΪῘΙῘΙΠῙΠ
385 2215 482 2232 υνιιετϐ
494 2215 517 2231 (Ἰ
530 2215 624 2231 ιιιιιιηε
637 2215 795 2232 [altlunt‘llm
808 2215 956 2232 ιἰιιιανιιιηι
969 2215 1096 2229 ΠωῐιἿυιω
1114 2215 1276 2230 ηευιτδιιίιϊηὸ.
1290 2215 1401 2230 Πιίι¹ὅὸῐι
1417 2215 1528 2229 δυιηιιιιδ
1540 2215 1661 2228 ιιυΙΙυΥΙΗζ
1674 2215 1764 2236 βωμυ-

164 2241 221 2266 sitio
238 2215 436 2268 C‘imonicarum
459 2239 652 2274 Epistolarum.
667 2239 780 2266 Parisiis
796 2237 940 2274 sumptibus
957 2237 1093 2274 Michaelis
1107 2237 1210 2271 Sonm'i,
1225 2238 1331 2266 Claudii
1351 2237 1456 2265 Morelli
1470 2242 1495 2264 et
1518 2237 1668 2265 Sebastiani
1695 2237 1765 2264 Cra-

164 2277 258 2311 maisy,
282 2275 325 2302 via
337 2274 460 2302 Jacobea.
474 2272 632 2302 MDCXXII.
645 2274 711 2302 Cum
723 2273 859 2310 privilegio
873 2272 954 2307 Regio
963 2272 1009 2306 fol.

926 2331 959 2338 .—

482 2389 667 2417 Illustrissimo
688 2389 744 2415 viro
759 2387 857 2414 Merica
869 2387 901 2414 de
914 2387 970 2422 Viq,
983 2395 1085 2414 summa
1099 2386 1250 2413 Galliarum
1261 2385 1478 2421 procaneellario.

166 2470 292 2497 Alienum
306 2470 390 2497 nimis
404 2478 419 2497 a
435 2477 548 2497 munere
564 2474 660 2497 nostro
672 2469 862 2500 crcdebamus,
880 2468 923 2494 vir
941 2466 1136 2498 illustrissime,
1151 2466 1173 2493 si
1188 2466 1259 2493 inter
1273 2470 1313 2493 tot
1325 2474 1357 2492 ac
1376 2469 1450 2493 tanta
1471 2466 1596 2500 publicae
1616 2470 1763 2500 congratu-

132 2517 240 2547 1alionis
253 2517 364 2548 indicia,
377 2516 480 2551 quibus
492 2517 621 2543 universa
633 2516 719 2543 Gallia
731 2514 924 2542 communibus
938 2513 1008 2540 votis
1020 2517 1048 2540 et
1060 2513 1173 2539 vocibus
1188 2512 1293 2538 Nomen
1307 2512 1434 2539 Vestrum
1446 2511 1630 2544 commendat,
1649 2511 1699 2545 ipsi
1711 2512 1763 2538 soli

133 2566 294 2595 lacerelnus,
311 2569 339 2591 et
354 2564 428 2590 nulla
442 2563 529 2590 nostri
541 2563 624 2590 etiam
637 2563 762 2597 obsequii
775 2562 862 2589 ollicia
876 2566 1053 2589 testaremur.
1068 2559 1108 2586 Ex
1131 2567 1186 2593 quo
1201 2559 1275 2586 enim
1303 2558 1474 2585 iustissimus
1495 2558 1622 2592 idemque
1639 2557 1767 2584 invictis—

131 2610 214 2637 simus
226 2611 286 2637 Rex
300 2615 394 2638 noster
404 2609 561 2637 Ludovicus
570 2609 631 2636 Xlll
645 2614 751 2636 matura
764 2608 961 2637 deliberatione
973 2606 1007 2634 ad
1018 2606 1155 2634 sanctiora
1167 2605 1274 2632 consilii
1286 2605 1328 2632 sui
1340 2605 1378 2632 'l'e
1390 2604 1499 2632 admisit
1510 2604 1671 2639 penetralia,
1684 2607 1711 2631 et
1729 2604 1765 2630 ad

131 2656 269 2691 regiorum
285 2656 438 2691 Sigillnrum
453 2655 604 2683 custodiam
618 2654 777 2689 deputatum
789 2655 827 2681 Te
843 2653 939 2684 voluit,
957 2659 1038 2679 nemo
1051 2652 1112 2682 fuit.
1126 2651 1168 2677 cui
1187 2650 1294 2684 cognita
1312 2654 1356 2676 tua
1384 2650 1472 2676 virtus
1495 2653 1547 2680 est,
1571 2649 1618 2683 qui
1637 2656 1691 2675 non
1705 2649 1764 2675 lau-

131 2700 211 2732 darit,
222 2709 279 2728 non
291 2701 492 2736 approbaverit,
503 2705 531 2727 et
544 2700 650 2736 regium
666 2705 694 2727 et
710 2700 851 2735 egregium
864 2699 966 2726 factum
981 2706 1034 2724 non
1043 2695 1252 2731 praedicaverit.
1264 2695 1357 2721 Virum
1369 2695 1473 2721 scilicet
1483 2699 1620 2721 maturum
1630 2695 1758 2726 consilio,

133 2747 229 2775 iustiet
241 2748 322 2782 aequi
333 2748 560 2780 amantissimum,
568 2747 744 2782 prudentem,
759 2746 922 2781 sapientem,
933 2745 966 2772 de
977 2744 1116 2779 republica
1126 2749 1231 2769 summe
1242 2741 1370 2768 meritum
1381 2749 1389 2773 ;
1399 2740 1500 2772 virum,
1512 2740 1674 2775 inquam,ad
1687 2748 1764 2768 sum-

133 2805 175 2824 ma
190 2801 298 2828 natum,
314 2797 395 2832 longo
409 2805 502 2824 rerum
516 2804 567 2824 usu
585 2800 613 2823 et
624 2796 696 2823 seria
707 2795 847 2823 variorum
864 2793 1037 2828 negotiorum
1058 2790 1255 2819 exercitatione
1275 2789 1308 2816 ad
1332 2792 1420 2816 status
1446 2788 1550 2823 politici
1575 2789 1694 2824 regimen
1713 2798 1763 2824 ap-

133 2845 218 2881 prime
234 2849 383 2877 versatum,
399 2845 445 2872 tali
459 2845 603 2873 vocatione
616 2844 738 2879 dignum.
758 2843 835 2870 Unde
848 2842 948 2869 factum
962 2845 1015 2872 cst,
1029 2845 1059 2867 ut
1081 2840 1156 2874 ipsae
1179 2838 1260 2865 etiam
1291 2837 1382 2864 Musae
1408 2836 1577 2864 castissimae
1601 2836 1630 2863 in
1657 2841 1764 2871 partum

135 2891 308 2919 exultationis
321 2892 414 2920 venire
426 2893 585 2927 gestientes,
598 2891 659 2918 Tibi
672 2895 789 2926 patrono
800 2898 850 2918 suo
863 2889 895 2917 ad
910 2890 1012 2924 patrios
1025 2889 1097 2916 lares
1106 2887 1233 2915 redeunti
1246 2890 1273 2913 et
1285 2885 1514 2920 triumphatorem
1532 2893 1622 2922 regem
1635 2889 1764 2913 nostrum
