2048 3153
248 161 300 190 519

742 158 937 187 PRAEFATIO
956 159 1000 186 AD
1020 158 1209 187 EDITIONEM
1228 159 1283 187 AN.
1309 158 1451 187 MDCXXII

1828 157 1880 185 520

249 218 403 254 imaginem.
417 217 546 246 Continet
556 224 666 252 quoque
679 216 792 244 liomilia
807 216 940 252 quasdam
956 223 1040 252 quae-

1093 215 1167 242 λέσαι
1180 216 1226 243 xui
1239 216 1288 250 τὴν
1305 214 1371 241 ἰδίαν
1383 215 1476 242 είκόνα
1491 215 1538 242 καὶ
1553 217 1603 251 τὴν
1617 214 1788 252 ἐπουράνιον.
1817 223 1881 241 συν-

247 265 352 292 stioncs
364 264 476 292 omnino
490 264 580 291 utiles.
593 263 637 290 12.
1001 262 1037 290 65

283 353 368 387 Quem
380 353 500 381 fructum
512 362 527 381 a
542 353 897 384 ChristianisDeusexigat.
918 353 962 380 15.
1003 352 1038 380 71

283 449 334 482 Qui
352 449 531 484 cogitationes
546 457 577 476 ac
597 453 717 476 tuentem
741 449 797 476 Deo
822 448 967 479 dedicant,
981 447 1036 474 hoc

248 494 299 522 Sub
319 502 366 529 spe
383 494 624 522 illulninandorum
644 495 786 522 oculorum
809 494 901 522 cordis
923 494 1036 526 faciunt,

249 548 280 567 ac
305 540 376 568 Deus
398 540 554 567 huiusmodi
580 540 608 567 in
632 549 737 568 summa
762 549 810 568 san
827 541 832 576 l
847 541 977 567 clintonia
1006 548 1039 568 ac

249 586 370 620 puritate
398 585 536 621 mysteriis
564 585 663 620 dignos
688 590 812 620 reputat,
834 593 865 612 ac
892 586 1038 620 participes

248 630 313 658 facit
328 631 388 658 illos
402 631 505 666 gratiae
517 638 591 658 suae.
603 630 728 665 Quidque
743 631 812 658 bona
831 631 957 658 caelestia
971 639 1037 658 eon-

248 677 371 703 secuturi
389 685 469 712 agcre
484 677 640 704 debeamus.
658 677 777 704 Tandem
790 677 912 712 Apostoli
931 682 959 704 et
973 685 1023 712 pro

249 723 348 757 phetae
368 723 554 750 assimilantur
576 724 659 750 radiis
676 724 875 758 solaribuspcr
891 724 1037 751 fenestram

250 769 388 804 ingressis.
403 769 487 796 Docet
501 777 610 806 quoque
624 770 748 802 humilia,
764 778 834 804 quae
854 770 891 797 sit
913 774 987 798 terra
997 778 1039 798 sa-

250 819 330 843 tanae
343 819 452 850 etquae
466 816 640 851 angelorum.
656 821 685 843 et
701 817 774 851 quod
785 821 900 852 utraque
911 824 962 845 nec
972 825 1039 844 eon-

250 861 361 888 trectari
378 869 428 888 nec
443 861 531 888 videri
552 861 653 896 possit.
671 861 714 888 1-1.
1005 861 1040 889 75

1074 262 1146 297 ιέχιι
1161 263 1209 289 καὶ
1231 264 1248 298 η
1272 261 1365 297 ὁμιλία
1376 261 1504 298 ζητήσεις
1519 263 1596 294 τινὰς
1621 264 1692 290 πάνυ
1716 261 1880 297 ὠφελίμους.

1089 307 1133 335 ιεί.
1845 307 1881 334 65

1125 327 1133 335 .
1845 307 1880 334 (iii

1100 307 1175 381 β’Ὃν
1191 355 1295 381 καοπδν
1311 355 1415 390 ἀπαιτῇ
1431 354 1446 380 ὁ
1460 353 1527 386 Θεὸς
1544 354 1619 391 παρὰ
1631 353 1684 381 τῶν
1699 352 1880 389 Χριστιανῶν.

1089 403 1122 434 ιγ’
1127 420 1134 427 .
1850 399 1883 426 74

1123 448 1154 474 Οἱ
1163 447 1225 475 τοὺς
1234 446 1380 481 λογισμοὺς
1392 447 1437 473 xui
1450 446 1495 472 τὸν
1510 446 1571 474 νοῦν
1584 446 1622 482 τῷ
1634 446 1693 482 Θεῷ
1707 445 1880 476 ὲπιδίδοντες,

1087 491 1160 519 τοῦτ’
1179 492 1222 519 ἐπ’
1240 491 1327 518 ἑλπίδι
1342 491 1388 518 τοῦ
1405 491 1570 525 φωτισθῆναι
1585 494 1647 523 τοὺς
1662 491 1818 526 ὀφθαλμοὺς
1829 490 1880 524 τῆς

1088 537 1201 572 καρδίας
1219 536 1336 570 ποιοῦσι,
1349 537 1397 563 καὶ
1412 538 1425 563 ὸ
1437 537 1503 568 Θεὸς
1511 538 1648 568 τοιούτους
1658 538 1687 563 ὲν
1699 537 1823 571 ἁγιότητι
1833 536 1882 562 καὶ

1088 585 1252 620 καθαρότητι
1269 585 1274 620 ι
1291 584 1405 620 μεγίστῃ
1417 585 1575 620 μυστηρίων
1587 585 1666 616 ἀξιοῖ,
1682 584 1728 610 καὶ
1739 583 1883 619 μεταδίδω-

1089 639 1131 657 σιν
1142 630 1232 662 αὐτοῖς
1243 630 1275 656 ὲκ
1290 630 1338 665 τῆς
1357 630 1466 666 χάριτος
1477 629 1570 658 αὑτοῦ.
1583 630 1630 656 καὶ
1642 629 1668 656 τί
1677 629 1787 664 ἀγαθῶν
1802 631 1883 656 ἐπου-

1091 676 1189 712 ρανίων
1203 677 1294 711 τυχεῖν
1313 675 1468 711 βουλόμενοι
1482 678 1567 702 ποιεῖν
1580 676 1733 712 ὀφείλομεν,
1755 675 1847 702 λοιπὸν
1859 676 1883 702 οἱ

1088 721 1231 749 ἀπόστολοι
1253 721 1300 747 καὶ
1311 722 1334 747 οἱ
1349 723 1486 757 προφῆται
1505 721 1769 756 ἀφομοιοῦνταιταῖς
1777 722 1883 747 ἀκτῖσιν

1089 768 1164 803 ἡλίου
1183 767 1227 794 διὰ
1240 767 1347 803 θυρίδος
1361 767 1576 803 εἰσερχομέναις.
1587 768 1707 795 διδάσκει
1728 768 1774 794 xui
1789 767 1805 802 ἡ
1820 768 1882 802 ὁμι-

1089 813 1145 845 λία,
1160 813 1201 844 τίς
1223 815 1238 848 ἡ
1255 814 1290 849 γῆ
1302 813 1349 840 τοῦ
1366 815 1479 846 σατανᾶ,
1497 814 1543 841 xui
1558 814 1600 846 τίς
1616 813 1669 840 τῶν
1688 813 1824 847 ἀγγέλων,
1836 813 1884 840 καὶ

1089 861 1131 888 ὅτι
1144 861 1285 896 ἀμφοτέρα
1298 861 1474 897 ἁψηλὰφητος
1491 862 1537 888 xui
1551 861 1677 895 ἀόρατος.
1693 861 1735 887 ιδ’.
1850 860 1884 887 75

286 906 370 933 Docet
382 907 494 933 homilia
518 907 586 934 haec
608 907 724 942 prolixe,
741 915 797 941 quo
813 912 892 942 pacto
904 908 995 935 anima
1012 908 1039 934 in

1126 906 1252 933 Διδάσκει
1265 907 1334 943 αὕτη
1352 908 1368 943 ἡ
1383 907 1477 943 ὁμιλία
1493 907 1536 934 διὰ
1554 907 1669 940 πολλῶν,
1693 906 1752 939 πῶς
1771 906 1819 942 τὴν
1833 906 1884 941 ψυ-

250 953 410 985 sanctitate,
422 953 549 980 castitate
562 961 593 980 ac
606 954 723 988 puritate
733 961 797 990 erga
815 961 944 989 sponsum
960 961 1040 981 suuut

249 998 391 1025 Christum
410 999 515 1030 Jesum,
530 998 703 1026 Senatorum
720 999 826 1032 mundi,
843 1007 872 1027 se
885 1007 979 1035 gerere
995 999 1042 1027 de-

251 1043 323 1071 beat.
347 1044 476 1072 Continet
501 1052 566 1071 vero
585 1044 718 1079 quasdam
740 1045 916 1080 quaestiones
935 1053 1042 1073 summa

250 1090 376 1117 doctrina
393 1090 519 1123 refertas,
532 1090 674 1122 videlicet,
693 1095 785 1117 utrum
799 1091 827 1117 in
842 1091 1042 1118 resurrectione

249 1135 342 1163 omnia
358 1135 482 1162 membra
497 1141 652 1171 resurgant,
665 1140 694 1163 et
703 1136 771 1163 alias
787 1136 907 1164 infinitas
921 1137 954 1165 de
965 1137 1040 1170 vitio,

251 1181 285 1208 de
300 1181 396 1218 gratia,
413 1181 447 1208 de
463 1181 592 1210 libertate
610 1182 720 1209 arbitrii
734 1186 763 1209 et
782 1182 917 1218 dignitate
934 1183 1043 1218 generis

251 1228 375 1257 humani.
394 1228 438 1256 15.
1009 1229 1043 1256 78

286 1275 449 1310 Spirituales
464 1275 592 1302 homines
610 1274 744 1303 obnoxius
765 1283 826 1303 esse
845 1274 1044 1302 tentationibus

251 1328 334 1357 atque
356 1322 549 1351 atilictiouibus
574 1329 609 1349 ex
623 1321 713 1357 primo
732 1326 844 1357 peccato
868 1321 1044 1349 scaturienti-

251 1368 314 1396 bus,
335 1368 379 1394 16.
993 1367 1044 1394 105

287 1413 328 1440 De
345 1413 482 1448 spirituali
493 1412 716 1441 Christianorum
727 1412 854 1440 unctione
866 1417 894 1440 et
908 1413 1004 1449 gloria,
1016 1418 1045 1440 et

252 1459 327 1494 quod
350 1459 455 1493 absque
478 1458 589 1486 Christo
611 1459 712 1487 salvari
734 1464 781 1486 aut
798 1459 881 1486 vitam
903 1464 1044 1486 aeternam

252 1505 385 1540 consequi
400 1505 571 1540 impossibile
583 1505 628 1533 sit.
647 1505 692 1532 17.
993 1505 1043 1532 110

287 1552 326 1579 De
341 1552 470 1579 thesauro
483 1551 721 1584 Christianorum,
742 1551 870 1579 videlicet
888 1551 998 1579 Christo
1015 1555 1043 1578 et

253 1598 357 1633 Spiritu
370 1603 481 1630 sancto,
502 1598 587 1625 variis
603 1598 692 1626 modis
707 1603 852 1626 exercente
868 1605 917 1626 eos
928 1597 962 1625 ad
979 1605 1042 1633 per—

253 1643 400 1671 fectionem
412 1644 621 1679 assequendam.
641 1644 685 1672 18.
995 1643 1043 1670 117

289 1689 437 1717 Christiani
456 1690 591 1725 proficere
606 1694 634 1717 et
647 1698 771 1717 crescere
790 1690 924 1722 volentes,
943 1689 1044 1717 debent

253 1744 284 1764 se
304 1736 330 1763 vi
344 1736 508 1771 compellere
526 1736 559 1764 ad
574 1744 655 1764 omne
672 1736 701 1764 id
723 1736 797 1772 quod
819 1737 921 1764 bonum
942 1741 995 1768 est,
1015 1740 1045 1763 ut

252 1782 407 1810 liberentur
422 1782 456 1810 ab
467 1782 643 1811 inhabitante
658 1788 781 1818 peccato,
792 1788 820 1812 et
834 1784 937 1819 Spiritu
951 1789 1044 1811 sancto

253 1830 423 1864 repleantur.
438 1829 480 1859 19.
995 1831 1045 1858 122

290 1873 371 1900 Solus
379 1873 517 1906 Christus,
531 1882 615 1901 verus
628 1874 751 1902 medicus
764 1875 904 1903 interioris
914 1876 1043 1909 hominis,

254 1926 353 1948 sanare
367 1923 459 1954 potest
474 1920 605 1953 animant,
628 1928 744 1956 eantque
762 1921 926 1949 vestimento
941 1923 1044 1958 gratiae

254 1973 324 1994 suae.
333 1973 476 1994 exornare.
495 1966 539 1994 ΞΟ.
994 1969 1044 1996 127

289 2009 446 2038 Christiano
462 2011 569 2040 homini
582 2011 684 2046 duplex
708 2012 844 2040 incumbit
864 2014 982 2046 bellum,
1005 2015 1046 2041 in-

255 2060 365 2083 ternum
392 2056 520 2084 videlicet
544 2062 573 2084 et
596 2063 761 2091 externum;
797 2059 850 2087 hoc
879 2060 991 2094 quidem
1018 2060 1044 2087 in

255 2110 320 2130 rece
336 2102 340 2136 |
357 2102 448 2129 dendo
462 2110 526 2129 eum
548 2110 564 2130 a
584 2103 810 2133 distractionibus
829 2106 962 2138 terrenis,
979 2106 1046 2133 illud

255 2156 322 2175 vero
335 2149 363 2176 in
375 2148 459 2177 corde
473 2148 606 2177 adversus
624 2150 804 2185 cogitationes
817 2151 964 2186 spirituum
976 2151 1045 2188 [ilia-

256 2191 368 2227 loruni].
389 2192 436 2219 9.1.
996 2196 1047 2223 150

291 2236 329 2263 De
349 2235 452 2271 duplici
470 2241 543 2264 statu
567 2244 676 2270 eorum,
695 2238 742 2273 qui
764 2246 799 2266 ex
818 2238 871 2267 hac
889 2239 946 2267 vita
963 2239 1045 2267 dece-

256 2280 336 2308 dunt.
347 2280 393 2308 22.
995 2285 1047 2312 155

290 2325 529 2358 Quemadmodum
550 2327 651 2363 regiam
667 2335 699 2356 ac
709 2330 857 2363 pretiosam
870 2329 1046 2365 margaritam

255 2376 365 2405 gestare
382 2370 470 2398 solum
488 2377 612 2407 possunt,
634 2372 680 2407 qui
702 2380 736 2400 ex
755 2373 831 2409 regio
854 2374 959 2403 semine
983 2379 1048 2402 sunt

257 2417 377 2451 promti,
389 2417 487 2444 eodem
507 2418 590 2445 modo
608 2419 755 2447 caelestem
766 2420 941 2456 margaritam
958 2422 1046 2448 solum

257 2463 322 2491 ﬁliis
332 2463 379 2490 Dei
390 2469 496 2498 gestare
512 2464 587 2492 licet.
604 2464 648 2492 25.
996 2468 1048 2496 154

294 2551 386 2579 Status
405 2551 627 2580 Christianorum
646 2553 744 2580 similis
766 2558 809 2581 est
829 2560 1000 2584 mercaturae
1020 2564 1036 2584 e

257 2597 472 2625 fermentationi.
488 2598 606 2626 Perinde
619 2599 693 2626 enim
711 2607 743 2627 ac
756 2607 924 2630 mercatores
939 2606 1048 2630 terrena

251 2644 431 2677 accumulant
441 2644 572 2676 lucra,sic
583 2645 769 2681 illidispersas
780 2655 830 2682 per
844 2647 896 2676 hoc
906 2649 1047 2676 saeculum

257 2689 446 2725 cogitationes.
471 2690 506 2717 Et
523 2691 755 2725 quemadmodum
774 2693 941 2722 fermentum
965 2700 1048 2723 totam

257 2743 375 2763 massam
387 2736 478 2763 reddit
492 2736 695 2772 fermentatam.
714 2740 754 2767 sie
764 2740 929 2769 fermentum
944 2743 1048 2777 peccati

254 2781 418 2827 )universum
431 2789 517 2817 genus
536 2783 610 2811 Adae
625 2787 771 2819 percurrit.
799 2787 900 2815 Verum
922 2788 1049 2816 Christus

255 2825 377 2864 caeleste
399 2826 530 2854 bonitatis
553 2827 717 2857 fermentum
740 2831 868 2860 fidelibus
886 2833 985 2861 animis
1005 2833 1048 2860 in-

259 2870 359 2898 fundit.
380 2871 414 2898 21
998 2880 1048 2907 156

1092 953 1142 988 χὴν
1159 953 1187 978 ἐν
1207 952 1330 988 ἁγιότητι
1353 954 1400 980 καὶ
1422 953 1549 988 ἁγνότητι
1572 953 1617 980 xui
1634 952 1800 988 καθαρότητι
1817 951 1884 988 πρὸς

1091 998 1136 1025 τὸν
1155 999 1270 1033 νυμφίον
1291 998 1378 1033 αὐτῆς
1396 998 1512 1034 Χριστὸν
1532 999 1636 1034 Ἰησοῦν
1651 999 1696 1025 τὸν
1711 999 1821 1034 σωτῆρα
1836 998 1884 1025 τοῦ

1092 1044 1193 1080 κόσμου
1218 1044 1271 1081 χρὴ
1292 1045 1456 1072 διακεῖσθαι.
1481 1046 1587 1080 συνέχει
1607 1045 1636 1072 δέ
1657 1054 1734 1076 τινας
1754 1044 1884 1080 ζητήσεις

1092 1090 1193 1126 πολλῆς
1210 1091 1382 1122 διδασκαλίας
1398 1091 1545 1126 γεμούσας,
1563 1090 1663 1126 δηλαδὴ
1677 1092 1700 1117 εἰ
1714 1091 1743 1117 ὲν
1754 1092 1787 1126 τῇ
1799 1092 1884 1117 ανασ-

1092 1137 1168 1162 τάσει
1177 1134 1224 1162 ὅλα
1234 1135 1268 1162 τὰ
1283 1135 1351 1172 μέλη
1363 1136 1538 1169 ἀνίστανται;
1551 1138 1597 1163 καὶ
1607 1136 1690 1168 ἄλλας
1705 1136 1805 1172 μυρίας
1820 1137 1885 1172 περὶ

1092 1182 1141 1209 τοῦ
1155 1182 1241 1209 κακοῦ
1259 1183 1305 1209 καὶ
1318 1183 1368 1217 τῆς
1383 1184 1493 1218 χάριτος
1510 1184 1556 1210 xui
1578 1184 1625 1210 τοῦ
1647 1183 1820 1216 αὑτεξουσίου
1836 1185 1884 1211 καὶ

1092 1227 1143 1263 τῆς
1157 1228 1299 1263 ὰξιὸτητος
1315 1227 1363 1254 τοῦ
1379 1229 1472 1262 γένους
1491 1229 1546 1256 τῶν
1560 1228 1720 1264 ἀνθρώπων.
1737 1232 1776 1256 ιε’.
1839 1230 1884 1256 78.

1128 1273 1199 1305 Τοὺς
1227 1275 1430 1308 πνευματικοὺς
1461 1273 1620 1309 ἀνθρώπους
1648 1274 1808 1301 ὑποκεῖσθαι
1829 1276 1885 1306 τοῖς

1093 1321 1256 1356 πειρασμοῖς
1276 1320 1323 1347 καὶ
1344 1319 1449 1355 θλίψεσι
1473 1322 1533 1353 ταῖς
1555 1321 1589 1348 ἐκ
1615 1320 1727 1357 πρώτης
1747 1321 1886 1357 ἁμαρτίας

1094 1365 1251 1402 βρυούσαις.
1274 1369 1322 1399 ις’.
1835 1366 1886 1394 105

1131 1413 1199 1449 Περὶ
1219 1414 1269 1449 τῆς
1293 1415 1481 1450 πνευματικῆς
1497 1413 1552 1441 τῶν
1572 1413 1743 1449 Χριστιανῶν
1771 1413 1886 1450 χρίσεως

1094 1460 1141 1486 καὶ
1156 1459 1236 1495 δόξης
1250 1480 1257 1493 ,
1285 1460 1331 1487 xui
1352 1460 1394 1487 ὃτι
1412 1461 1476 1487 ἄνευ
1496 1460 1613 1496 Χριστοῦ
1633 1460 1751 1496 σωθῆναι
1773 1461 1789 1496 ἧ
1814 1461 1886 1495 ζωῆς

1093 1508 1203 1535 αἰωνίου
1227 1508 1342 1543 μέτοχον
1359 1508 1479 1542 γίνεσθαι
1505 1508 1634 1534 ἀδύνατόν
1645 1508 1713 1534 ἐστι.
1730 1508 1772 1540 ιζ’.
1836 1507 1886 1534 111)

1130 1554 1200 1590 Περὶ
1218 1553 1267 1581 τοῦ
1282 1553 1421 1589 θησαυροῦ
1438 1553 1493 1580 τῶν
1515 1553 1697 1590 Χριστιανῶν,
1717 1553 1817 1589 δηλαδὴ
1838 1553 1885 1579 τοῦ

1095 1601 1215 1636 Χριστοῦ
1238 1601 1286 1628 xui
1302 1600 1456 1636 πνεύματος
1470 1601 1547 1635 ἁγίου
1559 1620 1566 1632 ,
1580 1601 1715 1636 διαφόρως
1739 1600 1887 1632 ἀσκοῦντος

1094 1645 1193 1677 αὐτοὺς
1206 1645 1274 1681 πρὸς
1283 1646 1313 1672 τὸ
1325 1646 1429 1680 φθάσαι
1437 1647 1476 1678 είς
1484 1646 1533 1681 τὴν
1548 1646 1714 1681 τελειότητα.
1730 1649 1773 1680 ιη’.
1823 1645 1886 1673 117.

1132 1691 1163 1716 Οί
1175 1691 1333 1726 Χριστιανοὶ
1347 1691 1512 1724 προκόπτειν
1526 1691 1573 1718 καὶ
1584 1691 1747 1724 αὐξάνεσθαι
1759 1690 1886 1725 βουλόμε-

1094 1744 1135 1763 νοι
1147 1735 1298 1770 ὀφείλουσιν
1310 1736 1424 1767 ἑαυτοὺς
1433 1735 1574 1771 βιάζεσθαι
1586 1737 1653 1772 πρὸς
1668 1737 1722 1763 πᾶν
1735 1736 1764 1763 τὸ
1774 1736 1886 1771 ἀγαθὸν,

1095 1781 1165 1808 ὥστε
1180 1781 1342 1817 λυτροῦσθαι
1365 1782 1462 1813 αὐτοὺς
1481 1782 1536 1808 ἀπὸ
1551 1783 1600 1816 τῆς
1622 1782 1781 1818 ὲνοικούσης
1799 1783 1887 1818 ἁμαρ-

1094 1827 1165 1859 τίας,
1183 1828 1231 1854 καὶ
1253 1827 1409 1863 πνεύματος
1423 1829 1502 1863 ἁγίου
1519 1828 1698 1864 πληροῦσθαι.
1718 1828 1760 1856 ιθ¹.
1836 1829 1887 1856 122

1131 1875 1219 1904 Μόνος
1236 1875 1250 1901 ὁ
1272 1875 1404 1910 Χριστὸς,
1421 1870 1438 1901 ὅ
1457 1874 1584 1911 ἀληθινὸς
1598 1875 1646 1901 τοῦ
1668 1875 1722 1902 ἔσω
1744 1874 1887 1911 ἀνθρώπου

1097 1920 1198 1955 ίατρὺς,
1214 1919 1383 1957 θεραπεῦσαι
1396 1921 1508 1947 δύναται
1521 1921 1571 1957 τὴν
1579 1920 1678 1956 ψυχὴν,
1693 1920 1741 1948 καὶ
1754 1920 1837 1957 αὐτὴν
1850 1919 1888 1955 τῷ

1095 1965 1146 1999 τῆς
1160 1966 1270 2000 χάριτος
1285 1965 1414 2000 ἐνδύματι
1429 1965 1622 2001 διακοσμῆσαι.
1640 1968 1674 1992 κ’.
1836 1964 1888 1991 1(ὶῖ

1131 2011 1177 2046 Τῷ
1188 2011 1343 2046 Χριστιανῷ
1354 2012 1492 2047 ἀνθρώπῳ
1503 2011 1595 2043 διπλὺς
1606 2012 1749 2047 πρόκειται
1761 2011 1887 2046 πόλεμος,

1096 2057 1229 2092 ὲσώτερος
1239 2057 1338 2093 δηλαδὴ
1349 2058 1397 2085 xui
1408 2057 1550 2094 ὲξὼτερος·
1566 2059 1580 2085 ὁ
1597 2058 1646 2094 μὲν
1660 2059 1689 2085 ἐν
1706 2060 1710 2093 |
1726 2059 1764 2094 τῷ
1776 2059 1889 2092 ἀφίστα-

1097 2103 1160 2130 σθαι
1176 2103 1256 2130 αὑτὸν
1273 2104 1473 2140 περισωσμῶν
1489 2104 1602 2139 γηΐνων,
1618 2104 1632 2130 ὁ
1649 2103 1677 2130 δὲ
1693 2106 1722 2131 ὲν
1736 2105 1768 2140 τῇ
1790 2104 1890 2139 καρδίᾳ

1098 2150 1166 2185 πρὸς
1183 2149 1331 2185 λογισμοὺς
1351 2150 1405 2176 τῶν
1424 2150 1590 2186 πνευμάτων
1605 2152 1656 2186 τῆς
1671 2151 1812 2186 πονηρίας.
1835 2154 1888 2177 κα¹.

1838 2195 1891 2222 15υ

1063 2250 1085 2277 [ι
1133 2241 1201 2276 Περὶ
1212 2241 1308 2277 διπλῆς
1324 2242 1444 2274 στάσεως
1457 2241 1510 2268 τῶν
1522 2242 1555 2268 ἐκ
1567 2241 1613 2268 τοῦ
1629 2242 1686 2278 βίου
1701 2242 1796 2269 τούτου
1815 2242 1891 2276 ἐξερ-

1097 2286 1210 2322 χόντων.
1224 2286 1270 2322 κβι
1839 2288 1891 2314 155

1139 2332 1182 2364 Ὧς
1193 2333 1238 2360 τὸν
1261 2333 1403 2369 βασιλικὸν
1420 2334 1467 2361 καὶ
1486 2334 1636 2370 πολύτιμον
1655 2334 1828 2370 μαργαρίτην
1843 2343 1891 2369 φο-

1099 2382 1176 2415 ρέσαι
1195 2379 1275 2415 μόνον
1293 2380 1419 2407 δύνανται
1434 2382 1458 2408 oi
1473 2381 1504 2408 ὲκ
1527 2380 1574 2408 τοῦ
1593 2381 1752 2417 σπέρματος
1777 2382 1822 2408 τοῦ
1841 2382 1890 2416 βα-

1098 2424 1193 2456 σιλέως
1206 2425 1391 2460 γεννηοέντες·
1412 2426 1458 2452 τὸν
1474 2426 1554 2453 αὑτὸν
1576 2427 1677 2462 τρόπον
1702 2426 1748 2452 τὸν
1764 2427 1892 2461 οὐράνιον

1103 2471 1277 2506 μαργαρίτην
1307 2472 1388 2507 μόνον
1412 2474 1469 2505 τοῖς
1492 2472 1539 2499 τοῦ
1559 2473 1627 2499 Θεοῦ
1648 2473 1752 2504 τέκνοις
1778 2473 1892 2508 φορέται

1098 2516 1196 2548 ἔξεστι.
1211 2516 1261 2551 κγ’.
1839 2520 1892 2546 151

1139 2562 1173 2588 Ἦ
1187 2563 1281 2594 στάσις
1290 2561 1344 2590 τῶν
1354 2563 1525 2600 Χριστιανῶν
1541 2564 1613 2591 ἔοικε
1625 2567 1659 2601 τῇ
1671 2565 1790 2602 ἐμπορίᾳ
1802 2567 1849 2593 καὶ
1858 2568 1893 2601 τῇ

1099 2606 1231 2642 ζυμώσει.
1249 2607 1344 2644 ὥσπερ
1356 2610 1411 2645 γὰρ
1423 2610 1448 2636 οἱ
1461 2610 1575 2645 ἔμποροι
1585 2611 1620 2637 τὰ
1634 2612 1717 2646 γήϊνα
1731 2611 1814 2647 κέρδη
1832 2611 1894 2638 ἑπι-

1105 2653 1261 2688 συνάγουσι,
1270 2653 1357 2687 οὕτως
1368 2655 1414 2682 xui
1422 2657 1522 2683 ἐκεῖνοι
1536 2657 1801 2692 διασκορπισμένους
1814 2657 1843 2683 ἐν
1855 2657 1895 2692 τῷ

1098 2698 1177 2726 αἰῶνι
1201 2699 1358 2736 λογισμούς.
1372 2702 1420 2728 καὶ
1445 2702 1538 2739 ὥσπερ
1562 2704 1578 2739 ὴ
1607 2703 1680 2739 ζύμη
1698 2703 1813 2740 φύραμα
1834 2704 1895 2731 ὅλον

1100 2745 1286 2780 ἀπεργάζεται
1298 2747 1399 2783 ζύμην,
1413 2747 1500 2781 οὕτως
1514 2750 1530 2785 ἠ
1545 2749 1616 2785 ζύμη
1631 2750 1680 2784 τῆς
1690 2750 1829 2786 ἁμαρτίας
1840 2752 1895 2777 πᾶν

1099 2791 1177 2824 γένος
1187 2791 1234 2818 τοῦ
1257 2791 1343 2828 ’Δδὰμ
1355 2794 1501 2830 διατρέχει.
1527 2795 1597 2830 πλὴν
1611 2797 1625 2822 ὁ
1639 2796 1755 2832 Χριστὸς
1767 2797 1896 2832 οὖράνιον

1099 2839 1267 2876 ἁγαθότητος
1290 2840 1380 2878 ζύμην
1402 2844 1463 2875 ταῖς
1490 2844 1601 2876 πισταϊς
1623 2844 1723 2879 ψυχαῖς
1746 2845 1894 2880 ἐντίθησιν.

1099 2884 1148 2911 κδ’.
1843 2891 1895 2919 156
