2061 3150
202 143 254 172 3‘21

718 142 937 172 liOMlLIARUM
956 142 984 171 S.
1006 142 1147 170 MACARII
1166 142 1336 170 AEGYPTll.

1782 142 1835 170 322

239 201 366 229 Διδάσκει
381 200 451 237 αὕτη
471 201 489 237 ἡ
506 201 614 238 ὁμιλία,
633 201 677 228 ὅτι
692 201 780 234 οὐδεὶς
793 200 956 237 ἀνθρώπων,
969 201 995 227 εί

1081 201 1166 228 Docet
1186 200 1255 228 haec
1276 200 1405 233 homilia,
1431 200 1537 228 nullum
1562 201 1720 234 nominem,
1747 202 1800 229 nisi
1818 211 1835 231 a

207 249 246 285 μὴ
264 247 433 283 δυναμωθεὶς
458 247 511 274 ὑπὸ
522 247 571 274 τοῦ
594 246 724 283 Χριστοῦ,
743 247 799 273 τῶν
813 246 860 273 τοῦ
876 245 995 282 πονηροῦ

207 293 366 322 σκανδάλων
388 292 575 329 περιγίνεσθαι
592 291 689 328 ίσχύει·
712 292 760 319 καὶ
773 291 800 319 τί
813 292 855 318 δεῖ
867 291 931 323 τοὺς
947 291 997 327 τῆς

208 340 283 372 θείας
302 339 381 373 δόξης
394 332 575 374 ὀρεγομένους
596 338 738 374 πράττειν.
754 337 877 365 διδάσκει
893 336 941 364 καὶ
954 337 997 364 ὅτι

206 388 251 414 διὰ
270 386 412 422 παρακοῆς
431 384 479 412 τοῦ
511 385 596 420 Ἀδὰμ
619 385 660 416 είς
676 384 797 411 δουλείαν
820 384 870 419 τῆς
896 383 998 418 σαρκὸς

207 433 302 460 παθῶν
322 431 504 467 κατήλθομεν,
522 431 569 466 ἀφ’
584 428 619 467 ἧς
643 430 688 457 διὰ
707 429 755 457 τοῦ
779 431 807 457 ἑν
826 429 866 465 τῷ
888 428 998 465 σταυρῷ

208 479 360 515 μυστηρίου
385 477 517 513 ῥυόμεθα.
542 477 666 504 παιδεύει
678 477 771 504 λοιπὸν
787 477 878 512 ἡμᾶς,
892 476 933 503 ὅτι
948 483 997 511 με·

206 524 276 559 γάλη
291 524 351 551 ἐστὶ
364 523 420 550 τῶν
430 522 557 559 δακρύων
570 523 617 551 καὶ
632 522 680 550 τοῦ
693 522 765 550 θείου
777 522 862 558 πυρὸς
871 521 995 557 δύναμις.

206 574 256 599 κε’.
945 567 997 596 159

242 617 310 652 Περι
329 617 381 652 τῆς
396 616 537 652 άξιότητος
548 637 556 649 ,
571 617 619 644 καὶ
639 617 690 653 τῆς
700 616 865 652 τιμιότητος,
886 615 934 643 καὶ
947 614 999 650 τῆς

205 664 361 700 δυνάμεως,
379 663 427 690 καὶ
448 663 499 698 τῆς
520 663 653 699 ἐργασίας
668 663 718 699 τῆς
737 661 873 689 ἀθανάτου
897 660 996 696 ψυχῆς,

207 711 254 738 καὶ
269 711 327 742 πῶς
346 709 416 745 αὐτὴ
433 709 488 736 ὑπὸ
502 708 549 736 τοῦ
568 709 672 736 σατανᾶ
690 708 867 745 πειράζεται,
883 707 930 735 καὶ
948 707 998 742 τῆς

207 756 412 792 ἐλευθερώσεως
428 755 483 782 ἀπὸ
494 755 549 781 τῶν
560 755 720 791 πειρασμῶν
732 756 872 790 τυγχάνει.
891 753 998 789 συνέχει

207 803 236 830 δὲ
251 802 380 838 ζητήσεις
395 801 472 834 τινὰς
491 801 562 834 πάνυ
584 802 685 837 πολλῆς
704 801 879 833 διδασκαλίας
897 800 999 836 γεμούο

209 857 269 880 σας.
284 851 341 881 κς¹.
946 845 998 873 114

244 895 313 930 Περὶ
329 894 378 929 τῆς
400 893 542 929 ἀξιότητος
559 893 606 920 καὶ
621 892 742 926 στάσεως
764 893 811 920 τοῦ
832 893 997 929 Χριστιανοῦ

151 965 159 974 χ
209 941 353 977 ἀνθρώπου
373 940 418 967 διὰ
438 939 544 967 πολλῶν
559 940 723 976 διηγουμένη
747 940 866 967 διατελεῖ
884 940 955 976 αὕτη
979 941 997 977 ἡ

207 988 320 1024 ὁμιλία,
335 988 373 1019 ὡς
398 987 448 1014 καὶ
470 988 487 1022 ἡ
512 987 715 1023 προηγουμένη.
735 987 837 1024 νέπειτα
855 988 919 1024 περὶ
949 987 997 1014 τοῦ

207 1033 380 1067 αὑτεξουσίου
393 1033 576 1069 πανωφέλιμα
587 1033 674 1061 πολλὰ
685 1033 816 1067 διδάσκει,
825 1033 998 1070 ἀναμιγνῦσα

206 1082 335 1118 ζητήσεις
349 1081 425 1113 τινὰς
440 1081 516 1113 θείας
530 1081 625 1115 σοφίας
643 1080 767 1117 πλήρεις.
785 1079 835 1113 κζ’.
854 1080 859 1115 1
889 1095 895 1100 ι
946 1079 998 1108 156

242 1128 393 1164 Διαγράφει
406 1127 453 1155 καὶ
465 1127 630 1164 άποδύρεται
645 1127 716 1162 αὕτη
727 1127 744 1162 ἡ
758 1127 851 1162 ὁμιλία
866 1127 916 1162 τὴν
930 1126 999 1162 ξυμ-

206 1175 292 1211 φορὰν
307 1174 358 1210 τῆς
378 1175 479 1210 ψυχῆς,
501 1176 543 1202 ὃτι
561 1175 607 1202 διὰ
626 1175 676 1210 τὴν
700 1174 836 1210 ἁμαρτίαν
855 1176 870 1201 ό
896 1174 998 1210 Κύριος

206 1222 258 1248 οὐκ
269 1221 339 1248 οἰκεῖ
350 1222 380 1248 ὲν
393 1221 474 1257 αὐτῇ.
494 1221 543 1248 καὶ
553 1221 618 1257 περὶ
627 1220 675 1248 τοῦ
695 1221 823 1248 Ἰωάννου
836 1220 884 1247 τοῦ
900 1220 997 1255 βαπτι-

208 1267 284 1300 στοῦ,
298 1268 339 1295 ὅτι
350 1267 438 1300 οὐδεὶς
450 1268 480 1295 ὲν
490 1268 631 1304 γεννητοῖς
646 1267 785 1302 γυναικῶν
799 1267 881 1294 αὑτοῦ
897 1267 998 1303 μείζων

208 1313 277 1340 ἐστί.
292 1316 346 1349 κη’.
944 1312 998 1339 167

243 1358 323 1386 Κατὰ
333 1358 425 1385 διπλδν
433 1357 533 1394 τρόπον
547 1359 596 1390 τὰς
607 1357 760 1394 οἰκονομίας
775 1358 825 1393 τῆς
839 1357 948 1394 χάριτος
960 1358 1001 1390 είς

208 1405 239 1432 τὸ
251 1406 330 1440 γένος
343 1404 392 1440 τῆς
404 1404 614 1440 άνθρωπὸτητος
626 1403 804 1440 ἐξεργάζεται
816 1404 831 1430 ό
844 1403 921 1436 Θεὸς,
935 1403 1000 1439 μέλ-

207 1449 263 1476 λων
283 1449 334 1484 τῆς
356 1448 440 1484 αὐτῆς
462 1449 586 1485 καρποὺς
605 1449 633 1476 ὲν
658 1449 755 1485 δικαίῳ
780 1449 895 1485 κρίματι
918 1449 1001 1477 πάλιν

209 1491 370 1532 ἀπαιτῆσαι.
385 1494 437 1523 κθ’.
949 1496 1001 1525 170

250 1542 298 1570 Ἐκ
313 1541 361 1570 τοῦ
375 1542 455 1577 ἁγίου
471 1541 627 1578 πνεύματος
639 1542 681 1569 δεῖ
691 1542 855 1589 γεννηθῆναι
869 1542 919 1579 τὴν
932 1543 999 1579 μέλ-
1012 1560 1034 1589 C

207 1588 305 1616 λουσαν
323 1588 453 1616 είσελθεῖν
474 1589 514 1620 είς
533 1587 672 1624 βασιλείαν
693 1587 761 1615 Θεοῦ
783 1587 883 1625 ψυχήν
904 1588 953 1616 καὶ
969 1589 998 1615 ὃν

207 1634 308 1670 τρόπον
325 1633 405 1661 τοῦτο
416 1634 542 1670 γένηται.
558 1634 591 1662 λ’.
947 1635 1000 1664 171-

243 1682 289 1707 Δεῖ
307 1679 353 1708 τδν
367 1680 532 1708 πιστεύοντα
554 1680 757 1717 μεταλλαγῆναι
777 1680 825 1708 τοῦ
842 1681 888 1708 νοῦ
905 1681 999 1713 αὐτοῦ,

208 1727 254 1754 καὶ
269 1728 373 1758 πάντας
384 1727 448 1759 τοὺς
463 1726 611 1761 λογισμοὺς
623 1728 663 1759 εἰς
676 1727 744 1759 Θεὸν
757 1726 906 1762 συλλέγειν,
920 1727 948 1753 ἐν
960 1724 1001 1759 οἷς

206 1772 316 1807 ἀληθῶς
326 1773 402 1800 πᾶσα
412 1772 536 1800 διακονία
549 1772 597 1799 τοῦ
616 1772 685 1799 Θεοῦ
696 1773 764 1800 ἐστι.
776 1772 828 1800 λα’.
950 1773 1001 1801 Γθ

248 1818 281 1845 Ἦ
295 1819 358 1851 δόξα
371 1818 426 1846 τῶν
438 1818 610 1854 Χριστιανῶν
623 1818 678 1845 ἀπὸ
687 1818 734 1845 τοῦ
747 1819 795 1846 νῦν
803 1819 833 1845 ἐν
842 1820 901 1851 ταῖς
911 1819 1001 1846 αὐτῶν

206 1865 307 1900 ψυχαῖς
323 1865 448 1900 ἐμμένει,
463 1864 598 1899 μέλλουσα
614 1864 645 1891 ὲν
664 1864 705 1900 τῷ
721 1864 810 1900 καιρῷ
822 1864 873 1900 τῆς
884 1864 1002 1892 ἀναστά-

209 1918 278 1938 σεως
293 1910 483 1946 φανερωθῆναι
499 1910 548 1936 καὶ
562 1909 673 1942 δοξάσαι
686 1909 721 1937 τὰ
732 1909 846 1946 σώματα
863 1909 924 1938 κατ’
936 1911 1004 1938 ἀνα-

208 1955 302 1990 λογίαν
320 1955 371 1991 τῆς
384 1954 476 1983 αὐτῶν
491 1954 643 1986 εύσεῦείας.
658 1954 710 1990 λβ’.
950 1954 1002 1982 182

250 2001 441 2034 Ἀδιαλείπτως
462 2001 510 2029 καὶ
529 2001 672 2038 προσεχᾶκ
690 2001 732 2028 δεῖ
751 2001 790 2038 τῷ
807 2000 867 2037 Θεῷ
885 1999 1003 2037 προσεύ-

208 2049 314 2084 χεσθαι.
329 2048 381 2083 λγ¹.
950 2047 1001 2075 187

245 2095 313 2130 Περὶ
324 2095 375 2131 τῆς
395 2095 450 2123 τῶν
471 2094 642 2132 Χριστιανῶν
661 2094 756 2130 δόξης,
777 2091 811 2130 ἧς
833 2093 869 2121 τὰ
887 2093 1003 2130 σώματα

209 2140 298 2167 αὐτῶν
320 2141 348 2167 ἐν
368 2142 402 2177 τῇ
428 2141 575 2168 ἀναστάσει
601 2140 838 2176 καταξιωθήσεται
862 2140 909 2167 καὶ
932 2139 1002 2176 μετὰ

207 2185 258 2220 τῆς
273 2184 363 2220 ψυχῆς
378 2185 588 2220 φωτισθήσεται.
603 2185 649 2213 λδ,
950 2186 1002 2214 189

245 2231 313 2267 Περὶ
332 2231 381 2258 τοῦ
403 2230 517 2258 παλαιοῦ
540 2232 587 2259 καὶ
606 2231 653 2258 τοῦ
676 2231 769 2260 καινοῦ
792 2232 940 2260 σαϐὃάτου.
955 2232 1000 2259 λε’.

1089 2229 1128 2256 De
1144 2228 1259 2256 sabbato
1273 2230 1388 2265 antiquo
1396 2235 1425 2258 et
1436 2238 1517 2258 novo.
1533 2231 1578 2259 55.

950 2277 998 2305 191

245 2323 312 2359 Περὶ
326 2323 423 2360 διπλῆς
432 2323 606 2357 ἀναστάσεως
621 2325 676 2352 τῶν
686 2324 782 2360 ψυχῶν
792 2324 840 2351 καὶ
856 2324 1002 2360 σωμάτων,

208 2369 256 2397 καὶ
270 2370 399 2406 διαφόρου
414 2371 494 2406 δόξης
508 2371 563 2398 τῶν
578 2372 776 2407 ἀνισταμένων.
793 2372 849 2404 λς’.
949 2371 1003 2399 195

245 2417 314 2452 Περὶ
329 2417 376 2444 τοῦ
397 2418 562 2454 παραδείσου
577 2419 624 2445 καὶ
637 2418 719 2454 νόμου
734 2417 930 2454 πνευματικοῦ.
952 2417 1002 2450 λζ’.

951 2464 1003 2492 191

247 2509 351 2545 Πολλῆς
363 2509 508 2546 ἀκριῦείας
520 2509 568 2536 καὶ
581 2509 714 2542 συνέσεως
728 2509 808 2545 χρεία
825 2510 900 2537 ἐστὶν
917 2510 946 2537 ὲν
964 2509 1004 2546 τῷ

209 2556 356 2591 δοκιμάσαι
379 2557 442 2588 τοὺς
466 2556 609 2592 ἀληθινοὺς
635 2555 832 2591 Χριστιανούς,
856 2557 904 2583 καὶ
929 2556 1004 2588 τίνες

210 2603 308 2629 ἐκεῖνοι
320 2600 397 2630 ὦσιν,
415 2603 465 2639 λη’.
949 2602 1004 2630 200

246 2649 325 2681 Τίνος
354 2649 446 2677 ἕνεκεν
466 2650 545 2686 ἐδόθη
568 2651 634 2686 ἡμῖν
659 2650 710 2677 ὑπὸ
737 2649 784 2677 τοῦ
808 2649 875 2676 Θεοῦ
902 2650 920 2684 ἡ
944 2649 1004 2676 θεία

211 2696 315 2730 γραφή.
331 2694 381 2722 λθι.
751 2689 757 2694 ’
950 2696 1004 2723 205

247 2741 310 2768 Ὅτι
330 2742 416 2769 πᾶσαι
441 2742 469 2769 αί
487 2743 585 2778 ἀρεταὶ
604 2743 652 2770 καὶ
676 2743 767 2770 πάντα
782 2742 856 2770 κακὰ
881 2742 1004 2778 ἀλλήλων

211 2787 380 2820 ἑκδέδενται,
404 2789 452 2816 καὶ
473 2789 594 2826 ὡσπερεὶ
618 2790 712 2822 ἂλυσίς
733 2798 776 2821 τις
796 2789 845 2825 μία
867 2789 918 2824 τῆς
940 2790 1005 2824 μιᾶς

213 2832 354 2868 ἦρτηνται.
375 2838 412 2870 μ’.
951 2835 1005 2862 204

248 2878 335 2907 Βαθὰι
351 2882 412 2909 λίαν
425 2882 460 2909 τὰ
476 2883 525 2918 τῆς
539 2883 628 2918 ψυχῆς
642 2884 757 2918 ταμεῖα,
774 2883 821 2918 τῆς
836 2882 889 2910 ἀπὸ
906 2882 1006 2919 μέρους

394 2929 529 2960 ΡΑτῐιοι,
552 2931 608 2961 Gn.
632 2931 764 2961 XXXIV.

1046 245 1156 274 Christo
1168 246 1387 278 corroboratum,
1397 247 1523 274 scandala
1534 246 1694 281 nequissimi
1704 255 1835 282 superam

1046 299 1138 327 posse,
1152 296 1181 319 et
1197 291 1265 327 quid
1287 291 1332 324 iis,
1351 291 1399 326 qui
1419 292 1539 320 divinam
1556 292 1672 327 gloriam
1691 297 1834 327 appetunt,

1046 337 1192 372 agendum.
1205 338 1291 365 Docet
1303 345 1422 372 quoque,
1438 346 1489 365 nos
1502 346 1552 373 per
1565 338 1780 366 inobedientiam
1801 338 1835 365 ad

1047 383 1209 411 servitutem
1221 383 1313 411 carnis
1328 384 1455 411 redactos
1472 392 1543 418 esse,
1563 392 1648 419 a'qua
1663 392 1713 420 per
1732 389 1836 421 myste-

1047 429 1120 456 rium
1134 430 1225 458 erucis
1239 430 1401 457 liberamur.
1423 430 1538 458 Instruit
1554 430 1674 466 denique
1698 439 1759 464 nos,
1776 439 1836 458 ma-

1047 482 1129 510 gnam
1153 483 1214 503 esse
1235 475 1413 503 lacrimarum
1432 480 1461 504 et
1482 476 1554 512 ignis
1575 477 1662 505 divini
1675 477 1835 505 eiIicaciam.

1047 520 1092 549 25.
1784 523 1837 551 139

1083 609 1122 637 De
1134 609 1277 645 dignitate,
1293 611 1472 646 praestantia,
1485 611 1613 639 facultate
1626 617 1655 639 et
1672 613 1838 648 operationi-

1047 654 1101 682 bus
1114 655 1276 684 immortalis
1288 657 1406 690 animae,
1419 662 1448 685 et
1463 665 1517 692 qua
1531 657 1638 685 ratione
1651 666 1683 685 ea
1703 666 1717 686 a
1738 658 1838 688 Satana

1049 705 1172 730 tentetur
1181 706 1211 730 et
1227 702 1423 731 liberationem
1439 711 1455 731 e
1473 703 1672 731 tentationibus
1684 711 1837 740 consequa-

1050 751 1103 774 tur.
1134 747 1264 777 Continet
1290 757 1358 777 vero
1381 749 1557 785 quaestiones
1577 749 1710 785 quasdam
1732 758 1840 779 summa

1048 793 1173 822 doctrina
1186 795 1310 823 refertas.
1326 796 1372 825 26.
1787 798 1839 827 1M

1014 881 1035 911 Β
1083 889 1249 925 Dignitatem
1268 896 1296 919 et
1315 895 1416 919 statum
1431 892 1582 920 Christiani
1594 893 1714 920 hominis
1728 893 1839 929 copiosa

1048 935 1172 963 oratione
1183 938 1362 972 prosequitur
1372 938 1442 966 haec
1452 938 1575 971 homilia,
1589 943 1659 966 utet
1670 947 1741 975 quae
1756 947 1840 974 prae—

1048 981 1131 1008 cedit.
1152 981 1257 1010 Deinde
1273 982 1307 1010 de
1324 983 1412 1011 libero
1425 983 1540 1011 arbitrio
1555 984 1641 1012 multa
1658 992 1713 1012 non
1726 993 1840 1020 prorsus

1048 1027 1156 1056 inutilia
1169 1028 1260 1062 docet,
1273 1030 1419 1064 permixtis
1442 1031 1653 1065 quaestionibus
1673 1032 1839 1067 quibusdam

1048 1074 1156 1102 divinae
1170 1076 1320 1110 sapientiae
1329 1077 1427 1111 plenis.
1442 1076 1486 1104 27.
1505 1076 1510 1112 ξ
1788 1079 1841 1106 156

1084 1121 1221 1149 Describit
1236 1129 1269 1149 ac
1287 1122 1414 1158 deplorat
1436 1123 1506 1151 haec
1526 1124 1640 1152 homilia
1656 1117 1840 1153 calamitatem

1049 1166 1168 1199 animae,
1178 1167 1207 1195 in
1217 1176 1272 1203 qua
1284 1173 1397 1204 propter
1416 1175 1559 1204 peccatum
1571 1178 1627 1198 non
1641 1171 1747 1199 habitat
1759 1172 1840 1199 Chri-

1049 1218 1118 1241 stus.
1136 1214 1171 1241 Et
1189 1214 1223 1242 de
1240 1215 1346 1243 Joanne
1354 1216 1496 1251 'Baptista,
1508 1217 1583 1252 quod
1597 1217 1670 1245 inter
1689 1223 1769 1246 natos
1780 1226 1842 1245 mu-

1049 1259 1149 1288 lierum
1162 1261 1256 1289 nullus
1272 1269 1307 1289 eo
1321 1262 1358 1290 sit
1368 1262 1465 1290 maior.
1477 1261 1522 1290 28.
1789 1263 1840 1292 167

1086 1347 1194 1384 Duplici
1213 1349 1320 1377 ratione
1337 1349 1570 1384 dispensationem
1589 1350 1692 1386 gratiae
1709 1350 1738 1377 in
1756 1358 1844 1386 genus

1052 1394 1203 1422 humanum
1215 1400 1328 1424 exercet
1338 1395 1423 1428 Deus,
1442 1396 1504 1424 eius
1525 1396 1632 1425 fructus
1650 1397 1724 1425 iusto
1738 1397 1843 1425 iudicio

1051 1439 1144 1468 denuo
1157 1439 1336 1476 repetiturus.
1351 1439 1397 1468 29.
1790 1442 1843 1470 170

1087 1530 1127 1557 Ex
1142 1529 1246 1566 Spiritu
1262 1535 1357 1558 sancto
1370 1530 1478 1558 renasci
1497 1534 1608 1566 oportet
1626 1530 1757 1564 animam,
1772 1538 1844 1566 quae

1051 1582 1166 1611 regnum
1184 1575 1234 1603 Dei
1254 1575 1413 1611 ingressura
1429 1580 1483 1610 est,
1499 1580 1529 1604 et
1548 1583 1605 1611 quo
1619 1581 1700 1612 pacto
1718 1576 1771 1605 hoc
1785 1576 1842 1604 ﬁat.

1051 1621 1096 1649 50.
1791 1622 1844 1650 171

1087 1668 1210 1696 Fidelem
1228 1673 1338 1703 oportet
1358 1668 1461 1697 mutari
1481 1668 1585 1702 animo,
1604 1674 1688 1704 atque
1711 1669 1740 1697 in
1757 1670 1844 1698 Deum

1052 1722 1149 1742 omnes
1161 1715 1342 1750 cogitationes
1356 1716 1497 1752 colligere,
1521 1716 1550 1743 in
1565 1716 1668 1751 quibus
1683 1724 1749 1744 vere
1762 1724 1845 1745 omne

1052 1761 1215 1797 obsequium
1227 1761 1351 1790 divinum
1364 1762 1498 1791 consistit.
1510 1763 1555 1790 51.
1793 1763 1846 1791 179
1861 1797 1866 1802 ι

1087 1807 1181 1835 Gloria
1203 1808 1426 1836 Christianorum
1446 1809 1545 1836 amodo
1566 1809 1595 1836 in
1616 1809 1727 1836 illorum
1745 1809 1846 1837 animis

1052 1854 1128 1886 latet,
1146 1862 1216 1889 quae
1229 1859 1352 1890 tempore
1368 1855 1581 1883 resurrectionis
1595 1860 1728 1891 emerget,
1740 1861 1770 1883 et
1780 1855 1845 1882 illu-

1053 1899 1152 1927 strabit
1163 1907 1280 1935 corpora
1289 1907 1340 1935 pro
1353 1899 1436 1927 modo
1449 1907 1547 1927 eorum
1566 1899 1687 1935 pietatis.
1707 1900 1753 1927 52.
1791 1900 1844 1928 182

1088 1997 1280 2026 indesinenter
1290 2003 1320 2027 et
1333 2002 1438 2027 attente
1454 2004 1564 2035 oportet
1575 2000 1632 2028 Deo
1641 2005 1706 2029 vota
1719 2000 1810 2029 facere
1817 2007 1847 2029 et

1053 2044 1170 2078 precari.
1187 2044 1232 2071 55.
1419 2043 1422 2047 ’
1795 2047 1846 2075 187

1088 2089 1127 2117 De
1150 2090 1236 2125 gloria
1255 2089 1494 2124 Christianorum,
1518 2099 1573 2127 qua
1594 2099 1711 2128 corpora
1734 2093 1846 2121 illorum

1054 2134 1083 2162 in
1106 2137 1312 2164 resurrectione
1333 2137 1521 2173 dignabuntur
1540 2142 1568 2165 et
1587 2145 1651 2167 cum
1670 2139 1762 2167 anima
1783 2139 1848 2167 illu-

1054 2183 1225 2210 strabuntur.
1245 2183 1290 2211 54.
1795 2186 1847 2213 189

1795 2232 1844 2260 191

1089 2325 1128 2352 De
1141 2324 1245 2360 duplici
1260 2325 1464 2353 resurrectione
1478 2325 1632 2354 animarum
1643 2330 1672 2353 et
1688 2333 1846 2361 corporum,

1053 2376 1083 2399 et
1097 2371 1206 2399 diversa
1218 2372 1422 2407 resurgentium
1438 2373 1534 2408 gloria.
1548 2373 1592 2400 56.
1796 2372 1847 2399 195

1090 2419 1128 2445 De
1141 2417 1270 2453 paradiso
1287 2423 1316 2446 et
1329 2419 1390 2455 lege
1407 2419 1556 2455 spirituali.
1573 2419 1617 2446 57.
1793 2418 1846 2446 194

1090 2515 1226 2541 Accurato
1255 2514 1359 2543 iudicio
1393 2520 1475 2550 atque
1496 2514 1638 2543 intellectu
1664 2522 1734 2550 opus
1755 2520 1798 2542 est
1820 2515 1847 2542 in

1056 2559 1248 2588 discernendis
1264 2561 1338 2588 veris
1353 2561 1529 2593 Christianis,
1550 2565 1579 2588 et
1597 2561 1708 2596 quinam
1723 2561 1779 2589 sint
1792 2561 1849 2588 illi?

1094 2626 1102 2633 .
1795 2606 1813 2633 Ξ

1094 2626 1102 2633 .
1795 2606 1848 2634 200

1056 2606 1133 2679 58Αᾱ
1146 2652 1211 2687 quid
1230 2652 1374 2688 Scriptura
1390 2652 1484 2680 divina
1495 2652 1577 2680 nobis
1593 2660 1609 2679 a
1620 2652 1677 2680 Deo
1691 2652 1790 2680 donata
1801 2654 1846 2682 sit.

1058 2698 1101 2726 59.
1794 2699 1847 2727 205

1092 2743 1214 2771 Cunctas
1227 2744 1345 2772 virtutes
1358 2749 1387 2771 et
1401 2750 1501 2772 cuncta
1515 2745 1583 2771 vitia
1597 2745 1669 2773 inter
1689 2753 1718 2773 sc
1733 2745 1847 2781 colliga-

1058 2794 1085 2817 ta
1112 2798 1172 2818 esse
1192 2796 1220 2818 et
1238 2791 1315 2818 velut
1336 2796 1461 2818 catenam
1475 2798 1558 2818 unam
1581 2791 1616 2818 ab
1637 2791 1723 2819 altera
1743 2791 1848 2826 depen-

1058 2836 1133 2863 dere.
1153 2836 1196 2863 40.
1795 2837 1849 2864 201

1094 2882 1233 2910 Profunda
1258 2883 1337 2910 valde
1362 2887 1427 2909 sunt
1451 2882 1603 2919 penetralia
1629 2884 1750 2918 animae,
1779 2890 1850 2919 quae

1632 2930 1665 2965 11
