2048 3153
204 149 257 177 525

204 254 248 282 ιι.
267 254 272 289 ι
940 251 989 278 207

238 300 299 328 Non
310 305 432 331 externa,
451 298 499 326 sed
521 298 628 326 interna
643 303 805 334 promovent
817 303 865 326 aut
879 297 992 325 laedunt

205 345 355 376 hominem,
367 343 451 372 veluti
467 343 580 378 spiritus
592 343 694 378 gratiae
710 348 757 371 aut
770 343 884 378 spiritus
896 342 992 377 nequi-

204 391 268 418 tiae.
284 390 328 417 42.
940 387 991 415 209

239 436 277 463 De
304 443 450 471 progressu
486 434 538 462 viri
572 435 735 467 christiani,
764 435 843 462 cuius
867 439 923 462 tota
950 433 992 460 vis

203 489 237 509 ex
247 481 330 509 cerde
341 481 486 517 dependet,
498 486 527 509 ut
539 481 583 508 hic
595 481 671 508 varie
681 480 856 508 describitur.
870 479 914 507 45.
939 479 993 507 210

238 527 371 560 Quantam
386 528 413 554 in
426 528 536 555 homine
552 527 704 555 christiano
716 526 896 554 mutationem
906 530 933 553 et
946 533 991 553 re-

203 574 379 602 novationem
394 574 475 602 faciat
488 574 623 607 Christus,
638 573 685 610 qui
706 573 815 601 animae
831 573 992 601 affectiones

203 628 236 648 ac
247 620 358 648 morbos
376 620 492 648 sanavit.
507 620 551 647 M.
939 618 992 646 215

237 715 317 743 Nulla
340 723 385 742 ars
407 719 455 742 aut
477 714 589 742 divitiae
612 713 696 741 huius
717 713 832 746 mundi,
855 713 902 741 sed
917 713 992 741 solus

201 762 454 791 Christi'adventus
466 769 561 789 sanare
579 761 718 788 hominem
729 764 828 795 potest,
844 760 924 787 cuius
933 767 991 787 ma-

203 809 304 836 ximam
321 816 384 836 cum
396 808 452 836 Deo
464 807 654 843 cognationem
677 807 747 834 haec
766 806 880 834 homilia
902 806 991 841 expli—

204 860 257 882 cat.
274 855 320 882 45.
939 851 992 879 219

242 899 280 926 De
292 894 450 926 ~differentia
461 897 533 925 inter
543 897 658 925 verbum
673 897 722 925 Dei
738 902 767 925 et
783 897 855 924 inter
874 897 989 924 verbum

203 945 316 977 mundi,
336 949 366 972 et
384 944 457 972 inter
483 943 554 972 ﬁlios
584 943 633 971 Dei
661 947 690 970 et
713 943 785 972 inter
814 943 885 970 ﬁlios
907 943 990 971 huius

203 991 308 1018 mundi.
322 990 366 1018 46.
938 989 990 1016 223

236 1037 389 1072 Explicatio
409 1036 554 1072 allegorica
573 1035 746 1072 quorundam
764 1035 815 1064 sub
831 1035 891 1071 lege
903 1034 990 1063 facto-

763 145 864 174 PETR]
884 144 1014 174 POSSlNl
1033 143 1291 173 PROLEGOMENA

203 207 334 243 paulatim
359 206 526 234 incrementa
548 205 650 241 gratiae
669 210 717 233 aut
730 206 861 233 vitiorum
880 204 988 239 accipit.

1042 205 1074 239 τῇ
1098 203 1188 239 χάριτι
1212 204 1260 230 καὶ
1274 205 1334 236 ταῖς
1349 203 1458 236 κακίαις
1474 203 1718 240 συναυξανομένης.
1736 200 1791 239 uel;
1808 204 1815 239 Ι

1778 144 1828 172 524

1777 249 1829 277 207

1077 297 1122 333 Μὴ
1132 297 1167 324 τὰ.
1179 296 1289 331 ἔξωθεν,
1305 297 1373 324 ἀλλὰ
1384 297 1419 324 τὰ
1431 297 1536 325 ἔνδοθεν
1551 297 1666 332 προάγει
1683 296 1699 332 ἢ
1715 296 1830 331 βλάπτει

1041 344 1087 370 τὸν
1103 343 1256 380 ἄνθρωπον,
1280 343 1380 380 δηλαδὴ
1402 345 1432 371 τὸ
1444 345 1492 380 τῆς
1506 344 1616 380 χάριτος
1630 342 1784 378 πνεῦμα,ῆ
1799 342 1831 370 τὸ

1042 389 1152 425 πνεῦμα
1168 389 1218 425 τῆς
1233 389 1374 426 πονηρίας.
1398 390 1452 426 μβ’.
1777 389 1831 417 209

1079 436 1146 471 Περὶ
1164 435 1215 471 τῆς
1241 436 1384 471 προκοπῆς
1406 436 1454 463 τοῦ
1479 435 1642 472 Χριστιανοῦ
1666 435 1780 471 ἀνδρὸς,
1797 432 1832 470 ἧς

1042 483 1117 509 πᾶσα
1130 482 1147 518 ἡ
1159 482 1272 518 δύναμις
1283 483 1316 510 ὲκ
1328 482 1378 518 τῆς
1393 482 1506 518 καρδίας
1517 481 1734 517 ἁποκρεμαμένη
1744 482 1831 513 ἐστὶν,

1042 528 1136 564 ὥσπερ
1153 528 1281 560 ποικίλως
1302 528 1419 556 ἐνταῦθα
1441 527 1630 563 διαγράφεται.
1652 525 1707 562 μγ¹.
1778 526 1833 555 210

1077 574 1160 600 Ποίαν
1192 574 1222 600 ἐν
1251 574 1387 610 ἀνθρώπῳ
1414 573 1569 610 Χριστιανῷ
1599 572 1749 608 μεταϐολὴν
1784 573 1833 600 καὶ

1041 619 1211 646 ἅνακαίνισιν
1223 619 1414 655 ἀπεργάζηται
1428 620 1442 646 ὁ
1455 619 1583 655 Χριστὸς,
1601 619 1616 645 ὁ
1631 619 1666 646 τὰ
1679 619 1729 654 τῆς
1742 619 1832 654 ψυχῆς

1042 665 1116 701 πάθη
1138 666 1184 692 καὶ
1198 665 1291 698 νόσους
1308 665 1490 702 θεραπεύσας.
1511 666 1564 701 μδκ
1779 664 1833 692 215

1078 710 1197 746 Οὐδεμία
1210 711 1303 747 τέχνη,
1319 712 1348 738 οὺ
1365 711 1480 743 πλοῦτος
1493 711 1590 738 τούτου
1605 711 1653 739 τοῦ
1674 711 1788 747 κόσμου,
1807 711 1832 737 εί

1044 756 1082 792 μὴ
1103 757 1171 792 μόνη
1190 758 1207 793 ἡ
1221 758 1268 784 τοῦ
1287 757 1406 794 Χριστοῦ
1429 758 1576 792 ἐπιφάνεια
1595 757 1766 793 θεραπεῦσαι
1786 756 1833 784 τὸν

1042 803 1185 839 ἄνθρωπον
1199 804 1321 836 δύναται,
1337 801 1368 832 οὗ
1386 804 1519 840 μεγίστην
1539 804 1609 839 πρὸς
1622 804 1668 831 τὸν
1684 803 1750 830 Θεὸν
1764 811 1832 838 συγ-

1043 849 1150 883 γένειαν
1164 848 1233 885 αὕτη
1253 849 1374 885 ἡὸμιλία
1393 849 1582 884 ἀποφαίνεται.
1606 853 1658 884 με’.
1779 849 1833 877 219

1080 894 1147 931 Περὶ
1161 895 1211 930 τῆς
1224 895 1356 931 διαφορᾶς
1371 895 1419 923 τοῦ
1432 904 1462 922 τε
1481 895 1563 930 λόγου
1575 895 1623 922 τοῦ
1641 895 1708 923 Θεοῦ
1720 896 1769 923 καὶ
1785 895 1833 922 τοῦ

1043 941 1121 976 λόγου
1134 941 1181 968 τοῦ
1195 941 1310 977 κόσμου,
1322 942 1370 969 καὶ
1385 941 1441 968 τῶν
1452 941 1555 969 τέκνων
1565 940 1613 968 τοῦ
1626 941 1705 974 Θεοῦ,
1718 941 1766 970 καὶ
1778 942 1834 968 τῶν

1042 987 1146 1015 τέκνων
1157 987 1252 1014 τούτου
1263 987 1311 1014 τοῦ
1323 987 1438 1023 κόσμου.
1453 990 1513 1023 μς’.
1777 987 1831 1015 225

1086 1033 1268 1070 Ἀλληγορικὴ
1284 1034 1461 1069 παράφρασις
1483 1034 1538 1061 τῶν
1555 1033 1606 1060 ὑπὸ
1622 1033 1704 1069 νόμον
1720 1041 1834 1069 γεγενη-

202 1090 273 1110 rum.
288 1083 332 1110 47.
938 1081 990 1108 227

1046 1080 1144 1115 μένων.
1164 1080 1217 1115 μξ.
1777 1079 1831 1106 227

237 1129 275 1155 De
294 1128 415 1163 perfecta
431 1128 485 1156 ﬁde
498 1129 528 1156 in
542 1129 639 1156 Deum.
659 1129 703 1156 48.
937 1127 990 1154 254

1078 1126 1146 1162 Περὶ
1159 1126 1209 1162 τῆς
1221 1126 1327 1158 τελείας
1343 1126 1461 1158 πίστεως
1475 1126 1515 1158 είς
1533 1126 1608 1154 Θεόν.
1622 1130 1678 1162 μη’.
1779 1125 1833 1153 254

237 1174 296 1201 Non
315 1175 383 1202 satis
402 1178 454 1207 est,
471 1175 554 1203 huius
576 1175 679 1202 saeculi
698 1174 812 1202 delicias
832 1174 990 1209 reliquisse,

1079 1171 1136 1198 Οὐκ
1150 1171 1276 1206 ἐπαρκεῖ,
1285 1171 1335 1207 τῆς
1343 1171 1449 1206 τρυφῆς
1461 1172 1556 1198 τούτου
1567 1171 1615 1198 τοῦ
1629 1172 1732 1207 κόσμου
1746 1171 1832 1198 ἁπαλ-

202 1219 254 1247 nisi
265 1220 327 1255 quis
339 1220 453 1248 alterius
463 1221 566 1249 saeculi
581 1220 780 1249 beatitudinem
795 1225 990 1255 consequatur.

1042 1217 1167 1252 λαγῆναι,
1181 1217 1229 1245 ἐὰν
1245 1218 1282 1254 μή
1297 1226 1339 1251 τις
1352 1218 1403 1253 τὴν
1418 1218 1557 1253 μακαρίαν
1571 1218 1651 1246 ἄλλου
1666 1218 1713 1245 τοῦ
1728 1218 1832 1253 κόσμου

201 1265 246 1292 49.
939 1264 991 1291 237
1043 1263 1123 1292 λάϐη.
1142 1263 1196 1292 μθ¹.
1780 1263 1832 1291 2'57

240 1286 246 1292 .
939 1272 990 1291 τοι

237 1309 310 1337 Deus
322 1315 374 1342 est,
391 1310 438 1346 qui
454 1318 502 1346 per
513 1315 624 1338 sanctos
642 1316 707 1338 suos
726 1313 754 1336 et
774 1312 915 1336 creaturas
934 1308 991 1336 edit

1043 1272 1123 1299 Ααοῃ.
1142 1272 1196 1299 μιν,
1780 1272 1831 1291 zol

1075 1310 1142 1343 Θεός
1156 1311 1230 1338 ἐστίν
1244 1311 1257 1338 ὸ
1279 1311 1324 1338 διὰ
1337 1310 1391 1338 τῶν
1405 1311 1489 1346 ἁγίων
1502 1310 1585 1338 αὐτοῦ
1605 1310 1831 1345 θαυματουρνῶν.

202 1354 345 1382 miracula.
358 1354 402 1382 50.
939 1352 991 1380 240

1042 1359 1072 1382 ν’.
1779 1355 1832 1384 280

201 1444 358 1478 [Sequuntur
378 1445 494 1472 Locorum
514 1444 656 1478 Scripturae
678 1444 721 1477 qui
742 1444 767 1470 in
789 1443 897 1495 homiliis
908 1443 1110 1508 εἵίέιὲιὲνιὲῗὲῗ
1131 1447 1220 1472 Rerum
1238 1445 1538 1487 meqwrnbiliumindices
1557 1446 1622 1478 duo,
1635 1446 1692 1472 dein
1710 1445 1833 1472 Homiliae

757 1572 1828 1589 πω

381 1667 563 1712 PETRI
601 1667 839 1714 POSSINI
877 1667 1003 1714 SOC.
1038 1668 1159 1713 JES.
1195 1667 1665 1716 PBOLEGOMENA.

337 1764 388 1795 AD
407 1764 602 1796 OPUSCULA
623 1764 654 1795 S.
676 1764 835 1795 MACARII
855 1764 1031 1794 AEGYPTII
1052 1765 1100 1795 AB
1119 1765 1204 1796 IPSO
1224 1765 1378 1797 PRIMUM
1398 1766 1511 1798 EDITA
1531 1767 1572 1798 IN
1593 1767 1708 1798 LIBRO

896 1815 959 1847 CUI
977 1816 1139 1848 TITULUS
1149 1825 1157 1847 :

202 1889 349 1918 Thesaurus
361 1889 487 1917 asceticus
498 1889 552 1917 sive
564 1887 712 1924 Syntagma
725 1888 917 1925 Opusculorum
929 1890 1071 1917 octodecim
1085 1899 1101 1917 a
1113 1891 1215 1926 graecis
1230 1891 1294 1918 olim
1308 1891 1432 1919 Patribus
1445 1892 1477 1919 de
1490 1900 1519 1919 re
1537 1893 1648 1919 ascetica
1665 1893 1836 1928 scriptorum.

235 1936 279 1964 Ea
295 1945 364 1964 nunc
377 1936 493 1972 primum
504 1935 634 1971 prodeunt
647 1943 661 1962 e
672 1936 855 1964 vetustissimis
876 1945 940 1963 mss.
961 1936 1091 1964 codicibus
1107 1941 1194 1964 eruta.
1211 1937 1358 1965 Collectore
1374 1943 1453 1973 atque
1473 1938 1617 1974 interprete
1631 1938 1711 1966 Petro
1725 1938 1835 1965 Possino

236 1982 366 2009 societatis
377 1980 450 2008 Iesu.
463 1979 586 2017 [Tolosae
602 1984 628 2007 et
639 1981 793 2018 maneant]
806 1982 917 2010 Parisiis
931 1982 1002 2018 apud
1017 1982 1163 2011 Antonium
1178 1983 1326 2017 Dezallier,
1337 1985 1366 2011 in
1379 1985 1435 2012 vico
1451 1983 1649 2013 SanJatobaeo
1661 1986 1696 2013 ad
1702 1986 1835 2015 Coronam

237 2035 359 2054 auream.
376 2025 588 2054 MDCLXXXIV.
602 2024 670 2053 Cum
684 2027 874 2063 approbatione
887 2031 912 2055 et
928 2026 1065 2063 privilegio
1083 2028 1122 2055 4ο.

253 2118 258 2153 |
274 2117 427 2145 Venerando
439 2119 468 2145 in
480 2117 582 2146 Christo
595 2117 671 2145 Patri
685 2119 781 2146 domno
792 2118 891 2146 Joanni
907 2118 943 2146 Le
956 2118 1035 2147 Hom:
1049 2118 1189 2148 Cartusiae
1202 2117 1348 2147 Tolosanae
1360 2119 1448 2148 Priori
1469 2121 1622 2157 dignissimo
1634 2121 1729 2149 Petrus
1747 2121 1836 2149 Possi-

203 2175 253 2194 nus
267 2167 399 2194 societatis
414 2165 477 2193 Iesu
491 2166 605 2194 salutem
618 2167 647 2194 in
663 2165 766 2194 Christo
783 2175 883 2194 veram.

238 2211 307 2240 Cum
323 2211 370 2246 qui
386 2212 541 2239 thesaurum
557 2212 586 2239 in
596 2211 652 2239 solo
668 2211 755 2239 alieno
770 2212 885 2248 reperit,
904 2212 1111 2240 communicare
1125 2213 1203 2241 illum
1215 2213 1328 2242 domino
1342 2214 1400 2250 agri
1412 2213 1519 2249 legibus
1537 2214 1723 2250 Augustorum
1742 2215 1838 2244 iubea-

204 2265 249 2288 tur
266 2260 315 2296 (i),
335 2259 409 2287 hunc
424 2260 564 2287 asceticum
581 2267 597 2287 a
612 2267 657 2287 me
674 2260 854 2288 inventumin
863 2262 1050 2289 monumentis
1060 2261 1289 2289 anachoretarum
1304 2266 1333 2289 et
1346 2261 1554 2290 coenobilarum
1565 2262 1696 2291 Graeciae
1703 2263 1803 2290 veteris
1810 2263 1836 2290 ei

203 2315 248 2335 me
262 2311 470 2342 repraesentare
489 2306 592 2334 debere
605 2306 727 2334 familiae
736 2307 837 2340 sentio,
853 2315 924 2342 quae
939 2307 1012 2336 vitae
1025 2307 1165 2336 solitariae
1177 2315 1210 2336 ac
1221 2307 1333 2336 socialis
1345 2308 1445 2336 decora
1455 2308 1484 2336 in
1499 2316 1529 2336 se
1542 2316 1597 2336 una
1607 2308 1750 2344 colligens,
1764 2309 1838 2336 bona

204 2358 303 2381 cuncta
314 2352 520 2388 priscarumvel
535 2353 742 2381 anachoreseon
752 2353 795 2380 vel
805 2353 969 2382 societatum
982 2354 1152 2383 hereditaria
1164 2354 1339 2383 successione
1350 2354 1510 2382 transmissa
1522 2355 1588 2390 jure
1601 2354 1742 2390 possidere
1754 2362 1838 2390 quam

204 2399 309 2434 optimo
326 2398 452 2426 creditur

240 2446 312 2473 Haec
327 2446 386 2473 sine
402 2446 488 2473 dubio
504 2453 582 2474 sacra
595 2445 760 2474 Cartusiana
779 2446 886 2482 Religio
908 2452 960 2480 est,
979 2447 1046 2474 orbe
1067 2452 1127 2475 toto
1146 2447 1300 2475 clarissima
1323 2455 1483 2482 summeque
1503 2447 1680 2475 venerabilis.
1703 2447 1759 2474 Nec
1771 2454 1838 2474 vero

204 2491 382 2527 quaerendus
396 2491 493 2526 procul
508 2496 561 2524 est,
576 2491 621 2518 cui
638 2491 763 2519 debitum
780 2491 833 2518 hoc
844 2491 1000 2527 depositum
1021 2493 1180 2528 consignem
1198 2502 1204 2519 :
1220 2492 1257 2519 Te
1274 2492 1380 2520 habens
1399 2500 1464 2528 prae
1482 2493 1579 2525 oculis,
1597 2492 1601 2528 |
1617 2492 1839 2520 venerabilissime

203 2545 291 2576 pater,
303 2540 446 2575 Tuamque
460 2539 540 2567 istam
555 2547 570 2566 a
583 2539 622 2566 Te
633 2539 834 2575 sapientissime
850 2540 1109 2575 religiosissimeque
1122 2540 1302 2575 gubernatum
1321 2540 1484 2568 Tolosanam
1497 2539 1661 2568 Cartusiam.

238 2580 477 2620 Quemadmodum
491 2586 530 2614 Tu
548 2587 671 2614 omnium
682 2586 841 2622 praesidum
855 2586 935 2613 istius
947 2586 1112 2614 sanctissimi
1129 2586 1245 2618 ordinis,
1263 2587 1310 2620 qui
1323 2594 1442 2622 unquam
1458 2587 1570 2615 fuerunt
1580 2593 1628 2615 aut
1641 2587 1747 2623 uspiam
1763 2591 1838 2616 sunt.

204 2633 242 2660 ita
266 2633 313 2660 illa
335 2633 566 2661 communitatum
589 2633 761 2668 reliquarum
783 2633 835 2660 sub
853 2633 881 2660 S.
904 2633 1042 2661 Brunonis
1059 2633 1206 2669 disciplina
1221 2634 1312 2668 Deum,
1322 2635 1471 2662 colentium
1488 2634 1557 2663 locis
1576 2635 1676 2670 passim
1691 2634 1774 2661 variis
1791 2641 1840 2668 per

205 2679 344 2714 Europam
359 2680 526 2712 universam,
552 2681 665 2715 plenum
687 2679 774 2707 instar
793 2680 941 2713 exhibetis,
963 2685 992 2707 ut
1010 2679 1146 2715 quidquid
1170 2675 1314 2716 utriusque
1334 2683 1443 2717 generis
1462 2688 1604 2717 praestans
1623 2682 1842 2717 admirabilequc

204 2725 270 2752 alibi
287 2726 468 2761 conspicitur,
484 2726 513 2753 in
526 2726 605 2754 vobis
624 2726 727 2754 illustri
739 2726 884 2754 collectum
896 2727 1072 2762 compendio,
1086 2733 1114 2756 et
1125 2729 1202 2764 quasi
1214 2729 1338 2758 refractis
1347 2729 1374 2756 in
1387 2734 1514 2757 centrum
1526 2729 1650 2765 undique
1663 2729 1748 2757 radiis
1762 2729 1839 2756 lucu-

189 2806 193 2814 ,
205 2771 294 2799 lt‘lllel‘
312 2780 367 2800 U110
381 2780 542 2808 expressum
560 2781 623 2801 ilch
637 2780 757 2800 concavo
773 2780 919 2800 cernamus

969 2819 1095 2848 NOTAE.

243 2865 281 2901 (l)
296 2865 362 2892 Cod.
379 2863 515 2894 Theodos.
534 2867 581 2894 lib.
601 2867 623 2894 Χ
640 2867 680 2894 tit.
698 2866 789 2894 XVIII.
960 2869 964 2873 ”
