2048 3153
217 155 272 183 525
711 154 757 182 AD
777 153 956 183 OPUSCULA
975 155 1003 183 S.
1024 155 1163 184 MACARll
1185 157 1354 185 AEGYPTlI.
1789 161 1841 190 326

253 215 313 243 Non
325 222 425 250 evagor
435 218 512 241 extra
525 213 573 247 Te,
592 213 656 241 dum
669 215 874 243 communitatis
889 215 949 243 Tibi
965 217 1127 244 commissae
1142 217 1256 251 gloriam
1272 225 1416 252 exsequor.
1438 216 1568 253 Corporis
1586 218 1629 246 vis
1650 223 1679 246 ct
1692 218 1742 247 flos
1758 220 1843 248 totius

221 261 249 289 in
262 261 352 296 capite
365 260 484 292 residet;
499 260 562 287 inde
578 260 670 295 vigent
681 268 789 293 sensus,
804 261 897 288 valent
914 266 1005 294 artus;
1021 267 1123 294 motus,
1141 262 1268 294 facultas,
1283 264 1373 291 omnis
1391 264 1463 292 actia
1477 272 1510 292 eo
1528 264 1638 291 laudem
1661 265 1703 292 sui
1721 265 1842 294 referant

219 310 259 337 fas
269 314 322 342 est,
338 309 411 336 unde
425 308 561 344 originem
576 313 604 336 et
618 308 741 344 vigorem
754 308 848 343 utique
862 309 985 336 trahunt.
998 309 1055 337 Nec
1067 309 1203 345 gratuitas
1217 310 1262 337 hic
1274 310 1335 337 Tibi
1347 311 1450 338 otiosae
1463 311 1603 339 felicitatis
1618 311 1723 339 fructus
1731 318 1783 345 est,
1794 313 1843 340 scd

218 354 352 382 sollicitae
368 360 396 382 et
410 355 491 382 enixe
502 354 635 382 certantis
650 359 802 389 proventus
816 354 983 387 industriae;
999 362 1089 387 curas,
1107 355 1215 390 salagis,
1229 356 1383 395 contendis,
1398 356 1586 384 indesinenter
1596 362 1719 385 attentus
1733 357 1843 393 vigiliae

216 402 413 437 custodiaeque
438 401 528 437 gregis
541 401 603 428 Tui.
625 401 714 429 Verbo
732 401 864 429 admones
882 401 1008 437 exemplo
1026 408 1193 435 monstrans,
1216 403 1359 430 nocturnis
1384 411 1470 438 aeque
1496 404 1658 440 diurnisque
1683 405 1844 440 psalmodiis

216 447 423 475 assiduissimus
442 447 787 482 perseverantissimusque
810 453 974 483 praecentor
992 454 1020 476 et
1037 449 1182 485 ehoragus.
1205 450 1377 477 Novitiorum
1399 450 1572 477 institutione
1591 450 1649 486 ipse
1669 451 1841 487 defungeris;

216 494 276 528 ipse
291 492 448 520 iunioribus
463 492 595 528 professis
606 497 819 520 cansentancam
832 493 872 521 illi
887 494 971 521 statui
986 494 1122 522 culturam
1140 495 1281 530 impertis;
1303 496 1361 531 ipse
1374 496 1506 523 curandis
1521 496 1725 532 dirigendisque
1742 506 1842 533 prove—

215 540 351 567 ctioribus
362 547 417 566 non
429 538 518 566 ofﬁcia
534 539 623 567 solum
639 544 738 567 cuneta
754 539 868 567 exhibes
887 539 994 566 ordinis
1012 540 1256 569 constitutionibus
1272 541 1451 576 praescripta,
1472 541 1520 568 sed
1536 545 1564 568 et
1580 548 1758 578 supereragas
1772 551 1843 578 quae

215 587 303 615 multa
313 587 444 621 variaque
455 586 484 613 in
500 594 558 613 rem
572 591 747 621 praesentem
761 591 917 622 opportune
931 587 1054 621 suggerit
1066 587 1176 615 solertis
1192 587 1333 623 ingenium
1350 588 1483 615 caritatis.

249 634 322 660 Haec
334 637 399 660 sunt
414 640 515 660 arcana
527 636 636 665 vestra;
658 632 692 660 de
702 632 803 667 quibus
818 640 852 660 eo
864 632 974 667 parcius
985 632 1079 660 dicere
1094 633 1227 668 cogimur,
1246 633 1320 668 quod
1336 633 1432 660 talium
1449 633 1548 660 notitia
1566 640 1620 660 non
1642 633 1696 660 nisi
1715 632 1791 660 tenui
1807 632 1841 660 ad

212 688 265 707 nos
275 685 403 708 externos
418 680 502 707 odore
518 680 689 715 transspirat.
711 680 759 707 Illa
776 680 830 707 iam
849 681 1010 716 percutiunt
1026 688 1124 708 sensus
1145 681 1277 716 apertius.
1291 681 1345 708 Per
1365 688 1414 708 vas
1433 680 1508 708 illata
1524 680 1607 708 hodie
1621 681 1740 708 urbibus
1753 681 1840 708 eremi

213 728 355 760 sanctitas,
370 732 410 759 ut,
426 735 489 755 cum
504 727 601 762 primis
616 727 788 756 Christianae
803 729 952 756 memoriae
965 729 1083 756 saeculis
1097 729 1230 757 ecclesiae
1242 737 1273 756 ac
1289 729 1357 757 cleri
1378 729 1530 764 angelicam
1543 729 1773 756 anachoretarum
1795 729 1839 756 vi-

214 782 269 805 tam
291 784 348 803 non
371 776 451 804 aliter
465 784 548 811 quam
573 776 661 804 famae
683 777 832 813 longinqua
855 777 996 805 narrantis
1009 777 1112 804 indicio
1137 782 1344 812 cognoscerent,
1361 777 1502 811 mariaque
1519 784 1551 803 ac
1573 776 1627 803 lata
1652 781 1789 803 terrarum
1813 783 1842 803 se

211 825 366 853 obiicerent
382 824 470 860 spatia
484 829 609 860 spectare
629 825 704 852 illam
725 825 894 860 optantibus,
913 825 1021 852 meliori
1037 825 1090 852 iam
1109 830 1184 853 sorte
1199 825 1302 853 nostris
1323 823 1494 852 felicioribus
1512 828 1652 851 reservata
1669 824 1843 859 temporibus

210 871 316 899 Nitrias
328 876 357 899 et
372 871 526 899 Thebaides
540 879 596 898 non
612 871 693 898 modo
702 871 774 899 intra
788 871 992 903 Continentem,
1002 871 1072 899 citra
1087 879 1174 903 mare,
1191 871 1240 899 sed
1254 871 1281 899 in
1291 870 1468 902 suburbanis,
1485 871 1533 899 sed
1548 871 1619 898 intra
1632 871 1689 906 ipsa
1700 871 1842 899 civitatum

212 917 400 953 frequentium
420 916 529 945 moenia
540 916 684 944 videamus
695 916 745 952 (2),
759 916 964 952 opportunitate
980 924 1035 944 non
1051 916 1085 943 ad
1099 915 1249 951 spectaculi
1270 915 1356 951 magis
1379 915 1529 943 novitatem
1547 915 1551 950 |
1567 915 1709 950 expetibili
1736 921 1784 943 aut
1807 916 1842 943 ad

212 963 412 991 iucunditatem
426 983 433 997 ,
460 970 543 998 quam
569 963 612 991 vel
637 963 764 998 inprimis
781 963 815 990 ad
836 963 920 990 animi
946 962 1067 990 fructum
1087 967 1116 990 et
1137 969 1247 989 morum
1268 961 1296 989 in
1318 961 1491 990 intuentibus
1514 962 1735 989 emendationem
1757 970 1843 997 quae-

211 1015 315 1038 stuasa.

247 1055 349 1090 Quidni
374 1056 427 1084 hoc
438 1061 568 1091 putemus
584 1061 662 1084 tanta
682 1062 745 1085 ante
756 1057 927 1092 praedictum
944 1057 978 1084 ab
990 1056 1058 1084 Isaia
1077 1057 1171 1084 verbis
1188 1056 1261 1084 illis:
1279 1056 1433 1083 Laetabitur
1445 1056 1548 1083 deserta
1561 1060 1586 1082 et
1598 1055 1680 1088 invia,
1699 1060 1723 1082 et
1736 1055 1841 1083 exulta-

211 1105 248 1133 bit
262 1105 385 1138 solitudo,
402 1109 426 1132 et
441 1105 543 1141 flarebit
559 1107 635 1141 quasi
648 1106 734 1133 lilium
747 1105 784 1142 (5)
795 1106 807 1132 ?
818 1105 1018 1141 Attemperavit
1033 1113 1062 1133 se
1073 1105 1202 1132 videlicet
1221 1105 1356 1132 industria
1371 1104 1493 1131 caritatis
1507 1104 1643 1131 humanae
1655 1103 1800 1136 debilitati,
1814 1109 1841 1130 et

211 1153 287 1180 velut
301 1161 337 1180 ne
348 1160 416 1180 suus
426 1153 557 1187 squallar,
569 1153 673 1183 larvam
686 1153 781 1182 virtuti
802 1154 964 1181 horribilem
977 1154 1105 1186 induens,
1119 1153 1191 1181 odiis
1203 1161 1262 1180 eam
1274 1152 1490 1188 imprudentium
1504 1152 1647 1184 obiiceret,
1658 1152 1740 1187 spinis
1756 1160 1842 1187 quae~

211 1197 275 1225 dam
294 1198 353 1226 suis
367 1198 461 1226 insivit
476 1198 550 1231 lilia,-
563 1198 687 1226 floridior
701 1207 834 1234 apparere
854 1199 1003 1232 sustinuit;
1017 1204 1045 1227 et
1058 1199 1248 1226 austeritatem
1268 1198 1343 1225 intus
1359 1196 1512 1225 recondens
1533 1204 1610 1223 suam
1629 1196 1774 1224 tectorium
1788 1197 1841 1224 sibi

210 1247 394 1274 circumdedit
407 1248 566 1281 amoenius;
586 1248 654 1275 nihil
679 1248 732 1276 sibi
743 1248 854 1283 quidem
871 1249 1018 1284 indulgens
1030 1253 1080 1276 aut
1095 1248 1222 1276 relaxans
1235 1247 1348 1274 intimae
1363 1246 1532 1282 asperitatis,
1545 1250 1574 1272 at
1584 1245 1611 1272 in
1628 1245 1741 1280 gratiam
1751 1251 1780 1273 et
1789 1247 1843 1274 uti-

211 1296 316 1323 litatem
330 1295 495 1323 intuentium
515 1295 682 1324 eminentem
698 1296 820 1323 exterius
838 1295 982 1323 horrorem
1000 1296 1061 1330 piae
1076 1295 1217 1323 cuiusdam
1236 1295 1395 1330 aspersione
1409 1293 1552 1322 suavitatis
1565 1294 1720 1327 emolliens,
1743 1302 1778 1322 ne
1798 1294 1841 1322 in-

210 1340 283 1368 ﬁrmi
297 1345 411 1376 aspectu
428 1341 517 1376 primo
532 1340 624 1368 territi
639 1345 844 1374 averterentur,
861 1348 931 1376 quos
944 1340 1018 1368 allici
1031 1340 1065 1367 ad
1076 1340 1178 1367 bonum
1190 1339 1311 1375 expedit.

245 1389 449 1424 Egrediebatur,
474 1389 512 1416 ait
530 1388 703 1424 Evangelista
723 1389 842 1421 Marcus,
863 1389 897 1416 ad
912 1388 1040 1416 Ioannem
1052 1387 1223 1424 [Baptistam]
1240 1388 1324 1418 omnis
1345 1387 1461 1415 Iudaeae
1483 1389 1555 1424 regio
1581 1394 1604 1416 et
1622 1389 1842 1426 Hierosolymitae

210 1435 329 1463 mxiversi
340 1435 390 1472 (4).
406 1435 550 1464 Tolosanis
559 1443 608 1471 per
618 1443 669 1462 vos
682 1435 787 1463 lucrifit
796 1435 955 1471 egrediendi
968 1434 1057 1466 labar,
1069 1439 1100 1461 ut
1113 1433 1268 1469 proficiant.
1286 1433 1393 1461 Habent
1404 1433 1476 1461 intra
1490 1441 1593 1470 portas,
1603 1436 1676 1464 unde
1691 1436 1725 1463 ad
1738 1437 1842 1464 sancti-

211 1484 332 1511 maniam
349 1484 503 1513 initientur.
524 1484 621 1512 Vestra
641 1483 695 1512 illis
709 1492 738 1511 se
751 1484 885 1512 obiiciens
898 1483 1025 1511 Cartusia
1042 1490 1153 1510 scenam
1170 1482 1260 1517 aperit
1275 1483 1442 1510 caelestem:
1463 1483 1642 1516 vestibulum,
1659 1483 1740 1515 atria,
1753 1484 1841 1519 porti-

211 1536 271 1562 cus,
301 1530 385 1562 muri,
414 1533 516 1565 postes,
533 1537 580 1557 aer
600 1530 658 1565 ipse
676 1529 833 1565 paradisum
847 1529 964 1565 spirans,
977 1529 1161 1565 claustrorum
1182 1533 1353 1563 prospectus,
1378 1532 1407 1555 et
1431 1528 1459 1555 in
1490 1529 1626 1564 quadrum
1658 1529 1757 1564 digesti
1787 1529 1841 1557 lata

210 1575 466 1603 circumiacentium
493 1575 606 1603 ordines
631 1576 774 1607 cellarum,
798 1583 867 1611 quas
889 1575 986 1602 videns
1003 1574 1101 1602 merito
1128 1574 1262 1602 exclamet
1285 1582 1348 1601 cum
1375 1573 1454 1602 Iacob
1482 1575 1661 1603 Patriarclia:
1684 1575 1780 1603 Castra
1793 1576 1842 1603 Dei

209 1628 270 1650 sunt
285 1624 349 1650 haec
357 1624 503 1660 (5),eastra
515 1624 609 1659 utique
619 1622 770 1654 Cartusiae,
780 1629 866 1649 novae
881 1620 1050 1649 Sulamitidis
1065 1626 1093 1648 et
1107 1620 1209 1648 Christi
1224 1628 1350 1656 sponsae,
1362 1625 1390 1647 ut
1404 1625 1552 1649 castrorum
1564 1623 1633 1650 acies
1643 1623 1782 1650 ordinatae
1792 1623 1840 1658 (tl).

211 1671 232 1698 Ε
260 1672 363 1706 quibus
386 1680 448 1699 cum
472 1672 551 1700 statis
578 1671 655 1699 horis
671 1671 822 1706 procedere
843 1675 996 1698 cernuntur
1025 1674 1133 1697 aseetae
1157 1669 1242 1697 vestri
1266 1670 1311 1697 illa
1335 1670 1425 1698 fronte
1449 1671 1539 1699 adhuc
1562 1679 1578 1698 a
1596 1671 1775 1699 rccenticum
1786 1671 1842 1698 Deo
1872 1683 1875 1686 ν

210 1724 361 1752 congressu
398 1717 538 1753 fulgente,
574 1717 629 1746 illis
665 1717 753 1744 oculis
777 1717 869 1744 adhuc
895 1716 985 1743 uvidis
1010 1723 1025 1743 e
1056 1715 1298 1750 contemplationis
1332 1723 1448 1744 arcanae
1475 1717 1552 1749 ﬂetu,
1569 1717 1615 1744 illa
1642 1716 1842 1752 compositione

209 1771 280 1797 quae
292 1763 404 1799 angelos
416 1764 528 1797 referat,
544 1768 627 1792 totam
639 1762 832 1794 Antoniorum,
848 1761 1021 1788 llilarionum
1037 1765 1066 1788 et
1079 1760 1228 1787 Paulorum
1242 1768 1258 1788 e
1277 1761 1416 1795 speluncis
1431 1761 1458 1788 in
1472 1767 1598 1797 apertum
1618 1761 1652 1789 ad
1669 1762 1717 1790 Dei
1731 1761 1841 1789 laudem

209 1810 406 1846 prodeuntium
420 1811 551 1839 exhibent
563 1811 694 1847 speciem,
716 1810 769 1838 nisi
786 1810 859 1845 quod
877 1809 987 1836 admota
1010 1808 1121 1844 penitus
1142 1809 1200 1836 cuti
1222 1809 1322 1841 cilicia,
1339 1817 1410 1845 quae
1427 1810 1467 1837 illi
1482 1811 1682 1842 monstrabant,
1707 1810 1841 1838 candidae

208 1856 326 1885 obtentu
340 1857 426 1886 vestis
437 1858 619 1886 abscondunt.
634 1858 732 1886 Merito
751 1858 820 1885 tales
834 1857 970 1884 Tolosana
986 1857 1084 1884 civitas
1099 1856 1207 1884 censuit
1226 1864 1286 1884 esse
1303 1857 1364 1885 illos
1383 1858 1473 1893 vigiles
1493 1858 1611 1885 custodes
1634 1867 1772 1885 murorum
1795 1867 1841 1893 qm

207 1906 360 1934 custodiunt
375 1907 508 1934 civitatem
523 1907 552 1935 in
565 1905 717 1941 Seripturis
729 1908 896 1931 memoratos
908 1903 957 1939 (7),
975 1903 1040 1930 dum
1052 1903 1262 1939 magistratuum
1274 1911 1306 1931 ac
1322 1904 1416 1939 populi
1428 1904 1588 1940 plenissimo
1603 1908 1631 1932 et
1647 1904 1842 1932 liberalissimo

207 1959 357 1985 consensu,
371 1959 453 1986 quem
467 1953 585 1981 Senatus
596 1951 696 1979 deinde
704 1949 854 1977 auctoritas
872 1948 1072 1983 comprobavit,
1086 1949 1198 1976 extendi
1214 1948 1295 1976 iussit
1305 1954 1413 1984 septum
1428 1950 1579 1979 Tolosanae
1594 1951 1738 1979 Cartusiac
1754 1959 1842 1987 usque

207 1996 243 2024 ad
269 2005 365 2025 muros
383 1998 471 2031 urbis,
484 2002 512 2026 et
525 1998 750 2033 comprehensam
766 2003 799 2022 ea
813 1994 901 2030 spatio
920 1993 1061 2021 moenium
1075 1998 1182 2028 partem
1198 2001 1231 2021 ae
1248 1998 1339 2021 turres
1353 1999 1460 2023 vestrae
1478 1995 1541 2023 ﬁdei
1562 1996 1710 2028 commisit,
1730 1996 1841 2031 sapien-

222 2043 228 2078 |
245 2049 287 2070 ter
297 2049 437 2078 reputans,
449 2045 555 2072 nullum
566 2051 627 2072 esse
639 2044 673 2071 ad
689 2041 805 2070 tuendas
814 2040 898 2068 urbes
910 2040 1044 2067 munitius
1056 2039 1198 2075 Religione
1209 2040 1454 2077 propugnaculum.
1470 2042 1652 2070 Meminerant
1661 2042 1727 2078 quid
1739 2042 1842 2070 Romae

207 2092 370 2128 contigisset
385 2101 401 2120 a
415 2093 503 2128 Vitige
517 2101 581 2128 rege
594 2092 746 2120 Gothorum
763 2090 902 2122 obsessae,
918 2096 1000 2124 quam
1017 2096 1102 2124 quum
1121 2096 1297 2123 propugnans
1308 2089 1468 2122 Bclisarius,
1488 2096 1594 2126 partem
1608 2091 1681 2118 muri
1694 2096 1801 2127 ruptam
1814 2096 1843 2119 ct

209 2137 360 2166 iusultibus
386 2147 474 2174 paene
497 2143 636 2174 patentem
654 2137 808 2164 instaurare
826 2143 858 2163 ac
872 2135 982 2162 munire
1004 2133 1185 2165 decrevisset,
1210 2142 1345 2161 consensu
1370 2134 1546 2163 reclamantis
1570 2136 1664 2171 populi
1685 2136 1842 2171 prohibitus

207 2182 324 2215 abstitit,
339 2183 448 2211 civibus
463 2183 563 2219 passim
575 2181 710 2210 universis
724 2180 931 2212 affirmantibus,
942 2179 970 2206 S.
985 2178 1061 2206 Petri
1075 2186 1105 2206 se
1122 2179 1224 2206 tutelae
1243 2179 1333 2207 locum
1349 2180 1425 2208 illum
1441 2181 1602 2215 credidisse,
1614 2188 1745 2218 certaque
1754 2184 1841 2212 canti-

207 2229 290 2256 dcres
301 2236 452 2264 numquam
468 2229 582 2256 Romam
596 2236 628 2256 ea
643 2233 720 2263 parte
730 2227 900 2263 capiendam.
911 2226 968 2253 Nec
977 2233 1040 2260 spes
1053 2225 1115 2252 illos
1124 2225 1222 2253 fefellit
1236 2234 1295 2253 sua.
1309 2227 1494 2264 Nam.Vitiges
1509 2229 1610 2258 frustra
1621 2231 1713 2258 omnia
1726 2236 1843 2259 conatus

194 2276 316 2314 toolvere
332 2276 504 2304 obsidionem
519 2281 561 2303 est
578 2280 700 2308 coactus,
714 2279 797 2310 prout
814 2274 882 2301 haec
898 2280 932 2300 ex
942 2272 1052 2300 oculata
1063 2271 1221 2300 testimonio
1232 2272 1316 2300 refert
1326 2273 1372 2308 qui
1383 2281 1514 2308 praesens
1524 2275 1612 2303 adfuit
1630 2276 1840 2311 Proeapius(8).

243 2321 265 2348 Ε
278 2321 345 2349 Tuis
359 2322 393 2349 ad
407 2322 446 2350 Te
455 2331 530 2350 nunc
541 2327 676 2355 revertor,
691 2321 912 2349 venerabilissimc
927 2325 1012 2356 pater.
1030 2320 1122 2356 Spissa
1139 2326 1166 2348 et
1181 2320 1323 2355 multiplex
1336 2328 1454 2356 persona
1466 2322 1545 2350 vobis
1558 2322 1746 2350 Cartusiarum
1760 2331 1841 2358 prae-

206 2367 306 2401 positis
319 2367 481 2403 imponitur,
491 2375 525 2395 ex
535 2368 642 2396 intimis
656 2366 889 2402 prafundissimae
903 2366 993 2402 adytis
1010 2373 1137 2394 asceseas
1150 2366 1226 2393 exire
1246 2366 1299 2393 ista
1313 2366 1431 2394 subinde
1446 2367 1535 2395 officio
1552 2369 1655 2396 coactis
1665 2368 1692 2396 in
1709 2373 1841 2397 tractatus

206 2422 271 2442 cum
287 2414 451 2449 proceribus
463 2419 492 2442 et
505 2415 607 2449 populo
623 2414 804 2449 promiscuos,
819 2412 848 2440 in
863 2412 1080 2448 hospitalitatem
1091 2419 1198 2439 comem
1225 2416 1254 2438 et
1268 2411 1444 2444 mundam,in
1463 2421 1605 2441 sermones
1622 2415 1843 2443 accommodatas

206 2460 388 2489 audientibus
400 2465 489 2488 status
503 2468 534 2488 ac
544 2460 653 2496 generis
669 2460 801 2487 cuiusvis.
812 2459 895 2487 Pauci
908 2459 942 2486 ad
959 2459 1074 2486 fundum
1086 2463 1241 2493 penetrant,
1255 2460 1408 2493 quantaivis
1423 2460 1460 2487 sit
1473 2460 1547 2487 illius
1559 2461 1636 2488 Pauli
1649 2462 1765 2497 apostoli
1777 2470 1841 2490 sen-

207 2507 311 2535 tentiae
323 2516 329 2533 :
341 2506 467 2534 Omnibus
482 2507 571 2533 omnia
588 2505 670 2541 factus
687 2515 755 2539 sum,
767 2510 797 2533 ut
811 2514 900 2533 omnes
916 2505 1028 2540 facerem
1043 2505 1129 2533 salvos
1139 2505 1188 2540 (9).
1210 2504 1296 2538 Quam
1308 2505 1410 2537 vivida,
1422 2505 1544 2540 inquam,
1558 2511 1587 2534 et
1600 2507 1783 2535 scintillauter
1791 2507 1843 2534 mi-

207 2553 282 2581 canti
298 2553 399 2581 mentis
412 2558 590 2588 cxperrectae
604 2554 772 2588 praestantia
787 2561 856 2588 opus
866 2552 998 2587 Apostalo
1008 2552 1130 2587 gentium
1143 2552 1237 2583 fuerit,
1252 2557 1282 2579 ut
1295 2551 1329 2578 ab
1342 2552 1453 2583 ecstasi,
1465 2561 1518 2587 qua
1528 2557 1624 2588 raptus
1637 2553 1670 2581 ad
1684 2554 1841 2588 paradisum

207 2607 310 2626 arcana
333 2599 485 2627 ineffabilia
501 2600 637 2632 audierat,
653 2600 687 2627 ad
707 2600 825 2627 facunde
842 2599 1030 2634 perorandum
1046 2599 1073 2626 in
1095 2599 1187 2627 medio
1202 2600 1354 2635 Areopago,
1371 2600 1402 2627 ad
1418 2600 1524 2634 prolixe
1539 2600 1731 2628 disserendum
1749 2609 1842 2629 coram

208 2646 290 2674 Festo
303 2647 439 2682 praeside,
452 2655 516 2683 rege
536 2647 656 2683 Agrippa
671 2652 700 2675 et
717 2647 811 2683 regina
826 2647 968 2678 Berenice,
990 2647 1023 2674 ad
1035 2647 1140 2674 urbane
1160 2648 1377 2675 conversandum
1390 2655 1452 2674 cum
1469 2647 1565 2683 Sergio
1582 2648 1667 2677 Paulo
1681 2649 1763 2686 Cypri
1779 2657 1843 2685 pro-

242 2738 284 2774 (2)
300 2738 392 2774 Corn,
410 2740 517 2767 Passin.
531 2740 657 2768 videmus.
671 2741 783 2771 EDITOR.
969 2693 1127 2774 NOTAE”)
1143 2740 1220 2767 Cant.
1236 2740 1267 2772 ν.
1285 2740 1310 2766 7-

246 2741 284 2774 (2)
300 2741 392 2769 Corn,
410 2741 517 2767 Passin.
531 2741 657 2768 videmus.
671 2741 783 2771 EDITOR.

246 2773 284 2813 et
299 2773 361 2813 [ξθί-
376 2774 485 2813 xxxv.
502 2775 525 2802 ιι
803 2776 805 2781 ‘

1053 2811 1074 2813 μ
1143 2741 1315 2813 ἓξῗιξίογλίῖιῖ
1340 2775 1351 2802 l
1375 2784 1434 2811 Cap.
1450 2776 1494 2808 53,
1517 2776 1561 2804 ed.
1578 2777 1644 2813 Reg.
1660 2786 1686 2813 p.
1705 2778 1773 2813 sas;
1788 2779 1837 2808 lib.

247 2809 284 2844 (4)
301 2809 383 2845 Marc.
399 2810 419 2839 Ι,
436 2811 460 2844 5.
1052 2811 1055 2838 ἲ

1052 2811 1074 2838 Π
1094 2809 1154 2845 cap.
1170 2811 1188 2837 2
1206 2819 1234 2845 p.
1251 2810 1311 2838 410.

302 2843 371 2870 Gen.
385 2839 529 2878 mum.

248 2845 286 2914 (6i
302 2879 381 2907 Cant.
400 2880 444 2912 Vl,
461 2880 485 2907 5.

1089 2839 1149 2881 (θγι
1163 2839 1226 2874 eor”.
1243 2846 1289 2879 ix,
1310 2846 1354 2873 22.
1373 2846 1469 2874 llCor.
1489 2846 1547 2880 xu,
1566 2848 1593 2876 t.
