2048 3153
206 158 258 185 327
769 155 873 184 PETRI
892 155 1023 184 POSSINI
1042 156 1299 185 PROLEGOMENA
1789 159 1842 187 328

206 218 331 251 consule,
344 217 463 253 denique
482 216 516 245 ad
527 216 701 244 familiariter
716 216 854 252 simulque
867 216 974 244 utiliter
988 217 1124 252 agendum
1143 218 1279 254 Philippis
1294 227 1356 246 cum
1375 219 1460 256 Lydia
1474 220 1652 256 purpuraria,
1672 220 1757 248 lconii
1777 228 1840 248 cum

206 265 308 293 Thecla
323 264 439 300 virgine,
456 263 572 298 aliisque
582 262 650 290 alias
665 262 819 290 innumeris
829 262 897 298 (1⁵0).
912 263 958 290 Sic
973 270 1109 298 nusquam
1129 263 1299 291 luculentius
1313 272 1394 300 quam
1406 265 1433 292 in
1450 265 1489 293 Te
1502 271 1625 301 apparet,
1641 266 1715 301 quod
1728 266 1840 301 quidam

204 317 330 340 veterum
343 310 445 342 aiebat,
455 309 641 344 eloquentiam
655 308 759 337 silentii
777 309 885 344 prolem
900 316 972 342 esse,
981 314 1009 337 et
1017 309 1158 337 neminem
1171 310 1247 345 loqui
1264 310 1380 338 uberius
1394 316 1422 339 et
1436 312 1556 345 dulcius,
1571 320 1653 347 quam
1670 312 1718 348 qui
1734 312 1782 340 diu
1794 320 1839 339 re-

203 358 377 395 ligiosissime
390 356 523 389 tacuerit;
538 355 615 389 dum,
630 360 662 384 ut
673 356 830 384 Bernardus
840 364 875 384 ex
888 356 985 383 umbra
1001 360 1029 384 et
1040 364 1150 384 secessu
1160 356 1303 391 silvarum,
1314 358 1353 386 ita
1365 358 1405 389 Tu
1420 366 1436 386 e
1450 359 1624 387 severissima
1643 359 1757 387 claustri
1770 360 1839 388 taci-

205 408 348 437 turnitate,
365 404 444 440 quasi
457 411 473 431 e
490 404 584 431 schola
596 404 738 431 rhetorum
750 404 881 439 prodiens
891 404 1009 437 audiris,
1023 404 1251 440 quotiescumque
1268 406 1437 441 loquendum
1449 412 1502 440 est,
1520 407 1669 436 mellilluus
1684 413 1788 436 orator.

238 454 269 481 ln
290 453 382 480 locum
403 459 447 479 me
466 452 615 488 ancipitem
641 453 802 486 propulsum
825 452 931 485 sentio,
947 452 994 480 ubi
1014 452 1193 488 praedicare,
1221 454 1296 489 quod
1319 454 1388 482 haec
1415 455 1512 483 civitas
1540 456 1669 484 universa
1703 457 1787 485 sentit
1811 461 1840 485 et

205 501 338 537 loquitur,
361 500 511 536 prohibeor
526 500 675 528 modestiae
695 500 770 527 Tuae
787 504 925 535 respectu,
945 508 1028 536 quam
1053 508 1165 528 suarum
1187 501 1348 530 obtrusione
1365 503 1477 530 laudum
1496 503 1553 531 scio
1567 508 1700 539 quantum
1715 504 1838 531 oﬂ‘ende-

203 556 271 577 rem.
295 548 361 576 Utar
375 554 441 583 ergo
456 546 557 574 astutia
576 546 654 574 Pauli
674 546 801 581 apostoli,
821 545 968 573 artiﬁcium
989 554 1069 574 suum
1089 546 1227 581 quoddam
1243 546 1248 582 ι
1264 548 1318 575 tale
1332 547 1401 575 adeo
1417 556 1471 575 non
1489 548 1697 582 dissimulantis,
1715 553 1746 576 ut
1765 549 1839 577 ultro

201 594 365 630 prodiderit,
378 593 488 630 quando
498 593 537 620 ait
548 591 698 620 Corinthiis
713 601 719 618 :
734 591 800 619 Cum
813 599 895 618 mem
906 595 1021 625 astutus,
1034 591 1093 619 dolo
1103 600 1148 619 vos
1159 592 1214 628 cepi
1226 592 1293 628 (Η).
1302 592 1405 628 Nempe
1419 593 1492 621 idem
1502 593 1655 622 Corinthiis
1664 594 1761 622 iisdem
1771 594 1838 622 alibi

201 643 357 679 proﬁtetur,
375 650 405 670 se
417 641 561 678 quaedam,
574 648 644 676 quae
654 639 688 667 de
710 639 788 674 ipsis,
801 639 981 667 oﬂ‘ensionem
996 647 1093 667 eorum
1107 644 1244 673 metuens,
1259 640 1407 674 declarare,
1415 642 1572 675 verebatur,
1589 643 1794 678 tramﬁgurasse
1808 644 1837 670 in

200 702 227 721 se
241 697 266 720 et
281 699 362 720 suum
375 691 404 718 in
415 689 617 726 praedicatione
635 688 670 716 ad
681 688 755 724 ipsos
770 687 875 715 socium
888 687 931 715 vel
944 687 1136 715 administrum
1150 688 1256 724 Apollo,
1275 693 1382 724 propter
1393 690 1463 725 ipsos
1481 689 1548 725 (12),
1567 695 1596 717 ut
1616 690 1715 725 pudori
1732 690 1838 719 scilicet

201 741 323 775 ipsorum
341 740 476 773 parceret.
494 735 542 763 Sic
557 739 586 763 et
603 742 654 769 ego
668 734 697 761 in
717 733 779 761 aliis
795 733 921 768 personis
936 732 996 761 Tua
1014 733 1114 761 decora
1132 733 1313 767 constituens,
1332 734 1413 762 simul
1430 734 1653 763 erubescentiam
1667 736 1729 763 Tibi
1750 736 1836 764 Tuam

199 785 380 817 lucrifaciam,
397 783 478 812 simul
494 787 585 811 tamen
598 783 686 809 cilicio
701 790 763 808 meo
779 789 833 808 non
846 781 929 808 deero
942 781 1123 816 signiﬁcandi,
1139 789 1209 816 quae
1222 790 1304 810 nosse
1318 783 1468 810 multorum
1485 783 1610 811 interest.

235 836 274 863 De
290 835 385 871 Magno
400 833 519 862 Antonio
533 832 560 860 S.
580 831 746 858 Athanasius
765 830 870 862 scribit,
885 830 969 856 fuisse
984 830 1061 856 illum
1078 830 1116 856 ita
1134 830 1161 856 in
1177 837 1326 865 congressu
1338 834 1367 858 et
1380 838 1507 859 sermone
1523 839 1586 859 cum
1601 832 1676 859 omni
1693 832 1835 861 hominum

199 888 301 917 genere
314 880 464 907 humanum
477 882 506 906 et
518 885 641 909 suavem,
657 880 687 903 ut
701 885 755 903 non
776 884 790 903 e
809 876 925 903 desertis
940 876 1089 907 montibus,
1108 876 1155 902 ubi
1172 883 1281 904 omnem
1300 880 1418 904 aetatem
1435 877 1576 905 solitarius
1597 883 1735 914 exegerat,
1752 879 1800 906 sed
1819 887 1835 907 e

199 928 261 955 sinu
285 927 421 967 eultarugn
441 925 552 953 urbium
572 923 683 959 prodire
697 918 849 949 videretur.
866 921 955 949 Verba
976 921 1033 956 ipsa
1050 929 1148 956 ponam
1169 921 1323 955 Athanasii,
1342 930 1377 950 ne
1395 923 1458 958 quis
1478 930 1493 950 a
1512 931 1556 951 me
1571 922 1636 959 ﬁngi
1653 925 1808 959 suspiwtur
1826 933 1833 951 :

198 976 248 1011 οὺχ
260 975 297 1007 ὡς
310 976 339 1002 ὲν
352 975 409 1010 ὄρει
425 973 549 1010 τραφεὶς,
566 973 647 998 κάκεῖ
663 971 752 1005 γέρων
775 970 931 1004 γενόμενος,
949 970 1044 1003 ἄγριον
1058 968 1115 1004 εἶχε
1140 970 1170 995 τὸ
1192 967 1258 1004 ἦθος
1268 977 1275 985 ·
1294 969 1362 997 ἀλλὰ
1380 970 1427 997 καὶ
1450 971 1555 1007 χαρίεις
1567 968 1601 1007 ἦν
1615 972 1664 998 καὶ
1678 972 1833 1004 πολιτικός’

197 1024 244 1050 τὸν
259 1023 288 1050 δὲ
306 1022 384 1057 λόγον
396 1019 469 1056 εἶχεν
482 1019 634 1056 ὴρτυμὲνον
645 1017 683 1052 τῷ
699 1017 763 1052 (ista)
777 1017 865 1047 ἅλατι,
881 1017 933 1043 hoc
948 1022 992 1044 est

1031 1025 1081 1042 non
1097 1021 1124 1042 ut
1140 1018 1167 1043 in
1182 1020 1270 1043 monte
1282 1018 1396 1044 nutritus
1413 1022 1438 1044 et
1450 1018 1485 1045 ibi
1500 1026 1580 1046 senem
1596 1019 1691 1053 factm,
1703 1025 1833 1056 agrestem

197 1070 288 1098 habuit
305 1068 539 1099 conversationem,
553 1066 598 1093 sed
612 1065 699 1092 suavis
713 1069 769 1090 erat
785 1069 809 1090 ct
826 1063 919 1095 civilis,
932 1071 1077 1089 sermonem
1095 1067 1184 1089 autem
1198 1063 1309 1090 habebat
1323 1063 1410 1091 divino
1424 1063 1481 1091 sale
1494 1065 1638 1092 conditum.
1655 1065 1728 1094 Haec
1747 1066 1833 1094 Atha-

190 1119 302 1151 nasius,
317 1118 366 1154 qui
381 1116 505 1145 eiusdem
516 1115 581 1142 alibi
595 1113 706 1141 Antonii
719 1112 892 1146 eloquentiae
908 1112 1056 1146 spccimina
1070 1111 1173 1145 profert
1191 1111 1318 1147 insignia,
1336 1110 1432 1147 longas
1448 1112 1545 1147 ipsius,
1563 1113 1647 1140 etiam
1666 1113 1700 1141 ad
1718 1114 1835 1150 gentiles

196 1163 386 1199 philosophos,
403 1161 543 1189 orationes
561 1159 691 1191 recitans,
708 1158 810 1193 quibus
828 1157 858 1184 in
874 1157 1083 1184 admirationem
1103 1157 1143 1184 illi
1163 1161 1336 1192 raperentur.
1351 1158 1464 1185 Antonii
1482 1167 1592 1195 quoque
1607 1160 1759 1196 discipulus
1775 1160 1833 1189 Ma-

197 1212 288 1239 carius
301 1212 482 1246 cognomento
492 1207 705 1239 Alexandrinus,
721 1206 773 1234 etsi
785 1205 870 1233 vitam
883 1209 912 1232 et
924 1204 982 1240 ipse
1004 1205 1033 1232 in
1048 1205 1158 1232 deserto
1171 1205 1282 1241 longam
1293 1205 1419 1239 duxerat,
1433 1210 1535 1239 tamen,
1555 1211 1586 1234 ut
1606 1207 1775 1236 Sozomenus
1790 1213 1831 1236 te-

196 1262 284 1286 statur
290 1257 358 1294 (15),
370 1264 431 1284 eam
442 1255 569 1284 exhibuit
582 1255 610 1283 in
620 1254 779 1290 promiscuo
788 1260 851 1280 cum
861 1252 938 1280 illum
953 1252 1118 1280 adeuntibus
1130 1260 1181 1280 usu
1195 1260 1303 1280 morum
1314 1257 1343 1280 et
1354 1260 1512 1281 sermonum
1525 1254 1699 1290 elegantiam,
1709 1260 1740 1283 ut
1750 1261 1832 1291 vulgo

195 1306 434 1342 cognominaretur
450 1304 541 1336 ἀστός,
555 1303 608 1331 hoc
622 1307 665 1330 est
684 1302 801 1329 urbanus
817 1305 847 1328 et
868 1300 960 1328 civilis.
977 1300 1071 1328 Talem
1095 1300 1133 1328 Te
1153 1301 1254 1335 passim
1274 1302 1445 1336 gratulantur
1465 1302 1644 1335 admirantes,
1659 1304 1705 1338 qui
1728 1312 1744 1332 e
1764 1312 1832 1332 con-

194 1361 290 1390 gressu
305 1353 365 1381 Tuo
376 1352 505 1385 redeunt,
519 1351 601 1379 simul
621 1358 637 1378 e
651 1349 798 1385 prudentia
816 1348 1006 1381 consiliorum,
1027 1355 1042 1376 e
1056 1348 1190 1384 gravitate
1205 1348 1434 1382 admonitionum,
1446 1357 1462 1377 e
1481 1350 1679 1378 sententiarum
1699 1351 1832 1387 sapientia

195 1401 315 1427 fructum
328 1398 412 1426 animi
427 1405 588 1425 mansurum
607 1397 634 1424 in
651 1397 713 1424 sinu
731 1399 913 1431 reportantes.

232 1448 288 1476 Nec
300 1451 395 1475 tenent
408 1453 448 1479 se,
459 1445 527 1481 quin
543 1445 571 1472 in
585 1444 680 1472 laudes
698 1448 793 1479 postea
813 1446 969 1477 erumpant.
983 1442 1071 1475 Unde,
1085 1447 1116 1469 ut
1131 1442 1170 1474 ﬁt,
1186 1442 1303 1478 gliscens
1317 1442 1399 1475 fama,
1414 1442 1525 1477 impleta
1538 1442 1659 1476 civitate,
1674 1443 1702 1471 in
1718 1444 1833 1479 provin-

194 1497 266 1524 ciam
283 1495 420 1524 redundat
435 1502 469 1522 eo
486 1493 614 1529 strepitu,
634 1492 714 1520 cuius
734 1491 841 1519 sonitus
855 1499 890 1518 ne
909 1490 943 1518 ad
964 1490 1003 1518 Te
1017 1490 1170 1526 perveniat,
1183 1491 1239 1518 ulla
1258 1491 1371 1518 claustri
1388 1498 1420 1518 ac
1438 1490 1596 1518 solitudinis
1614 1490 1724 1519 obstare
1739 1492 1831 1519 muni-

194 1547 287 1570 menta
297 1545 409 1577 queant.
425 1541 486 1569 Non
498 1540 582 1575 igitur
596 1538 635 1566 Te
649 1539 730 1571 latet;
746 1537 794 1565 sed
815 1545 867 1564 nec
888 1537 927 1565 Te
943 1537 1038 1569 laedit,
1064 1537 1116 1564 hoc
1131 1541 1182 1569 est,
1204 1537 1336 1564 humilem
1356 1536 1407 1564 Tui
1425 1544 1548 1570 sensum,
1565 1536 1613 1572 qui
1633 1545 1715 1565 verae
1728 1537 1830 1565 sancti-

194 1590 258 1618 tatis
269 1589 519 1618 indubitatissimus
534 1588 677 1615 character
691 1591 744 1619 est,
759 1586 787 1613 in
801 1586 840 1613 Te
858 1586 914 1613 ulla
929 1593 964 1613 ex
981 1591 1059 1621 parte
1074 1586 1174 1613 minuit
1193 1586 1333 1620 publicum
1348 1585 1422 1613 istud
1441 1585 1503 1613 Tibi
1519 1585 1701 1614 honoriﬁcum
1716 1594 1830 1622 praeco-

193 1637 281 1665 nium.
297 1636 357 1670 Quo
368 1635 430 1671 plus
448 1634 585 1667 eveheris,
598 1641 631 1661 eo
643 1633 682 1660 Te
695 1633 777 1660 altius
787 1631 859 1667 apud
871 1631 910 1659 Te
921 1639 954 1659 co
970 1632 974 1667 |
991 1639 1050 1658 ram
1063 1632 1119 1659 Deo
1134 1631 1277 1666 deprimis,
1290 1636 1384 1659 sancta
1397 1631 1454 1664 illa,
1474 1632 1645 1668 philosophis
1659 1632 1751 1669 ignota
1762 1633 1829 1669 gen-
1869 1636 1875 1639 ‘

193 1685 299 1717 tilibus,
312 1684 395 1711 unius
417 1683 529 1718 propria
551 1680 747 1709 christianismi
766 1680 933 1713 humilitate,
956 1687 1026 1715 quae
1042 1686 1177 1714 nusquam
1196 1680 1299 1707 eminet
1317 1680 1469 1715 probatior,
1490 1688 1573 1715 quam
1587 1681 1635 1708 ubi
1648 1682 1720 1710 inter
1734 1682 1829 1710 faven-

194 1731 315 1759 tissimos
328 1729 403 1765 vulgi
416 1729 529 1764 plausus
541 1731 570 1755 et
582 1726 669 1754 famae
682 1725 856 1753 buccinantis
869 1725 958 1761 elogia
971 1732 1070 1752 sonora
1086 1725 1176 1752 locum
1192 1725 1374 1753 nihilominus
1386 1732 1477 1757 suum,
1489 1725 1542 1753 hoc
1552 1730 1594 1753 est
1606 1726 1741 1759 infimum,
1753 1735 1830 1755 mor-

193 1777 273 1805 dicus
285 1776 396 1804 retinet.
411 1774 511 1810 Magna
525 1777 550 1800 et
565 1780 630 1799 rara
646 1772 740 1804 virtus,
759 1776 789 1798 ut
809 1771 925 1798 idoneus
944 1770 1040 1798 talium
1057 1770 1152 1807 judex,
1164 1770 1286 1797 Tuorum
1304 1770 1445 1805 exemplar
1462 1770 1602 1805 decorum,
1623 1771 1651 1799 S.
1672 1772 1831 1801 Bernardus

193 1822 368 1859 pronunciat,
382 1820 518 1848 humilitas
532 1819 662 1846 honorata
676 1817 744 1853 (14),

229 1870 317 1897 Huius
331 1868 393 1896 Tibi
407 1867 565 1896 carissimae
579 1865 669 1901 pretio
684 1865 756 1892 dotis
777 1864 1026 1892 commendandum
1051 1864 1123 1900 apud
1140 1864 1179 1892 Te
1197 1872 1279 1900 quem
1296 1864 1383 1892 oll'ero
1404 1865 1505 1893 librum
1527 1871 1649 1898 autumo,
1672 1866 1700 1894 in
1722 1868 1830 1896 cunctis

192 1917 250 1945 fere
264 1916 368 1952 paginis
383 1913 628 1943 christianissimae
651 1919 684 1939 ac
708 1910 929 1947 religiosissimae
949 1910 1062 1938 virtutis
1082 1910 1164 1938 huius
1181 1911 1308 1939 encomia
1329 1911 1483 1945 ambitiose,
1499 1920 1586 1947 paene
1606 1912 1734 1946 dixerint,
1747 1922 1827 1949 pero-

193 1969 309 1993 rantem.

227 2014 284 2041 Nec
297 2013 398 2044 minus,
417 2018 509 2047 spero,
523 2009 644 2045 placebit
658 2008 758 2036 ascetis
770 2007 830 2035 istis
842 2007 1009 2036 venerandis
1026 2011 1055 2035 et
1073 2007 1172 2035 domus
1193 2007 1240 2035 hic
1256 2007 1340 2035 huius
1352 2008 1428 2036 Tuae
1446 2013 1475 2036 et
1495 2009 1617 2036 universi
1637 2009 1703 2036 alibi
1720 2009 1826 2045 uspiam

193 2061 264 2089 sacri
276 2060 361 2088 vestri
375 2058 493 2087 ordinis.
506 2057 615 2085 Iuvabit
631 2057 705 2092 ipsos
719 2056 775 2083 illic
789 2055 996 2089 abstinentiam,
1008 2063 1091 2091 quam
1106 2056 1172 2083 orbe
1185 2056 1395 2092 obstupescente
1415 2056 1485 2083 mire
1502 2057 1661 2083 continuam
1682 2061 1826 2090 exercent;

191 2106 332 2134 silentium
347 2110 501 2136 aeternum,
514 2103 665 2131 coelituum
683 2102 812 2137 alloquiis
824 2102 1060 2142 confabulationes
1072 2102 1215 2130 hominum
1230 2102 1432 2138 permutatione
1451 2107 1616 2137 quaestuosa
1631 2110 1825 2138 compensans;

192 2152 403 2188 abnegationem
418 2149 604 2185 evangelicam
619 2149 673 2181 sui,
693 2148 894 2176 abdicationem
909 2153 1092 2180 terrenarum,
1107 2149 1300 2176 adhaesionem
1312 2149 1467 2185 Deo‘super
1481 2149 1572 2177 omnia
1588 2149 1752 2177 indivulsam
1764 2150 1826 2185 glu—

192 2202 251 2229 tino
263 2207 404 2235 nunquam
413 2199 585 2227 intermissae
597 2198 673 2225 iuxta
684 2197 872 2232 suggestiones
884 2197 1047 2232 apostolicas
1056 2197 1111 2233 (15)
1123 2197 1266 2230 orationis,
1280 2201 1456 2232 caeterasque
1467 2197 1687 2232 religiosissimas
1698 2196 1827 2223 observa-

192 2249 281 2276 tiones
298 2248 401 2283 ubique
414 2246 608 2283 praescriptas,
620 2245 802 2281 praedicatas,
816 2245 972 2280 praeceptis
985 2246 1089 2281 pariter
1107 2250 1136 2274 et
1155 2246 1288 2281 exemplis
1301 2245 1516 2278 commendatas,
1530 2245 1691 2273 informatas
1711 2244 1825 2272 intueri.

191 2296 260 2324 Suas
270 2303 384 2331 prorsus
394 2294 517 2330 ipsorum
526 2294 554 2321 in
564 2294 617 2321 hoc
626 2293 704 2329 quasi
713 2293 826 2329 speculo
839 2293 941 2321 formas
951 2294 1098 2330 aspicient,
1106 2298 1134 2322 et
1142 2302 1212 2329 quae
1224 2294 1351 2321 instituto
1363 2293 1467 2321 dudum
1478 2298 1571 2321 vestro
1582 2293 1734 2321 domestico
1745 2300 1826 2320 usur-

190 2346 266 2378 pant,
281 2341 373 2374 dictis,
385 2341 464 2374 actis,
478 2340 585 2376 legibus
595 2340 852 2376 antiquissimorum
865 2340 1004 2369 Ecclesiae
1024 2342 1137 2370 Patrum
1150 2342 1208 2377 jam
1226 2341 1292 2369 olim
1310 2341 1430 2368 exercita
1443 2341 1674 2377 comprobataque
1690 2346 1826 2374 recogno-

190 2392 268 2415 scent
278 2388 429 2423 voluptate,
443 2391 576 2422 quantum
590 2394 720 2422 auguror,
733 2394 788 2414 non
802 2395 896 2423 parva.
911 2387 996 2415 Cuius
1009 2387 1037 2415 in
1049 2388 1219 2424 suggerenda
1230 2396 1280 2423 per
1292 2388 1364 2416 hanc
1376 2388 1525 2416 editionem
1539 2388 1682 2415 occasione
1696 2395 1728 2415 ac
1740 2387 1826 2414 facul—

189 2440 257 2468 tate,
272 2435 294 2462 si
311 2442 394 2470 quam
407 2434 475 2461 mihi
489 2434 659 2470 contingeret
673 2441 689 2461 a
700 2433 739 2461 Te
753 2439 782 2462 et
794 2434 849 2463 illis
861 2435 932 2463 inire
944 2435 1070 2471 gratiam,
1085 2435 1194 2463 abunde
1207 2435 1296 2470 ampla
1308 2435 1347 2463 illi
1361 2443 1467 2463 merces
1486 2434 1695 2470 rependeretur,
1709 2433 1756 2461 ubi
1775 2441 1826 2469 per

189 2483 303 2510 Vestrae
315 2481 514 2517 indulgentiam
526 2480 650 2508 caritatis
671 2481 880 2516 participatione
893 2481 1012 2516 quadam
1032 2481 1193 2509 meritorum
1211 2482 1460 2518 snil‘ragiorumque
1473 2481 1633 2509 Vestrorum
1652 2488 1824 2516 aspergerer.

188 2528 278 2563 Quod,
291 2528 409 2556 multum
422 2528 457 2556 iis
472 2528 608 2563 indigens,
622 2527 687 2555 licet
706 2535 762 2555 non
784 2528 876 2556 minus
899 2529 1064 2562 immeritus,
1081 2534 1147 2565 opto
1160 2534 1188 2557 et
1200 2537 1297 2563 voveo,
1311 2530 1478 2558 faustissima
1498 2529 1582 2558 Vobis
1600 2530 1692 2557 omnia
1708 2537 1825 2565 preeans

187 2581 216 2603 et
227 2583 375 2611 auguralis.
388 2575 464 2608 Vale,
480 2575 637 2602 venerabilis
660 2579 746 2611 pater,
767 2581 795 2603 et
816 2576 869 2604 hoc
890 2577 1091 2613 qualecumque
1111 2577 1276 2613 obsequium
1287 2586 1323 2606 ne
1334 2579 1457 2614 graveris
1476 2578 1622 2606 admittere
1642 2577 1825 2605 addictissimi

188 2623 250 2651 Tibi
273 2628 301 2651 et
323 2624 456 2651 universo
478 2628 572 2651 vestro
593 2623 768 2651 sanctissimo
790 2625 881 2652 ordini
910 2625 1082 2653 devotissimi
1106 2625 1225 2654 clientis.
1254 2626 1415 2655 Scribebam
1442 2626 1558 2654 Tolosae
1583 2625 1643 2653 XVI
1667 2625 1725 2652 Kal.
1746 2625 1822 2660 Sept.

183 2670 219 2699 Δ.
240 2670 482 2700 (ῖιοιοειχχχιι.

949 2753 1072 2782 NOTAE.

223 2808 280 2850 (te)
294 2810 355 2850 Act.
373 2809 520 2850 “ipse,
535 2810 617 2839 xxv.
629 2811 724 2840 xxvr.
740 2811 810 2844 xm,
824 2812 851 2838 7.
871 2811 940 2839 xvr.
1069 2813 1126 2850 (is)
1145 2811 1253 2850 ξοζοιη.
1276 2813 1507 2850 HistLEcclLlib.
1529 2814 1562 2841 ιιι
1581 2821 1641 2850 cap.
1655 2813 1698 2841 ιδ.

224 2844 266 2875 (H
294 2845 316 2871 ιι
331 2844 393 2871 Cor.
412 2845 471 2877 xu,
488 2846 530 2872 16.
1073 2844 1125 2879 'it')
1144 2848 1171 2876 s.
1188 2849 1319 2876 Bemardi
1341 2849 1420 2877 Hom.
1439 2849 1473 2876 1v
1492 2857 1577 2884 super
1588 2844 1683 2877 Missus
1701 2851 1749 2876 εει.

225 2848 281 2915 (ιρζ
297 2879 308 2906 ι
322 2880 385 2906 Cor.
401 2880 445 2911 iv,
466 2883 491 2907 ti.
1069 2851 1126 2915 lis.)
1141 2884 1152 2911 1
1167 2884 1264 2912 Thess.
1278 2884 1311 2915 v.
1325 2884 1368 2912 Π.
1561 2901 1563 2903 -

225 2879 281 2915 (te)
297 2879 308 2906 1
322 2880 385 2906 Cor.
401 2880 445 2911 iv,
466 2883 491 2907 ti.

1069 2879 1126 2920 (15.)
1141 2884 1152 2911 l
1167 2884 1264 2912 Thess.
1278 2884 1311 2918 V,
1325 2884 1368 2912 ΓΙ.
1527 2879 1534 2884 ’
