2048 3153
711 183 758 212 ΔΙ)
775 183 957 213 OPUSCULA
973 183 1002 212 S.
1022 182 1165 211 MACARll
1183 182 1354 212 AEGYPTII.

544 269 759 315 PETRI
811 269 1100 316 POSSINl
1155 272 1295 319 SOC.
1346 272 1508 318 JESU

610 355 652 386 IN
671 355 909 387 THESAURUM
929 356 1140 389 ASCETICUM
1161 358 1444 390 PROLEGOMENA

257 503 264 537 1
277 501 299 529 1.
309 501 458 530 Duodecim
465 510 627 538 graecorum
635 502 747 532 Patrum
759 509 884 532 veterum
897 504 1009 532 octode-
1024 509 1046 537 Α
1063 503 1143 532 cuius
1159 502 1256 531 intima
1265 503 1342 531 notio
1351 511 1414 531 cum
1434 503 1507 531 tituli
1521 503 1587 532 huic
1597 500 1752 532 collectioni
1766 510 1846 540 prae-

214 548 270 577 cim
285 548 434 584 Opuscula,
449 557 600 584 numquam
614 549 748 578 hactenus
762 551 806 578 vel
820 558 918 587 graece
932 551 1006 579 edita

214 594 259 623 vel
269 595 353 623 latine
363 595 479 628 reddita,
491 601 608 631 utraque
622 596 705 625 simul
713 597 838 633 exposita
850 597 944 633 lingua
953 597 1006 625 hoc

214 642 328 670 collecta
337 647 506 678 syntagmate
516 643 577 674 tibi.
588 643 679 678 lector,
688 644 808 672 oﬂ'erens
826 652 886 677 oro,
901 649 932 672 ut
940 644 1005 671 dum

213 687 250 715 de
264 687 299 716 iis
311 692 341 715 et
358 695 455 716 eorum
475 689 636 718 auctoribus
651 696 768 724 meaque
783 689 812 716 in
828 689 883 716 illis
899 689 1005 716 exscri-

214 733 314 761 bendis
336 738 365 760 et
383 733 597 769 interpretandis
614 741 698 770 opera
719 735 865 770 quaedam,
884 743 955 770 quae
978 740 1006 762 te

214 787 297 807 nosse
312 779 426 815 juverit,
441 787 559 815 expono,
572 788 608 808 ne
628 780 741 808 brevem
760 780 934 808 commodare
954 787 1004 807 au-

212 826 348 853 dientiam
362 834 487 862 gravere.

249 872 365 900 Multum
382 877 412 900 et
431 873 512 901 dulce
522 880 537 900 a
546 872 636 908 prima
647 873 718 901 mihi
731 872 874 901 iuventute
882 873 1005 901 studium

214 919 268 947 fuit
277 919 460 948 bibliothecas
475 924 583 948 veteres
592 919 738 953 lustrandi,
746 927 870 956 quaeque
881 920 909 946 in
919 920 953 947 iis
964 920 1006 947 in-

213 965 301 998 edita,
311 965 475 1001 praesertim
484 973 592 1002 graeca,
604 970 782 995 servarentur
791 965 1006 1001 abelegantibus

214 1011 281 1039 olim
304 1011 423 1047 ingeniis
439 1011 602 1047 composita,
617 1019 672 1039 non
697 1011 880 1047 cognoscendi
903 1011 1004 1043 solum,

213 1057 289 1092 quod
305 1057 454 1086 insatiabili
472 1058 614 1093 voluptate
636 1057 780 1091 faciebam,
798 1057 847 1085 sed
863 1057 956 1089 etiam,
976 1056 1006 1084 in

213 1110 269 1137 quo
278 1102 443 1130 vincendum
449 1110 530 1138 saepe
540 1102 659 1130 taedium
665 1103 821 1130 aerumnosi
831 1102 933 1130 laboris
942 1101 1004 1134 fuit,

214 1148 295 1184 longa
304 1148 479 1176 describendi
490 1148 622 1184 patientia
633 1148 661 1176 in
672 1149 767 1177 literas
783 1148 858 1176 lectu
868 1148 1005 1176 faciliores

213 1201 249 1222 ex
262 1194 418 1230 archetypis
426 1201 494 1222 aevo
506 1194 559 1222 iam
571 1194 799 1222 evanescentibus
812 1193 1005 1226 transierendi,

214 1240 237 1267 si
248 1247 340 1275 quaex
353 1240 397 1267 his
408 1240 525 1268 aliorum
538 1245 586 1268 aut
600 1247 662 1268 meo
677 1240 739 1268 usui
760 1240 898 1275 quondam
913 1239 1007 1275 profu-

215 1291 277 1314 tura
287 1291 475 1321 sperarentur.
486 1286 516 1314 lu
525 1293 580 1321 quo
587 1286 716 1321 equidem
726 1293 742 1313 a
751 1285 828 1313 nullo
839 1285 1006 1321 scriptorum

215 1332 396 1360 laudabilium
411 1332 544 1360 abhorrui
556 1340 668 1368 genere,
681 1331 778 1367 utique
796 1331 844 1367 qui
863 1331 1006 1359 rhetorum

213 1380 299 1408 etiam
313 1384 343 1408 et
352 1385 497 1415 poetarum
511 1380 673 1407 nonnullam
686 1379 728 1407 sic
747 1378 933 1415 congesserim
948 1377 1005 1405 far-

215 1425 349 1461 raginem,
365 1425 512 1454 historicos
523 1432 591 1453 vero
606 1425 739 1461 quosdam
754 1424 903 1457 ediderim;
919 1424 1006 1452 fateor

216 1474 319 1502 tamen,
343 1470 468 1506 proniori
489 1478 533 1498 me
549 1471 651 1498 affectu
673 1470 832 1499 incubuisse
849 1470 884 1498 ad
903 1470 1006 1505 scripta

216 1516 328 1545 Patrum
342 1524 375 1544 ac
384 1516 577 1552 Magistrorum
593 1517 733 1545 Ecclesiae
750 1516 904 1552 priscorum
915 1516 1008 1544 adhuc

215 1561 330 1589 latentia
340 1568 356 1588 e
371 1561 485 1596 pulvere
500 1562 658 1597 pluteorum
673 1561 806 1594 eruenda,
821 1569 870 1589 seu
886 1569 957 1596 quae
972 1561 1006 1589 ad

216 1607 354 1635 librorum
381 1608 578 1635 eanonieorum
591 1607 793 1643 expositionem
806 1612 942 1643 spectant,
957 1615 1007 1635 seu

215 1654 351 1682 culturam
362 1661 471 1682 morum
488 1650 685 1690 religionisque
704 1654 880 1689 disciplinam
895 1662 928 1681 ex
942 1661 1007 1689 pro-

215 1699 288 1727 fesso
301 1700 456 1728 tractantia.
481 1700 585 1728 Prioris
611 1700 766 1736 argumenti
794 1699 928 1735 quaedam
951 1699 1006 1727 luci

214 1745 291 1778 dedi,
305 1745 384 1781 plura
397 1744 426 1772 in
438 1745 548 1773 scriniis
563 1744 662 1773 habeo.
681 1744 753 1772 Sunt
767 1745 840 1772 enim
852 1752 936 1779 penes
950 1752 1005 1777 me,

215 1792 288 1820 ultra
305 1792 410 1820 dudum
424 1791 502 1820 datas
511 1792 623 1819 Patrum
644 1791 781 1827 symbolas
796 1791 824 1818 in
841 1791 1007 1818 Matthaeum

213 1843 244 1865 et
256 1837 389 1870 Marcum,
404 1837 595 1873 supplementa
605 1842 635 1865 et
653 1837 775 1865 auctaria
793 1836 911 1872 insignia
924 1836 1005 1864 Cate-

215 1891 313 1910 narum
331 1883 467 1911 editarum
481 1883 510 1911 in
526 1883 629 1912 Lucam
643 1891 675 1911 ac
686 1883 818 1912 Joannem
829 1887 857 1911 et
875 1883 904 1910 in
917 1883 1006 1911 Gene—

213 1929 267 1956 sim
278 1938 286 1962 ;
296 1928 416 1957 Catenae
426 1929 492 1958 item
501 1930 624 1966 integrae
641 1930 846 1965 copiosissimae
856 1929 885 1957 in
897 1929 1006 1962 Isaiam,

214 1974 400 2007 Ezechielem,
422 1975 580 2009 Danielem;
607 1975 712 2003 scholia
734 1975 838 2011 pariter
857 1983 955 2011 graeca
978 1975 1006 2003 in

215 2021 366 2056 prophetas
387 2029 509 2049 minores
532 2021 698 2055 duodecim;
724 2025 874 2057 perpetuus
894 2021 1007 2056 insuper

214 2067 437 2095 Commentarius
456 2067 537 2095 libris
559 2067 706 2095 duodecim
729 2074 866 2102 expansus
885 2066 913 2094 S.
939 2066 1007 2094 Gre-

215 2113 285 2150 gorii
311 2114 435 2150 episcopi
453 2113 624 2150 Agrigentini
649 2113 678 2141 in
699 2113 895 2146 Ecclesiasten,
923 2120 1005 2148 quem

215 2160 328 2188 erudito
341 2160 435 2188 iuveni
452 2160 548 2188 Ioanni
558 2160 707 2189 Francisco
717 2160 752 2187 de
763 2160 869 2188 Rubeis
881 2161 1006 2188 Romano

216 2206 352 2234 latinitate
366 2213 398 2233 ac
418 2206 479 2234 lucc
495 2206 653 2234 donandum
683 2205 688 2241 |
704 2206 802 2241 reliqui
817 2207 904 2234 Roma
914 2206 1006 2234 disce-

215 2249 285 2277 dens
302 2258 376 2277 anno
387 2250 524 2285 superiori
537 2250 603 2278 1681
617 2259 625 2284 ;
639 2250 758 2286 denique
777 2251 1008 2286 complementum

214 2297 309 2332 operis
333 2296 492 2332 imperfecte
511 2297 578 2325 editi
591 2297 619 2325 S.
632 2297 756 2334 Gregorii
771 2297 886 2334 Nysseni
897 2298 925 2325 in
938 2306 1008 2326 eun-

215 2342 279 2370 dem
292 2342 488 2375 Ecclesiasten,
503 2348 566 2378 post
577 2348 650 2376 octo,
661 2351 732 2379 quae
746 2348 863 2377 exstant,
882 2343 1009 2372 homilias

215 2389 417 2424 expositionem
431 2389 616 2424 perducentes
629 2390 663 2417 ad
677 2390 787 2418 tertium
797 2391 940 2423 duntaxat,
957 2398 1009 2418 nec

1057 549 1104 576 ﬁxi
1126 548 1308 585 intelligentia
1331 554 1361 577 et
1381 549 1511 577 universo
1530 554 1692 584 argumento
1712 549 1845 577 librorum

1056 595 1111 623 hoc
1130 599 1250 631 systema
1275 595 1456 623 conﬁantium
1483 595 1622 630 implicata
1636 599 1689 628 est,
1705 595 1807 628 lucide,
1822 595 1847 623 si

1056 649 1179 677 possum,
1190 641 1375 678 distincteque
1391 641 1560 670 declarandi.
1571 641 1707 669 Graecum
1720 641 1847 674 verbum,

1056 688 1102 715 cui
1120 688 1205 716 latina
1216 696 1336 715 exercere
1346 695 1378 715 ac
1394 688 1517 715 meditari
1535 686 1720 723 respondent,
1740 687 1794 714 iam
1812 686 1848 714 ab

1056 741 1123 762 aevo
1132 734 1285 769 priscorum
1294 734 1445 762 Atticorum
1463 741 1519 761 non
1535 733 1569 761 ad
1588 732 1710 761 cuiusvis
1725 732 1848 760 exercitii

1056 779 1284 815 signiﬁcationem
1299 780 1467 815 applicatum
1484 784 1537 813 est,
1548 779 1597 807 sed
1608 783 1767 807 constanter
1777 784 1806 807 et
1815 787 1849 807 ex

1055 826 1180 862 professo
1210 827 1302 855 iterati
1327 827 1360 854 ad
1389 831 1496 855 certum
1517 827 1600 855 ﬁnem
1618 826 1781 862 perﬁciendi
1804 826 1848 854 vel

1056 872 1180 907 corporis
1200 873 1244 900 vel
1276 873 1372 900 animi.
1383 873 1452 901 Nam
1478 878 1508 901 et
1529 873 1627 900 militia
1646 877 1674 900 et
1699 872 1849 908 pugilatus,

1055 926 1164 951 cursus,
1176 919 1249 946 lucta
1263 919 1402 954 ceterique
1411 923 1559 954 agones,et
1568 918 1687 951 venatio,
1698 921 1727 946 et
1740 921 1848 950 cantus,

1055 970 1084 993 et
1093 965 1224 992 tibiarum
1233 972 1266 992 ac
1275 964 1371 992 ﬁdium
1382 965 1510 997 melodia,
1521 964 1680 999 similesque
1690 968 1738 991 aut
1749 963 1849 990 iucun-

1056 1011 1107 1039 dae
1121 1016 1170 1038 aut
1183 1011 1265 1039 utiles
1283 1011 1401 1046 ideoque
1419 1010 1448 1038 in
1459 1010 1548 1046 pretio
1566 1009 1676 1037 habitae
1691 1014 1775 1041 artes,
1786 1017 1851 1037 suas

1055 1057 1264 1093 habentcuique
1274 1057 1494 1085 accommodatas
1504 1063 1613 1088 asceses,
1624 1055 1813 1082 meditamenta
1822 1060 1851 1082 et

1056 1105 1331 1141 pracexercitationes,
1344 1104 1446 1139 quibus
1463 1103 1497 1130 ad
1507 1111 1553 1131 eas
1571 1102 1716 1130 initientur
1727 1102 1774 1137 qui
1792 1102 1850 1129 cla-

1056 1158 1168 1179 rescere
1178 1154 1226 1178 aut
1235 1150 1311 1178 beari
1321 1158 1371 1184 per
1381 1150 1441 1177 illas
1451 1153 1571 1184 sperant.
1583 1148 1748 1182 Plerumque
1759 1152 1850 1174 tamen
1864 1157 1869 1164 -

1057 1196 1214 1232 philosophi
1233 1199 1342 1223 veteres
1352 1195 1386 1223 ad
1397 1195 1498 1223 mentis
1508 1195 1643 1222 culturam
1660 1194 1851 1227 virtutumque

1056 1243 1174 1279 praxim,
1192 1251 1244 1278 per
1261 1250 1331 1277 quas
1349 1242 1432 1269 homo
1451 1241 1485 1268 ad
1502 1240 1662 1269 felicitatem
1681 1240 1849 1275 disponitur,

1057 1297 1174 1318 asceseos
1184 1288 1395 1324 appellationem
1406 1287 1580 1322 adaptarunt.
1591 1286 1666 1320 Quos
1675 1286 1773 1314 imitati
1784 1293 1852 1313 una-

1056 1335 1126 1363 nimi
1143 1342 1278 1363 consensu
1299 1334 1353 1362 iam
1363 1342 1379 1362 a
1387 1333 1486 1370 primis
1501 1333 1570 1368 legis
1579 1339 1666 1361 novae
1676 1331 1793 1360 saeculis
1801 1339 1849 1359 ec-

1057 1381 1206 1410 clesiastici
1221 1381 1372 1416 scriptores
1391 1380 1493 1408 ascesin
1503 1386 1559 1407 non
1581 1379 1639 1407 fere
1664 1379 1745 1406 aliam
1767 1385 1851 1413 agno-

1058 1433 1139 1457 scunt
1147 1433 1176 1456 et
1194 1428 1366 1468 praedicant,
1377 1432 1460 1462 quam
1469 1434 1539 1462 quae
1550 1426 1584 1453 ab
1595 1425 1661 1460 ipsis
1670 1424 1850 1460 distinguitur

1059 1476 1189 1503 adiuncto
1204 1475 1314 1510 pietatis
1328 1482 1359 1502 ac
1382 1473 1523 1509 religionis
1533 1494 1541 1505 ,
1553 1480 1621 1508 quae
1634 1473 1753 1499 animum
1766 1471 1851 1506 pascit

1059 1521 1154 1548 divinis
1168 1519 1304 1547 sensibus:
1316 1519 1401 1546 verba
1425 1523 1490 1546 sunt
1504 1518 1597 1545 Basilii
1613 1516 1712 1552 Magni,
1731 1516 1850 1551 scripto—

1058 1574 1120 1594 rum
1139 1566 1321 1594 asceticorum
1340 1565 1421 1592 facile
1443 1564 1584 1600 principis,
1602 1563 1631 1591 in
1651 1563 1722 1590 libro
1736 1562 1776 1590 De
1788 1562 1846 1590 vita

1058 1613 1190 1641 solitaria.
1204 1612 1321 1640 Addicta
1336 1612 1420 1647 igitur
1437 1619 1488 1638 usu
1505 1610 1559 1638 iam
1576 1610 1642 1638 olim
1664 1608 1850 1637 ecclesiastico

1057 1663 1099 1687 est
1125 1659 1220 1686 ascesis
1244 1665 1342 1694 graeca
1365 1665 1419 1685 vox
1450 1656 1612 1684 indicandae
1637 1655 1715 1691 prasi
1740 1660 1851 1683 actuum

1058 1705 1231 1733 internorum
1254 1705 1391 1732 humanae
1410 1704 1512 1731 mentis
1525 1707 1553 1730 et
1567 1701 1717 1733 voluntatis
1731 1702 1787 1729 Deo
1801 1708 1851 1729 co-

1058 1750 1140 1779 lendo
1149 1755 1178 1778 et
1192 1750 1245 1778 sibi
1255 1749 1441 1785 perﬁciendis,
1452 1756 1561 1783 semper
1570 1747 1683 1783 quidem
1692 1752 1721 1774 et
1738 1747 1850 1782 ubique,

1058 1797 1107 1825 sed
1127 1796 1156 1824 in
1181 1804 1293 1824 secessu
1322 1796 1488 1831 praesertim
1512 1802 1546 1822 ac
1567 1793 1729 1826 solitudine,
1754 1797 1802 1820 aut
1823 1792 1852 1820 in

1059 1843 1188 1870 convictu
1210 1845 1239 1869 et
1263 1841 1446 1869 contubernio
1469 1840 1544 1868 idem
1569 1847 1604 1867 ex
1619 1839 1746 1867 instituto
1762 1838 1852 1866 medi-

1061 1888 1146 1917 tantis
1165 1887 1319 1915 sodalitatis
1329 1885 1543 1914 attendentium.

1086 1934 1130 1961 lll.
1137 1931 1430 1961 CharacterEcclesiae
1438 1929 1541 1958 Christi
1549 1933 1602 1962 est,
1607 1929 1851 1956 honorarenumcn

1058 1985 1114 2006 non
1128 1977 1208 2006 labiis
1222 1978 1310 2005 solum
1329 1980 1378 2004 aut
1400 1974 1579 2010 usurpatione
1596 1972 1720 2001 sensibili
1735 1972 1850 2004 rituum,

1057 2025 1131 2061 quod
1138 2023 1257 2052 faciebat
1265 2023 1415 2059 Synagoga,
1423 2021 1470 2049 sed
1477 2019 1618 2055 conceptis
1623 2019 1719 2047 intime
1726 2017 1853 2045 sensibus

1059 2071 1259 2106 aﬁ‘ectibusque
1273 2069 1365 2098 devoti
1386 2068 1498 2104 penitus
1513 2066 1608 2094 animi.
1630 2065 1688 2093 Hoc
1705 2064 1853 2092 discrimen

1059 2117 1187 2145 Christus
1194 2115 1324 2152 exprimit
1337 2115 1381 2142 his
1392 2113 1485 2142 verbis
1499 2112 1698 2141 Samaritanam
1712 2111 1854 2145 alloquens

1060 2153 1139 2192 joan.
1159 2163 1212 2190 IV:
1229 2161 1339 2195 Mulier,
1354 2161 1426 2188 venit
1440 2161 1517 2193 hora,
1538 2163 1564 2186 et
1584 2167 1655 2186 nunc
1678 2162 1726 2190 est,
1748 2156 1854 2192 quando

1059 2210 1114 2238 veri
1125 2209 1279 2237 adoratores
1301 2207 1451 2235 adorabunt
1465 2206 1574 2233 Patrem
1589 2206 1617 2233 in
1629 2205 1724 2241 spiritu
1744 2207 1768 2230 et
1784 2203 1854 2230 veri-

1059 2261 1125 2285 tate.
1137 2257 1277 2284 Summam
1287 2254 1341 2283 sibi
1355 2252 1496 2289 religionis
1507 2256 1587 2280 vetus
1597 2248 1761 2279 Iudaeorum
1779 2248 1854 2276 natio

1058 2303 1180 2340 ponebat
1194 2303 1223 2330 in
1234 2300 1368 2337 speciosis
1383 2298 1545 2328 cerimoniis
1558 2302 1587 2326 et
1597 2297 1715 2333 pompis,
1730 2295 1854 2331 qualium

1058 2347 1294 2376 ostendendarnm
1317 2345 1468 2381 professam
1497 2347 1526 2370 et
1547 2347 1742 2377 quaestuosam
1766 2345 1853 2366 artem

1059 2393 1173 2422 Scribae
1207 2392 1370 2428 praesertim
1394 2389 1591 2424 Pharisaeique
1617 2386 1786 2415 factitabant.
1820 2386 1856 2413 lis

216 2434 307 2469 ipsum
324 2439 412 2462 totum
429 2434 501 2462 sacri
522 2435 583 2462 eius
598 2435 662 2462 libri
677 2440 770 2471 caput,
790 2435 928 2471 reliquum
943 2436 1007 2464 uni-
1025 2457 1046 2484 Β
1061 2439 1310 2475 quomodocunque
1327 2437 1415 2464 functi
1436 2435 1575 2472 perfectos
1591 2442 1621 2462 se
1637 2432 1854 2463 arbitrabantur,

215 2489 328 2509 versum
347 2481 436 2509 Patris
455 2481 581 2509 eiusdem
595 2481 770 2510 disertissimi
783 2490 871 2518 usque
887 2482 921 2509 ad
947 2490 1010 2510 ver-

216 2535 279 2555 sum
293 2527 421 2555 ultimum
443 2527 576 2562 postremi
587 2526 743 2555 duodecimi
761 2528 860 2563 capitis
872 2535 1010 2555 commen-

218 2575 318 2602 tarium
328 2574 472 2601 exhibens.

252 2621 285 2649 ΙΙ.
305 2620 436 2648 Confiteri
457 2625 551 2648 tamen
560 2618 659 2652 debeo,
669 2618 835 2647 delectatum
845 2627 889 2647 me
899 2619 1010 2655 potissi-

217 2674 293 2694 mum
323 2674 441 2694 occursu
461 2673 578 2701 operum
593 2665 627 2692 ab
638 2665 760 2700 antiquis
775 2666 865 2701 magni
890 2665 1010 2693 nominis

217 2713 347 2741 Patribus
356 2713 522 2748 scriptorum
533 2712 567 2739 de
578 2711 704 2740 interiori
715 2712 855 2747 religionis
865 2712 1009 2747 disciplina

218 2767 300 2794 quam
324 2759 430 2787 ascesin
452 2763 562 2791 vocant,
573 2766 673 2794 graeco
694 2758 827 2786 vocabulo
839 2759 1006 2785 exercitatio-

220 2814 278 2832 nem
294 2806 380 2833 latine
398 2811 522 2838 sonante,
543 2807 591 2834 sed
606 2806 667 2842 plus
683 2805 822 2841 quippiam
837 2806 1008 2842 significante

220 2858 301 2890 quam
312 2850 401 2886 primo
410 2851 472 2879 eius
481 2851 556 2879 vocis
566 2851 662 2879 auditu
676 2851 762 2879 menti
776 2851 934 2879 subiicitur.
948 2851 1008 2885 Quo

221 2897 324 2934 iniungi
334 2897 401 2925 mihi
412 2897 529 2926 cilicium
544 2898 644 2931 sentio,
659 2906 715 2926 rcm
727 2898 812 2933 ipsam
827 2898 898 2926 hanc
913 2903 1008 2931 totam,

1063 2485 1153 2513 securi
1183 2485 1334 2512 celatorum
1364 2483 1440 2511 intus
1463 2482 1589 2509 ulcerum
1616 2487 1680 2507 reae
1702 2478 1802 2506 mcntis
1828 2482 1857 2505 et

1064 2531 1276 2559 criminosorum
1291 2530 1440 2558 aﬁectuum
1449 2527 1585 2556 consciae.
1597 2525 1676 2560 Quod
1686 2524 1857 2560 exprobrans

1060 2578 1115 2605 illis
1145 2577 1273 2606 Christus
1302 2576 1342 2604 ait
1362 2575 1458 2603 Matth.
1484 2573 1581 2605 XXlll,
1603 2573 1656 2600 925:
1689 2571 1742 2598 Vae
1765 2571 1856 2603 vobis,

1058 2624 1166 2652 Scribae
1183 2628 1207 2650 et
1222 2622 1373 2654 Pharisaei,
1386 2621 1450 2657 quia
1467 2619 1601 2647 mundatis
1618 2617 1688 2653 quod
1707 2617 1804 2652 deforis
1819 2620 1857 2644 est

1059 2670 1149 2698 colicis
1163 2674 1187 2697 et
1202 2669 1362 2705 paropsidis,
1379 2667 1384 2703 Ι
1399 2668 1472 2694 intus
1487 2670 1576 2693 autem
1595 2664 1668 2701 pleni
1683 2665 1744 2690 estis
1759 2663 1856 2698 rapina

1058 2720 1082 2742 et
1098 2715 1300 2744 immunditia...
1328 2712 1426 2740 similes
1453 2710 1598 2747 sepulchris
1626 2709 1767 2741 dealbatis,
1789 2717 1857 2744 quae

1062 2761 1143 2796 aforis
1161 2764 1257 2796 parent
1281 2759 1428 2786 hominibus
1445 2758 1574 2794 speciosa,
1594 2757 1666 2783 intus
1692 2764 1753 2782 vero
1776 2755 1856 2790 plena

1061 2811 1122 2833 sunt
1142 2806 1240 2833 ossibus
1267 2809 1431 2831 mortuorum
1451 2808 1476 2831 et
1499 2803 1571 2830 omni
1591 2802 1730 2838 spurcitia.
1754 2801 1856 2834 Quem-

1062 2852 1209 2880 admodum
1218 2859 1283 2887 ergo
1291 2854 1394 2878 certam
1402 2849 1561 2878 methodum
1570 2857 1602 2877 ac
1609 2848 1752 2876 famulam
1763 2848 1858 2875 obser-

1063 2898 1203 2927 vationum
1224 2898 1338 2926 istarum
1350 2896 1529 2925 Mosaicarum
1542 2895 1635 2924 ludaci
1646 2895 1714 2931 legis
1729 2894 1858 2922 doctores
