  <div class='ocr_page' id='page_1' title='image "/cluster/home/n/w/nwhite01/storage/ocr_20150623/34/njp.32101077772547/185.png"; bbox 0 0 2048 3153; ppageno 0'>
   <div class='ocr_carea' id='block_1_1' title="bbox 204 182 255 212">
    <p class='ocr_par' dir='ltr' id='par_1_1' title="bbox 204 182 255 212">
     <span class='ocr_line' id='line_1_1' title="bbox 204 182 255 212; baseline 0 0"><span class='ocrx_word' id='word_1_1' title='bbox 204 182 255 212; x_wconf 71' lang='grc'><strong>531</strong></span> 
     </span>
    </p>
   </div>
   <div class='ocr_carea' id='block_1_2' title="bbox 716 180 1293 210">
    <p class='ocr_par' dir='ltr' id='par_1_2' title="bbox 716 180 1293 210">
     <span class='ocr_line' id='line_1_2' title="bbox 716 180 1293 210; baseline 0.003 -2"><span class='ocrx_word' id='word_1_2' title='bbox 716 186 717 189; x_wconf 84' lang='lat'>‘</span> <span class='ocrx_word' id='word_1_3' title='bbox 763 180 865 208; x_wconf 81' lang='lat' dir='ltr'><strong>PETRI</strong></span> <span class='ocrx_word' id='word_1_4' title='bbox 886 182 1016 208; x_wconf 73' lang='grc' dir='ltr'><strong>υυδδιΜ</strong></span> <span class='ocrx_word' id='word_1_5' title='bbox 1037 181 1293 210; x_wconf 78' lang='lat' dir='ltr'><strong>PROLEGOMENA</strong></span> 
     </span>
    </p>
   </div>
   <div class='ocr_carea' id='block_1_3' title="bbox 1781 182 1835 210">
    <p class='ocr_par' dir='ltr' id='par_1_3' title="bbox 1781 182 1835 210">
     <span class='ocr_line' id='line_1_3' title="bbox 1781 182 1835 210; baseline 0 0"><span class='ocrx_word' id='word_1_6' title='bbox 1781 182 1835 210; x_wconf 72' lang='lat'><strong>552</strong></span> 
     </span>
    </p>
   </div>
   <div class='ocr_carea' id='block_1_4' title="bbox 206 235 1835 275">
    <p class='ocr_par' dir='ltr' id='par_1_4' title="bbox 206 235 1835 275">
     <span class='ocr_line' id='line_1_4' title="bbox 206 235 1835 275; baseline -0.005 -8"><span class='ocrx_word' id='word_1_7' title='bbox 206 240 338 275; x_wconf 82' lang='lat' dir='ltr'><strong>digestam</strong></span> <span class='ocrx_word' id='word_1_8' title='bbox 356 239 383 266; x_wconf 94' lang='lat' dir='ltr'><strong>in</strong></span> <span class='ocrx_word' id='word_1_9' title='bbox 399 236 506 273; x_wconf 84' lang='lat' dir='ltr'><strong>regulas</strong></span> <span class='ocrx_word' id='word_1_10' title='bbox 529 241 557 263; x_wconf 88' lang='lat' dir='ltr'><strong>et</strong></span> <span class='ocrx_word' id='word_1_11' title='bbox 582 235 761 271; x_wconf 70' lang='lat' dir='ltr'><strong>compositam</strong></span> <span class='ocrx_word' id='word_1_12' title='bbox 779 236 917 264; x_wconf 82' lang='lat' dir='ltr'><strong>habebant</strong></span> <span class='ocrx_word' id='word_1_13' title='bbox 934 241 990 264; x_wconf 87' lang='lat' dir='ltr'><strong>tra-</strong></span> <span class='ocrx_word' id='word_1_14' title='bbox 1007 240 1028 268; x_wconf 83' lang='grc' dir='ltr'><strong>Α</strong></span> <span class='ocrx_word' id='word_1_15' title='bbox 1044 239 1122 266; x_wconf 85' lang='lat' dir='ltr'><strong>tariis</strong></span> <span class='ocrx_word' id='word_1_16' title='bbox 1141 239 1177 266; x_wconf 88' lang='lat' dir='ltr'><strong>ita</strong></span> <span class='ocrx_word' id='word_1_17' title='bbox 1188 247 1204 266; x_wconf 91' lang='lat' dir='ltr'><strong>e</strong></span> <span class='ocrx_word' id='word_1_18' title='bbox 1218 246 1315 274; x_wconf 86' lang='lat' dir='ltr'><strong>graeca</strong></span> <span class='ocrx_word' id='word_1_19' title='bbox 1326 237 1438 266; x_wconf 91' lang='lat' dir='ltr'><strong>latinam</strong></span> <span class='ocrx_word' id='word_1_20' title='bbox 1453 237 1554 272; x_wconf 81' lang='lat' dir='ltr'><strong>facere,</strong></span> <span class='ocrx_word' id='word_1_21' title='bbox 1567 243 1598 266; x_wconf 93' lang='lat' dir='ltr'><strong>ut</strong></span> <span class='ocrx_word' id='word_1_22' title='bbox 1610 238 1667 274; x_wconf 88' lang='lat' dir='ltr'><strong>ipsa</strong></span> <span class='ocrx_word' id='word_1_23' title='bbox 1683 242 1775 266; x_wconf 71' lang='lat' dir='ltr'><strong>tamen</strong></span> <span class='ocrx_word' id='word_1_24' title='bbox 1790 248 1835 266; x_wconf 63' lang='lat' dir='ltr'><strong>ar-</strong></span> 
     </span>
    </p>
   </div>
   <div class='ocr_carea' id='block_1_5' title="bbox 206 282 993 320">
    <p class='ocr_par' dir='ltr' id='par_1_5' title="bbox 206 282 993 320">
     <span class='ocr_line' id='line_1_5' title="bbox 206 282 993 320; baseline -0.005 -6"><span class='ocrx_word' id='word_1_25' title='bbox 206 286 362 320; x_wconf 74' lang='lat' dir='ltr'><strong>dabantque</strong></span> <span class='ocrx_word' id='word_1_26' title='bbox 373 284 407 311; x_wconf 94' lang='lat' dir='ltr'><strong>ad</strong></span> <span class='ocrx_word' id='word_1_27' title='bbox 424 291 502 310; x_wconf 86' lang='lat' dir='ltr'><strong>usum</strong></span> <span class='ocrx_word' id='word_1_28' title='bbox 520 282 681 318; x_wconf 88' lang='lat' dir='ltr'><strong>plerumque</strong></span> <span class='ocrx_word' id='word_1_29' title='bbox 703 290 808 310; x_wconf 89' lang='lat' dir='ltr'><strong>merum</strong></span> <span class='ocrx_word' id='word_1_30' title='bbox 831 283 993 310; x_wconf 87' lang='lat' dir='ltr'><strong>ambitiosae</strong></span> 
     </span>
    </p>
   </div>
   <div class='ocr_carea' id='block_1_6' title="bbox 205 329 992 365">
    <p class='ocr_par' dir='ltr' id='par_1_6' title="bbox 205 329 992 365">
     <span class='ocr_line' id='line_1_6' title="bbox 205 329 992 365; baseline -0.005 -5"><span class='ocrx_word' id='word_1_31' title='bbox 205 330 407 362; x_wconf 86' lang='lat' dir='ltr'><strong>ostentationis,</strong></span> <span class='ocrx_word' id='word_1_32' title='bbox 427 330 464 356; x_wconf 89' lang='lat' dir='ltr'><strong>ita</strong></span> <span class='ocrx_word' id='word_1_33' title='bbox 478 337 528 364; x_wconf 88' lang='lat' dir='ltr'><strong>par</strong></span> <span class='ocrx_word' id='word_1_34' title='bbox 543 329 605 361; x_wconf 87' lang='lat' dir='ltr'><strong>fuit,</strong></span> <span class='ocrx_word' id='word_1_35' title='bbox 620 334 729 357; x_wconf 89' lang='lat' dir='ltr'><strong>sanctos</strong></span> <span class='ocrx_word' id='word_1_36' title='bbox 740 329 808 364; x_wconf 86' lang='lat' dir='ltr'><strong>legis</strong></span> <span class='ocrx_word' id='word_1_37' title='bbox 832 337 918 356; x_wconf 82' lang='lat' dir='ltr'><strong>novae</strong></span> <span class='ocrx_word' id='word_1_38' title='bbox 933 337 992 365; x_wconf 91' lang='lat' dir='ltr'><strong>my-</strong></span> 
     </span>
    </p>
   </div>
   <div class='ocr_carea' id='block_1_7' title="bbox 206 375 993 406">
    <p class='ocr_par' dir='ltr' id='par_1_7' title="bbox 206 375 993 406">
     <span class='ocr_line' id='line_1_7' title="bbox 206 375 993 406; baseline -0.005 0"><span class='ocrx_word' id='word_1_39' title='bbox 206 383 263 406; x_wconf 87' lang='lat' dir='ltr'><strong>stas</strong></span> <span class='ocrx_word' id='word_1_40' title='bbox 273 377 412 405; x_wconf 74' lang='lat' dir='ltr'><strong>interioris</strong></span> <span class='ocrx_word' id='word_1_41' title='bbox 422 375 506 403; x_wconf 82' lang='lat' dir='ltr'><strong>huius</strong></span> <span class='ocrx_word' id='word_1_42' title='bbox 515 375 563 402; x_wconf 87' lang='lat' dir='ltr'><strong>Dei</strong></span> <span class='ocrx_word' id='word_1_43' title='bbox 573 375 665 402; x_wconf 91' lang='lat' dir='ltr'><strong>cultus</strong></span> <span class='ocrx_word' id='word_1_44' title='bbox 676 375 766 403; x_wconf 87' lang='lat' dir='ltr'><strong>tacitis</strong></span> <span class='ocrx_word' id='word_1_45' title='bbox 775 375 902 403; x_wconf 89' lang='lat' dir='ltr'><strong>sensibus</strong></span> <span class='ocrx_word' id='word_1_46' title='bbox 915 383 993 402; x_wconf 90' lang='lat' dir='ltr'><strong>men-</strong></span> 
     </span>
    </p>
   </div>
   <div class='ocr_carea' id='block_1_8' title="bbox 207 421 994 457">
    <p class='ocr_par' dir='ltr' id='par_1_8' title="bbox 207 421 994 457">
     <span class='ocr_line' id='line_1_8' title="bbox 207 421 994 457; baseline -0.006 -4"><span class='ocrx_word' id='word_1_47' title='bbox 207 425 242 453; x_wconf 85' lang='lat' dir='ltr'><strong>tis</strong></span> <span class='ocrx_word' id='word_1_48' title='bbox 257 428 285 452; x_wconf 89' lang='lat' dir='ltr'><strong>et</strong></span> <span class='ocrx_word' id='word_1_49' title='bbox 294 422 440 451; x_wconf 86' lang='lat' dir='ltr'><strong>voluntatis</strong></span> <span class='ocrx_word' id='word_1_50' title='bbox 455 421 575 449; x_wconf 85' lang='lat' dir='ltr'><strong>motibus</strong></span> <span class='ocrx_word' id='word_1_51' title='bbox 586 422 699 449; x_wconf 81' lang='lat' dir='ltr'><strong>exerciti</strong></span> <span class='ocrx_word' id='word_1_52' title='bbox 714 427 809 455; x_wconf 89' lang='lat' dir='ltr'><strong>totam,</strong></span> <span class='ocrx_word' id='word_1_53' title='bbox 826 423 994 457; x_wconf 82' lang='lat' dir='ltr'><strong>exploratam</strong></span> 
     </span>
    </p>
   </div>
   <div class='ocr_carea' id='block_1_9' title="bbox 206 463 1044 504">
    <p class='ocr_par' dir='ltr' id='par_1_9' title="bbox 206 463 1044 504">
     <span class='ocr_line' id='line_1_9' title="bbox 206 463 1044 504; baseline -0.004 -6"><span class='ocrx_word' id='word_1_54' title='bbox 206 469 441 498; x_wconf 86' lang='lat' dir='ltr'><strong>animadversione</strong></span> <span class='ocrx_word' id='word_1_55' title='bbox 457 468 547 504; x_wconf 87' lang='lat' dir='ltr'><strong>longa,</strong></span> <span class='ocrx_word' id='word_1_56' title='bbox 568 472 597 495; x_wconf 89' lang='lat' dir='ltr'><strong>et</strong></span> <span class='ocrx_word' id='word_1_57' title='bbox 613 468 703 496; x_wconf 83' lang='lat' dir='ltr'><strong>literis</strong></span> <span class='ocrx_word' id='word_1_58' title='bbox 722 468 994 504; x_wconf 84' lang='lat' dir='ltr'><strong>commissamexpli-</strong></span> <span class='ocrx_word' id='word_1_59' title='bbox 1038 463 1044 470; x_wconf 72' lang='grc'><em>’</em></span> 
     </span>
    </p>
   </div>
   <div class='ocr_carea' id='block_1_10' title="bbox 206 517 420 545">
    <p class='ocr_par' dir='ltr' id='par_1_10' title="bbox 206 517 420 545">
     <span class='ocr_line' id='line_1_10' title="bbox 206 517 420 545; baseline -0.014 0"><span class='ocrx_word' id='word_1_60' title='bbox 206 524 268 545; x_wconf 87' lang='lat' dir='ltr'><strong>care</strong></span> <span class='ocrx_word' id='word_1_61' title='bbox 277 517 420 544; x_wconf 87' lang='lat' dir='ltr'><strong>rationem.</strong></span> 
     </span>
    </p>
   </div>
   <div class='ocr_carea' id='block_1_11' title="bbox 241 560 997 598">
    <p class='ocr_par' dir='ltr' id='par_1_11' title="bbox 241 560 997 598">
     <span class='ocr_line' id='line_1_11' title="bbox 241 560 997 598; baseline -0.003 -8"><span class='ocrx_word' id='word_1_62' title='bbox 241 562 315 590; x_wconf 84' lang='lat' dir='ltr'><strong>Talis</strong></span> <span class='ocrx_word' id='word_1_63' title='bbox 336 562 409 598; x_wconf 90' lang='lat' dir='ltr'><strong>hyle,</strong></span> <span class='ocrx_word' id='word_1_64' title='bbox 425 561 486 589; x_wconf 89' lang='lat' dir='ltr'><strong>talis</strong></span> <span class='ocrx_word' id='word_1_65' title='bbox 508 568 608 597; x_wconf 80' lang='lat' dir='ltr'><strong>scapus</strong></span> <span class='ocrx_word' id='word_1_66' title='bbox 625 565 667 589; x_wconf 87' lang='lat' dir='ltr'><strong>est</strong></span> <span class='ocrx_word' id='word_1_67' title='bbox 687 561 784 589; x_wconf 92' lang='lat' dir='ltr'><strong>horum</strong></span> <span class='ocrx_word' id='word_1_68' title='bbox 802 563 872 596; x_wconf 86' lang='lat' dir='ltr'><strong>quos</strong></span> <span class='ocrx_word' id='word_1_69' title='bbox 889 560 997 588; x_wconf 88' lang='lat' dir='ltr'><strong>edimus</strong></span> 
     </span>
    </p>
   </div>
   <div class='ocr_carea' id='block_1_12' title="bbox 206 607 996 641">
    <p class='ocr_par' dir='ltr' id='par_1_12' title="bbox 206 607 996 641">
     <span class='ocr_line' id='line_1_12' title="bbox 206 607 996 641; baseline -0.004 -4"><span class='ocrx_word' id='word_1_70' title='bbox 206 609 350 641; x_wconf 88' lang='lat' dir='ltr'><strong>librorum,</strong></span> <span class='ocrx_word' id='word_1_71' title='bbox 367 616 421 636; x_wconf 93' lang='lat' dir='ltr'><strong>non</strong></span> <span class='ocrx_word' id='word_1_72' title='bbox 442 607 584 635; x_wconf 85' lang='lat' dir='ltr'><strong>monachis</strong></span> <span class='ocrx_word' id='word_1_73' title='bbox 599 607 731 634; x_wconf 75' lang='lat' dir='ltr'><strong>duntaxat</strong></span> <span class='ocrx_word' id='word_1_74' title='bbox 747 612 795 634; x_wconf 88' lang='lat' dir='ltr'><strong>aut</strong></span> <span class='ocrx_word' id='word_1_75' title='bbox 813 607 996 639; x_wconf 87' lang='lat' dir='ltr'><strong>anachoretis,</strong></span> 
     </span>
    </p>
   </div>
   <div class='ocr_carea' id='block_1_13' title="bbox 206 651 998 689">
    <p class='ocr_par' dir='ltr' id='par_1_13' title="bbox 206 651 998 689">
     <span class='ocr_line' id='line_1_13' title="bbox 206 651 998 689; baseline -0.004 -8"><span class='ocrx_word' id='word_1_76' title='bbox 206 653 280 689; x_wconf 86' lang='lat' dir='ltr'><strong>quod</strong></span> <span class='ocrx_word' id='word_1_77' title='bbox 294 653 383 681; x_wconf 89' lang='lat' dir='ltr'><strong>videri</strong></span> <span class='ocrx_word' id='word_1_78' title='bbox 398 653 515 688; x_wconf 85' lang='lat' dir='ltr'><strong>cuipiam</strong></span> <span class='ocrx_word' id='word_1_79' title='bbox 528 657 630 688; x_wconf 85' lang='lat' dir='ltr'><strong>posset,</strong></span> <span class='ocrx_word' id='word_1_80' title='bbox 647 652 767 684; x_wconf 88' lang='lat' dir='ltr'><strong>utilium,</strong></span> <span class='ocrx_word' id='word_1_81' title='bbox 780 652 827 679; x_wconf 87' lang='lat' dir='ltr'><strong>sed</strong></span> <span class='ocrx_word' id='word_1_82' title='bbox 843 651 998 687; x_wconf 89' lang='lat' dir='ltr'><strong>promiscue</strong></span> 
     </span>
    </p>
   </div>
   <div class='ocr_carea' id='block_1_14' title="bbox 207 697 998 733">
    <p class='ocr_par' dir='ltr' id='par_1_14' title="bbox 207 697 998 733">
     <span class='ocr_line' id='line_1_14' title="bbox 207 697 998 733; baseline -0.003 -6"><span class='ocrx_word' id='word_1_83' title='bbox 207 700 314 728; x_wconf 82' lang='lat' dir='ltr'><strong>cunctis</strong></span> <span class='ocrx_word' id='word_1_84' title='bbox 333 699 469 728; x_wconf 83' lang='lat' dir='ltr'><strong>Ecclesiae</strong></span> <span class='ocrx_word' id='word_1_85' title='bbox 487 699 604 727; x_wconf 84' lang='lat' dir='ltr'><strong>statibus</strong></span> <span class='ocrx_word' id='word_1_86' title='bbox 623 699 822 733; x_wconf 85' lang='lat' dir='ltr'><strong>ordinibusque</strong></span> <span class='ocrx_word' id='word_1_87' title='bbox 839 697 998 733; x_wconf 87' lang='lat' dir='ltr'><strong>profuturo-</strong></span> 
     </span>
    </p>
   </div>
   <div class='ocr_carea' id='block_1_15' title="bbox 210 743 999 780">
    <p class='ocr_par' dir='ltr' id='par_1_15' title="bbox 210 743 999 780">
     <span class='ocr_line' id='line_1_15' title="bbox 210 743 999 780; baseline -0.004 -8"><span class='ocrx_word' id='word_1_88' title='bbox 210 753 290 779; x_wconf 89' lang='lat' dir='ltr'><strong>rum;</strong></span> <span class='ocrx_word' id='word_1_89' title='bbox 306 745 446 780; x_wconf 85' lang='lat' dir='ltr'><strong>quoniam,</strong></span> <span class='ocrx_word' id='word_1_90' title='bbox 458 744 509 772; x_wconf 84' lang='lat' dir='ltr'><strong>etsi</strong></span> <span class='ocrx_word' id='word_1_91' title='bbox 525 744 628 772; x_wconf 86' lang='lat' dir='ltr'><strong>Christi</strong></span> <span class='ocrx_word' id='word_1_92' title='bbox 643 743 764 771; x_wconf 84' lang='lat' dir='ltr'><strong>Ecclesia</strong></span> <span class='ocrx_word' id='word_1_93' title='bbox 780 752 828 779; x_wconf 89' lang='lat' dir='ltr'><strong>per</strong></span> <span class='ocrx_word' id='word_1_94' title='bbox 840 743 999 771; x_wconf 83' lang='lat' dir='ltr'><strong>Bethaniam</strong></span> 
     </span>
    </p>
   </div>
   <div class='ocr_carea' id='block_1_16' title="bbox 209 789 1000 826">
    <p class='ocr_par' dir='ltr' id='par_1_16' title="bbox 209 789 1000 826">
     <span class='ocr_line' id='line_1_16' title="bbox 209 789 1000 826; baseline -0.003 -8"><span class='ocrx_word' id='word_1_95' title='bbox 209 791 322 826; x_wconf 80' lang='lat' dir='ltr'><strong>figurata</strong></span> <span class='ocrx_word' id='word_1_96' title='bbox 337 790 447 818; x_wconf 80' lang='lat' dir='ltr'><strong>Mariam</strong></span> <span class='ocrx_word' id='word_1_97' title='bbox 466 790 565 817; x_wconf 87' lang='lat' dir='ltr'><strong>habeat</strong></span> <span class='ocrx_word' id='word_1_98' title='bbox 585 790 613 817; x_wconf 92' lang='lat' dir='ltr'><strong>in</strong></span> <span class='ocrx_word' id='word_1_99' title='bbox 636 789 754 817; x_wconf 87' lang='lat' dir='ltr'><strong>solidum</strong></span> <span class='ocrx_word' id='word_1_100' title='bbox 777 789 1000 824; x_wconf 90' lang='lat' dir='ltr'><strong>contemplationi</strong></span> 
     </span>
    </p>
   </div>
   <div class='ocr_carea' id='block_1_17' title="bbox 208 834 1000 863">
    <p class='ocr_par' dir='ltr' id='par_1_17' title="bbox 208 834 1000 863">
     <span class='ocr_line' id='line_1_17' title="bbox 208 834 1000 863; baseline -0.003 -1"><span class='ocrx_word' id='word_1_101' title='bbox 208 836 328 863; x_wconf 79' lang='lat' dir='ltr'><strong>deditam</strong></span> <span class='ocrx_word' id='word_1_102' title='bbox 348 840 375 862; x_wconf 86' lang='lat' dir='ltr'><strong>et</strong></span> <span class='ocrx_word' id='word_1_103' title='bbox 392 835 523 862; x_wconf 84' lang='lat' dir='ltr'><strong>Martham</strong></span> <span class='ocrx_word' id='word_1_104' title='bbox 536 835 610 862; x_wconf 81' lang='lat' dir='ltr'><strong>vitae</strong></span> <span class='ocrx_word' id='word_1_105' title='bbox 623 834 727 862; x_wconf 85' lang='lat' dir='ltr'><strong>activae</strong></span> <span class='ocrx_word' id='word_1_106' title='bbox 740 834 900 861; x_wconf 86' lang='lat' dir='ltr'><strong>ministeriis</strong></span> <span class='ocrx_word' id='word_1_107' title='bbox 913 837 1000 860; x_wconf 87' lang='lat' dir='ltr'><strong>atten-</strong></span> 
     </span>
    </p>
   </div>
   <div class='ocr_carea' id='block_1_18' title="bbox 208 880 999 917">
    <p class='ocr_par' dir='ltr' id='par_1_18' title="bbox 208 880 999 917">
     <span class='ocr_line' id='line_1_18' title="bbox 208 880 999 917; baseline -0.003 -9"><span class='ocrx_word' id='word_1_108' title='bbox 208 882 330 913; x_wconf 87' lang='lat' dir='ltr'><strong>dentem,</strong></span> <span class='ocrx_word' id='word_1_109' title='bbox 350 885 439 908; x_wconf 88' lang='lat' dir='ltr'><strong>tamen</strong></span> <span class='ocrx_word' id='word_1_110' title='bbox 464 889 498 908; x_wconf 87' lang='lat' dir='ltr'><strong>ex</strong></span> <span class='ocrx_word' id='word_1_111' title='bbox 521 881 578 908; x_wconf 85' lang='lat' dir='ltr'><strong>suis</strong></span> <span class='ocrx_word' id='word_1_112' title='bbox 601 882 751 908; x_wconf 83' lang='lat' dir='ltr'><strong>alterutrae</strong></span> <span class='ocrx_word' id='word_1_113' title='bbox 769 880 865 917; x_wconf 63' lang='lat' dir='ltr'><strong>oilieiis</strong></span> <span class='ocrx_word' id='word_1_114' title='bbox 883 880 999 907; x_wconf 84' lang='lat' dir='ltr'><strong>invicem</strong></span> 
     </span>
    </p>
   </div>
   <div class='ocr_carea' id='block_1_19' title="bbox 1044 285 1836 322">
    <p class='ocr_par' dir='ltr' id='par_1_19' title="bbox 1044 285 1836 322">
     <span class='ocr_line' id='line_1_19' title="bbox 1044 285 1836 322; baseline 0 -9"><span class='ocrx_word' id='word_1_115' title='bbox 1044 286 1160 322; x_wconf 78' lang='lat' dir='ltr'><strong>chetypa</strong></span> <span class='ocrx_word' id='word_1_116' title='bbox 1179 294 1233 313; x_wconf 92' lang='lat' dir='ltr'><strong>non</strong></span> <span class='ocrx_word' id='word_1_117' title='bbox 1256 285 1466 321; x_wconf 87' lang='lat' dir='ltr'><strong>supprimerem,</strong></span> <span class='ocrx_word' id='word_1_118' title='bbox 1485 285 1489 321; x_wconf 83' lang='lat'><strong>|</strong></span> <span class='ocrx_word' id='word_1_119' title='bbox 1505 293 1567 312; x_wconf 87' lang='lat' dir='ltr'><strong>cum</strong></span> <span class='ocrx_word' id='word_1_120' title='bbox 1585 285 1619 312; x_wconf 90' lang='lat' dir='ltr'><strong>ad</strong></span> <span class='ocrx_word' id='word_1_121' title='bbox 1638 285 1736 320; x_wconf 88' lang='lat' dir='ltr'><strong>pignus</strong></span> <span class='ocrx_word' id='word_1_122' title='bbox 1760 293 1836 313; x_wconf 89' lang='lat' dir='ltr'><strong>meae</strong></span> 
     </span>
    </p>
   </div>
   <div class='ocr_carea' id='block_1_20' title="bbox 1044 331 1837 368">
    <p class='ocr_par' dir='ltr' id='par_1_20' title="bbox 1044 331 1837 368">
     <span class='ocr_line' id='line_1_20' title="bbox 1044 331 1837 368; baseline -0.003 -8"><span class='ocrx_word' id='word_1_123' title='bbox 1044 332 1108 360; x_wconf 84' lang='lat' dir='ltr'><strong>ﬁdei</strong></span> <span class='ocrx_word' id='word_1_124' title='bbox 1131 332 1328 368; x_wconf 83' lang='lat' dir='ltr'><strong>praebendum,</strong></span> <span class='ocrx_word' id='word_1_125' title='bbox 1346 336 1403 360; x_wconf 91' lang='lat' dir='ltr'><strong>tum</strong></span> <span class='ocrx_word' id='word_1_126' title='bbox 1425 332 1460 359; x_wconf 88' lang='lat' dir='ltr'><strong>ad</strong></span> <span class='ocrx_word' id='word_1_127' title='bbox 1486 332 1606 359; x_wconf 91' lang='lat' dir='ltr'><strong>fructum</strong></span> <span class='ocrx_word' id='word_1_128' title='bbox 1630 340 1684 358; x_wconf 92' lang='lat' dir='ltr'><strong>non</strong></span> <span class='ocrx_word' id='word_1_129' title='bbox 1713 331 1837 359; x_wconf 85' lang='lat' dir='ltr'><strong>inviden-</strong></span> 
     </span>
    </p>
   </div>
   <div class='ocr_carea' id='block_1_21' title="bbox 1044 376 1836 413">
    <p class='ocr_par' dir='ltr' id='par_1_21' title="bbox 1044 376 1836 413">
     <span class='ocr_line' id='line_1_21' title="bbox 1044 376 1836 413; baseline -0.003 -7"><span class='ocrx_word' id='word_1_130' title='bbox 1044 379 1109 406; x_wconf 92' lang='lat' dir='ltr'><strong>dum</strong></span> <span class='ocrx_word' id='word_1_131' title='bbox 1131 378 1258 410; x_wconf 89' lang='lat' dir='ltr'><strong>eruditis,</strong></span> <span class='ocrx_word' id='word_1_132' title='bbox 1272 386 1306 406; x_wconf 79' lang='lat' dir='ltr'><strong>ex</strong></span> <span class='ocrx_word' id='word_1_133' title='bbox 1327 378 1396 413; x_wconf 90' lang='lat' dir='ltr'><strong>ipsa,</strong></span> <span class='ocrx_word' id='word_1_134' title='bbox 1412 377 1485 413; x_wconf 91' lang='lat' dir='ltr'><strong>quod</strong></span> <span class='ocrx_word' id='word_1_135' title='bbox 1506 377 1607 413; x_wconf 83' lang='lat' dir='ltr'><strong>passim</strong></span> <span class='ocrx_word' id='word_1_136' title='bbox 1629 377 1745 410; x_wconf 89' lang='lat' dir='ltr'><strong>malunt,</strong></span> <span class='ocrx_word' id='word_1_137' title='bbox 1761 376 1836 404; x_wconf 87' lang='lat' dir='ltr'><strong>fonte</strong></span> 
     </span>
    </p>
   </div>
   <div class='ocr_carea' id='block_1_22' title="bbox 1045 425 1201 452">
    <p class='ocr_par' dir='ltr' id='par_1_22' title="bbox 1045 425 1201 452">
     <span class='ocr_line' id='line_1_22' title="bbox 1045 425 1201 452; baseline -0.006 0"><span class='ocrx_word' id='word_1_138' title='bbox 1045 425 1201 452; x_wconf 88' lang='lat' dir='ltr'><strong>hauriendi.</strong></span> 
     </span>
    </p>
   </div>
   <div class='ocr_carea' id='block_1_23' title="bbox 1081 469 1835 505">
    <p class='ocr_par' dir='ltr' id='par_1_23' title="bbox 1081 469 1835 505">
     <span class='ocr_line' id='line_1_23' title="bbox 1081 469 1835 505; baseline -0.003 -6"><span class='ocrx_word' id='word_1_139' title='bbox 1081 472 1124 499; x_wconf 89' lang='lat' dir='ltr'><strong>lV.</strong></span> <span class='ocrx_word' id='word_1_140' title='bbox 1147 471 1297 499; x_wconf 83' lang='lat' dir='ltr'><strong>Reddenda</strong></span> <span class='ocrx_word' id='word_1_141' title='bbox 1316 470 1446 505; x_wconf 86' lang='lat' dir='ltr'><strong>deinceps</strong></span> <span class='ocrx_word' id='word_1_142' title='bbox 1467 471 1537 497; x_wconf 91' lang='lat' dir='ltr'><strong>ratio</strong></span> <span class='ocrx_word' id='word_1_143' title='bbox 1557 474 1600 497; x_wconf 91' lang='lat' dir='ltr'><strong>est</strong></span> <span class='ocrx_word' id='word_1_144' title='bbox 1622 469 1835 505; x_wconf 88' lang='lat' dir='ltr'><strong>Opusculorum.</strong></span> 
     </span>
    </p>
   </div>
   <div class='ocr_carea' id='block_1_24' title="bbox 1045 516 1836 554">
    <p class='ocr_par' dir='ltr' id='par_1_24' title="bbox 1045 516 1836 554">
     <span class='ocr_line' id='line_1_24' title="bbox 1045 516 1836 554; baseline -0.005 -8"><span class='ocrx_word' id='word_1_145' title='bbox 1045 519 1229 554; x_wconf 87' lang='lat' dir='ltr'><strong>lnprimisque</strong></span> <span class='ocrx_word' id='word_1_146' title='bbox 1252 516 1423 553; x_wconf 86' lang='lat' dir='ltr'><strong>prodendum</strong></span> <span class='ocrx_word' id='word_1_147' title='bbox 1445 516 1516 544; x_wconf 91' lang='lat' dir='ltr'><strong>unde</strong></span> <span class='ocrx_word' id='word_1_148' title='bbox 1541 516 1668 552; x_wconf 87' lang='lat' dir='ltr'><strong>quodque</strong></span> <span class='ocrx_word' id='word_1_149' title='bbox 1688 516 1836 543; x_wconf 90' lang='lat' dir='ltr'><strong>hauserim.</strong></span> 
     </span>
    </p>
   </div>
   <div class='ocr_carea' id='block_1_25' title="bbox 1047 561 1837 597">
    <p class='ocr_par' dir='ltr' id='par_1_25' title="bbox 1047 561 1837 597">
     <span class='ocr_line' id='line_1_25' title="bbox 1047 561 1837 597; baseline -0.005 -6"><span class='ocrx_word' id='word_1_150' title='bbox 1047 564 1119 592; x_wconf 85' lang='lat' dir='ltr'><strong>Inter</strong></span> <span class='ocrx_word' id='word_1_151' title='bbox 1143 562 1283 590; x_wconf 83' lang='lat' dir='ltr'><strong>volumina</strong></span> <span class='ocrx_word' id='word_1_152' title='bbox 1308 569 1405 589; x_wconf 88' lang='lat' dir='ltr'><strong>manus</strong></span> <span class='ocrx_word' id='word_1_153' title='bbox 1432 561 1560 596; x_wconf 86' lang='lat' dir='ltr'><strong>antiquae</strong></span> <span class='ocrx_word' id='word_1_154' title='bbox 1587 569 1684 597; x_wconf 83' lang='lat' dir='ltr'><strong>graeca</strong></span> <span class='ocrx_word' id='word_1_155' title='bbox 1710 561 1837 596; x_wconf 87' lang='lat' dir='ltr'><strong>plurima,</strong></span> 
     </span>
    </p>
   </div>
   <div class='ocr_carea' id='block_1_26' title="bbox 1047 606 1838 644">
    <p class='ocr_par' dir='ltr' id='par_1_26' title="bbox 1047 606 1838 644">
     <span class='ocr_line' id='line_1_26' title="bbox 1047 606 1838 644; baseline -0.005 -7"><span class='ocrx_word' id='word_1_156' title='bbox 1047 617 1117 644; x_wconf 89' lang='lat' dir='ltr'><strong>quae</strong></span> <span class='ocrx_word' id='word_1_157' title='bbox 1146 608 1308 636; x_wconf 82' lang='lat' dir='ltr'><strong>Franciscus</strong></span> <span class='ocrx_word' id='word_1_158' title='bbox 1334 607 1486 634; x_wconf 83' lang='lat' dir='ltr'><strong>Turrianus</strong></span> <span class='ocrx_word' id='word_1_159' title='bbox 1516 606 1680 634; x_wconf 87' lang='lat' dir='ltr'><strong>Societatem</strong></span> <span class='ocrx_word' id='word_1_160' title='bbox 1716 611 1838 634; x_wconf 88' lang='lat' dir='ltr'><strong>nostram</strong></span> 
     </span>
    </p>
   </div>
   <div class='ocr_carea' id='block_1_27' title="bbox 1048 651 1837 686">
    <p class='ocr_par' dir='ltr' id='par_1_27' title="bbox 1048 651 1837 686">
     <span class='ocr_line' id='line_1_27' title="bbox 1048 651 1837 686; baseline -0.005 -4"><span class='ocrx_word' id='word_1_161' title='bbox 1048 655 1150 682; x_wconf 86' lang='lat' dir='ltr'><strong>Romae</strong></span> <span class='ocrx_word' id='word_1_162' title='bbox 1168 654 1256 682; x_wconf 88' lang='lat' dir='ltr'><strong>iniens</strong></span> <span class='ocrx_word' id='word_1_163' title='bbox 1267 660 1340 681; x_wconf 90' lang='lat' dir='ltr'><strong>anno</strong></span> <span class='ocrx_word' id='word_1_164' title='bbox 1353 652 1420 680; x_wconf 72' lang='grc'><strong>1566</strong></span> <span class='ocrx_word' id='word_1_165' title='bbox 1435 651 1462 679; x_wconf 95' lang='lat' dir='ltr'><strong>in</strong></span> <span class='ocrx_word' id='word_1_166' title='bbox 1475 651 1557 679; x_wconf 91' lang='lat' dir='ltr'><strong>domo</strong></span> <span class='ocrx_word' id='word_1_167' title='bbox 1567 651 1690 686; x_wconf 86' lang='lat' dir='ltr'><strong>professa</strong></span> <span class='ocrx_word' id='word_1_168' title='bbox 1706 651 1837 684; x_wconf 84' lang='lat' dir='ltr'><strong>Romana,</strong></span> 
     </span>
    </p>
   </div>
   <div class='ocr_carea' id='block_1_28' title="bbox 1048 698 1839 734">
    <p class='ocr_par' dir='ltr' id='par_1_28' title="bbox 1048 698 1839 734">
     <span class='ocr_line' id='line_1_28' title="bbox 1048 698 1839 734; baseline -0.005 -6"><span class='ocrx_word' id='word_1_169' title='bbox 1048 701 1096 728; x_wconf 89' lang='lat' dir='ltr'><strong>ubi</strong></span> <span class='ocrx_word' id='word_1_170' title='bbox 1107 701 1242 728; x_wconf 83' lang='lat' dir='ltr'><strong>hactenus</strong></span> <span class='ocrx_word' id='word_1_171' title='bbox 1252 704 1438 731; x_wconf 87' lang='lat' dir='ltr'><strong>asservantur,</strong></span> <span class='ocrx_word' id='word_1_172' title='bbox 1450 698 1586 734; x_wconf 89' lang='lat' dir='ltr'><strong>deposuit,</strong></span> <span class='ocrx_word' id='word_1_173' title='bbox 1600 705 1684 725; x_wconf 90' lang='lat' dir='ltr'><strong>unum</strong></span> <span class='ocrx_word' id='word_1_174' title='bbox 1693 701 1735 725; x_wconf 88' lang='lat' dir='ltr'><strong>est</strong></span> <span class='ocrx_word' id='word_1_175' title='bbox 1746 702 1839 724; x_wconf 90' lang='lat' dir='ltr'><strong>aucto-</strong></span> 
     </span>
    </p>
   </div>
   <div class='ocr_carea' id='block_1_29' title="bbox 1049 743 1838 781">
    <p class='ocr_par' dir='ltr' id='par_1_29' title="bbox 1049 743 1838 781">
     <span class='ocr_line' id='line_1_29' title="bbox 1049 743 1838 781; baseline -0.008 -5"><span class='ocrx_word' id='word_1_176' title='bbox 1049 756 1110 776; x_wconf 88' lang='lat' dir='ltr'><strong>rum</strong></span> <span class='ocrx_word' id='word_1_177' title='bbox 1131 747 1211 775; x_wconf 79' lang='lat' dir='ltr'><strong>facile</strong></span> <span class='ocrx_word' id='word_1_178' title='bbox 1234 746 1346 781; x_wconf 78' lang='lat' dir='ltr'><strong>triginta</strong></span> <span class='ocrx_word' id='word_1_179' title='bbox 1371 744 1576 773; x_wconf 84' lang='lat' dir='ltr'><strong>lucubrationes</strong></span> <span class='ocrx_word' id='word_1_180' title='bbox 1607 744 1641 771; x_wconf 88' lang='lat' dir='ltr'><strong>dc</strong></span> <span class='ocrx_word' id='word_1_181' title='bbox 1667 751 1696 771; x_wconf 89' lang='lat' dir='ltr'><strong>re</strong></span> <span class='ocrx_word' id='word_1_182' title='bbox 1722 743 1838 771; x_wconf 83' lang='lat' dir='ltr'><strong>ascetica</strong></span> 
     </span>
    </p>
   </div>
   <div class='ocr_carea' id='block_1_30' title="bbox 1049 791 1838 828">
    <p class='ocr_par' dir='ltr' id='par_1_30' title="bbox 1049 791 1838 828">
     <span class='ocr_line' id='line_1_30' title="bbox 1049 791 1838 828; baseline -0.005 -8"><span class='ocrx_word' id='word_1_183' title='bbox 1049 793 1190 828; x_wconf 89' lang='lat' dir='ltr'><strong>colligens,</strong></span> <span class='ocrx_word' id='word_1_184' title='bbox 1208 792 1294 819; x_wconf 87' lang='lat' dir='ltr'><strong>veteri</strong></span> <span class='ocrx_word' id='word_1_185' title='bbox 1318 791 1498 819; x_wconf 85' lang='lat' dir='ltr'><strong>transmarina</strong></span> <span class='ocrx_word' id='word_1_186' title='bbox 1517 794 1658 818; x_wconf 81' lang='lat' dir='ltr'><strong>exaratum</strong></span> <span class='ocrx_word' id='word_1_187' title='bbox 1678 798 1771 822; x_wconf 89' lang='lat' dir='ltr'><strong>manu,</strong></span> <span class='ocrx_word' id='word_1_188' title='bbox 1789 798 1838 817; x_wconf 85' lang='lat' dir='ltr'><strong>an-</strong></span> 
     </span>
    </p>
   </div>
   <div class='ocr_carea' id='block_1_31' title="bbox 1050 836 1840 873">
    <p class='ocr_par' dir='ltr' id='par_1_31' title="bbox 1050 836 1840 873">
     <span class='ocr_line' id='line_1_31' title="bbox 1050 836 1840 873; baseline -0.004 -7"><span class='ocrx_word' id='word_1_189' title='bbox 1050 840 1093 867; x_wconf 90' lang='lat' dir='ltr'><strong>nis</strong></span> <span class='ocrx_word' id='word_1_190' title='bbox 1107 839 1208 866; x_wconf 86' lang='lat' dir='ltr'><strong>abhinc</strong></span> <span class='ocrx_word' id='word_1_191' title='bbox 1227 843 1301 866; x_wconf 86' lang='lat' dir='ltr'><strong>retro</strong></span> <span class='ocrx_word' id='word_1_192' title='bbox 1321 838 1383 873; x_wconf 89' lang='lat' dir='ltr'><strong>plus</strong></span> <span class='ocrx_word' id='word_1_193' title='bbox 1401 837 1568 872; x_wconf 88' lang='lat' dir='ltr'><strong>quingentis,</strong></span> <span class='ocrx_word' id='word_1_194' title='bbox 1584 840 1716 871; x_wconf 87' lang='lat' dir='ltr'><strong>quantum</strong></span> <span class='ocrx_word' id='word_1_195' title='bbox 1737 836 1840 863; x_wconf 88' lang='lat' dir='ltr'><strong>fumida</strong></span> 
     </span>
    </p>
   </div>
   <div class='ocr_carea' id='block_1_32' title="bbox 1050 882 1840 919">
    <p class='ocr_par' dir='ltr' id='par_1_32' title="bbox 1050 882 1840 919">
     <span class='ocr_line' id='line_1_32' title="bbox 1050 882 1840 919; baseline -0.005 -7"><span class='ocrx_word' id='word_1_196' title='bbox 1050 885 1160 919; x_wconf 80' lang='lat' dir='ltr'><strong>ferrugo</strong></span> <span class='ocrx_word' id='word_1_197' title='bbox 1179 884 1291 912; x_wconf 84' lang='lat' dir='ltr'><strong>chartae</strong></span> <span class='ocrx_word' id='word_1_198' title='bbox 1308 883 1373 910; x_wconf 88' lang='lat' dir='ltr'><strong>olitn</strong></span> <span class='ocrx_word' id='word_1_199' title='bbox 1393 882 1525 910; x_wconf 86' lang='lat' dir='ltr'><strong>candidae</strong></span> <span class='ocrx_word' id='word_1_200' title='bbox 1548 882 1738 918; x_wconf 88' lang='lat' dir='ltr'><strong>augurandum</strong></span> <span class='ocrx_word' id='word_1_201' title='bbox 1760 889 1840 916; x_wconf 90' lang='lat' dir='ltr'><strong>prae-</strong></span> 
     </span>
    </p>
   </div>
   <div class='ocr_carea' id='block_1_33' title="bbox 208 920 1840 965">
    <p class='ocr_par' dir='ltr' id='par_1_33' title="bbox 208 920 1840 965">
     <span class='ocr_line' id='line_1_33' title="bbox 208 920 1840 965; baseline 0.001 -11"><span class='ocrx_word' id='word_1_202' title='bbox 208 927 347 955; x_wconf 88' lang='lat' dir='ltr'><strong>interdum</strong></span> <span class='ocrx_word' id='word_1_203' title='bbox 360 927 534 962; x_wconf 86' lang='lat' dir='ltr'><strong>participant.</strong></span> <span class='ocrx_word' id='word_1_204' title='bbox 553 927 620 954; x_wconf 88' lang='lat' dir='ltr'><strong>Nam</strong></span> <span class='ocrx_word' id='word_1_205' title='bbox 634 931 662 954; x_wconf 90' lang='lat' dir='ltr'><strong>et</strong></span> <span class='ocrx_word' id='word_1_206' title='bbox 676 926 760 953; x_wconf 88' lang='lat' dir='ltr'><strong>Maria</strong></span> <span class='ocrx_word' id='word_1_207' title='bbox 775 925 919 953; x_wconf 86' lang='lat' dir='ltr'><strong>ministerii</strong></span> <span class='ocrx_word' id='word_1_208' title='bbox 935 933 998 952; x_wconf 92' lang='lat' dir='ltr'><strong>cor-</strong></span> <span class='ocrx_word' id='word_1_209' title='bbox 1013 920 1035 948; x_wconf 86' lang='grc' dir='ltr'><strong>Β</strong></span> <span class='ocrx_word' id='word_1_210' title='bbox 1050 933 1105 960; x_wconf 48' lang='grc' dir='ltr'><strong>θρι-</strong></span> <span class='ocrx_word' id='word_1_211' title='bbox 1124 933 1163 960; x_wconf 61' lang='lat' dir='ltr'><strong>Ex</strong></span> <span class='ocrx_word' id='word_1_212' title='bbox 1179 939 1212 960; x_wconf 71' lang='lat' dir='ltr'><strong>eo</strong></span> <span class='ocrx_word' id='word_1_213' title='bbox 1230 931 1369 959; x_wconf 67' lang='lat' dir='ltr'><strong>sexdecim</strong></span> <span class='ocrx_word' id='word_1_214' title='bbox 1390 929 1527 965; x_wconf 81' lang='lat' dir='ltr'><strong>Opuscula</strong></span> <span class='ocrx_word' id='word_1_215' title='bbox 1539 929 1688 964; x_wconf 89' lang='lat' dir='ltr'><strong>descripsi,</strong></span> <span class='ocrx_word' id='word_1_216' title='bbox 1711 929 1764 956; x_wconf 91' lang='lat' dir='ltr'><strong>hoc</strong></span> <span class='ocrx_word' id='word_1_217' title='bbox 1787 932 1840 961; x_wconf 85' lang='lat' dir='ltr'><strong>est,</strong></span> 
     </span>
    </p>
   </div>
   <div class='ocr_carea' id='block_1_34' title="bbox 208 971 999 1009">
    <p class='ocr_par' dir='ltr' id='par_1_34' title="bbox 208 971 999 1009">
     <span class='ocr_line' id='line_1_34' title="bbox 208 971 999 1009; baseline -0.003 -9"><span class='ocrx_word' id='word_1_218' title='bbox 208 974 286 1009; x_wconf 87' lang='lat' dir='ltr'><strong>porci</strong></span> <span class='ocrx_word' id='word_1_219' title='bbox 323 973 449 1000; x_wconf 88' lang='lat' dir='ltr'><strong>nonnihil</strong></span> <span class='ocrx_word' id='word_1_220' title='bbox 476 973 583 1009; x_wconf 82' lang='lat' dir='ltr'><strong>attigit,</strong></span> <span class='ocrx_word' id='word_1_221' title='bbox 608 973 673 1000; x_wconf 92' lang='lat' dir='ltr'><strong>dum</strong></span> <span class='ocrx_word' id='word_1_222' title='bbox 699 972 800 1000; x_wconf 87' lang='lat' dir='ltr'><strong>Christi</strong></span> <span class='ocrx_word' id='word_1_223' title='bbox 828 971 999 1007; x_wconf 81' lang='lat' dir='ltr'><strong>hospitaliter</strong></span> 
     </span>
    </p>
   </div>
   <div class='ocr_carea' id='block_1_35' title="bbox 209 1018 999 1054">
    <p class='ocr_par' dir='ltr' id='par_1_35' title="bbox 209 1018 999 1054">
     <span class='ocr_line' id='line_1_35' title="bbox 209 1018 999 1054; baseline -0.003 -8"><span class='ocrx_word' id='word_1_224' title='bbox 209 1019 346 1054; x_wconf 83' lang='lat' dir='ltr'><strong>epulantis</strong></span> <span class='ocrx_word' id='word_1_225' title='bbox 364 1023 446 1054; x_wconf 91' lang='lat' dir='ltr'><strong>caput</strong></span> <span class='ocrx_word' id='word_1_226' title='bbox 466 1019 570 1054; x_wconf 86' lang='lat' dir='ltr'><strong>spicato</strong></span> <span class='ocrx_word' id='word_1_227' title='bbox 592 1018 709 1046; x_wconf 90' lang='lat' dir='ltr'><strong>nardino</strong></span> <span class='ocrx_word' id='word_1_228' title='bbox 730 1018 884 1045; x_wconf 83' lang='lat' dir='ltr'><strong>suavissimi</strong></span> <span class='ocrx_word' id='word_1_229' title='bbox 906 1018 999 1045; x_wconf 89' lang='lat' dir='ltr'><strong>odoris</strong></span> 
     </span>
    </p>
   </div>
   <div class='ocr_carea' id='block_1_36' title="bbox 210 1064 999 1100">
    <p class='ocr_par' dir='ltr' id='par_1_36' title="bbox 210 1064 999 1100">
     <span class='ocr_line' id='line_1_36' title="bbox 210 1064 999 1100; baseline -0.001 -8"><span class='ocrx_word' id='word_1_230' title='bbox 210 1064 351 1100; x_wconf 86' lang='lat' dir='ltr'><strong>dapsiliter</strong></span> <span class='ocrx_word' id='word_1_231' title='bbox 370 1064 495 1099; x_wconf 83' lang='lat' dir='ltr'><strong>inunxit;</strong></span> <span class='ocrx_word' id='word_1_232' title='bbox 511 1068 539 1092; x_wconf 90' lang='lat' dir='ltr'><strong>et</strong></span> <span class='ocrx_word' id='word_1_233' title='bbox 554 1064 611 1100; x_wconf 89' lang='lat' dir='ltr'><strong>ipsa</strong></span> <span class='ocrx_word' id='word_1_234' title='bbox 633 1064 737 1092; x_wconf 84' lang='lat' dir='ltr'><strong>Martha</strong></span> <span class='ocrx_word' id='word_1_235' title='bbox 761 1064 916 1091; x_wconf 88' lang='lat' dir='ltr'><strong>orationum</strong></span> <span class='ocrx_word' id='word_1_236' title='bbox 941 1071 999 1091; x_wconf 88' lang='lat' dir='ltr'><strong>mo-</strong></span> 
     </span>
    </p>
   </div>
   <div class='ocr_carea' id='block_1_37' title="bbox 210 1109 999 1146">
    <p class='ocr_par' dir='ltr' id='par_1_37' title="bbox 210 1109 999 1146">
     <span class='ocr_line' id='line_1_37' title="bbox 210 1109 999 1146; baseline -0.001 -9"><span class='ocrx_word' id='word_1_237' title='bbox 210 1115 301 1138; x_wconf 86' lang='lat' dir='ltr'><strong>menta</strong></span> <span class='ocrx_word' id='word_1_238' title='bbox 316 1111 373 1138; x_wconf 87' lang='lat' dir='ltr'><strong>suis</strong></span> <span class='ocrx_word' id='word_1_239' title='bbox 390 1110 615 1146; x_wconf 85' lang='lat' dir='ltr'><strong>occupationibus</strong></span> <span class='ocrx_word' id='word_1_240' title='bbox 635 1109 753 1142; x_wconf 83' lang='lat' dir='ltr'><strong>inﬁndit,</strong></span> <span class='ocrx_word' id='word_1_241' title='bbox 767 1115 848 1145; x_wconf 88' lang='lat' dir='ltr'><strong>prout</strong></span> <span class='ocrx_word' id='word_1_242' title='bbox 863 1110 903 1137; x_wconf 88' lang='lat' dir='ltr'><strong>vel</strong></span> <span class='ocrx_word' id='word_1_243' title='bbox 917 1118 950 1137; x_wconf 87' lang='lat' dir='ltr'><strong>ex</strong></span> <span class='ocrx_word' id='word_1_244' title='bbox 965 1117 999 1137; x_wconf 88' lang='lat' dir='ltr'><strong>eo</strong></span> 
     </span>
    </p>
   </div>
   <div class='ocr_carea' id='block_1_38' title="bbox 192 1156 1000 1192">
    <p class='ocr_par' dir='ltr' id='par_1_38' title="bbox 192 1156 1000 1192">
     <span class='ocr_line' id='line_1_38' title="bbox 192 1156 1000 1192; baseline -0.002 -8"><span class='ocrx_word' id='word_1_245' title='bbox 192 1159 295 1192; x_wconf 76' lang='lat' dir='ltr'><strong>“patet,</strong></span> <span class='ocrx_word' id='word_1_246' title='bbox 313 1157 386 1192; x_wconf 90' lang='lat' dir='ltr'><strong>quod</strong></span> <span class='ocrx_word' id='word_1_247' title='bbox 405 1157 480 1184; x_wconf 88' lang='lat' dir='ltr'><strong>stetit</strong></span> <span class='ocrx_word' id='word_1_248' title='bbox 500 1156 640 1184; x_wconf 84' lang='lat' dir='ltr'><strong>Christum</strong></span> <span class='ocrx_word' id='word_1_249' title='bbox 663 1157 804 1191; x_wconf 90' lang='lat' dir='ltr'><strong>alloquens</strong></span> <span class='ocrx_word' id='word_1_250' title='bbox 815 1161 843 1183; x_wconf 90' lang='lat' dir='ltr'><strong>et</strong></span> <span class='ocrx_word' id='word_1_251' title='bbox 857 1163 949 1188; x_wconf 85' lang='lat' dir='ltr'><strong>orans,</strong></span> <span class='ocrx_word' id='word_1_252' title='bbox 970 1159 1000 1183; x_wconf 88' lang='lat' dir='ltr'><strong>ut</strong></span> 
     </span>
    </p>
   </div>
   <div class='ocr_carea' id='block_1_39' title="bbox 210 1202 1001 1238">
    <p class='ocr_par' dir='ltr' id='par_1_39' title="bbox 210 1202 1001 1238">
     <span class='ocr_line' id='line_1_39' title="bbox 210 1202 1001 1238; baseline 0 -9"><span class='ocrx_word' id='word_1_253' title='bbox 210 1202 298 1229; x_wconf 86' lang='lat' dir='ltr'><strong>iuvari</strong></span> <span class='ocrx_word' id='word_1_254' title='bbox 312 1210 342 1230; x_wconf 87' lang='lat' dir='ltr'><strong>se</strong></span> <span class='ocrx_word' id='word_1_255' title='bbox 359 1207 469 1230; x_wconf 87' lang='lat' dir='ltr'><strong>curaret</strong></span> <span class='ocrx_word' id='word_1_256' title='bbox 483 1211 498 1229; x_wconf 90' lang='lat' dir='ltr'><strong>a</strong></span> <span class='ocrx_word' id='word_1_257' title='bbox 513 1210 617 1230; x_wconf 89' lang='lat' dir='ltr'><strong>sorore.</strong></span> <span class='ocrx_word' id='word_1_258' title='bbox 630 1202 782 1230; x_wconf 81' lang='lat' dir='ltr'><strong>Commune</strong></span> <span class='ocrx_word' id='word_1_259' title='bbox 797 1202 920 1238; x_wconf 82' lang='lat' dir='ltr'><strong>profecto</strong></span> <span class='ocrx_word' id='word_1_260' title='bbox 934 1210 1001 1230; x_wconf 91' lang='lat' dir='ltr'><strong>cun-</strong></span> 
     </span>
    </p>
   </div>
   <div class='ocr_carea' id='block_1_40' title="bbox 210 1248 1001 1281">
    <p class='ocr_par' dir='ltr' id='par_1_40' title="bbox 210 1248 1001 1281">
     <span class='ocr_line' id='line_1_40' title="bbox 210 1248 1001 1281; baseline 0.001 -6"><span class='ocrx_word' id='word_1_261' title='bbox 210 1248 262 1276; x_wconf 90' lang='lat' dir='ltr'><strong>ctis</strong></span> <span class='ocrx_word' id='word_1_262' title='bbox 289 1248 410 1276; x_wconf 86' lang='lat' dir='ltr'><strong>cuiusvis</strong></span> <span class='ocrx_word' id='word_1_263' title='bbox 442 1256 538 1280; x_wconf 85' lang='lat' dir='ltr'><strong>sexus,</strong></span> <span class='ocrx_word' id='word_1_264' title='bbox 570 1248 676 1281; x_wconf 82' lang='lat' dir='ltr'><strong>aetatis,</strong></span> <span class='ocrx_word' id='word_1_265' title='bbox 706 1248 812 1276; x_wconf 85' lang='lat' dir='ltr'><strong>ordinis</strong></span> <span class='ocrx_word' id='word_1_266' title='bbox 833 1248 1001 1276; x_wconf 84' lang='lat' dir='ltr'><strong>Christianis</strong></span> 
     </span>
    </p>
   </div>
   <div class='ocr_carea' id='block_1_41' title="bbox 210 1294 999 1330">
    <p class='ocr_par' dir='ltr' id='par_1_41' title="bbox 210 1294 999 1330">
     <span class='ocr_line' id='line_1_41' title="bbox 210 1294 999 1330; baseline 0.001 -9"><span class='ocrx_word' id='word_1_267' title='bbox 210 1294 307 1322; x_wconf 91' lang='lat' dir='ltr'><strong>orandi</strong></span> <span class='ocrx_word' id='word_1_268' title='bbox 334 1299 362 1322; x_wconf 89' lang='lat' dir='ltr'><strong>et</strong></span> <span class='ocrx_word' id='word_1_269' title='bbox 390 1299 467 1322; x_wconf 84' lang='lat' dir='ltr'><strong>actus</strong></span> <span class='ocrx_word' id='word_1_270' title='bbox 494 1294 641 1322; x_wconf 88' lang='lat' dir='ltr'><strong>interiores</strong></span> <span class='ocrx_word' id='word_1_271' title='bbox 668 1294 751 1327; x_wconf 84' lang='lat' dir='ltr'><strong>ﬁdei,</strong></span> <span class='ocrx_word' id='word_1_272' title='bbox 772 1294 841 1330; x_wconf 83' lang='lat' dir='ltr'><strong>spei,</strong></span> <span class='ocrx_word' id='word_1_273' title='bbox 862 1295 999 1328; x_wconf 88' lang='lat' dir='ltr'><strong>caritatis,</strong></span> 
     </span>
    </p>
   </div>
   <div class='ocr_carea' id='block_1_42' title="bbox 211 1341 1003 1376">
    <p class='ocr_par' dir='ltr' id='par_1_42' title="bbox 211 1341 1003 1376">
     <span class='ocr_line' id='line_1_42' title="bbox 211 1341 1003 1376; baseline 0.003 -8"><span class='ocrx_word' id='word_1_274' title='bbox 211 1341 352 1375; x_wconf 80' lang='lat' dir='ltr'><strong>religionis</strong></span> <span class='ocrx_word' id='word_1_275' title='bbox 362 1341 509 1369; x_wconf 80' lang='lat' dir='ltr'><strong>exercendi</strong></span> <span class='ocrx_word' id='word_1_276' title='bbox 521 1345 696 1376; x_wconf 89' lang='lat' dir='ltr'><strong>praeceptum</strong></span> <span class='ocrx_word' id='word_1_277' title='bbox 707 1346 758 1374; x_wconf 88' lang='lat' dir='ltr'><strong>est,</strong></span> <span class='ocrx_word' id='word_1_278' title='bbox 771 1342 823 1369; x_wconf 91' lang='lat' dir='ltr'><strong>hoc</strong></span> <span class='ocrx_word' id='word_1_279' title='bbox 834 1343 892 1369; x_wconf 89' lang='lat' dir='ltr'><strong>solo</strong></span> <span class='ocrx_word' id='word_1_280' title='bbox 905 1342 1003 1370; x_wconf 88' lang='lat' dir='ltr'><strong>discri-</strong></span> 
     </span>
    </p>
   </div>
   <div class='ocr_carea' id='block_1_43' title="bbox 211 1387 1000 1421">
    <p class='ocr_par' dir='ltr' id='par_1_43' title="bbox 211 1387 1000 1421">
     <span class='ocr_line' id='line_1_43' title="bbox 211 1387 1000 1421; baseline 0.003 -8"><span class='ocrx_word' id='word_1_281' title='bbox 211 1387 285 1414; x_wconf 89' lang='lat' dir='ltr'><strong>mine</strong></span> <span class='ocrx_word' id='word_1_282' title='bbox 309 1387 517 1415; x_wconf 85' lang='lat' dir='ltr'><strong>coenobitarum</strong></span> <span class='ocrx_word' id='word_1_283' title='bbox 538 1391 566 1414; x_wconf 91' lang='lat' dir='ltr'><strong>et</strong></span> <span class='ocrx_word' id='word_1_284' title='bbox 589 1387 819 1415; x_wconf 85' lang='lat' dir='ltr'><strong>anachoretarum</strong></span> <span class='ocrx_word' id='word_1_285' title='bbox 836 1396 851 1415; x_wconf 88' lang='lat' dir='ltr'><strong>a</strong></span> <span class='ocrx_word' id='word_1_286' title='bbox 870 1389 1000 1421; x_wconf 79' lang='lat' dir='ltr'><strong>caeteris,</strong></span> 
     </span>
    </p>
   </div>
   <div class='ocr_carea' id='block_1_44' title="bbox 212 1433 1002 1470">
    <p class='ocr_par' dir='ltr' id='par_1_44' title="bbox 212 1433 1002 1470">
     <span class='ocr_line' id='line_1_44' title="bbox 212 1433 1002 1470; baseline 0.003 -10"><span class='ocrx_word' id='word_1_287' title='bbox 212 1433 285 1467; x_wconf 89' lang='lat' dir='ltr'><strong>quod</strong></span> <span class='ocrx_word' id='word_1_288' title='bbox 300 1434 337 1460; x_wconf 93' lang='lat' dir='ltr'><strong>illi</strong></span> <span class='ocrx_word' id='word_1_289' title='bbox 355 1441 463 1468; x_wconf 88' lang='lat' dir='ltr'><strong>semper</strong></span> <span class='ocrx_word' id='word_1_290' title='bbox 481 1438 510 1461; x_wconf 87' lang='lat' dir='ltr'><strong>et</strong></span> <span class='ocrx_word' id='word_1_291' title='bbox 526 1433 607 1460; x_wconf 89' lang='lat' dir='ltr'><strong>unice</strong></span> <span class='ocrx_word' id='word_1_292' title='bbox 622 1434 746 1469; x_wconf 80' lang='lat' dir='ltr'><strong>religioni</strong></span> <span class='ocrx_word' id='word_1_293' title='bbox 763 1442 792 1462; x_wconf 87' lang='lat' dir='ltr'><strong>se</strong></span> <span class='ocrx_word' id='word_1_294' title='bbox 809 1439 878 1462; x_wconf 87' lang='lat' dir='ltr'><strong>totos</strong></span> <span class='ocrx_word' id='word_1_295' title='bbox 895 1435 1002 1470; x_wconf 83' lang='lat' dir='ltr'><strong>impen-</strong></span> 
     </span>
    </p>
   </div>
   <div class='ocr_carea' id='block_1_45' title="bbox 211 1479 1002 1516">
    <p class='ocr_par' dir='ltr' id='par_1_45' title="bbox 211 1479 1002 1516">
     <span class='ocr_line' id='line_1_45' title="bbox 211 1479 1002 1516; baseline 0.004 -10"><span class='ocrx_word' id='word_1_296' title='bbox 211 1479 290 1511; x_wconf 83' lang='lat' dir='ltr'><strong>dunt.</strong></span> <span class='ocrx_word' id='word_1_297' title='bbox 309 1480 337 1507; x_wconf 87' lang='lat' dir='ltr'><strong>lii</strong></span> <span class='ocrx_word' id='word_1_298' title='bbox 355 1480 475 1515; x_wconf 88' lang='lat' dir='ltr'><strong>cogitant</strong></span> <span class='ocrx_word' id='word_1_299' title='bbox 492 1479 603 1514; x_wconf 86' lang='lat' dir='ltr'><strong>quidem</strong></span> <span class='ocrx_word' id='word_1_300' title='bbox 620 1487 690 1514; x_wconf 87' lang='lat' dir='ltr'><strong>quae</strong></span> <span class='ocrx_word' id='word_1_301' title='bbox 706 1485 770 1507; x_wconf 87' lang='lat' dir='ltr'><strong>sunt</strong></span> <span class='ocrx_word' id='word_1_302' title='bbox 786 1481 880 1508; x_wconf 90' lang='lat' dir='ltr'><strong>mundi</strong></span> <span class='ocrx_word' id='word_1_303' title='bbox 894 1489 945 1516; x_wconf 91' lang='lat' dir='ltr'><strong>pro</strong></span> <span class='ocrx_word' id='word_1_304' title='bbox 959 1482 1002 1509; x_wconf 91' lang='lat' dir='ltr'><strong>sui</strong></span> 
     </span>
    </p>
   </div>
   <div class='ocr_carea' id='block_1_46' title="bbox 211 1525 1003 1561">
    <p class='ocr_par' dir='ltr' id='par_1_46' title="bbox 211 1525 1003 1561">
     <span class='ocr_line' id='line_1_46' title="bbox 211 1525 1003 1561; baseline 0 -6"><span class='ocrx_word' id='word_1_305' title='bbox 211 1527 370 1555; x_wconf 88' lang='lat' dir='ltr'><strong>conditione</strong></span> <span class='ocrx_word' id='word_1_306' title='bbox 391 1529 488 1557; x_wconf 81' lang='lat' dir='ltr'><strong>status,</strong></span> <span class='ocrx_word' id='word_1_307' title='bbox 509 1525 550 1552; x_wconf 88' lang='lat' dir='ltr'><strong>sic</strong></span> <span class='ocrx_word' id='word_1_308' title='bbox 575 1528 676 1557; x_wconf 87' lang='lat' dir='ltr'><strong>tamen,</strong></span> <span class='ocrx_word' id='word_1_309' title='bbox 697 1530 726 1553; x_wconf 94' lang='lat' dir='ltr'><strong>ut</strong></span> <span class='ocrx_word' id='word_1_310' title='bbox 753 1527 892 1561; x_wconf 79' lang='lat' dir='ltr'><strong>religionis</strong></span> <span class='ocrx_word' id='word_1_311' title='bbox 916 1527 1003 1555; x_wconf 89' lang='lat' dir='ltr'><strong>ollicia</strong></span> 
     </span>
    </p>
   </div>
   <div class='ocr_carea' id='block_1_47' title="bbox 212 1571 1003 1608">
    <p class='ocr_par' dir='ltr' id='par_1_47' title="bbox 212 1571 1003 1608">
     <span class='ocr_line' id='line_1_47' title="bbox 212 1571 1003 1608; baseline -0.001 -7"><span class='ocrx_word' id='word_1_312' title='bbox 212 1581 268 1602; x_wconf 87' lang='lat' dir='ltr'><strong>non</strong></span> <span class='ocrx_word' id='word_1_313' title='bbox 290 1572 438 1608; x_wconf 78' lang='lat' dir='ltr'><strong>negligant,</strong></span> <span class='ocrx_word' id='word_1_314' title='bbox 456 1572 512 1598; x_wconf 82' lang='lat' dir='ltr'><strong>Deo</strong></span> <span class='ocrx_word' id='word_1_315' title='bbox 527 1571 673 1598; x_wconf 88' lang='lat' dir='ltr'><strong>reddentes</strong></span> <span class='ocrx_word' id='word_1_316' title='bbox 689 1579 759 1606; x_wconf 88' lang='lat' dir='ltr'><strong>quae</strong></span> <span class='ocrx_word' id='word_1_317' title='bbox 777 1572 825 1600; x_wconf 89' lang='lat' dir='ltr'><strong>Dei</strong></span> <span class='ocrx_word' id='word_1_318' title='bbox 843 1577 916 1605; x_wconf 90' lang='lat' dir='ltr'><strong>sunt,</strong></span> <span class='ocrx_word' id='word_1_319' title='bbox 931 1573 1003 1600; x_wconf 88' lang='lat' dir='ltr'><strong>inte-</strong></span> 
     </span>
    </p>
   </div>
   <div class='ocr_carea' id='block_1_48' title="bbox 213 1619 1003 1655">
    <p class='ocr_par' dir='ltr' id='par_1_48' title="bbox 213 1619 1003 1655">
     <span class='ocr_line' id='line_1_48' title="bbox 213 1619 1003 1655; baseline -0.003 -7"><span class='ocrx_word' id='word_1_320' title='bbox 213 1620 264 1648; x_wconf 88' lang='lat' dir='ltr'><strong>rim</strong></span> <span class='ocrx_word' id='word_1_321' title='bbox 287 1620 352 1647; x_wconf 91' lang='lat' dir='ltr'><strong>dum</strong></span> <span class='ocrx_word' id='word_1_322' title='bbox 375 1624 404 1648; x_wconf 88' lang='lat' dir='ltr'><strong>et</strong></span> <span class='ocrx_word' id='word_1_323' title='bbox 424 1623 529 1655; x_wconf 87' lang='lat' dir='ltr'><strong>patriae</strong></span> <span class='ocrx_word' id='word_1_324' title='bbox 552 1624 580 1647; x_wconf 90' lang='lat' dir='ltr'><strong>et</strong></span> <span class='ocrx_word' id='word_1_325' title='bbox 601 1619 721 1647; x_wconf 80' lang='lat' dir='ltr'><strong>familiae</strong></span> <span class='ocrx_word' id='word_1_326' title='bbox 746 1623 829 1655; x_wconf 90' lang='lat' dir='ltr'><strong>prout</strong></span> <span class='ocrx_word' id='word_1_327' title='bbox 852 1627 897 1647; x_wconf 85' lang='lat' dir='ltr'><strong>res</strong></span> <span class='ocrx_word' id='word_1_328' title='bbox 919 1620 1003 1655; x_wconf 78' lang='lat' dir='ltr'><strong>exigit</strong></span> 
     </span>
    </p>
   </div>
   <div class='ocr_carea' id='block_1_49' title="bbox 213 1665 1004 1702">
    <p class='ocr_par' dir='ltr' id='par_1_49' title="bbox 213 1665 1004 1702">
     <span class='ocr_line' id='line_1_49' title="bbox 213 1665 1004 1702; baseline 0 -8"><span class='ocrx_word' id='word_1_329' title='bbox 213 1666 356 1694; x_wconf 85' lang='lat' dir='ltr'><strong>consulere</strong></span> <span class='ocrx_word' id='word_1_330' title='bbox 369 1674 424 1693; x_wconf 91' lang='lat' dir='ltr'><strong>non</strong></span> <span class='ocrx_word' id='word_1_331' title='bbox 440 1667 585 1694; x_wconf 87' lang='lat' dir='ltr'><strong>desistunt.</strong></span> <span class='ocrx_word' id='word_1_332' title='bbox 601 1665 679 1694; x_wconf 89' lang='lat' dir='ltr'><strong>Unde</strong></span> <span class='ocrx_word' id='word_1_333' title='bbox 697 1667 730 1694; x_wconf 83' lang='lat' dir='ltr'><strong>iis</strong></span> <span class='ocrx_word' id='word_1_334' title='bbox 748 1674 858 1702; x_wconf 80' lang='lat' dir='ltr'><strong>quoque</strong></span> <span class='ocrx_word' id='word_1_335' title='bbox 875 1674 924 1693; x_wconf 89' lang='lat' dir='ltr'><strong>sua</strong></span> <span class='ocrx_word' id='word_1_336' title='bbox 941 1674 1004 1702; x_wconf 87' lang='lat' dir='ltr'><strong>pars</strong></span> 
     </span>
    </p>
   </div>
   <div class='ocr_carea' id='block_1_50' title="bbox 213 1712 507 1748">
    <p class='ocr_par' dir='ltr' id='par_1_50' title="bbox 213 1712 507 1748">
     <span class='ocr_line' id='line_1_50' title="bbox 213 1712 507 1748; baseline -0.003 -8"><span class='ocrx_word' id='word_1_337' title='bbox 213 1713 347 1740; x_wconf 74' lang='lat' dir='ltr'><strong>ascetices</strong></span> <span class='ocrx_word' id='word_1_338' title='bbox 366 1712 507 1748; x_wconf 89' lang='lat' dir='ltr'><strong>competit.</strong></span> 
     </span>
    </p>
   </div>
   <div class='ocr_carea' id='block_1_51' title="bbox 250 1757 1004 1794">
    <p class='ocr_par' dir='ltr' id='par_1_51' title="bbox 250 1757 1004 1794">
     <span class='ocr_line' id='line_1_51' title="bbox 250 1757 1004 1794; baseline -0.001 -9"><span class='ocrx_word' id='word_1_339' title='bbox 250 1758 298 1786; x_wconf 83' lang='lat' dir='ltr'><strong>Est</strong></span> <span class='ocrx_word' id='word_1_340' title='bbox 322 1758 405 1794; x_wconf 82' lang='lat' dir='ltr'><strong>igitur</strong></span> <span class='ocrx_word' id='word_1_341' title='bbox 429 1766 478 1786; x_wconf 91' lang='lat' dir='ltr'><strong>cur</strong></span> <span class='ocrx_word' id='word_1_342' title='bbox 505 1766 630 1794; x_wconf 86' lang='lat' dir='ltr'><strong>sperem,</strong></span> <span class='ocrx_word' id='word_1_343' title='bbox 651 1765 707 1785; x_wconf 91' lang='lat' dir='ltr'><strong>non</strong></span> <span class='ocrx_word' id='word_1_344' title='bbox 732 1757 865 1793; x_wconf 78' lang='lat' dir='ltr'><strong>ingratam</strong></span> <span class='ocrx_word' id='word_1_345' title='bbox 889 1757 1004 1784; x_wconf 89' lang='lat' dir='ltr'><strong>Publico</strong></span> 
     </span>
    </p>
   </div>
   <div class='ocr_carea' id='block_1_52' title="bbox 213 1803 1004 1842">
    <p class='ocr_par' dir='ltr' id='par_1_52' title="bbox 213 1803 1004 1842">
     <span class='ocr_line' id='line_1_52' title="bbox 213 1803 1004 1842; baseline -0.001 -11"><span class='ocrx_word' id='word_1_346' title='bbox 213 1803 336 1832; x_wconf 86' lang='lat' dir='ltr'><strong>futuram</strong></span> <span class='ocrx_word' id='word_1_347' title='bbox 348 1812 363 1831; x_wconf 90' lang='lat' dir='ltr'><strong>a</strong></span> <span class='ocrx_word' id='word_1_348' title='bbox 377 1812 419 1831; x_wconf 90' lang='lat' dir='ltr'><strong>me</strong></span> <span class='ocrx_word' id='word_1_349' title='bbox 435 1809 556 1831; x_wconf 88' lang='lat' dir='ltr'><strong>curatam</strong></span> <span class='ocrx_word' id='word_1_350' title='bbox 576 1804 785 1840; x_wconf 89' lang='lat' dir='ltr'><strong>productionem</strong></span> <span class='ocrx_word' id='word_1_351' title='bbox 804 1804 831 1831; x_wconf 93' lang='lat' dir='ltr'><strong>in</strong></span> <span class='ocrx_word' id='word_1_352' title='bbox 845 1804 935 1842; x_wconf 81' lang='lat' dir='ltr'><strong>lucem</strong></span> <span class='ocrx_word' id='word_1_353' title='bbox 949 1811 1004 1830; x_wconf 92' lang='lat' dir='ltr'><strong>uno</strong></span> 
     </span>
    </p>
   </div>
   <div class='ocr_carea' id='block_1_53' title="bbox 213 1850 1004 1886">
    <p class='ocr_par' dir='ltr' id='par_1_53' title="bbox 213 1850 1004 1886">
     <span class='ocr_line' id='line_1_53' title="bbox 213 1850 1004 1886; baseline -0.001 -8"><span class='ocrx_word' id='word_1_354' title='bbox 213 1851 392 1879; x_wconf 81' lang='lat' dir='ltr'><strong>collectorum</strong></span> <span class='ocrx_word' id='word_1_355' title='bbox 414 1858 529 1886; x_wconf 82' lang='lat' dir='ltr'><strong>corpore</strong></span> <span class='ocrx_word' id='word_1_356' title='bbox 560 1850 746 1886; x_wconf 79' lang='lat' dir='ltr'><strong>duodeviginti</strong></span> <span class='ocrx_word' id='word_1_357' title='bbox 779 1850 840 1877; x_wconf 89' lang='lat' dir='ltr'><strong>talis</strong></span> <span class='ocrx_word' id='word_1_358' title='bbox 873 1850 1004 1877; x_wconf 88' lang='lat' dir='ltr'><strong>materiae</strong></span> 
     </span>
    </p>
   </div>
   <div class='ocr_carea' id='block_1_54' title="bbox 188 1896 1003 1932">
    <p class='ocr_par' dir='ltr' id='par_1_54' title="bbox 188 1896 1003 1932">
     <span class='ocr_line' id='line_1_54' title="bbox 188 1896 1003 1932; baseline -0.002 -8"><span class='ocrx_word' id='word_1_359' title='bbox 188 1901 195 1906; x_wconf 89' lang='lat'>&#39;</span> <span class='ocrx_word' id='word_1_360' title='bbox 215 1897 283 1924; x_wconf 90' lang='lat' dir='ltr'><strong>tanti</strong></span> <span class='ocrx_word' id='word_1_361' title='bbox 313 1905 380 1924; x_wconf 89' lang='lat' dir='ltr'><strong>usus</strong></span> <span class='ocrx_word' id='word_1_362' title='bbox 409 1896 610 1932; x_wconf 89' lang='lat' dir='ltr'><strong>Opusculorum</strong></span> <span class='ocrx_word' id='word_1_363' title='bbox 635 1905 650 1924; x_wconf 91' lang='lat' dir='ltr'><strong>a</strong></span> <span class='ocrx_word' id='word_1_364' title='bbox 673 1896 830 1924; x_wconf 84' lang='lat' dir='ltr'><strong>celebribus</strong></span> <span class='ocrx_word' id='word_1_365' title='bbox 859 1896 1003 1923; x_wconf 83' lang='lat' dir='ltr'><strong>duodecim</strong></span> 
     </span>
    </p>
   </div>
   <div class='ocr_carea' id='block_1_55' title="bbox 213 1943 1003 1979">
    <p class='ocr_par' dir='ltr' id='par_1_55' title="bbox 213 1943 1003 1979">
     <span class='ocr_line' id='line_1_55' title="bbox 213 1943 1003 1979; baseline -0.004 -7"><span class='ocrx_word' id='word_1_366' title='bbox 213 1943 439 1972; x_wconf 83' lang='lat' dir='ltr'><strong>clucubratorum</strong></span> <span class='ocrx_word' id='word_1_367' title='bbox 459 1944 627 1976; x_wconf 82' lang='lat' dir='ltr'><strong>auctoribus,</strong></span> <span class='ocrx_word' id='word_1_368' title='bbox 644 1952 706 1972; x_wconf 91' lang='lat' dir='ltr'><strong>cum</strong></span> <span class='ocrx_word' id='word_1_369' title='bbox 725 1944 800 1979; x_wconf 88' lang='lat' dir='ltr'><strong>paris</strong></span> <span class='ocrx_word' id='word_1_370' title='bbox 816 1943 843 1970; x_wconf 94' lang='lat' dir='ltr'><strong>in</strong></span> <span class='ocrx_word' id='word_1_371' title='bbox 860 1947 936 1970; x_wconf 88' lang='lat' dir='ltr'><strong>tanto</strong></span> <span class='ocrx_word' id='word_1_372' title='bbox 951 1943 1003 1970; x_wconf 94' lang='lat' dir='ltr'><strong>mi-</strong></span> 
     </span>
    </p>
   </div>
   <div class='ocr_carea' id='block_1_56' title="bbox 214 1989 1003 2025">
    <p class='ocr_par' dir='ltr' id='par_1_56' title="bbox 214 1989 1003 2025">
     <span class='ocr_line' id='line_1_56' title="bbox 214 1989 1003 2025; baseline 0 -9"><span class='ocrx_word' id='word_1_373' title='bbox 214 1997 267 2018; x_wconf 92' lang='lat' dir='ltr'><strong>nus</strong></span> <span class='ocrx_word' id='word_1_374' title='bbox 293 1990 382 2025; x_wconf 80' lang='lat' dir='ltr'><strong>dignis</strong></span> <span class='ocrx_word' id='word_1_375' title='bbox 406 1990 551 2025; x_wconf 87' lang='lat' dir='ltr'><strong>rariusque</strong></span> <span class='ocrx_word' id='word_1_376' title='bbox 573 1990 689 2018; x_wconf 88' lang='lat' dir='ltr'><strong>utilibus</strong></span> <span class='ocrx_word' id='word_1_377' title='bbox 713 1989 813 2017; x_wconf 85' lang='lat' dir='ltr'><strong>libellis</strong></span> <span class='ocrx_word' id='word_1_378' title='bbox 836 1989 1003 2016; x_wconf 86' lang='lat' dir='ltr'><strong>coniunctim</strong></span> 
     </span>
    </p>
   </div>
   <div class='ocr_carea' id='block_1_57' title="bbox 214 2035 1005 2071">
    <p class='ocr_par' dir='ltr' id='par_1_57' title="bbox 214 2035 1005 2071">
     <span class='ocr_line' id='line_1_57' title="bbox 214 2035 1005 2071; baseline -0.003 -8"><span class='ocrx_word' id='word_1_379' title='bbox 214 2035 328 2063; x_wconf 88' lang='lat' dir='ltr'><strong>edendis</strong></span> <span class='ocrx_word' id='word_1_380' title='bbox 344 2036 500 2071; x_wconf 76' lang='lat' dir='ltr'><strong>diligentiae</strong></span> <span class='ocrx_word' id='word_1_381' title='bbox 517 2037 640 2071; x_wconf 87' lang='lat' dir='ltr'><strong>exempla</strong></span> <span class='ocrx_word' id='word_1_382' title='bbox 656 2036 780 2063; x_wconf 78' lang='lat' dir='ltr'><strong>faventer</strong></span> <span class='ocrx_word' id='word_1_383' title='bbox 803 2040 914 2070; x_wconf 82' lang='lat' dir='ltr'><strong>excepta</strong></span> <span class='ocrx_word' id='word_1_384' title='bbox 927 2042 1005 2070; x_wconf 84' lang='lat' dir='ltr'><strong>prac-</strong></span> 
     </span>
    </p>
   </div>
   <div class='ocr_carea' id='block_1_58' title="bbox 215 2080 1003 2116">
    <p class='ocr_par' dir='ltr' id='par_1_58' title="bbox 215 2080 1003 2116">
     <span class='ocr_line' id='line_1_58' title="bbox 215 2080 1003 2116; baseline -0.001 -8"><span class='ocrx_word' id='word_1_385' title='bbox 215 2081 328 2108; x_wconf 87' lang='lat' dir='ltr'><strong>ivcrint.</strong></span> <span class='ocrx_word' id='word_1_386' title='bbox 346 2081 480 2116; x_wconf 86' lang='lat' dir='ltr'><strong>Equidem</strong></span> <span class='ocrx_word' id='word_1_387' title='bbox 499 2082 601 2109; x_wconf 85' lang='lat' dir='ltr'><strong>sentire</strong></span> <span class='ocrx_word' id='word_1_388' title='bbox 621 2090 665 2109; x_wconf 90' lang='lat' dir='ltr'><strong>me</strong></span> <span class='ocrx_word' id='word_1_389' title='bbox 684 2089 774 2113; x_wconf 86' lang='lat' dir='ltr'><strong>secus,</strong></span> <span class='ocrx_word' id='word_1_390' title='bbox 789 2089 869 2115; x_wconf 91' lang='lat' dir='ltr'><strong>quam</strong></span> <span class='ocrx_word' id='word_1_391' title='bbox 889 2088 938 2116; x_wconf 88' lang='lat' dir='ltr'><strong>par</strong></span> <span class='ocrx_word' id='word_1_392' title='bbox 954 2080 1003 2110; x_wconf 83' lang='lat' dir='ltr'><strong>sit.</strong></span> 
     </span>
    </p>
   </div>
   <div class='ocr_carea' id='block_1_59' title="bbox 215 2125 1004 2162">
    <p class='ocr_par' dir='ltr' id='par_1_59' title="bbox 215 2125 1004 2162">
     <span class='ocr_line' id='line_1_59' title="bbox 215 2125 1004 2162; baseline -0.003 -8"><span class='ocrx_word' id='word_1_393' title='bbox 215 2127 249 2155; x_wconf 92' lang='lat' dir='ltr'><strong>dc</strong></span> <span class='ocrx_word' id='word_1_394' title='bbox 270 2127 424 2162; x_wconf 90' lang='lat' dir='ltr'><strong>politissimi</strong></span> <span class='ocrx_word' id='word_1_395' title='bbox 450 2127 533 2154; x_wconf 90' lang='lat' dir='ltr'><strong>huius</strong></span> <span class='ocrx_word' id='word_1_396' title='bbox 550 2127 676 2155; x_wconf 92' lang='lat' dir='ltr'><strong>acumine</strong></span> <span class='ocrx_word' id='word_1_397' title='bbox 694 2131 722 2154; x_wconf 89' lang='lat' dir='ltr'><strong>et</strong></span> <span class='ocrx_word' id='word_1_398' title='bbox 743 2127 879 2161; x_wconf 87' lang='lat' dir='ltr'><strong>aequitate</strong></span> <span class='ocrx_word' id='word_1_399' title='bbox 903 2125 1004 2153; x_wconf 84' lang='lat' dir='ltr'><strong>saeculi</strong></span> 
     </span>
    </p>
   </div>
   <div class='ocr_carea' id='block_1_60' title="bbox 215 2172 1005 2207">
    <p class='ocr_par' dir='ltr' id='par_1_60' title="bbox 215 2172 1005 2207">
     <span class='ocr_line' id='line_1_60' title="bbox 215 2172 1005 2207; baseline -0.001 -7"><span class='ocrx_word' id='word_1_400' title='bbox 215 2173 368 2205; x_wconf 88' lang='lat' dir='ltr'><strong>crederem,</strong></span> <span class='ocrx_word' id='word_1_401' title='bbox 383 2173 417 2206; x_wconf 85' lang='lat' dir='ltr'><strong>si,</strong></span> <span class='ocrx_word' id='word_1_402' title='bbox 435 2181 498 2200; x_wconf 89' lang='lat' dir='ltr'><strong>cum</strong></span> <span class='ocrx_word' id='word_1_403' title='bbox 520 2173 555 2200; x_wconf 85' lang='lat' dir='ltr'><strong>ab</strong></span> <span class='ocrx_word' id='word_1_404' title='bbox 573 2180 607 2200; x_wconf 91' lang='lat' dir='ltr'><strong>eo</strong></span> <span class='ocrx_word' id='word_1_405' title='bbox 628 2172 737 2200; x_wconf 88' lang='lat' dir='ltr'><strong>laudata</strong></span> <span class='ocrx_word' id='word_1_406' title='bbox 756 2177 784 2199; x_wconf 90' lang='lat' dir='ltr'><strong>et</strong></span> <span class='ocrx_word' id='word_1_407' title='bbox 803 2172 892 2207; x_wconf 82' lang='lat' dir='ltr'><strong>magni</strong></span> <span class='ocrx_word' id='word_1_408' title='bbox 913 2172 1005 2199; x_wconf 86' lang='lat' dir='ltr'><strong>habita</strong></span> 
     </span>
    </p>
   </div>
   <div class='ocr_carea' id='block_1_61' title="bbox 215 2217 1003 2254">
    <p class='ocr_par' dir='ltr' id='par_1_61' title="bbox 215 2217 1003 2254">
     <span class='ocr_line' id='line_1_61' title="bbox 215 2217 1003 2254; baseline -0.001 -8"><span class='ocrx_word' id='word_1_409' title='bbox 215 2218 322 2246; x_wconf 87' lang='lat' dir='ltr'><strong>videam</strong></span> <span class='ocrx_word' id='word_1_410' title='bbox 335 2223 502 2254; x_wconf 84' lang='lat' dir='ltr'><strong>syntagmata</strong></span> <span class='ocrx_word' id='word_1_411' title='bbox 513 2218 745 2254; x_wconf 84' lang='lat' dir='ltr'><strong>cynegeticorum,</strong></span> <span class='ocrx_word' id='word_1_412' title='bbox 756 2217 1003 2253; x_wconf 78' lang='lat' dir='ltr'><strong>accipitrariorum,</strong></span> 
     </span>
    </p>
   </div>
   <div class='ocr_carea' id='block_1_62' title="bbox 1050 975 1841 1013">
    <p class='ocr_par' dir='ltr' id='par_1_62' title="bbox 1050 975 1841 1013">
     <span class='ocr_line' id='line_1_62' title="bbox 1050 975 1841 1013; baseline -0.006 -6"><span class='ocrx_word' id='word_1_413' title='bbox 1050 979 1141 1007; x_wconf 92' lang='lat' dir='ltr'><strong>omnia</strong></span> <span class='ocrx_word' id='word_1_414' title='bbox 1164 978 1286 1013; x_wconf 84' lang='lat' dir='ltr'><strong>exceptis</strong></span> <span class='ocrx_word' id='word_1_415' title='bbox 1311 977 1444 1005; x_wconf 87' lang='lat' dir='ltr'><strong>duntaxat</strong></span> <span class='ocrx_word' id='word_1_416' title='bbox 1470 975 1579 1004; x_wconf 84' lang='lat' dir='ltr'><strong>duobus</strong></span> <span class='ocrx_word' id='word_1_417' title='bbox 1603 976 1663 1003; x_wconf 78' lang='lat' dir='ltr'><strong>XIII</strong></span> <span class='ocrx_word' id='word_1_418' title='bbox 1685 980 1713 1003; x_wconf 89' lang='lat' dir='ltr'><strong>et</strong></span> <span class='ocrx_word' id='word_1_419' title='bbox 1737 975 1841 1007; x_wconf 80' lang='lat' dir='ltr'><strong>XVIII;</strong></span> 
     </span>
    </p>
   </div>
   <div class='ocr_carea' id='block_1_63' title="bbox 1050 1021 1842 1060">
    <p class='ocr_par' dir='ltr' id='par_1_63' title="bbox 1050 1021 1842 1060">
     <span class='ocr_line' id='line_1_63' title="bbox 1050 1021 1842 1060; baseline -0.006 -7"><span class='ocrx_word' id='word_1_420' title='bbox 1050 1033 1112 1053; x_wconf 89' lang='lat' dir='ltr'><strong>nam</strong></span> <span class='ocrx_word' id='word_1_421' title='bbox 1126 1025 1203 1060; x_wconf 89' lang='lat' dir='ltr'><strong>prius</strong></span> <span class='ocrx_word' id='word_1_422' title='bbox 1219 1031 1234 1051; x_wconf 91' lang='lat' dir='ltr'><strong>e</strong></span> <span class='ocrx_word' id='word_1_423' title='bbox 1250 1023 1381 1051; x_wconf 83' lang='lat' dir='ltr'><strong>Vaticano</strong></span> <span class='ocrx_word' id='word_1_424' title='bbox 1392 1022 1555 1058; x_wconf 85' lang='lat' dir='ltr'><strong>perantiquo</strong></span> <span class='ocrx_word' id='word_1_425' title='bbox 1566 1021 1671 1054; x_wconf 84' lang='lat' dir='ltr'><strong>codice,</strong></span> <span class='ocrx_word' id='word_1_426' title='bbox 1687 1021 1731 1049; x_wconf 91' lang='lat' dir='ltr'><strong>cui</strong></span> <span class='ocrx_word' id='word_1_427' title='bbox 1743 1029 1842 1048; x_wconf 87' lang='lat' dir='ltr'><strong>nume-</strong></span> 
     </span>
    </p>
   </div>
   <div class='ocr_carea' id='block_1_64' title="bbox 1050 1066 1855 1107">
    <p class='ocr_par' dir='ltr' id='par_1_64' title="bbox 1050 1066 1855 1107">
     <span class='ocr_line' id='line_1_64' title="bbox 1050 1066 1855 1107; baseline -0.004 -10"><span class='ocrx_word' id='word_1_428' title='bbox 1050 1078 1097 1098; x_wconf 89' lang='lat' dir='ltr'><strong>rus</strong></span> <span class='ocrx_word' id='word_1_429' title='bbox 1117 1069 1277 1097; x_wconf 86' lang='lat' dir='ltr'><strong>inscribitur</strong></span> <span class='ocrx_word' id='word_1_430' title='bbox 1299 1068 1365 1107; x_wconf 60' lang='lat'><strong>750,</strong></span> <span class='ocrx_word' id='word_1_431' title='bbox 1395 1067 1563 1102; x_wconf 90' lang='lat' dir='ltr'><strong>descriptum</strong></span> <span class='ocrx_word' id='word_1_432' title='bbox 1588 1071 1650 1099; x_wconf 84' lang='lat' dir='ltr'><strong>est,</strong></span> <span class='ocrx_word' id='word_1_433' title='bbox 1673 1066 1801 1094; x_wconf 92' lang='lat' dir='ltr'><strong>ultimum</strong></span> <span class='ocrx_word' id='word_1_434' title='bbox 1826 1074 1855 1106; x_wconf 39' lang='grc' dir='ltr'><strong>ο.</strong></span> 
     </span>
    </p>
   </div>
   <div class='ocr_carea' id='block_1_65' title="bbox 1050 1113 1663 1151">
    <p class='ocr_par' dir='ltr' id='par_1_65' title="bbox 1050 1113 1663 1151">
     <span class='ocr_line' id='line_1_65' title="bbox 1050 1113 1663 1151; baseline -0.005 -8"><span class='ocrx_word' id='word_1_435' title='bbox 1050 1114 1293 1151; x_wconf 84' lang='lat' dir='ltr'><strong>Cryptofcrratensi</strong></span> <span class='ocrx_word' id='word_1_436' title='bbox 1310 1113 1477 1141; x_wconf 86' lang='lat' dir='ltr'><strong>bibliotheca</strong></span> <span class='ocrx_word' id='word_1_437' title='bbox 1493 1113 1663 1149; x_wconf 90' lang='lat' dir='ltr'><strong>deprompsi.</strong></span> 
     </span>
    </p>
   </div>
   <div class='ocr_carea' id='block_1_66' title="bbox 1085 1157 1844 1194">
    <p class='ocr_par' dir='ltr' id='par_1_66' title="bbox 1085 1157 1844 1194">
     <span class='ocr_line' id='line_1_66' title="bbox 1085 1157 1844 1194; baseline -0.003 -7"><span class='ocrx_word' id='word_1_438' title='bbox 1085 1160 1213 1188; x_wconf 89' lang='lat' dir='ltr'><strong>Omnium</strong></span> <span class='ocrx_word' id='word_1_439' title='bbox 1239 1160 1266 1187; x_wconf 95' lang='lat' dir='ltr'><strong>in</strong></span> <span class='ocrx_word' id='word_1_440' title='bbox 1291 1159 1380 1186; x_wconf 86' lang='lat' dir='ltr'><strong>fronte</strong></span> <span class='ocrx_word' id='word_1_441' title='bbox 1405 1159 1484 1194; x_wconf 88' lang='lat' dir='ltr'><strong>posui</strong></span> <span class='ocrx_word' id='word_1_442' title='bbox 1510 1158 1654 1193; x_wconf 90' lang='lat' dir='ltr'><strong>epistolam</strong></span> <span class='ocrx_word' id='word_1_443' title='bbox 1677 1158 1706 1186; x_wconf 88' lang='lat' dir='ltr'><strong>S.</strong></span> <span class='ocrx_word' id='word_1_444' title='bbox 1729 1157 1844 1186; x_wconf 79' lang='lat' dir='ltr'><strong>Joannis</strong></span> 
     </span>
    </p>
   </div>
   <div class='ocr_carea' id='block_1_67' title="bbox 1050 1204 1843 1242">
    <p class='ocr_par' dir='ltr' id='par_1_67' title="bbox 1050 1204 1843 1242">
     <span class='ocr_line' id='line_1_67' title="bbox 1050 1204 1843 1242; baseline -0.004 -8"><span class='ocrx_word' id='word_1_445' title='bbox 1050 1205 1237 1242; x_wconf 85' lang='lat' dir='ltr'><strong>Chrysostomi</strong></span> <span class='ocrx_word' id='word_1_446' title='bbox 1262 1205 1296 1232; x_wconf 91' lang='lat' dir='ltr'><strong>ad</strong></span> <span class='ocrx_word' id='word_1_447' title='bbox 1319 1205 1482 1238; x_wconf 87' lang='lat' dir='ltr'><strong>monachos,</strong></span> <span class='ocrx_word' id='word_1_448' title='bbox 1507 1204 1544 1232; x_wconf 89' lang='lat' dir='ltr'><strong>ita</strong></span> <span class='ocrx_word' id='word_1_449' title='bbox 1572 1204 1645 1232; x_wconf 91' lang='lat' dir='ltr'><strong>clare</strong></span> <span class='ocrx_word' id='word_1_450' title='bbox 1676 1204 1704 1231; x_wconf 94' lang='lat' dir='ltr'><strong>in</strong></span> <span class='ocrx_word' id='word_1_451' title='bbox 1728 1204 1843 1231; x_wconf 86' lang='lat' dir='ltr'><strong>Turria-~</strong></span> 
     </span>
    </p>
   </div>
   <div class='ocr_carea' id='block_1_68' title="bbox 1051 1248 1845 1286">
    <p class='ocr_par' dir='ltr' id='par_1_68' title="bbox 1051 1248 1845 1286">
     <span class='ocr_line' id='line_1_68' title="bbox 1051 1248 1845 1286; baseline -0.005 -6"><span class='ocrx_word' id='word_1_452' title='bbox 1051 1252 1129 1280; x_wconf 89' lang='lat' dir='ltr'><strong>nensi</strong></span> <span class='ocrx_word' id='word_1_453' title='bbox 1176 1251 1270 1280; x_wconf 87' lang='lat' dir='ltr'><strong>codice</strong></span> <span class='ocrx_word' id='word_1_454' title='bbox 1313 1251 1482 1286; x_wconf 87' lang='lat' dir='ltr'><strong>inscriptam.</strong></span> <span class='ocrx_word' id='word_1_455' title='bbox 1530 1250 1597 1278; x_wconf 86' lang='lat' dir='ltr'><strong>Esse</strong></span> <span class='ocrx_word' id='word_1_456' title='bbox 1644 1250 1718 1277; x_wconf 89' lang='lat' dir='ltr'><strong>illam</strong></span> <span class='ocrx_word' id='word_1_457' title='bbox 1759 1248 1845 1284; x_wconf 76' lang='lat' dir='ltr'><strong>Chry-</strong></span> 
     </span>
    </p>
   </div>
   <div class='ocr_carea' id='block_1_69' title="bbox 1052 1295 1844 1333">
    <p class='ocr_par' dir='ltr' id='par_1_69' title="bbox 1052 1295 1844 1333">
     <span class='ocr_line' id='line_1_69' title="bbox 1052 1295 1844 1333; baseline -0.005 -7"><span class='ocrx_word' id='word_1_458' title='bbox 1052 1298 1165 1326; x_wconf 88' lang='lat' dir='ltr'><strong>sostomi</strong></span> <span class='ocrx_word' id='word_1_459' title='bbox 1185 1298 1207 1325; x_wconf 90' lang='lat' dir='ltr'><strong>si</strong></span> <span class='ocrx_word' id='word_1_460' title='bbox 1227 1297 1289 1333; x_wconf 90' lang='lat' dir='ltr'><strong>quis</strong></span> <span class='ocrx_word' id='word_1_461' title='bbox 1312 1301 1434 1332; x_wconf 86' lang='lat' dir='ltr'><strong>negaret,</strong></span> <span class='ocrx_word' id='word_1_462' title='bbox 1455 1296 1490 1324; x_wconf 90' lang='lat' dir='ltr'><strong>ab</strong></span> <span class='ocrx_word' id='word_1_463' title='bbox 1513 1296 1566 1323; x_wconf 91' lang='lat' dir='ltr'><strong>hoc</strong></span> <span class='ocrx_word' id='word_1_464' title='bbox 1588 1296 1647 1323; x_wconf 90' lang='lat' dir='ltr'><strong>iure</strong></span> <span class='ocrx_word' id='word_1_465' title='bbox 1669 1303 1730 1323; x_wconf 90' lang='lat' dir='ltr'><strong>meo</strong></span> <span class='ocrx_word' id='word_1_466' title='bbox 1751 1295 1844 1331; x_wconf 89' lang='lat' dir='ltr'><strong>exige-</strong></span> 
     </span>
    </p>
   </div>
   <div class='ocr_carea' id='block_1_70' title="bbox 1052 1341 1842 1379">
    <p class='ocr_par' dir='ltr' id='par_1_70' title="bbox 1052 1341 1842 1379">
     <span class='ocr_line' id='line_1_70' title="bbox 1052 1341 1842 1379; baseline -0.006 -6"><span class='ocrx_word' id='word_1_467' title='bbox 1052 1353 1121 1378; x_wconf 89' lang='lat' dir='ltr'><strong>rem,</strong></span> <span class='ocrx_word' id='word_1_468' title='bbox 1142 1349 1173 1372; x_wconf 92' lang='lat' dir='ltr'><strong>ut</strong></span> <span class='ocrx_word' id='word_1_469' title='bbox 1192 1344 1379 1372; x_wconf 89' lang='lat' dir='ltr'><strong>testimonium</strong></span> <span class='ocrx_word' id='word_1_470' title='bbox 1400 1351 1451 1379; x_wconf 92' lang='lat' dir='ltr'><strong>pro</strong></span> <span class='ocrx_word' id='word_1_471' title='bbox 1469 1351 1499 1371; x_wconf 88' lang='lat' dir='ltr'><strong>se</strong></span> <span class='ocrx_word' id='word_1_472' title='bbox 1521 1342 1677 1370; x_wconf 83' lang='lat' dir='ltr'><strong>auctoritati</strong></span> <span class='ocrx_word' id='word_1_473' title='bbox 1698 1341 1842 1369; x_wconf 87' lang='lat' dir='ltr'><strong>Turrianci</strong></span> 
     </span>
    </p>
   </div>
   <div class='ocr_carea' id='block_1_71' title="bbox 1053 1387 1841 1427">
    <p class='ocr_par' dir='ltr' id='par_1_71' title="bbox 1053 1387 1841 1427">
     <span class='ocr_line' id='line_1_71' title="bbox 1053 1387 1841 1427; baseline -0.006 -8"><span class='ocrx_word' id='word_1_474' title='bbox 1053 1391 1156 1419; x_wconf 84' lang='lat' dir='ltr'><strong>codicis</strong></span> <span class='ocrx_word' id='word_1_475' title='bbox 1170 1391 1313 1427; x_wconf 80' lang='lat' dir='ltr'><strong>aequilibre</strong></span> <span class='ocrx_word' id='word_1_476' title='bbox 1327 1394 1374 1418; x_wconf 88' lang='lat' dir='ltr'><strong>aut</strong></span> <span class='ocrx_word' id='word_1_477' title='bbox 1388 1390 1479 1426; x_wconf 87' lang='lat' dir='ltr'><strong>potius</strong></span> <span class='ocrx_word' id='word_1_478' title='bbox 1488 1388 1710 1425; x_wconf 88' lang='lat' dir='ltr'><strong>praeponderans</strong></span> <span class='ocrx_word' id='word_1_479' title='bbox 1721 1387 1841 1415; x_wconf 84' lang='lat' dir='ltr'><strong>all‘erret.</strong></span> 
     </span>
    </p>
   </div>
   <div class='ocr_carea' id='block_1_72' title="bbox 1052 1432 1845 1467">
    <p class='ocr_par' dir='ltr' id='par_1_72' title="bbox 1052 1432 1845 1467">
     <span class='ocr_line' id='line_1_72' title="bbox 1052 1432 1845 1467; baseline -0.008 -2"><span class='ocrx_word' id='word_1_480' title='bbox 1052 1437 1122 1465; x_wconf 89' lang='lat' dir='ltr'><strong>Cmn</strong></span> <span class='ocrx_word' id='word_1_481' title='bbox 1144 1442 1249 1465; x_wconf 88' lang='lat' dir='ltr'><strong>certum</strong></span> <span class='ocrx_word' id='word_1_482' title='bbox 1271 1436 1307 1464; x_wconf 88' lang='lat' dir='ltr'><strong>sit</strong></span> <span class='ocrx_word' id='word_1_483' title='bbox 1327 1436 1434 1463; x_wconf 85' lang='lat' dir='ltr'><strong>Patrem</strong></span> <span class='ocrx_word' id='word_1_484' title='bbox 1454 1433 1532 1461; x_wconf 91' lang='lat' dir='ltr'><strong>illum</strong></span> <span class='ocrx_word' id='word_1_485' title='bbox 1555 1432 1767 1465; x_wconf 87' lang='lat' dir='ltr'><strong>sanctissimum,</strong></span> <span class='ocrx_word' id='word_1_486' title='bbox 1786 1432 1845 1467; x_wconf 89' lang='lat' dir='ltr'><strong>ipso</strong></span> 
     </span>
    </p>
   </div>
   <div class='ocr_carea' id='block_1_73' title="bbox 1053 1480 1846 1516">
    <p class='ocr_par' dir='ltr' id='par_1_73' title="bbox 1053 1480 1846 1516">
     <span class='ocr_line' id='line_1_73' title="bbox 1053 1480 1846 1516; baseline -0.008 -4"><span class='ocrx_word' id='word_1_487' title='bbox 1053 1484 1205 1512; x_wconf 86' lang='lat' dir='ltr'><strong>allirmante</strong></span> <span class='ocrx_word' id='word_1_488' title='bbox 1223 1484 1271 1511; x_wconf 91' lang='lat' dir='ltr'><strong>lib.</strong></span> <span class='ocrx_word' id='word_1_489' title='bbox 1290 1483 1352 1511; x_wconf 82' lang='lat' dir='ltr'><strong>[De</strong></span> <span class='ocrx_word' id='word_1_490' title='bbox 1370 1481 1535 1513; x_wconf 89' lang='lat' dir='ltr'><strong>sacerdotio,</strong></span> <span class='ocrx_word' id='word_1_491' title='bbox 1555 1485 1599 1508; x_wconf 90' lang='lat' dir='ltr'><strong>sat</strong></span> <span class='ocrx_word' id='word_1_492' title='bbox 1618 1480 1698 1516; x_wconf 78' lang='lat' dir='ltr'><strong>longo</strong></span> <span class='ocrx_word' id='word_1_493' title='bbox 1722 1483 1846 1514; x_wconf 89' lang='lat' dir='ltr'><strong>tempore</strong></span> 
     </span>
    </p>
   </div>
   <div class='ocr_carea' id='block_1_74' title="bbox 1054 1525 1845 1565">
    <p class='ocr_par' dir='ltr' id='par_1_74' title="bbox 1054 1525 1845 1565">
     <span class='ocr_line' id='line_1_74' title="bbox 1054 1525 1845 1565; baseline -0.008 -7"><span class='ocrx_word' id='word_1_494' title='bbox 1054 1535 1199 1565; x_wconf 84' lang='lat' dir='ltr'><strong>antequam</strong></span> <span class='ocrx_word' id='word_1_495' title='bbox 1220 1529 1363 1565; x_wconf 84' lang='lat' dir='ltr'><strong>presbyter</strong></span> <span class='ocrx_word' id='word_1_496' title='bbox 1379 1532 1407 1556; x_wconf 90' lang='lat' dir='ltr'><strong>et</strong></span> <span class='ocrx_word' id='word_1_497' title='bbox 1426 1527 1599 1556; x_wconf 87' lang='lat' dir='ltr'><strong>ecclesiastes</strong></span> <span class='ocrx_word' id='word_1_498' title='bbox 1618 1525 1779 1554; x_wconf 85' lang='lat' dir='ltr'><strong>Antiochiae</strong></span> <span class='ocrx_word' id='word_1_499' title='bbox 1796 1526 1845 1553; x_wconf 85' lang='lat' dir='ltr'><strong>lie-</strong></span> 
     </span>
    </p>
   </div>
   <div class='ocr_carea' id='block_1_75' title="bbox 1017 1572 1846 1621">
    <p class='ocr_par' dir='ltr' id='par_1_75' title="bbox 1017 1572 1846 1621">
     <span class='ocr_line' id='line_1_75' title="bbox 1017 1572 1846 1621; baseline -0.008 -16"><span class='ocrx_word' id='word_1_500' title='bbox 1017 1593 1037 1621; x_wconf 75' lang='lat' dir='ltr'>c</span> <span class='ocrx_word' id='word_1_501' title='bbox 1056 1582 1111 1610; x_wconf 76' lang='lat' dir='ltr'><strong>ret,</strong></span> <span class='ocrx_word' id='word_1_502' title='bbox 1130 1577 1204 1605; x_wconf 89' lang='lat' dir='ltr'><strong>unde</strong></span> <span class='ocrx_word' id='word_1_503' title='bbox 1229 1580 1272 1604; x_wconf 87' lang='lat' dir='ltr'><strong>est</strong></span> <span class='ocrx_word' id='word_1_504' title='bbox 1296 1576 1329 1604; x_wconf 90' lang='lat' dir='ltr'><strong>ad</strong></span> <span class='ocrx_word' id='word_1_505' title='bbox 1359 1576 1488 1621; x_wconf 82' lang='lat' dir='ltr'><strong>thronum</strong></span> <span class='ocrx_word' id='word_1_506' title='bbox 1514 1572 1846 1607; x_wconf 88' lang='lat' dir='ltr'><strong>Constantinopolitanum</strong></span> 
     </span>
    </p>
   </div>
   <div class='ocr_carea' id='block_1_76' title="bbox 1054 1615 1846 1656">
    <p class='ocr_par' dir='ltr' id='par_1_76' title="bbox 1054 1615 1846 1656">
     <span class='ocr_line' id='line_1_76' title="bbox 1054 1615 1846 1656; baseline -0.009 -5"><span class='ocrx_word' id='word_1_507' title='bbox 1054 1628 1193 1656; x_wconf 84' lang='lat' dir='ltr'><strong>evocatus,</strong></span> <span class='ocrx_word' id='word_1_508' title='bbox 1218 1623 1289 1650; x_wconf 77' lang='lat' dir='ltr'><strong>inter</strong></span> <span class='ocrx_word' id='word_1_509' title='bbox 1316 1615 1464 1649; x_wconf 78' lang='lat' dir='ltr'><strong>monachos</strong></span> <span class='ocrx_word' id='word_1_510' title='bbox 1485 1620 1597 1653; x_wconf 78' lang='lat' dir='ltr'><strong>vixisse,</strong></span> <span class='ocrx_word' id='word_1_511' title='bbox 1616 1618 1846 1647; x_wconf 87' lang='lat' dir='ltr'><strong>verisimillimum</strong></span> 
     </span>
    </p>
   </div>
   <div class='ocr_carea' id='block_1_77' title="bbox 1053 1663 1847 1704">
    <p class='ocr_par' dir='ltr' id='par_1_77' title="bbox 1053 1663 1847 1704">
     <span class='ocr_line' id='line_1_77' title="bbox 1053 1663 1847 1704; baseline -0.01 -7"><span class='ocrx_word' id='word_1_512' title='bbox 1053 1674 1105 1703; x_wconf 87' lang='lat' dir='ltr'><strong>est,</strong></span> <span class='ocrx_word' id='word_1_513' title='bbox 1123 1673 1177 1696; x_wconf 86' lang='lat' dir='ltr'><strong>tam</strong></span> <span class='ocrx_word' id='word_1_514' title='bbox 1205 1668 1370 1696; x_wconf 89' lang='lat' dir='ltr'><strong>foecuudum</strong></span> <span class='ocrx_word' id='word_1_515' title='bbox 1396 1667 1536 1704; x_wconf 88' lang='lat' dir='ltr'><strong>ingenium</strong></span> <span class='ocrx_word' id='word_1_516' title='bbox 1563 1673 1618 1693; x_wconf 91' lang='lat' dir='ltr'><strong>non</strong></span> <span class='ocrx_word' id='word_1_517' title='bbox 1644 1663 1807 1692; x_wconf 87' lang='lat' dir='ltr'><strong>abstinuisse</strong></span> <span class='ocrx_word' id='word_1_518' title='bbox 1829 1670 1847 1690; x_wconf 86' lang='lat' dir='ltr'><strong>a</strong></span> 
     </span>
    </p>
   </div>
   <div class='ocr_carea' id='block_1_78' title="bbox 1054 1710 1847 1749">
    <p class='ocr_par' dir='ltr' id='par_1_78' title="bbox 1054 1710 1847 1749">
     <span class='ocr_line' id='line_1_78' title="bbox 1054 1710 1847 1749; baseline -0.01 -6"><span class='ocrx_word' id='word_1_519' title='bbox 1054 1715 1200 1743; x_wconf 88' lang='lat' dir='ltr'><strong>scribendo</strong></span> <span class='ocrx_word' id='word_1_520' title='bbox 1217 1715 1251 1742; x_wconf 90' lang='lat' dir='ltr'><strong>de</strong></span> <span class='ocrx_word' id='word_1_521' title='bbox 1271 1714 1353 1742; x_wconf 83' lang='lat' dir='ltr'><strong>rebus</strong></span> <span class='ocrx_word' id='word_1_522' title='bbox 1377 1721 1445 1749; x_wconf 84' lang='lat' dir='ltr'><strong>quas</strong></span> <span class='ocrx_word' id='word_1_523' title='bbox 1468 1717 1535 1739; x_wconf 87' lang='lat' dir='ltr'><strong>tunc</strong></span> <span class='ocrx_word' id='word_1_524' title='bbox 1553 1710 1748 1741; x_wconf 87' lang='lat' dir='ltr'><strong>meditabatur,</strong></span> <span class='ocrx_word' id='word_1_525' title='bbox 1765 1713 1847 1743; x_wconf 89' lang='lat' dir='ltr'><strong>atque</strong></span> 
     </span>
    </p>
   </div>
   <div class='ocr_carea' id='block_1_79' title="bbox 1054 1755 1846 1794">
    <p class='ocr_par' dir='ltr' id='par_1_79' title="bbox 1054 1755 1846 1794">
     <span class='ocr_line' id='line_1_79' title="bbox 1054 1755 1846 1794; baseline -0.01 -5"><span class='ocrx_word' id='word_1_526' title='bbox 1054 1762 1123 1789; x_wconf 83' lang='lat' dir='ltr'><strong>adeo</strong></span> <span class='ocrx_word' id='word_1_527' title='bbox 1137 1762 1207 1789; x_wconf 89' lang='lat' dir='ltr'><strong>hanc</strong></span> <span class='ocrx_word' id='word_1_528' title='bbox 1224 1768 1257 1788; x_wconf 93' lang='lat' dir='ltr'><strong>eo</strong></span> <span class='ocrx_word' id='word_1_529' title='bbox 1272 1760 1325 1788; x_wconf 91' lang='lat' dir='ltr'><strong>iam</strong></span> <span class='ocrx_word' id='word_1_530' title='bbox 1343 1763 1400 1787; x_wconf 88' lang='lat' dir='ltr'><strong>tum</strong></span> <span class='ocrx_word' id='word_1_531' title='bbox 1414 1763 1537 1794; x_wconf 89' lang='lat' dir='ltr'><strong>tempore</strong></span> <span class='ocrx_word' id='word_1_532' title='bbox 1556 1756 1710 1793; x_wconf 83' lang='lat' dir='ltr'><strong>epistolam,</strong></span> <span class='ocrx_word' id='word_1_533' title='bbox 1727 1759 1755 1783; x_wconf 90' lang='lat' dir='ltr'><strong>et</strong></span> <span class='ocrx_word' id='word_1_534' title='bbox 1769 1755 1846 1790; x_wconf 85' lang='lat' dir='ltr'><strong>plura</strong></span> 
     </span>
    </p>
   </div>
   <div class='ocr_carea' id='block_1_80' title="bbox 1054 1800 1846 1841">
    <p class='ocr_par' dir='ltr' id='par_1_80' title="bbox 1054 1800 1846 1841">
     <span class='ocr_line' id='line_1_80' title="bbox 1054 1800 1846 1841; baseline -0.011 -7"><span class='ocrx_word' id='word_1_535' title='bbox 1054 1807 1124 1834; x_wconf 87' lang='lat' dir='ltr'><strong>forte</strong></span> <span class='ocrx_word' id='word_1_536' title='bbox 1143 1807 1195 1834; x_wconf 89' lang='lat' dir='ltr'><strong>alia</strong></span> <span class='ocrx_word' id='word_1_537' title='bbox 1210 1806 1284 1841; x_wconf 89' lang='lat' dir='ltr'><strong>paris</strong></span> <span class='ocrx_word' id='word_1_538' title='bbox 1308 1804 1461 1840; x_wconf 76' lang='lat' dir='ltr'><strong>argumenti</strong></span> <span class='ocrx_word' id='word_1_539' title='bbox 1487 1802 1573 1830; x_wconf 72' lang='lat' dir='ltr'><strong>literis</strong></span> <span class='ocrx_word' id='word_1_540' title='bbox 1595 1800 1749 1831; x_wconf 85' lang='lat' dir='ltr'><strong>mandasse,</strong></span> <span class='ocrx_word' id='word_1_541' title='bbox 1766 1806 1846 1833; x_wconf 88' lang='lat' dir='ltr'><strong>quae,</strong></span> 
     </span>
    </p>
   </div>
   <div class='ocr_carea' id='block_1_81' title="bbox 1054 1844 1849 1889">
    <p class='ocr_par' dir='ltr' id='par_1_81' title="bbox 1054 1844 1849 1889">
     <span class='ocr_line' id='line_1_81' title="bbox 1054 1844 1849 1889; baseline -0.014 -8"><span class='ocrx_word' id='word_1_542' title='bbox 1054 1853 1128 1889; x_wconf 89' lang='lat' dir='ltr'><strong>quod</strong></span> <span class='ocrx_word' id='word_1_543' title='bbox 1142 1861 1197 1880; x_wconf 92' lang='lat' dir='ltr'><strong>non</strong></span> <span class='ocrx_word' id='word_1_544' title='bbox 1212 1855 1388 1887; x_wconf 85' lang='lat' dir='ltr'><strong>compareant</strong></span> <span class='ocrx_word' id='word_1_545' title='bbox 1405 1850 1432 1877; x_wconf 89' lang='lat' dir='ltr'><strong>in</strong></span> <span class='ocrx_word' id='word_1_546' title='bbox 1448 1847 1656 1876; x_wconf 83' lang='lat' dir='ltr'><strong>collectionibus</strong></span> <span class='ocrx_word' id='word_1_547' title='bbox 1671 1845 1750 1880; x_wconf 83' lang='lat' dir='ltr'><strong>vulgo</strong></span> <span class='ocrx_word' id='word_1_548' title='bbox 1767 1844 1849 1872; x_wconf 85' lang='lat' dir='ltr'><strong>editis</strong></span> 
     </span>
    </p>
   </div>
   <div class='ocr_carea' id='block_1_82' title="bbox 1054 1892 1847 1934">
    <p class='ocr_par' dir='ltr' id='par_1_82' title="bbox 1054 1892 1847 1934">
     <span class='ocr_line' id='line_1_82' title="bbox 1054 1892 1847 1934; baseline -0.014 -7"><span class='ocrx_word' id='word_1_549' title='bbox 1054 1900 1172 1934; x_wconf 86' lang='lat' dir='ltr'><strong>Operum</strong></span> <span class='ocrx_word' id='word_1_550' title='bbox 1193 1899 1276 1930; x_wconf 89' lang='lat' dir='ltr'><strong>illius,</strong></span> <span class='ocrx_word' id='word_1_551' title='bbox 1298 1904 1380 1924; x_wconf 88' lang='lat' dir='ltr'><strong>causa</strong></span> <span class='ocrx_word' id='word_1_552' title='bbox 1401 1903 1462 1923; x_wconf 88' lang='lat' dir='ltr'><strong>esse</strong></span> <span class='ocrx_word' id='word_1_553' title='bbox 1483 1894 1582 1930; x_wconf 89' lang='lat' dir='ltr'><strong>potuit,</strong></span> <span class='ocrx_word' id='word_1_554' title='bbox 1598 1892 1726 1928; x_wconf 90' lang='lat' dir='ltr'><strong>quoniam</strong></span> <span class='ocrx_word' id='word_1_555' title='bbox 1748 1899 1780 1918; x_wconf 88' lang='lat' dir='ltr'><strong>ea</strong></span> <span class='ocrx_word' id='word_1_556' title='bbox 1798 1898 1847 1925; x_wconf 86' lang='lat' dir='ltr'><strong>po-</strong></span> 
     </span>
    </p>
   </div>
   <div class='ocr_carea' id='block_1_83' title="bbox 1054 1937 1848 1975">
    <p class='ocr_par' dir='ltr' id='par_1_83' title="bbox 1054 1937 1848 1975">
     <span class='ocr_line' id='line_1_83' title="bbox 1054 1937 1848 1975; baseline -0.013 -3"><span class='ocrx_word' id='word_1_557' title='bbox 1054 1945 1190 1972; x_wconf 78' lang='lat' dir='ltr'><strong>tissimum</strong></span> <span class='ocrx_word' id='word_1_558' title='bbox 1210 1951 1243 1970; x_wconf 89' lang='lat' dir='ltr'><strong>ex</strong></span> <span class='ocrx_word' id='word_1_559' title='bbox 1263 1943 1317 1970; x_wconf 92' lang='lat' dir='ltr'><strong>illis</strong></span> <span class='ocrx_word' id='word_1_560' title='bbox 1339 1942 1367 1969; x_wconf 91' lang='lat' dir='ltr'><strong>in</strong></span> <span class='ocrx_word' id='word_1_561' title='bbox 1388 1940 1497 1968; x_wconf 87' lang='lat' dir='ltr'><strong>codices</strong></span> <span class='ocrx_word' id='word_1_562' title='bbox 1517 1939 1642 1975; x_wconf 88' lang='lat' dir='ltr'><strong>publicos</strong></span> <span class='ocrx_word' id='word_1_563' title='bbox 1659 1937 1848 1965; x_wconf 80' lang='lat' dir='ltr'><strong>referebantur</strong></span> 
     </span>
    </p>
   </div>
   <div class='ocr_carea' id='block_1_84' title="bbox 1054 1983 1847 2026">
    <p class='ocr_par' dir='ltr' id='par_1_84' title="bbox 1054 1983 1847 2026">
     <span class='ocr_line' id='line_1_84' title="bbox 1054 1983 1847 2026; baseline -0.011 -8"><span class='ocrx_word' id='word_1_564' title='bbox 1054 1999 1124 2026; x_wconf 89' lang='lat' dir='ltr'><strong>quae</strong></span> <span class='ocrx_word' id='word_1_565' title='bbox 1139 1990 1172 2017; x_wconf 89' lang='lat' dir='ltr'><strong>ad</strong></span> <span class='ocrx_word' id='word_1_566' title='bbox 1188 1989 1336 2025; x_wconf 89' lang='lat' dir='ltr'><strong>promiscui</strong></span> <span class='ocrx_word' id='word_1_567' title='bbox 1355 1987 1463 2024; x_wconf 87' lang='lat' dir='ltr'><strong>generis</strong></span> <span class='ocrx_word' id='word_1_568' title='bbox 1485 1986 1612 2014; x_wconf 89' lang='lat' dir='ltr'><strong>homines</strong></span> <span class='ocrx_word' id='word_1_569' title='bbox 1630 1983 1768 2012; x_wconf 88' lang='lat' dir='ltr'><strong>docendos</strong></span> <span class='ocrx_word' id='word_1_570' title='bbox 1785 1990 1847 2018; x_wconf 87' lang='lat' dir='ltr'><strong>per-</strong></span> 
     </span>
    </p>
   </div>
   <div class='ocr_carea' id='block_1_85' title="bbox 1055 2031 1848 2069">
    <p class='ocr_par' dir='ltr' id='par_1_85' title="bbox 1055 2031 1848 2069">
     <span class='ocr_line' id='line_1_85' title="bbox 1055 2031 1848 2069; baseline -0.011 -3"><span class='ocrx_word' id='word_1_571' title='bbox 1055 2039 1142 2066; x_wconf 80' lang='lat' dir='ltr'><strong>tinere</strong></span> <span class='ocrx_word' id='word_1_572' title='bbox 1167 2038 1337 2069; x_wconf 89' lang='lat' dir='ltr'><strong>viderentur,</strong></span> <span class='ocrx_word' id='word_1_573' title='bbox 1356 2036 1410 2063; x_wconf 90' lang='lat' dir='ltr'><strong>alia</strong></span> <span class='ocrx_word' id='word_1_574' title='bbox 1438 2042 1563 2063; x_wconf 86' lang='lat' dir='ltr'><strong>seorsum</strong></span> <span class='ocrx_word' id='word_1_575' title='bbox 1591 2035 1619 2061; x_wconf 91' lang='lat' dir='ltr'><strong>in</strong></span> <span class='ocrx_word' id='word_1_576' title='bbox 1650 2031 1848 2060; x_wconf 86' lang='lat' dir='ltr'><strong>monachorum</strong></span> 
     </span>
    </p>
   </div>
   <div class='ocr_carea' id='block_1_86' title="bbox 1055 2078 1849 2114">
    <p class='ocr_par' dir='ltr' id='par_1_86' title="bbox 1055 2078 1849 2114">
     <span class='ocr_line' id='line_1_86' title="bbox 1055 2078 1849 2114; baseline -0.013 -1"><span class='ocrx_word' id='word_1_577' title='bbox 1055 2085 1164 2113; x_wconf 88' lang='lat' dir='ltr'><strong>scriniis</strong></span> <span class='ocrx_word' id='word_1_578' title='bbox 1191 2089 1218 2112; x_wconf 89' lang='lat' dir='ltr'><strong>et</strong></span> <span class='ocrx_word' id='word_1_579' title='bbox 1246 2083 1444 2111; x_wconf 85' lang='lat' dir='ltr'><strong>coenobiorum</strong></span> <span class='ocrx_word' id='word_1_580' title='bbox 1471 2081 1573 2109; x_wconf 91' lang='lat' dir='ltr'><strong>archiis</strong></span> <span class='ocrx_word' id='word_1_581' title='bbox 1601 2079 1642 2107; x_wconf 91' lang='lat' dir='ltr'><strong>uti</strong></span> <span class='ocrx_word' id='word_1_582' title='bbox 1670 2078 1849 2114; x_wconf 80' lang='lat' dir='ltr'><strong>professionis</strong></span> 
     </span>
    </p>
   </div>
   <div class='ocr_carea' id='block_1_87' title="bbox 1055 2124 1848 2166">
    <p class='ocr_par' dir='ltr' id='par_1_87' title="bbox 1055 2124 1848 2166">
     <span class='ocr_line' id='line_1_87' title="bbox 1055 2124 1848 2166; baseline -0.011 -7"><span class='ocrx_word' id='word_1_583' title='bbox 1055 2135 1209 2159; x_wconf 86' lang='lat' dir='ltr'><strong>ascetarum</strong></span> <span class='ocrx_word' id='word_1_584' title='bbox 1242 2130 1354 2166; x_wconf 89' lang='lat' dir='ltr'><strong>propria</strong></span> <span class='ocrx_word' id='word_1_585' title='bbox 1390 2129 1553 2156; x_wconf 85' lang='lat' dir='ltr'><strong>sinebantur</strong></span> <span class='ocrx_word' id='word_1_586' title='bbox 1589 2125 1732 2166; x_wconf 78' lang='lat' dir='ltr'><strong>custodiri.</strong></span> <span class='ocrx_word' id='word_1_587' title='bbox 1767 2124 1848 2151; x_wconf 88' lang='lat' dir='ltr'><strong>Istam</strong></span> 
     </span>
    </p>
   </div>
   <div class='ocr_carea' id='block_1_88' title="bbox 1055 2171 1850 2212">
    <p class='ocr_par' dir='ltr' id='par_1_88' title="bbox 1055 2171 1850 2212">
     <span class='ocr_line' id='line_1_88' title="bbox 1055 2171 1850 2212; baseline -0.01 -8"><span class='ocrx_word' id='word_1_588' title='bbox 1055 2184 1138 2212; x_wconf 91' lang='lat' dir='ltr'><strong>porro</strong></span> <span class='ocrx_word' id='word_1_589' title='bbox 1161 2176 1304 2211; x_wconf 89' lang='lat' dir='ltr'><strong>epistolam</strong></span> <span class='ocrx_word' id='word_1_590' title='bbox 1326 2173 1471 2210; x_wconf 86' lang='lat' dir='ltr'><strong>praeposui</strong></span> <span class='ocrx_word' id='word_1_591' title='bbox 1493 2172 1599 2200; x_wconf 91' lang='lat' dir='ltr'><strong>cunctis</strong></span> <span class='ocrx_word' id='word_1_592' title='bbox 1625 2171 1686 2198; x_wconf 87' lang='lat' dir='ltr'><strong>aliis</strong></span> <span class='ocrx_word' id='word_1_593' title='bbox 1705 2171 1850 2206; x_wconf 84' lang='lat' dir='ltr'><strong>Opusculis</strong></span> 
     </span>
    </p>
   </div>
   <div class='ocr_carea' id='block_1_89' title="bbox 1055 2217 1848 2257">
    <p class='ocr_par' dir='ltr' id='par_1_89' title="bbox 1055 2217 1848 2257">
     <span class='ocr_line' id='line_1_89' title="bbox 1055 2217 1848 2257; baseline -0.009 -7"><span class='ocrx_word' id='word_1_594' title='bbox 1055 2231 1111 2250; x_wconf 90' lang='lat' dir='ltr'><strong>non</strong></span> <span class='ocrx_word' id='word_1_595' title='bbox 1135 2221 1308 2257; x_wconf 84' lang='lat' dir='ltr'><strong>antiquitatis</strong></span> <span class='ocrx_word' id='word_1_596' title='bbox 1328 2220 1528 2256; x_wconf 86' lang='lat' dir='ltr'><strong>praerogativa,</strong></span> <span class='ocrx_word' id='word_1_597' title='bbox 1549 2226 1602 2254; x_wconf 90' lang='lat' dir='ltr'><strong>qua</strong></span> <span class='ocrx_word' id='word_1_598' title='bbox 1622 2217 1848 2253; x_wconf 80' lang='lat' dir='ltr'><strong>Chrysostomum</strong></span> 
     </span>
    </p>
   </div>
   <div class='ocr_carea' id='block_1_90' title="bbox 215 2264 1003 2304">
    <p class='ocr_par' dir='ltr' id='par_1_90' title="bbox 215 2264 1003 2300">
     <span class='ocr_line' id='line_1_90' title="bbox 215 2264 1003 2300; baseline 0 -9"><span class='ocrx_word' id='word_1_599' title='bbox 215 2265 421 2300; x_wconf 81' lang='lat' dir='ltr'><strong>georgicorum,</strong></span> <span class='ocrx_word' id='word_1_600' title='bbox 458 2265 690 2300; x_wconf 88' lang='lat' dir='ltr'><strong>agrimensorum,</strong></span> <span class='ocrx_word' id='word_1_601' title='bbox 717 2264 944 2300; x_wconf 88' lang='lat' dir='ltr'><strong>hippiatricorum</strong></span> <span class='ocrx_word' id='word_1_602' title='bbox 976 2269 1003 2292; x_wconf 93' lang='lat' dir='ltr'><strong>et</strong></span> 
     </span>
    </p>
   </div>
   <div class='ocr_carea' id='block_1_91' title="bbox 1052 2264 1850 2304">
    <p class='ocr_par' dir='ltr' id='par_1_91' title="bbox 1055 2264 1850 2304">
     <span class='ocr_line' id='line_1_91' title="bbox 1055 2264 1850 2304; baseline -0.008 -8"><span class='ocrx_word' id='word_1_603' title='bbox 1055 2273 1186 2304; x_wconf 88' lang='lat' dir='ltr'><strong>superant</strong></span> <span class='ocrx_word' id='word_1_604' title='bbox 1214 2268 1349 2296; x_wconf 83' lang='lat' dir='ltr'><strong>Macarius</strong></span> <span class='ocrx_word' id='word_1_605' title='bbox 1371 2271 1399 2294; x_wconf 90' lang='lat' dir='ltr'><strong>et</strong></span> <span class='ocrx_word' id='word_1_606' title='bbox 1428 2265 1645 2301; x_wconf 82' lang='lat' dir='ltr'><strong>Amphilochius,</strong></span> <span class='ocrx_word' id='word_1_607' title='bbox 1673 2264 1717 2291; x_wconf 91' lang='lat' dir='ltr'><strong>illc</strong></span> <span class='ocrx_word' id='word_1_608' title='bbox 1745 2268 1850 2299; x_wconf 75' lang='lat' dir='ltr'><strong>Septem</strong></span> 
     </span>
    </p>
   </div>
   <div class='ocr_carea' id='block_1_92' title="bbox 216 2310 1007 2346">
    <p class='ocr_par' dir='ltr' id='par_1_92' title="bbox 216 2310 1007 2346">
     <span class='ocr_line' id='line_1_92' title="bbox 216 2310 1007 2346; baseline 0.001 -8"><span class='ocrx_word' id='word_1_609' title='bbox 216 2311 358 2344; x_wconf 90' lang='lat' dir='ltr'><strong>similium,</strong></span> <span class='ocrx_word' id='word_1_610' title='bbox 376 2310 479 2346; x_wconf 88' lang='lat' dir='ltr'><strong>despici</strong></span> <span class='ocrx_word' id='word_1_611' title='bbox 494 2319 605 2338; x_wconf 86' lang='lat' dir='ltr'><strong>vererer</strong></span> <span class='ocrx_word' id='word_1_612' title='bbox 617 2315 646 2339; x_wconf 90' lang='lat' dir='ltr'><strong>ct</strong></span> <span class='ocrx_word' id='word_1_613' title='bbox 661 2319 676 2338; x_wconf 93' lang='lat' dir='ltr'><strong>a</strong></span> <span class='ocrx_word' id='word_1_614' title='bbox 690 2311 869 2338; x_wconf 89' lang='lat' dir='ltr'><strong>delicatorum</strong></span> <span class='ocrx_word' id='word_1_615' title='bbox 891 2311 1007 2339; x_wconf 88' lang='lat' dir='ltr'><strong>fastidiis</strong></span> 
     </span>
    </p>
   </div>
   <div class='ocr_carea' id='block_1_93' title="bbox 215 2357 1007 2393">
    <p class='ocr_par' dir='ltr' id='par_1_93' title="bbox 215 2357 1007 2393">
     <span class='ocr_line' id='line_1_93' title="bbox 215 2357 1007 2393; baseline 0.001 -8"><span class='ocrx_word' id='word_1_616' title='bbox 215 2357 331 2393; x_wconf 79' lang='lat' dir='ltr'><strong>frigere,</strong></span> <span class='ocrx_word' id='word_1_617' title='bbox 354 2357 420 2385; x_wconf 91' lang='lat' dir='ltr'><strong>dum</strong></span> <span class='ocrx_word' id='word_1_618' title='bbox 447 2358 629 2385; x_wconf 87' lang='lat' dir='ltr'><strong>asceticorum</strong></span> <span class='ocrx_word' id='word_1_619' title='bbox 658 2366 713 2385; x_wconf 92' lang='lat' dir='ltr'><strong>non</strong></span> <span class='ocrx_word' id='word_1_620' title='bbox 742 2359 858 2386; x_wconf 87' lang='lat' dir='ltr'><strong>antehac</strong></span> <span class='ocrx_word' id='word_1_621' title='bbox 886 2359 1007 2386; x_wconf 85' lang='lat' dir='ltr'><strong>visorum</strong></span> 
     </span>
    </p>
   </div>
   <div class='ocr_carea' id='block_1_94' title="bbox 216 2405 1007 2441">
    <p class='ocr_par' dir='ltr' id='par_1_94' title="bbox 216 2405 1007 2441">
     <span class='ocr_line' id='line_1_94' title="bbox 216 2405 1007 2441; baseline 0.003 -10"><span class='ocrx_word' id='word_1_622' title='bbox 216 2411 331 2439; x_wconf 88' lang='lat' dir='ltr'><strong>operum</strong></span> <span class='ocrx_word' id='word_1_623' title='bbox 351 2412 502 2432; x_wconf 83' lang='lat' dir='ltr'><strong>connexam</strong></span> <span class='ocrx_word' id='word_1_624' title='bbox 523 2412 578 2431; x_wconf 92' lang='lat' dir='ltr'><strong>uno</strong></span> <span class='ocrx_word' id='word_1_625' title='bbox 599 2410 673 2432; x_wconf 86' lang='lat' dir='ltr'><strong>serto</strong></span> <span class='ocrx_word' id='word_1_626' title='bbox 692 2405 790 2432; x_wconf 87' lang='lat' dir='ltr'><strong>seriem</strong></span> <span class='ocrx_word' id='word_1_627' title='bbox 812 2405 913 2439; x_wconf 74' lang='lat' dir='ltr'><strong>offero;</strong></span> <span class='ocrx_word' id='word_1_628' title='bbox 928 2405 1007 2441; x_wconf 88' lang='lat' dir='ltr'><strong>quasi</strong></span> 
     </span>
    </p>
   </div>
   <div class='ocr_carea' id='block_1_95' title="bbox 216 2451 1007 2487">
    <p class='ocr_par' dir='ltr' id='par_1_95' title="bbox 216 2451 1007 2487">
     <span class='ocr_line' id='line_1_95' title="bbox 216 2451 1007 2487; baseline 0.003 -10"><span class='ocrx_word' id='word_1_629' title='bbox 216 2457 344 2486; x_wconf 82' lang='lat' dir='ltr'><strong>agrorum</strong></span> <span class='ocrx_word' id='word_1_630' title='bbox 359 2451 401 2478; x_wconf 90' lang='lat' dir='ltr'><strong>vel</strong></span> <span class='ocrx_word' id='word_1_631' title='bbox 416 2451 540 2478; x_wconf 88' lang='lat' dir='ltr'><strong>culturae</strong></span> <span class='ocrx_word' id='word_1_632' title='bbox 553 2451 596 2478; x_wconf 88' lang='lat' dir='ltr'><strong>vel</strong></span> <span class='ocrx_word' id='word_1_633' title='bbox 609 2451 799 2484; x_wconf 83' lang='lat' dir='ltr'><strong>dimensionis,</strong></span> <span class='ocrx_word' id='word_1_634' title='bbox 814 2452 1007 2487; x_wconf 90' lang='lat' dir='ltr'><strong>mulorumque</strong></span> 
     </span>
    </p>
   </div>
   <div class='ocr_carea' id='block_1_96' title="bbox 217 2493 1008 2534">
    <p class='ocr_par' dir='ltr' id='par_1_96' title="bbox 217 2493 1008 2534">
     <span class='ocr_line' id='line_1_96' title="bbox 217 2493 1008 2534; baseline 0.004 -11"><span class='ocrx_word' id='word_1_635' title='bbox 217 2493 369 2524; x_wconf 84' lang='lat' dir='ltr'><strong>medicinae</strong></span> <span class='ocrx_word' id='word_1_636' title='bbox 388 2497 534 2533; x_wconf 86' lang='lat' dir='ltr'><strong>gratiosius</strong></span> <span class='ocrx_word' id='word_1_637' title='bbox 554 2498 590 2525; x_wconf 89' lang='lat' dir='ltr'><strong>sit</strong></span> <span class='ocrx_word' id='word_1_638' title='bbox 610 2503 755 2533; x_wconf 89' lang='lat' dir='ltr'><strong>praecepta</strong></span> <span class='ocrx_word' id='word_1_639' title='bbox 771 2498 882 2534; x_wconf 84' lang='lat' dir='ltr'><strong>vulgare</strong></span> <span class='ocrx_word' id='word_1_640' title='bbox 896 2499 930 2526; x_wconf 90' lang='lat' dir='ltr'><strong>ab</strong></span> <span class='ocrx_word' id='word_1_641' title='bbox 944 2499 1008 2526; x_wconf 85' lang='lat' dir='ltr'><strong>ista-</strong></span> 
     </span>
    </p>
   </div>
   <div class='ocr_carea' id='block_1_97' title="bbox 217 2544 1006 2580">
    <p class='ocr_par' dir='ltr' id='par_1_97' title="bbox 217 2544 1006 2580">
     <span class='ocr_line' id='line_1_97' title="bbox 217 2544 1006 2580; baseline 0.003 -9"><span class='ocrx_word' id='word_1_642' title='bbox 217 2551 280 2575; x_wconf 89' lang='lat' dir='ltr'><strong>rum</strong></span> <span class='ocrx_word' id='word_1_643' title='bbox 294 2544 426 2571; x_wconf 89' lang='lat' dir='ltr'><strong>consultis</strong></span> <span class='ocrx_word' id='word_1_644' title='bbox 437 2545 538 2572; x_wconf 88' lang='lat' dir='ltr'><strong>artium</strong></span> <span class='ocrx_word' id='word_1_645' title='bbox 551 2544 660 2577; x_wconf 80' lang='lat' dir='ltr'><strong>tradita,</strong></span> <span class='ocrx_word' id='word_1_646' title='bbox 671 2553 754 2580; x_wconf 87' lang='lat' dir='ltr'><strong>quam</strong></span> <span class='ocrx_word' id='word_1_647' title='bbox 765 2545 925 2580; x_wconf 88' lang='lat' dir='ltr'><strong>disciplinae</strong></span> <span class='ocrx_word' id='word_1_648' title='bbox 937 2546 1006 2574; x_wconf 90' lang='lat' dir='ltr'><strong>scitu</strong></span> 
     </span>
    </p>
   </div>
   <div class='ocr_carea' id='block_1_98' title="bbox 217 2590 1005 2627">
    <p class='ocr_par' dir='ltr' id='par_1_98' title="bbox 217 2590 1005 2627">
     <span class='ocr_line' id='line_1_98' title="bbox 217 2590 1005 2627; baseline 0.003 -10"><span class='ocrx_word' id='word_1_649' title='bbox 217 2590 393 2626; x_wconf 85' lang='lat' dir='ltr'><strong>dignissimae</strong></span> <span class='ocrx_word' id='word_1_650' title='bbox 416 2599 448 2618; x_wconf 89' lang='lat' dir='ltr'><strong>ac</strong></span> <span class='ocrx_word' id='word_1_651' title='bbox 470 2591 576 2618; x_wconf 91' lang='lat' dir='ltr'><strong>cunctis</strong></span> <span class='ocrx_word' id='word_1_652' title='bbox 597 2592 768 2620; x_wconf 87' lang='lat' dir='ltr'><strong>necessariae</strong></span> <span class='ocrx_word' id='word_1_653' title='bbox 791 2591 847 2619; x_wconf 85' lang='lat' dir='ltr'><strong>Deo</strong></span> <span class='ocrx_word' id='word_1_654' title='bbox 870 2592 1005 2627; x_wconf 87' lang='lat' dir='ltr'><strong>placendi,</strong></span> 
     </span>
    </p>
   </div>
   <div class='ocr_carea' id='block_1_99' title="bbox 217 2636 1008 2672">
    <p class='ocr_par' dir='ltr' id='par_1_99' title="bbox 217 2636 1008 2672">
     <span class='ocr_line' id='line_1_99' title="bbox 217 2636 1008 2672; baseline 0.003 -9"><span class='ocrx_word' id='word_1_655' title='bbox 217 2636 390 2663; x_wconf 89' lang='lat' dir='ltr'><strong>mundandae</strong></span> <span class='ocrx_word' id='word_1_656' title='bbox 404 2636 620 2669; x_wconf 83' lang='lat' dir='ltr'><strong>animae,lldem,</strong></span> <span class='ocrx_word' id='word_1_657' title='bbox 632 2645 719 2672; x_wconf 80' lang='lat' dir='ltr'><strong>spem,</strong></span> <span class='ocrx_word' id='word_1_658' title='bbox 734 2637 884 2670; x_wconf 85' lang='lat' dir='ltr'><strong>caritatem,</strong></span> <span class='ocrx_word' id='word_1_659' title='bbox 898 2638 1008 2665; x_wconf 91' lang='lat' dir='ltr'><strong>humili-</strong></span> 
     </span>
    </p>
   </div>
   <div class='ocr_carea' id='block_1_100' title="bbox 218 2682 1008 2718">
    <p class='ocr_par' dir='ltr' id='par_1_100' title="bbox 218 2682 1008 2718">
     <span class='ocr_line' id='line_1_100' title="bbox 218 2682 1008 2718; baseline 0.003 -9"><span class='ocrx_word' id='word_1_660' title='bbox 218 2686 312 2714; x_wconf 86' lang='lat' dir='ltr'><strong>tatem,</strong></span> <span class='ocrx_word' id='word_1_661' title='bbox 323 2683 482 2718; x_wconf 87' lang='lat' dir='ltr'><strong>patientiam</strong></span> <span class='ocrx_word' id='word_1_662' title='bbox 503 2682 660 2716; x_wconf 87' lang='lat' dir='ltr'><strong>excrcendi,</strong></span> <span class='ocrx_word' id='word_1_663' title='bbox 681 2684 777 2711; x_wconf 91' lang='lat' dir='ltr'><strong>orandi</strong></span> <span class='ocrx_word' id='word_1_664' title='bbox 794 2692 849 2711; x_wconf 89' lang='lat' dir='ltr'><strong>non</strong></span> <span class='ocrx_word' id='word_1_665' title='bbox 862 2684 949 2711; x_wconf 86' lang='lat' dir='ltr'><strong>solum</strong></span> <span class='ocrx_word' id='word_1_666' title='bbox 962 2684 1008 2711; x_wconf 89' lang='lat' dir='ltr'><strong>illa</strong></span> 
     </span>
    </p>
   </div>
   <div class='ocr_carea' id='block_1_101' title="bbox 219 2728 1008 2763">
    <p class='ocr_par' dir='ltr' id='par_1_101' title="bbox 219 2728 1008 2763">
     <span class='ocr_line' id='line_1_101' title="bbox 219 2728 1008 2763; baseline 0.004 -8"><span class='ocrx_word' id='word_1_667' title='bbox 219 2728 317 2756; x_wconf 88' lang='lat' dir='ltr'><strong>initiali</strong></span> <span class='ocrx_word' id='word_1_668' title='bbox 334 2729 441 2756; x_wconf 90' lang='lat' dir='ltr'><strong>cunctis</strong></span> <span class='ocrx_word' id='word_1_669' title='bbox 456 2729 527 2756; x_wconf 87' lang='lat' dir='ltr'><strong>facili</strong></span> <span class='ocrx_word' id='word_1_670' title='bbox 543 2730 677 2763; x_wconf 83' lang='lat' dir='ltr'><strong>oratione,</strong></span> <span class='ocrx_word' id='word_1_671' title='bbox 691 2730 739 2757; x_wconf 89' lang='lat' dir='ltr'><strong>sed</strong></span> <span class='ocrx_word' id='word_1_672' title='bbox 754 2731 908 2758; x_wconf 88' lang='lat' dir='ltr'><strong>sublimiori</strong></span> <span class='ocrx_word' id='word_1_673' title='bbox 923 2731 1008 2758; x_wconf 86' lang='lat' dir='ltr'><strong>altera</strong></span> 
     </span>
    </p>
   </div>
   <div class='ocr_carea' id='block_1_102' title="bbox 218 2776 1008 2811">
    <p class='ocr_par' dir='ltr' id='par_1_102' title="bbox 218 2776 1008 2811">
     <span class='ocr_line' id='line_1_102' title="bbox 218 2776 1008 2811; baseline 0.003 -9"><span class='ocrx_word' id='word_1_674' title='bbox 218 2784 301 2810; x_wconf 89' lang='lat' dir='ltr'><strong>quam</strong></span> <span class='ocrx_word' id='word_1_675' title='bbox 319 2776 577 2811; x_wconf 83' lang='lat' dir='ltr'><strong>contemplationem</strong></span> <span class='ocrx_word' id='word_1_676' title='bbox 595 2783 704 2810; x_wconf 84' lang='lat' dir='ltr'><strong>vocant,</strong></span> <span class='ocrx_word' id='word_1_677' title='bbox 722 2777 807 2804; x_wconf 90' lang='lat' dir='ltr'><strong>multa</strong></span> <span class='ocrx_word' id='word_1_678' title='bbox 827 2778 953 2805; x_wconf 87' lang='lat' dir='ltr'><strong>cautione</strong></span> <span class='ocrx_word' id='word_1_679' title='bbox 972 2777 1008 2804; x_wconf 90' lang='lat' dir='ltr'><strong>ob</strong></span> 
     </span>
    </p>
   </div>
   <div class='ocr_carea' id='block_1_103' title="bbox 219 2821 1008 2863">
    <p class='ocr_par' dir='ltr' id='par_1_103' title="bbox 219 2821 1008 2863">
     <span class='ocr_line' id='line_1_103' title="bbox 219 2821 1008 2863; baseline 0.004 -16"><span class='ocrx_word' id='word_1_680' title='bbox 219 2821 373 2856; x_wconf 86' lang='lat' dir='ltr'><strong>periculum</strong></span> <span class='ocrx_word' id='word_1_681' title='bbox 398 2822 556 2849; x_wconf 88' lang='lat' dir='ltr'><strong>illusionum</strong></span> <span class='ocrx_word' id='word_1_682' title='bbox 580 2828 694 2858; x_wconf 87' lang='lat' dir='ltr'><strong>egente,</strong></span> <span class='ocrx_word' id='word_1_683' title='bbox 720 2828 823 2863; x_wconf 79' lang='lat' dir='ltr'><strong>certam</strong></span> <span class='ocrx_word' id='word_1_684' title='bbox 849 2824 1008 2851; x_wconf 88' lang='lat' dir='ltr'><strong>methodum</strong></span> 
     </span>
    </p>
   </div>
   <div class='ocr_carea' id='block_1_104' title="bbox 219 2867 1009 2902">
    <p class='ocr_par' dir='ltr' id='par_1_104' title="bbox 219 2867 1009 2902">
     <span class='ocr_line' id='line_1_104' title="bbox 219 2867 1009 2902; baseline 0.003 -9"><span class='ocrx_word' id='word_1_685' title='bbox 219 2867 442 2902; x_wconf 81' lang='lat' dir='ltr'><strong>exploratamquc</strong></span> <span class='ocrx_word' id='word_1_686' title='bbox 457 2868 589 2895; x_wconf 86' lang='lat' dir='ltr'><strong>rationem</strong></span> <span class='ocrx_word' id='word_1_687' title='bbox 602 2876 616 2894; x_wconf 90' lang='lat' dir='ltr'><strong>a</strong></span> <span class='ocrx_word' id='word_1_688' title='bbox 630 2868 697 2895; x_wconf 87' lang='lat' dir='ltr'><strong>viris</strong></span> <span class='ocrx_word' id='word_1_689' title='bbox 708 2868 896 2900; x_wconf 74' lang='lat' dir='ltr'><strong>sanctissimis,</strong></span> <span class='ocrx_word' id='word_1_690' title='bbox 909 2869 1009 2895; x_wconf 72' lang='lat' dir='ltr'><strong>doctis—</strong></span> 
     </span>
    </p>
   </div>
   <div class='ocr_carea' id='block_1_105' title="bbox 221 2913 1008 2949">
    <p class='ocr_par' dir='ltr' id='par_1_105' title="bbox 221 2913 1008 2949">
     <span class='ocr_line' id='line_1_105' title="bbox 221 2913 1008 2949; baseline 0.001 -8"><span class='ocrx_word' id='word_1_691' title='bbox 221 2913 307 2946; x_wconf 80' lang='lat' dir='ltr'><strong>simis,</strong></span> <span class='ocrx_word' id='word_1_692' title='bbox 322 2914 528 2948; x_wconf 76' lang='lat' dir='ltr'><strong>autiquissimis,</strong></span> <span class='ocrx_word' id='word_1_693' title='bbox 546 2915 678 2942; x_wconf 83' lang='lat' dir='ltr'><strong>accuratis</strong></span> <span class='ocrx_word' id='word_1_694' title='bbox 693 2915 852 2949; x_wconf 79' lang='lat' dir='ltr'><strong>explicatam</strong></span> <span class='ocrx_word' id='word_1_695' title='bbox 870 2923 1008 2943; x_wconf 84' lang='lat' dir='ltr'><strong>commen—</strong></span> 
     </span>
    </p>
   </div>
   <div class='ocr_carea' id='block_1_106' title="bbox 1057 2309 1849 2350">
    <p class='ocr_par' dir='ltr' id='par_1_106' title="bbox 1057 2309 1849 2350">
     <span class='ocr_line' id='line_1_106' title="bbox 1057 2309 1849 2350; baseline -0.008 -7"><span class='ocrx_word' id='word_1_696' title='bbox 1057 2315 1258 2350; x_wconf 87' lang='lat' dir='ltr'><strong>Opusculorum</strong></span> <span class='ocrx_word' id='word_1_697' title='bbox 1275 2323 1289 2342; x_wconf 87' lang='lat' dir='ltr'><strong>a</strong></span> <span class='ocrx_word' id='word_1_698' title='bbox 1306 2314 1327 2342; x_wconf 93' lang='lat' dir='ltr'><strong>ll</strong></span> <span class='ocrx_word' id='word_1_699' title='bbox 1343 2313 1377 2341; x_wconf 90' lang='lat' dir='ltr'><strong>ad</strong></span> <span class='ocrx_word' id='word_1_700' title='bbox 1392 2313 1460 2345; x_wconf 81' lang='lat' dir='ltr'><strong>VIII,</strong></span> <span class='ocrx_word' id='word_1_701' title='bbox 1471 2313 1515 2339; x_wconf 90' lang='lat' dir='ltr'><strong>hic</strong></span> <span class='ocrx_word' id='word_1_702' title='bbox 1535 2311 1634 2339; x_wconf 89' lang='lat' dir='ltr'><strong>decimi</strong></span> <span class='ocrx_word' id='word_1_703' title='bbox 1647 2315 1784 2342; x_wconf 83' lang='lat' dir='ltr'><strong>auctores,</strong></span> <span class='ocrx_word' id='word_1_704' title='bbox 1801 2309 1849 2337; x_wconf 87' lang='lat' dir='ltr'><strong>sed</strong></span> 
     </span>
    </p>
   </div>
   <div class='ocr_carea' id='block_1_107' title="bbox 1057 2356 1851 2390">
    <p class='ocr_par' dir='ltr' id='par_1_107' title="bbox 1057 2356 1851 2390">
     <span class='ocr_line' id='line_1_107' title="bbox 1057 2356 1851 2390; baseline -0.01 0"><span class='ocrx_word' id='word_1_705' title='bbox 1057 2362 1093 2390; x_wconf 90' lang='lat' dir='ltr'><strong>oh</strong></span> <span class='ocrx_word' id='word_1_706' title='bbox 1108 2362 1260 2390; x_wconf 87' lang='lat' dir='ltr'><strong>claritatem</strong></span> <span class='ocrx_word' id='word_1_707' title='bbox 1279 2366 1332 2388; x_wconf 89' lang='lat' dir='ltr'><strong>tam</strong></span> <span class='ocrx_word' id='word_1_708' title='bbox 1350 2360 1406 2387; x_wconf 93' lang='lat' dir='ltr'><strong>noti</strong></span> <span class='ocrx_word' id='word_1_709' title='bbox 1423 2363 1450 2387; x_wconf 90' lang='lat' dir='ltr'><strong>ct</strong></span> <span class='ocrx_word' id='word_1_710' title='bbox 1469 2358 1586 2386; x_wconf 89' lang='lat' dir='ltr'><strong>celebris</strong></span> <span class='ocrx_word' id='word_1_711' title='bbox 1602 2357 1740 2384; x_wconf 86' lang='lat' dir='ltr'><strong>Ecclesiae</strong></span> <span class='ocrx_word' id='word_1_712' title='bbox 1757 2356 1851 2384; x_wconf 82' lang='lat' dir='ltr'><strong>docto-</strong></span> 
     </span>
    </p>
   </div>
   <div class='ocr_carea' id='block_1_108' title="bbox 1058 2403 1851 2444">
    <p class='ocr_par' dir='ltr' id='par_1_108' title="bbox 1058 2403 1851 2444">
     <span class='ocr_line' id='line_1_108' title="bbox 1058 2403 1851 2444; baseline -0.011 -7"><span class='ocrx_word' id='word_1_713' title='bbox 1058 2409 1107 2442; x_wconf 86' lang='lat' dir='ltr'><strong>ris,</strong></span> <span class='ocrx_word' id='word_1_714' title='bbox 1132 2407 1270 2444; x_wconf 91' lang='lat' dir='ltr'><strong>quomodo</strong></span> <span class='ocrx_word' id='word_1_715' title='bbox 1294 2407 1364 2434; x_wconf 91' lang='lat' dir='ltr'><strong>inter</strong></span> <span class='ocrx_word' id='word_1_716' title='bbox 1391 2405 1520 2433; x_wconf 77' lang='lat' dir='ltr'><strong>Paulinas</strong></span> <span class='ocrx_word' id='word_1_717' title='bbox 1545 2403 1675 2439; x_wconf 82' lang='lat' dir='ltr'><strong>epistolas</strong></span> <span class='ocrx_word' id='word_1_718' title='bbox 1702 2403 1851 2438; x_wconf 86' lang='lat' dir='ltr'><strong>primatum</strong></span> 
     </span>
    </p>
   </div>
   <div class='ocr_carea' id='block_1_109' title="bbox 1057 2449 1850 2489">
    <p class='ocr_par' dir='ltr' id='par_1_109' title="bbox 1057 2449 1850 2489">
     <span class='ocr_line' id='line_1_109' title="bbox 1057 2449 1850 2489; baseline -0.009 -7"><span class='ocrx_word' id='word_1_719' title='bbox 1057 2458 1173 2489; x_wconf 88' lang='lat' dir='ltr'><strong>occupat</strong></span> <span class='ocrx_word' id='word_1_720' title='bbox 1187 2453 1317 2481; x_wconf 81' lang='lat' dir='ltr'><strong>Romanis</strong></span> <span class='ocrx_word' id='word_1_721' title='bbox 1335 2452 1436 2487; x_wconf 84' lang='lat' dir='ltr'><strong>scripta</strong></span> <span class='ocrx_word' id='word_1_722' title='bbox 1452 2455 1565 2486; x_wconf 87' lang='lat' dir='ltr'><strong>propter</strong></span> <span class='ocrx_word' id='word_1_723' title='bbox 1581 2450 1719 2477; x_wconf 81' lang='lat' dir='ltr'><strong>Romanae</strong></span> <span class='ocrx_word' id='word_1_724' title='bbox 1738 2449 1780 2476; x_wconf 85' lang='lat' dir='ltr'><strong>vel</strong></span> <span class='ocrx_word' id='word_1_725' title='bbox 1801 2457 1850 2475; x_wconf 85' lang='lat' dir='ltr'><strong>ur-</strong></span> 
     </span>
    </p>
   </div>
   <div class='ocr_carea' id='block_1_110' title="bbox 1058 2495 1851 2534">
    <p class='ocr_par' dir='ltr' id='par_1_110' title="bbox 1058 2495 1851 2534">
     <span class='ocr_line' id='line_1_110' title="bbox 1058 2495 1851 2534; baseline -0.01 -5"><span class='ocrx_word' id='word_1_726' title='bbox 1058 2501 1101 2529; x_wconf 85' lang='lat' dir='ltr'><strong>bis</strong></span> <span class='ocrx_word' id='word_1_727' title='bbox 1122 2501 1165 2529; x_wconf 93' lang='lat' dir='ltr'><strong>vel</strong></span> <span class='ocrx_word' id='word_1_728' title='bbox 1188 2499 1326 2528; x_wconf 84' lang='lat' dir='ltr'><strong>Ecclesiae</strong></span> <span class='ocrx_word' id='word_1_729' title='bbox 1349 2498 1559 2534; x_wconf 88' lang='lat' dir='ltr'><strong>praecellentem</strong></span> <span class='ocrx_word' id='word_1_730' title='bbox 1584 2496 1762 2532; x_wconf 83' lang='lat' dir='ltr'><strong>dignitatem.</strong></span> <span class='ocrx_word' id='word_1_731' title='bbox 1786 2495 1851 2522; x_wconf 87' lang='lat' dir='ltr'><strong>licet</strong></span> 
     </span>
    </p>
   </div>
   <div class='ocr_carea' id='block_1_111' title="bbox 1058 2541 1847 2582">
    <p class='ocr_par' dir='ltr' id='par_1_111' title="bbox 1058 2541 1847 2582">
     <span class='ocr_line' id='line_1_111' title="bbox 1058 2541 1847 2582; baseline -0.009 -8"><span class='ocrx_word' id='word_1_732' title='bbox 1058 2547 1198 2582; x_wconf 86' lang='lat' dir='ltr'><strong>aliquanto</strong></span> <span class='ocrx_word' id='word_1_733' title='bbox 1211 2545 1349 2581; x_wconf 88' lang='lat' dir='ltr'><strong>posterius</strong></span> <span class='ocrx_word' id='word_1_734' title='bbox 1364 2551 1445 2579; x_wconf 90' lang='lat' dir='ltr'><strong>quam</strong></span> <span class='ocrx_word' id='word_1_735' title='bbox 1460 2543 1593 2578; x_wconf 88' lang='lat' dir='ltr'><strong>quaedam</strong></span> <span class='ocrx_word' id='word_1_736' title='bbox 1608 2547 1760 2570; x_wconf 91' lang='lat' dir='ltr'><strong>ceterarum</strong></span> <span class='ocrx_word' id='word_1_737' title='bbox 1776 2541 1847 2568; x_wconf 88' lang='lat' dir='ltr'><strong>data.</strong></span> 
     </span>
    </p>
   </div>
   <div class='ocr_carea' id='block_1_112' title="bbox 1059 2588 1849 2628">
    <p class='ocr_par' dir='ltr' id='par_1_112' title="bbox 1059 2588 1849 2628">
     <span class='ocr_line' id='line_1_112' title="bbox 1059 2588 1849 2628; baseline -0.01 -8"><span class='ocrx_word' id='word_1_738' title='bbox 1059 2593 1087 2620; x_wconf 95' lang='lat' dir='ltr'><strong>In</strong></span> <span class='ocrx_word' id='word_1_739' title='bbox 1101 2593 1270 2628; x_wconf 87' lang='lat' dir='ltr'><strong>reliquorum</strong></span> <span class='ocrx_word' id='word_1_740' title='bbox 1283 2599 1348 2618; x_wconf 89' lang='lat' dir='ltr'><strong>sane</strong></span> <span class='ocrx_word' id='word_1_741' title='bbox 1363 2588 1757 2625; x_wconf 73' lang='lat' dir='ltr'><strong>dispositione-Opusculorum</strong></span> <span class='ocrx_word' id='word_1_742' title='bbox 1774 2590 1849 2614; x_wconf 86' lang='lat' dir='ltr'><strong>aeta-</strong></span> 
     </span>
    </p>
   </div>
   <div class='ocr_carea' id='block_1_113' title="bbox 1059 2633 1759 2672">
    <p class='ocr_par' dir='ltr' id='par_1_113' title="bbox 1059 2633 1759 2672">
     <span class='ocr_line' id='line_1_113' title="bbox 1059 2633 1759 2672; baseline -0.01 -6"><span class='ocrx_word' id='word_1_743' title='bbox 1059 2639 1093 2666; x_wconf 91' lang='lat' dir='ltr'><strong>tis</strong></span> <span class='ocrx_word' id='word_1_744' title='bbox 1107 2639 1241 2672; x_wconf 86' lang='lat' dir='ltr'><strong>cuiusque</strong></span> <span class='ocrx_word' id='word_1_745' title='bbox 1257 2637 1400 2668; x_wconf 89' lang='lat' dir='ltr'><strong>ralionem,</strong></span> <span class='ocrx_word' id='word_1_746' title='bbox 1416 2639 1549 2670; x_wconf 84' lang='lat' dir='ltr'><strong>quantum</strong></span> <span class='ocrx_word' id='word_1_747' title='bbox 1564 2634 1652 2665; x_wconf 89' lang='lat' dir='ltr'><strong>licuit,</strong></span> <span class='ocrx_word' id='word_1_748' title='bbox 1666 2633 1759 2660; x_wconf 86' lang='lat' dir='ltr'><strong>habui.</strong></span> 
     </span>
    </p>
   </div>
   <div class='ocr_carea' id='block_1_114' title="bbox 1094 2672 1850 2718">
    <p class='ocr_par' dir='ltr' id='par_1_114' title="bbox 1094 2672 1850 2718">
     <span class='ocr_line' id='line_1_114' title="bbox 1094 2672 1850 2718; baseline -0.009 -8"><span class='ocrx_word' id='word_1_749' title='bbox 1094 2683 1204 2718; x_wconf 86' lang='lat' dir='ltr'><strong>Septem</strong></span> <span class='ocrx_word' id='word_1_750' title='bbox 1227 2672 1364 2717; x_wconf 33' lang='lat' dir='ltr'><strong>Opu&#39;scula</strong></span> <span class='ocrx_word' id='word_1_751' title='bbox 1382 2680 1522 2715; x_wconf 87' lang='lat' dir='ltr'><strong>sequentia</strong></span> <span class='ocrx_word' id='word_1_752' title='bbox 1543 2679 1625 2706; x_wconf 87' lang='lat' dir='ltr'><strong>unius</strong></span> <span class='ocrx_word' id='word_1_753' title='bbox 1644 2683 1708 2705; x_wconf 90' lang='lat' dir='ltr'><strong>sunt</strong></span> <span class='ocrx_word' id='word_1_754' title='bbox 1728 2677 1850 2705; x_wconf 83' lang='lat' dir='ltr'><strong>auctoris</strong></span> 
     </span>
    </p>
   </div>
   <div class='ocr_carea' id='block_1_115' title="bbox 1058 2724 1850 2764">
    <p class='ocr_par' dir='ltr' id='par_1_115' title="bbox 1058 2724 1850 2764">
     <span class='ocr_line' id='line_1_115' title="bbox 1058 2724 1850 2764; baseline -0.01 -6"><span class='ocrx_word' id='word_1_755' title='bbox 1058 2730 1168 2758; x_wconf 83' lang='lat' dir='ltr'><strong>Macarii</strong></span> <span class='ocrx_word' id='word_1_756' title='bbox 1194 2729 1299 2764; x_wconf 83' lang='lat' dir='ltr'><strong>Magni,</strong></span> <span class='ocrx_word' id='word_1_757' title='bbox 1323 2732 1406 2764; x_wconf 90' lang='lat' dir='ltr'><strong>prout</strong></span> <span class='ocrx_word' id='word_1_758' title='bbox 1428 2727 1531 2754; x_wconf 84' lang='lat' dir='ltr'><strong>diserte</strong></span> <span class='ocrx_word' id='word_1_759' title='bbox 1556 2725 1726 2760; x_wconf 90' lang='lat' dir='ltr'><strong>singulorum</strong></span> <span class='ocrx_word' id='word_1_760' title='bbox 1755 2724 1850 2751; x_wconf 90' lang='lat' dir='ltr'><strong>titulus</strong></span> 
     </span>
    </p>
   </div>
   <div class='ocr_carea' id='block_1_116' title="bbox 1059 2770 1870 2812">
    <p class='ocr_par' dir='ltr' id='par_1_116' title="bbox 1059 2770 1870 2812">
     <span class='ocr_line' id='line_1_116' title="bbox 1059 2770 1870 2812; baseline -0.01 -8"><span class='ocrx_word' id='word_1_761' title='bbox 1059 2776 1183 2812; x_wconf 82' lang='lat' dir='ltr'><strong>signabat</strong></span> <span class='ocrx_word' id='word_1_762' title='bbox 1200 2775 1228 2803; x_wconf 91' lang='lat' dir='ltr'><strong>in</strong></span> <span class='ocrx_word' id='word_1_763' title='bbox 1250 2775 1345 2802; x_wconf 90' lang='lat' dir='ltr'><strong>codice</strong></span> <span class='ocrx_word' id='word_1_764' title='bbox 1367 2773 1529 2802; x_wconf 88' lang='lat' dir='ltr'><strong>Turrianeo.</strong></span> <span class='ocrx_word' id='word_1_765' title='bbox 1551 2772 1638 2800; x_wconf 84' lang='lat' dir='ltr'><strong>Erant</strong></span> <span class='ocrx_word' id='word_1_766' title='bbox 1656 2776 1747 2799; x_wconf 88' lang='lat' dir='ltr'><strong>autem</strong></span> <span class='ocrx_word' id='word_1_767' title='bbox 1763 2778 1794 2797; x_wconf 90' lang='lat' dir='ltr'><strong>ea</strong></span> <span class='ocrx_word' id='word_1_768' title='bbox 1811 2770 1849 2797; x_wconf 92' lang='lat' dir='ltr'><strong>ibi</strong></span> <span class='ocrx_word' id='word_1_769' title='bbox 1866 2792 1870 2794; x_wconf 18' lang='grc' dir='ltr'><strong>Ἴ</strong></span> 
     </span>
    </p>
   </div>
   <div class='ocr_carea' id='block_1_117' title="bbox 1059 2817 1850 2854">
    <p class='ocr_par' dir='ltr' id='par_1_117' title="bbox 1059 2817 1850 2854">
     <span class='ocr_line' id='line_1_117' title="bbox 1059 2817 1850 2854; baseline -0.009 -4"><span class='ocrx_word' id='word_1_770' title='bbox 1059 2830 1114 2850; x_wconf 91' lang='lat' dir='ltr'><strong>non</strong></span> <span class='ocrx_word' id='word_1_771' title='bbox 1132 2830 1186 2849; x_wconf 92' lang='lat' dir='ltr'><strong>uno</strong></span> <span class='ocrx_word' id='word_1_772' title='bbox 1199 2822 1328 2849; x_wconf 89' lang='lat' dir='ltr'><strong>continue</strong></span> <span class='ocrx_word' id='word_1_773' title='bbox 1343 2821 1426 2848; x_wconf 91' lang='lat' dir='ltr'><strong>ductu</strong></span> <span class='ocrx_word' id='word_1_774' title='bbox 1441 2826 1571 2854; x_wconf 85' lang='lat' dir='ltr'><strong>expansa,</strong></span> <span class='ocrx_word' id='word_1_775' title='bbox 1588 2817 1636 2845; x_wconf 89' lang='lat' dir='ltr'><strong>sed</strong></span> <span class='ocrx_word' id='word_1_776' title='bbox 1651 2818 1678 2845; x_wconf 91' lang='lat' dir='ltr'><strong>in</strong></span> <span class='ocrx_word' id='word_1_777' title='bbox 1695 2817 1750 2844; x_wconf 91' lang='lat' dir='ltr'><strong>duo</strong></span> <span class='ocrx_word' id='word_1_778' title='bbox 1772 2824 1850 2850; x_wconf 83' lang='lat' dir='ltr'><strong>sepa-</strong></span> 
     </span>
    </p>
   </div>
   <div class='ocr_carea' id='block_1_118' title="bbox 1060 2862 1850 2902">
    <p class='ocr_par' dir='ltr' id='par_1_118' title="bbox 1060 2862 1850 2902">
     <span class='ocr_line' id='line_1_118' title="bbox 1060 2862 1850 2902; baseline -0.009 -7"><span class='ocrx_word' id='word_1_779' title='bbox 1060 2869 1149 2900; x_wconf 83' lang='lat' dir='ltr'><strong>ratim,</strong></span> <span class='ocrx_word' id='word_1_780' title='bbox 1169 2868 1262 2896; x_wconf 89' lang='lat' dir='ltr'><strong>multis</strong></span> <span class='ocrx_word' id='word_1_781' title='bbox 1283 2866 1461 2902; x_wconf 83' lang='lat' dir='ltr'><strong>interpositis,</strong></span> <span class='ocrx_word' id='word_1_782' title='bbox 1480 2865 1566 2892; x_wconf 86' lang='lat' dir='ltr'><strong>divisa</strong></span> <span class='ocrx_word' id='word_1_783' title='bbox 1593 2868 1738 2899; x_wconf 75' lang='lat' dir='ltr'><strong>systemata</strong></span> <span class='ocrx_word' id='word_1_784' title='bbox 1762 2862 1850 2889; x_wconf 91' lang='lat' dir='ltr'><strong>nomi-</strong></span> 
     </span>
    </p>
   </div>
   <div class='ocr_carea' id='block_1_119' title="bbox 1061 2908 1850 2948">
    <p class='ocr_par' dir='ltr' id='par_1_119' title="bbox 1061 2908 1850 2948">
     <span class='ocr_line' id='line_1_119' title="bbox 1061 2908 1850 2948; baseline -0.009 -6"><span class='ocrx_word' id='word_1_785' title='bbox 1061 2915 1102 2942; x_wconf 76' lang='lat' dir='ltr'><strong>nis</strong></span> <span class='ocrx_word' id='word_1_786' title='bbox 1116 2915 1247 2942; x_wconf 77' lang='lat' dir='ltr'><strong>eiusdem.</strong></span> <span class='ocrx_word' id='word_1_787' title='bbox 1267 2914 1354 2942; x_wconf 84' lang='lat' dir='ltr'><strong>l’riori</strong></span> <span class='ocrx_word' id='word_1_788' title='bbox 1373 2912 1508 2948; x_wconf 81' lang='lat' dir='ltr'><strong>siquidem</strong></span> <span class='ocrx_word' id='word_1_789' title='bbox 1523 2911 1568 2939; x_wconf 89' lang='lat' dir='ltr'><strong>hic</strong></span> <span class='ocrx_word' id='word_1_790' title='bbox 1582 2909 1783 2946; x_wconf 80' lang='lat' dir='ltr'><strong>praeﬁgebatur</strong></span> <span class='ocrx_word' id='word_1_791' title='bbox 1806 2908 1850 2936; x_wconf 83' lang='lat' dir='ltr'><strong>iu-</strong></span> 
     </span>
    </p>
   </div>
  </div>
