2048 3153
185 169 238 198 333

682 170 729 198 AD
746 169 927 199 OPUSCULA
945 169 975 198 S.
996 170 1139 199 MACARll
1158 170 1329 200 AEGYPT“.

1762 174 1815 202 534

185 230 239 258 ἀει
257 237 265 256 :
282 228 394 256 Macarii
412 227 503 263 Magni
526 227 559 255 de
581 227 699 255 custodia
722 227 824 259 cordis;
844 227 942 262 incipit
963 235 979 254 a
992 231 1016 259 Α
1030 235 1092 254 mox
1105 228 1257 262 ostendam,
1278 229 1325 257 ubi
1339 229 1417 265 prius
1431 230 1575 259 absolvero
1585 231 1659 267 quod
1671 232 1759 267 coepi,
1769 232 1816 260 de-

185 276 252 304 folio
266 275 318 303 150
332 274 478 302 Turrianei
497 273 610 305 codicis,
626 277 654 301 et
669 273 696 300 in
710 273 762 300 158
774 272 885 300 desinit.
901 272 976 300 Alte-

187 329 248 349 rum
266 329 281 349 a
298 321 364 348 folio
382 321 435 348 245
453 320 489 348 ad
506 319 556 347 291
576 323 719 347 extensum
738 318 850 346 rubrica
866 321 978 345 exarato

187 367 336 403 insignitur
361 366 442 394 titulo
465 365 506 393 sic
530 365 615 392 latine
638 368 753 392 sonante
773 372 780 390 :
802 363 826 390 E
847 363 922 390 dictis
947 371 978 389 ac

185 414 258 442 scitis
273 413 354 440 divini
369 412 482 440 Macarii
497 419 557 438 vere
573 411 643 438 beati
661 410 692 437 de
708 409 863 445 perfectione
878 409 907 435 in
921 408 977 443 spi-

186 461 241 488 ritu
253 459 402 487 summaria
416 458 537 493 epitame.
555 456 661 492 Legens
674 460 703 483 et
718 462 879 489 comparans
892 453 979 481 anim—

185 506 305 538 adverti,
319 512 390 540 opus
410 509 559 539 utrumque
576 502 659 530 unius
677 501 808 529 exhibere
825 500 978 529 doctrinam

186 551 317 584 auctoris,
332 550 381 578 sed
396 558 413 578 a
429 549 537 577 duobus
551 552 703 582 exceptam,
720 546 724 583 |
740 552 768 575 et
784 551 866 582 prout
881 554 914 574 ex
930 553 978 573 ore

185 597 307 626 dicentis
331 597 486 628 audierant,
505 594 556 623 su'o
579 595 712 629 cuiusque
736 593 845 629 ingenio
867 592 978 620 missam

185 642 216 670 in
238 643 344 670 literas.
366 641 436 670 Hinc
457 639 587 669 notabilis
605 640 727 668 cernitur
749 638 811 675 styli
834 638 978 666 diversitas

185 687 261 715 inter
274 686 396 722 priorem
413 685 649 721 posterioremque
665 682 864 714 collectionem,
881 688 978 716 quam-

185 741 270 770 quam
292 732 389 761 eadem
413 731 560 766 utrobique
584 729 782 758 sententiarum
807 726 886 763 quasi
911 726 978 754 sub-

186 778 289 808 stantia
305 781 358 811 est,
375 784 448 804 unus
459 780 540 804 tenor
557 774 680 809 ordoque
692 776 912 809 praeceptorum,
928 777 980 798 nec

186 823 344 852 differentia
362 821 526 857 plerumque
547 819 648 847 verba.
671 818 789 846 Tantum
812 816 932 852 pressior
951 819 980 843 et

185 870 269 906 paulo
281 868 447 903 incomptior
459 867 566 903 primus
577 868 707 900 exceptor
719 867 771 897 est,
786 863 856 890 nihil
867 869 980 898 prorsus

1028 273 1149 302 ﬁniendo
1166 275 1228 309 quis
1254 275 1290 303 sit
1303 276 1354 304 iste
1371 277 1505 313 Macarius
1525 277 1597 305 inter
1615 279 1709 313 plures
1734 279 1815 307 etiam

1028 320 1117 356 Magni
1126 321 1238 349 Antonii
1251 323 1400 358 discipulos
1413 310 1483 359 ‘quos
1493 324 1566 353 idem
1579 310 1696 360 signavit
1704 334 1814 354 nomen.
1852 344 1855 345 ν

1062 366 1122 393 Duo
1142 367 1265 395 celebres
1279 368 1389 395 Macarii
1406 368 1542 402 feruntur,
1566 370 1714 406 Aegyptius
1740 371 1817 406 prior

1027 412 1128 446 dictus,
1142 414 1212 441 alter
1225 414 1277 441 hoc
1296 414 1389 441 iunior
1409 414 1619 443 Alexandrinus.
1647 415 1719 443 Fasti
1745 416 1815 443 sacri

1027 458 1167 486 Ecclesiae
1179 458 1280 486 latinae
1290 459 1410 494 priorem
1429 459 1475 487 die
1495 461 1614 488 secunda
1630 461 1764 493 Januarii,
1777 461 1817 488 al-

1028 508 1119 532 terum
1137 505 1233 539 quinta
1248 504 1353 532 decima
1376 511 1546 539 memorant;
1559 506 1656 534 Graeci
1667 511 1816 542 utrumque

1029 550 1073 578 die
1086 551 1188 578 mensis
1207 551 1331 579 eiusdem
1347 552 1551 587 undevigesima
1562 558 1738 581 venerantur.
1756 554 1815 581 Non

1029 596 1097 624 falso
1118 597 1199 625 ambo
1223 597 1351 632 discipuli
1377 598 1490 626 Antonii
1513 603 1656 626 vocantur.
1680 599 1817 626 Viderunt

1028 641 1102 669 enim
1124 642 1326 678 audieruntque
1349 642 1438 677 illum,
1466 643 1514 671 sed
1534 644 1672 671 seniorem
1692 644 1814 677 iuvenes,

1029 694 1090 715 sero
1107 688 1216 716 tandem
1236 693 1265 717 et
1288 689 1378 717 obiter
1396 689 1430 717 ad
1457 689 1558 725 ipsum,
1580 694 1612 717 ut
1635 689 1715 717 multi
1740 694 1816 721 tunc,

1029 733 1145 769 profecti
1159 734 1318 773 adbrevem
1334 735 1551 768 venerationem,
1573 736 1678 763 reversi
1698 744 1761 763 mox
1783 736 1817 763 ad

1029 784 1114 808 statas
1129 780 1316 808 habitationes
1330 788 1394 809 suas
1407 789 1422 808 a
1442 781 1561 809 statione
1581 781 1673 816 magni
1697 781 1817 808 anacho-

1029 829 1150 860 retarum
1161 826 1250 854 Patris
1263 826 1374 854 dissitas
1385 827 1545 862 plurimum.
1557 826 1706 862 Aegyptius
1717 826 1818 862 quippe

1030 869 1163 898 Macarius
1184 871 1212 898 in
1227 870 1314 898 Scithi
1328 871 1420 899 sedem
1441 871 1547 905 habuit,
1567 871 1768 899 Alexandrinus
1790 872 1818 898 in

187 916 320 947 referens,
334 913 409 949 quod
429 920 485 940 non
502 911 530 940 in
549 910 670 938 secundo
689 913 856 945 syntagmate
875 906 977 934 alicubi
995 906 1016 934 Β
1030 916 1133 950 Gemis,
1150 916 1155 952 Ι
1171 924 1240 952 quae
1252 917 1313 945 loca
1331 917 1360 947 in
1376 917 1461 954 Libya
1486 922 1561 951 sum,
1592 918 1673 953 longe
1703 926 1718 945 ε,
1748 918 1819 945 The.

186 962 307 997 legatur.
325 960 355 987 Id
376 959 453 987 illum
474 958 521 993 qui
544 957 667 993 digessit,
690 963 745 983 non
767 954 865 983 eﬂ’erre
891 953 919 980 in
941 961 975 981 eo

185 1007 314 1043 propriae
336 1006 437 1034 mentis
459 1012 548 1037 sensa,
568 1003 617 1032 sed
638 1003 737 1035 aliena,
755 1000 889 1029 nominati
904 999 979 1027 vide-

185 1054 252 1082 licet
269 1053 298 1080 in
321 1053 412 1080 fronte
429 1051 521 1087 operis
540 1049 650 1078 Macarii
665 1047 754 1084 Magni
771 1047 897 1079 recitare,
915 1052 979 1073 cum

185 1100 239 1128 alia
257 1099 412 1131 declarant,
427 1102 486 1125 tum
502 1097 606 1125 inserta
625 1094 742 1123 subinde
757 1101 810 1121 vox
821 1092 915 1120 valens
929 1092 977 1123 ait,

185 1146 234 1174 ubi
248 1145 341 1173 minus
352 1148 509 1180 exspectes;
532 1149 614 1177 quam
636 1139 842 1175 interpretando
857 1138 979 1174 plerum-

184 1200 240 1228 que
256 1192 394 1228 negligere
407 1197 468 1218 sum
485 1193 607 1220 coactus,
623 1192 709 1220 metu,
724 1193 769 1218 ne,
783 1185 806 1213 si
820 1184 980 1219 scrupulose

185 1238 343 1270 redderem,
351 1236 503 1264 sententiae
512 1233 703 1271 limpiditatem
714 1235 741 1259 et
749 1238 865 1266 pronum
877 1229 979 1256 ﬂuxum

185 1283 302 1311 molesta
310 1289 363 1309 nec
370 1281 447 1309 utilis
455 1280 490 1308 ad
500 1279 650 1315 quidquam
661 1276 848 1311 interpellaret
858 1274 977 1302 iteratio.

222 1328 323 1356 Totum
341 1332 433 1355 autem
453 1324 680 1354 commentarium
694 1323 813 1358 priorem
826 1321 978 1357 Opusculo-

185 1381 249 1401 rum
266 1373 482 1401 Macarianorum
504 1371 611 1406 primo,
633 1368 809 1404 syntagmatis
831 1367 913 1394 huius
934 1374 978 1394 se—

185 1418 288 1451 cundo,
305 1417 474 1453 complexus,
490 1416 606 1444 alterum
625 1413 700 1441 haud
722 1413 803 1449 paulo
821 1412 935 1439 uberius
952 1415 980 1439 et

185 1463 322 1500 prolixius
346 1464 374 1490 in
399 1471 446 1491 sex
468 1462 521 1490 alia
543 1461 624 1488 molis
646 1460 730 1488 ferme
754 1459 826 1494 paris
842 1458 980 1494 Opuscula

185 1509 316 1540 discrevi,
336 1516 390 1535 non
414 1507 529 1535 arbitrio
554 1514 630 1534 mere
653 1513 724 1537 meo,
740 1504 788 1532 scd
809 1504 909 1531 indicia
936 1511 979 1530 se-

187 1561 269 1584 cutus
294 1555 481 1589 inspersorum
509 1553 592 1581 certis
615 1551 765 1579 intervallis
797 1550 978 1586 peculiarium

187 1602 341 1633 titulorum,
365 1609 434 1636 quos
459 1601 488 1628 in
512 1600 601 1627 fronte
623 1599 756 1633 cuiusque
778 1596 908 1632 Opusculi
930 1604 978 1624 ex-

188 1649 285 1685 pressi.
312 1647 407 1684 Capita
432 1654 541 1682 quoque
564 1645 604 1673 sic
623 1648 653 1671 ut
674 1642 787 1671 exhibui
807 1642 934 1671 distincta
952 1642 981 1670 in

188 1695 316 1730 originali
343 1693 439 1721 codice
460 1692 598 1722 visuntur,
616 1688 726 1716 rubrica
754 1691 783 1730 et
806 1695 856 1715 suo
881 1687 980 1722 cuique

186 1741 277 1769 indito
290 1748 404 1768 numero
417 1739 552 1774 dirempta
566 1735 745 1769 ordinataque
762 1727 890 1760 invicem.

224 1788 257 1815 V.
277 1788 338 1815 Non
352 1786 506 1818 dissimulo,
521 1788 625 1820 septem
639 1783 706 1810 haec
721 1781 831 1810 Macarii
844 1780 981 1816 Opuscula

186 1833 366 1869 praecipuam
392 1832 461 1859 mihi
486 1831 573 1859 fuisse
604 1837 715 1858 causam
745 1828 828 1856 huius
853 1826 981 1854 editionis

186 1877 374 1910 adornandae,
392 1881 552 1911 ceterosque
573 1879 700 1902 auctores
719 1872 847 1900 undecim
868 1871 981 1899 totidem

187 1924 234 1952 his
251 1924 444 1951 adidnctorum
458 1922 614 1951 libellorum
622 1928 679 1948 non
696 1919 750 1947 alio
758 1919 843 1946 ferme
854 1918 980 1952 consilio,

186 1977 273 2004 quam
289 1974 320 1996 ut
333 1968 450 1996 Macario
465 1976 590 2004 pompam
612 1968 742 2001 facerem,
753 1972 822 1994 neve
837 1964 980 1994 incomita-

187 2019 235 2043 tus
258 2022 356 2050 parum
380 2014 494 2042 honeste
515 2014 655 2049 prodiret.
677 2022 693 2042 a
715 2022 758 2042 me
780 2013 907 2042 adscitos.
930 2012 982 2041 Cui

187 2065 374 2089 consentanea
397 2060 538 2095 proposito
561 2067 641 2096 agere
659 2060 705 2090 hic
723 2060 805 2096 paulo
823 2059 982 2096 diligentius

188 2108 225 2136 de
242 2107 361 2135 Macario
376 2106 471 2142 Magno
494 2106 593 2139 debeo,
610 2114 666 2133 non
691 2106 845 2134 omissurus
865 2105 899 2134 de
920 2105 982 2133 aliis

189 2154 258 2184 item
271 2153 442 2188 reliquorum
456 2152 616 2180 auctoribus
636 2152 837 2188 Opusculorum
862 2159 913 2179 suo
934 2159 982 2178 cu-

190 2200 291 2235 iusque
302 2199 364 2227 loco
374 2198 506 2226 etordine
514 2206 584 2234 quae
593 2199 649 2227 dici
663 2201 790 2235 oportere
802 2198 979 2226 videbuntur.

1029 963 1111 990 baide
1119 962 1275 996 edistautia,
1292 963 1321 990 in
1343 970 1397 998 qua
1413 968 1443 991 et
1460 971 1540 992 mons
1553 963 1679 997 interior,
1699 963 1747 991 ubi
1773 971 1819 991 so-

1028 1009 1072 1037 lus
1084 1009 1246 1045 plerumque
1263 1009 1402 1037 residebat
1414 1009 1560 1043 Antonius,
1574 1014 1644 1043 erat,
1661 1014 1691 1038 et
1708 1010 1743 1037 ab
1765 1009 1819 1037 hoc

1029 1063 1085 1084 non
1095 1056 1211 1083 multum
1220 1056 1326 1084 distans
1341 1063 1420 1084 mons
1430 1056 1560 1089 exterior,
1571 1056 1600 1083 in
1609 1064 1690 1091 quem
1701 1055 1819 1084 subinde

1028 1101 1201 1134 excurrebat,
1208 1106 1239 1129 ut
1244 1101 1272 1129 in
1278 1109 1312 1130 eo
1317 1101 1473 1129 habitantes
1479 1109 1543 1129 suos
1550 1101 1700 1129 monachos
1706 1101 1817 1130 viseret.

1064 1148 1106 1176 Ab
1123 1148 1176 1176 hoc
1194 1152 1313 1183 utroque
1324 1147 1444 1175 Macario
1463 1148 1548 1175 alium
1563 1147 1703 1175 diversum
1719 1152 1747 1175 et
1759 1155 1818 1175 am-

1029 1194 1119 1222 bobus
1135 1194 1271 1222 seniorem
1285 1193 1370 1222 fuisse
1383 1194 1484 1221 docent
1498 1201 1549 1221 nos
1561 1193 1729 1221 Athanasius
1741 1193 1769 1220 in
1789 1193 1818 1221 S.

1029 1240 1151 1273 Antonii,
1164 1240 1345 1276 Hieronymus
1356 1240 1384 1267 in
1402 1239 1480 1267 Pauli
1496 1239 1584 1274 primi
1598 1239 1728 1267 eremitae
1745 1238 1817 1271 Vita,

1030 1287 1096 1314 dum
1108 1287 1195 1319 aiunt,
1209 1287 1335 1322 Magnum
1350 1286 1500 1314 Antonium
1511 1285 1582 1313 duos
1594 1293 1688 1313 secum
1698 1285 1819 1319 discipu—

1029 1334 1071 1361 los
1082 1333 1202 1366 intimos,
1213 1333 1327 1361 comites
1340 1333 1507 1366 individuos,
1524 1332 1653 1360 habuiSse
1670 1331 1818 1359 Macarinm

1029 1385 1058 1408 et
1078 1380 1234 1413 Amatham,
1255 1381 1416 1415 praesertim
1441 1379 1546 1407 ultimis
1562 1379 1720 1414 quindecim
1746 1377 1819 1405 vitae

1030 1433 1095 1453 suae
1109 1426 1199 1459 annis,
1211 1434 1281 1462 quos
1298 1431 1327 1454 et
1342 1426 1415 1454 solos
1429 1426 1523 1454 obitus
1545 1426 1587 1453 sui
1612 1430 1697 1453 testes
1718 1429 1747 1452 et
1775 1431 1819 1452 se—

1029 1472 1166 1513 pulturae,
1181 1472 1215 1500 de
1233 1480 1287 1508 qua
1303 1473 1357 1500 illis
1368 1472 1498 1500 mandata
1508 1479 1636 1507 suprema
1649 1470 1737 1504 dedit,
1758 1474 1820 1498 ess:

1030 1519 1155 1546 conscios
1167 1519 1264 1546 voluit.
1287 1519 1408 1554 Contigit
1432 1519 1460 1546 S.
1486 1518 1599 1546 Antonii
1630 1517 1723 1546 obitus
1746 1523 1820 1544 anno

992 1576 1014 1606 ο
1030 1564 1182 1592 Constantii
1194 1565 1238 1598 19,
1252 1564 1355 1593 Christi
1366 1565 1428 1592 556.
1442 1564 1524 1600 Atqui
1539 1564 1574 1592 de
1583 1563 1704 1591 Macario
1716 1563 1818 1598 Aegyp—

1031 1611 1079 1643 tio,
1094 1618 1175 1646 quem
1185 1611 1285 1646 passim
1298 1615 1405 1646 ponunt
1420 1610 1605 1638 Alexandrino
1625 1609 1710 1637 fuisse
1730 1608 1820 1636 senio-

1031 1664 1099 1689 rem,
1115 1665 1149 1684 ex
1161 1657 1222 1684 eius
1233 1656 1308 1684 Actis
1330 1661 1447 1689 constat,
1469 1664 1533 1684 eum
1559 1660 1674 1683 naturae
1695 1654 1819 1683 debitum

1031 1703 1143 1731 solvisse
1156 1710 1228 1730 anno
1241 1702 1344 1730 Christi
1368 1702 1418 1730 591
1443 1701 1669 1737 nonagenarium,
1687 1706 1749 1737 post
1773 1708 1821 1728 ar.-

1030 1757 1081 1776 nos
1102 1748 1243 1784 sexaginta
1272 1749 1301 1776 in
1336 1748 1457 1776 Scithica
1481 1747 1630 1776 solitudine
1657 1750 1819 1774 transactus.

1031 1794 1108 1823 Unde
1122 1794 1259 1830 sequitur,
1279 1793 1460 1829 eapessivisse
1478 1794 1557 1821 illum
1579 1792 1728 1821 solitariam
1747 1791 1819 1827 apud

1032 1840 1138 1868 Scitbin
1151 1841 1238 1868 vitam
1255 1848 1328 1868 anno
1337 1839 1441 1868 Christi
1453 1840 1516 1872 551,
1532 1839 1579 1866 ubi
1599 1846 1662 1866 cum
1683 1838 1718 1865 ad
1737 1837 1820 1865 ﬁnem

1031 1886 1260 1922 perseveraverit,
1271 1886 1325 1914 nisi
1338 1886 1412 1921 quod
1427 1885 1619 1921 peregrinatus
1631 1884 1771 1912 interdum
1787 1883 1821 1911 ad
1846 1910 1848 1912 ,

1031 1932 1180 1960 Antonium
1197 1936 1239 1960 est
1260 1933 1367 1960 visendi
1395 1936 1424 1960 et
1443 1931 1607 1960 consulendi
1636 1931 1696 1958 eius
1723 1930 1821 1966 gratia,

1031 1987 1094 2007 mox
1113 1978 1146 2006 ad
1163 1979 1310 2006 stationem
1329 1978 1488 2014 regrediens
1505 1984 1594 2009 suam,
1618 1980 1823 2010 consequenter

1032 2026 1106 2055 haud
1120 2034 1185 2054 sane
1197 2026 1251 2053 dici
1267 2033 1357 2060 posse,
1373 2025 1459 2053 fuisse
1484 2024 1559 2052 hunc
1581 2022 1744 2059 Aegyptium
1763 2021 1820 2049 Ma-

1032 2072 1147 2105 carium,
1162 2072 1242 2099 illum
1254 2071 1387 2098 Amathae
1400 2070 1544 2106 collegam,
1560 2069 1718 2097 ministrum
1733 2072 1762 2096 et
1775 2075 1821 2095 so-

1031 2120 1105 2148 cium
1121 2118 1295 2147 individuum
1308 2117 1395 2153 Magni
1405 2117 1529 2150 Antonii,
1545 2124 1628 2152 quem
1640 2115 1686 2143 ille
1710 2115 1765 2142 iam
1785 2115 1821 2142 ab

1032 2173 1104 2193 anno
1124 2165 1229 2193 Christi
1249 2163 1383 2193 fili—hic
1401 2163 1476 2191 enim
1494 2163 1608 2198 quintus
1626 2161 1751 2188 decimus
1779 2163 1823 2187 est

1032 2215 1095 2239 ante
1107 2216 1224 2238 mortem
1240 2209 1455 2238 Antonii—dum
1470 2209 1498 2236 in
1511 2212 1633 2236 montem
1649 2206 1820 2236 interiorem,

226 2246 311 2274 “una
338 2252 383 2272 me
407 2244 444 2292 ,ad
474 2244 684 2292 impendenda!“
708 2244 869 2292 Macaﬁanis
903 2244 979 2272 hisce
996 2246 1018 2274 θ
1033 2257 1089 2285 illic
1106 2257 1229 2292 reliquae
1241 2256 1313 2284 vitae
1333 2255 1451 2283 stadium
1472 2255 1650 2286 decursurus,
1669 2252 1820 2282 secederet,

189 2292 337 2329 Opusculis
353 2300 370 2320 e
391 2291 446 2319 situ
466 2291 596 2319 eruendis
624 2291 794 2328 diligentiam
822 2294 977 2318 moverunt.

190 2339 312 2367 Verbum
325 2343 405 2366 vetus
419 2341 462 2366 est
476 2338 504 2366 S.
517 2337 655 2366 Ambrosii
667 2346 673 2364 :
689 2337 794 2365 Primus
805 2337 920 2364 discendi
936 2346 980 2364 ar-

191 2386 240 2414 dor
261 2385 384 2413 nobilitas
403 2390 441 2413 est
457 2385 578 2421 magistri
590 2385 638 2421 (l).
656 2385 684 2412 S.
705 2384 795 2413 Patris
819 2384 978 2416 auctoritas,

191 2432 288 2467 Magno
300 2432 450 2460 Athanasio
462 2431 594 2466 aequalis,
608 2431 704 2467 Magno
726 2438 835 2466 quoque
860 2429 979 2457 Antonio

192 2477 345 2511 familiaris,
361 2478 389 2505 in
407 2485 490 2513 opere
501 2477 546 2505 illa
561 2477 619 2512 ipsa
631 2477 797 2513 proferente,
812 2485 883 2512 quae
908 2476 980 2504 divi-

191 2524 267 2552 nitus
277 2524 429 2552 illustratus
438 2523 574 2551 Antonius
583 2523 773 2558 antiquissimo
783 2523 980 2558 discipulorum

191 2577 223 2598 ac
237 2570 294 2597 lilio
309 2569 503 2605 primogenito,
518 2569 608 2596 intimi
628 2569 708 2605 longo
725 2577 776 2597 usu
803 2569 979 2597 contubernii

191 2617 322 2644 ministro
341 2616 514 2650 fidelissimo,
531 2623 631 2644 arcane
652 2616 875 2648 communicavit,
895 2616 978 2653 digna

190 2664 250 2692 visa
264 2668 307 2692 est
317 2671 399 2699 quam
414 2671 571 2696 venerarer,
587 2668 615 2691 ει
633 2671 665 2690 ea
678 2663 899 2691 commendatum
924 2671 979 2690 non

191 2710 364 2746 despicerem
378 2711 463 2738 latere
479 2710 507 2737 in
524 2714 687 2746 perpetuum
707 2710 821 2737 sinendo
839 2709 977 2740 volumen,

192 2757 354 2792 praesertim
369 2758 516 2793 spectabile
540 2758 662 2793 utilequc
680 2757 708 2785 in
725 2756 803 2793 [non]
819 2757 923 2792 paucis,
951 2761 981 2784 ut

1032 2304 1061 2331 in
1086 2304 1147 2332 loco
1172 2303 1238 2331 huic
1258 2302 1361 2335 vicino,
1379 2302 1432 2330 hoc
1451 2306 1494 2329 est
1519 2301 1548 2328 in
1573 2303 1666 2327 monte
1685 2298 1822 2326 exteriore

1032 2354 1142 2385 praesto
1157 2357 1265 2384 semper
1281 2349 1334 2376 sibi
1345 2348 1380 2376 ad
1391 2353 1544 2376 extremum
1561 2354 1621 2385 esse
1633 2344 1752 2372 iusserit.

1067 2395 1112 2424 Vl.
1131 2395 1211 2422 Hune
1235 2394 1366 2430 equidem
1388 2393 1536 2422 Macarium
1562 2391 1667 2420 socium
1688 2389 1821 2418 Amathae

1029 2442 1156 2470 existimo
1175 2446 1231 2468 tam
1255 2441 1463 2477 quinquaginta,
1481 2447 1552 2475 quae
1579 2438 1683 2466 dudum
1711 2441 1821 2465 exstant

1029 2487 1177 2522 inscriptae
1191 2486 1303 2515 nomine
1328 2487 1449 2518 Macarii,
1468 2485 1647 2513 llomiliarum
1666 2488 1818 2516 auctorem,

1028 2540 1110 2567 quam
1128 2532 1226 2560 horum
1242 2537 1345 2567 septem
1359 2531 1558 2567 Opusculorum
1573 2538 1643 2566 quae
1666 2538 1741 2557 nunc
1762 2529 1820 2558 edi-

1029 2585 1100 2606 mus.
1110 2578 1178 2605 Nam
1193 2579 1268 2613 quod
1280 2579 1323 2606 vir
1335 2578 1511 2605 doctissimus
1525 2577 1644 2605 Joannes
1660 2576 1752 2609 Picus,
1771 2576 1818 2611 qui

1033 2623 1164 2650 Homilias
1178 2623 1239 2652 illas
1251 2631 1266 2652 a
1278 2631 1306 2651 se
1327 2623 1410 2650 latine
1430 2622 1551 2650 redditas
1572 2622 1705 2657 vulgavit,
1721 2620 1818 2655 opina-

1033 2675 1087 2701 tur,
1097 2669 1213 2704 scriptas
1224 2677 1270 2697 eas
1282 2669 1366 2697 fuisse
1378 2676 1394 2696 a
1406 2669 1523 2696 Macario
1531 2668 1672 2704 Aegyptio,
1683 2666 1818 2695 Scithicae

1034 2715 1121 2743 incola
1139 2714 1307 2747 solitudinis,
1322 2714 1412 2742 valide
1429 2714 1564 2742 refellitur
1581 2712 1719 2741 contrario
1742 2711 1819 2738 testi-

1035 2761 1126 2789 monio
1138 2760 1273 2790 Gennadii
1288 2760 1473 2793 Massiliensis,
1492 2760 1571 2788 cuius
1583 2767 1642 2795 cap.
1661 2758 1683 2786 X
1696 2757 1766 2789 libr't
1780 2757 1819 2788 De

947 2840 1072 2871 NOTAE.

230 2885 268 2921 (l)
288 2885 346 2913 Lib.
365 2885 403 2913 De
417 2886 483 2921 virg.
