2048 3153
209 147 263 177 335

768 149 871 179 PETRI
891 150 1022 180 POSSlNl
1042 150 1299 179 PROLEGOMENA

1784 149 1839 179 3'58

208 205 276 233 viris
288 205 442 235 illustribus
455 206 523 235 haec
538 207 669 244 leguntur
684 208 768 237 verba
780 217 787 236 :
799 209 934 237 Macarius
950 210 997 238 ille
1011 216 1033 244 Α
1048 210 1123 245 ginta
1134 209 1304 241 milliarium,
1319 207 1355 236 ad
1374 207 1466 236 locum
1486 206 1633 236 exterioris
1658 206 1771 239 montis,
1793 208 1838 235 in-

208 252 350 279 monachus
365 252 518 288 Aegyptius,
535 254 615 289 signis
625 259 649 281 et
660 255 796 282 virtutibus
805 255 904 288 clarus,
915 264 997 283 unam

209 301 313 324 tantum
336 299 499 333 ad.juniores
513 300 679 335 professionis
691 309 756 329 suae
777 303 880 337 scripsit
902 303 997 337 episto-

210 341 274 370 lam.
289 343 327 371 lta
339 344 403 371 ille:
419 345 499 372 cuius
514 350 569 373 tam
580 346 672 374 idonei
691 352 746 374 tam
763 347 881 375 disertae
902 352 997 375 aucto—

209 389 282 417 ritati
300 390 376 418 testis
390 391 456 425 quid
471 392 537 420 satis
559 393 680 421 validum
698 394 811 422 obtendi
837 394 999 422 eluctandae

209 440 301 469 queat,
314 436 386 464 haud
400 437 499 471 video;
523 444 605 474 atque
631 440 699 468 adeo
724 449 775 476 pro
801 445 877 469 certo
906 446 996 474 teneo,

209 481 397 514 quaerendum
411 483 495 510 alium
507 492 522 511 a
538 484 656 513 Macario
678 486 810 522 Aegyptio
830 486 998 514 Macariana-

211 534 271 554 rum
288 528 468 557 llorniliarum
485 537 636 560 auctorem.

245 570 378 607 Suggerct
394 573 464 602 forte
478 575 614 611 quispiam
641 577 759 604 alterum
783 577 837 606 hoc
862 577 998 605 iuniorem

210 615 367 652 Macarium,
382 621 463 656 vulgo
476 621 580 649 dictum
594 621 809 656 Alexandrinum
819 631 835 650 a
849 623 959 651 civitate
970 624 999 651 in

210 671 264 698 qua
276 669 357 694 natus
370 672 421 703 est.
434 667 468 695 At
481 676 544 695 cum
566 669 638 696 inter
666 670 762 702 multa,
786 678 857 705 quae
884 670 919 698 de
946 670 1000 698 isto

211 706 327 737 Macario
343 711 512 755 Salonianus
535 713 583 740 lib.
601 714 635 741 ill
652 722 713 750 cap.
736 715 780 748 15,
798 715 925 743 Socrates
948 715 997 743 lib.

211 755 244 782 ιν
261 763 322 791 cap.
340 757 385 789 i8,
409 763 438 785 ct
452 766 486 786 ex
499 759 543 786 bis
558 759 592 787 de
611 768 689 788 more
707 760 879 796 Nieephorus
895 761 945 789 lib.
962 761 1000 789 IX

199 809 270 846 gcap.
296 802 331 830 M
358 803 502 840 colligunt,
526 805 596 833 nihil
621 814 735 841 prorsus
765 806 894 839 referant,
925 806 1000 834 unde

211 847 353 882 scripsisse
369 850 518 886 quidquam
531 859 606 885 eum,
621 853 694 887 quod
711 853 739 880 in
749 853 838 881 lucem
852 861 884 880 ac
899 853 998 880 famam

211 893 320 928 exierit,
333 896 419 930 possit
434 897 562 933 intelligi,
577 906 629 926 nec
641 898 667 926 ei
683 899 828 934 quisquam
841 899 914 926 alius
925 903 1001 927 vete—
1016 889 1037 919 Β

212 947 285 972 rum,
304 941 378 976 quod
397 943 493 976 sciam,
507 949 556 972 aut
570 945 755 973 recentiorum
777 946 830 974 hoc
854 954 924 982 opus
949 946 1000 974 tri-

212 984 300 1014 buat:
325 987 388 1023 quis
401 997 457 1017 non
477 990 562 1024 videt,
579 999 677 1027 magna
701 1000 752 1019 nos
778 992 888 1020 invitari
905 992 1002 1020 verisi—

212 1031 368 1061 militudine
383 1034 418 1062 ad
435 1035 570 1065 Homilies
585 1037 653 1065 istas
671 1038 864 1073 antiquissimo
884 1038 1002 1066 Macario

212 1077 300 1113 Magni
315 1078 426 1107 Antonii
443 1081 541 1110 intimo
555 1088 638 1118 atque
651 1083 794 1112 individuo
802 1084 931 1112 ministro
940 1086 1003 1112 vin-

211 1123 362 1154 ἀίωηάεεῖ
388 1127 446 1155 Nec
467 1136 522 1163 qua
546 1137 594 1157 eas
615 1131 758 1158 occasione
790 1139 879 1166 quove
912 1130 1001 1159 ollicio

211 1179 377 1207 graecease
403 1174 524 1203 redditas
548 1183 582 1203 ex
601 1176 714 1204 Antonii
739 1177 860 1212 magistri
892 1177 1003 1205 dictatis

211 1219 366 1253 protulerit,
395 1220 480 1249 latere
496 1221 598 1256 poterit
617 1227 801 1257 reputantem,
816 1223 1002 1258 praepositum

211 1272 275 1292 eum
288 1266 323 1293 ab
334 1266 455 1294 Antonio
470 1268 475 1302 Ι
490 1267 576 1296 fuisse
595 1268 781 1303 gubemandis
800 1269 861 1297 eius
891 1270 1002 1296 nomine

212 1313 333 1349 quinque
349 1314 472 1342 millibus
491 1315 700 1349 monachorum,
719 1316 767 1351 qui
789 1316 894 1343 ultimis
919 1316 1003 1350 quin-

213 1361 302 1389 decim
317 1361 390 1389 vitae
405 1360 518 1389 Antonii
539 1362 617 1390 annis
645 1362 841 1390 monasterium
862 1362 1004 1398 Pispirita-

214 1415 281 1436 num
293 1407 514 1442 frequentabant.
531 1409 589 1436 Hoc
605 1409 786 1436 disertissime
802 1413 918 1437 testatur
929 1409 1002 1436 anti-

214 1453 365 1489 quissimus
377 1454 451 1482 vitae
465 1454 573 1483 abbatis
587 1455 740 1482 Posthumii
758 1456 875 1490 scriptor
898 1463 1003 1491 anony-

215 1507 288 1533 mus,
301 1507 384 1535 quem
397 1500 523 1530 referunt
533 1505 562 1528 et
577 1509 593 1528 a
608 1500 661 1528 ﬁde
674 1501 792 1529 maxime
810 1501 1004 1530 commendant

215 1546 303 1575 nostri
321 1545 471 1575 Bollandus
490 1551 519 1575 et
541 1546 730 1574 lienschenius
755 1547 860 1574 Tom.l
884 1548 1004 1575 Ianuarii

215 1600 277 1628 pag.
294 1592 372 1621 1006.
386 1592 412 1620 ls
420 1592 494 1620 enim
513 1600 639 1626 narrans,
655 1593 803 1620 Macarium
816 1598 878 1628 post
899 1598 1005 1621 rectum

216 1646 232 1665 a
249 1646 278 1666 se
296 1638 355 1666 solo
371 1638 476 1673 aliquot
494 1638 510 1666 ii
526 1642 614 1666 morte
635 1638 748 1666 Antonii
766 1639 846 1667 annis
866 1639 1007 1674 Pispirita-

217 1691 283 1711 num
319 1684 495 1717 coenobium,
516 1684 595 1712 senio
618 1692 648 1712 se
672 1684 801 1712 fatiscere
830 1685 1005 1718 sentientem,

218 1731 247 1760 in
271 1731 314 1759 sui
341 1731 434 1759 locum
451 1731 568 1767 elegisse
589 1739 781 1760 successurum
806 1732 859 1760 sibi
890 1733 1008 1760 Posthu—

218 1777 315 1810 mium,
333 1777 485 1806 clarissime
499 1778 548 1811 ait,
562 1778 648 1807 fuisse
661 1779 815 1807 Posthumii
834 1779 1007 1807 decessorem

217 1823 367 1851 Macarium
396 1824 428 1852 Β.
457 1825 566 1853 Antonii
595 1825 762 1861 discipulum,
785 1833 818 1853 ac
844 1834 908 1853 mox
926 1827 1008 1854 tertio

218 1874 280 1905 post
311 1878 394 1899 versu
414 1879 422 1897 :
450 1880 514 1898 nam
535 1871 605 1899 idem
630 1871 764 1900 Macarius
784 1872 816 1899 ab
831 1872 930 1899 illustri
951 1873 1007 1901 viro

218 1917 332 1943 Antonio
359 1917 549 1944 monachorum
576 1916 630 1951 fere
665 1917 780 1952 quinque
810 1916 896 1943 millia
933 1925 1008 1944 acce-

218 1966 293 1996 perat
304 1961 489 1997 gubernanda.
502 1962 638 1989 Nimirum
652 1961 680 1989 S.
695 1961 842 1995 Antonius,
853 1962 900 1997 qui
915 1962 1009 1990 literas

219 2016 234 2034 a
248 2015 334 2042 puero
349 2015 404 2035 non
415 2007 566 2040 didicisset,
581 2013 610 2036 et
624 2008 714 2043 patria
728 2016 783 2035 una
799 2008 890 2044 lingua
902 2008 1009 2043 coptica

220 2061 328 2089 semper
356 2053 483 2088 loquens,
508 2062 604 2089 graeca
634 2062 690 2081 non
713 2054 840 2089 expedite
873 2059 1007 2088 uteretur,

219 2104 367 2134 propterea
383 2099 480 2127 solitus
492 2107 555 2127 cum
568 2099 681 2127 Graecis
699 2107 780 2135 agere
803 2108 853 2134 per
875 2100 1010 2136 interpre-

222 2150 287 2178 tem,
305 2151 337 2173 ut
360 2145 429 2173 haec
454 2146 547 2173 omnia
565 2145 668 2173 diserte
687 2145 854 2174 Athanasius
882 2151 1008 2179 testatur,

221 2191 325 2219 addens
339 2192 432 2224 etiam,
441 2192 475 2219 ad
491 2192 543 2219 hoc
555 2192 589 2219 ad
604 2199 715 2221 manum
727 2192 856 2219 habuisse
869 2192 1009 2220 hominem

218 2239 350 2268 idoneum
364 2239 492 2271 maxime,
505 2247 560 2266 non
574 2239 669 2271 alium,
681 2239 789 2274 opinor,
801 2247 816 2266 a
826 2239 953 2272 Macario,
966 2239 1008 2267 in-
1023 2237 1048 2267 D

221 2293 359 2322 superque
373 2286 408 2313 ab
422 2285 548 2314 instituto
563 2294 614 2314 suo
631 2285 718 2313 veteri
734 2285 944 2318 anachoreseos,
958 2285 1012 2313 hoc

221 2338 264 2361 est
279 2333 351 2360 vitae
367 2332 516 2365 solitariae,
531 2333 662 2360 recedere
680 2339 738 2360 nou
762 2332 868 2365 volens,
898 2339 961 2360 eum
982 2332 1012 2360 in

222 2384 316 2407 monte
329 2379 465 2411 interiori,
478 2379 539 2407 loco
555 2379 608 2406 sibi
623 2378 757 2406 divinitus
778 2382 942 2410 monstrato,
965 2385 1011 2405 so-

222 2427 267 2455 lus
282 2433 460 2462 perseverare
477 2433 563 2461 usque
578 2425 612 2453 ad
628 2430 756 2457 mortem,
769 2429 853 2460 prout
865 2431 960 2451 revera
974 2423 1012 2451 fe-

224 2472 272 2505 cit,
286 2471 462 2504 decrevisset,
481 2479 532 2499 nec
545 2476 637 2499 tamen
651 2470 747 2498 deesse
762 2470 846 2497 vellet
868 2473 908 2498 tot
930 2469 1014 2496 milli-

225 2518 277 2546 bus
287 2517 440 2550 hominum,
456 2517 503 2552 qui
516 2516 639 2551 undique
662 2515 696 2543 ad
714 2523 777 2543 eum
797 2515 889 2543 studio
908 2515 942 2542 ad
971 2523 1014 2542 sa-

225 2564 310 2592 lutem
326 2559 466 2591 aeternam
487 2571 521 2590 ex
547 2563 606 2598 ipso
636 2561 798 2598 proﬁciendi
827 2561 1012 2594 conﬂuebant,

225 2617 321 2638 eorum
338 2608 546 2637 commorationi
562 2608 712 2643 assignavit
728 2613 848 2635 montem
868 2607 950 2634 alium
975 2607 1014 2634 illi

225 2664 276 2684 suo
304 2656 436 2689 vicinum,
456 2661 485 2684 et
503 2655 538 2683 ad
557 2655 619 2683 eius
637 2654 820 2682 ditl‘erentiam
849 2653 1013 2681 exteriorem

225 2707 362 2735 vocatum,
387 2703 415 2730 in
443 2710 498 2737 quo
516 2701 713 2736 Pispiritannm
740 2699 936 2727 monasterium
967 2706 1014 2726 cx-

227 2754 361 2776 structum
378 2753 430 2781 est,
443 2756 459 2775 a
468 2747 611 2775 monachis
621 2747 836 2782 frequentatum,
854 2745 901 2780 qui
911 2744 1014 2771 discre-

228 2796 264 2823 tis
272 2795 379 2823 cellulis
388 2795 492 2823 circum
509 2794 650 2830 dogentes,
667 2793 754 2828 sparsi
770 2801 818 2828 per
834 2791 951 2827 spatium
965 2790 1013 2818 tri-

1050 255 1142 283 teriori
1157 255 1353 292 propinquum,
1369 253 1414 281 cui
1428 254 1489 281 loco
1504 261 1604 281 nomen
1617 258 1677 282 erat
1687 253 1838 289 Pisper(2),

1049 302 1095 329 ubi
1109 301 1239 329 Amathas
1263 305 1292 329 et
1310 300 1446 328 Macarius
1469 300 1638 333 residebant,
1659 300 1733 327 soliti
1760 305 1840 332 erant

1048 347 1197 375 convenire
1209 347 1362 375 audientiae
1381 347 1468 382 gratia
1484 353 1578 374 sacrae
1597 346 1740 374 doctrinae
1754 354 1769 373 a
1781 346 1840 374 Ma-

1049 394 1123 421 cario
1137 394 1250 421 Antonii
1262 393 1424 429 interprete,
1438 393 1506 428 quin
1520 397 1548 421 et
1566 393 1654 428 ipsius
1670 392 1783 420 Antonii
1798 393 1841 420 vi-

1048 441 1137 474 sendi,
1161 441 1209 476 qui
1237 447 1272 468 eo
1302 444 1482 468 consueverat
1508 439 1592 468 certis
1614 438 1722 466 dierum
1752 439 1840 466 inter-

1048 486 1128 514 vallis
1142 494 1172 514 se
1187 486 1321 514 conferre.
1337 485 1412 513 Nihil
1426 485 1526 512 horum
1537 484 1614 512 credi
1630 483 1698 511 mihi
1719 484 1838 519 postulo.

1048 533 1090 560 En
1104 533 1253 564 oculatum,
1267 532 1404 560 referente
1412 530 1534 559 Palladio
1549 530 1578 558 in
1591 529 1660 559 Vitis
1671 530 1792 562 Patrum,
1805 530 1841 557 de

1049 580 1094 607 his
1110 579 1220 607 eunetis
1240 578 1429 607 testimonium
1451 577 1546 606 Cronii
1565 577 1707 605 cuiusdam
1729 576 1842 611 presby-

1050 626 1102 653 teri
1117 625 1274 658 Nitriensis,
1290 632 1320 652 se
1337 624 1445 652 venisse
1464 624 1564 652 aientis
1591 624 1626 650 ad
1651 622 1841 650 monasterium

1050 672 1079 700 S.
1095 673 1202 700 Antonii
1213 672 1240 699 in
1254 671 1309 699 loco
1319 672 1364 707 qui
1377 670 1471 707 Pisper
1485 671 1589 698 dicitur.
1600 670 1633 698 In
1654 678 1717 705 quo,
1739 668 1839 704 inquit,

1048 718 1174 745 sedebant
1203 719 1258 745 eius
1286 717 1408 754 discipuli
1428 717 1562 744 Macarius
1586 719 1611 743 et
1634 715 1773 747 Amathus,
1796 715 1842 750 qui

1049 765 1130 792 etiam
1157 772 1226 797 eum,
1254 772 1314 791 cum
1340 763 1507 795 dormiissct,
1536 761 1706 798 sepelierunt.
1737 760 1839 792 Addit,

1050 815 1213 846 exspectasse
1227 818 1255 837 se
1273 810 1328 837 dies
1346 811 1471 846 quinque,
1495 813 1534 837 ut.
1550 808 1700 836 conveniret
1720 809 1842 834 sanctum

1050 856 1203 884 Antonium.
1230 855 1371 883 Dicebatur
1401 856 1480 887 enim,
1510 855 1558 887 ait,
1583 854 1706 881 accedere
1733 853 1769 880 ad
1795 854 1842 880 hoc

1052 903 1243 930 monasterium
1271 901 1416 937 aliquando
1447 901 1552 936 quidem
1577 903 1634 935 post
1659 899 1747 926 decem
1776 898 1840 930 dies,

1052 949 1196 986 aliquando
1232 957 1294 977 vero
1326 953 1384 984 post
1407 948 1510 984 viginti,
1533 947 1678 982 aliquando
1702 953 1763 973 vero
1784 948 1842 980 post

1051 996 1175 1030 quinque,
1201 999 1278 1030 prout
1300 993 1452 1030 expediebat
1479 1000 1527 1028 pro
1553 991 1675 1026 beneﬁcio
1691 999 1781 1017 eorum
1796 990 1843 1025 qui

1050 1042 1187 1069 veniebant
1200 1041 1235 1069 ad
1249 1041 1448 1068 monasterium.
1463 1039 1549 1067 Porro
1562 1039 1605 1071 iis,
1621 1038 1668 1073 qui
1681 1038 1709 1065 in
1719 1045 1753 1065 eo
1764 1043 1843 1064 erant

1050 1088 1228 1121 monasterio,
1242 1087 1392 1123 praefuisse
1416 1085 1549 1114 vicarium
1566 1084 1678 1112 Antonii
1694 1083 1843 1111 Macarium

1052 1134 1125 1162 clare
1138 1133 1223 1162 tradit
1235 1133 1308 1161 idem
1335 1133 1383 1168 qui
1410 1132 1518 1160 viderat
1541 1131 1660 1159 Cronius
1688 1129 1842 1166 presbyter,

1052 1180 1105 1207 hoc
1118 1179 1200 1207 modo
1214 1187 1297 1214 supra
1314 1179 1457 1214 descriptis
1477 1178 1647 1213 adiungens:
1666 1177 1767 1204 Accidit
1793 1184 1844 1203 au-

1052 1230 1122 1260 tem,
1144 1231 1174 1253 ut
1191 1226 1245 1254 alio
1269 1226 1310 1252 dic
1326 1227 1426 1253 veniret
1445 1225 1558 1261 Magnus
1582 1223 1760 1260 [Antonius]
1785 1231 1844 1250 sero

1052 1281 1167 1309 uespere,
1177 1272 1288 1300 amictus
1301 1272 1437 1307 chlamyde
1447 1271 1568 1308 pellicea.
1582 1270 1719 1307 Ingressus
1734 1274 1770 1296 est
1782 1277 1844 1305 ergo

1052 1328 1129 1347 suum
1149 1320 1350 1347 monasterium.
1366 1319 1436 1346 Erat
1450 1323 1538 1346 autem
1551 1319 1615 1345 haec
1628 1318 1683 1344 eius
1704 1319 1843 1343 consuetu-

1053 1365 1097 1397 do,
1115 1370 1143 1392 ut
1157 1365 1339 1400 alloquerctur
1361 1363 1520 1396 Macarium,
1537 1366 1563 1390 ct
1576 1370 1636 1390 eum
1647 1363 1823 1397 interrogaret
1834 1369 1845 1389 :

1053 1411 1149 1439 Frater
1160 1411 1273 1443 Macati,
1299 1415 1461 1438 neneruntne
1486 1411 1535 1437 huc
1558 1408 1643 1444 aliqui
1663 1409 1676 1435 ?
1696 1407 1846 1444 Responde-

1053 1457 1097 1485 bat
1107 1456 1403 1486 Macarius:Vencrunt.
1413 1456 1520 1483 Dicebat
1531 1460 1619 1483 autem
1628 1455 1756 1491 Magnus;
1766 1453 1848 1482 Sunt-

1054 1512 1087 1532 ne
1116 1504 1237 1540 Aegyptii
1262 1512 1298 1531 an
1321 1501 1578 1538 llierosolymitani!
1607 1501 1723 1528 Dederat
1756 1504 1845 1528 autem

1055 1550 1168 1587 Magnus
1185 1551 1208 1578 ei
1222 1550 1326 1585 signum
1341 1548 1529 1576 dicens:Cum
1552 1547 1646 1575 uideris
1667 1547 1767 1574 uenisse
1792 1545 1845 1573 ali-

1056 1605 1120 1634 quos
1132 1597 1223 1633 quibus
1236 1601 1274 1624 est
1290 1596 1376 1623 minus
1393 1595 1500 1630 negotii,
1520 1594 1581 1621 dic:
1594 1593 1693 1621 Adsunt
1707 1593 1846 1628 Aegyptii;

1057 1644 1164 1680 quando
1177 1647 1268 1670 autem
1288 1641 1384 1669 videris
1397 1641 1497 1669 venisse
1518 1639 1621 1676 aliquos
1634 1639 1808 1674 religiosiores
1821 1642 1846 1664 ct

1057 1689 1138 1726 paulo
1163 1688 1389 1721 consideratiores,
1414 1687 1475 1715 dic:
1491 1685 1579 1723 [Sunt
1603 1685 1845 1721 Hierosolymilani.

1058 1737 1131 1764 Haec
1144 1735 1272 1768 Cronius,
1283 1743 1355 1770 quae
1364 1733 1472 1762 viderat
1485 1733 1538 1761 [ide
1549 1733 1702 1768 presbyteri
1713 1732 1846 1759 referens.

1057 1783 1098 1810 Ex
1116 1782 1218 1817 quibus
1241 1780 1385 1808 manifeste
1409 1784 1496 1816 patet,
1520 1777 1631 1806 assidue
1659 1776 1793 1804 mansisse
1819 1775 1847 1802 in

1057 1829 1224 1865 Pispiritano
1238 1828 1372 1856 coenobio
1388 1826 1547 1859 Macarium,
1558 1825 1634 1852 vices
1649 1823 1771 1854 Antonii,
1781 1829 1849 1857 quo-

1058 1875 1093 1902 ad
1108 1875 1131 1902 is
1153 1874 1232 1908 vixit,
1249 1878 1391 1910 gerentem
1411 1877 1440 1901 et
1463 1872 1592 1900 videlicet
1612 1870 1785 1906 quotidianas
1801 1873 1849 1896 aut

1058 1921 1217 1956 frequentes
1248 1919 1409 1947 erudiendis
1435 1922 1513 1953 aptas
1540 1916 1683 1945 monachis
1716 1914 1848 1942 Homilias

1059 1967 1217 1999 habentem,
1230 1973 1348 2001 quarum
1360 1965 1418 2000 ipse
1430 1972 1486 1991 non
1496 1968 1551 1992 tam
1563 1967 1660 1990 auctor
1669 1961 1750 1998 quam
1765 1962 1849 1988 inter-

1058 2020 1123 2048 pres
1138 2015 1221 2039 esset.
1246 2011 1347 2038 Audita
1371 2010 1446 2037 enim
1476 2009 1511 2036 ab
1531 2007 1651 2036 Antonio
1676 2008 1782 2042 eoptice
1806 2005 1848 2032 lo-

1059 2063 1161 2094 qucnte
1175 2058 1234 2093 ipse
1246 2064 1343 2092 graece
1358 2055 1513 2096 perorabat.
1534 2054 1605 2082 Audi
1627 2054 1701 2081 enim
1724 2053 1848 2081 Athana-

1060 2106 1131 2133 sium
1148 2105 1175 2132 in
1189 2104 1251 2133 Vita
1260 2103 1372 2131 Antonii
1386 2102 1465 2130 Tom.
1480 2102 1503 2129 ll
1512 2101 1764 2129 Athanasianornm
1775 2099 1847 2134 0pc-

1060 2159 1121 2179 rum
1134 2151 1200 2179 edit.
1212 2150 1300 2178 Paris.
1316 2149 1381 2177 anni
1396 2149 1463 2176 1627
1476 2157 1537 2184 pag.
1551 2148 1613 2181 479,
1628 2147 1685 2179 ubi,
1702 2150 1846 2181 postquam

1060 2197 1140 2230 dixit,
1157 2197 1307 2224 Antonium
1329 2194 1509 2223 Alexandriae
1532 2198 1703 2229 praesentem
1724 2198 1848 2227 tempore

1059 2242 1260 2279 persecutionis
1272 2241 1411 2269 Maximini
1427 2240 1558 2268 obtulisse
1582 2247 1612 2267 se
1632 2239 1665 2266 ad
1688 2238 1847 2274 martyrium

1059 2288 1180 2324 praesidi
1203 2287 1305 2322 alioqui
1328 2287 1388 2314 fero
1409 2291 1438 2314 et
1461 2284 1646 2320 sanguinaria,
1674 2292 1725 2310 nec
1747 2288 1847 2315 tamen,

1060 2332 1134 2368 quod
1168 2332 1290 2367 impense
1323 2331 1463 2366 cupiebat,
1490 2329 1574 2357 fuisse
1608 2329 1847 2363 comprehensum,

1060 2378 1202 2414 adiungit:
1219 2378 1287 2405 Erat
1304 2381 1393 2404 autem
1414 2376 1542 2403 Dominus
1561 2374 1640 2402 illum
1662 2383 1799 2401 reservans
1822 2375 1849 2400 in

1060 2430 1178 2453 nostram
1192 2429 1217 2451 et
1228 2423 1344 2451 aliorum
1366 2422 1518 2454 utilitatem,
1541 2426 1569 2448 ut
1596 2421 1624 2447 in
1650 2419 1740 2451 accesi,
1769 2427 1850 2453 quam

1061 2480 1075 2498 c
1093 2471 1236 2506 Scripturis
1264 2470 1320 2505 ipsa
1349 2469 1488 2500 didicerat,
1506 2467 1596 2495 multis
1618 2467 1744 2501 magister
1764 2465 1850 2499 fieret.

1061 2516 1246 2552 Magisterium
1262 2520 1355 2543 autem
1374 2514 1446 2542 istud
1464 2513 1599 2542 Antonius
1617 2512 1740 2539 exercuit
1761 2510 1850 2545 copti-

1062 2570 1104 2595 ca,
1125 2570 1207 2598 quam
1229 2562 1325 2593 solam,
1348 2565 1379 2588 nt
1398 2560 1465 2592 dixi,
1480 2559 1605 2591 callebat,
1622 2558 1724 2593 lingua.
1743 2557 1782 2584 Ex
1797 2563 1851 2591 qua

1064 2609 1091 2636 S.
1109 2608 1275 2636 Athanasius
1287 2615 1382 2643 graece
1392 2606 1483 2634 reddit
1497 2606 1568 2633 bene
1594 2605 1689 2639 longas
1709 2603 1770 2631 eius
1790 2610 1852 2629 ora-

1063 2654 1153 2682 tiones
1172 2654 1251 2685 duas,
1266 2653 1385 2688 priorem
1399 2661 1414 2679 a
1425 2660 1485 2688 pag.
1498 2651 1546 2679 461
1562 2651 1596 2678 ad
1613 2651 1675 2682 477,
1692 2649 1806 2676 alteram
1835 2654 1850 2673 a

1064 2708 1125 2735 pag.
1141 2699 1192 2727 492
1203 2699 1236 2727 ad
1251 2700 1312 2731 497,
1327 2706 1408 2734 saepe
1422 2698 1505 2726 etiam
1517 2697 1584 2724 alias
1594 2696 1716 2724 eruditas
1735 2694 1795 2722 eius
1817 2699 1852 2719 eo

1064 2745 1098 2772 de
1110 2753 1210 2781 genere
1221 2744 1380 2776 sententias,
1392 2751 1522 2779 responsa
1536 2747 1563 2770 et
1583 2746 1727 2778 praecepta
1746 2745 1852 2767 memo—

1064 2798 1139 2823 rans,
1151 2798 1269 2826 quorum
1288 2791 1418 2826 pleraque
1431 2789 1527 2817 eadem
1542 2789 1570 2816 in
1594 2788 1703 2816 Macarii
1727 2786 1853 2816 liomiliis

985 2849 1110 2878 NOTAE.

263 2889 301 2924 (2)
321 2888 386 2916 Sic!
409 2888 483 2915 Enn.
