2048 3153
191 173 244 204 337

684 175 729 203 AD
747 175 925 204 OPUSCULA
943 172 973 203 S.
993 172 1132 203 MACARII
1151 174 1326 204 AEGYPTll.

1757 171 1811 200 558

192 233 327 268 librisque
339 232 421 261 hodie
433 236 575 269 apparent,
590 232 663 260 haud
690 233 775 261 dubio
798 233 901 260 indicio
919 232 977 260 ori—
989 233 1013 263 Α
1026 232 1101 267 prior
1114 236 1223 267 praeter
1235 236 1344 259 caetera
1350 238 1459 258 errores
1473 228 1695 258 damnatissimos
1704 228 1810 256 Monta-

191 279 263 314 ginis
274 278 337 305 inde
348 278 472 305 haustae.
486 277 520 305 Et
539 277 600 304 illae
628 277 711 312 igitur
739 277 871 305 Homilise
892 277 977 305 Anto-

191 325 289 352 nianae
300 323 400 359 potius,
412 331 495 358 quam
511 323 679 351 Macarianae
694 328 767 356 sunt,
787 324 888 358 quippe
908 331 976 358 qua—

191 378 252 397 rum
270 377 355 397 verus
372 374 468 397 auctor
490 369 637 402 Antonius.
661 377 755 397 merus
778 369 864 397 ferme
890 369 977 397 inter-

189 423 254 450 pres
267 414 401 442 Macarius
412 413 505 447 fuerit,
525 422 638 449 prorsus
656 414 728 441 idem
748 421 883 449 unusque,
899 414 978 441 cuius

189 468 290 487 nomen
304 464 363 487 tum
382 459 520 491 llomiliis,
535 463 593 486 tum
618 465 723 494 septem
749 459 830 486 modo
854 466 904 494 per
927 466 978 486 nos

188 506 271 533 editis
290 505 436 540 Opusculis
455 504 625 540 praefigitur.
646 505 754 533 Etenim
777 505 800 533 si
824 513 880 533 non
907 505 977 533 alius

188 558 203 578 a
234 550 325 585 prisco
346 550 474 583 Macario,
504 555 586 585 prout
600 551 780 584 ostendimus,
803 550 976 585 quaerendus

188 600 285 623 auctor
300 601 343 623 est
360 595 539 623 Homiliarum
555 597 752 632 quinquaginta
767 604 783 624 a
801 596 865 624 Pico
886 596 974 624 edita-

188 649 261 673 rum,
278 646 404 676 repertus
424 642 507 670 nobis
522 651 607 678 opera
619 642 715 670 eadem
728 643 813 671 fuerit
824 650 908 670 verus
924 651 974 670 au-

187 691 248 714 ctor
262 692 367 721 septem
383 695 454 722 quae
469 695 543 716 nunc
556 688 653 716 damus
664 687 873 723 Opusculorum.
889 688 976 715 Tanta

189 733 292 768 quippe
319 733 486 767 germanitas
514 733 698 769 comparando
722 733 879 769 agnoscitur
906 733 975 761 scri-

188 778 313 812 ptionum
329 778 482 811 ambarum,
504 784 535 806 ut
549 779 671 806 dubitari
685 778 743 806 fere
761 783 890 813 nequeat,
907 778 976 813 quin

188 824 277 852 Patris
291 825 374 852 unius
388 825 443 852 duo
457 825 548 853 foetus
567 825 632 853 sint.
657 825 743 853 Sensa
767 825 884 852 invicem
908 832 975 853 con-

187 871 322 905 gruentia,
334 871 521 906 expressionis
542 879 614 899 unus
632 871 739 907 genius,
764 871 928 899 elocutionis
947 875 976 898 et

1029 278 1164 305 nistarum
1182 298 1190 311 ,
1219 277 1288 305 alter
1325 275 1573 311 Semipelagianum
1609 273 1812 301 odiosissimum

1027 323 1135 357 dogma,
1165 323 1228 358 quia
1245 322 1291 349 illa
1315 326 1431 356 uterque
1451 322 1518 349 vitia
1536 320 1643 356 magnis
1664 319 1813 347 virtutibus

1028 370 1178 403 redimunt,
1193 370 1262 398 adeo
1282 377 1338 397 non
1353 369 1556 396 intcrdicuntur
1568 376 1620 396 usu
1636 375 1667 395 ac
1689 367 1760 400 luce,
1782 371 1813 394 ut

1026 423 1123 444 eorum
1139 416 1223 450 etiam
1245 415 1394 443 suadeatur
1422 415 1505 442 lectio
1529 419 1558 442 et
1571 412 1810 441 ‘commendetur:

1026 462 1089 498 quis
1107 466 1160 489 tam
1189 462 1300 497 iniquus
1330 469 1425 489 arcere
1437 465 1550 488 cunctos
1570 460 1632 488 visu
1646 464 1673 487 et
1683 463 1811 487 contactu

1026 508 1247 536 lucubrationum
1261 508 1350 543 Magni
1364 506 1476 535 Macarii
1492 510 1606 534 conetur
1621 510 1734 541 propter
1756 509 1812 532 tres

1026 559 1197 589 quatuorque
1219 561 1316 581 versus
1341 551 1465 579 labecula
1481 550 1549 577 nulli
1565 550 1646 577 hodie
1661 550 1742 577 noxia
1766 557 1810 576 re-

1026 607 1121 635 persos
1132 600 1160 626 in
1171 599 1250 626 libris
1268 603 1373 633 septem
1391 605 1467 629 sana,
1483 595 1711 630 inculpatissima,
1737 595 1811 622 salu-

1025 645 1145 673 berrima
1161 644 1318 672 eruditione
1335 641 1576 671 redundantibus?

1060 691 1168 718 Licebit
1198 690 1282 726 igitur
1296 697 1346 724 per
1368 695 1465 716 omnes
1490 693 1594 721 aequos
1609 689 1638 712 et
1663 685 1812 720 prudentes

1024 737 1106 765 nobis
1130 736 1159 763 in
1176 736 1229 763 hoc
1242 741 1352 770 quoque
1379 734 1460 761 horto
1487 740 1612 760 rosarum
1635 730 1720 758 odore
1740 730 1811 762 frui,

1024 782 1120 814 vitato,
1134 780 1207 816 quod
1219 779 1347 807 facillime
1359 785 1516 814 possumus,
1535 777 1631 812 spinae
1646 775 1729 803 unius
1746 783 1812 802 acu—

1024 827 1086 861 leo;
1115 827 1144 854 in
1164 826 1217 854 hoc
1237 833 1334 860 campo
1353 828 1457 852 metere
1483 830 1585 859 purum
1599 821 1767 849 frumentum
1784 820 1812 847 in

1025 880 1172 905 annonam,
1184 872 1308 907 neglecto
1322 871 1480 905 reiectoque
1497 869 1581 896 unius
1602 868 1661 895 illic
1676 867 1746 895 forte
1762 867 1812 894 ad—

187 915 250 951 styli
271 916 365 949 saliva,
380 921 535 945 structurae
559 906 643 953 atque
668 917 774 945 ordinis
799 917 888 945 forma
912 925 972 952 par,
987 906 1012 937 Β
1024 919 1082 948 nati
1094 918 1205 946 surculo
1221 906 1359 944 lolii.Non
1371 916 1492 952 vulgaris
1515 922 1578 950 spes
1591 914 1625 941 ad
1642 914 1695 941 hoc
1713 920 1813 948 operae

186 967 332 990 contextus
354 963 616 998 compositionisque
641 962 726 991 totius
740 963 816 990 color
831 966 859 990 et
877 970 975 990 succus

187 1009 270 1040 idem,
287 1013 318 1036 ut
333 1009 402 1036 mihi
423 1010 534 1044 quidem
555 1017 611 1037 non
635 1009 694 1042 nix,
713 1009 787 1044 quod
811 1009 898 1041 aiunt,
917 1008 988 1035 nivi'

185 1055 220 1083 ad
234 1060 388 1090 aspectum,
405 1064 461 1084 nun
474 1049 516 1083 lac
542 1056 606 1083 laeti
625 1060 673 1083 aut
687 1056 740 1083 mel
767 1055 841 1083 melli
869 1055 903 1082 ad
925 1063 975 1090 gu-

185 1105 258 1128 stum
271 1101 398 1133 similior,
418 1108 500 1135 quam
525 1100 576 1128 ista
596 1100 651 1128 duo
674 1100 708 1128 ad
731 1099 847 1135 legentis
863 1106 973 1126 sensum

185 1147 288 1182 scripta
304 1146 461 1174 videantur.
484 1146 598 1174 Accedit
628 1145 791 1181 suffragium
820 1138 974 1172 communis

185 1193 311 1228 utrisque
326 1193 416 1225 naevi,
433 1192 507 1228 quali
523 1192 642 1219 maxime
654 1191 712 1227 rapi
726 1191 759 1218 ad
770 1191 973 1226 persuasionem

183 1239 284 1271 solent,
301 1239 359 1274 qui,
373 1239 526 1274 expositum
537 1247 634 1267 recens
648 1246 664 1266 a
677 1242 757 1274 partu
773 1241 821 1264 aut
840 1237 894 1264 alio
908 1244 973 1264 casu

183 1285 276 1320 aliquo
291 1286 437 1321 abreptum
455 1293 471 1313 a
488 1285 605 1313 nutricis
630 1285 734 1320 gremio
756 1284 885 1311 infantem
900 1288 973 1318 post-

182 1339 265 1366 quam
282 1331 331 1359 diu
345 1331 500 1367 quaesiere,
519 1331 647 1359 dubitant
665 1339 701 1358 an
728 1338 798 1366 puer
819 1330 873 1357 iam
895 1330 973 1357 adul-

183 1375 239 1404 tior
257 1383 309 1411 pro
332 1377 380 1404 tali
393 1381 521 1413 aggestus
537 1376 610 1404 idem
624 1384 689 1404 vere
707 1377 754 1405 sit.
780 1377 859 1406 Tunc
886 1377 971 1410 enim,

183 1421 232 1449 ubi
258 1422 393 1450 maculam
419 1428 467 1451 aut
490 1431 634 1451 verrucam
658 1423 688 1450 in
713 1423 814 1456 filiolo,
841 1431 904 1451 cum
930 1429 972 1452 est

183 1473 276 1500 natus,
289 1468 463 1496 observatam
489 1473 578 1496 mater
599 1472 646 1496 aut
671 1469 804 1496 obstetrix
825 1469 854 1496 in
880 1468 972 1497 oblato

182 1521 293 1548 quoque
307 1521 423 1549 corpore
436 1518 576 1547 notarunt,
587 1515 740 1542 exclamare
754 1520 970 1542 consueverunt:

183 1558 258 1586 Nihil
273 1559 391 1594 amplius
407 1560 606 1595 quaerendum,
623 1560 669 1588 hic
682 1568 807 1595 prorsus,
829 1560 874 1588 hic
896 1561 971 1596 ipsus

181 1610 235 1633 est.
255 1605 329 1632 Idem
346 1613 396 1632 usu
411 1606 504 1634 veniat
526 1614 575 1641 par
590 1611 633 1634 est
655 1606 735 1634 nobis
749 1606 897 1634 Macarium
918 1607 972 1634 Ho-

183 1651 323 1680 miliarum
337 1651 501 1687 scriptorem
514 1652 544 1679 in
557 1655 667 1687 “septem
687 1653 868 1680 asceticorum
888 1653 972 1680 libro-

183 1705 245 1725 rum
268 1702 380 1725 auctore
407 1698 614 1733 quaerentibus.
645 1698 809 1726 Deformitas
838 1698 971 1733 quaedam

182 1743 307 1771 cernitur
319 1743 347 1770 in
359 1743 512 1771 Macariana
525 1744 642 1771 llomilia
651 1744 731 1771 tertia
745 1744 886 1771 doctrinae
898 1752 971 1772 nunc

182 1788 243 1816 falsi
260 1790 411 1822 convictae,
429 1789 495 1817 olim
503 1790 608 1825 magnis
624 1790 752 1818 Patribus
774 1790 848 1818 visae
873 1790 971 1826 proba-

183 1835 258 1868 bilis,
273 1835 309 1863 de
319 1837 504 1871 corporeitate
517 1835 676 1871 angelorum
685 1841 716 1863 et
728 1836 892 1863 animarum.
916 1837 969 1864 Ea-

182 1881 246 1909 dem
260 1889 344 1916 porro
356 1890 418 1910 cum
432 1882 571 1917 Opusculo
589 1881 672 1909 huius
695 1881 830 1908 Thesauri
851 1882 884 1909 Vl
909 1890 969 1917 cap.

183 1927 250 1954 item
264 1927 298 1955 Vl
314 1935 374 1963 pag.
392 1928 441 1954 121
461 1928 577 1963 legatur,
601 1932 630 1955 et
653 1927 765 1962 quidem
791 1927 888 1955 iisdem
914 1927 971 1956 fere

182 1973 286 2006 verbis,
302 1974 398 2009 quidni
412 1982 462 2001 nos
476 1981 586 2009 quoque
602 1973 656 2002 iam
681 1974 801 2001 convicti
816 1974 968 2002 fateamur:

183 2019 281 2048 Manus
298 2021 366 2048 haec
380 2021 492 2047 omnino
512 2027 623 2052 manus,
654 2020 709 2048 imo
731 2025 760 2048 et
781 2029 834 2048 vox
860 2029 970 2056 quoque

183 2064 365 2092 Homiliarum
380 2064 502 2092 auctoris
518 2064 630 2092 Macarii
647 2069 699 2092 est.

218 2110 275 2140 Vll.
287 2111 377 2139 Nolim
387 2115 477 2139 tamen
493 2111 545 2138 hac
561 2111 696 2139 offensum
715 2111 888 2139 confessione
902 2112 972 2140 labis

181 2159 315 2187 lectorem
331 2157 462 2185 continuo
477 2155 483 2192 ξ
497 2157 687 2192 praeiudicare
704 2157 766 2185 luce
783 2158 925 2193 indignum
944 2163 972 2186 et

183 2210 267 2237 opera
275 2201 391 2229 editoris
407 2209 439 2229 ea
448 2201 530 2229 sorde
546 2201 720 2237 inquinatum
732 2204 970 2231 commentarium.

1024 965 1107 1000 pretii
1130 968 1221 992 vocat.
1245 962 1346 998 Utique
1368 962 1415 989 vix
1432 961 1539 996 uspiam
1563 960 1629 987 alibi
1655 964 1814 994 reperturos

1025 1011 1206 1043 enucleatius,
1223 1009 1366 1041 disertius,
1382 1007 1580 1042 intelligentius
1594 1006 1759 1033 declaratum
1768 1012 1813 1031 ra-

1024 1057 1127 1084 tionem
1141 1063 1251 1084 omnem
1263 1063 1296 1083 ac
1308 1054 1469 1082 methodum
1484 1053 1553 1080 artis
1579 1052 1683 1087 alioqui
1713 1058 1812 1078 recon-

1024 1103 1097 1130 ditae
1111 1110 1144 1130 ac
1157 1102 1314 1137 perplexae,
1330 1099 1468 1128 serviendi
1493 1099 1550 1126 Deo
1565 1098 1594 1125 in
1605 1097 1716 1133 spiritu,
1734 1104 1812 1124 men—

1024 1150 1115 1184 tisque
1128 1156 1160 1176 ac
1168 1148 1320 1175 voluntatis
1334 1147 1468 1182 cuiusque
1494 1149 1651 1173 nostrarum
1679 1144 1722 1171 via
1738 1148 1812 1171 recta

1024 1199 1152 1229 certaque
1166 1193 1416 1229 promovendarum
1428 1193 1461 1220 ad
1474 1196 1581 1227 gratum
1595 1190 1688 1218 divino
1701 1189 1811 1217 bumini

1023 1240 1184 1275 obsequium
1210 1239 1416 1275 praestandum,
1440 1246 1547 1273 nosque
1567 1245 1616 1272 per
1639 1235 1812 1263 heroicarum

1022 1287 1150 1315 exercitia
1181 1287 1315 1313 virtutum
1349 1284 1502 1313 elimandos
1533 1283 1567 1311 ad
1598 1282 1811 1318 perfectionem,

1022 1338 1125 1369 quanta
1138 1333 1243 1361 homini
1256 1337 1348 1368 potest
1366 1332 1394 1360 in
1417 1332 1470 1359 hac
1485 1332 1543 1361 vita
1559 1330 1731 1365 contingere,
1757 1329 1813 1355 sic-

1022 1387 1076 1415 que
1097 1378 1283 1414 disponendos
1307 1378 1341 1406 ad
1371 1377 1519 1405 iucundam
1548 1376 1642 1404 statim
1671 1375 1706 1402 ab
1731 1374 1813 1401 obitu

1021 1425 1224 1460 possessionem
1254 1424 1333 1460 regni
1361 1423 1540 1459 diligentibus
1564 1422 1650 1449 Deum
1673 1420 1812 1456 promissi.

1022 1470 1128 1499 iuvabit
1140 1471 1223 1498 etiam
1236 1470 1264 1498 in
1281 1470 1401 1505 puritate
1419 1468 1546 1496 catholici
1563 1467 1698 1503 dogmatis
1719 1471 1748 1494 et
1765 1474 1812 1493 ca-

1022 1517 1126 1553 pitibus
1139 1516 1296 1552 praecipuis
1310 1515 1528 1544 orthodoxarum
1542 1515 1702 1546 veritatem,
1730 1512 1814 1540 hodie

984 1575 1008 1606 α
1022 1571 1084 1591 cum
1096 1563 1213 1590 maxime
1227 1563 1360 1591 adversus
1372 1562 1502 1589 haereses
1513 1560 1701 1596 propugnatis,
1715 1559 1813 1586 miram

999 1595 1008 1607 ί
1022 1609 1161 1637 Ecclesiae
1171 1616 1241 1644 quae
1254 1616 1330 1636 nunc
1347 1608 1426 1640 vivit,
1443 1615 1505 1634 cum
1517 1615 1550 1634 ea
1570 1614 1641 1641 quae
1654 1605 1814 1641 Magnorum

1022 1653 1135 1682 Antonii
1145 1658 1173 1681 et
1187 1653 1329 1681 Athanasii
1340 1661 1408 1681 aevo
1429 1651 1533 1684 ﬂoruit,
1561 1651 1770 1678 consensionem
1784 1650 1813 1676 in

1024 1699 1069 1727 his
1083 1699 1163 1727 libris
1178 1707 1337 1735 agnoscere.
1351 1698 1484 1726 Absoluta
1499 1698 1527 1724 in
1541 1697 1671 1725 omnibus
1691 1695 1813 1723 necvssi-

1022 1749 1064 1773 tas
1084 1745 1186 1781 gratiae
1203 1744 1419 1780 supernaturalis
1446 1743 1480 1770 ad
1500 1743 1569 1770 bene
1590 1742 1758 1778 operandum
1784 1741 1813 1768 in

1022 1791 1119 1818 ordine
1139 1791 1174 1818 ad
1194 1791 1310 1818 salutem
1337 1794 1489 1822 aeternam,
1509 1797 1572 1816 cum
1590 1789 1694 1823 ubique
1712 1787 1813 1822 passim

1022 1837 1191 1869 insinuatur,
1219 1841 1276 1864 tum
1307 1836 1487 1863 disertissime
1515 1835 1650 1863 asseritur
1671 1841 1731 1868 cap.
1765 1831 1813 1859 XV

1019 1882 1122 1917 Opusc.
1135 1882 1242 1917 Vl'pag.
1255 1881 1317 1914 154,
1331 1881 1378 1908 ubi
1391 1889 1447 1909 non
1462 1881 1550 1915 magis
1565 1886 1646 1914 posse
1670 1878 1741 1905 bene
1764 1884 1812 1904 co-

1021 1927 1102 1963 gitari
1118 1931 1165 1954 aut
1184 1927 1225 1962 agi
1241 1927 1300 1954 sine
1314 1926 1427 1960 speciali
1445 1929 1561 1953 naturae
1582 1922 1711 1950 meritum
1729 1928 1812 1948 exce-

1021 1972 1104 2000 dente
1117 1973 1165 2000 Dei
1173 1972 1311 2000 adiutorio
1325 1972 1438 2004 dicitur,
1450 1978 1532 2006 quam
1540 1968 1628 1997 videri
1643 1968 1702 1995 sine
1719 1966 1812 1998 oculo,

1022 2018 1076 2046 dici
1097 2018 1157 2046 sine
1183 2019 1286 2054 lingua,
1317 2018 1377 2046 sine
1402 2017 1520 2052 pedibus
1547 2013 1694 2042 ambulari.
1716 2012 1814 2047 Capite

1021 2071 1088 2091 vero
1097 2064 1159 2091 XIX
1172 2063 1273 2099 Opusc.
1289 2063 1335 2091 Vll
1360 2071 1422 2098 pag.
1441 2062 1492 2089 165
1520 2059 1706 2096 pulcherrime
1738 2058 1813 2085 idem

1022 2109 1175 2143 adstruitur
1201 2109 1361 2137 inductione
1384 2107 1506 2144 generali
1531 2110 1685 2134 creatarum
1708 2111 1812 2136 rerum,

1022 2155 1162 2183 naturales
1181 2156 1263 2182 etiam
1290 2162 1353 2182 suas
1377 2154 1554 2189 operationes
1567 2151 1681 2186 exsequi
1696 2158 1751 2177 non
1763 2157 1812 2176 va-

1022 2202 1147 2234 lentium,
1161 2202 1214 2229 nisi
1223 2201 1257 2229 iis
1268 2201 1413 2229 subveniat
1421 2200 1526 2227 alienae
1536 2202 1651 2226 naturae
1664 2196 1809 2224 auxilium.

182 2248 271 2275 Nimis
286 2247 387 2275 multos
399 2251 453 2274 tam
468 2255 599 2282 praeceps
618 2248 754 2275 sententia
775 2249 968 2283 proscriberet.
984 2251 1009 2281 ι)
1020 2249 1095 2276 Idem
1121 2252 1200 2275 antea
1213 2247 1435 2275 demonstratum
1452 2246 1545 2273 fuerat
1560 2252 1621 2279 cap.
1650 2243 1684 2270 IV
1709 2242 1811 2277 Opusc.

183 2295 251 2322 Nam
271 2302 287 2322 e
309 2294 414 2330 graecis
435 2293 464 2320 S.
487 2293 642 2320 Methodius
659 2297 774 2328 martyr,
799 2293 827 2320 S.
855 2293 970 2322 Basilius

184 2339 309 2375 Magnus,
338 2338 379 2366 uti
404 2342 433 2366 et
459 2338 543 2366 huius
566 2338 688 2373 aequalis
712 2341 741 2366 et
772 2339 914 2367 familiaris
940 2340 968 2368 S.

183 2385 305 2420 Ephrem
324 2385 419 2421 Syrus,
435 2384 599 2412 Severianus
611 2385 783 2417 Gabalensis,
800 2385 828 2413 S.
853 2385 971 2421 Cyrillus

183 2430 396 2463 Alexandrinus,
408 2430 563 2463 Caesarius,
583 2431 744 2459 Anastasius
756 2431 860 2459 Sinaita
872 2436 900 2459 et
913 2432 969 2464 alii,

183 2485 200 2505 e
214 2478 307 2505 latinis
319 2484 385 2505 vero
397 2477 594 2509 Tertullianus,
610 2476 638 2504 S.
658 2477 838 2513 Augustinus,
856 2478 885 2506 S.
905 2478 970 2506 Ful-

183 2523 304 2559 gentius,
322 2523 350 2551 S.
365 2523 463 2551 Petrus
481 2522 676 2558 Chrysologus,
691 2523 840 2555 Arnobius,
866 2523 971 2551 Cassia-

183 2577 247 2601 nus,
273 2569 405 2596 Maximus
419 2568 607 2600 Taurinensis,
628 2568 802 2602 Gennadius,
820 2569 969 2604 Rupertus,

183 2615 213 2642 S.
230 2615 395 2647 Bcrnardus,
410 2615 484 2642 hunc
499 2622 624 2642 errorem
638 2614 775 2650 hodieque
788 2615 846 2643 suis
858 2620 970 2643 exstan-

184 2662 261 2688 tibus
279 2661 468 2696 consignatum
484 2660 563 2688 libris
582 2660 751 2695 praeferunt,
763 2665 846 2696 prout
869 2662 970 2697 allega-

184 2707 260 2734 tione
271 2707 394 2734 locorum
407 2706 577 2734 demonstrat
590 2706 736 2741 Dionysius
749 2707 877 2735 Petavius
891 2707 969 2735 Tom.

184 2751 221 2778 Ill
240 2750 468 2786 Theologicorum
482 2751 640 2786 dogmatum
654 2750 703 2778 lib.
718 2750 729 2778 Ι
744 2750 778 2778 de
794 2752 898 2786 angelis
908 2760 969 2787 cap.

185 2796 219 2823 11.
246 2796 315 2829 Quid
335 2797 420 2831 quod,
437 2805 499 2825 cum
513 2804 547 2824 ex
568 2796 651 2824 modo
676 2796 825 2824 nominatis
846 2797 969 2832 quidam,

186 2842 227 2868 uti
253 2842 438 2870 Tertullianus
459 2847 487 2870 et
501 2843 657 2875 Cassianus,
673 2843 724 2870 alia
744 2843 898 2878 perniciosa
920 2851 970 2871 suo

185 2888 402 2918 superseminata
441 2888 532 2916 tritico
562 2888 664 2916 zizania
704 2888 842 2921 habeant,
873 2897 970 2921 nempe

1023 2295 1055 2323 Vl
1070 2303 1131 2330 pag.
1150 2294 1211 2326 118,
1226 2302 1260 2321 eo
1285 2297 1380 2329 argute
1392 2292 1529 2328 applicata
1544 2289 1708 2324 Evangelica
1733 2294 1814 2322 para-

1023 2341 1086 2368 hola
1097 2341 1192 2368 decem
1209 2339 1357 2374 virginum,
1373 2345 1491 2373 quarum
1505 2343 1577 2371 quae
1587 2334 1738 2370 prudentes
1752 2339 1813 2359 me-

1024 2387 1078 2414 rito
1090 2387 1221 2414 dicuntur
1240 2385 1363 2420 quinque
1382 2393 1389 2411 :
1410 2383 1594 2418 Peregrinum,
1613 2380 1653 2406 ait
1674 2382 1779 2408 auctor,
1795 2386 1812 2404 ιι

1023 2441 1073 2460 sua
1085 2432 1207 2467 ipsarum
1220 2435 1319 2458 natura
1332 2429 1429 2462 oleum,
1445 2427 1514 2462 quod
1524 2431 1561 2453 est
1577 2424 1685 2460 spiritus
1697 2423 1811 2458 gratiae,

1023 2479 1051 2506 in
1060 2478 1130 2505 naris
1142 2476 1226 2503 cordis
1239 2477 1529 2512 praesumpserant"...
1549 2470 1663 2506 quinque
1687 2476 1747 2495 vero
1768 2468 1811 2502 [a-

1024 2528 1085 2550 tuae
1110 2530 1141 2550 ea
1162 2522 1210 2549 sibi
1218 2521 1338 2556 sufﬁcere
1359 2520 1491 2550 ducentes,
1508 2523 1575 2552 quae
1589 2517 1688 2541 natura
1713 2513 1775 2548 ipsis
1792 2511 1799 2548 ι

1022 2568 1207 2605 suppeditabat
1231 2576 1296 2599 sua,
1331 2565 1434 2593 excludi
1457 2573 1475 2591 α
1502 2561 1620 2589 thalamo
1649 2562 1811 2591 meruerunt,

1023 2616 1051 2642 in
1067 2623 1143 2650 quem
1154 2614 1253 2649 priores
1272 2616 1333 2639 sunt
1349 2611 1490 2638 admissae.

1058 2649 1127 2688 Vill.
1143 2659 1191 2687 His
1204 2658 1305 2693 opponi
1322 2656 1393 2684 forte
1418 2657 1510 2690 posset
1525 2653 1604 2680 locus
1617 2659 1652 2679 ex
1665 2651 1719 2678 fine
1735 2649 1811 2684 capi-

1024 2707 1059 2734 tis
1071 2705 1158 2734 XXIX
1179 2704 1280 2739 Opusc.
1298 2702 1357 2730 Vill
1372 2709 1433 2736 pag.
1457 2699 1520 2731 221,
1542 2698 1589 2725 ubi
1604 2697 1739 2725 Macarius
1762 2696 1811 2728 ait.

1024 2760 1133 2780 renuere
1145 2752 1276 2778 hominem
1289 2754 1313 2776 et
1343 2756 1396 2775 non
1411 2745 1586 2774 condelectari
1611 2743 1813 2779 cogitationibus

1024 2799 1112 2834 pravis
1127 2798 1183 2824 sine
1198 2796 1252 2823 Deo
1266 2795 1409 2822 adiuvante
1425 2800 1480 2819 esse
1489 2789 1620 2826 possibile.
1631 2789 1670 2817 Ac
1686 2788 1754 2816 nihil
1769 2788 1816 2816 hic

1024 2833 1164 2871 doctrinae
1177 2840 1346 2868 orthodoxae
1364 2838 1399 2866 de
1411 2836 1574 2865 necessitate
1603 2833 1698 2862 auxilii
1710 2833 1812 2869 gratiae

1025 2889 1140 2918 actu-alis
1157 2888 1191 2916 ad
1206 2894 1316 2915 omnem
1331 2888 1422 2913 actum
1445 2883 1547 2912 bonum
1572 2881 1722 2917 positivum
1744 2887 1812 2907 con-
