2048 3153
242 191 295 219 539

245 247 321 275 trarii
338 250 389 275 est.
403 246 467 282 Agit
479 244 664 272 cnim-auctor
679 242 713 270 de
732 241 859 269 dissensu
875 245 950 266 mere
975 242 1025 263 ne-

243 293 345 328 gativo,
372 292 424 319 hoc
436 296 479 318 est
503 289 682 324 suspensione
700 293 838 317 assensus,
863 290 944 319 quae,
965 288 1028 309 cum

245 345 320 364 mera
336 336 444 371 negatio
460 339 488 362 et
501 341 599 370 purum
616 333 685 361 nihil
711 331 757 363 sit,
773 329 876 358 auxilio
892 336 948 356 non
967 329 1030 362 eget

244 383 297 409 nisi
327 381 431 417 pariter
453 379 589 415 negativo.
605 379 699 406 Talem
714 385 774 405 esse
785 374 895 403 Macarii
910 377 1029 401 mentem

245 435 330 462 prope
354 426 496 453 manifeste
514 429 588 460 patet
617 432 650 451 ex
678 423 722 450 his
743 422 804 449 eius
823 420 913 448 verbis
932 419 1031 446 imme—

245 471 319 498 diate
332 471 560 506 praecedentibus
581 479 587 496 :
601 471 656 496 sine
668 468 723 495 Deo
739 467 880 494 adiuvante
895 469 918 492 et
941 472 988 500 per
1004 471 1031 490 re

245 518 332 552 ipsum
346 516 456 543 liberare
469 525 496 542 se
508 523 675 551 quemquam,
693 513 778 547 quoad
802 512 882 543 lucta,
904 518 972 546 quae
983 510 1032 544 ipsi

245 567 286 590 est
303 571 361 590 cum
376 562 583 598 cogitationibus,
605 560 739 596 expeditus
757 559 845 594 fuerit,
859 562 897 584 est
909 556 1031 591 impossi-

245 609 307 636 bile.
324 608 464 643 Siquidem
481 607 592 634 liberare
605 615 642 639 se,
657 611 682 633 et
694 606 765 632 lucta
779 604 966 640 cogitationum
984 609 1030 628 ea:-

248 655 337 690 pedire
359 662 396 686 se,
422 658 499 681 actus
523 652 641 680 hominis
666 651 796 686 positivos
832 648 971 680 indicant,
998 647 1033 674 ad

246 698 342 733 quales
366 705 462 725 omnes
485 704 598 732 prorsus
625 693 876 730 indispensahiliter
907 700 1033 720 necessa-

249 744 321 771 rium
354 743 401 770 Dei
426 751 476 778 per
509 742 623 778 gratiam
651 740 757 768 actuale
788 739 953 767 adiutorium
974 745 1035 765 esse

248 793 348 817 auctor
371 788 550 824 pronunciat;
565 787 599 815 de
620 786 798 822 suSpensione
824 792 889 812 vero
906 791 1035 811 assensus

248 842 336 866 mera,
365 841 436 868 quae
462 841 527 860 vere
552 831 669 859 nihilum
699 831 751 863 sit,
776 829 902 858 concedit
935 829 1035 856 actuali

248 887 311 908 eam
333 879 434 906 auxilio
459 887 514 906 non
548 885 638 914 egere.
653 877 726 909 Scio,
748 885 762 904 a
775 876 939 912 quibusdam
953 875 1035 902 hodie

250 925 420 953 scholasticis
446 924 551 960 negari,
575 932 635 952 esse
666 923 811 959 possibiles
829 930 914 957 puras
941 921 1036 948 istius-

250 970 325 997 modi
346 970 516 998 omissiones.
542 969 584 997 Ab
597 970 658 997 aliis
683 974 774 996 tamen
798 975 847 996 eae
872 973 928 995 non
943 966 1037 1002 paucis

252 1023 304 1043 nec
315 1024 412 1051 parum
439 1015 592 1043 illustribus
612 1015 805 1043 admittuntur.
824 1013 947 1046 Quorum
972 1019 1037 1039 sen-

251 1061 354 1088 tentiae
369 1060 502 1088 Macarius
516 1061 568 1087 hoc
583 1061 643 1087 loco
662 1059 847 1094 sutiragatur;
863 1065 944 1093 agere
964 1057 1038 1084 enim

251 1113 282 1134 se
306 1106 340 1133 de
365 1114 451 1138 mera,
468 1111 499 1134 ut
514 1106 580 1138 dixi,
603 1106 754 1133 cessatione
783 1103 932 1132 voluntatis
946 1103 1038 1138 pravis

251 1150 464 1186 cogitationibus
480 1156 599 1179 tentatae
616 1159 649 1179 eo
664 1150 808 1186 signiﬁcat,
818 1149 891 1184 quod
906 1157 968 1176 cum
977 1155 1038 1176 sus-

253 1197 413 1232 pensionem
426 1205 554 1225 assensus
574 1198 753 1232 expressisset
769 1196 855 1223 verbo
871 1203 980 1222 renuere
993 1198 1040 1222 aut

252 1241 444 1274 contradicere,
461 1241 489 1268 in
505 1249 560 1276 quo
574 1246 635 1269 erat
645 1240 784 1276 emphasis
795 1240 929 1275 quaedam
943 1239 1040 1274 positi-

253 1284 280 1312 vi
306 1290 397 1318 actus,
424 1286 503 1321 quasi
528 1286 669 1322 corrigens
698 1291 747 1314 aut
777 1285 918 1320 explicans
947 1284 1039 1312 statim

253 1330 378 1366 adiungit
390 1340 397 1358 :
411 1335 436 1358 et
450 1339 502 1358 non
512 1332 699 1364 condelectari,
715 1331 762 1359 ubi
779 1335 813 1364 et,
830 1335 862 1358 ut
873 1337 953 1365 saepe
961 1330 1038 1360 alias,

253 1377 438 1411 expositivum
449 1382 501 1409 est,
516 1377 594 1413 quasi
611 1378 750 1405 diceretur
769 1378 852 1404 idest.
869 1376 916 1403 llis
941 1375 1040 1403 adiun-

255 1427 310 1458 gat,
325 1423 347 1450 si
364 1423 426 1458 quis
444 1424 528 1456 volet,
543 1424 688 1459 plerosque
709 1424 851 1458 theologos
870 1422 980 1454 docere,
1005 1421 1040 1449 ad

256 1472 334 1496 actus
356 1469 468 1503 quidem
486 1477 582 1497 omnes
604 1477 669 1497 vere
689 1469 824 1496 salutares
835 1472 863 1495 et
884 1467 1041 1494 meritorios

256 1513 329 1540 vitae
346 1518 475 1542 aeternae
495 1514 600 1549 requiri
615 1514 750 1541 actualem
775 1513 890 1549 gratiam
908 1520 1041 1547 superna-

258 1558 373 1585 turalem
385 1559 412 1586 in
433 1560 591 1592 substantia,
610 1560 677 1591 sive,
691 1564 722 1587 ut
741 1560 910 1594 loquuntur,
926 1560 953 1586 in
973 1559 1042 1586 enti—

787 180 888 210 PETBI
907 175 1035 207 POSSINI
1054 170 1308 202 PROLEGOMENA
1329 191 1331 194 Α
1353 173 1356 176 ‘

1041 239 1063 266 Α
1076 239 1152 259 omne
1176 230 1306 261 liberum,
1343 234 1360 254 a
1392 223 1515 261 pericqu
1551 220 1693 266 videlicet
1713 216 1857 266 peccandi.

1807 156 1860 186 ’540

1079 276 1162 311 Atqui
1190 275 1316 310 Magnum
1341 271 1490 300 Antonium
1519 268 1626 295 viderat
1650 265 1698 301 qui
1722 265 1775 292 hoc
1793 262 1862 290 scri-

1079 321 1130 353 bit,
1149 320 1245 348 intimo
1256 319 1282 346 ei
1299 317 1424 345 convictu
1441 315 1489 342 diu
1504 311 1658 341 familiaris.

1114 365 1276 394 Contrarius
1286 367 1329 391 est
1344 362 1474 397 scopulus
1487 367 1581 388 sanam
1596 357 1698 394 gratiae
1710 354 1862 383 doctrinam

1082 412 1258 440 tradentibus
1269 409 1407 441 vitandus,
1421 406 1564 442 oppressio
1577 403 1690 432 humani
1710 401 1815 429 arbitrii
1833 407 1865 426 ac

1079 457 1215 486 vertibilis
1240 456 1269 483 in
1287 454 1424 483 contraria
1452 457 1481 481 et
1506 449 1720 479 contradictoria
1733 446 1865 474 inﬁciatio

1080 503 1227 532 libertatis.
1242 501 1322 528 Hunc
1333 506 1442 534 semper
1455 495 1656 525 studiosissime
1669 492 1788 521 declinat
1807 491 1865 518 Ma-

1081 548 1173 576 carius
1187 547 1232 575 hic
1245 551 1349 578 noster,
1368 544 1440 572 velis
1449 549 1598 577 numquam
1611 547 1667 567 non
1678 538 1818 572 remisque
1836 536 1866 563 in

1082 593 1235 629 oppositam
1259 591 1422 619 incumbens
1451 587 1650 624 professionem
1681 583 1868 612 vertibilitatis

1082 628 1274 667 indifferenter
1304 637 1408 664 liberae
1423 635 1466 663 sui
1483 633 1618 668 compotis
1636 630 1803 661 voluntatis,
1829 628 1866 656 ita

1082 693 1191 720 semper
1214 689 1262 712 aut
1288 683 1391 719 gratiae
1410 680 1549 717 praesenti
1582 679 1616 707 ad
1635 679 1705 706 bene
1720 676 1866 712 agendum,

1084 734 1132 757 aut
1155 727 1299 757 tentationi
1331 735 1380 755 seu
1409 723 1647 761 concupiscentiae
1670 721 1810 757 instiganti
1834 720 1868 747 ad

1084 776 1155 803 male
1171 773 1339 810 operandum
1356 771 1564 803 consentientis,
1589 774 1619 798 ut
1634 769 1721 805 possit
1735 775 1785 803 pro
1796 766 1871 794 arbi-

1085 822 1139 850 trio
1163 821 1290 848 resistere
1312 819 1363 847 :in
1380 826 1436 853 quo
1456 817 1559 845 fontem
1583 815 1704 843 residere
1728 813 1820 841 meriti
1843 816 1871 839 et

1085 867 1215 902 vituperii
1241 873 1393 901 verumque
1420 864 1561 892 cardinem
1598 860 1700 896 negotii
1734 860 1870 887 humanae

1052 918 1073 946 B
1087 911 1288 939 iustificationis
1303 915 1351 938 aut
1366 907 1580 944 depravatiouis,
1601 910 1737 941 quatenus
1754 904 1806 931 hae
1818 903 1871 930 im-

1087 957 1224 994 putabiles
1240 955 1345 983 homini
1358 958 1422 982 sunt
1435 954 1479 982 vel
1491 953 1526 981 ad
1542 951 1658 988 praemii
1677 950 1815 982 meritum,
1829 948 1872 976 vel

1086 1003 1121 1030 ad
1136 1010 1239 1038 poenae
1248 1001 1417 1029 iustissimae
1431 1004 1548 1031 reatum,
1561 997 1703 1026 verissime
1716 997 1762 1023 hic
1776 1000 1873 1023 auctor

1088 1054 1190 1078 censet.
1215 1048 1288 1076 Ilaec
1305 1055 1368 1075 cum
1382 1047 1488 1082 paginis
1510 1046 1568 1073 fere
1594 1043 1721 1072 omnibus
1739 1046 1873 1078 perpetuo

1089 1100 1136 1124 aut
1148 1095 1267 1122 inculcat
1281 1099 1329 1123 aut
1352 1094 1444 1121 innuit
1458 1098 1516 1120 tum
1535 1090 1697 1127 praesertim
1724 1088 1824 1123 Opusc.
1849 1087 1874 1114 II

1088 1148 1148 1176 cap.
1162 1140 1210 1168 XII
1232 1145 1261 1167 et
1282 1139 1382 1175 Opusc.
1412 1138 1470 1166 VlIl
1492 1145 1551 1172 cap.
1576 1135 1611 1163 III
1628 1143 1706 1170 pagg.
1723 1133 1757 1160 57
1773 1137 1802 1160 et
1823 1131 1875 1159 I85

1088 1194 1121 1214 ex
1137 1185 1259 1221 professo
1270 1190 1324 1213 tam
1344 1184 1497 1212 luculenter
1509 1182 1649 1214 enunciat,
1667 1185 1697 1208 ut
1711 1179 1756 1214 qui
1771 1178 1811 1205 sic
1831 1177 1875 1205 Io-

1089 1235 1183 1269 quitur
1196 1233 1305 1261 sacculo
1315 1230 1453 1259 Ecclesiae
1470 1229 1571 1256 ﬂuente
1584 1232 1692 1263 quarto,
1710 1225 1799 1254 videri
1811 1232 1875 1260 pos—

1090 1279 1127 1306 sit
1138 1277 1318 1306 orthodoxam
1338 1275 1372 1303 de
1403 1275 1492 1302 libero
1517 1272 1633 1300 arbitrio
1658 1271 1747 1306 deque
1772 1269 1875 1305 gratiae

1090 1331 1153 1351 cum
1167 1323 1226 1358 ipso
1239 1330 1271 1349 ac
1280 1319 1519 1356 concupiscentiae
1531 1322 1695 1353 cooperante
1721 1316 1875 1344 doctrinam

1090 1378 1146 1398 non
1157 1369 1280 1404 potuisse
1299 1367 1440 1399 disertius,
1463 1365 1578 1394 uberius
1592 1362 1875 1398 circumspectiusque

1090 1423 1255 1452 proponere,
1278 1415 1301 1442 si
1328 1414 1439 1441 decreta
1467 1416 1496 1440 et
1529 1406 1648 1439 canones
1661 1417 1753 1437 sacrae
1778 1407 1876 1444 synodi

1092 1462 1268 1490 Tridentinae
1281 1459 1416 1488 Sessio'nis
1431 1459 1465 1486 VI
1480 1458 1542 1494 plus
1554 1457 1627 1484 mille
1647 1455 1726 1484 annis
1739 1454 1877 1490 posterius

1091 1509 1246 1537 celebratae
1258 1507 1312 1534 iam
1326 1510 1384 1534 tum
1395 1505 1523 1540 legisset;
1539 1503 1608 1531 adeo
1626 1502 1680 1529 illis
1692 1504 1876 1528 consentanea

1092 1554 1254 1582 catholicam
1268 1552 1302 1580 de
1316 1551 1458 1579 hominum
1467 1549 1662 1586 justiﬁeatione
1675 1547 1757 1574 ﬁdem
1771 1545 1878 1573 edisse-

258 1606 313 1629 tate
327 1611 337 1635 ;
355 1603 389 1630 ad
408 1612 463 1631 non
485 1601 717 1632 succumbendum
730 1609 821 1631 autem
836 1604 978 1631 tentationi
995 1611 1044 1638 per
1056 1600 1078 1630 C
1094 1601 1141 1628 rit.

258 1649 409 1685 simplicem
424 1657 552 1679 renutum
568 1660 643 1680 mere
654 1653 787 1680 naturalis
801 1652 906 1679 ordinis
918 1651 1043 1679 sullicere

259 1696 394 1723 actualem
421 1697 535 1732 gratiam
559 1698 796 1732 supernaturalem
824 1702 929 1724 tantum
957 1697 1043 1732 quoad

259 1742 383 1775 modum,
407 1751 463 1770 non
478 1750 545 1770 vero
567 1744 594 1770 iu
615 1743 771 1770 substantia.
804 1742 881 1776 Quod
894 1743 916 1770 si
933 1746 1045 1777 putetur

260 1786 306 1814 hic
330 1787 462 1815 Macarius
497 1788 619 1815 indicare
638 1788 768 1820 voluisse,
790 1788 873 1824 etiam
889 1788 929 1815 sic
946 1794 1045 1822 expers

259 1833 366 1860 erroris
379 1834 442 1861 erit.
459 1833 579 1869 Apparet
591 1838 750 1869 praeterea,
767 1837 870 1868 septem
887 1833 938 1861 hos
960 1833 1045 1861 libros

261 1879 378 1913 scriptos
394 1884 457 1907 ante
480 1884 571 1907 natam
593 1879 702 1915 Evagrii
725 1879 831 1907 Pontici
856 1879 1045 1915 Origenistae,

260 1930 289 1954 et
301 1924 403 1952 alumni
416 1925 508 1957 huius,
534 1925 652 1960 Pelagii,
670 1925 821 1952 doctrinam
833 1945 840 1957 ,
857 1933 927 1960 quae
946 1925 1047 1960 impec-

261 1972 428 2000 cabilitatcm
455 1975 483 1998 et
505 1970 602 1997 salutis
626 1969 800 1997 securitatem
821 1977 883 1997 cum
906 1969 984 2004 plena
1001 1977 1048 1996 ex-

261 2018 407 2045 stinctione
422 2017 580 2051 passionum
596 2016 755 2043 hominibus
771 2017 800 2043 in
813 2016 865 2043 hac
880 2015 936 2043 vita
957 2014 1046 2049 possi-

262 2062 344 2088 bilem
357 2061 443 2088 ﬁnxit.
456 2060 557 2088 Contra
577 2060 649 2087 enim
662 2060 761 2087 horum
781 2064 877 2087 auctor
892 2059 1045 2086 absolutam

263 2105 438 2132 securitatem
465 2104 562 2131 salutis
580 2104 608 2130 in
621 2104 673 2131 hac
686 2104 741 2131 vita
760 2108 872 2138 propter
890 2103 1045 2130 vertibilem

263 2151 292 2178 in
304 2150 404 2177 malum
416 2149 498 2177 etiam
511 2153 572 2184 post
590 2154 710 2176 eestases
727 2153 755 2176 et
768 2149 827 2175 visa
842 2148 934 2175 divina
950 2148 1047 2175 volun-

264 2200 347 2223 tatem
362 2203 398 2222 ne
419 2194 515 2229 primis
533 2194 644 2228 quidem
670 2193 810 2229 Apostolis
826 2198 887 2228 post
904 2197 1045 2228 acceptum

263 2240 309 2268 die
331 2240 505 2267 Pentecostes
531 2238 667 2274 Spiritum
690 2242 816 2265 sanctum
838 2237 965 2265 concedit
985 2245 1044 2272 cap.

1130 1646 1175 1674 IX.
1191 1645 1341 1673 Dicendum
1349 1643 1395 1671 hic
1405 1641 1507 1677 aliquid
1518 1645 1645 1676 superest
1655 1639 1689 1668 de
1698 1642 1880 1674 cognomento

1094 1692 1195 1728 Magni,
1208 1689 1430 1719 Macariinomini
1439 1688 1578 1716 adiuncto.
1591 1687 1757 1721 Expressum
1769 1684 1796 1712 id
1805 1684 1879 1711 clare

1095 1737 1216 1773 praefert
1238 1735 1445 1771 antiquissimus
1458 1740 1539 1768 quem
1566 1731 1699 1767 exscripsi
1723 1730 1809 1758 codex
1823 1737 1879 1756 non

1095 1784 1182 1812 solum
1201 1783 1229 1810 in
1245 1781 1461 1810 Macarianorum
1489 1778 1690 1813 Opusculorum
1713 1776 1805 1808 titulo,
1831 1773 1880 1802 sed

1094 1834 1239 1865 praeterea
1260 1829 1288 1855 in
1302 1826 1441 1863 Opusculo
1466 1825 1501 1852 IX
1519 1825 1591 1860 quod
1624 1823 1785 1851 inscribitur
1807 1821 1879 1856 Apo-

1096 1875 1268 1911 phthegmata
1285 1873 1409 1904 Patrum,
1423 1877 1454 1900 ut
1473 1871 1568 1898 videre
1583 1874 1626 1898 est
1643 1877 1704 1904 pag.
1723 1868 1787 1899 245,
1813 1867 1880 1901 quin

1095 1925 1123 1949 et
1134 1921 1162 1948 in
1173 1920 1275 1955 Opusc.
1289 1919 1361 1947 XVII
1374 1918 1533 1954 Nicephori,
1549 1918 1721 1951 argumento,
1736 1914 1763 1940 ni
1788 1912 1879 1943 fallor,

1096 1966 1161 1993 satis
1173 1970 1258 1997 certo,
1280 1969 1420 1998 receptum
1437 1964 1503 1991 olim
1524 1963 1578 1989 hoc
1605 1961 1690 1988 fuisse
1701 1964 1729 1987 et
1752 1967 1803 1986 usu
1819 1958 1881 1985 vul-

1095 2011 1152 2047 gari
1180 2011 1285 2038 tritum.
1300 2009 1384 2037 Cuius
1396 2009 1494 2044 triplex
1505 2007 1654 2042 excogitari
1683 2005 1754 2033 ratio
1779 2007 1879 2040 potest.

1130 2057 1233 2089 Prima,
1248 2056 1343 2091 ingens
1356 2055 1406 2082 viri
1424 2055 1553 2082 meritum
1565 2061 1573 2087 ;
1585 2052 1736 2084 doctrinae,
1757 2052 1881 2085 inquam,

1095 2104 1156 2132 eius
1180 2108 1208 2131 et
1230 2102 1428 2130 sanctimoniae
1451 2099 1635 2137 praestantia,
1655 2106 1723 2134 quas
1743 2097 1882 2132 quotidia-

1095 2157 1132 2176 no
1158 2148 1270 2184 proprie
1288 2148 1404 2183 quisque
1426 2147 1507 2182 longo
1534 2154 1587 2174 usu
1611 2144 1798 2180 experientiae
1819 2149 1883 2170 cum

1097 2194 1294 2229 perspicerent,
1302 2197 1331 2221 et
1343 2192 1482 2228 praesenti
1495 2191 1586 2219 fructu
1597 2190 1733 2218 sentirent
1745 2193 1785 2216 tot
1795 2188 1883 2215 millia

1096 2239 1303 2272 monachorum,
1312 2246 1380 2274 quos
1386 2243 1448 2266 ante
1459 2243 1488 2266 et
1496 2237 1678 2273 postfmortem
1687 2234 1798 2263 Antonii
1805 2234 1884 2262 annis

264 2285 322 2314 XVI
345 2285 444 2320 Opusc.
462 2285 495 2312 VI
509 2293 570 2320 pag.
587 2284 648 2316 I35,
667 2288 698 2311 ut
714 2284 810 2311 timere
838 2283 966 2311 videlicet
983 2290 1046 2310 cum
1062 2285 1083 2313 D
1097 2283 1224 2319 plurimis
1247 2283 1317 2311 laete
1341 2282 1426 2310 divini
1454 2282 1531 2309 verbi
1557 2281 1626 2308 aluit
1652 2284 1681 2308 et
1696 2279 1884 2307 elﬁcacissima

263 2332 348 2360 Paulo
364 2331 513 2366 potuerint,
534 2338 566 2357 ne
587 2338 646 2357 cum
671 2329 729 2356 aliis
748 2329 978 2365 praedicavirsent,
995 2329 1045 2364 ipsi

263 2377 367 2412 reprobi
379 2377 556 2412 eﬂ‘icerentur.
568 2376 645 2404 Unde
662 2376 751 2411 capite
770 2375 834 2402 libri
849 2374 973 2402 eiusdem
997 2373 1047 2401 XX

263 2431 325 2459 pag.
343 2423 394 2450 159
411 2423 565 2458 exemplum
584 2422 666 2449 al‘fert
677 2421 804 2449 monachi
821 2426 885 2456 post
902 2421 991 2448 visum
1019 2420 1047 2448 in

265 2476 345 2506 raptu
361 2470 517 2505 paradisum
530 2470 608 2497 foede
625 2469 703 2504 lapsi.
724 2469 815 2503 Quare
833 2469 969 2504 capitibus
989 2468 1048 2497 VIII

264 2522 294 2546 et
314 2517 349 2545 IX
378 2517 477 2552 Opusc.
506 2516 552 2545 VII
578 2524 639 2552 pag.
663 2516 714 2544 I52
741 2520 769 2543 et
785 2516 836 2544 155
853 2515 1048 2551 perfectionem

263 2564 392 2592 omnibus
412 2563 566 2590 absolutam
584 2562 707 2590 numeris
722 2567 751 2589 et
763 2562 871 2597 plenam
894 2562 1049 2596 impecean—

267 2609 331 2637 tiam
360 2609 464 2636 homini
486 2608 588 2635 viventi
604 2608 764 2643 contingere
790 2607 830 2635 ait
853 2615 934 2642 posse
960 2606 1048 2634 solum

265 2658 484 2682 momentaneam
509 2654 539 2681 in
569 2657 670 2688 puncto
694 2658 789 2689 raptus
803 2658 832 2681 et
850 2652 959 2684 ecstasi,
987 2656 1049 2686 post

265 2709 336 2736 quae
347 2701 447 2728 iterum
465 2700 630 2735 peccabilem
643 2700 683 2727 sic
699 2707 809 2734 passum
831 2698 923 2726 divina
946 2698 1047 2725 nihilo-

267 2747 358 2775 minus
377 2755 438 2775 esse
467 2746 640 2782 pronunciat.
669 2745 764 2780 Capite
795 2749 886 2772 autem
918 2743 1048 2778 Opusculi

265 2794 390 2821 eiusdem
405 2793 452 2821 VII
476 2792 638 2820 duodecimo
659 2800 719 2826 pag.
738 2791 787 2818 I57
802 2791 869 2818 haec
884 2798 919 2816 no
935 2789 939 2824 Ι
956 2789 1049 2816 tabilia

268 2839 346 2873 ponit
364 2839 447 2866 verba
469 2848 475 2865 :
493 2838 617 2865 Nondum
631 2841 719 2864 autem
738 2843 895 2872 quemquam
910 2835 962 2861 vidi
974 2834 1049 2862 Chri-

267 2883 384 2911 stianum
406 2884 556 2919 perfectum,
585 2887 631 2909 aut
659 2883 730 2910 omni
754 2890 785 2909 ea:
817 2885 892 2915 parte
907 2882 934 2908 in
951 2885 1049 2916 trmpus

1093 2328 1254 2357 dexteritate
1266 2328 1299 2356 ad
1312 2327 1463 2363 profectum
1475 2327 1587 2362 spiritus
1598 2325 1745 2361 promovit,
1759 2324 1884 2358 exemplo

1093 2383 1202 2411 semper
1213 2375 1340 2410 praeiens
1354 2374 1383 2401 in
1404 2373 1484 2401 'omni
1501 2373 1640 2400 iunctione
1651 2370 1773 2406 religiosi
1790 2369 1883 2402 ollicii,

1095 2428 1150 2452 tam
1166 2422 1345 2450 excellentem
1362 2420 1522 2456 magistrum
1540 2419 1592 2446 sibi
1603 2418 1654 2445 visi
1668 2417 1724 2444 sint
1737 2416 1784 2443 tali
1798 2416 1884 2442 hono-

1096 2475 1158 2495 rare
1167 2466 1349 2502 appellatione
1361 2464 1500 2496 debuisse,
1509 2463 1656 2498 Evangelio
1665 2462 1748 2489 etiam
1760 2465 1882 2492 auctore,

1097 2514 1143 2541 ubi
1154 2513 1280 2548 legebant
1300 2512 1394 2539 Matth.
1417 2511 1450 2543 V,
1467 2510 1499 2537 I9
1516 2519 1522 2536 :
1538 2509 1589 2542 Qui
1606 2509 1695 2543 fecerit
1710 2512 1735 2535 et
1757 2506 1882 2538 docuerit,

1097 2560 1137 2586 hic
1149 2567 1260 2594 magnus
1275 2557 1409 2584 vocabitur
1423 2557 1450 2583 in
1466 2564 1547 2591 regno
1560 2554 1703 2582 caelorum.

1131 2604 1234 2636 Altera,
1252 2603 1325 2639 quod
1351 2610 1414 2630 cum
1441 2601 1589 2629 Antonium
1614 2600 1736 2627 solerent
1757 2597 1884 2632 Magnum

1097 2650 1156 2678 sine
1171 2649 1264 2677 addito
1276 2655 1387 2681 vocare,
1407 2647 1476 2675 adeo
1489 2650 1519 2673 ut
1534 2645 1607 2673 istud
1621 2645 1779 2672 adiunctum
1792 2643 1819 2669 in
1832 2649 1884 2669 no-

1097 2703 1159 2724 men
1172 2695 1224 2722 iam
1241 2694 1381 2730 proprium
1402 2693 1553 2728 migrasset,
1567 2695 1649 2727 prout
1668 2689 1830 2724 intelligitur
1850 2695 1886 2714 ex

1096 2749 1180 2776 supra
1197 2740 1317 2767 recitatis
1337 2739 1431 2767 Cronii
1457 2737 1609 2773 presbyteri
1633 2735 1705 2771 apud
1733 2734 1885 2761 Palladium

1096 2787 1199 2818 verbis,
1219 2790 1247 2814 et
1265 2785 1413 2813 Macariuin
1429 2784 1555 2811 viderent
1575 2790 1591 2810 e
1609 2782 1672 2809 sinu
1691 2779 1802 2808 Antonii
1822 2785 1887 2813 pro-

1098 2833 1220 2864 ductum,
1241 2832 1314 2859 vices
1326 2832 1385 2859 eius
1397 2831 1425 2858 in
1444 2830 1564 2865 ipsorum
1581 2827 1714 2863 regimine
1733 2830 1883 2861 gerentem,

1098 2884 1126 2908 et
1143 2880 1172 2907 in
1194 2878 1268 2906 omni
1289 2877 1369 2906 laude
1392 2875 1577 2908 simillimum,
1600 2880 1718 2909 acquum
1739 2870 1883 2902 duxerint.
