2048 3153
153 179 199 208 5-H

652 177 697 205 AD
715 176 895 205 OPUSCULA
912 177 940 204 S.
958 177 1102 206 MACARll
1121 178 1292 206 AEGY‘PTII.

1728 182 1782 211 342

152 240 210 272 post
224 234 336 263 Antonii
355 234 520 270 praesertim
538 238 665 266 mortem,
681 234 776 261 eodem
790 233 939 261 Macarium
955 238 976 265 Α
989 240 1086 262 octava
1100 243 1216 263 numero
1229 236 1342 271 ponitur
1359 236 1419 264 eius
1433 236 1522 264 oratio
1535 236 1665 273 inscripta
1678 238 1710 265 de
1721 246 1783 274 poe-

154 281 292 316 impertire
308 280 398 312 titulo,
422 287 477 314 quo
496 279 604 306 Patrem
627 283 656 306 et
676 287 757 306 suum
775 283 936 306 cunctorum

153 334 340 358 communem,
360 330 388 353 et
410 333 443 360 pc
459 325 465 360 ι
480 325 612 353 culiarem
634 325 731 360 ipsius'
745 324 938 359 exemplarque

151 374 328 408 archetypum
349 372 476 407 Magnum
494 371 655 404 Antonium,
674 371 740 398 dum
758 370 874 403 viveret,
889 370 939 397 bo-

152 422 328 446 noraverant.

184 465 324 492 Postrema
334 463 417 490 huius
427 462 467 490 rei
479 466 522 490 sat
530 462 689 490 verisimilis
700 469 783 489 causa
794 465 846 493 est,
853 461 938 496 quod,

150 518 210 538 cum
233 510 288 537 iam
308 514 364 537 tum
383 508 455 536 fama
475 508 607 536 florerent
626 508 682 536 duo
705 507 766 540 alii,
784 507 818 535 de
838 507 939 542 quibus

149 556 276 591 superius
297 559 340 583 est
361 554 477 587 dictum,
500 554 623 582 iuniores
644 553 756 581 Macarii
774 557 803 581 et
822 553 940 580 diversis

150 603 177 630 in
191 602 318 638 partibus
334 601 466 636 degentes
480 600 627 637 Aegyptius
642 604 671 628 et
684 599 895 632 Alexandrinus,
909 604 941 626 ut

149 656 229 676 suum
247 647 430 682 antiquiorem
441 646 476 674 ab
488 646 543 674 illis
555 646 764 681 distinguerent,
777 644 867 680 Magni
877 651 940 672 eum

149 692 353 729 insigniendum
364 691 487 726 epitheto
498 691 654 726 putaverint
663 690 711 725 qui
723 694 790 718 tunc
799 690 938 717 vivebant.

148 739 226 773 Quod
248 739 352 766 utinam
373 737 545 766 constantius
565 737 662 764 fuisset
682 744 698 764 a
713 736 830 771 posteris
848 736 942 763 obser-

148 790 258 818 vatum;
274 785 314 812 sic
324 784 399 812 enim
417 784 489 811 foret
503 783 634 810 damnosa
649 787 678 810 et
691 782 835 817 periniqua
847 781 942 809 confu-

148 832 190 859 sio
202 832 299 863 vitata,
312 838 382 865 quae
399 829 576 857 veneratione
590 829 701 863 propria
721 829 750 856 in
764 828 841 856 fastis
855 828 943 856 eccle-

147 878 268 906 siasticis
288 877 377 905 Patris
395 877 460 903 olim
481 875 645 903 sanctissimi
662 879 691 902 et
709 874 868 903 coelestium
885 881 942 901 me-

148 923 302 951 rentissimi
327 923 463 950 honorum
487 921 614 949 obrutam
636 920 814 956 ambiguitate
839 927 942 947 memo-

148 970 219 996 riam
231 968 383 1001 fraudavit;
397 972 428 995 ut
439 975 501 995 cum
516 967 575 995 dies
589 967 742 1003 assignatus
754 965 943 994 anniversario

147 1016 238 1044 cultui
251 1014 382 1050 proprius
394 1013 423 1041 in
433 1013 633 1049 Martyrologiis
643 1017 671 1040 et
681 1012 840 1048 Menologiis
851 1012 942 1047 signe-

148 1066 197 1089 tur
219 1061 352 1097 Aegyptio
369 1064 398 1088 et.
421 1059 607 1087 Alexandrino
628 1058 771 1090 Macariis,
793 1065 944 1092 eorumque

148 1109 218 1136 Acta
239 1106 387 1142 separatim
411 1105 547 1140 descripta
567 1105 701 1140 legantur,
718 1105 794 1131 solus
806 1103 945 1139 antiquior

148 1152 288 1181 ambobus
300 1155 328 1179 et
341 1155 440 1179 neutro
452 1151 545 1191 min‘us
561 1150 676 1178 illustris
687 1150 821 1178 Macarius
832 1150 945 1185 Magnus

149 1198 342 1226 innominatus
356 1200 555 1232 praetereatur.
567 1195 629 1228 Cui,
645 1203 736 1230 spero,
761 1195 945 1222 medebuntur

149 1244 328 1273 incommodo
361 1244 576 1279 Anluerpienses
606 1243 709 1275 nostri,
740 1250 856 1277 quorum
886 1242 946 1269 laus

150 1299 230 1322 tanta
254 1298 297 1322 est
318 1294 346 1321 in
367 1293 443 1321 Actis
465 1293 628 1321 Sanctorum
649 1292 826 1325 illustrandis,
842 1292 864 1319 si
880 1300 945 1327 pro-

149 1341 242 1376 priam
259 1340 402 1367 historiam
425 1339 497 1367 vitae
521 1339 628 1366 abbatis
644 1338 800 1374 Pispiritani
820 1337 945 1370 Macarii,

149 1388 188 1416 ab
210 1395 348 1422 anonymo
370 1386 473 1418 veteri,
491 1386 539 1421 qui
563 1384 714 1412 Posthumii
731 1384 758 1411 ei
777 1384 948 1411 succcdentis

149 1434 223 1462 Acta
241 1433 331 1460 literis
349 1432 476 1464 tradidit,
496 1436 527 1459 ut
549 1432 606 1466 ipse
624 1431 735 1463 indicat,
753 1430 945 1465 compositam,

150 1478 279 1514 reperire
300 1477 399 1505 alicubi
420 1476 570 1512 potuerint,
587 1483 650 1503 cum
673 1475 753 1503 tineis
768 1475 838 1502 forte
858 1474 948 1502 adhuc

151 1525 306 1560 blattisque
321 1525 480 1552 luctantem.

988 281 1099 308 nitentia
1125 285 1150 308 et
1174 282 1244 316 quod
1268 290 1320 309 non
1343 282 1377 309 sit
1401 283 1613 318 desperandum,
1638 284 1707 311 duas
1729 284 1782 312 hoc

987 328 1060 362 quod
1083 328 1180 356 damus
1198 336 1332 364 expansas
1355 329 1457 364 scripto
1480 330 1653 358 narrationes
1668 331 1782 358 totidem

987 374 1067 409 plane
1080 375 1177 402 recitat
1190 375 1284 402 verbis
1305 375 1435 402 continua
1450 376 1521 403 serie
1542 377 1576 403 ab
1595 381 1717 404 extrema
1736 385 1783 411 pa-

988 419 1050 455 gina
1063 420 1223 453 centesima,
1243 428 1313 456 quae
1330 420 1405 447 illius
1425 421 1559 449 orationis
1578 421 1615 448 ibi
1636 430 1708 449 nona
1728 426 1782 454 est,

989 474 1076 501 usque
1095 466 1129 493 ad
1145 467 1321 494 centesimam
1343 466 1543 494 duodecimam.
1560 467 1594 494 Et
1607 472 1672 495 sunt
1686 467 1782 494 ambae

990 512 1051 539 illae
1066 511 1195 539 historiae
1217 512 1286 539 adeo
1300 512 1457 546 inopinatae
1470 519 1502 538 ac
1519 513 1614 544 mirae,
1629 516 1660 539 ut
1675 512 1782 539 deseri-

990 557 1065 585 benti
1086 557 1154 584 mihi
1177 556 1391 584 sollicitudinem
1407 561 1568 588 moverent,
1589 563 1624 583 ne
1644 564 1695 591 pro
1718 564 1783 591 apo-

990 611 1037 639 cry
1053 602 1058 638 |
1073 602 1135 638 phis
1159 607 1188 630 et
1211 607 1314 630 temere
1348 602 1473 630 confictis
1503 602 1694 630 reiicerentur.
1723 602 1783 636 Quo

990 649 1080 676 carius
1098 649 1187 677 habeo
1208 648 1309 676 muniri
1331 656 1378 676 eas
1395 653 1449 676 tam
1472 648 1669 684 irrefragabilis
1687 654 1782 675 aucto—

991 694 1028 721 ris
1042 693 1156 721 minime
1172 693 1256 721 dubio
1268 701 1320 721 nec
1334 693 1462 728 cuiquam
1475 693 1621 721 recusabili
1642 693 1781 728 suffragio.

990 740 1061 768 Puto
1083 745 1175 768 autem
1192 740 1267 769 hunc
1288 740 1516 768 commentarium
1538 740 1572 768 ab
1592 739 1784 775 Amphilochio

991 789 1081 816 adhuc
1098 788 1232 816 monacho
1247 793 1276 816 et
1290 787 1487 815 monachorum
1502 786 1659 814 institutore
1675 793 1785 820 compo—

991 835 1085 867 situm,
1101 842 1135 862 ex
1151 842 1206 869 quo
1223 834 1296 861 idem
1317 838 1412 869 postea
1429 833 1579 861 lconicnsis
1602 832 1730 864 antistes,
1756 831 1785 859 in

992 881 1134 909 occasione
1152 880 1361 916 praemuniendi
1390 887 1471 907 suum
1496 879 1627 915 populum
1652 878 1785 905 adversus

993 927 1172 955 tentationem
1189 926 1400 961 desperationis,
1418 926 1473 953 duo
1490 926 1541 953 ista
1557 925 1681 960 exempla
1693 924 1786 952 verbis

992 973 1073 1008 plane
1092 973 1189 1000 iisdem
1217 972 1360 1005 retulerit,
1381 972 1433 999 alia
1460 971 1538 1006 plura
1562 971 1692 998 omittens
1715 977 1785 1005 quae

993 1019 1135 1047 monachis
1161 1019 1228 1046 alias
1257 1018 1371 1053 allegata
1391 1017 1509 1050 utiliter,
1526 1016 1714 1044 saecularibus
1738 1016 1786 1043 do-

993 1065 1088 1093 cendis
1097 1064 1189 1092 minus
1201 1069 1355 1099 opportuna
1366 1064 1537 1091 viderentur.
1707 1060 1714 1063 ”

1029 1111 1074 1138 XI.
1091 1110 1259 1146 Opusculum
1272 1110 1449 1138 undecimum
1468 1109 1596 1144 equidem
1617 1107 1728 1144 plurimi
1749 1106 1788 1134 fa-

994 1157 1037 1185 cio
1050 1161 1162 1192 propter
1172 1156 1388 1183 elllorcscentem
1403 1155 1431 1182 in
1447 1155 1494 1182 illo
1507 1155 1653 1189 genuinam
1667 1153 1787 1180 indolem

994 1211 1060 1230 vere
1073 1202 1254 1229 asceticorum
1275 1209 1415 1233 sensuum,
1430 1205 1459 1228 et
1474 1200 1610 1235 quendam
1627 1199 1788 1227 suavissime

995 1249 1161 1284 fragrantem
1174 1256 1207 1275 ex
1219 1247 1309 1279 uberi,
1319 1255 1372 1282 qua
1382 1247 1492 1282 penitus
1502 1246 1646 1277 imbuitur,
1657 1245 1787 1272 unctione

996 1295 1108 1330 spiritus
1129 1294 1256 1321 heroicae
1277 1293 1474 1321 sanctimoniae
1488 1292 1611 1320 odorem.
1627 1291 1738 1319 Nullum
1755 1291 1790 1317 li-

997 1340 1106 1368 bentius
1120 1339 1264 1374 exscripsi,
1274 1339 1301 1366 in
1313 1339 1391 1366 nullo
1406 1337 1614 1373 interpretando
1629 1341 1734 1364 tantum
1748 1337 1790 1363 in-

997 1387 1078 1414 timae
1094 1386 1248 1414 dulcedinis
1264 1393 1325 1413 sum
1341 1390 1481 1420 expertus.
1505 1384 1566 1418 Quo
1585 1384 1652 1411 mihi
1674 1388 1789 1411 conten-

997 1433 1117 1460 dendum
1137 1432 1245 1459 enixius
1263 1431 1345 1459 statui
1369 1431 1402 1458 ad
1426 1431 1486 1466 ejus
1505 1435 1613 1464 tempus
1636 1434 1791 1456 auctorem-

997 1487 1061 1514 que,
1079 1478 1279 1514 ignotissimum
1293 1481 1453 1511 utrumque,
1467 1476 1590 1512 vestigiis
1606 1475 1734 1503 omnibus
1749 1474 1791 1501 in-

998 1523 1152 1559 dagandum
1157 1544 1163 1550 .

190 1570 226 1597 X.
251 1570 302 1597 Diu
319 1576 370 1597 nos
392 1568 481 1597 tenuit
501 1568 645 1596 Macarius.
670 1567 781 1596 Utinam
795 1566 947 1602 transigere
960 1581 981 1610 ο
1033 1569 1162 1597 Continet
1182 1569 1210 1597 id
1232 1568 1351 1604 alloquia
1365 1567 1572 1603 quatuordecim
1598 1566 1689 1594 studio
1712 1565 1791 1593 audi-

149 1616 280 1645 velocius
302 1623 435 1651 queamus
454 1622 524 1650 quae
546 1614 580 1642 de
602 1614 663 1641 aliis
685 1613 858 1648 sequentium
875 1612 948 1647 Opu-

151 1662 297 1690 sculorum
329 1660 488 1688 auctoribus
511 1659 667 1688 necessario
697 1659 845 1694 praefanda
873 1658 950 1686 vide-

150 1708 271 1736 buntur.
289 1707 397 1735 Nonum
414 1706 583 1742 Opusculum
598 1706 726 1741 anonymi
739 1710 781 1734 est
794 1705 949 1733 collectoris

150 1754 355 1785 sententiarum
374 1753 495 1781 Patrum.
513 1752 600 1780 liuius
621 1756 738 1780 aetatem
758 1752 860 1786 prodit,
875 1751 949 1786 quod

151 1809 211 1829 non
233 1798 287 1825 nisi
307 1798 560 1833 antiquissimorum
583 1796 695 1824 nomina
718 1797 815 1824 recitat
837 1806 844 1823 :
867 1805 948 1832 argu-

150 1851 265 1879 mento,
295 1853 359 1872 eum
386 1850 450 1873 ante
477 1845 614 1880 posterius
643 1843 794 1872 celebrium
827 1848 950 1879 tempora

148 1892 267 1920 vixisse.
279 1891 448 1926 Opusculum
463 1891 487 1918 X
508 1891 660 1925 simplicem
677 1890 706 1916 in
725 1897 786 1917 meo
803 1890 949 1925 archetypo

150 1938 310 1966 Turrianeo
327 1937 422 1965 codice
438 1937 611 1973 praeferebat
623 1937 731 1964 titulum
748 1936 855 1971 qualem
871 1935 949 1962 exhi-

151 1985 210 2012 beo
229 1993 235 2010 :
253 1983 282 2011 S.
298 1983 472 2019 Amphilocltii
486 1984 518 2010 de
537 1991 589 2010 non
610 1982 784 2018 desperando.
801 1981 878 2015 Quod
894 1989 948 2008 non

151 2031 186 2058 ﬂt
212 2030 257 2057 hic
282 2030 386 2057 mentio
404 2029 554 2057 lconicnsis
580 2029 768 2064 episcopatus,
794 2029 833 2055 uti
860 2036 949 2063 neque

149 2084 240 2111 supra
257 2076 286 2102 in
309 2075 390 2102 titulo
406 2075 417 2102 Ι
433 2074 562 2110 Opusculi
586 2075 614 2102 S.
637 2075 734 2102 Joanni
756 2074 948 2110 Chrysostomo

152 2122 254 2150 tributi
271 2121 341 2149 citra
357 2121 440 2148 ullam
461 2121 534 2148 sedis
555 2120 872 2155 Constantinopolitanae
893 2128 949 2147 me-

150 2166 284 2198 moriam,
303 2165 404 2192 indicio
420 2169 473 2197 est,
488 2173 558 2200 opus
578 2170 724 2199 utrumque
744 2166 779 2193 ab
803 2166 837 2193 iis
863 2165 949 2193 Patri-

153 2212 210 2239 bus
223 2211 308 2238 fuisse
323 2211 468 2246 scriptum,
479 2211 544 2238 dum
557 2211 648 2238 adhuc
658 2212 757 2246 privati
772 2211 843 2239 inter
856 2219 948 2238 mona-

999 1617 1066 1644 toris
1084 1616 1112 1643 in
1126 1616 1218 1644 literas
1237 1616 1330 1649 missa,
1345 1619 1429 1650 prout
1443 1613 1678 1649 exceptafuerant
1695 1620 1728 1639 ex
1742 1619 1791 1639 ore

999 1664 1073 1690 senis
1084 1662 1236 1698 cuiuspiam
1249 1661 1406 1698 grandaevi,
1425 1661 1506 1696 longo
1523 1668 1574 1687 usu
1589 1659 1662 1687 vitae
1681 1658 1790 1693 religio-

999 1717 1044 1737 sae
1061 1717 1110 1744 per
1128 1716 1223 1736 omnes
1242 1707 1419 1743 perfectionis
1437 1706 1617 1742 Evangelicae
1636 1704 1736 1741 gradus
1757 1704 1792 1731 ad

999 1757 1104 1791 apicem
1125 1756 1212 1783 evecti
1245 1754 1413 1787 sanctitatis,
1442 1758 1573 1789 quantam
1597 1752 1669 1788 capit
1693 1751 1793 1779 divinis

998 1803 1091 1831 adiuta
1111 1801 1254 1830 beneﬁciis
1275 1801 1394 1828 humana
1414 1800 1577 1827 mortalitas.
1602 1799 1791 1834 Alloquiorum

999 1852 1094 1876 auctor
1113 1847 1272 1874 nominatur
1294 1846 1392 1874 beatus
1413 1845 1499 1873 abbas
1523 1844 1656 1872 Zosimas.
1684 1844 1722 1872 De
1743 1851 1792 1871 ex-

999 1898 1110 1928 ceptore
1122 1896 1228 1920 tantum
1246 1892 1383 1924 innuitur,
1398 1891 1481 1919 fuisse
1502 1891 1579 1918 illum
1597 1898 1631 1917 ex
1646 1890 1707 1917 eius
1726 1889 1792 1916 assi-

999 1940 1061 1967 duis
1075 1939 1248 1967 auditoribus
1264 1946 1360 1970 unum,
1374 1938 1560 1965 verisimiliter
1574 1936 1695 1964 sodalem
1719 1937 1794 1963 eius-

999 1987 1062 2014 dem
1079 1986 1107 2013 in
1127 1993 1181 2021 quo
1196 1985 1313 2020 degebat
1326 1984 1448 2011 Zosimas
1469 1982 1605 2010 coenobii.
1623 1982 1674 2009 Diu
1694 1981 1729 2009 de
1750 1981 1793 2009 his

998 2037 1026 2060 et
1043 2032 1159 2059 sollicite
1178 2030 1342 2066 disquirenti
1365 2030 1432 2057 mihi
1455 2037 1487 2056 ea
1510 2029 1619 2056 tandem
1642 2027 1714 2055 sedit
1732 2035 1793 2055 scn—

1000 2078 1093 2109 tentia,
1107 2077 1225 2104 eundem
1243 2077 1326 2104 istum
1344 2084 1405 2103 esse
1424 2075 1560 2102 Zosimam
1577 2082 1639 2101 cum
1658 2073 1704 2100 illo
1718 2074 1792 2100 cele-

999 2125 1154 2152 bratissima
1169 2123 1303 2151 divinitus
1323 2123 1423 2155 electo,
1445 2126 1476 2149 ut
1497 2126 1606 2148 sanctae
1627 2120 1794 2155 poenitentis

998 2171 1098 2198 Mariae
1113 2170 1260 2206 Aegyptiae
1270 2190 1278 2202 ,
1297 2177 1344 2197 seu
1355 2189 1363 2201 ,
1378 2172 1409 2196 ut
1431 2169 1512 2203 vulgo
1527 2168 1678 2202 loquuntur
1688 2187 1694 2198 ,
1708 2166 1794 2202 Acgy-

999 2217 1115 2252 ptiacae,
1134 2220 1162 2243 et
1186 2219 1364 2251 cognosceret
1393 2214 1477 2242 vitam
1501 2219 1529 2242 et
1558 2214 1642 2241 funus
1673 2217 1790 2240 curaret.

153 2259 225 2286 chos
238 2258 371 2289 viverent.
385 2262 531 2292 antequam
540 2258 567 2284 in
581 2258 694 2285 thronos
703 2262 945 2293 promoveremur;
963 2257 984 2284 D
998 2263 1092 2290 Exstat
1116 2261 1150 2289 de
1172 2262 1215 2289 his
1234 2261 1448 2288 commentarius
1474 2260 1549 2287 omni
1574 2260 1627 2287 lide
1658 2261 1792 2290 ﬁrmatus,

154 2313 228 2340 quae
246 2305 389 2331 amborum
408 2304 469 2331 talis
494 2304 625 2339 temporis
645 2309 674 2332 et
695 2306 849 2339 argumenti
870 2305 948 2332 lucu-

155 2351 301 2378 brationes
314 2352 343 2378 in
355 2351 552 2378 monachorum
565 2351 707 2379 tabulariis
717 2351 829 2378 relictae
837 2350 948 2383 fuerint,

155 2402 290 2432 tanquam
300 2397 333 2424 iis
340 2397 406 2424 solis
412 2397 640 2425 accommodatae.
650 2398 723 2429 Scio,
733 2405 787 2425 non
799 2405 882 2424 unum
889 2405 950 2424 esse

156 2444 189 2471 in
205 2444 318 2478 antiqua
327 2443 518 2471 Ecelesiastica
528 2443 659 2471 memoria
669 2444 805 2471 celebrem
812 2444 952 2478 Amphilo-

157 2490 270 2523 chium;
286 2495 376 2517 tamen
390 2490 482 2522 huius,
495 2498 577 2525 quem
598 2490 643 2517 hic
663 2490 780 2521 edimus,
800 2490 884 2516 libelli
906 2497 952 2516 ve-

158 2544 223 2562 rum
238 2535 322 2562 fuisse
334 2540 439 2570 patrem
457 2536 675 2570 antiquissimum
690 2536 766 2563 illum
783 2536 907 2563 doctrina
924 2539 953 2562 et

158 2582 343 2610 sanctimonia
360 2583 413 2610 late
434 2583 575 2618 inclytum,
589 2591 623 2610 ex
637 2583 770 2610 monacho
785 2583 952 2610 lconicnscm

160 2629 323 2663 episcopum
338 2629 574 2664 Amphilochium,
595 2637 611 2656 a
625 2628 673 2656 SS.
686 2629 801 2661 Basilio,
821 2628 953 2664 Gregorio

160 2674 352 2706 Nazianzeno,
377 2674 542 2710 Hieronymo
570 2674 719 2708 multisque
745 2673 806 2701 aliis
829 2679 953 2701 veterum

163 2719 307 2755 magniﬁce
320 2720 470 2752 laudatum,
483 2720 561 2747 cuius
579 2720 607 2746 in
625 2719 816 2755 Martyrologio
831 2720 954 2747 Romano

164 2765 201 2792 ad
213 2765 285 2793 diem
305 2766 341 2793 lx
354 2766 411 2793 Kal.
424 2766 500 2798 Dec.,
520 2766 547 2793 in
563 2765 674 2793 Graecis
685 2765 786 2793 Meneis
801 2766 896 2793 eodem
910 2766 954 2794 die

165 2810 308 2844 splendida
323 2811 411 2846 elogia
425 2811 562 2846 leguntur,
580 2810 722 2838 manifeste
737 2816 844 2838 constat
857 2819 889 2838 ex
910 2819 953 2844 eo,

165 2857 239 2890 quod
252 2858 280 2884 in
293 2857 422 2892 operibus
433 2857 556 2885 eiusdem
575 2857 602 2885 S.
619 2858 706 2884 Patris
721 2862 783 2885 ante
799 2858 848 2885 hos
870 2866 956 2885 annos

167 2901 215 2930 XL
236 2912 335 2940 graece
359 2904 440 2932 simul
465 2904 602 2939 latincque
627 2904 736 2932 Parisiis
762 2904 857 2937 editis,
886 2913 956 2938 quae

1001 2316 1056 2336 non
1088 2307 1244 2343 Sophronii,
1271 2312 1301 2335 ut
1323 2314 1467 2342 perperam
1497 2306 1656 2333 inscribitur
1682 2314 1697 2332 a
1720 2305 1791 2332 mul—

1002 2354 1051 2386 tis,
1077 2353 1152 2388 quod
1177 2352 1286 2384 invictis
1312 2351 1479 2386 argumentis
1506 2350 1664 2378 confutatur
1692 2349 1726 2376 ab
1752 2347 1794 2375 ul-

1003 2401 1068 2427 timo
1085 2399 1145 2426 eius
1164 2399 1258 2433 scripti
1271 2397 1386 2430 editore,
1408 2400 1503 2424 nostro
1523 2395 1636 2423 Daniele
1654 2395 1793 2429 Papebro-

1002 2445 1065 2472 chio
1079 2443 1156 2471 Tom.
1179 2443 1189 2470 Ι
1213 2443 1313 2478 Aprilis
1332 2450 1393 2477 pag.
1414 2441 1463 2474 69,
1481 2440 1529 2468 sed
1552 2439 1680 2475 anonymi
1697 2446 1793 2466 mona-

1002 2491 1046 2518 chi
1066 2489 1191 2518 coenobii
1210 2497 1295 2524 prope
1312 2488 1460 2516 Jordanem
1480 2486 1536 2519 siti,
1558 2486 1586 2513 in
1601 2493 1655 2521 quo
1672 2484 1794 2512 Zosimas

1003 2537 1113 2564 ultimos
1136 2543 1202 2563 suae
1225 2535 1297 2562 vitae
1326 2541 1413 2562 annos
1441 2533 1545 2568 exegit,
1568 2536 1651 2567 prout
1673 2531 1731 2566 ipse
1753 2531 1794 2558 in—

1003 2583 1064 2610 nuit
1088 2587 1190 2619 rauctor
1201 2581 1241 2609 sie
1270 2580 1394 2608 scribens
1426 2579 1478 2606 sub
1513 2578 1595 2605 ﬁnem
1628 2577 1794 2605 narrationis

1004 2637 1085 2661 suae,
1110 2632 1254 2663 postquam
1278 2626 1433 2658 docuisset,
1456 2632 1595 2652 reversum
1613 2631 1628 2651 a
1643 2623 1672 2651 S.
1694 2622 1794 2650 Mariae

1004 2674 1183 2711 Aegyptiacae
1196 2673 1292 2700 funere
1306 2672 1442 2699 Zosiinam
1461 2677 1531 2706 quae
1548 2670 1654 2697 viderat
1674 2675 1702 2696 ct
1715 2668 1795 2696 audi-

1004 2726 1081 2749 verat
1098 2728 1179 2755 saepe
1194 2719 1339 2747 retulisse:
1357 2718 1563 2745 Perseverarunt
1575 2721 1663 2743 autem
1675 2716 1795 2742 monachi

1006 2768 1079 2804 [post
1097 2766 1221 2794 Zosimae
1240 2765 1367 2793 videlicet
1388 2763 1505 2799 obitum]
1519 2763 1583 2790 haec
1603 2763 1662 2798 ipsa
1678 2770 1724 2798 per
1741 2766 1797 2789 tra-

1006 2814 1130 2840 ditionem
1140 2812 1266 2840 discentes
1283 2815 1361 2846 atque
1374 2810 1408 2837 ad
1422 2809 1565 2836 communis
1581 2808 1701 2836 utilitatis
1716 2817 1796 2844 argu-

1007 2863 1123 2886 mentum
1140 2861 1313 2893 proponcntcs
1332 2855 1425 2882 audire
1441 2854 1595 2886 volentibus,
1610 2854 1655 2880 sed
1673 2862 1725 2880 non
1744 2861 1795 2879 au-

1008 2905 1059 2933 divi
1084 2913 1240 2935 quamquam
1260 2904 1356 2937 scripta
1378 2903 1494 2936 signasse
1524 2901 1713 2928 narrationem.
1741 2899 1796 2934 Ego
