2048 3153
249 182 304 210 515

793 176 897 204 PETRI
916 175 1046 204 POSSlNl
1065 176 1320 206 PROLEGOMENA

1822 181 1875 210 5M

249 249 311 268 vero
327 248 396 276 quas
412 239 478 266 citra
500 237 659 272 scripturam
674 235 798 270 comperi,
814 242 861 269 per
880 233 970 260 literas
990 241 1037 260 cu-
1051 235 1076 265 Α
1089 237 1176 261 retur.
1191 234 1301 262 Ututde
1314 234 1349 262 iis
1365 235 1410 268 sit,
1423 239 1530 263 certum
1540 235 1659 269 videtur,
1669 241 1731 270 post
1743 236 1875 266 Iudaeam

251 289 308 314 rapi
324 291 387 313 nota
402 286 498 320 facere.
511 283 612 312 indicia
627 283 690 310 hinc
705 289 850 316 exsequar,
868 280 968 316 quibus
982 287 1039 307 mo-

252 341 317 360 veor
336 332 370 359 ad
385 329 565 366 opinandum,
582 329 679 357 horum
696 332 836 355 auctorem
850 327 1040 362 Alloquiorum

249 377 386 404 Zosinmm
401 384 457 404 non
472 376 556 404 alium
572 383 632 402 esse
646 374 680 402 ab
697 381 740 405 eo,
756 373 800 401 cui
815 373 877 400 testi
894 372 975 399 unico
986 371 1041 399 Ma-

252 421 309 447 riae
324 421 503 456 Aegyptiacae
519 420 643 448 notitiam
659 419 741 446 debet
755 418 886 449 Ecclesia,
901 417 972 444 sicut
984 417 1040 443 An-

251 466 329 493 tonio
346 466 421 494 Pauli
437 467 516 501 primi
530 466 671 493 eremitae.

287 511 429 539 Primum:
448 513 571 540 detector
590 512 758 539 latebrarum
781 510 959 545 Aegyptiacae
983 509 1040 536 Ma-

253 558 311 585 riae
326 558 459 589 Zosimas,
483 566 498 586 a
522 566 607 593 puero
633 557 749 585 traditus
771 556 938 584 monasticae
961 555 1042 583 disci-

254 604 345 638 plinae
361 603 388 630 in
400 604 518 639 quodam
529 603 663 631 coenobio
673 603 852 634 Palaestinae,
867 602 894 629 in
904 609 938 629 eo
950 601 1042 629 lauda-

256 649 360 676 tissimc
379 649 462 676 vitam
480 649 624 676 asceticam
643 648 766 676 exercuit
784 655 833 682 per
853 654 940 674 annos
959 654 1042 681 supra

255 694 464 729 quinquaginta,
491 699 605 722 testante
633 694 661 721 id
684 694 753 729 ipso,
776 694 855 728 cujus
874 693 943 720 haec
959 693 1042 720 verba

253 746 406 774 anonymus
414 739 564 766 monachus
578 739 708 766 cxscribit
718 746 794 766 num.
806 738 823 766 ’5
833 746 899 766 suae
910 739 1044 766 narratio—

255 785 318 812 nis:
342 785 449 812 Diccbat
475 790 564 812 autem
585 786 640 820 ipse
664 785 696 812 de
717 792 745 811 se
765 784 896 816 Zosimas,
919 785 987 820 quod
1010 785 1042 811 ab

257 831 337 863 ulnis,
357 835 385 857 ut
401 832 439 858 sic
454 832 558 867 loquar,
577 833 692 867 paternis
716 832 744 858 in
766 831 955 858 monasterium
974 831 1043 858 istud

255 876 351 909 datus,
376 885 423 912 per
449 885 532 904 annos
551 877 743 912 quinquaginta
769 880 821 903 tres
843 877 872 902 in
899 876 1043 903 monastico

257 930 335 948 cursu
356 924 540 957 perseveravit.
557 922 562 957 Ι
578 922 771 950 Monasterium
792 928 875 956 porro
899 921 987 953 istud,
1015 926 1045 949 ut

259 966 337 994 initio
352 968 516 996 narrationis
528 969 600 996 clare
611 968 721 1000 dicitur,
734 967 782 1002 fuit
795 975 877 994 unum
891 975 923 994 ea:
934 968 967 994 iis
978 975 1046 1003 quae

258 1022 305 1048 per
324 1013 506 1041 Palaestinam
523 1018 583 1041 sunt
601 1014 775 1041 monasteriis.
794 1013 878 1048 Atqui
894 1013 962 1040 haec
973 1013 1047 1041 Allo-

257 1059 322 1094 quia
335 1059 395 1086 eius
413 1063 487 1091 sunt,
502 1059 549 1094 qui
572 1060 599 1086 in
622 1059 773 1086 Palaestina
790 1059 893 1091 vixerit,
902 1064 931 1087 et
948 1067 1046 1087 conse-

258 1102 360 1134 nuerit,
378 1111 428 1130 nec
441 1103 521 1130 aliam
535 1103 681 1130 admodum
695 1103 770 1130 orbis
784 1108 901 1138 partem,
915 1109 1047 1139 quantum

255 1153 291 1173 ex
305 1149 365 1175 eius
381 1148 472 1175 verbis
486 1148 656 1183 intelligitur,
673 1148 827 1176 incoluerit.
840 1149 909 1176 Nam
921 1149 1048 1184 Alloquio

261 1193 293 1220 Vl
308 1194 375 1221 haec
394 1194 515 1228 loquitur
528 1203 534 1220 :
546 1193 601 1221 Iter
616 1195 757 1230 agebamus
779 1203 825 1230 ego
840 1199 864 1222 et
883 1195 967 1230 frater
981 1204 1048 1223 unus

259 1239 302 1265 via
316 1239 495 1274 Neapolitana
518 1248 577 1267 cum
596 1240 751 1275 quibusdam
769 1241 959 1273 saecularibus,
976 1242 1048 1269 veni-

259 1292 367 1319 musque
385 1285 419 1311 ad
438 1284 523 1311 locum
543 1285 586 1312 ubi
609 1290 667 1312 erat
686 1285 811 1312 telonium
832 1291 885 1314 cet.
904 1286 968 1313 Fuit
983 1287 1048 1314 olim

258 1328 387 1364 Neapolis
400 1330 578 1357 celeberrima
594 1330 762 1358 Palaestinae
777 1330 884 1363 civitas,
897 1335 967 1358 teste
979 1331 1049 1358 inter

259 1374 419 1402 innumeros
431 1375 498 1403 alios
523 1375 622 1408 Plinio,
651 1376 730 1403 cuius
749 1376 817 1404 haec
836 1376 883 1404 lib.
897 1377 918 1404 V
935 1385 994 1412 cap.
1016 1378 1049 1405 15

259 1421 343 1448 verba
358 1426 423 1448 sunt
444 1430 450 1448 τ
476 1420 617 1449 Samariae
636 1422 732 1458 oppida
751 1422 891 1458 Neapolis,
909 1424 978 1458 quod
992 1423 1050 1451 illa-

261 1471 347 1494 morta
372 1466 507 1494 dicebatur
527 1472 580 1495 cet.
596 1468 697 1496 lterum
710 1468 837 1507 Alloquio
856 1469 879 1496 Χ
894 1469 962 1497 dicit
975 1469 1051 1498 Zosi-

260 1519 318 1538 inas
334 1520 340 1537 :
357 1511 423 1539 Cum
442 1520 523 1539 essent
541 1513 568 1539 in
589 1515 750 1541 monasterio
765 1514 834 1549 quod
851 1518 889 1541 est
911 1515 982 1550 apud
999 1515 1049 1550 Ty-

260 1563 328 1582 rum.
346 1556 393 1583 Est
407 1557 517 1591 quidem
533 1557 622 1593 Tyrus
635 1558 798 1586 Phoeniciac
810 1559 888 1591 urbs,
904 1559 951 1588 sed
968 1568 1048 1595 quae,

264 1603 302 1630 uti
326 1606 355 1629 et
374 1601 476 1634 Sidon,
501 1608 613 1638 propter
629 1603 862 1638 propinquitatem
883 1604 1051 1633 Palaestinae

260 1647 456 1675 contribuitur.
475 1648 603 1676 Hodierni
620 1649 767 1684 geographi
787 1650 966 1678 Palaestinam
983 1651 1051 1678 duo-

261 1693 350 1720 decim
362 1693 573 1721 lsraeliticarum
587 1694 709 1721 tribuum
723 1694 890 1723 habitatione
905 1695 1049 1727 definiunt,

263 1746 315 1765 nec
328 1746 390 1765 cum
405 1739 510 1766 Veteris
524 1747 575 1766 nec
589 1747 651 1766 cum
670 1739 737 1766 Novi
750 1739 915 1767 Testamenti
931 1740 1052 1768 historiis

261 1783 476 1810 cansentientes.
500 1783 568 1811 Nam
591 1792 638 1811 rex
660 1784 804 1811 duodecim
831 1784 951 1812 tribuum
975 1784 1050 1817 Saul,

264 1832 294 1855 ut
307 1835 341 1854 ex
355 1828 365 1855 l
382 1828 484 1864 Regum
499 1834 583 1864 patet,
599 1834 627 1856 et
649 1829 696 1864 qui
716 1829 743 1856 ei
757 1831 889 1858 successit
905 1830 1000 1862 David,
1022 1835 1052 1858 ut

262 1881 298 1902 ex
320 1874 353 1906 ll,
376 1874 495 1909 itemque
518 1882 552 1902 ex
572 1874 582 1902 l
598 1875 715 1909 Paralip.
731 1875 904 1903 manifestum
918 1880 969 1908 est,
988 1877 1051 1903 uni-

263 1927 370 1946 versam
392 1919 439 1946 Xll
464 1919 585 1947 tribuum
609 1920 741 1948 ditionem
771 1921 937 1953 obtinentes,
968 1922 1052 1949 multa

264 1965 334 1993 bella
347 1974 409 1994 cum
418 1966 580 1998 Philistaeis.
593 1967 644 1994 hoc
656 1971 699 1994 est
707 1967 877 1999 Palaestinis,
886 1968 1050 2000 habuerunt,

263 2011 311 2045 qui
326 2011 420 2046 utique
435 2011 514 2038 aliam
526 2011 560 2038 ab
575 2011 724 2039 lsraclitide
738 2016 810 2039 terra
825 2012 963 2047 regionem
977 2013 1054 2040 habi-

267 2057 368 2084 tabant.
395 2057 521 2084 Christus
537 2065 604 2084 vero
630 2057 698 2092 ipse,
715 2058 762 2092 qui
779 2065 809 2084 se
826 2057 916 2084 aiebat
939 2066 991 2084 non
1011 2066 1054 2085 oe-

267 2103 334 2129 uisse
344 2103 393 2129 nisi
408 2103 442 2129 ad
452 2111 510 2129 oves
525 2111 593 2138 quae
605 2104 737 2138 perierant
748 2103 838 2130 domus
854 2103 948 2136 Israel,
958 2104 1051 2131 Matth.

266 2147 323 2179 XV,
339 2147 383 2178 2b,
397 2152 498 2179 tamen,
516 2152 547 2175 ut
561 2148 663 2175 ibidem
677 2148 710 2180 ν,
723 2148 755 2175 21
781 2148 894 2181 dicitur,
904 2150 1008 2176 secessit
1025 2150 1053 2176 in

267 2197 356 2225 partes
367 2193 427 2229 Tyri
441 2198 466 2220 et
477 2193 592 2226 Sidonis,
605 2194 679 2229 quod
690 2199 719 2222 et
732 2194 840 2222 Marcus
853 2202 913 2230 cap.
931 2195 977 2222 νη
989 2203 1054 2222 con-

267 2240 366 2271 ﬁrmat,
382 2243 410 2266 et
423 2239 460 2266 ibi
477 2240 583 2267 curavit
599 2239 682 2267 ﬁliam
696 2239 884 2271 Chananaeae,
901 2245 983 2275 prout
1002 2240 1054 2268 ibi-

264 2288 326 2312 dem
351 2285 538 2321 Evangelistae
564 2290 693 2318 narrant;
723 2286 801 2320 quasi
825 2290 855 2313 ut
877 2285 1051 2319 ostenderet,

268 2330 430 2358 Phoenicem
440 2331 494 2366 jam
508 2335 565 2358 tum
577 2331 611 2358 ad
624 2331 819 2363 Palaestinam,
834 2334 916 2366 prout
931 2331 998 2358 haec
1014 2331 1054 2359 ls-

267 2377 417 2405 raeliticain
435 2378 572 2413 regionem
588 2377 709 2409 denotat,
731 2378 906 2413 pertinuisse.
920 2378 1001 2406 Certe
1025 2378 1053 2405 in

267 2424 389 2451 historiis
407 2432 546 2451 sacrarum
566 2424 768 2459 expeditionum
787 2424 898 2461 Tyrum.
912 2425 1052 2458 Sidonem,

265 2476 295 2498 et
311 2470 484 2498 Phoenicium
499 2470 653 2497 universam
673 2470 839 2497 Palaestinae
859 2474 963 2505 partem
979 2470 1054 2497 vide-

267 2527 329 2546 lllllS
352 2519 481 2545 habitam.
504 2517 680 2552 Antiquiores
698 2525 764 2543 vero
782 2517 861 2552 longe
884 2517 964 2545 latius
986 2517 1054 2545 ﬁnes

267 2565 436 2593 Palaestinae
444 2569 634 2600 porrexerunt,
645 2569 675 2591 ut
682 2563 804 2595 Ovidius,
814 2564 860 2599 qui
869 2564 956 2599 ripam
964 2564 1053 2601 Tigris

269 2611 358 2639 amnis
368 2611 517 2647 marginem
527 2612 696 2639 Palaestinae
707 2617 784 2639 vacat
795 2612 841 2639 illo
848 2620 925 2639 versu
939 2612 1010 2639 Fast.
1019 2611 1052 2638 ll.

365 2663 448 2698 Inque
463 2663 630 2691 Palaestinae
647 2665 765 2699 margine
777 2664 843 2691 sedit
861 2672 956 2698 aquae,

269 2715 452 2751 adstipulante
472 2716 579 2748 Plinio,
605 2717 652 2751 qui
679 2717 727 2744 lib.
752 2717 782 2743 Vl
801 2724 860 2751 cap.
878 2716 913 2744 28
937 2716 1054 2744 Sittace-

269 2769 331 2788 ncm
351 2762 488 2797 regionem
504 2761 576 2798 Tigri
597 2763 754 2789 continuam
769 2762 937 2789 Palaestinae
956 2770 1054 2790 accen-

271 2811 328 2837 set:
341 2810 371 2833 ut
381 2807 504 2834 omittam
518 2807 591 2842 quod
607 2811 724 2835 testatur
744 2808 916 2840 Plutarchus,
934 2808 1055 2843 Strymo-

272 2859 334 2877 nem
346 2851 517 2890 Macedoniae
531 2852 644 2879 fluvium
658 2852 841 2879 Palaestinam
854 2852 918 2879 olim
929 2852 1034 2880 dictum
1046 2860 1053 2879 :

273 2896 342 2924 cur?
359 2896 410 2924 nisi
423 2897 495 2931 quod
515 2898 666 2925 Palaestina
680 2906 713 2926 co
727 2906 813 2932 usque
832 2897 956 2932 protendi
977 2897 1054 2925 vide-

1063 1580 1085 1609 (Ξ

1068 2251 1090 2280 D

1089 277 1208 306 deletam
1229 279 1326 314 primis
1349 280 1489 308 Ecclesiae
1512 281 1640 314 saeculis,
1656 285 1685 308 et
1711 281 1745 309 ιν
1764 283 1876 317 potissi-

1089 332 1176 358 mum,
1188 332 1244 360 quo
1260 325 1383 354 Zosimas
1393 326 1512 358 vivebat,
1530 331 1562 355 ut
1574 327 1761 359 ostendemus,
1773 327 1875 364 Tyrum

1090 370 1242 398 Palaestina
1253 371 1336 399 fuisse
1348 373 1582 408 comprehensam.
1593 373 1693 400 Herodi
1703 381 1768 400 sane
1780 373 1877 409 Agrip-

1090 425 1159 452 pae.
1184 418 1277 452 nepoti
1307 418 1422 446 Herodis
1450 419 1559 454 Magni,
1580 427 1650 446 -cum
1677 419 1729 447 sub
1759 419 1876 448 Caesare

1090 462 1205 490 Claudio
1220 468 1329 498 pareret
1347 465 1465 492 maxima
1475 465 1595 492 Judacae
1612 473 1685 500 pars,
1699 469 1730 492 ut
1740 466 1820 494 docet
1829 466 1876 494 Jo-

1091 509 1193 543 sephus
1217 509 1265 537 lib.
1300 509 1362 537 XIX
1383 511 1489 546 Antiq.,
1522 511 1661 546 subjectos
1676 511 1761 539 fuisse
1781 511 1878 548 Tyrios

1091 558 1120 581 et
1146 555 1282 590 Sydonios
1312 555 1416 584 indicat
1438 556 1466 583 S.
1485 557 1573 584 Lucas
1595 556 1726 584 Actorum
1750 556 1808 589 ΧΠ,
1830 557 1876 584 20.

1091 600 1166 633 Quae
1179 609 1241 628 cum
1258 601 1295 629 ita
1311 603 1367 630 sint
1381 602 1483 634 omnia,
1501 610 1550 629 cur
1561 602 1695 630 alllrmare
1708 602 1877 634 dubitemus.

1092 647 1299 680 monasterium,
1311 647 1385 682 quod
1399 648 1471 683 apud
1488 648 1589 684 Tyrum
1603 647 1696 680 fuerit,
1712 656 1777 676 vere
1794 649 1878 676 situm

1093 691 1122 719 in
1136 692 1288 720 Palaestina
1301 693 1356 720 dici
1370 693 1513 728 potuisse?
1531 693 1655 721 Meminit
1671 697 1812 728 praeterea
1828 693 1879 721 Zo-

1092 737 1177 765 simas
1192 737 1220 764 in
1230 738 1349 773 quodam
1368 739 1496 774 Alloquio
1510 739 1708 774 campestrium,
1723 738 1771 766 ubi
1790 739 1829 765 ait
1848 746 1879 766 se

1093 783 1190 811 fuisse.
1201 783 1277 817 Quae
1294 783 1363 812 haec
1377 786 1545 820 campestria,
1566 784 1619 812 nisi
1638 791 1751 819 campus
1765 791 1879 819 magnus

1093 829 1230 858 Galilaeae
1248 834 1277 858 et
1300 831 1433 858 latissima
1449 831 1494 858 illa
1517 831 1645 866 planities
1668 835 1722 858 tam
1740 838 1821 865 saepe
1850 830 1879 857 in

1095 875 1245 910 Scripturis
1260 877 1430 904 memorata?
1441 876 1514 904 Alibi
1526 877 1575 908 ait,
1586 883 1616 904 se
1633 875 1828 911 Hierosolymis
1838 875 1881 902 di-

1096 927 1245 955 versatum,
1269 923 1347 955 alias,
1366 923 1513 958 quemdam
1538 930 1568 950 se
1594 921 1696 949 vidisse
1713 920 1878 953 Caesareae;

1095 968 1154 995 loca
1168 968 1236 996 haec
1245 968 1336 995 omnia
1347 968 1507 996 Palestinae.
1526 967 1647 1002 Denique
1661 967 1740 994 initio
1760 966 1880 1001 Alloquii

1095 1012 1155 1040 Xlll
1184 1013 1288 1040 lauram
1309 1013 1416 1041 abbatis
1441 1013 1574 1041 Gerasimi
1597 1017 1730 1040 memorat
1753 1016 1881 1047 tanquam

1096 1058 1214 1085 vicinam
1228 1058 1289 1086 loco
1301 1058 1330 1085 in
1343 1066 1398 1093 quo
1410 1062 1476 1085 tunc
1484 1058 1607 1086 Zosimas
1627 1057 1758 1092 degebat;
1779 1064 1881 1084 coeno-

1097 1104 1144 1131 bio
1152 1111 1248 1139 nempe
1260 1112 1344 1139 prope
1354 1104 1512 1136 Jordanem,
1532 1111 1587 1139 quo
1605 1111 1639 1131 ex
1655 1103 1737 1138 Tyrio
1750 1103 1870 1138 migrave

1098 1154 1154 1177 rat:
1162 1149 1247 1178 fuisse
1253 1154 1343 1177 autem
1354 1150 1458 1177 lauram
1465 1157 1574 1185 quoque
1584 1149 1641 1177 sive
1649 1153 1773 1176 monaste
1788 1148 1793 1183 |
1810 1147 1881 1174 riunt

1097 1196 1230 1224 Gerasimi
1259 1196 1444 1232 propinquum
1465 1196 1597 1229 Jordani,
1622 1195 1696 1222 clare
1721 1194 1802 1222 docet
1827 1193 1883 1220 Mo—

1098 1242 1181 1269 schus
1190 1249 1249 1277 cap.
1262 1242 1329 1270 CVll
1344 1242 1417 1269 Prati
1430 1242 1471 1270 sic
1483 1242 1606 1270 scribens
1619 1250 1626 1268 :
1642 1249 1693 1268 uno
1715 1241 1768 1275 fere
1783 1239 1882 1266 millia-

1099 1289 1139 1316 rio
1156 1289 1237 1316 distat
1260 1297 1277 1315 α
1297 1287 1415 1316 Iordane
1426 1288 1616 1315 monasterium
1630 1287 1700 1322 quod
1722 1286 1822 1313 abbatis
1835 1285 1884 1313 Ce-

1099 1335 1191 1361 rasimi
1203 1335 1309 1361 dicitur.
1326 1333 1367 1361 Ex
1381 1333 1424 1361 his
1446 1333 1600 1365 coniicitur,
1610 1338 1664 1360 tam
1682 1332 1818 1360 Zosimam
1835 1331 1882 1358 Al-

1099 1380 1254 1415 loquiorum
1283 1383 1443 1411 auctorem,
1474 1386 1555 1414 quam
1583 1382 1754 1414 repertorem
1783 1377 1883 1405 Mariae

1099 1426 1278 1462 Aegyptiacae
1288 1426 1317 1454 in
1333 1427 1486 1454 Palaestina
1501 1425 1612 1454 vixisse.

1135 1473 1192 1500 Xll.
1211 1472 1344 1501 Secundus
1353 1477 1396 1501 est
1411 1473 1554 1500 character
1568 1470 1722 1499 identitatis
1739 1470 1884 1505 utriusque

1100 1519 1234 1552 Zosimae,
1250 1519 1348 1554 genius
1359 1519 1502 1546 amborum
1518 1526 1590 1546 unus
1603 1525 1635 1545 ac
1657 1524 1757 1544 mores.
1774 1516 1886 1543 Relator

1100 1565 1230 1593 Aetorum
1242 1565 1351 1597 Mariae,
1362 1565 1436 1600 quod
1453 1573 1468 1592 e
1480 1565 1583 1599 scripto
1604 1563 1731 1599 anonymi
1756 1561 1884 1589 monachi

1101 1615 1186 1646 patet,
1204 1611 1302 1639 doctus
1326 1610 1438 1646 quidem
1457 1614 1485 1637 et
1501 1609 1623 1638 disertus
1641 1609 1683 1636 vir
1706 1608 1767 1639 fuit.
1785 1607 1885 1635 docere

1102 1660 1190 1684 tamen
1206 1656 1267 1683 viva
1286 1650 1446 1692 praesentes
1461 1663 1528 1683 voce
1547 1659 1694 1683 contentus
1707 1662 1722 1682 a
1739 1653 1886 1681 scribendo

1101 1701 1244 1729 abstinuit.
1274 1701 1426 1730 Audiamus
1450 1701 1503 1729 hoc
1531 1705 1677 1728 testantem
1704 1706 1885 1734 anonymum;

1101 1748 1141 1775 sic
1160 1756 1235 1775 num.
1252 1747 1270 1774 2
1288 1747 1385 1775 scribit
1405 1756 1412 1774 :
1435 1747 1489 1775 Iste
1511 1746 1630 1774 Zosimas
1649 1746 1806 1773 orthodoxus
1825 1745 1885 1780 fuit,

1101 1794 1146 1828 qui
1157 1794 1184 1820 in
1199 1801 1252 1820 uno
1263 1792 1485 1820 monasteriorum
1498 1791 1619 1828 [nempe
1642 1791 1735 1827 Tyrio,
1750 1799 1784 1818 ex
1803 1798 1885 1825 supra

1102 1838 1198 1874 dictis]
1218 1839 1249 1866 ab
1267 1839 1342 1866 initio
1368 1843 1542 1870 conversatus,
1564 1846 1610 1873 per
1623 1845 1699 1864 omne
1720 1837 1886 1864 exercitatio—

1102 1885 1142 1912 nis
1156 1884 1263 1921 [graece
1275 1885 1384 1922 ascesis]
1398 1892 1479 1920 genus
1493 1884 1617 1920 probatus
1631 1888 1679 1915 est,
1694 1888 1719 1910 et
1734 1883 1769 1910 ad
1783 1890 1887 1909 onmem

1103 1932 1227 1958 uirtutem
1240 1934 1411 1966 congruenter
1425 1931 1572 1962 institutus,
1592 1934 1677 1957 totum
1692 1929 1797 1965 quidem
1813 1929 1886 1956 ordi-

1102 1985 1162 2004 nem
1174 1977 1201 2003 in
1215 1976 1341 2003 eiusmodi
1353 1976 1490 2011 palaestra
1508 1976 1616 2003 solitum
1628 1975 1730 2002 servari
1739 1975 1887 2006 custodiuit,

1103 2022 1188 2049 multa
1205 2030 1264 2049 vero
1279 2026 1302 2048 et
1320 2026 1413 2057 sponte
1428 2022 1532 2054 adiecit,
1546 2021 1633 2049 solens
1654 2029 1760 2048 carnem
1783 2021 1889 2056 spiritui

1101 2068 1247 2100 subiicere;
1260 2067 1328 2103 quod
1351 2068 1390 2094 ita
1405 2068 1428 2094 ei
1451 2068 1582 2100 successit,
1600 2072 1630 2094 ut
1649 2072 1756 2103 propter
1777 2066 1890 2093 multam

1103 2123 1191 2141 rerum
1207 2114 1387 2150 spiritualium
1409 2114 1596 2149 experientiam
1616 2114 1722 2149 saepius
1737 2121 1769 2140 ea:
1786 2113 1888 2144 vicinis,

1104 2165 1150 2188 aut
1161 2162 1241 2188 etiam
1259 2160 1440 2188 remotioribus
1464 2161 1628 2188 monasteriis
1641 2160 1676 2187 ad
1698 2168 1757 2187 eum
1773 2160 1890 2194 conflue-

1104 2213 1162 2235 rent
1189 2207 1286 2243 plures,
1300 2207 1382 2243 ipsius
1406 2207 1527 2234 doctrina
1553 2207 1588 2234 ad
1605 2206 1789 2242 perfectionem
1807 2205 1892 2240 infor-

1103 2253 1203 2280 mandi.
1215 2253 1255 2280 lta
1267 2253 1322 2281 ille.
1342 2253 1384 2280 An
1400 2261 1456 2280 non
1476 2253 1544 2281 haec
1557 2257 1586 2280 et
1606 2252 1777 2280 occasionem
1801 2256 1829 2279 et
1845 2259 1891 2279 ar-

1103 2304 1262 2335 gumentum
1273 2299 1372 2327 horum
1385 2299 1575 2334 Alloquiorum
1588 2299 1732 2326 manifeste
1750 2297 1893 2325 indicant?

1104 2345 1202 2373 Subdit
1222 2353 1285 2372 mox
1309 2345 1402 2373 idem:
1425 2345 1492 2373 Cum
1508 2350 1597 2372 autem
1612 2349 1716 2372 tantam
1738 2345 1892 2372 animarum

1104 2393 1306 2419 tractandarum
1335 2393 1460 2427 peritiam
1483 2396 1616 2419 assecutus
1638 2396 1704 2419 esset
1719 2399 1810 2423 senex,
1820 2400 1890 2418 nun-

1103 2447 1184 2473 quam
1199 2437 1334 2465 remissius
1347 2439 1400 2473 egit
1413 2439 1442 2465 in
1460 2438 1630 2465 meditatione
1643 2437 1807 2473 eloquiorum
1823 2437 1891 2464 divi-

1104 2493 1208 2517 norum,
1221 2485 1266 2512 sed
1284 2484 1421 2512 insistebat
1436 2485 1538 2517 iisdem,
1558 2493 1604 2511 seu
1616 2484 1778 2511 decumberet
1794 2488 1891 2516 strato,

1102 2539 1148 2558 seu
1167 2536 1326 2566 assurgeret,
1336 2531 1377 2558 vel
1389 2531 1525 2566 quidpiam
1538 2531 1658 2558 manibus
1669 2535 1824 2566 operaretur
1835 2533 1890 2557 cet.

1103 2577 1242 2612 Nusquam
1259 2578 1304 2605 hic
1318 2577 1476 2612 scriptionis
1491 2577 1613 2610 ruentia;
1629 2586 1682 2612 qua
1691 2582 1768 2605 certo
1784 2581 1813 2604 et
1824 2577 1894 2604 irre-

1103 2623 1220 2650 vocabili
1238 2623 1342 2659 judicio
1361 2623 1527 2652 abstinuisse
1547 2623 1684 2651 Zosimam
1709 2623 1779 2650 nihil
1807 2631 1894 2659 magis

1104 2667 1236 2701 declarat,
1253 2677 1335 2704 quam
1358 2669 1432 2705 quod
1449 2669 1516 2697 Acta
1535 2673 1590 2696 tam
1616 2669 1685 2696 mira
1710 2669 1811 2696 Mariae
1825 2677 1894 2704 poe-

1104 2713 1229 2746 nitentis,
1248 2720 1365 2748 quorum
1389 2721 1461 2741 unus
1479 2718 1552 2741 esset
1574 2713 1632 2749 ipse
1657 2713 1800 2745 conscius,
1825 2714 1897 2740 scri—

1105 2760 1160 2795 ptis
1170 2759 1244 2787 haud
1256 2760 1435 2792 commiserit,
1451 2767 1564 2787 narrare
1580 2760 1666 2787 verbo
1685 2759 1753 2787 satis
1778 2759 1895 2786 habens.

1106 2805 1151 2833 Sic
1167 2805 1241 2832 enim
1260 2805 1377 2832 habetur
1397 2813 1473 2832 num.
1496 2804 1530 2832 40
1550 2805 1674 2833 eiusdem
1697 2804 1866 2832 narrationis
1888 2813 1894 2830 :

1105 2851 1224 2879 Zosimas
1238 2861 1355 2880 reversus
1378 2853 1406 2880 in
1422 2854 1573 2881 coenobium
1585 2853 1620 2888 [a
1638 2857 1733 2881 curato
1744 2853 1773 2880 S.
1795 2852 1898 2879 Mariae

1107 2899 1285 2935 Aegyptiacae
1299 2899 1416 2935 funere]
1433 2901 1553 2928 narrauit
1565 2900 1655 2928 omnia
1669 2900 1814 2932 monachis,
1831 2897 1898 2926 mbil
