2048 3153
179 127 232 156 3's!)

669 130 714 158 AD
731 129 912 158 OPUSCULA
931 130 960 158 S.
981 129 1121 157 MACARII
1140 129 1309 159 AEGYPTII.

1745 135 1801 165 διδ

180 197 269 216 eorum
280 197 350 224 quae
361 189 483 216 audierat
492 198 524 217 ac
532 189 633 218 viderat
642 191 762 219 reticens.
777 192 861 219 Paulo
881 196 942 226 post
957 200 964 218 :
979 195 1002 223 Λ
1015 191 1087 218 malo
1102 195 1144 218 est
1163 191 1312 219 abscedere
1330 193 1498 228 compulsus.
1514 193 1591 222 Unde
1613 194 1644 222 ob
1662 202 1720 223 eam
1734 204 1798 223 eau-

179 235 418 262 Perseveraverunt
439 239 528 263 autem
552 237 674 264 monachi
695 238 759 264 haec
773 238 831 273 ipsa
847 247 893 273 per
907 243 964 265 tra—

179 280 305 307 ditionem
333 280 505 308 discentes....
533 282 580 309 sed
604 291 657 310 non
690 283 778 310 audivi
807 292 965 319 quamquam

179 327 277 362 scripto
293 326 419 362 signasse.
440 327 517 354 Adeo
540 335 556 354 a
569 328 715 356 scribendo
730 329 812 356 alieni
831 333 910 356 erant
925 329 964 356 illi

179 375 288 399 veteres
315 375 422 399 ascetae
442 373 540 405 sancti,
565 373 616 400 sibi
638 374 766 402 videlicet
788 382 822 402 ex
840 375 965 402 instituto

180 418 249 452 unis_
259 421 398 450 vacantes,
415 419 541 453 exemplo
561 419 672 446 Antonii
692 420 791 455 Magni,
809 420 856 456 qui
873 421 966 456 cogni-

179 468 235 491 tam
251 471 267 490 a
283 470 313 490 se
326 463 385 490 solo
401 463 555 491 mirabilem
571 464 654 491 vitam
673 465 748 492 Pauli
762 465 844 500 primi
863 466 964 493 eremi-

179 513 233 541 tae,
250 508 345 536 multis
369 508 435 535 licet
459 509 537 537 annis
555 510 581 537 ei
607 514 757 545 superstes,
776 519 828 539 nec
845 512 963 547 scripsit,

177 562 230 582 nec
244 554 369 587 dictavit,
390 562 457 582 voce
480 559 585 582 tantum
607 564 720 584 narrare
743 561 898 589 contentus,
917 565 965 592 po-

178 601 304 628 steritate
320 601 348 628 id
368 601 535 636 ignoratum,
550 601 604 629 nisi
620 601 801 638 Hieronymus
812 603 888 630 Pauli
904 611 963 630 me—

178 647 294 674 moriam
307 654 323 674 e
338 646 480 682 discipulis
489 646 601 674 Antonii
612 652 780 682 compertam
793 648 881 676 literis
897 656 963 676 con-

178 692 322 728 signasset.
339 692 381 720 Ad
397 701 478 728 quem
495 693 607 720 modum
617 693 747 727 Zosimas,
762 702 833 730 quae
845 695 964 722 admira-

179 738 245 766 bilia
263 739 298 766 de
314 738 397 766 Maria
411 739 570 774 poenitente
584 739 710 768 sensibus
722 748 853 776 praesens
866 742 964 770 hause-

179 789 231 816 rat,
243 785 307 816 etsi,
322 792 385 812 cum
408 785 595 812 centenariam
613 786 734 821 attigerit
748 791 875 820 aetatem,
889 792 920 814 ut
935 788 962 815 in

178 831 250 858 Vitis
270 831 383 858 Patrum
402 831 452 858 lib.
469 831 553 867 lpag.
567 832 619 859 299
638 832 740 860 diserte
760 833 886 866 traditur,
914 834 964 861 tri-

178 877 254 912 ginta
273 877 338 905 totis
351 878 495 905 minimum
510 879 590 906 annis
606 879 706 907 Mariae
723 879 903 916 Aegyptiacae
916 889 963 908 su—

178 923 347 959 pervixerit,
369 927 462 952 tamen
486 932 538 952 nec
563 925 632 959 ipse,
656 933 708 953 nec
727 925 788 953 eius
808 934 891 953 suasu
917 931 965 954 aut

177 974 276 1006 sponte
296 977 346 998 sua
369 969 515 1005 quisquam
536 971 692 999 auditorum
709 972 783 999 illius
806 980 837 1000 ea
859 973 965 1000 curavit

178 1015 208 1043 in
222 1015 347 1042 chartam
365 1014 485 1048 mittere,
500 1014 588 1042 donec
611 1023 673 1043 sero
687 1016 792 1043 exstitit
814 1024 965 1053 anonymus

178 1061 339 1094 monachus,
357 1061 403 1096 qui
422 1061 478 1088 Deo
490 1065 618 1088 movente
631 1061 710 1089 talem
725 1069 834 1097 operam
848 1062 965 1097 posteris

178 1112 330 1144 praestaret
349 1117 355 1134 :
376 1115 458 1142 quem
482 1108 611 1143 equidem
631 1108 732 1144 ipsum,
748 1113 796 1137 aut
817 1109 910 1136 divino
930 1109 966 1137 si—

178 1155 236 1182 mili
257 1158 362 1181 motum
382 1155 500 1190 impulsu
525 1154 610 1183 alium
625 1163 641 1183 e
658 1156 809 1183 coenobitis
830 1156 872 1186 vel
891 1156 965 1192 Tyrii

180 1200 294 1235 prioris,
310 1199 358 1228 ubi
373 1199 495 1228 Zosimas
509 1200 556 1227 diu
571 1200 649 1233 vixit,
664 1201 707 1229 vel
725 1201 839 1229 alterius
853 1201 964 1229 Jordani

178 1245 338 1280 propinqui,
367 1252 422 1280 quo
451 1245 505 1272 iam
529 1253 612 1273 senex
643 1246 779 1281 migravit,
806 1246 964 1274 monasterii

177 1290 336 1324 quempiam
350 1289 516 1326 crediderim
531 1290 600 1318 haec
613 1290 703 1322 nobis,
725 1298 795 1325 quae
814 1295 862 1318 aut
875 1291 933 1326 ipse
949 1299 966 1318 a

177 1335 288 1362 Zosima
302 1334 437 1367 audierat,
456 1339 503 1362 aut
516 1335 724 1362 erel'erentibus
737 1340 877 1370 cognorat,
893 1336 966 1363 Allo-

178 1381 244 1416 quia
255 1387 389 1413 sanasse,
406 1380 440 1408 iis
455 1380 558 1415 scripto
574 1381 799 1416 complectendis.

229 1427 234 1462 |
251 1427 367 1454 Tertium
379 1431 467 1455 exstat
478 1426 610 1454 indicium
627 1435 642 1454 a
661 1432 784 1463 tempore
794 1428 919 1460 ductum,
935 1428 964 1455 ni

179 1474 270 1505 fallor,
282 1474 433 1501 vehemens
448 1472 483 1500 ad
498 1473 680 1506 suadendum,
700 1474 731 1501 B.
751 1474 898 1507 Zosimam,
915 1483 965 1502 cu-

179 1521 224 1548 ius
237 1521 305 1547 haec
323 1520 448 1555 Alloquia
464 1527 564 1547 nomen
576 1519 745 1555 praeferunt,
765 1521 882 1548 eundem
907 1529 966 1549 esse
980 1533 1000 1562 ρ

179 1568 279 1602 ipsum,
294 1567 340 1602 qui
360 1566 388 1594 S.
403 1567 515 1595 Mariam
535 1567 728 1602 Aegyptiacam
748 1568 883 1603 sepelivit.
906 1568 966 1595 Non

179 1613 281 1640 multos
293 1621 341 1647 per
362 1620 395 1640 ea
409 1617 532 1648 tempora
553 1612 625 1640 fama
641 1613 764 1640 celebres
787 1614 872 1641 fuisse
889 1614 966 1642 Zosi-

179 1666 239 1686 mas
250 1658 354 1685 indicat
373 1665 524 1693 anonymus
541 1658 632 1686 editor
646 1658 775 1686 Actorum
791 1659 901 1693 Mariae,
920 1660 967 1695 qui

180 1711 260 1732 suum
284 1711 348 1730 cum
369 1708 465 1730 nostro
481 1704 670 1739 cognominem
691 1709 728 1737 et,
757 1709 787 1732 ut
810 1706 966 1738 credimus,

180 1758 266 1777 unum
295 1749 468 1784 eundemque
492 1757 508 1777 a
530 1750 637 1778 cunctis
663 1751 820 1786 synonymis
846 1759 875 1779 se
902 1752 969 1779 satis

178 1796 339 1824 distinxisse
354 1795 482 1829 credidit,
498 1796 545 1824 ubi
567 1804 631 1824 eum
646 1797 682 1824 ab
702 1805 758 1824 uno
783 1797 967 1830 discrevisset,

178 1841 239 1868 solo
259 1840 391 1868 videlicet
412 1845 479 1868 tunc
495 1844 562 1868 noto
584 1841 638 1869 alio
661 1841 779 1869 Zosima.
797 1842 838 1869 En
864 1842 891 1869 id
909 1844 969 1871 eius

180 1887 308 1915 testantia
325 1887 409 1914 verba
423 1896 430 1914 :
444 1887 528 1915 Nemo
554 1893 644 1914 autem
659 1887 831 1923 appellationi
853 1887 903 1915 soli
925 1889 968 1916 in-

178 1934 291 1961 haerens
303 1941 451 1960 sermonem
468 1933 531 1960 mihi
550 1933 680 1960 existimet
697 1942 752 1961 esse
771 1934 803 1961 de
813 1942 842 1961 eo
851 1934 967 1967 Zosima,

178 1981 225 2015 qui
258 1980 330 2006 circa
356 1979 504 2006 doctrinam
534 1978 625 2014 lapsus
654 1980 740 2006 minus
769 1984 837 2007 recte
868 1981 966 2015 sapuit.

178 2026 256 2054 Alius
274 2027 346 2053 enim
359 2026 410 2058 hic,
435 2030 460 2052 et
485 2025 532 2053 ille
555 2025 635 2058 alius,
660 2026 823 2061 multumque
845 2026 970 2062 differunt

179 2072 252 2099 inter
264 2078 302 2104 se,
317 2071 435 2106 quamvis
449 2069 679 2098 nomenclaturam
701 2071 777 2098 ambo
789 2072 900 2098 eandem
910 2080 969 2098 sor-

180 2118 234 2144 titi.
255 2116 301 2144 Sic
320 2117 379 2144 ille.
400 2115 431 2143 In
454 2115 535 2144 cuius
558 2116 651 2144 verbis
675 2116 698 2144 si
723 2118 882 2152 quaerimus
908 2118 971 2152 quis

179 2163 217 2190 sit
245 2162 289 2189 il'le
314 2162 385 2190 alius
404 2161 538 2195 Zosimas,
561 2163 606 2198 qui
624 2163 693 2190 circa
709 2163 857 2190 dactrinam
879 2163 969 2200 lapsus

1015 244 1074 264 sam
1082 236 1187 264 tandem
1195 237 1269 264 cessit
1281 238 1439 273 episcopatu,
1447 243 1476 265 ut
1484 239 1624 274 pristinum
1637 240 1685 267 sibi
1694 240 1801 276 linguae

1015 281 1131 317 ofﬁcium
1145 282 1297 310 redderetur
1310 291 1320 310 :
1333 283 1416 311 verba
1427 289 1490 311 sunt
1505 284 1667 317 Marcellini,
1679 285 1726 320 qui
1737 293 1800 312 mox

1015 328 1091 355 addit
1110 337 1116 354 :
1131 336 1182 355 non
1196 337 1237 355 res
1256 329 1379 364 antiquas
1394 330 1587 365 referimus.....
1604 339 1666 358 nam
1681 336 1704 357 et
1727 331 1803 358 hodie

1015 373 1134 401 Zosimas
1149 375 1177 412 in
1191 383 1300 410 corpore
1319 380 1368 408 est,
1384 384 1461 402 usum
1481 376 1585 411 linguae
1604 385 1656 403 non
1667 378 1802 409 amittens,

1015 424 1154 455 postquam
1173 420 1269 447 maluit
1290 429 1350 448 cum
1368 422 1507 448 amissione
1525 423 1687 457 episcopatus
1705 423 1800 449 vivere.

1015 466 1107 493 Videri
1125 470 1215 501 potest
1238 466 1284 494 hic
1301 466 1423 494 Zosimas
1446 471 1501 494 tam
1527 467 1647 495 evidenti
1669 468 1804 495 miraculo

1014 510 1173 545 resipuisse,
1189 517 1259 545 quae
1279 518 1362 537 causa
1378 510 1494 537 fortasse
1513 510 1597 538 fuerit
1615 519 1749 546 anonymo
1768 512 1802 539 de

1014 555 1074 583 eius
1087 563 1183 582 errore
1202 560 1232 582 ut
1243 556 1391 591 praeterito
1407 556 1547 591 loquendi.
1563 556 1700 592 Quidquid
1722 557 1751 584 in
1771 565 1802 585 re

1014 601 1059 634 sit,
1077 609 1111 629 ex
1124 602 1167 629 his
1181 602 1323 635 habemus,
1344 606 1373 629 et
1389 601 1417 629 S.
1429 602 1565 629 Zosimam
1578 607 1606 629 et
1626 603 1710 629 alium
1729 603 1803 630 eius

1014 645 1076 672 dem
1090 646 1210 673 nominis
1223 654 1278 673 non
1290 650 1415 673 sanctum
1429 646 1525 673 eodem
1540 651 1673 682 tempore,
1683 647 1736 674 hoc
1748 653 1801 680 est,

1014 691 1066 719 sub
1079 691 1160 719 linem
1174 693 1265 726 quarti
1288 692 1389 719 saeculi
1404 691 1516 719 vixisse.
1533 692 1590 719 Hoc
1608 692 1720 727 quidem
1740 692 1801 719 hie-

1014 737 1182 764 romonacho
1200 737 1230 763 Β.
1246 737 1338 764 abbati
1357 736 1481 764 Zosimae
1496 738 1636 772 competit.
1651 738 1719 764 Nam
1739 745 1802 765 cum

1014 781 1108 809 Daniel
1118 782 1322 817 Papebrochius
1338 787 1433 810 noster
1445 782 1524 809 Tom.
1543 782 1553 810 Ι
1570 783 1658 818 April.
1685 791 1746 819 pag.
1767 783 1803 811 68

1015 832 1110 862 argute
1124 827 1295 856 demonstret
1315 836 1350 855 ex
1369 828 1529 855 charactere
1543 829 1674 862 Paschae,
1695 829 1723 856 S.
1746 829 1803 857 Ma-

1015 874 1083 901 riam
1109 874 1302 911 Aegyptiacam
1322 875 1423 902 obiisse
1451 875 1496 902 die
1522 875 1533 902 l
1553 875 1640 910 April.
1657 884 1801 911 parasceve

1014 920 1133 947 Paschae
1149 928 1220 947 anno
1235 921 1339 948 Christi
1351 921 1414 953 452,
1445 925 1591 956 postquam
1611 922 1701 957 pridie
1721 930 1736 949 a
1751 922 1803 950 Ζο-

1015 965 1083 993 sima
1097 965 1207 993 circiter
1229 966 1439 1001 septuagenario
1453 974 1560 993 sacrum
1578 966 1681 994 Christi
1703 975 1802 1004 corpo-

1016 1011 1054 1038 ris
1073 1015 1102 1038 et
1121 1011 1260 1047 sanguinis
1279 1012 1410 1039 viaticum
1432 1012 1610 1047 percepisset,
1625 1013 1802 1041 manifestum

1014 1061 1067 1088 est,
1087 1065 1151 1084 eum
1170 1057 1264 1084 multis
1282 1057 1362 1084 annis
1375 1061 1437 1084 ante
1457 1057 1707 1092 quingentesimum
1723 1066 1802 1086 acrae

1014 1103 1114 1130 Christi
1125 1111 1180 1130 non
1197 1103 1284 1130 solum
1303 1103 1414 1136 vixisse,
1434 1103 1482 1131 sed
1502 1104 1584 1131 vitam
1604 1103 1687 1131 etiam
1706 1104 1804 1131 asceti—

1015 1156 1074 1176 eam
1097 1149 1267 1176 sanctissime
1290 1150 1408 1176 coluisse
1442 1150 1470 1176 in
1493 1150 1579 1184 priori
1600 1150 1672 1185 apud
1701 1150 1803 1186 Tyrum

1015 1194 1190 1226 monasterio,
1202 1202 1235 1221 ex
1248 1202 1313 1228 quo,
1335 1199 1480 1229 antequam
1499 1195 1526 1221 iu
1542 1195 1615 1221 aliud
1637 1195 1745 1222 lordani
1765 1195 1804 1222 ci-

1016 1239 1112 1266 timum
1145 1239 1285 1275 migraret,
1316 1240 1399 1266 vitam
1426 1240 1582 1274 religiosam
1607 1248 1636 1268 se
1660 1241 1688 1267 in
1714 1241 1803 1275 primo

1014 1285 1170 1313 exercuisse
1194 1292 1242 1320 per
1262 1292 1348 1315 annos
1371 1289 1427 1312 tres
1452 1289 1480 1312 et
1504 1285 1701 1320 quinquaginta
1735 1285 1803 1320 ipse,

1016 1338 1047 1359 ut
1064 1331 1142 1367 prius
1154 1331 1285 1362 vidimus,
1307 1335 1434 1358 testatur.
1459 1331 1608 1358 Conﬁrmat
1629 1331 1700 1359 hanc
1722 1331 1806 1358 chro—

1015 1377 1150 1412 nologiam
1180 1381 1253 1404 totus
1274 1376 1464 1411 Alloquiorum
1497 1376 1620 1404 Zosimae
1647 1381 1804 1404 contextus.

1014 1422 1082 1449 Nam
1108 1422 1146 1449 ibi
1177 1426 1205 1449 et
1226 1422 1369 1457 Evagrius,
1401 1430 1456 1449 non
1483 1422 1528 1450 ille
1559 1422 1723 1458 Origcnista,
1756 1423 1806 1451 sed

1015 1468 1087 1494 alius
1102 1467 1240 1502 antiquior
1253 1467 1442 1495 sanctissimus
1463 1468 1573 1495 Macarii
1594 1468 1756 1503 discipulus,
1776 1473 1806 1496 et

1017 1513 1190 1546 Pachomius,
1206 1514 1306 1548 aliique
1323 1513 1397 1549 paris
1417 1514 1589 1549 antiquitatis
1607 1519 1738 1549 tanquam
1755 1514 1807 1542 ho—

1019 1560 1107 1587 mines
1120 1560 1237 1587 reccutis
1249 1561 1397 1587 memoriae
1414 1560 1609 1593 nominantur;
1631 1559 1679 1587 sed
1695 1564 1723 1587 et
1742 1567 1805 1587 cum

1017 1606 1070 1633 alia
1090 1605 1245 1633 refcrantur
1263 1614 1297 1632 ex
1309 1605 1378 1633 Vitis
1388 1610 1416 1632 et
1432 1605 1506 1633 Actis
1521 1606 1643 1637 Patrum,
1658 1605 1728 1632 nihil
1745 1613 1806 1633 om-

1017 1651 1084 1678 nino
1104 1651 1230 1686 proditur
1248 1659 1304 1678 non
1335 1659 1407 1678 anno
1432 1651 1534 1679 Christi
1550 1651 1808 1688 sesquiquiugente-

1018 1697 1088 1724 simo
1112 1697 1245 1724 anterius.
1275 1697 1315 1724 Ex
1342 1697 1385 1725 his
1411 1697 1517 1733 corrige
1542 1705 1613 1732 quae
1645 1697 1807 1725 Rosweidus

1018 1748 1112 1770 noster
1124 1763 1132 1775 ,
1151 1743 1237 1778 decep
1253 1742 1258 1778 Ι
1275 1748 1319 1770 tus
1343 1748 1473 1778 corrupto
1496 1743 1653 1779 apographo
1674 1743 1806 1770 Actorum

1017 1792 1197 1828 Aegyptiacae
1223 1792 1324 1819 Mariae
1348 1792 1400 1819 sub
1424 1792 1493 1819 falso
1520 1791 1633 1818 nomine
1659 1791 1806 1826 Sophronii

1017 1839 1138 1874 vulgato,
1155 1838 1296 1865 annotavit
1319 1837 1354 1864 ad
1373 1838 1449 1865 Vitas
1469 1838 1580 1864 Patrum
1605 1845 1666 1872 pag.
1688 1837 1740 1864 299
1764 1836 1808 1864 his

1018 1885 1110 1913 verbis
1130 1893 1136 1911 :
1159 1884 1264 1912 Claruit
1281 1883 1369 1915 Maria
1389 1884 1550 1919 Aegyptiam
1575 1883 1732 1918 temporibus
1756 1882 1806 1909 Ju-

1017 1931 1080 1957 stini
1105 1930 1216 1957 sanioris
1241 1930 1312 1956 circa
1338 1937 1438 1956 annum
1463 1929 1570 1955 Domini
1592 1928 1653 1955 520.
1679 1928 1718 1955 Ea
1732 1926 1807 1955 enim

1018 1976 1249 2004 mctachronismo
1272 1975 1397 2002 laborare
1422 1974 1522 2009 integri
1544 1973 1602 2001 fere
1623 1973 1724 2000 saeculi
1741 1980 1808 2000 eru-

1018 2023 1075 2050 dite
1089 2022 1258 2051 demonstrat
1268 2029 1350 2056 supra
1362 2020 1488 2047 laudatus
1500 2020 1713 2055 Papebrochius,
1725 2027 1808 2053 quem

1019 2070 1083 2097 vide
1100 2069 1178 2096 Tom.
1197 2068 1207 2095 Ι
1223 2067 1324 2102 Aprilis
1339 2075 1353 2094 a
1376 2075 1435 2102 pag.
1457 2067 1490 2093 67
1514 2066 1548 2093 ad
1572 2066 1615 2093 70.
1635 2066 1697 2093 lure
1725 2066 1810 2101 igitur

1019 2119 1114 2142 nostro
1134 2113 1186 2140 hoc
1200 2112 1379 2148 Opusculuin,
1396 2112 1424 2138 Β.
1440 2111 1563 2138 Zosimae
1582 2110 1709 2145 Alloquia
1731 2118 1808 2136 coni-

1022 2160 1163 2196 plectens,
1182 2158 1336 2193 superiori,
1360 2157 1433 2192 quod
1456 2158 1484 2184 ὃ.
1507 2156 1727 2192 Amphilochium
1752 2155 1811 2182 lco—

180 2210 271 2236 minus
288 2213 358 2235 recte
370 2208 469 2243 sapuit,
492 2207 603 2236 docebit
621 2208 648 2236 id
674 2216 725 2236 nos
743 2209 916 2236 Marcellinus
940 2209 969 2236 in
985 2203 1006 2231 υ
1021 2207 1144 2234 niensem
1165 2205 1325 2241 episcopum
1351 2204 1434 2231 habet
1456 2207 1613 2234 auctorem,
1636 2202 1694 2229 sine
1718 2200 1810 2227 medio

181 2255 232 2282 lib.
244 2255 283 2282 De
300 2254 449 2282 schismate
466 2254 583 2282 Ursicini
598 2259 626 2282 et
640 2255 757 2286 Damasi,
775 2263 857 2290 quem
868 2255 970 2282 librum

180 2308 246 2328 cum
269 2309 304 2328 ex
330 2301 434 2328 recenti
464 2301 598 2328 memoria
620 2301 772 2336 scripserit,
795 2301 972 2337 intelligimus

180 2347 245 2374 eius
253 2351 395 2374 auctorem
408 2347 460 2374 sub
474 2347 599 2379 Damaso,
613 2351 662 2374 aut
675 2347 757 2381 paulo
767 2350 837 2382 post,
851 2347 904 2374 hoc
918 2352 970 2380 est,

181 2391 296 2419 circiter
323 2399 426 2419 annum
444 2391 550 2419 Christi
576 2392 628 2419 590
653 2392 790 2420 ﬂoruisse.
818 2392 859 2419 lbi
879 2397 971 2420 autem

182 2437 310 2464 meminit
324 2437 465 2465 cuiusdam
478 2437 579 2464 Zosimi
590 2437 647 2465 sive
655 2437 778 2465 Zosimae
784 2445 864 2473 quem
879 2437 972 2465 Ariani

182 2482 243 2509 suis
259 2482 378 2509 tinctum
403 2481 547 2510 erroribus
562 2482 591 2509 in
613 2478 899 2518 episcopatum‘urbis
922 2490 972 2518 per

183 2527 291 2555 Italiam
310 2527 400 2554 clarae
420 2526 561 2562 Neapolis,
577 2527 667 2554 eiecto
691 2527 756 2555 inde
777 2527 930 2555 orthodoxo
945 2532 973 2556 et

183 2577 281 2600 sancto
314 2573 445 2608 episcopo
470 2573 597 2604 Maximo,
624 2573 805 2601 intruserunt.
821 2573 900 2601 Hunc
924 2582 973 2601 sua

184 2627 274 2654 poena
283 2619 421 2646 celebrem
432 2619 506 2646 fecit.
519 2619 654 2654 Aggresso
667 2619 740 2646 enim
748 2620 902 2655 episcopale
913 2619 972 2647 otii-

184 2665 259 2692 cium
282 2664 311 2691 in
322 2664 439 2692 ecclesia
457 2664 636 2699 Neapolitana
645 2663 733 2696 obire,
749 2664 933 2691 intumescens
947 2663 971 2690 ei

184 2711 278 2746 lingua
293 2715 369 2737 extra
379 2717 412 2738 os
426 2710 552 2742 excessit,
568 2717 620 2737 nec
632 2710 686 2737 nisi
699 2710 807 2737 Zosima
817 2715 893 2737 extra
905 2714 974 2736 tem—

186 2757 261 2792 plum
278 2764 388 2792 egresso
400 2756 503 2784 retrahi
516 2756 615 2791 potuit.
627 2755 686 2789 Quo
700 2755 781 2788 facto,
798 2763 861 2783 cum
872 2755 973 2782 iterum

187 2811 218 2831 ac
239 2803 322 2830 tertio
347 2803 470 2830 Zosimas
497 2806 629 2830 tentasset
644 2802 784 2839 ingressus
808 2802 904 2830 aedem
929 2809 973 2829 sa-

187 2857 262 2876 cram
278 2849 427 2884 episcopali
447 2849 523 2884 fungi
541 2857 665 2881 munere,
687 2849 768 2892 toties
782 2849 842 2884 pari
861 2854 972 2876 coactus

1021 2252 1223 2288 coniungimus,
1240 2250 1365 2278 ordinem
1383 2255 1537 2285 temporum
1555 2248 1652 2280 secuti,
1668 2255 1723 2282 quo
1737 2247 1810 2274 vitae

1021 2300 1183 2335 digeruntur
1198 2298 1342 2325 amborum
1356 2297 1394 2324 ita
1407 2301 1589 2331 comparatae,
1605 2299 1636 2322 ut
1650 2300 1810 2321 communes

1021 2354 1109 2374 annos
1130 2344 1235 2379 aliquot
1259 2344 1425 2375 habuerint,
1454 2340 1638 2377 Amphilochii
1668 2342 1810 2366 senectute

1022 2394 1204 2419 concurrente
1218 2398 1281 2417 cum
1296 2389 1421 2417 Zosimae
1435 2387 1630 2415 adolescentia.

1056 2438 1117 2465 Non
1129 2436 1183 2463 erit
1206 2435 1255 2463 abs
1275 2443 1323 2468 re,
1350 2435 1396 2462 hic
1418 2435 1451 2461 ad
1475 2439 1628 2461 extremum
1651 2431 1809 2461 admonere,

1022 2484 1152 2512 loauncm
1175 2482 1336 2515 Moschum,
1351 2481 1415 2509 libri
1437 2480 1555 2508 celebris
1576 2479 1632 2514 jam
1657 2478 1723 2505 olim
1752 2481 1781 2504 et
1795 2484 1810 2504 a

1023 2532 1099 2556 sexta
1129 2526 1250 2563 generali
1269 2527 1378 2563 Synodo
1395 2526 1509 2557 laudati,
1531 2524 1576 2552 cui
1599 2523 1712 2551 Pratum
1734 2523 1811 2557 spiri-

1024 2573 1095 2600 tuale
1108 2573 1205 2600 titulus
1219 2577 1272 2605 est,
1291 2577 1443 2603 auctorem,
1461 2571 1529 2598 haec
1553 2570 1611 2597 sine
1630 2568 1714 2596 dubio
1733 2567 1811 2594 Zosi-

1023 2627 1083 2646 mae
1102 2619 1229 2653 Alloquia
1248 2618 1359 2646 vidisse.
1373 2617 1441 2644 Nam
1457 2624 1516 2652 cap.
1534 2615 1613 2644 CCXI
1628 2623 1662 2642 ex
1684 2614 1718 2641 iis
1736 2612 1811 2640 deci-

1023 2673 1098 2693 mum
1122 2665 1264 2697 describit,
1281 2664 1374 2692 verbis
1392 2663 1455 2691 inde
1474 2663 1532 2690 fere
1554 2661 1667 2690 totidem
1685 2659 1812 2687 referens

1023 2710 1166 2738 historiam
1181 2709 1321 2742 monachi,
1338 2709 1385 2743 qui
1405 2708 1519 2743 expilari
1536 2707 1633 2734 cellam
1648 2712 1725 2733 suam
1741 2711 1757 2731 a
1770 2703 1810 2730 vi-

1023 2756 1085 2784 cino
1099 2755 1233 2783 monacho
1249 2763 1312 2783 cum
1326 2756 1400 2782 clare
1412 2754 1537 2787 vidisset,
1555 2752 1752 2789 patientissime
1767 2754 1810 2777 to-

1023 2803 1114 2830 lerans
1130 2822 1138 2835 ,
1167 2802 1249 2829 ctiam
1277 2806 1422 2836 postquam
1448 2799 1554 2827 audivit
1575 2796 1809 2833 improbissimum

1024 2849 1100 2876 illum
1128 2849 1215 2876 furem
1242 2849 1277 2875 ob
1297 2849 1324 2875 id
1347 2848 1452 2875 facinus
1474 2847 1594 2876 delatum
1621 2845 1655 2873 ad
1688 2842 1807 2887 iudicem
