2064 3152
261 179 316 207 345

806 173 909 202 PETRI
928 173 1058 202 POSSINI
1077 173 1333 203 PROLEGOMENA

1834 179 1887 208 3M

261 246 323 265 vero
339 245 408 272 quae
424 236 490 263 citra
512 235 671 269 scripturam
685 232 810 267 comperi,
827 239 874 267 per
892 231 983 258 literas
1002 239 1049 257 cu-
1063 233 1087 262 Α
1101 234 1188 258 retur.
1203 232 1270 260 Utut
1280 232 1314 259 de
1327 232 1361 260 iis
1377 233 1422 266 sit,
1436 237 1542 261 eertum
1552 233 1671 267 videtur,
1681 238 1743 269 post
1755 234 1887 264 Judaeam

263 285 321 311 τ·αυὶ
336 288 399 310 nota
414 283 510 317 facere.
523 281 624 308 indicia
639 280 702 307 hinc
717 286 862 313 exsequar,
880 278 980 313 quibus
993 285 1051 304 mo-

262 338 329 357 veor
348 329 382 356 ad
397 327 577 363 opinandum,
594 326 691 354 horum
708 329 848 352 auctorem
863 324 1052 359 Alloquiorum

261 374 398 401 Zosimam
413 381 469 401 non
483 373 568 400 alium
584 380 643 399 esse
658 371 692 399 ab
709 379 752 402 eo,
768 370 811 398 cui
827 370 889 397 testi
906 369 986 396 unico
998 369 1053 396 Ma-

264 418 320 444 riae
335 418 515 453 Aegyptiacae
531 417 655 444 notitiam
671 416 753 443 debet
766 415 897 446 Ecclesia,
913 414 984 442 sicut
996 414 1052 441 An-

263 463 341 490 tonio
357 463 433 490 Pauli
448 463 527 498 primi
542 463 683 490 eremitae.

299 508 441 536 Primum:
460 510 582 537 delector
602 509 770 536 latebrarum
793 507 971 543 Aegyptiacae
995 506 1052 533 Ma-

264 554 323 582 riae
338 555 470 587 Zosimas,
494 563 510 583 a
533 563 618 590 puero
644 554 761 582 traditus
782 554 949 581 monasticae
973 553 1054 581 disci-

266 601 357 635 plinae
373 600 400 627 in
412 601 529 635 quodam
541 600 674 628 coenobio
684 599 864 631 Palaestinae,
878 599 905 626 in
916 606 950 626 eo
961 599 1054 626 lauda-

267 645 371 673 tissime
391 646 474 673 vitam
492 647 635 673 asceticam
654 645 777 673 exercuit
796 652 845 679 per
864 651 952 671 annos
971 651 1054 679 supra

266 691 474 726 quinquaginta,
502 696 617 718 testante
644 691 672 718 id
695 690 765 726 ipso,
788 690 866 726 cujus
886 690 954 718 haec
970 690 1053 718 verba

265 742 417 771 anonymus
425 737 576 764 monachus
590 735 719 763 exscribit
730 743 806 763 num.
817 735 834 763 5
845 743 910 763 suae
922 736 1055 764 narratio—

267 781 330 809 nis:
354 782 461 809 Dicebat
486 787 575 809 autent
596 782 651 817 ipse
676 782 707 808 de
729 789 757 809 se
777 781 908 813 Zosimas,
931 782 999 817 quod
1022 782 1054 809 ab

268 827 348 859 ulnis,
369 832 397 854 ut
413 829 450 855 sic
466 828 570 864 loquar,
588 830 703 863 paternis
727 829 755 855 in
777 828 966 855 monasterium
985 828 1055 855 istud

266 873 362 905 datus,
387 881 434 908 per
460 882 544 901 annos
563 874 754 909 quinquaginta
780 877 832 900 tres
854 873 883 900 in
911 873 1054 900 monastico

268 927 346 945 cursu
367 920 551 954 perseveravit.
568 919 573 954 |
589 919 782 947 Monasterium
803 926 887 953 porro
910 919 998 951 istud,
1026 924 1056 947 ut

269 964 349 991 initio
363 965 528 993 narrationis
539 966 611 993 clare
622 965 732 997 dicitur,
745 965 794 999 fuit
807 973 888 991 unum
902 972 934 991 ea:
946 965 978 992 iis
989 973 1057 1000 quae

269 1018 316 1044 per
334 1010 518 1038 Palaestinam
534 1015 595 1038 sunt
612 1011 787 1038 monasteriis.
805 1010 888 1045 Atqui
905 1010 974 1038 haec
985 1011 1058 1038 Allo-

268 1056 333 1090 quia
346 1056 406 1083 eius
423 1060 497 1088 sunt,
513 1057 560 1091 qui
583 1057 610 1083 in
633 1057 784 1084 Palaestina
801 1056 904 1089 vixerit,
914 1061 942 1084 et
959 1064 1057 1084 conse-

269 1099 371 1131 nuerit,
388 1108 439 1127 nec
452 1101 532 1127 aliam
546 1100 692 1128 admodum
706 1101 780 1128 orbis
795 1105 912 1136 partem,
926 1106 1058 1137 quantum

266 1150 302 1170 ex
316 1145 376 1172 eius
393 1145 483 1172 verbis
497 1145 667 1180 intelligitur,
684 1145 838 1173 incoluerit.
851 1146 920 1173 Nam
932 1146 1059 1181 Alloquio

272 1190 304 1217 Vl
319 1191 386 1218 haec.
405 1191 526 1226 loquitur
539 1200 545 1218 :
557 1191 612 1218 Iter
627 1192 768 1227 agebamus
789 1200 836 1227 ego
851 1196 875 1219 et
894 1192 978 1227 frater
992 1201 1059 1220 unus

270 1236 312 1262 via
327 1236 506 1271 Neapolitana
529 1245 588 1264 cum
607 1238 762 1273 quibusdam
780 1237 970 1271 saecularibus,
986 1239 1060 1266 veni-

270 1289 378 1316 musque
395 1282 430 1308 ad
449 1281 533 1309 locum
554 1282 597 1309 ubi
620 1286 677 1309 erat
697 1282 822 1310 telonium
843 1288 896 1311 cet.
915 1284 978 1311 Fuit
993 1284 1059 1311 olim

269 1325 398 1360 Neapolis
411 1327 589 1354 celeberrima
604 1327 773 1355 Palaestinae
788 1328 894 1360 civitas,
909 1332 977 1356 teste
989 1329 1060 1356 inter

270 1371 429 1399 innumeros
441 1372 509 1399 alios
534 1372 632 1405 Plinio,
662 1373 741 1400 cuius
759 1374 828 1401 haec
847 1374 894 1401 lib.
908 1374 929 1402 V
946 1382 1005 1410 cap.
1026 1375 1060 1402 15

270 1417 354 1444 verba
369 1422 434 1445 sunt
455 1427 461 1444 :
487 1417 628 1446 Samariae
646 1419 743 1455 oppida
762 1419 901 1455 Neapolis,
919 1421 988 1456 quod
1003 1421 1062 1448 Ha-

272 1467 359 1490 morta
382 1463 517 1490 dicebatur
537 1469 590 1492 cet.
607 1465 708 1492 Iterum
721 1465 848 1504 Alloquio
867 1466 891 1493 Χ
905 1466 972 1494 dicit
986 1467 1061 1495 Zosi—

271 1515 329 1535 mas
344 1517 351 1534 :
368 1507 434 1536 Cum
452 1517 534 1536 essem
552 1510 579 1536 in
600 1512 760 1538 monasterio
776 1511 844 1546 quod
861 1515 900 1538 est
921 1512 993 1547 apud
1010 1512 1060 1548 Ty—

271 1560 339 1579 rum.
355 1553 403 1580 Est
417 1553 528 1588 quidem
544 1554 632 1590 Tyrus
646 1555 809 1583 Phoeniciae
821 1556 899 1588 urbs,
915 1557 962 1584 sed
979 1565 1059 1592 quae,

275 1599 314 1627 uti
337 1602 366 1626 et
384 1597 486 1631 Sidon,
511 1604 623 1634 propter
640 1600 872 1636 propinquitatem
893 1602 1061 1630 Palaestinae

271 1643 466 1671 contribuitur.
485 1644 613 1672 Hodierni
631 1647 778 1681 geographi
797 1647 977 1675 Palaestinam
994 1648 1061 1676 duo-

271 1688 360 1716 decim
373 1690 584 1718 lsraelitiearum
598 1691 720 1718 tribuum
734 1691 901 1720 habitatione
916 1692 1059 1725 deﬁniunt,

274 1742 326 1761 nec
338 1743 400 1762 cum
415 1735 520 1762 Veteris
535 1744 586 1763 nee
599 1744 661 1763 cum
680 1736 748 1764 Novi
761 1737 926 1764 Testamenti
942 1737 1062 1765 historiis

272 1780 486 1807 consentientes.
510 1780 578 1807 Nam
601 1789 649 1808 rex
670 1781 815 1808 duodecim
842 1781 961 1809 tribuum
986 1782 1060 1814 Saul,

275 1828 305 1851 ut
318 1832 351 1851 ex
365 1825 375 1852 Ι
393 1825 495 1860 Regum
510 1831 593 1861 patet,
610 1831 637 1852 et
659 1827 706 1861 qui
727 1827 753 1854 ei
767 1827 900 1855 successit
916 1828 1010 1860 David,
1032 1833 1062 1856 ut

273 1878 309 1898 ex
331 1870 363 1902 ll,
386 1871 506 1906 itemque
529 1879 563 1899 ex
582 1872 592 1898 Ι
609 1872 725 1907 Paralip.
741 1872 914 1901 manifestum
928 1878 979 1906 est,
999 1874 1062 1901 uni-

274 1924 380 1943 versam
403 1916 450 1943 ΧΠ
475 1917 595 1944 tribuum
620 1917 752 1945 ditionem
782 1918 948 1951 obtinentes,
978 1920 1062 1947 multa

275 1963 345 1990 bella
358 1971 420 1990 cum
428 1963 591 1996 Philistaeis,
603 1964 655 1991 hoc
666 1968 709 1992 est
717 1964 887 1997 Palaestinis,
896 1965 1061 1998 habuerunt,

274 2008 321 2042 qui
337 2008 430 2043 utique
445 2008 525 2035 aliam
537 2009 571 2036 ab
585 2008 734 2037 lsraclitide
749 2013 821 2037 terra
836 2010 974 2045 regionem
987 2010 1064 2037 habi-

278 2053 379 2080 tabant.
406 2054 532 2081 Christus
547 2062 613 2081 vero
640 2055 708 2089 ipse,
726 2055 773 2089 qui
790 2062 819 2082 se
837 2055 926 2082 aiebat
950 2063 1001 2081 non
1021 2063 1064 2082 ve-

277 2100 303 2124 ni
308 2107 344 2125 sse
354 2100 403 2126 nisi
419 2100 452 2126 ad
463 2108 521 2127 oves
536 2108 603 2135 quae
615 2101 748 2135 perierant
758 2101 849 2127 domus
864 2101 958 2133 Israel,
968 2101 1061 2128 Matth.

276 2144 333 2175 XV,
349 2144 393 2175 24,
407 2149 508 2175 tamen,
527 2149 557 2172 ut
572 2145 673 2172 ibidem
688 2146 720 2177 V,
733 2145 766 2172 21
791 2145 904 2177 dicitur,
915 2146 1018 2172 secessit
1035 2146 1064 2172 in

277 2194 366 2222 partes
377 2189 437 2225 Tyri
451 2195 475 2217 et
488 2190 602 2223 Sidonis,
615 2191 689 2226 quod
701 2195 729 2218 et
742 2191 850 2218 Marcus
864 2199 924 2226 cap.
942 2191 988 2219 VII
999 2199 1064 2218 con-

278 2236 376 2267 ﬁrmat,
392 2239 421 2263 et
433 2236 470 2263 ibi
487 2237 593 2264 curavit
610 2236 692 2264 ﬁliam
706 2236 894 2268 Chananaeae,
911 2242 993 2272 prout
1013 2237 1064 2264 ibi-

275 2285 336 2309 dem
361 2281 549 2317 Evangelistae
574 2287 703 2315 narrant;
734 2282 811 2317 quasi
835 2287 866 2310 ut
887 2282 1061 2316 ostenderet,

278 2327 439 2354 Phoenicem
450 2327 504 2363 jam
518 2332 575 2354 tum
587 2327 621 2354 ad
635 2327 829 2359 Palaestinam,
843 2331 926 2362 prout
941 2327 1008 2355 haec
1025 2327 1064 2355 ls-

277 2374 427 2401 raeliticam
445 2374 582 2410 regionem
598 2374 719 2406 denotat,
741 2374 916 2409 pertinuisse.
930 2374 1011 2402 Certe
1034 2375 1063 2402 in

277 2421 400 2448 historiis
418 2428 556 2448 sacrarum
576 2421 778 2456 expeditionum
797 2421 908 2457 Tyrum,
922 2421 1061 2455 Sidonem,

276 2473 305 2494 et
321 2467 494 2494 Phoenicium
510 2467 663 2494 universam
683 2466 849 2494 Palaestinae
868 2470 973 2502 partem
989 2467 1064 2494 vide-

278 2523 339 2542 mus
362 2515 492 2542 habitam.
514 2513 691 2548 Antiquiores
708 2521 773 2540 vero
792 2513 871 2549 longe
894 2514 974 2542 latius
995 2514 1064 2542 ﬁnes

278 2562 446 2590 Palaestinae
454 2565 644 2597 porrexerunt,
655 2565 685 2587 ut
692 2560 814 2591 Ovidius,
824 2560 870 2595 qui
879 2560 965 2596 ripam
974 2561 1063 2598 Tigris

279 2608 369 2635 amnis
378 2608 527 2644 marginem
538 2608 706 2636 Palaestinae
717 2613 795 2636 vocat
804 2608 851 2635 illo
858 2616 935 2636 versu
947 2609 1019 2636 Fast.
1029 2608 1061 2635 ll.

375 2659 459 2694 Inque
473 2659 641 2688 Palaestinae
657 2662 774 2696 margine
787 2661 853 2687 sedit
870 2669 966 2696 aquae,

279 2711 462 2747 adstipulante
483 2713 589 2745 Plinio,
615 2713 662 2748 qni
689 2713 737 2740 lib.
761 2713 792 2740 Vl
810 2721 870 2748 cap.
887 2713 923 2741 28
946 2713 1063 2741 Sittace-

279 2765 341 2784 nem
362 2758 499 2793 regionem
514 2758 586 2794 Tigri
607 2759 763 2786 continuam
778 2759 947 2787 Palaestinae
965 2767 1063 2787 accen-

281 2807 339 2833 sct;
351 2806 381 2830 ut
391 2803 514 2831 omittam
528 2804 600 2839 quod
617 2809 733 2832 testatur
753 2805 926 2836 Plutarchus,
943 2805 1065 2840 Strymo-

282 2856 343 2874 nem
357 2848 528 2877 Macedoniae
540 2849 653 2877 ﬂuvium
668 2850 851 2877 Palaestinum
863 2849 928 2876 olim
939 2849 1042 2877 dictum
1055 2858 1062 2876 ;

282 2894 352 2921 cur?
368 2894 419 2921 nisi
432 2885 675 2930 quolealaestina
689 2904 723 2923 eo
736 2903 822 2930 usque
842 2895 965 2930 protendi
986 2895 1064 2923 vide-

1101 275 1220 303 deletam
1241 277 1338 312 primis
1361 278 1500 306 Ecclesiae
1525 279 1652 312 saeculis,
1667 283 1697 306 et
1723 279 1757 307 1V
1775 281 1888 315 potissi-

1101 329 1188 355 mum,
1201 330 1256 358 quo
1272 323 1394 351 Zosimas
1405 324 1525 357 vivebat,
1542 329 1574 352 ut
1586 325 1772 357 ostendemus,
1785 325 1886 361 Tyrum

1102 367 1253 396 Palaestina
1265 369 1348 397 fuisse
1360 371 1595 405 comprehensam.
1605 371 1704 398 Herodi
1715 379 1780 398 sane
1792 371 1889 408 Agrip-

1102 422 1172 449 pae,
1196 415 1288 450 nepoti
1319 415 1434 444 Herodis
1462 417 1571 452 Magni,
1591 424 1662 444 ~cum
1689 417 1741 444 sub
1771 417 1888 446 Caesare

1101 460 1217 488 Claudio
1232 466 1341 496 pareret
1359 462 1476 490 maxima
1487 463 1606 490 Judaeae
1623 471 1696 498 pars,
1711 467 1742 490 ut
1751 463 1832 491 docet
1840 465 1888 492 lo.

1102 506 1205 541 sephus
1229 507 1278 534 lib.
1311 507 1374 535 XIX
1395 507 1501 543 Antiq.,
1533 509 1672 544 subjectos
1687 509 1773 537 fuisse
1793 510 1890 545 Tyrios

1102 555 1132 579 et
1158 552 1293 588 Sydonios
1323 553 1428 581 indicat
1450 554 1478 581 S.
1496 554 1585 581 Lucas
1607 554 1738 581 Actorum
1761 554 1820 587 XII,
1842 555 1888 582 20.

1103 597 1178 631 Quae
1191 606 1253 626 cum
1270 599 1306 626 ita
1323 600 1379 627 sint
1393 599 1494 632 omnia,
1513 607 1562 627 cur
1573 599 1707 627 allirmare
1720 599 1889 632 dubitemus.

1103 645 1311 677 monasterium,
1322 645 1397 680 quod
1410 645 1483 680 apud
1500 645 1601 682 Tyrum
1614 645 1707 678 fuerit,
1724 654 1789 674 vere
1806 647 1889 674 situm

1104 689 1133 716 in
1148 689 1300 717 Palaestina
1313 690 1368 718 dici
1381 691 1524 726 potuisse?
1543 691 1667 719 Meminit
1682 695 1824 726 praeterea
1839 691 1890 719 Zo-

1104 735 1189 762 simas
1204 735 1231 762 in
1241 735 1360 770 quodam
1380 736 1508 771 Alloquio
1522 737 1719 772 campestrium,
1735 736 1782 764 ubi
1802 737 1840 763 ait
1860 744 1890 765 so

1105 780 1201 808 fuisse.
1213 780 1289 814 Quae
1306 781 1374 810 haec
1388 783 1557 818 campestria,
1577 782 1631 810 nisi
1649 789 1763 817 campus
1776 789 1890 817 magnus

1105 826 1241 855 Galilaeae
1259 832 1288 856 et
1312 828 1445 856 latissima
1461 828 1506 856 illa
1528 829 1657 864 planities
1679 833 1734 856 tam
1751 836 1832 863 saepe
1861 828 1890 855 in

1107 872 1257 908 Scripturis
1271 874 1441 902 memorata?
1453 874 1526 902 Alibi
1537 875 1586 906 ait,
1597 881 1627 902 se
1644 873 1839 909 Hierosolymis
1849 873 1891 900 di-

1107 923 1256 952 versatum,
1281 921 1358 952 alias,
1378 920 1524 955 quemdam
1549 928 1580 948 se
1605 919 1707 947 vidisse
1724 918 1889 951 Caesareae;

1106 965 1165 993 loca
1180 965 1247 994 haec
1256 966 1348 993 omnia
1359 966 1519 994 Palestinae.
1537 965 1659 1000 Denique
1673 964 1752 992 initio
1772 963 1891 999 Alloqnii

1107 1010 1166 1038 Xlll
1195 1010 1300 1038 lauram
1320 1011 1427 1039 abbatis
1452 1011 1585 1039 Gerasimi
1609 1015 1742 1038 memorat
1763 1014 1892 1045 tanquam

1107 1055 1226 1083 vicinam
1240 1056 1300 1083 loco
1312 1056 1341 1083 in
1355 1063 1410 1091 quo
1421 1060 1487 1083 tunc
1495 1056 1618 1083 Zosimas
1639 1055 1770 1090 degebat;
1790 1062 1892 1082 coeno-

1108 1101 1154 1128 bio
1163 1109 1260 1136 nempe
1271 1109 1355 1137 prope
1366 1101 1523 1134 Jordanem,
1543 1109 1598 1136 quo
1616 1109 1651 1129 ex
1666 1101 1748 1136 Tyrio
1761 1101 1881 1136 migrave

1109 1151 1151 1175 rat
1159 1157 1165 1174 :
1173 1147 1258 1175 fuisse
1264 1151 1355 1175 autem
1365 1147 1470 1175 lauram
1476 1155 1586 1183 quoque
1595 1147 1652 1175 sive
1660 1151 1784 1174 manaste
1799 1146 1804 1181 |
1821 1146 1892 1172 rium

1108 1193 1242 1222 Gerasimi
1270 1194 1455 1229 propinquum
1475 1193 1608 1226 Jordani,
1633 1193 1708 1220 clare
1732 1192 1813 1219 docet
1838 1191 1894 1218 Mt»

1109 1239 1191 1267 schus
1201 1247 1260 1274 cap.
1273 1239 1340 1268 CVII
1355 1239 1428 1267 Prati
1441 1240 1482 1268 sic
1494 1239 1617 1268 scribens
1630 1248 1637 1266 :
1653 1247 1705 1266 uno
1726 1239 1779 1274 fere
1794 1237 1893 1264 millia-

1110 1287 1149 1313 rio
1167 1286 1248 1313 distat
1271 1295 1288 1314 a
1308 1285 1426 1314 Iordane
1437 1286 1627 1312 monasterium
1641 1285 1711 1320 quod
1733 1284 1833 1311 abbatis
1846 1283 1894 1311 Ce-

1110 1332 1202 1359 rasimi
1214 1332 1320 1358 dicitur.
1337 1331 1378 1358 Ex
1392 1331 1436 1359 his
1456 1331 1612 1363 conﬁcitur,
1621 1335 1675 1358 tam
1693 1330 1830 1358 Zosimam
1846 1329 1892 1356 Al-

1110 1378 1265 1412 loquiorum
1293 1381 1454 1409 auctorem,
1485 1384 1566 1411 quam
1595 1380 1765 1412 repertorem
1794 1375 1894 1402 Mariae

1109 1424 1288 1459 Aegyptiacae
1300 1424 1328 1451 in
1344 1425 1497 1452 Palaestina
1512 1423 1624 1451 vixisse.

1145 1470 1202 1498 Xil.
1221 1469 1354 1498 Secundus
1364 1475 1406 1498 est
1422 1471 1565 1498 character
1579 1468 1732 1497 identitatis
1750 1468 1895 1502 utriusque

1110 1517 1245 1549 Zosimae,
1261 1517 1359 1552 genius
1370 1516 1513 1544 amborum
1529 1523 1601 1543 unus
1614 1523 1646 1542 ac
1667 1522 1767 1542 mores.
1785 1514 1896 1541 Relator

1111 1562 1241 1590 Actorum
1253 1563 1361 1595 Mariae,
1373 1562 1447 1597 quod
1463 1570 1479 1590 e
1491 1562 1594 1597 scripto
1614 1560 1742 1596 anonymi
1767 1559 1895 1587 monachi

1111 1612 1196 1643 patet,
1214 1608 1312 1636 doctus
1337 1608 1448 1643 quidem
1467 1612 1496 1635 et
1513 1608 1633 1635 disertus
1652 1606 1694 1634 vir
1717 1605 1778 1637 fuit,
1795 1605 1896 1632 docere

1112 1658 1201 1681 tamen
1217 1654 1278 1681 viva
1297 1648 1456 1689 praesentes
1472 1661 1539 1681 voce
1558 1657 1705 1680 contentus
1718 1660 1733 1680 a
1750 1651 1896 1679 scribendo

1111 1699 1254 1726 abstinuit.
1285 1699 1437 1727 Audiamus
1461 1698 1514 1726 hoc
1542 1703 1688 1726 testantem
1714 1704 1895 1733 anonymum;

1112 1745 1152 1772 sic
1170 1753 1245 1772 num.
1263 1745 1281 1772 2
1299 1745 1396 1772 scribit
1415 1754 1422 1772 ε
1446 1745 1500 1772 Iste
1522 1744 1640 1772 Zosimas
1660 1744 1816 1771 orthodozus
1835 1743 1896 1778 fuit,

1112 1791 1194 1826 quiin
1210 1799 1262 1817 uno
1273 1790 1496 1818 monasteriorum
1508 1789 1519 1826 [
1531 1797 1630 1825 nempe
1653 1789 1746 1825 Tyrio,
1761 1797 1795 1816 ex
1814 1796 1896 1823 supra

1112 1835 1209 1872 dictis]
1228 1836 1260 1863 ab
1278 1837 1352 1863 initio
1378 1840 1553 1868 conversatus,
1575 1843 1620 1871 per
1634 1843 1710 1862 omne
1731 1835 1897 1862 exercitatio-

1112 1883 1152 1910 nis
1166 1882 1273 1919 [graece
1285 1882 1394 1920 ascesis]
1409 1890 1489 1918 genus
1503 1882 1627 1917 probatus
1642 1886 1690 1913 est,
1705 1885 1729 1908 et
1745 1881 1779 1908 ad
1793 1888 1897 1907 omnem

1113 1929 1237 1956 uirtutem
1249 1932 1422 1964 congruenter
1435 1929 1583 1961 institutus,
1602 1931 1688 1954 totum
1702 1927 1807 1963 quidem
1823 1927 1897 1954 ordi-

1113 1982 1172 2002 nem
1184 1975 1211 2001 in
1225 1974 1351 2001 eiusmodi
1363 1973 1501 2009 palaestra
1518 1973 1626 2001 solitum
1638 1973 1740 2001 servari
1749 1974 1897 2004 custodiuit,

1113 2019 1198 2047 multa
1215 2028 1274 2046 vero
1289 2024 1313 2046 et
1331 2023 1423 2054 sponte
1438 2020 1543 2052 adiecit,
1556 2019 1644 2047 volens
1665 2027 1771 2046 carnem
1793 2019 1899 2054 spiritui

1112 2065 1257 2097 subiicere;
1271 2065 1338 2100 quod
1361 2065 1400 2092 ita
1415 2065 1439 2091 ei
1461 2066 1593 2097 successit,
1611 2070 1640 2092 ut
1659 2070 1766 2101 propter
1788 2064 1900 2091 multant

1113 2119 1202 2138 rerum
1217 2111 1398 2147 spiritualium
1419 2112 1607 2147 experientiam
1626 2111 1732 2147 saepius
1747 2119 1779 2138 ea:
1797 2111 1898 2142 vicinis,

1114 2159 1250 2185 autetiam
1270 2157 1450 2185 remotioribus
1473 2159 1638 2185 monasteriis
1651 2158 1686 2185 ad
1708 2166 1767 2185 eum
1783 2158 1900 2192 con/lue-

1114 2210 1172 2232 rent
1198 2204 1296 2240 plures,
1310 2205 1392 2240 ipsius
1416 2204 1537 2232 doctrina
1563 2205 1598 2232 ad
1616 2205 1799 2240 perfectionem
1818 2203 1902 2238 infor-

1078 2248 1101 2277 D
1114 2250 1213 2277 mandi.
1224 2250 1264 2277 Ita
1277 2250 1332 2278 ille.
1352 2250 1394 2278 An
1410 2258 1465 2278 non
1486 2251 1554 2278 haec
1567 2255 1596 2278 et
1616 2250 1787 2278 occasionem
1811 2255 1839 2277 et
1855 2258 1900 2278 ar-

1113 2301 1272 2332 gumentum
1283 2297 1382 2324 horum
1395 2297 1584 2332 Alloquiorum
1598 2296 1742 2325 manifeste
1760 2296 1902 2324 indicant?

1113 2342 1212 2370 Subdit
1231 2350 1294 2370 mox
1319 2343 1412 2370 idem:
1435 2342 1501 2370 Cum
1518 2348 1606 2370 autem
1622 2347 1726 2370 tantum
1748 2343 1901 2370 animarum

1114 2390 1316 2416 tractandorum
1344 2390 1469 2425 peritiam
1492 2395 1626 2417 assecutus
1648 2394 1714 2417 esset
1730 2398 1899 2422 sencx,nun-

1113 2444 1194 2470 quam
1209 2435 1343 2462 remissius
1357 2436 1409 2471 egit
1423 2437 1451 2463 in
1469 2437 1639 2464 meditatione
1653 2436 1817 2471 eloquiorum
1832 2435 1900 2462 diui-

1113 2490 1218 2514 norum,
1230 2482 1276 2509 sed
1294 2482 1430 2509 insistebat
1445 2483 1548 2516 iisdem,
1568 2491 1613 2510 seu
1625 2482 1788 2509 decumberet
1803 2486 1900 2515 strato,

1113 2536 1158 2555 seu
1177 2533 1336 2563 assurgeret,
1346 2528 1387 2555 vel
1398 2529 1535 2564 quidpiam
1547 2529 1667 2556 manibus
1679 2533 1834 2565 operaretur
1844 2532 1898 2556 cet.

1113 2574 1251 2609 Nusquam
1269 2575 1314 2602 hic
1327 2575 1485 2610 scriptionis
1500 2575 1622 2608 mentio;
1639 2584 1692 2610 qua
1701 2580 1777 2603 certo
1793 2579 1822 2602 et
1833 2575 1902 2602 irre-

1113 2620 1230 2648 vocabili
1247 2621 1352 2656 judicio
1370 2621 1536 2649 abstinuisse
1557 2621 1694 2649 Zosimam
1719 2621 1788 2649 nihil
1816 2629 1903 2657 magis

1114 2664 1245 2699 declarat,
1263 2674 1344 2702 quam
1368 2667 1441 2702 quod
1458 2667 1525 2694 Acta
1545 2671 1599 2694 tam
1625 2667 1695 2694 mira
1719 2667 1820 2694 Mariae
1834 2675 1902 2702 poe—

1114 2710 1238 2743 nitentis,
1257 2718 1375 2745 quorum
1398 2719 1470 2739 unus
1488 2716 1561 2738 esset
1582 2711 1642 2746 ipse
1666 2711 1808 2743 conscius,
1833 2712 1904 2738 scri-

1114 2757 1169 2792 ptis
1180 2757 1253 2784 haud
1266 2757 1444 2790 commiserit,
1460 2765 1573 2785 narrare
1589 2758 1674 2786 verbo
1695 2758 1762 2785 satis
1786 2757 1903 2785 habens.

1115 2803 1161 2830 Sic
1176 2802 1250 2830 enim
1270 2802 1387 2830 habetur
1406 2811 1482 2829 num.
1504 2802 1539 2829 40
1559 2803 1683 2831 eiusdem
1706 2803 1874 2831 narrationis
1895 2811 1902 2828 :

1114 2849 1233 2877 Zosimas
1248 2858 1365 2878 reversus
1388 2851 1415 2877 in
1431 2851 1581 2878 coenobium
1593 2851 1628 2886 [a
1647 2856 1742 2879 curato
1753 2851 1782 2878 S.
1803 2850 1905 2878 Mariae

1116 2896 1294 2933 Aegyptiacae
1309 2896 1425 2932 funere]
1442 2898 1561 2925 narravit
1574 2898 1664 2925 omnia
1678 2898 1822 2930 monachis,
1839 2895 1905 2924 nihil
