2064 3152
187 125 239 153 διδ

676 129 722 156 AD
739 128 920 157 OPUSCULA
939 129 968 157 S.
988 128 1128 156 MACARI]
1148 129 1317 158 AEGYPTH.

1752 135 1809 164 356

187 195 276 214 eorum
287 195 357 222 quae
368 187 490 215 audierat
499 196 531 215 ac
540 188 641 216 viderat
650 189 770 217 reticens.
784 190 869 217 Paulo
888 195 949 225 post
964 199 971 216 :
986 195 1010 222 Α
1023 190 1095 217 malo
1110 195 1152 217 est
1171 190 1320 218 abscedere
1338 193 1506 227 compulsus.
1522 193 1600 221 Unde
1620 194 1651 222 ob
1669 202 1728 222 eam
1741 204 1806 223 cau-

187 232 425 260 Pcrseveraverunt
446 237 536 261 autem
560 235 682 262 monachi
702 236 766 262 haec
781 237 839 271 ipsa
855 245 901 272 per
914 242 972 264 tra-

187 278 313 305 ditionem
341 278 512 307 discentes....
541 280 587 307 sed
612 289 664 308 non
698 281 785 309 audivi
815 290 972 318 quamquam

187 325 284 360 scripto
300 324 427 360 signasse.
447 325 524 353 Adeo
547 333 563 353 a
576 326 722 354 scribendo
738 327 820 355 alieni
838 331 918 355 erant
932 327 972 355 illi

187 374 296 397 veteres
323 373 430 397 ascetae
449 371 548 403 sancti,
572 371 624 399 sibi
645 372 773 401 videlicet
795 381 829 400 ex
847 373 972 401 instituto

187 415 257 450 unis_
266 419 405 448 vacantes,
422 417 548 451 exemplo
569 417 679 445 Antonii
699 418 798 454 Magni,
816 419 863 454 qui
880 420 973 455 Cogni-

187 465 242 488 tam
259 468 274 488 a
290 468 319 488 se
333 461 392 488 solo
408 461 562 489 mirabilem
578 462 661 490 vitam
681 463 756 490 Pauli
769 464 851 499 primi
870 465 971 492 eremi-

186 511 240 539 tae,
257 506 352 534 multis
376 506 442 534 licet
466 507 544 536 annis
562 508 588 536 ei
614 513 764 543 superstes,
783 517 835 537 nec
852 511 970 545 scripsit,

185 560 237 579 nec
251 552 376 585 dictavit,
397 560 464 580 voce
488 557 593 581 tantum
614 562 727 582 narrare
750 559 905 588 contentus,
924 564 972 591 p0-

185 598 310 626 steritate
327 598 355 626 id
374 599 542 634 ignoratura,
558 599 611 627 nisi
628 600 807 637 Hieronymus
818 601 895 629 Pauli
911 610 970 629 me-

185 644 301 671 moriam
314 651 330 672 e
345 644 487 679 discipulis
496 644 608 673 Antonii
619 650 787 681 compertam
799 647 888 675 literis
904 655 968 675 con-

184 689 329 725 signasset.
346 690 388 718 Ad
404 699 485 726 quem
503 691 614 718 modum
624 691 754 725 Zosimas,
769 701 839 728 quae
851 694 970 721 admira-

185 736 252 764 bilia
269 737 304 764 de
320 736 403 764 Maria
418 737 576 772 poenitente
590 738 717 767 sensibus
729 747 860 774 praesens
873 741 971 768 hause-

186 787 238 813 rat.
250 783 314 814 etsi,
329 790 392 810 cum
415 783 601 811 centenariam
619 784 741 819 attigerit
755 790 881 818 aetatem,
896 790 927 813 ut
941 786 969 814 in

185 829 257 856 Vitis
277 829 390 856 Patrum
408 829 458 857 lib.
476 829 560 865 Ipag.
573 830 626 858 299
644 831 747 859 diserte
766 832 893 865 traditur,
921 833 970 860 tri—

184 875 260 910 ginta
280 875 345 903 totis
357 876 502 903 minimum
517 877 597 904 annis
613 877 712 905 Mariae
730 878 909 914 Aegyptiacae
922 887 970 907 su—

185 921 353 958 pervixerit,
376 926 469 949 tamen
492 930 545 950 nec
569 923 639 958 ipse,
662 931 715 952 nec
734 924 795 952 eius
814 932 898 952 suasu
924 930 972 953 aut

184 972 283 1004 sponte
303 975 352 996 sua
375 968 521 1003 quisquam
542 969 699 998 auditorum
715 970 790 998 illius
812 979 844 998 ea
866 972 971 999 curavit

185 1013 214 1040 in
229 1013 354 1040 chartam
371 1012 491 1046 mittere,
507 1013 595 1041 donec
617 1022 680 1041 sero
693 1014 798 1042 exstitit
821 1023 972 1051 anonymus

184 1059 346 1092 monachus,
363 1059 410 1094 qui
428 1059 484 1086 Deo
497 1063 624 1087 movente
637 1060 717 1087 talem
731 1067 841 1096 operam
854 1061 972 1095 posteris

184 1109 336 1142 praestaret
355 1115 361 1132 :
382 1113 465 1140 quem
488 1106 617 1141 equidem
637 1106 738 1142 ipsum,
754 1112 803 1135 aut
823 1107 916 1135 divino
935 1108 971 1136 si-

184 1152 243 1179 mili
264 1156 368 1179 motum
388 1153 507 1188 impulsu
532 1153 616 1181 alium
631 1161 647 1181 e
663 1154 815 1182 coenobitis
836 1155 879 1184 vel
897 1155 971 1191 Tyrii

186 1197 300 1233 prioris,
316 1197 364 1225 ubi
379 1197 502 1226 Zosimas
515 1198 562 1226 diu
577 1199 656 1232 vixit,
670 1199 714 1227 vel
731 1200 845 1227 alterius
859 1199 970 1228 Jordani

184 1242 344 1278 propinqui,
373 1250 428 1278 quo
456 1243 511 1270 iam
535 1251 618 1271 senex
648 1244 785 1279 migravit,
813 1245 970 1272 monasterii

184 1288 342 1322 quempiam
356 1287 522 1325 crediderim
538 1288 606 1316 haec
618 1288 708 1321 nobis,
731 1296 801 1323 quae
820 1294 868 1317 aut
881 1290 939 1325 ipse
955 1297 971 1318 a

183 1333 294 1360 Zosima
308 1332 443 1365 audierat,
462 1337 509 1360 aut
522 1340 537 1360 e
546 1333 730 1361 referentibus
743 1338 882 1369 cognorat,
898 1334 972 1362 Allo—

184 1379 250 1414 quia
262 1386 395 1411 servasse,
411 1378 446 1405 iis
461 1378 564 1413 scripto
580 1379 805 1414 complectendis.

235 1426 240 1460 |
257 1425 373 1452 Tertium
385 1429 473 1452 exstat
483 1424 616 1452 indicium
632 1433 648 1452 a
666 1430 790 1461 tempore
800 1427 925 1459 ductum,
941 1426 970 1453 ni

184 1471 276 1503 fallor,
289 1472 439 1498 vehemens
454 1470 489 1498 ad
504 1471 686 1504 suadendum,
706 1472 736 1499 Β.
757 1472 903 1505 Zosimam,
921 1481 971 1501 cu-

185 1518 229 1546 ius
242 1518 311 1546 haec
328 1517 453 1552 Alloquia
470 1525 570 1545 nomen
581 1517 751 1552 praeferunt,
770 1520 888 1547 eundem
912 1528 971 1548 esse
985 1532 1006 1560 ρ

185 1565 285 1600 ipsum,
300 1565 346 1599 qui
366 1564 393 1591 S.
408 1565 521 1592 Mariam
540 1565 733 1601 Aegyptiacam
753 1567 888 1601 sepelivit.
911 1567 971 1594 Non

185 1611 287 1638 multos
298 1618 347 1645 per
368 1618 400 1638 ea
415 1615 538 1645 tempora
558 1611 630 1638 fama
646 1611 769 1639 celebres
793 1612 877 1640 fuisse
895 1613 972 1640 Zosi-

185 1664 244 1684 mas
256 1656 359 1683 indicat
378 1663 530 1691 anonymus
547 1656 637 1684 editor
651 1657 780 1685 Actorum
796 1657 906 1691 Mariae,
926 1659 972 1694 qui

185 1709 265 1730 suum
290 1708 353 1728 cum
375 1706 470 1728 nostro
486 1702 675 1737 cognominem
696 1707 733 1735 et,
762 1708 793 1730 ut
815 1704 971 1737 credimus,

185 1755 272 1774 unum
300 1747 472 1782 eundemque
497 1755 513 1775 a
535 1748 642 1776 cunctis
668 1750 825 1785 synonymis
852 1757 880 1777 se
907 1751 974 1778 satis

184 1793 343 1821 distinxisse
359 1793 487 1827 credidit,
503 1794 550 1822 ubi
572 1802 636 1822 eum
652 1795 687 1822 ab
708 1803 763 1823 uno
788 1796 972 1829 discrevisset,

183 1838 245 1865 solo
265 1838 395 1865 videlicet
417 1843 484 1866 tunc
500 1842 567 1866 noto
589 1839 644 1867 alio
666 1839 784 1867 Zosima.
802 1841 843 1868 En
869 1841 896 1868 id
914 1843 974 1870 eius

185 1885 314 1913 testantia
330 1885 414 1913 verba
428 1894 435 1912 ε
449 1884 532 1913 Nemo
560 1891 649 1912 autem
664 1885 837 1921 appellationi
859 1886 908 1914 soli
930 1888 973 1914 in-

183 1931 296 1958 haerens
308 1939 455 1958 sermonem
473 1931 536 1958 mihi
555 1931 685 1958 existimet
702 1940 757 1959 esse
776 1932 807 1959 de
817 1941 847 1960 eo
856 1933 972 1966 Zosima,

183 1978 230 2013 qui
262 1978 335 2004 circa
361 1977 509 2004 doctrinam
539 1976 630 2012 lapsus
658 1978 745 2005 minus
774 1982 842 2006 recte
873 1980 971 2014 sapuit.

183 2024 261 2052 Alius
279 2025 350 2051 enim
363 2024 414 2056 hic,
440 2028 465 2051 et
490 2023 537 2051 ille
560 2024 640 2056 alius,
665 2025 828 2060 multumque
849 2025 975 2061 differunt

183 2069 257 2097 inter
268 2076 307 2101 se,
321 2069 440 2104 quamvis
454 2068 684 2096 nomenclaturam
706 2070 782 2097 ambo
794 2070 904 2097 eandem
915 2079 973 2097 sor-

185 2115 238 2142 titi.
260 2114 306 2142 Sic
325 2115 384 2141 ille.
405 2113 436 2141 ln
459 2114 540 2142 cuius
563 2115 655 2142 verbis
679 2115 702 2142 si
728 2116 887 2151 quaerimus
913 2117 975 2152 quis

184 2161 222 2188 sit
248 2160 294 2187 ine
319 2160 389 2188 alius
409 2159 542 2193 Zosimas,
565 2161 610 2196 qui
628 2161 698 2188 circa
714 2161 862 2189 doctrinam
884 2162 973 2198 lapsas

1023 243 1081 262 sam
1090 235 1195 262 tandem
1203 237 1277 262 cessit
1288 237 1446 273 episcopatu,
1455 242 1484 265 ut
1492 239 1632 274 pristinum
1644 240 1692 267 sibi
1702 240 1809 275 linguae

1022 280 1139 316 ofﬁcium
1153 281 1304 309 redderetur
1318 290 1327 309 :
1341 283 1424 310 verba
1434 288 1498 311 sunt
1513 284 1674 317 Marcellini,
1686 285 1733 320 qui
1745 293 1808 312 mox

1022 327 1099 354 addit
1117 336 1124 353 :
1138 335 1190 354 non
1204 336 1244 354 res
1264 328 1387 363 antiquas
1401 329 1594 364 referimus.....
1611 339 1674 358 nam
1689 336 1712 357 et
1734 331 1811 358 hodie

1022 372 1142 400 Zosimas
1156 374 1184 411 in
1198 382 1307 409 corpore
1326 379 1376 407 est,
1391 383 1469 402 usum
1488 375 1593 411 linguae
1612 385 1663 403 non
1674 378 1810 409 amittens,

1022 423 1161 454 postquam
1181 419 1277 447 maluit
1297 429 1357 447 cum
1375 421 1515 448 amissione
1532 423 1694 457 episcopatus
1713 423 1808 449 vivere.

1022 465 1114 492 Videri
1132 469 1223 500 potest
1245 465 1291 493 hic
1308 466 1431 493 Zosimas
1453 471 1508 493 tam
1534 467 1655 495 evidenti
1676 468 1811 495 miraculo

1022 509 1180 544 resipuisse,
1196 517 1266 544 quae
1286 517 1369 537 causa
1385 509 1501 537 fortasse
1520 510 1604 537 fuerit
1622 519 1756 546 anonymo
1775 512 1810 539 de.

1021 554 1081 582 eius
1095 562 1190 582 errore
1210 560 1239 582 ut
1250 556 1398 590 praeterito
1414 556 1555 590 loquendi.
1570 556 1707 592 Quidquid
1730 557 1758 584 in
1779 565 1809 585 re

1021 600 1066 633 sit,
1084 608 1118 627 ex
1131 600 1174 628 his
1187 601 1330 634 habemus,
1351 605 1380 629 et
1396 601 1424 628 S.
1436 601 1572 629 Zosimam
1585 607 1614 629 et
1633 602 1717 629 alium
1735 603 1810 630 eius—

1021 644 1084 672 dem
1097 645 1217 672 nominis
1230 653 1284 672 non
1297 649 1422 673 sanctum
1435 645 1532 673 eodem
1547 650 1680 681 tempore,
1690 647 1743 674 hoc
1755 653 1808 680 est,

1021 690 1073 718 sub
1085 690 1167 718 finem
1180 692 1272 725 quarti
1294 691 1396 719 saeculi
1411 691 1522 718 vixisse.
1539 691 1597 719 Hoc
1615 692 1727 727 quidem
1747 692 1808 719 bie—

1021 736 1188 763 romonacho
1207 736 1236 763 B.
1253 736 1345 763 abbati
1364 736 1488 764 Zosimae
1502 737 1643 772 competit.
1658 737 1726 764 Nam
1746 746 1808 765 cum

1021 780 1115 808 Daniel
1125 781 1329 816 Papebrochius
1345 786 1440 809 noster
1452 782 1530 809 Tom.
1550 782 1560 809 l
1577 782 1665 818 April.
1691 791 1753 819 pag.
1774 783 1809 811 68

1021 831 1116 862 argute
1131 827 1302 854 demonstret
1322 835 1356 854 ex
1375 827 1536 855 charactere
1550 828 1680 861 Paschae,
1702 829 1730 856 S.
1754 830 1810 857 Ma-

1022 873 1090 900 riam
1116 873 1308 910 Aegyptiacam
1329 874 1430 902 obiisse
1457 875 1502 902 die
1529 874 1540 901 l
1559 875 1647 910 April.
1663 884 1808 912 parasceve

1021 919 1139 946 Paschae
1155 927 1227 946 anno
1241 920 1345 948 Christi
1358 920 1421 952 452,
1452 925 1597 955 postquam
1618 921 1708 956 pridie
1728 930 1743 950 a
1757 922 1810 949 Zo-

1022 964 1089 992 sima
1104 965 1214 992 circiter
1235 965 1445 1001 septuagenario
1459 973 1566 993 sacrum
1585 965 1687 994 Christi
1710 975 1809 1004 corpo-

1022 1010 1061 1037 ris
1079 1014 1108 1037 et
1127 1010 1267 1046 sanguinis
1285 1011 1415 1038 viaticum
1437 1011 1616 1046 percepisset,
1632 1013 1809 1041 manifestum

1020 1059 1073 1087 est,
1093 1063 1156 1083 eum
1176 1056 1270 1083 multis
1288 1056 1368 1083 annis
1381 1060 1443 1083 ante
1463 1057 1713 1092 quingentesimum
1729 1066 1808 1086 aerae

1020 1101 1121 1129 Christi
1131 1110 1186 1129 non
1203 1102 1290 1129 solum
1310 1102 1420 1135 vixisse,
1441 1103 1488 1130 sed
1508 1103 1590 1130 vitam
1610 1103 1693 1131 ctiam
1712 1104 1810 1131 asceti-

1021 1155 1080 1175 cam
1102 1148 1273 1175 sanctissime
1297 1149 1414 1176 coluisse
1448 1149 1476 1176 in
1499 1149 1585 1184 priori
1606 1150 1678 1184 apud
1707 1150 1809 1186 Tyrum

1022 1193 1196 1225 monasterio,
1208 1201 1242 1220 ex
1254 1201 1319 1228 quo,
1341 1199 1487 1228 antequam
1505 1195 1532 1220 in
1548 1194 1621 1221 aliud
1643 1195 1751 1221 lordani
1771 1195 1810 1221 ci-

1021 1238 1118 1265 timum
1151 1238 1291 1274 migraret,
1322 1239 1405 1266 vitam
1432 1239 1587 1274 religiosam
1613 1247 1642 1268 se
1666 1241 1694 1267 in
1720 1240 1809 1275 primo

1021 1284 1176 1312 exercuisse
1199 1291 1248 1319 per
1267 1291 1353 1314 annos
1378 1289 1433 1311 tres
1458 1289 1486 1312 et
1510 1285 1707 1320 quinquaginta
1740 1285 1809 1320 ipse,

1022 1337 1053 1358 ut
1069 1330 1147 1365 prius
1160 1330 1291 1362 vidimus,
1315 1335 1440 1358 testatur.
1464 1330 1615 1358 Conlirmat
1635 1331 1706 1359 hanc
1728 1331 1812 1358 chro—

1021 1376 1156 1411 nologiam
1186 1380 1258 1403 totus
1280 1376 1470 1410 Alloquiorum
1503 1376 1626 1403 Zosimae
1653 1381 1809 1404 contextus.

1020 1421 1088 1448 Nam
1113 1421 1151 1447 ibi
1183 1426 1210 1448 ct
1232 1421 1375 1456 Evagrius,
1406 1429 1462 1448 non
1489 1422 1534 1449 ille
1565 1422 1729 1458 Origcnista,
1761 1422 1811 1451 sed

1021 1467 1092 1493 alius
1107 1467 1246 1501 antiquior
1259 1467 1447 1494 sanctissimus
1468 1467 1579 1495 Macarii
1599 1467 1762 1503 discipulus,
1782 1472 1811 1496 et

1023 1512 1196 1545 Pachomius,
1212 1513 1312 1548 aliique
1329 1513 1403 1548 paris
1422 1513 1594 1548 antiquitatis
1613 1519 1743 1549 tanquam
1761 1513 1813 1542 ho-

1024 1559 1112 1586 mines
1126 1559 1243 1586 rcccntis
1254 1561 1403 1586 memoriae
1420 1560 1614 1593 nominantur;
1636 1559 1685 1587 sed
1700 1564 1729 1588 et
1747 1567 1811 1588 cum

1023 1605 1075 1632 alia
1095 1604 1250 1632 refcrantur
1269 1613 1303 1632 ex
1315 1605 1383 1632 Vitis
1394 1609 1422 1632 et
1437 1605 1512 1632 Actis
1526 1605 1648 1637 Patrum,
1664 1605 1734 1632 nihil
1750 1613 1811 1633 om-

1024 1650 1088 1677 nino
1110 1650 1235 1685 proditur
1253 1658 1309 1677 non
1340 1658 1412 1678 anno
1437 1651 1540 1678 Christi
1555 1651 1813 1687 sesquiquingente—

1023 1696 1093 1723 simo
1118 1696 1251 1723 anterius.
1281 1697 1321 1723 Ex
1347 1696 1391 1724 his
1417 1697 1522 1732 corrige
1547 1705 1618 1731 quae
1651 1697 1813 1725 Roswcidus

1023 1748 1117 1769 noster
1130 1762 1137 1774 ,
1156 1742 1242 1776 decep
1258 1741 1263 1777 Ι
1281 1747 1324 1769 tus
1348 1747 1479 1777 corrupto
1501 1743 1658 1778 apographo
1679 1743 1811 1770 Actorum

1023 1791 1202 1827 Aegyptiacae
1229 1791 1330 1818 Mariae
1353 1791 1405 1818 sub
1429 1791 1499 1818 falso
1525 1791 1638 1818 nomine
1665 1791 1811 1826 Sophronii

1023 1838 1143 1874 vulgato,
1160 1837 1302 1864 annotavit
1324 1837 1359 1864 ad
1379 1837 1454 1864 Vitas
1475 1838 1585 1864 Patrum
1611 1845 1671 1872 pag.
1692 1837 1746 1864 i299
1769 1836 1813 1864 his

1023 1884 1116 1912 verbis
1135 1893 1141 1910 :
1164 1883 1269 1911 Claruit
1286 1882 1375 1914 Maria
1394 1883 1555 1918 Aegyptiam
1580 1883 1737 1918 temporibus
1761 1882 1811 1909 Ju—

1022 1930 1085 1956 stim'
1110 1929 1221 1956 senioris
1246 1929 1317 1955 circa
1343 1937 1443 1955 annum
1469 1928 1575 1955 Domini
1597 1928 1658 1955 520.
1684 1928 1723 1955 Ea
1737 1926 1812 1955 enim

1024 1975 1254 2003 mctachronismo
1277 1975 1402 2002 laborare
1427 1974 1527 2008 integri
1549 1974 1606 2000 fere
1627 1973 1730 2000 saeculi
1746 1980 1813 2000 eru-

1023 2022 1080 2049 dite
1093 2021 1263 2050 demonstrat
1273 2028 1354 2055 supra
1367 2019 1493 2047 laudatus
1505 2019 1718 2054 Papebrochius,
1730 2027 1813 2054 quem

1024 2069 1088 2096 vide
1105 2068 1183 2095 Tom.
1201 2067 1329 2102 [Aprilis
1343 2074 1358 2093 a
1381 2075 1440 2101 pag.
1462 2067 1495 2092 (Π
1519 2066 1552 2093 ad
1577 2066 1620 2093 70.
1639 2066 1701 2093 lure
1729 2065 1815 2101 igitur

1024 2118 1119 2141 nostro
1139 2112 1191 2139 hoc
1205 2111 1383 2147 Opusculum,
1400 2111 1429 2138 Β.
1445 2111 1568 2138 Zosimae
1587 2110 1714 2144 Alloqnia
1736 2118 1813 2136 com-

1026 2160 1168 2194 plectens,
1187 2157 1340 2192 superiori,
1365 2157 1438 2192 quod
1461 2157 1488 2184 S.
1511 2156 1732 2192 Amphilochium
1757 2155 1816 2182 1co—

185 2207 276 2234 minus
293 2211 362 2234 recte
374 2207 473 2242 sapuit,
496 2206 607 2234 docebit
625 2207 653 2234 id
678 2215 729 2234 nos
747 2207 921 2235 Marcellinus
944 2207 973 2236 in
989 2203 1011 2230 Ι)
1025 2206 1149 2233 niensem
1170 2204 1329 2240 episcopum
1355 2203 1438 2231 habet
1460 2207 1617 2234 auctorem,
1640 2201 1698 2229 sine
1723 2201 1814 2228 medio

186 2253 237 2280 lib.
249 2253 288 2280 De
304 2253 453 2280 schismate
470 2252 588 2281 Ursicini
602 2258 631 2281 et
644 2253 762 2285 Damasi,
780 2261 862 2288 quem
873 2254 975 2281 librum

185 2306 250 2326 cum
274 2307 308 2326 ex
334 2299 438 2326 recenti
469 2299 601 2327 memoria
625 2299 776 2334 scripserit,
799 2299 976 2336 intelligimus

185 2345 249 2372 eius
257 2349 399 2372 auctorem
413 2345 465 2372 sub
479 2345 603 2377 Damaso,
618 2350 666 2373 aut
679 2345 761 2380 paulo
771 2349 841 2381 post,
856 2346 908 2374 hoc
922 2351 974 2379 est,

187 2389 300 2417 circiter
327 2397 431 2417 annum
448 2389 554 2418 Christi
580 2390 632 2418 590
658 2390 794 2418 ﬂoruisse.
822 2391 863 2418 lbi
883 2397 975 2419 autem

186 2435 314 2462 meminit
327 2435 470 2463 cuiusdam
482 2435 583 2463 Zosimi
594 2436 651 2463 sive
659 2436 782 2464 Zosimae
788 2444 869 2472 quem
882 2437 976 2464 Ariani

187 2480 247 2507 suis
263 2480 382 2507 tinctum
407 2480 551 2508 erroribus
566 2480 595 2508 in
618 2477 902 2516 episcopatum’urbis
926 2489 976 2517 per

188 2524 295 2553 Italiam
314 2525 404 2552 clarae
425 2525 565 2560 Neapolis,
582 2526 671 2553 eiecto
695 2526 759 2553 inde
781 2526 934 2554 orthodoxo
949 2531 977 2555 et

188 2575 284 2598 sancto
318 2571 449 2606 episcopo
474 2571 601 2603 Maximo,
628 2571 809 2600 intruserunt.
825 2572 904 2600 Hunc
928 2581 977 2600 sua

188 2625 278 2652 poena
287 2617 424 2645 celebrem
435 2617 510 2645 fecit.
523 2617 658 2653 Aggresso
670 2618 744 2644 enim
752 2618 905 2654 episcopale
917 2618 976 2645 olli-

188 2663 263 2690 cium
285 2662 314 2689 in
325 2662 442 2690 ecclesia
460 2662 640 2697 Neapolitana
649 2662 737 2694 obire,
753 2663 937 2690 intumescens
950 2663 975 2689 ei

188 2709 282 2744 lingua
297 2713 373 2736 extra
383 2716 415 2736 os
429 2708 556 2741 excessit,
572 2716 624 2736 nec
635 2708 689 2735 nisi
703 2708 811 2735 Zosima
821 2713 897 2736 extra
909 2713 977 2735 tem—

190 2755 265 2790 plum
282 2762 392 2790 egresso
403 2755 506 2782 retrahi
519 2754 618 2790 potuit.
631 2754 690 2787 Quo
704 2754 784 2786 facto,
802 2762 865 2781 cum
876 2754 976 2781 iterum

190 2809 222 2828 ac
242 2801 325 2828 tertio
351 2801 472 2828 Zosimas
500 2805 632 2828 tentasset
648 2801 788 2837 ingressus
812 2801 908 2828 aedem
933 2808 976 2828 sa-

190 2855 265 2874 cram
281 2847 430 2882 cpiscopali
450 2847 526 2883 fungi
545 2855 668 2879 munere,
691 2847 772 2891 toties
786 2848 845 2883 pari
865 2853 976 2875 coactus

1025 2251 1228 2287 coniungimus,
1244 2250 1370 2277 ordinem
1388 2255 1541 2284 temporum
1559 2248 1656 2280 secuti,
1673 2255 1727 2282 quo
1742 2247 1815 2274 vitae

1025 2300 1187 2335 digeruntur
1203 2297 1346 2325 amborum
1360 2297 1398 2324 ita
1411 2301 1593 2331 comparatae,
1610 2299 1641 2322 ut
1654 2301 1815 2321 communes

1025 2353 1113 2373 annos
1134 2344 1239 2379 aliquot
1262 2343 1429 2374 habuerint,
1458 2339 1642 2377 Amphilochii
1672 2343 1814 2366 senectute

1026 2394 1209 2418 concurrente
1222 2397 1285 2417 cum
1300 2389 1425 2416 Zosimae
1440 2386 1634 2415 adolescentia.

1060 2437 1121 2464 Non
1134 2435 1187 2463 erit
1209 2435 1259 2462 abs
1279 2443 1327 2468 re,
1354 2435 1400 2462 hic
1422 2434 1455 2461 ad
1480 2438 1633 2461 extremum
1655 2431 1813 2462 admonere,

1026 2484 1156 2511 loanncm
1178 2481 1319 2510 Moschum
1332 2502 1340 2515 ,
1355 2481 1419 2509 libri
1441 2479 1559 2508 celebris
1580 2479 1636 2514 jam
1661 2478 1727 2505 olim
1757 2482 1785 2504 et
1799 2485 1815 2505 a

1027 2531 1103 2554 sexta
1133 2526 1254 2562 generali
1273 2526 1382 2562 Synodo
1398 2525 1513 2557 laudati,
1535 2524 1580 2552 cui
1604 2524 1716 2551 Pratum
1738 2523 1816 2558 spiri-

1027 2572 1099 2599 tuale
1112 2572 1209 2599 titulus
1224 2577 1276 2605 est,
1295 2577 1447 2603 auctorem,
1465 2571 1532 2598 haec
1557 2570 1615 2597 sine
1634 2568 1719 2596 dubio
1737 2567 1815 2594 Zosi—

1027 2626 1087 2646 mae
1106 2618 1232 2653 Alloquia
1251 2618 1362 2645 vidisse.
1377 2617 1445 2644 Nam
1460 2624 1520 2651 cap.
1538 2615 1617 2644 CCXI
1633 2623 1666 2642 ex
1688 2614 1722 2641 iis
1740 2613 1816 2640 deci—

1027 2673 1102 2692 mum
1126 2665 1268 2697 describit,
1284 2664 1378 2692 verbis
1396 2663 1459 2690 inde
1478 2663 1535 2690 fere
1557 2661 1671 2690 totidem
1689 2660 1816 2687 referens

1026 2710 1170 2737 historiam
1185 2708 1324 2742 monachi,
1341 2709 1388 2743 qui
1408 2707 1524 2743 expilari
1540 2707 1636 2735 cellam
1652 2712 1729 2733 suam
1745 2711 1761 2731 a
1774 2703 1814 2730 vi-

1027 2755 1089 2783 cino
1102 2755 1237 2782 monacho
1253 2763 1315 2782 cum
1330 2755 1403 2782 clare
1416 2753 1541 2787 vidisset,
1559 2752 1756 2789 patientissime
1771 2754 1814 2778 to-

1026 2802 1118 2829 lerans
1134 2822 1141 2834 ,
1170 2801 1253 2828 ctiam
1281 2805 1425 2836 postquam
1452 2799 1557 2827 audivit
1579 2796 1813 2833 improbissimum

1028 2848 1104 2875 illum
1132 2848 1219 2875 furem
1245 2848 1280 2875 ob
1301 2848 1327 2875 id
1350 2847 1455 2875 facinus
1478 2847 1598 2875 delatum
1625 2846 1659 2873 ad
1691 2843 1810 2872 iudicem
