2064 3152
252 176 258 185 .
273 151 325 181 3H

824 150 928 179 PETRI
947 149 1077 179 POSSINI
1098 148 1353 178 PROLEGOMENA

1850 147 1904 177 348

274 209 397 236 clausum
412 214 522 234 carcere
547 205 635 233 teneri
646 225 653 238 ,
678 206 797 240 primum
814 211 972 242 corrogatos
987 206 1065 233 cibos
1080 209 1101 237 Α
1115 205 1162 233 XV
1181 205 1300 233 conﬁcit.
1317 205 1396 238 Quod
1404 204 1465 232 'non
1485 211 1615 240 ponerem
1635 203 1688 233 hoc
1699 204 1760 232 loco
1773 208 1838 232 ante
1851 205 1902 232 tria

275 255 309 282 ad
324 263 387 282 eum
403 255 429 281 in
446 252 599 280 custodiam
616 252 725 284 detulit,
739 253 839 280 deinde
856 261 871 280 a
884 253 975 280 iudice
994 253 1063 280 libe-

274 300 408 327 rationem
428 299 488 325 eius
510 298 676 332 impetravit.
694 298 723 325 Id
741 298 828 325 solum
844 298 993 326 discrimen
1010 303 1061 330 est,

274 345 358 380 quod,
376 352 437 371 cum
450 344 572 371 Zosimas
586 343 669 376 dicat,
686 352 779 372 senem
796 352 957 380 corrogasse
967 352 1019 372 ova
1035 348 1064 371 et

273 391 395 421 eathara,
408 397 477 424 quae
490 389 524 416 ad
539 389 628 417 furem
650 390 773 418 vinctum
790 390 920 423 deferret,
937 390 1064 418 Moschus

274 443 324 470 pro
340 435 373 462 iis
388 435 467 470 ponit
481 455 488 467 ,
505 434 596 470 aliqua
615 435 758 468 esculenta,
774 435 864 463 vitans
877 435 947 463 forte
966 443 1062 463 neces-

274 486 382 510 srtatem
403 482 558 517 exponendi
576 481 641 516 quid
659 487 753 510 essent
767 482 888 509 cathara.
911 481 997 514 Quam
1013 490 1063 509 vo—

273 535 333 555 cem
350 534 439 562 neque
459 528 487 554 in
501 527 563 555 ullis
579 527 717 563 glossariis
731 527 895 555 declaratam
912 527 1013 562 reperi,
1036 533 1065 556 et

274 581 337 600 cum
347 573 381 600 de
395 581 426 600 ea
439 573 558 601 Graecos
571 573 598 600 in
608 573 684 601 Italia
694 573 843 600 monachos
855 573 1063 608 interrogarem,

275 620 391 647 fatentes
406 620 498 647 audivi
511 620 617 647 nescire
633 627 662 647 sc
678 627 791 654 prorsus
808 619 874 654 quid
890 626 922 646 ea
933 619 1063 654 signaret,

275 665 348 693 unde
361 666 451 701 ipsum
469 665 634 693 vocabulum
648 665 742 692 latinis
755 673 915 700 expressum
930 665 1018 692 literis
1037 665 1065 692 in

275 720 335 739 mea
356 712 582 747 interpretatione
612 719 672 738 sum
696 715 807 739 coactus
825 712 991 746 relinquere.
1010 711 1066 739 Mo-

274 758 358 785 schus
377 758 450 785 idem
468 766 528 792 cap.
550 757 643 785 CCXII
660 758 793 785 exscribit
816 764 850 785 ex
865 757 991 793 Alloquio
1006 757 1066 785 XIII

275 802 330 830 duo
354 803 478 837 exempla
508 811 606 830 senum
634 808 791 830 sanctorum
818 803 891 831 ultro
914 803 1066 831 latronibus

275 846 448 874 oll‘ercntium
465 854 515 874 sua
534 847 625 874 omnia
638 867 645 879 ,
668 855 700 874 ea
721 847 778 875 sola
801 847 973 880 differentia,
991 848 1065 883 quod

274 900 370 920 vocem
391 892 734 928 tcalidien'interpretatur
752 895 917 930 mancupium
939 894 1062 930 pendens,

274 943 466 975 praeterquam
485 939 576 967 minus
601 941 707 975 perite,
733 948 795 968 cum
817 946 897 968 vetus
926 940 1064 969 Theocriti

274 986 436 1014 scholiastes
446 986 480 1013 ad
497 986 622 1022 Idyllium
638 986 662 1014 X
676 987 839 1014 vocabulum
854 986 933 1014 scalis
947 987 1064 1022 explicet

274 1032 479 1058 instrumentum
495 1031 684 1067 agriculturae,
702 1032 775 1059 unde
790 1032 928 1060 sarculum
947 1040 1007 1060 sum
1021 1033 1064 1060 in-

275 1082 451 1112 terpretatus,
467 1077 514 1105 sed
527 1077 609 1105 etiam
625 1077 845 1113 improbabiliter
857 1086 1004 1106 numerans
1020 1079 1064 1106 in-

274 1127 316 1150 ter
330 1123 440 1151 mobilia
457 1123 541 1151 cellae
558 1124 723 1152 monasticae
743 1125 917 1160 marsupium,
939 1133 1064 1160 praeser—

275 1168 323 1195 tim
340 1169 415 1203 quod
435 1168 512 1196 addit
535 1169 666 1204 pendens,
689 1169 763 1204 quod
780 1170 871 1196 statim
888 1169 1009 1197 latrones
1021 1170 1062 1197 vi-

273 1213 389 1246 dissent,
404 1221 455 1240 nec
465 1221 534 1248 opus
549 1213 710 1241 habuissent
721 1213 855 1241 abeuntes
865 1221 880 1241 a
893 1219 988 1242 sancto
998 1222 1063 1242 sene

273 1258 428 1290 admoneri,
450 1263 481 1286 ut
500 1259 573 1294 quod
595 1266 650 1286 non
674 1259 850 1287 advertentes
872 1260 1064 1295 relinquebant

274 1304 412 1332 tollerent.
427 1304 477 1332 Est
491 1309 634 1340 praeterea
649 1305 841 1340 caputCCXVl
854 1306 927 1333 Prati
942 1314 975 1333 ex
989 1306 1063 1333 Allo-

272 1349 339 1385 quio
347 1349 474 1377 Zosimae
490 1355 567 1377 sexto
577 1350 757 1386 descriptum.
766 1350 854 1385 Caput
863 1358 929 1378 vero
938 1350 1061 1378 CCXVIII

272 1402 307 1423 ex
330 1395 487 1423 undecimo.
509 1396 633 1431 Denique
647 1400 729 1431 caput
748 1395 853 1424 CCXIX
876 1404 909 1424 ex
932 1397 1061 1424 tertiode-

272 1441 354 1470 cimo.
371 1441 424 1469 Sed
442 1441 476 1470 de
488 1442 531 1469 his
546 1441 600 1469 iam
619 1442 696 1469 satis.

309 1487 380 1516 XIII.
391 1487 515 1516 Zosimae
526 1488 600 1515 Isaac
610 1487 708 1524 Syrum
719 1487 850 1524 Opusculi
860 1487 907 1516 XII
921 1492 1060 1516 auctorem

1113 252 1266 286 sequentia,
1279 251 1302 279 si
1322 252 1475 284 crederem,
1492 251 1553 278 eius
1566 255 1718 283 auctorem,
1730 251 1803 286 quod
1819 251 1902 286 aliqui

1113 301 1273 330 autumant,
1298 305 1359 325 esse
1382 297 1477 329 illum;
1493 297 1572 324 cuius
1593 296 1719 324 meminit
1740 296 1904 331 Spondanus

1114 344 1192 371 Tom.
1208 344 1338 371 IContin.
1355 343 1388 371 ad
1401 351 1488 372 annos
1508 343 1587 375 I550,
1604 343 1683 375 I354,
1697 342 1767 370 I355
1782 347 1811 370 et
1824 343 1902 371 1562.

1115 388 1162 416 llis
1172 396 1207 415 ne
1221 388 1365 420 assentiar,
1380 387 1432 415 tria
1447 385 1606 414 retrahunt:
1623 385 1643 414 Ι.
1656 387 1730 421 quod
1744 386 1826 414 titulo
1842 395 1905 414 san-

1114 434 1217 462 ctitatis
1237 434 1302 462 huic
1322 434 1349 461 in
1365 439 1460 461 nostro
1482 434 1576 461 codice
1597 433 1699 460 tributo
1715 441 1812 468 parum
1836 440 1904 461 con-

1114 485 1214 516 gruant
1231 479 1350 507 hominis
1370 487 1472 511 mores,
1485 480 1532 514 qui
1553 487 1582 506 se
1609 479 1816 506 schismaticum
1835 479 1905 507 actis

1113 531 1142 554 et
1156 526 1267 560 scriptis
1276 532 1366 552 acrem
1377 525 1545 560 praebuerit,
1559 524 1660 559 quique
1673 524 1903 560 Constantinopo-

1115 572 1229 599 litanum
1241 572 1467 607 patriarchatum,
1483 571 1587 598 scelere
1603 575 1722 605 partum,
1732 571 1805 606 justa
1817 578 1904 605 poena

1115 617 1268 653 perdiderit
1277 626 1283 649 ;
1292 617 1324 644 Il.
1331 617 1394 652 quia
1402 617 1470 644 nihil
1478 616 1588 644 videtur
1596 623 1704 648 causae,
1711 622 1820 644 curnon
1827 624 1903 644 com-

1115 668 1225 700 pareret
1234 664 1262 691 in
1273 664 1352 691 titulo
1363 663 1538 698 episcopatus
1550 662 1740 689 Heracleensis
1749 667 1777 689 et
1786 663 1903 697 patriar-

1116 711 1212 738 chatus
1234 709 1569 744 Constantinopolitanus,
1591 708 1693 742 quibus
1712 707 1819 735 duabus
1840 715 1903 735 suc-

1116 757 1221 784 cessive
1236 756 1383 792 insignitus
1393 755 1488 783 infulis
1503 755 1549 782 ille
1559 754 1720 782 Philotbeus
1729 754 1830 781 dicitur
1839 763 1847 787 ;
1857 753 1902 781 III.

1116 803 1245 839 quoniam
1259 803 1378 838 scriptor
1392 802 1494 830 saeculi
1509 802 1568 830 XIV
1582 809 1638 829 non
1651 805 1741 837 potest
1758 800 1832 828 credi
1853 808 1904 827 au—

1117 854 1177 877 ctor
1203 848 1296 885 operis
1317 848 1345 876 in
1371 848 1466 876 codice
1491 847 1639 883 descripti,
1662 847 1859 880 cuiusmanus
1876 850 1905 873 et

1115 897 1211 924 charta
1224 900 1343 924 aetatem
1355 894 1515 931 praeferunt
1530 901 1680 926 annorum,
1694 898 1725 920 ut
1738 900 1820 928 supra
1835 892 1903 924 dixi,

1115 944 1343 979 quingentorum,
1368 941 1530 977 praesertim
1549 947 1612 967 cum
1631 939 1668 966 ibi
1689 943 1751 974 post
1769 938 1836 966 illud
1851 938 1904 965 alia

1114 994 1252 1025 ponantur
1267 988 1364 1016 aetatis
1383 987 1527 1015 manifeste
1539 985 1667 1014 senioris.
1681 985 1830 1020 Scripserit
1838 992 1904 1020 ergo

1115 1036 1189 1063 hunc
1206 1043 1362 1064 sermonem
1385 1035 1473 1062 multo
1493 1033 1634 1068 antiquior
1656 1032 1768 1067 quidam
1791 1035 1819 1059 et
1844 1039 1905 1058 san-

1115 1082 1186 1109 ctior
1200 1089 1216 1109 e
1230 1081 1357 1116 plurimis
1377 1080 1452 1108 omni
1467 1086 1535 1107 aevo
1548 1077 1687 1114 insignitis
1698 1077 1836 1106 Pbilotbei
1854 1084 1904 1105 vo-

1114 1127 1213 1155 cabulo
1228 1126 1380 1154 monachis.

1149 1172 1187 1199 De
1213 1171 1359 1199 Theodoro
1384 1171 1590 1207 archiepiscopo
1615 1170 1754 1198 Edesseno
1774 1169 1903 1204 Opusculi

1114 1218 1173 1245 XVI
1190 1222 1302 1245 auctore
1311 1225 1366 1244 non
1376 1221 1483 1244 constat
1494 1217 1557 1252 quis
1565 1216 1658 1249 fuerit,
1673 1216 1746 1243 unde
1759 1215 1904 1248 oriundus,

1114 1264 1162 1291 ubi
1179 1263 1273 1296 vitam,
1291 1263 1364 1298 quod
1387 1267 1511 1298 apparet,
1530 1262 1709 1290 monasticam
1725 1265 1788 1289 ante
1811 1261 1902 1288 archi-

1113 1308 1301 1343 episcopatum
1320 1307 1484 1340 exercuerit,
1496 1307 1606 1342 quando
1616 1311 1644 1334 et
1661 1314 1714 1342 qua
1730 1306 1874 1334 occasione
1889 1314 1904 1333 a

1113 1353 1247 1380 coenobio
1264 1352 1298 1379 ad
1313 1353 1479 1380 Edessenam
1490 1352 1648 1380 cathedram
1659 1351 1742 1379 fuerit
1751 1355 1902 1386 promotus.

1113 1399 1191 1427 Tom.
1207 1399 1280 1427 XXII
1295 1398 1481 1427 Bibliothecae
1497 1399 1609 1426 Patrum
1633 1398 1762 1426 editionis
1783 1397 1904 1425 novissi-

1112 1451 1173 1471 mae
1193 1443 1384 1479 Lugdunensis
1404 1443 1602 1479 quinquaginta
1621 1451 1655 1470 ex
1677 1443 1738 1471 eius
1763 1442 1903 1478 capitulis,

1113 1491 1165 1518 hoc
1181 1495 1224 1518 est
1237 1499 1291 1518 non
1311 1495 1400 1518 totum
1415 1490 1560 1518 dimidium
1570 1490 1634 1518 libri
1650 1490 1710 1518 eius
1724 1489 1816 1526 [quem
1832 1489 1903 1517 inte-

272 1532 398 1569 proxime
411 1533 552 1560 admotum
566 1533 765 1568 subiungimus,
775 1533 904 1568 quoniam
915 1533 987 1561 hunc
997 1534 1062 1561 Pos—
1075 1550 1096 1578 ο
1113 1544 1191 1572 grum
1207 1536 1325 1573 damus],
1335 1537 1417 1572 idque
1431 1545 1505 1564 mere
1521 1537 1605 1565 latine
1614 1537 1789 1569 exhibentur,
1814 1536 1904 1571 deque

272 1580 393 1612 sevinus,
413 1586 447 1606 cx
459 1579 601 1607 Gennadio
615 1579 747 1613 referens,
764 1579 843 1615 ponit
865 1580 1060 1615 imperatorum

270 1624 395 1652 Martiani
415 1632 448 1652 ac
460 1625 560 1652 Leonis
583 1629 738 1660 temporum
757 1625 909 1660 aequalem.
928 1625 1014 1659 Quem
1033 1629 1061 1653 et

271 1671 321 1704 ait,
343 1676 453 1706 praeter
470 1671 556 1698 multa
581 1675 678 1699 contra
697 1671 865 1704 haereticos,
879 1671 962 1698 etiam
982 1678 1059 1699 asce—

272 1717 326 1744 tica
343 1717 495 1752 scripsisse.
513 1717 601 1753 Supra
617 1717 718 1752 Opusc.
731 1717 835 1753 lXpag.
852 1717 903 1744 24']
914 1717 944 1744 fit
957 1718 1060 1746 mentio

271 1761 415 1789 cuiusdam
429 1762 514 1794 Isaae,
530 1762 577 1797 qui
599 1762 682 1790 fuerit
701 1762 852 1797 discipulus
873 1762 961 1798 Magni
975 1762 1060 1790 Arse-

271 1807 320 1834 nii.
342 1807 417 1835 Idem
438 1808 460 1835 is
485 1815 551 1835 sane
578 1815 642 1835 cum
664 1808 717 1836 hoc
746 1813 840 1836 nostro
871 1816 931 1836 esse
957 1809 1058 1844 potuit.

271 1854 390 1882 Dubium
406 1854 518 1889 quidem
534 1854 601 1882 mihi
624 1862 679 1882 non
698 1859 740 1882 est
752 1875 759 1888 ,
787 1855 874 1890 quin,
896 1863 966 1890 quae
988 1855 1060 1883 infra

270 1900 372 1936 Opusc.
382 1900 454 1928 XVII
469 1900 616 1936 Nicephori
637 1901 765 1928 monachi
784 1909 817 1928 ex
833 1901 907 1928 Isaac
921 1901 989 1934 Syro
1010 1901 1059 1929 de-

271 1947 446 1981 scribuntur,
479 1947 604 1976 eiusdem
628 1948 711 1975 huius
740 1948 827 1975 nostri
854 1948 918 1975 sint.
949 1948 1059 1975 Memini

270 1994 339 2021 alias
353 1994 381 2020 in
402 1993 572 2021 Bibliotheca
587 1994 717 2021 Vaticana
740 1993 843 2021 vidisse
866 2002 910 2021 me
933 1995 1018 2021 multa
1031 1999 1059 2022 et

270 2040 411 2076 praeclara
432 2040 508 2067 Isaae
523 2040 528 2075 Ι
544 2040 604 2076 Syri
627 2048 721 2075 opera,
745 2047 815 2074 quae
834 2040 950 2067 multum
964 2040 1058 2075 profu-

271 2090 343 2118 tura,
361 2086 384 2112 si
409 2085 563 2120 prodirent,
585 2086 745 2121 interpretis
767 2091 795 2113 et
816 2086 931 2114 editoris
947 2094 1058 2121 operam

271 2132 428 2167 implorant.
452 2131 627 2159 Theodorum
651 2132 788 2160 Studitam
809 2132 883 2160 Isaac
900 2132 968 2168 Syro
990 2140 1057 2160 con-

271 2178 360 2211 tinuo,
380 2177 455 2213 quod
472 2177 550 2205 illum
564 2177 637 2204 inter
652 2178 797 2213 plerosque
819 2178 992 2213 sequentium
1007 2187 1057 2206 au—

1115 1590 1148 1610 eo
1176 1583 1205 1610 in
1232 1583 1354 1618 generali
1378 1583 1469 1610 indice
1495 1583 1581 1611 Tom.
1608 1583 1619 1611 I
1645 1583 1748 1611 dicitur
1780 1582 1904 1610 ﬂoruisse

1115 1628 1192 1656 illum
1208 1628 1257 1656 XII
1273 1629 1393 1656 saeculo.
1412 1628 1484 1656 Sane
1497 1629 1586 1656 serius
1599 1636 1655 1656 non
1669 1629 1760 1664 potuit
1774 1628 1902 1656 Theodo-

1114 1682 1163 1702 rus
1176 1678 1281 1707 noster,
1294 1682 1376 1710 quam
1387 1674 1467 1702 istius
1484 1675 1587 1702 saeculi
1600 1674 1680 1702 initio
1688 1675 1791 1702 vivere.
1808 1675 1902 1702 Testa-

1115 1725 1160 1748 tur
1177 1720 1252 1747 enim
1268 1720 1408 1755 Eugenius
1429 1719 1464 1747 IlI
1480 1727 1604 1747 summus
1623 1719 1748 1747 Pontifex
1766 1719 1855 1746 literis
1868 1719 1902 1746 ad

1113 1767 1284 1795 Ludovicum
1299 1775 1390 1803 regem
1406 1767 1572 1794 Francorum
1589 1765 1709 1801 scriptis,
1725 1773 1793 1800 quas
1806 1765 1903 1794 recitat

1113 1812 1248 1840 Baronius
1258 1812 1338 1839 Tom.
1358 1811 1406 1839 XII
1425 1819 1501 1839 num.
1514 1810 1599 1838 XXXI
1619 1811 1683 1838 anni
1695 1811 1774 1842 1145,
1795 1815 1902 1846 captam

1113 1865 1130 1884 a
1146 1857 1290 1885 Saracenis
1305 1864 1339 1884 co
1355 1864 1427 1884 anno
1443 1856 1584 1888 Edessam,
1601 1855 1692 1883 occiso
1705 1855 1740 1883 ab
1764 1855 1798 1883 iis
1814 1855 1903 1883 archi-

1113 1903 1242 1938 episcopo
1257 1903 1436 1943 pluribusque
1450 1903 1520 1930 aliis.
1538 1903 1579 1930 Ex
1590 1909 1645 1937 quo
1658 1906 1779 1937 tempore
1793 1910 1903 1930 vacasse

1114 1948 1189 1975 illam
1208 1948 1301 1975 sedem
1319 1952 1443 1983 apparet,
1460 1947 1551 1983 quoad
1570 1952 1664 1983 erepta
1687 1948 1831 1975 Saracenis
1853 1956 1903 1984 per

1112 1995 1232 2022 Francos
1246 1995 1348 2022 Edessa
1362 1999 1414 2028 est,
1436 1994 1483 2029 qui
1498 1994 1639 2029 deinceps,
1657 1994 1789 2029 quamdiu
1804 1995 1902 2023 IIiero-

1113 2041 1224 2076 solymis
1241 2046 1399 2076 regnarunt,
1417 2041 1637 2076 archiepiscopos
1655 2041 1681 2068 ei
1699 2041 1799 2069 latinos
1815 2041 1901 2070 dede-

1113 2089 1187 2113 runt.
1203 2086 1259 2113 Nec
1272 2086 1382 2114 videtur
1398 2087 1559 2119 verisimile,
1575 2086 1810 2122 archiepiscopum
1825 2096 1839 2114 a
1852 2087 1902 2115 Sa-

1112 2133 1220 2160 racenis
1236 2132 1411 2161 interfectum
1427 2133 1501 2160 hunc
1519 2133 1609 2168 ipsum
1621 2132 1706 2160 fuisse
1715 2133 1900 2161 Theodorum.

1112 2179 1214 2215 Martyr
1232 2179 1306 2206 enim
1330 2179 1427 2207 fuisset
1445 2179 1545 2211 dictus,
1565 2178 1613 2214 qui
1637 2179 1666 2206 in
1687 2179 1839 2207 Turrianeo
1853 2188 1901 2207 co-

270 2229 362 2252 ctores
375 2223 577 2258 Opusculorum
601 2228 692 2251 certae
712 2228 741 2251 et
764 2228 845 2252 notae
867 2225 965 2253 aetatis
978 2226 1058 2253 video
1075 2225 1174 2262 Ddice
1204 2225 1337 2252 duntaxat
1362 2224 1476 2252 Sanctus
1507 2230 1583 2260 pater
1612 2229 1700 2252 noster
1730 2224 1899 2252 inscribitur.

269 2279 341 2299 esse.
358 2270 432 2298 Vixit
446 2274 543 2298 octavo
558 2270 676 2297 saeculo.
699 2270 793 2303 Multa,
815 2279 885 2306 quae
903 2271 938 2299 de
960 2279 993 2300 eo
1016 2273 1058 2300 di-

270 2317 357 2345 cenda
385 2320 468 2350 sunt,
501 2316 640 2344 cumulate
666 2323 796 2352 congeret
817 2318 860 2345 vir
882 2318 1057 2347 doctissimus

269 2363 394 2390 omnium
408 2362 470 2390 eius
484 2369 600 2397 operum
615 2362 723 2397 plenam
735 2366 764 2390 et
779 2363 947 2391 luculentam
959 2364 1058 2392 editio-

269 2417 333 2438 nem
348 2409 496 2436 adornans.

304 2453 419 2482 Abbatis
434 2453 520 2482 Isaiae
533 2459 661 2489 quartum
677 2455 814 2483 decimum
825 2462 866 2484 est
877 2457 1054 2492 Opusculum.

269 2499 348 2527 IIunc
367 2500 414 2527 alii
438 2499 545 2527 Esaiam
567 2500 715 2535 appellant,
731 2509 782 2537 ego
796 2502 935 2530 Ecclesiae
956 2503 1057 2531 latinae

269 2554 350 2573 usum
370 2550 510 2581 receptum
526 2546 554 2573 in
566 2547 650 2574 Isaiae
665 2547 799 2575 vocabulo
812 2548 951 2577 efferendo
969 2550 1055 2582 tenui,

270 2599 384 2620 securus
398 2592 550 2627 scripturae
563 2592 730 2620 Graecorum
756 2594 784 2620 in
807 2594 891 2622 verbo
908 2595 1057 2623 Hebraicae

270 2637 394 2673 originis.
407 2637 589 2665 Bellarminus
599 2638 708 2665 in'libro
721 2638 760 2666 De
773 2639 954 2673 scriptoribus
967 2641 1056 2668 cccle-

269 2683 387 2712 siasticis
400 2683 434 2712 de
446 2692 480 2711 eo
488 2684 536 2717 ait,
550 2692 589 2716 se,
600 2691 655 2719 quo
670 2689 792 2719 tempore
801 2685 916 2717 vixerit,
933 2685 1057 2713 invenire

268 2731 434 2766 nequivisse.
451 2731 519 2759 Vide
539 2731 622 2758 etiam
639 2730 673 2758 de
695 2731 742 2758 illo
759 2731 946 2758 Possevinum.
970 2731 1057 2759 lluius

269 2786 378 2813 quoque
392 2778 543 2805 honoriﬁce
557 2777 683 2805 meminit
694 2777 764 2804 infra
775 2777 946 2812 Nicephorus
959 2785 1056 2805 mona-

270 2824 338 2851 chus
350 2823 450 2858 Opusc.
464 2823 544 2851 XVII.

297 2868 395 2895 Sermo
403 2868 431 2896 S.
443 2867 578 2895 Philothei
590 2867 874 2897 de'mandatisChristi
887 2869 1053 2905 Opusculum

1110 2271 1218 2300 Obiisse
1233 2279 1298 2307 ergo
1318 2272 1395 2299 illum
1408 2272 1526 2298 naturali
1542 2276 1630 2299 morte
1644 2275 1708 2298 ante
1722 2279 1823 2298 annum
1832 2271 1902 2298 1145

1109 2317 1241 2345 credibile
1255 2321 1308 2350 est,
1324 2317 1380 2344 imo
1399 2317 1470 2345 forte
1483 2317 1624 2353 aliquanto
1636 2317 1806 2345 submotiore
1823 2325 1866 2345 re-
1881 2318 1887 2352 Ι

1109 2367 1153 2391 tro
1169 2367 1269 2396 aetate,
1278 2368 1319 2396 ut,
1332 2371 1413 2398 quem
1428 2363 1558 2391 Saraceni
1570 2363 1689 2391 Edessae
1699 2367 1901 2399 expugnatores

1108 2408 1281 2441 occiderunt,
1298 2415 1442 2435 successor
1464 2408 1539 2436 illius
1561 2416 1617 2436 non
1642 2408 1828 2441 immediatus,
1852 2408 1899 2436 sed

1108 2455 1257 2487 secundus,
1276 2455 1384 2487 tertius,
1398 2459 1546 2490 quartusvc
1559 2454 1651 2482 fuerit.

1144 2500 1223 2528 Paris
1238 2508 1300 2528 cum
1321 2500 1468 2528 Theodoro
1485 2501 1625 2528 Edesseno
1647 2500 1744 2528 aetatis
1763 2499 1899 2535 Nicepho—

1109 2554 1170 2574 rum
1192 2547 1359 2574 monachum
1379 2547 1487 2582 opinari
1503 2547 1568 2574 licet
1581 2546 1712 2582 Opusculi
1734 2546 1815 2579 XVII,
1836 2546 1899 2573 libri

1107 2593 1187 2620 valde
1201 2593 1287 2626 utilis,
1306 2598 1458 2627 auctorem,
1472 2601 1535 2621 cum
1550 2594 1662 2621 certiori
1676 2601 1768 2621 rerum
1782 2598 1810 2621 et
1823 2597 1899 2621 acto-

1107 2648 1169 2667 rum
1186 2640 1246 2668 eius
1261 2640 1419 2668 testimonio
1435 2648 1588 2667 careamus.
1908 2642 1913 2655 ‘

1143 2686 1200 2713 Hoc
1221 2686 1291 2713 forte
1316 2686 1456 2721 antiquior
1479 2686 1563 2714 fuerit
1585 2691 1683 2714 auctor
1705 2687 1789 2714 XVIII
1809 2687 1901 2715 ultimi

1107 2731 1249 2767 Opusculi,
1272 2740 1424 2768 anonymus
1443 2734 1595 2761 monachus
1610 2734 1736 2761 coenobii
1750 2734 1839 2769 graeci
1853 2742 1901 2761 or-

1106 2777 1182 2805 dinis
1199 2778 1226 2805 S.
1244 2778 1337 2806 Basilii
1348 2779 1377 2806 in
1390 2786 1456 2814 agro
1467 2779 1634 2812 Tusculano,
1645 2788 1660 2806 a
1671 2779 1699 2806 S.
1716 2779 1777 2806 Nilo
1789 2779 1901 2814 juniore

1108 2824 1180 2851 circa
1199 2824 1282 2852 ﬁnem
1303 2825 1406 2853 saeculi
1430 2825 1454 2852 X
1473 2825 1591 2857 fundati,
1615 2825 1696 2853 cuius
1717 2825 1899 2861 ampliﬁcatur

1108 2869 1222 2905 insignis
1247 2870 1352 2898 exstitit
1366 2879 1438 2898 unus
1460 2879 1475 2898 e
1498 2871 1550 2898 Nili
1575 2871 1735 2908 discipulis,
1759 2871 1898 2900 eiusdem-
