2064 3152
175 176 227 205 355
591 179 638 207 AD
655 177 844 207 EDITIONEM
858 178 939 206 ΗΟΜ.
962 177 990 205 S.
1010 178 1150 206 MACARII
1169 178 1338 206 AEGYPTII.
1729 181 1782 209 55b

177 234 266 263 Caroli
281 234 424 269 Guilielmi,
437 236 606 269 cancellario,
619 236 768 264 consiliario
777 236 868 263 intimo
880 241 905 263 et
918 237 987 263 sacri
1001 237 1146 263 consistorii
1158 235 1283 270 praesidi,
1295 236 1506 270 eminentissimo,
1520 242 1630 273 patrono
1644 238 1786 274 singulari,

177 282 332 316 Hacarium,
344 285 538 312 sanctissimum
551 284 668 318 Patrem,
680 288 759 320 atque
773 286 888 320 seipsum
902 285 1124 319 obsequiosissimo
1138 285 1210 312 cultu
1223 291 1249 313 et
1263 285 1348 312 studio
1359 285 1432 320 offert
1446 284 1489 312 Jo.
1504 284 1629 320 Georgius
1639 284 1749 313 Pritius.
1766 286 1772 321 ι

877 355 921 383 Vir
943 355 1057 383 illustris
1069 357 1079 383 !

212 423 302 456 Quum
321 424 370 452 Dei
388 423 490 460 Optimi
511 424 619 452 Maximi
641 425 773 460 singulari
793 429 872 457 nutu.
893 429 921 452 et
939 425 1112 453 Serenissimi
1131 424 1220 453 Caroli
1238 425 1371 454 Guilielmi
1388 425 1488 452 summi
1506 425 1640 461 Principis
1663 427 1738 454 iussu
1758 431 1787 454 et

176 469 317 504 auspiciis,
334 469 403 498 Tuis
426 475 518 498 tamen
531 472 614 499 etiam
640 472 772 505 consiliis,
791 471 893 506 Lipsia,
913 480 928 500 e
953 472 1113 500 charissima
1138 473 1261 501 omnium
1286 473 1384 509 patria,
1403 473 1438 500 ad
1461 474 1635 502 Servestanos
1658 478 1788 502 evocatus

176 517 282 544 abitum
298 517 456 550 meditarer,
472 518 663 546 adducendum
687 519 798 546 insimul
815 518 968 547 existimavi
993 519 1121 546 comitem
1143 519 1329 548 venerandum
1341 519 1491 547 Macarium
1514 520 1590 547 illum
1612 520 1784 555 Aegyptium,

176 565 249 592 inter
263 566 358 593 Patres
369 566 507 594 Ecclesiae
522 566 691 594 Christianae
707 567 816 602 pietatis
830 566 970 594 solidioris
984 567 1065 594 laude
1082 571 1111 595 et
1131 567 1194 595 viva
1207 575 1299 595 rerum
1312 567 1476 603 spiritalium
1492 565 1605 593 scicntia
1618 565 1788 600 incompara-

176 611 270 640 bilem.
288 612 374 647 Quem
393 613 468 641 enim
488 613 624 646 dabimus,
641 615 700 650 qui,
716 615 769 642 nisi
791 615 947 642 divinorum
968 615 1160 651 mysteriorum
1183 623 1199 642 a
1215 615 1333 651 Spiritus
1353 615 1439 643 sancti
1459 615 1546 650 gratia
1563 613 1646 642 fuerit
1665 613 1787 648 peculia-

177 659 246 686 riter
261 660 398 696 particeps
413 660 511 693 factus,
524 660 558 688 de
572 662 800 689 excellentissima
819 661 924 689 animae
944 663 1120 697 praestantia,
1137 662 1171 690 de
1193 663 1270 698 lapsu
1295 663 1413 690 hominis
1436 660 1599 692 miserrimo,
1615 660 1649 687 de
1666 662 1788 687 extrema

177 705 318 733 hominum
334 706 363 733 in
379 707 497 741 peccatis
517 707 665 734 iacentium
681 707 824 743 pravitate,
842 707 876 735 de
897 708 1004 735 insidiis
1027 708 1147 736 hostium
1166 708 1341 736 infernalium
1363 713 1391 737 et
1412 707 1600 736 molitionibus
1619 706 1648 733 in
1669 709 1789 733 mentem

177 753 324 780 humanam
348 755 648 789 periculosissimis,‘de
669 756 831 784 suavissimo
855 755 943 783 divini
967 755 1086 791 Spiritus
1107 756 1202 790 ductu,
1222 757 1256 785 de
1280 757 1366 793 gratia
1384 756 1443 788 Dei,
1459 755 1464 791 1
1480 755 1636 791 gratiaeque
1655 761 1671 780 a
1691 757 1790 780 natura

177 800 361 835 distinctione,
371 803 552 839 universaque
569 804 664 832 salutis
680 809 790 831 nostrae
805 804 963 832 oeconomia
977 804 1092 832 solidius
1107 805 1258 840 scripserit,
1274 813 1355 840 quam
1371 809 1516 832 veteranus
1537 803 1582 830 ille
1602 803 1673 829 inter
1688 800 1790 828 Christi

177 847 326 877 Salvatoris
346 849 487 878 ministros
504 851 653 879 Macarius?
669 851 786 879 Tantum
801 851 891 878 virum
908 849 981 885 quod
997 849 1024 877 in
1041 850 1188 885 hospitium
1208 850 1351 882 deducam,
1368 849 1421 877 nisi
1437 849 1470 876 ad
1490 849 1539 881 Te,
1557 849 1600 876 vir
1618 847 1789 876 excellentis-

176 894 266 922 sime?
281 895 381 930 quippe
393 897 440 931 qui
454 905 504 932 pro
520 896 649 924 inusitata
664 904 755 924 rerum
769 895 932 928 divinarum,
948 903 1002 930 qua
1016 896 1113 930 polles,
1129 896 1227 931 peritia
1243 903 1273 923 es
1289 903 1360 923 unus
1380 895 1502 923 omnium
1517 895 1632 922 maxime
1649 893 1680 921 ad
1697 893 1791 920 existi-

177 940 307 968 mandum
323 942 448 974 idoneus,
460 943 598 978 quodnam
615 943 652 970 sit
667 947 721 971 tam
738 942 845 970 eximiis
868 942 1011 970 animabus
1034 943 1209 970 statuendum
1223 943 1352 978 pretium.
1377 942 1453 975 Quod
1474 941 1518 977 qui
1535 941 1652 973 noverit,
1666 948 1747 976 quam
1763 942 1792 967 et

176 985 275 1020 cupide
289 985 430 1022 calidoque
442 987 506 1014 olim
519 988 619 1015 nostris
634 987 720 1015 sacris
735 986 842 1015 dederis
858 994 978 1022 operam,
995 995 1075 1022 quam
1093 988 1195 1022 amplas
1211 988 1350 1016 interioris
1365 987 1514 1022 sapientiae
1529 987 1637 1015 divinae
1653 986 1792 1022 possideas

176 1034 328 1067 facultates,
340 1042 421 1069 quam
435 1040 464 1063 et
476 1043 583 1063 morum
597 1039 719 1071 praestes
730 1035 861 1070 singulari
877 1035 1041 1070 integritate,
1054 1040 1210 1070 quantoque
1228 1043 1320 1063 amore
1336 1035 1364 1063 in
1379 1035 1508 1070 pietatem
1525 1035 1658 1062 sinceram
1678 1033 1791 1068 eiusque

176 1080 296 1108 cultores
314 1080 422 1112 feraris,
440 1081 514 1109 iuxta
529 1089 636 1109 mecum
652 1085 779 1117 agnoscet
794 1081 911 1109 libenter
926 1086 953 1108 et
969 1081 1146 1116 praedicabit.
1165 1082 1232 1109 Mihi
1252 1089 1319 1109 vero
1336 1085 1364 1109 et
1378 1081 1430 1109 ista
1444 1081 1514 1109 ratio
1528 1081 1582 1109 fuit
1596 1081 1625 1108 in
1640 1080 1792 1107 clientelam

176 1125 264 1152 Tuam
278 1126 401 1154 tradendi
418 1127 541 1155 divinum
555 1127 700 1155 Macarium
716 1133 848 1161 nostrum,
864 1128 966 1155 nostris
981 1128 1215 1163 qualibuscunque
1230 1127 1330 1163 vigiliis
1343 1135 1418 1155 nunc
1432 1127 1512 1162 paulo
1529 1126 1640 1162 politius
1654 1125 1792 1161 prodeun-

176 1175 232 1198 tem
246 1171 273 1198 in
287 1171 437 1206 publicum,
451 1176 481 1199 ut
498 1180 541 1200 me
556 1180 665 1207 quoque
679 1173 730 1200 hac
747 1173 852 1200 ratione
869 1172 994 1200 sisterem
1010 1172 1082 1205 Tibi,
1098 1173 1141 1200 vir
1160 1173 1286 1205 illustris,
1300 1173 1333 1200 ad
1351 1176 1482 1207 perpetua
1497 1172 1617 1204 servitia,
1634 1179 1666 1198 ac
1684 1169 1794 1206 aliquod

176 1220 265 1244 exstet
280 1217 350 1252 grati
363 1217 447 1244 animi
463 1225 527 1253 erga
541 1217 579 1245 Te
599 1217 792 1246 documentum
807 1226 813 1244 :
827 1218 872 1244 cui
891 1217 1026 1252 imprimis
1047 1217 1137 1246 refero
1153 1221 1304 1253 acceptum,
1318 1218 1391 1253 quod
1407 1217 1479 1252 apud
1495 1217 1672 1244 Servestanos
1687 1221 1794 1244 vestros

175 1267 205 1290 et
218 1262 248 1291 in
263 1263 378 1291 ecclesia
392 1268 420 1291 et
435 1263 464 1291 in
479 1264 608 1292 cathedra
623 1264 732 1299 publica
746 1271 778 1291 ca
797 1267 838 1291 tra
853 1263 858 1299 Ι
873 1263 955 1291 dendi
978 1271 1107 1291 concessa
1123 1263 1190 1291 mihi
1207 1264 1243 1291 sit
1258 1263 1382 1296 facultas,
1397 1270 1467 1298 quae
1481 1263 1582 1298 populo
1596 1262 1751 1290 Christiano
1766 1267 1795 1290 et

176 1309 315 1336 studiosae
330 1309 465 1337 iuventuti
479 1310 585 1344 possint
598 1317 658 1337 esse
673 1309 707 1337 ad
721 1309 806 1337 vitam
817 1308 1001 1336 Christianam
1022 1313 1097 1336 recte
1116 1308 1322 1344 ingrediendum
1338 1313 1418 1343 atque
1434 1307 1585 1340 colendam,
1603 1315 1635 1335 ac
1651 1307 1685 1335 ad
1702 1299 1794 1334 ieram

176 1354 359 1382 eruditionem
379 1354 589 1389 comparandam
611 1355 764 1382 necessaria
782 1359 810 1382 et
831 1354 926 1387 utilia;
949 1361 1004 1389 quo
1025 1354 1098 1381 vitae
1122 1361 1173 1389 ego
1195 1361 1295 1389 genere
1317 1353 1434 1381 maxime
1454 1353 1576 1380 omnium
1593 1353 1648 1380 iam
1667 1361 1683 1380 a
1701 1353 1795 1381 multis

176 1401 257 1430 annis
271 1401 449 1429 vehementer
466 1402 597 1429 delector.
617 1401 718 1437 Recipe
741 1402 835 1437 igitur,
851 1401 894 1429 vir
910 1401 1035 1434 illustris,
1052 1401 1187 1436 hospitem
1205 1401 1279 1428 hunc
1300 1408 1401 1428 novum
1423 1408 1456 1428 ea
1478 1399 1578 1432 fronte,
1599 1408 1653 1434 qua
1676 1399 1710 1426 ad
1733 1406 1796 1426 sua-

176 1448 316 1477 vissimam
342 1447 558 1481 humanitatem,
578 1448 669 1476 dotem
689 1448 750 1476 Tibi
771 1456 788 1475 a
808 1452 906 1475 natura
924 1447 1048 1475 faventer
1072 1447 1249 1483 impertitam,
1271 1451 1300 1474 et
1324 1446 1526 1482 elegantissima
1549 1446 1658 1473 vivendi
1689 1446 1796 1474 ratione

176 1496 325 1531 plurimum
342 1500 460 1527 auctam,
474 1494 650 1529 compositus,
664 1501 719 1521 non
731 1494 825 1522 doctos
840 1498 955 1526 tantum,
970 1493 1019 1521 sed
1034 1493 1196 1529 praesertim
1211 1493 1321 1528 pietatis
1335 1493 1455 1520 cultores
1466 1492 1499 1518 ad
1515 1497 1690 1526 conspectum
1707 1492 1797 1520 Tuum

176 1542 372 1578 benignissime
385 1540 517 1569 admittis.
532 1540 634 1575 Recipe
649 1544 677 1568 et
691 1547 735 1567 me
754 1540 782 1567 in
797 1539 927 1573 favorem,
944 1539 992 1575 qui
1012 1539 1114 1566 enixim
1137 1538 1165 1566 in
1181 1539 1211 1568 id
1234 1538 1368 1570 connitar,
1385 1542 1415 1565 ut
1436 1537 1537 1572 quibus
1559 1538 1720 1566 muneribus
1737 1538 1798 1567 Tuo

177 1587 310 1616 beneﬁcio
328 1587 481 1624 praeﬁcior,
499 1586 661 1614 satisfaciam
686 1594 804 1622 semper,
822 1590 851 1613 et
866 1586 900 1613 de
920 1590 1013 1614 cetero
1033 1585 1244 1620 quibuscunque
1261 1584 1363 1619 possim
1384 1583 1481 1612 ciliciis
1502 1583 1534 1611 ad
1548 1583 1596 1616 Te,
1616 1584 1657 1611 vir
1672 1585 1797 1612 eminen—

177 1634 291 1667 tissime,
308 1634 461 1661 omandum
475 1633 526 1660 sim
537 1631 735 1667 paratissimus.
751 1632 825 1659 Vale.
839 1632 946 1667 Lipsiae
961 1631 990 1658 in
1003 1631 1079 1659 abitu
1094 1639 1155 1659 meo
1169 1630 1227 1658 Cal.
1245 1630 1356 1658 Octobr.
1373 1630 1406 1658 A.
1419 1630 1451 1658 0.
1468 1631 1501 1658 Β.
1515 1631 1556 1658 cla
1571 1631 1613 1658 loc
1628 1631 1742 1659 XCVIII.

225 1679 347 1715 |Lectori
361 1678 489 1706 Benevola
508 1677 621 1705 salutem
640 1678 700 1704 dicit
717 1678 755 1705 Io.
775 1678 899 1714 Georgius
919 1678 1028 1709 Pritius,
1046 1677 1094 1705 SS.
1115 1677 1269 1713 Theologiae
1288 1677 1449 1704 Licentiatus
1468 1681 1493 1704 ct
1509 1677 1646 1712 Professor
1663 1678 1798 1707 Publicus.

210 1726 373 1763 Eoulgamus
400 1727 450 1759 hic,
470 1726 539 1761 quod
555 1725 625 1753 Deus
648 1726 764 1760 faustum
787 1734 842 1753 esse
864 1726 962 1758 iubeat,
982 1726 1010 1752 in
1028 1725 1161 1752 Ecclesiae
1187 1733 1315 1760 veraeque
1339 1725 1442 1761 pietatis
1462 1726 1639 1753 studiosorum
1657 1726 1800 1755 utilitatem

176 1771 297 1805 Macarii,
313 1772 427 1799 Patrum
445 1771 629 1806 antiquissimi,
647 1770 787 1803 Homilias,
803 1771 879 1798 rebus
897 1771 1011 1806 optimae
1031 1771 1114 1806 frugis
1129 1771 1342 1806 divinissimaque
1357 1771 1483 1806 mysteria
1501 1770 1640 1806 complosis
1656 1773 1799 1807 refertissi-

178 1826 244 1845 mas.
259 1817 298 1845 De
313 1826 366 1853 qua
383 1825 451 1844 noua
466 1817 577 1844 editione
593 1821 622 1844 ut
638 1816 729 1844 lectori
741 1816 820 1852 paulo
837 1817 985 1843 accuratius
1000 1820 1109 1850 constet,
1125 1820 1202 1843 erunt
1219 1816 1320 1851 aliqua,
1337 1816 1394 1843 licet
1412 1816 1579 1849 brevissimis,
1595 1818 1798 1852 praemittenda,

175 1870 321 1901 antequam
333 1865 367 1892 ad
381 1865 514 1892 lectionem
529 1864 588 1891 libri
601 1864 735 1891 utilissimi
752 1864 916 1891 admittatur.
934 1863 1094 1896 Editionem,
1110 1867 1139 1890 ut
1156 1867 1277 1899 apparet,
1295 1863 1545 1898 Francofurtanam,
1561 1873 1641 1899 quam
1656 1865 1800 1892 Zacharias

176 1912 333 1940 Palthenius
357 1920 427 1939 anno
448 1911 546 1939 saeculi
564 1912 707 1947 superioris
731 1912 899 1946 nonagesimo
922 1917 1016 1946 quarto
1042 1911 1235 1944 adornaverat,
1258 1912 1424 1946 repetivimus
1457 1912 1579 1947 quidem;
1600 1913 1646 1939 sed
1668 1917 1697 1939 ut
1719 1913 1800 1948 paulo

175 1960 287 1986 wmtior
302 1962 390 1986 tamen
406 1959 522 1994 prodiret
542 1958 744 1985 elaboravimus.
761 1957 832 1984 Nam
852 1965 975 1993 graecum
997 1962 1096 1984 textum
1117 1961 1241 1984 accurato
1261 1957 1347 1984 studio
1370 1958 1517 1990 revisimus,
1530 1957 1640 1986 sublatis
1663 1959 1721 1986 hinc
1740 1959 1800 1987 inde

175 2006 288 2039 mendis,
303 2013 370 2041 quae
384 2006 413 2032 in
434 2005 547 2040 priorem
571 2004 711 2031 editionem
731 2005 902 2039 irrepserunt.
924 2003 971 2030 Ubi
988 2003 1093 2038 quidem
1116 2003 1144 2030 in
1169 2011 1200 2030 vo
1215 2003 1221 2038 ι
1236 2003 1268 2030 tis
1293 2002 1364 2030 nobis
1389 2003 1489 2038 fuisset,
1509 2007 1538 2030 ut
1561 2004 1596 2031 ad
1618 2012 1711 2031 manus
1729 2006 1800 2033 nobis

175 2053 257 2080 eodem
271 2053 411 2080 exstitisset
427 2060 509 2079 manu
528 2057 665 2084 exoratus,
682 2059 761 2086 quum
782 2051 878 2078 alicubi
900 2051 965 2078 satis
985 2055 1052 2077 esset
1075 2050 1255 2085 manifestum,
1277 2050 1413 2077 lectionem
1431 2050 1489 2077 libri
1505 2052 1593 2078 excusi
1615 2052 1644 2078 in
1666 2053 1728 2079 uitio
1753 2061 1801 2080 cu-

175 2098 250 2126 bare.
265 2098 355 2126 Multis
367 2098 395 2125 id
410 2097 471 2125 locis
487 2103 570 2133 posset
586 2097 696 2130 ostendi,
713 2096 758 2124 sed
777 2105 860 2124 unum
873 2096 968 2123 saltem
983 2096 1129 2132 speciminis
1149 2095 1203 2122 loco
1215 2091 1454 2131 adferre'suﬁiciat.
1470 2096 1585 2124 Homilia
1601 2097 1624 2124 X
1635 2106 1660 2132 p.
1677 2097 1727 2124 221
1745 2099 1802 2126 edi-

176 2147 255 2174 tionis
268 2146 497 2181 Francofurtanae
512 2144 586 2172 nullo
602 2153 679 2172 sensu
696 2144 789 2180 legitur
802 2145 922 2171 ἐκπεινεῖ
937 2144 984 2170 καὶ

997 2143 1094 2179 ὲκδιψᾷ
1112 2143 1274 2180 ὑπάρχουσι,
1290 2144 1318 2170 in
1335 2152 1449 2179 quorum
1465 2145 1601 2172 verborum
1620 2145 1705 2173 locum
1724 2153 1801 2181 repo-

175 2194 277 2220 suimus
293 2194 322 2220 ὲν
340 2193 420 2229 πείνῃ
431 2193 477 2220 καὶ
489 2192 554 2229 δίψῃ
566 2192 730 2228 ὑπάρχουσι.
749 2191 873 2224 Quamvis
894 2199 940 2219 nec
951 2192 987 2219 mi

990 2200 1038 2219 nus
1050 2197 1224 2227 congruenter
1238 2191 1289 2227 legi
1310 2192 1390 2227 possit
1408 2191 1533 2220 Eunetvoz‘
1543 2193 1591 2220 καὶ
1609 2193 1721 2228 ἔκδιψοι,
1735 2201 1803 2229 quae

175 2240 254 2267 verba
268 2239 347 2275 paulo
363 2243 420 2275 post
434 2240 462 2266 in
475 2240 531 2275 ipso
543 2246 644 2274 quoque
658 2242 779 2265 contextu
792 2243 942 2265 occurrunt.
957 2237 1004 2266 Ubi
1016 2246 1076 2273 ergo
1088 2241 1114 2264 et
1124 2238 1293 2273 manifestum
1308 2238 1368 2273 fuit,
1380 2238 1458 2265 verba
1471 2240 1585 2266 auctoris
1598 2248 1651 2267 esse
1666 2244 1801 2275 corrupta,

176 2290 202 2313 et
218 2286 361 2321 manifesta
377 2293 479 2320 quoque
495 2285 683 2312 emendationis
701 2284 769 2312 ratio
783 2285 880 2319 patuit,
897 2285 1052 2312 tentauimus
1071 2290 1206 2312 auctorem
1224 2285 1272 2312 sibi
1291 2286 1438 2312 restituere.
1457 2285 1594 2321 Aliquibus
1615 2294 1674 2313 vero
1692 2287 1721 2313 in
1740 2286 1802 2314 locis

175 2333 300 2361 Cotelerii
312 2333 448 2369 diligentia
464 2333 535 2360 nobis
549 2333 678 2365 inseruiit,
691 2341 723 2360 ea;
740 2332 922 2368 manuscriptis
938 2332 1067 2359 codicibus
1084 2333 1112 2359 in
1127 2332 1260 2360 Ecclesiae
1272 2332 1389 2360 Graecae
1404 2332 1588 2365 Monumentis,
1603 2341 1671 2368 quae
1690 2333 1802 2360 Parisiis

175 2380 262 2407 lucem
275 2379 463 2415 adspexerunt,
477 2379 584 2406 subinde
595 2380 729 2406 variantes
745 2377 866 2405 lectiones
879 2378 1041 2410 adnotantis,
1054 2387 1119 2414 quas
1134 2378 1175 2405 vel
1186 2379 1215 2405 in
1230 2382 1330 2405 textum
1345 2379 1488 2414 recepimus
1504 2378 1544 2405 vel
1558 2379 1592 2405 ad
1604 2379 1674 2406 latus
1687 2379 1802 2406 adnota-

174 2427 271 2454 vimus.
287 2427 384 2454 Latina
401 2427 484 2454 versio
500 2427 645 2453 miserrime
665 2427 771 2453 omnino
787 2434 815 2453 se
827 2425 947 2457 habebat,
964 2425 1028 2452 adeo
1043 2426 1157 2461 quidem,
1172 2430 1200 2452 ut
1218 2425 1307 2452 multis
1329 2427 1357 2452 in
1374 2425 1436 2453 locis
1449 2426 1525 2461 foeda
1538 2426 1682 2461 stribligine
1698 2431 1723 2454 et
1739 2427 1802 2454 bar-

175 2472 298 2499 barismis
317 2473 446 2506 horreret,
463 2481 510 2500 nec
529 2473 680 2508 saepissime
695 2480 785 2499 verum
800 2471 910 2499 Macarii
926 2479 1032 2498 sensum
1049 2472 1216 2506 exprimeret.
1230 2471 1356 2498 Dedimus
1375 2472 1457 2507 igitur
1475 2480 1593 2508 operam,
1610 2476 1665 2498 tum
1680 2476 1710 2499 ut
1722 2473 1802 2507 paulo

176 2519 260 2553 magis
278 2517 387 2544 Latinus
403 2519 436 2545 sit
451 2519 590 2553 interpres,
605 2523 660 2545 tum
675 2522 704 2545 ut
717 2517 831 2551 ﬁdelius,
846 2525 914 2552 quae
933 2517 1043 2544 senserit
1059 2517 1114 2552 ipse
1131 2520 1233 2550 auctor,
1249 2525 1297 2543 suo
1316 2525 1436 2544 sermone
1452 2518 1580 2545 exltibcat.
1607 2517 1766 2554 Quanquam
1783 2520 1787 2555 i

175 2571 223 2590 nec
236 2563 274 2590 sic
289 2563 393 2598 quidem
406 2565 532 2599 possimus
548 2564 686 2599 spondere,
704 2563 769 2590 nihil
783 2571 918 2599 superesse
937 2564 965 2589 in
984 2564 1102 2590 versione
1123 2563 1247 2599 amplius,
1264 2564 1333 2599 quod
1351 2564 1485 2591 emendari
1503 2569 1647 2597 mereatur,
1668 2574 1748 2600 quum
1768 2567 1802 2593 sit

174 2608 368 2643 difﬁcillimum,
384 2617 452 2644 quae
468 2614 575 2644 peccata
591 2614 652 2636 sunt
672 2608 703 2635 ab
724 2608 793 2640 aliis,
810 2609 849 2635 ita
870 2608 946 2644 plene
962 2608 1110 2641 sustollere,
1128 2613 1157 2635 ut
1174 2609 1263 2636 nullus
1284 2609 1396 2645 amplius
1413 2617 1509 2636 naeuus
1529 2615 1668 2644 appareat.
1687 2610 1724 2638 Ac
1739 2612 1802 2638 mihi

174 2654 282 2688 quidem
298 2654 400 2688 facilius
413 2654 489 2690 longe
500 2655 637 2682 videbatur
652 2655 718 2690 fore,
733 2662 826 2681 nouam
839 2655 996 2682 concinnare
1012 2656 1164 2688 versionem,
1177 2664 1257 2690 quam
1271 2660 1383 2682 ueterem
1397 2655 1474 2682 illam
1488 2659 1525 2682 tot
1540 2655 1602 2682 locis
1618 2657 1800 2692 incongruam,

174 2706 202 2729 et
218 2701 287 2728 male
303 2701 416 2729 auctoris
432 2703 512 2730 menti
529 2702 728 2738 respondentem
742 2702 881 2737 corrigere.
901 2702 1010 2729 Tectum
1031 2703 1059 2729 in
1080 2704 1204 2730 sectiones
1223 2703 1419 2738 dispescuimus,
1435 2704 1603 2738 interpretem
1622 2706 1802 2739 germanicum

174 2756 207 2775 ea
220 2749 248 2774 in
261 2755 290 2774 re
301 2749 393 2780 secuti,
405 2753 433 2774 ut
442 2749 572 2780 uidelicet,
585 2750 630 2784 qui
643 2749 823 2783 germanicum
837 2749 934 2776 idiomu
945 2757 1005 2775 cum
1017 2757 1111 2784 graeca
1125 2751 1238 2777 auctoris
1250 2751 1368 2777 oratione
1381 2750 1498 2785 conferre
1513 2751 1630 2785 cupiant,
1642 2752 1710 2786 quod
1722 2760 1802 2787 quae-

173 2799 248 2827 runt,
261 2795 376 2830 faciliori
387 2796 488 2830 negotio
502 2795 618 2822 inuenire
629 2795 738 2830 possint,
753 2802 799 2821 nec
806 2795 955 2829 ceteroquin
968 2794 1060 2830 aliqua
1074 2796 1176 2822 oriatur
1185 2797 1277 2823 exinde
1289 2796 1414 2832 confusio.
1431 2795 1555 2828 Quamvis
1569 2805 1620 2823 non
1636 2805 1768 2832 negemus,
1779 2799 1804 2825 si

174 2845 268 2868 nostra
281 2841 402 2868 libertate
412 2842 450 2868 uti
461 2842 500 2868 hic
509 2841 580 2868 nobis
592 2841 685 2868 datum
696 2841 796 2876 fuisset,
810 2840 892 2867 aliam
903 2849 948 2868 nos
961 2842 1032 2868 haud
1045 2842 1222 2877 infrequentcr
1235 2842 1412 2878 distinguendi
1423 2842 1553 2869 rationem
1565 2842 1644 2877 fuisse
1657 2847 1799 2870 secuturos.

173 2887 339 2923 Argumenta
349 2887 470 2914 llomiliis
478 2888 540 2923 ipsis
551 2889 698 2922 praemissa
709 2888 865 2916 retinuimus
876 2887 992 2922 quidem,
1003 2890 1122 2924 quamvis
1136 2898 1188 2917 non
1197 2890 1279 2925 ipsius
1290 2890 1342 2917 sint
1352 2889 1475 2922 Macarii,
1485 2889 1531 2916 scd
1544 2890 1653 2917 alterius
1663 2890 1799 2918 cuiusdam

333 2934 469 2965 Parnm”
491 2935 548 2965 Gn.
569 2935 702 2965 XXXIV.
1584 2936 1620 2966 12
