2064 3152
183 173 234 202 557
606 173 651 201 AD
669 171 856 201 EDITIONEM
874 171 993 201 OPUSC.
1014 172 1042 200 S.
1063 171 1204 200 MACARII
1222 170 1390 199 AEGYPTII.
1742 171 1795 199 55%

183 230 276 259 XLVII
336 229 485 266 Ezplicatio
501 229 642 266 allegorica
659 230 824 266 quorundam
840 230 886 258 sub
908 229 962 266 lege
976 229 1061 266 [bene]
1078 230 1217 265 factorum.
1403 251 1407 255 .

182 266 288 303 XLVII]
336 262 505 303 Qe'perfeda
585 262 729 303 inDeums
913 262 942 303 μ’
966 262 987 303 _'
1149 300 1154 303 Δ
1206 299 1211 303 _
1256 301 1262 303 _
1390 299 1405 303 Δ.
1429 299 1435 303 ,
1488 299 1494 303 _
1536 297 1551 303 Π
1743 262 1796 289 547

182 301 265 330 XLIX
332 294 475 372 Νοᾶιέιέῗέἰιξ
493 294 617 329 est/huius
631 301 731 329 saeculi
751 300 858 328 delicias
878 299 1024 336 reliquisse,
1041 300 1091 327 nisi
1110 300 1167 335 quis
1184 299 1293 328 alterius
1307 299 1405 327 saeculi
1426 297 1611 326 beatitudinem
1635 305 1724 325 conse-
1744 332 1797 359 554

181 371 203 400 L
332 367 402 400 Deus
416 375 465 405 est,
482 372 527 407 qui
539 380 585 407 per
599 376 702 399 sanctos
715 379 775 398 suos
789 375 814 398 et
829 374 965 398 creaturas
978 370 1031 397 edit
1044 370 1184 397 miracula.
1744 367 1792 396 561

179 440 338 473 [Sequuntur
345 439 468 465 Homiliae
477 446 533 471 pag.
545 439 628 471 1-566,
639 440 698 465 dein
712 440 792 466 Index
801 438 1111 502 rermogiizn‘tﬁztjsalztgrri
1119 438 1145 464 in
1165 440 1195 464 B.
1208 438 1312 465 Macarii
1331 437 1447 464 Hamiliis
1467 442 1630 465 contentarum
1647 438 1796 470 alpliabelico

668 643 936 690 EIUSDEM
971 643 1309 690 PRAEFATIO

487 745 536 778 ΔΙ)
556 743 766 775 EDITIONEM
795 742 1074 774 OPUSCULORUM
1093 743 1124 774 S.
1148 743 1306 776 MACARII
1327 746 1504 778 AEGYPTII

914 834 942 854 ΙΝ
947 833 1071 854 ΞΟΜΡΤΔΙ
1088 834 1096 853 .'

177 900 269 929 Sancti
286 898 374 926 Patris
393 897 504 925 Macarii
517 895 638 932 Aegyptii
657 894 787 932 Opuscula
805 894 935 932 nonnulla
948 897 979 921 -ει
995 894 1231 932 Apophthegmata.
1251 895 1293 932 Io:
1306 895 1428 931 Georgius
1443 895 1543 932 Pritius
1562 895 1675 932 collegit,
1694 897 1796 930 recidit,

216 935 329 962 latinam
353 934 495 969 versionem
508 929 626 969 studiose
647 929 810 969 emcndauit,
827 929 1005 969 iudicibusque
1029 929 1138 969 adiectis
1155 930 1255 969 edidit:
1273 930 1340 969 Cum
1363 929 1504 969 ﬁioilegio
1526 931 1558 969 S._
1578 929 1675 969 Reg-iac
1690 929 1795 969 Majejst;

213 970 307 998 Polon.
328 973 353 996 et
369 968 453 995 Elect.
469 967 535 995 Sam.
554 967 669 1003 Lipsiae,
686 966 714 993 in
736 964 885 1001 bibliopolio
905 964 1056 993 Grossiano.
1079 965 1173 993 Literis
1193 965 1340 1002 Christoph.
1370 964 1520 994 Fleisclieri.
1542 964 1674 996 Anno'clo
1688 964 1741 996 Iac'
1750 967 1796 996 lC.

214 1092 274 1120 Viro
288 1090 429 1127 magniﬁco
448 1091 568 1118 Adriano
587 1090 695 1126 Stegero
714 1090 780 1123 Icto,
800 1090 952 1117 scabinatus
968 1089 1116 1117 electoralis
1136 1089 1267 1116 adsessori
1287 1093 1313 1116 et
1329 1090 1440 1118 civitatis
1463 1090 1605 1127 Lipsiensis
1626 1092 1727 1120 consuli
1750 1093 1798 1120 hoc

177 1143 293 1175 tempore
309 1139 409 1174 regenti
429 1138 582 1174 gravissimo
604 1139 660 1166 viro
678 1138 710 1166 de
730 1139 819 1175 patria
831 1137 1038 1174 splendidissime
1053 1138 1157 1170 merito,
1174 1137 1246 1165 Haec
1266 1137 1378 1166 Macarii
1397 1144 1566 1167 monumenta
1587 1149 1604 1168 a
1625 1148 1654 1168 se
1673 1141 1758 1168 recisa
1772 1144 1799 1169 et

175 1186 317 1215 emendata
329 1194 408 1213 sacra
422 1193 477 1213 esse
495 1185 564 1213 iubet
579 1186 647 1214 tanti
667 1186 780 1213 nominis
798 1188 939 1220 perpetuus
953 1183 1039 1211 cultor
1055 1183 1095 1212 Io.
1115 1183 1240 1218 Georgius
1257 1182 1366 1211 Pritius.
1383 1183 1389 1218 |

959 1257 996 1264 ρ-

878 1309 923 1338 Vir
947 1310 1103 1346 magniﬁce!

209 1367 279 1396 Cum
297 1376 386 1404 nuper
404 1368 551 1396 admodum
571 1368 682 1396 Macarii
704 1369 835 1396 Homilies
852 1369 944 1397 studio
959 1369 1144 1404 qualicunque
1164 1373 1259 1397 nostro
1279 1368 1393 1405 politius
1410 1369 1521 1406 prodire
1536 1370 1699 1405 faceremus,
1717 1371 1798 1400 fidem

175 1414 279 1449 pariter
294 1414 543 1450 obstringebamus,
558 1414 628 1448 fore,
643 1420 674 1443 ut
688 1415 765 1443 brevi
782 1423 892 1450 quoque
907 1420 1041 1451 tempore,
1054 1423 1123 1451 quae
1140 1415 1245 1451 reliqua
1257 1419 1350 1443 essent
1363 1415 1483 1448 Macarii,
1498 1417 1557 1452 pari
1571 1417 1679 1445 ratione
1690 1425 1706 1445 a
1718 1418 1799 1445 nobis

174 1460 321 1489 emendata
335 1467 578 1496 consequeremur.
600 1461 687 1495 Quam
704 1462 855 1490 dissolvere
875 1470 960 1495 nunc,
978 1461 1052 1497 quod
1067 1461 1133 1489 boni
1152 1466 1195 1489 est
1215 1461 1358 1494 debitoris,
1375 1469 1439 1489 cum
1456 1461 1528 1497 apud
1552 1462 1674 1491 animum
1694 1463 1799 1492 consti-

175 1507 323 1541 tuerimus,
345 1508 386 1535 Tu
404 1508 549 1543 imprimis,
570 1508 613 1536 vir
627 1509 795 1545 amplissima
808 1509 924 1538 illustris
942 1509 1116 1542 auctoritate,
1131 1508 1299 1537 obveniebas
1313 1509 1414 1542 animo,
1431 1510 1475 1537 cui
1491 1510 1624 1545 quicquid
1643 1511 1671 1538 id
1685 1517 1728 1540 est
1745 1515 1802 1539 tra-

174 1552 288 1580 deretur
308 1553 337 1580 in
348 1554 513 1582 clientelam.
530 1554 669 1582 Summam
681 1555 817 1591 Opuscula
834 1556 903 1584 haec
917 1559 945 1584 et
962 1555 1034 1583 dicta
1047 1555 1156 1583 Macarii
1173 1555 1278 1590 spirant
1293 1555 1395 1590 ubique
1414 1555 1555 1590 pietatem,
1572 1563 1642 1591 quae
1658 1557 1800 1585 coelestis-

173 1599 245 1627 sima
261 1600 351 1628 virtus
378 1605 521 1636 tantopere
546 1601 607 1628 Tibi
628 1601 704 1629 cordi
720 1605 763 1629 est
780 1605 810 1630 et
834 1610 927 1635 curae,
950 1607 981 1630 ut
1001 1602 1213 1637 haudquaquam
1235 1600 1297 1628 Tibi
1320 1601 1388 1628 satis
1405 1600 1490 1627 fuerit
1513 1599 1618 1636 ingenti
1637 1601 1800 1636 prudentiae

174 1646 263 1674 civilis
279 1647 379 1675 ﬂorere
392 1648 483 1681 laude,
506 1653 534 1676 et
549 1649 751 1684 copiosissimas
774 1649 924 1685 sapientiae
942 1649 1032 1677 omnis
1054 1649 1196 1684 possidere
1216 1655 1294 1684 opes,
1316 1647 1371 1675 nisi
1394 1651 1423 1675 et
1441 1646 1557 1674 eandem
1576 1647 1800 1682 exquisitissimis

175 1691 244 1725 istis,
265 1694 366 1728 quibus
384 1694 517 1727 abundas,
535 1695 615 1723 bonis
633 1696 806 1731 adiungeres,
821 1704 892 1731 quae
909 1696 982 1724 bona
1001 1696 1054 1723 iam
1073 1703 1134 1724 esse
1153 1695 1294 1727 desinunt,
1310 1694 1333 1722 si
1352 1694 1491 1727 comitem,
1507 1695 1552 1722 vel
1569 1694 1668 1722 ducem
1684 1696 1799 1729 rectius,

173 1746 229 1766 non
244 1739 364 1766 habeant
383 1740 522 1775 pietatem.
545 1740 666 1774 Memini,
686 1748 739 1769 nec
760 1741 820 1769 sine
835 1742 840 1778 |
855 1742 995 1777 voluptate
1013 1741 1125 1769 memini
1143 1740 1350 1776 prudentissimi
1375 1740 1450 1768 illius
1469 1740 1613 1773 sermonis,
1631 1748 1713 1776 quem
1729 1742 1800 1770 hau-

174 1783 229 1812 rire
241 1785 400 1820 aliquando,
416 1793 478 1813 cum
494 1786 574 1814 oﬂicii
592 1795 674 1815 causa
689 1787 728 1815 Te
748 1792 906 1815 reverenter
924 1787 1082 1820 salutarem,
1102 1795 1136 1815 ex
1155 1795 1204 1814 ore
1216 1787 1275 1814 Tuo
1291 1786 1492 1822 sapientissimo
1506 1786 1574 1814 mihi
1595 1787 1713 1816 feliciter
1731 1796 1799 1816 con-

172 1831 244 1866 tigit,
257 1838 321 1858 cum
339 1831 373 1860 de
389 1833 499 1868 pietatis
514 1833 604 1861 studio
616 1839 689 1861 recte
704 1838 733 1861 et
745 1841 800 1861 non
817 1834 962 1861 ambitiose
981 1833 1131 1861 excolendo
1143 1841 1209 1861 sane
1225 1840 1308 1868 quam
1326 1832 1529 1868 elegantissime
1548 1832 1709 1867 dissereres,
1723 1839 1754 1862 ut
1771 1839 1802 1863 et

172 1877 237 1905 ﬁdei
257 1879 406 1912 puritatem
425 1887 487 1906 cum
506 1886 572 1906 cura
589 1879 806 1911 custodiendam,
819 1883 847 1906 et
860 1879 932 1906 vitae
948 1883 1040 1906 tamen
1057 1878 1169 1905 insimul
1187 1877 1360 1905 sanctitatem
1377 1876 1519 1909 fervidius,
1538 1884 1621 1911 quam
1637 1878 1720 1913 vulgo
1739 1878 1800 1907 ﬁeri

172 1922 288 1956 adsolet,
307 1923 450 1951 colendam
462 1931 533 1956 esse,
549 1924 711 1959 tempestive
729 1923 877 1951 admodum
895 1923 1069 1960 graviterque
1088 1930 1225 1950 moneres.
1245 1922 1343 1949 Fateor
1363 1921 1514 1954 enimvero,
1527 1923 1571 1950 his
1594 1923 1675 1952 dictis
1689 1924 1755 1952 Tuis
1771 1925 1801 1953 in

172 1971 258 1998 animi
275 1971 416 2006 proposito
430 1971 464 1999 de
482 1972 593 2000 virtutis
612 1972 703 2000 studio
717 1972 918 2007 amplectenda,
940 1975 968 1999 et
985 1976 1061 1999 recto
1083 1971 1118 1998 de
1134 1969 1321 1998 incidentibus
1334 1969 1530 1997 controversiis
1543 1977 1637 2004 sensu,
1649 1978 1694 1998 me
1717 1978 1810 2006 prae-A

172 2016 246 2044 clare
260 2015 345 2044 fuisse
366 2016 567 2044 conﬁrmatum.
590 2017 709 2045 Mirabar
729 2017 933 2048 vero'insimul,
954 2015 1056 2049 virum,
1079 2015 1196 2051 negotiis
1221 2014 1349 2042 civilibus
1369 2013 1533 2047 districtum,
1554 2019 1582 2042 et
1604 2014 1633 2042 in
1658 2015 1809 2051 republica.

172 2062 298 2097 quotidie
319 2067 484 2096 versantem,
504 2063 539 2090 de
560 2063 644 2090 rebus
658 2063 760 2098 pariter
780 2062 882 2090 divinis
903 2066 958 2090 tam
975 2065 1110 2097 prompte,
1130 2065 1185 2088 tam
1206 2061 1352 2096 exquisite,
1369 2065 1479 2096 tamque
1497 2061 1584 2088 solide
1598 2069 1678 2096 posse
1692 2069 1798 2089 semo-

172 2107 270 2134 cinari.
287 2106 342 2135 Sed
356 2115 390 2135 ea
403 2116 564 2144 magnorum
578 2108 711 2142 virorum,
730 2116 800 2144 quos
816 2116 882 2136 cura
903 2107 1043 2135 felicitatis
1062 2115 1129 2135 suae
1146 2111 1232 2138 tenet,
1249 2107 1320 2134 ratio
1337 2111 1389 2139 est,
1409 2110 1440 2134 ut
1462 2107 1534 2135 levia
1549 2108 1642 2135 omnia
1659 2114 1720 2136 esse
1738 2108 1812 2136 exi--

171 2151 297 2185 sthnent,
313 2153 428 2181 summis
441 2153 546 2189 fulgere
560 2153 721 2187 honoribus,
733 2153 933 2185 circumﬂuere,
947 2160 1017 2188 quae
1033 2152 1062 2180 in
1078 2152 1158 2180 bonis
1175 2156 1249 2185 sunt,
1265 2153 1404 2185 omnibus,
1421 2153 1544 2181 scientiis
1560 2153 1725 2182 instructum
1737 2162 1808 2186 esse,

171 2200 423 2234 excellentissimis,
440 2201 494 2228 nisi
515 2206 544 2229 et
558 2201 666 2229 colendi
688 2201 815 2229 Numinis
838 2201 950 2228 modum
968 2200 1112 2228 sollicitius
1134 2200 1310 2235 investigent,
1332 2200 1579 2236 investigatumque
1595 2201 1669 2228 haud
1688 2201 1809 2237 segnius.

171 2244 320 2273 retineant.
334 2246 414 2273 Haud
428 2253 494 2282 ergo
507 2247 644 2283 ingratum
660 2247 779 2274 arbitror
793 2247 854 2274 Tibi
866 2247 925 2274 fore
941 2247 994 2274 hoc
1007 2246 1212 2278 munusculum,
1228 2245 1381 2273 Macariana
1395 2246 1542 2281 Opuscula,
1560 2246 1565 2282 1
1580 2254 1653 2280 cum,
1669 2247 1691 2275 si
1705 2248 1814 2277 cuius-2

171 2298 256 2325 quam
269 2291 341 2319 alius
357 2292 460 2328 ingenii
475 2296 663 2325 monumenta,
680 2301 724 2320 res
739 2292 925 2319 divinissimas
938 2291 1082 2326 bonaeque
1096 2290 1193 2326 frugis,
1210 2290 1239 2318 in
1258 2295 1398 2318 aeternam
1412 2298 1523 2326 quoque
1540 2291 1624 2319 vitam
1637 2291 1810 2328 duraturaek

170 2337 358 2366 fertilissimas
374 2338 543 2367 contineant.
559 2339 720 2367 Cuiusmodi
734 2339 919 2367 voluminibus
933 2338 1006 2366 haud
1020 2338 1089 2365 mihi
1101 2338 1222 2374 ignotum
1236 2342 1288 2370 est,
1301 2342 1433 2373 quantum
1448 2346 1523 2366 nunc
1543 2338 1697 2370 delecteris,
1710 2337 1791 2365 decli-
1802 2353 1816 2366 u-

168 2385 242 2413 viori
263 2387 426 2421 praesertim
445 2391 534 2414 aetate
553 2387 586 2415 ad
605 2388 700 2415 beatae
724 2387 789 2415 hinc
809 2386 1016 2422 demigrationis
1036 2385 1242 2413 meditationem
1264 2385 1303 2413 Te
1318 2385 1462 2419 invitante,
1480 2391 1510 2414 ut
1526 2386 1744 2421 quandocunque
1759 2384 1807 2411 Te.

169 2438 288 2460 evocare
303 2432 438 2467 placuerit
459 2433 492 2460 ad
511 2432 601 2460 felicia
624 2433 670 2460 illa
687 2441 769 2469 regna
788 2441 837 2461 sua
858 2434 924 2465 Deo,
947 2433 986 2460 Te
1006 2433 1170 2460 inventurus
1185 2433 1222 2460 sit
1241 2433 1370 2460 omnibus
1385 2433 1532 2460 momentis
1553 2432 1587 2459 ad
1604 2431 1730 2459 ultimum
1744 2431 1810 2466 iter.

170 2477 382 2513 ingrediendum
401 2478 615 2514 paratissimum.
634 2479 690 2514 Ego
709 2486 776 2506 vero
797 2487 831 2506 ex
854 2479 945 2506 animo
966 2483 1042 2514 opto,
1061 2483 1092 2506 ut
1109 2478 1336 2513 benignissimum
1357 2479 1465 2506 Numen
1486 2478 1534 2510 Te,
1554 2478 1596 2505 vir
1614 2477 1809 2510 nobilissime,‘_

169 2523 244 2551 inter
259 2527 317 2551 tota
333 2524 452 2559 egregia,
466 2523 566 2560 quibus
579 2524 672 2559 Lipsia
684 2532 744 2552 mea
759 2524 793 2551 ad
810 2524 940 2551 invidiam
954 2524 1111 2556 efﬂorescit,
1127 2523 1227 2551 decora
1240 2523 1286 2551 diu
1301 2524 1391 2552 adhuc
1405 2527 1434 2551 et
1447 2531 1561 2558 corpore
1578 2528 1606 2551 et
1622 2523 1712 2551 animo
1727 2524 1804 2553 vali—.

169 2570 237 2598 dum
252 2575 398 2598 conservet
413 2579 420 2598 :
434 2571 473 2598 ita
487 2571 560 2599 enim
573 2575 602 2598 et
618 2571 722 2606 patriae
736 2578 823 2603 meae,
838 2570 882 2598 vel
898 2569 1007 2598 absenti
1023 2569 1191 2602 carissimae,
1207 2570 1390 2605 prospicietur
1398 2577 1481 2605 porro
1497 2569 1671 2602 utilitatibus,
1683 2568 1807 2609 Tuaque:

168 2619 270 2647 merita
285 2619 373 2654 magis
386 2621 527 2655 magisque
543 2620 666 2655 impense
687 2620 871 2654 augebuntur.
889 2619 928 2646 De
942 2618 1035 2645 favore
1050 2617 1120 2650 Tuo,
1145 2617 1227 2645 toties
1239 2626 1254 2645 a
1277 2617 1315 2645 Te
1336 2622 1365 2645 et
1384 2618 1512 2644 universa
1530 2617 1701 2645 nobilissima
1715 2621 1797 2653 gente

168 2665 228 2693 Tua
242 2665 312 2692 mihi
325 2665 522 2699 demonstrato,
535 2666 590 2693 iam
602 2673 657 2693 non
669 2665 787 2700 amplius
799 2665 927 2692 dubitare
938 2672 982 2691 me
993 2664 1098 2699 patitur
1112 2663 1194 2690 animi
1206 2663 1256 2691 Tui
1268 2663 1489 2691 constantissima
1501 2663 1700 2695 benevolentia,
1712 2670 1796 2698 quam

167 2715 242 2740 certe
255 2715 285 2739 et
299 2711 435 2746 religiosis
447 2712 576 2747 precibus
587 2720 774 2747 compensare,
786 2716 824 2743 et,
845 2711 868 2738 si
882 2719 937 2746 qua
953 2718 1076 2746 possum,
1096 2710 1265 2738 inservieudi
1284 2709 1502 2745 promptitudine
1522 2709 1629 2738 nutrire
1649 2709 1796 2738 studiosis-

167 2757 237 2784 sime
250 2762 362 2790 semper
377 2756 510 2785 connitar.
527 2757 602 2785 Vale.
618 2757 725 2792 Lipsiae
741 2757 785 2784 die
799 2755 833 2783 Vl
849 2756 948 2784 lduum
966 2755 1055 2784 Martii
1074 2756 1153 2783 Anno
1167 2755 1200 2783 Β.
1215 2755 1247 2783 0.
1263 2755 1306 2783 cla
1326 2763 1368 2783 ioc
1384 2755 1424 2783 lC.
1442 2755 1447 2790 Ι
1743 2748 1760 2758 ⁸
