  <div class='ocr_page' id='page_1' title='image "/cluster/home/n/w/nwhite01/storage/ocr_20150623/34/njp.32101077772547/201.png"; bbox 0 0 2064 3152; ppageno 0'>
   <div class='ocr_carea' id='block_1_1' title="bbox 275 181 329 211">
    <p class='ocr_par' dir='ltr' id='par_1_1' title="bbox 275 181 329 211">
     <span class='ocr_line' id='line_1_1' title="bbox 275 181 329 211; baseline -0.037 0"><span class='ocrx_word' id='word_1_1' title='bbox 275 181 329 211; x_wconf 60' lang='lat'><strong>3‘39</strong></span> 
     </span>
    </p>
   </div>
   <div class='ocr_carea' id='block_1_2' title="bbox 820 171 1361 202">
    <p class='ocr_par' dir='ltr' id='par_1_2' title="bbox 820 171 1361 202">
     <span class='ocr_line' id='line_1_2' title="bbox 820 171 1361 202; baseline -0.007 0"><span class='ocrx_word' id='word_1_2' title='bbox 820 174 867 202; x_wconf 74' lang='grc'><strong>10.</strong></span> <span class='ocrx_word' id='word_1_3' title='bbox 887 173 1026 202; x_wconf 77' lang='lat' dir='ltr'><strong>GEORGII</strong></span> <span class='ocrx_word' id='word_1_4' title='bbox 1046 172 1149 200; x_wconf 72' lang='lat' dir='ltr'><strong>PllITII</strong></span> <span class='ocrx_word' id='word_1_5' title='bbox 1169 171 1361 199; x_wconf 77' lang='lat' dir='ltr'><strong>PRAEFATIO</strong></span> 
     </span>
    </p>
   </div>
   <div class='ocr_carea' id='block_1_3' title="bbox 1836 165 1891 196">
    <p class='ocr_par' dir='ltr' id='par_1_3' title="bbox 1836 165 1891 196">
     <span class='ocr_line' id='line_1_3' title="bbox 1836 165 1891 196; baseline 0 0"><span class='ocrx_word' id='word_1_6' title='bbox 1836 165 1891 196; x_wconf 68' lang='lat'><strong>580</strong></span> 
     </span>
    </p>
   </div>
   <div class='ocr_carea' id='block_1_4' title="bbox 299 235 1867 254">
    <p class='ocr_par' dir='ltr' id='par_1_4' title="bbox 299 235 1867 254">
     <span class='ocr_line' id='line_1_4' title="bbox 299 235 1867 254; baseline -0.003 -7"><span class='ocrx_word' id='word_1_7' title='bbox 299 235 1867 254; x_wconf 76' lang='lat'><strong>___________________________—_——_</strong></span> 
     </span>
    </p>
   </div>
   <div class='ocr_carea' id='block_1_5' title="bbox 775 318 1394 369">
    <p class='ocr_par' dir='ltr' id='par_1_5' title="bbox 775 318 1394 369">
     <span class='ocr_line' id='line_1_5' title="bbox 775 318 1394 369; baseline -0.011 0"><span class='ocrx_word' id='word_1_8' title='bbox 775 321 860 369; x_wconf 92' lang='lat' dir='ltr'><strong>IO.</strong></span> <span class='ocrx_word' id='word_1_9' title='bbox 907 319 1155 368; x_wconf 81' lang='lat' dir='ltr'><strong>GEORGII</strong></span> <span class='ocrx_word' id='word_1_10' title='bbox 1201 318 1394 364; x_wconf 83' lang='lat' dir='ltr'><strong>PRITII</strong></span> 
     </span>
    </p>
   </div>
   <div class='ocr_carea' id='block_1_6' title="bbox 604 421 1574 456">
    <p class='ocr_par' dir='ltr' id='par_1_6' title="bbox 604 421 1574 456">
     <span class='ocr_line' id='line_1_6' title="bbox 604 421 1574 456; baseline -0.008 1"><span class='ocrx_word' id='word_1_11' title='bbox 604 429 651 456; x_wconf 88' lang='lat' dir='ltr'><strong>SS.</strong></span> <span class='ocrx_word' id='word_1_12' title='bbox 672 427 890 456; x_wconf 80' lang='lat' dir='ltr'><strong>THEOLOGIAE</strong></span> <span class='ocrx_word' id='word_1_13' title='bbox 919 424 1112 453; x_wconf 85' lang='lat' dir='ltr'><strong>LICENTIATI</strong></span> <span class='ocrx_word' id='word_1_14' title='bbox 1130 423 1173 451; x_wconf 87' lang='lat' dir='ltr'><strong>ET</strong></span> <span class='ocrx_word' id='word_1_15' title='bbox 1193 421 1424 450; x_wconf 75' lang='lat' dir='ltr'><strong>PROFESSOPJS</strong></span> <span class='ocrx_word' id='word_1_16' title='bbox 1441 421 1574 450; x_wconf 86' lang='lat' dir='ltr'><strong>PUBLICI</strong></span> 
     </span>
    </p>
   </div>
   <div class='ocr_carea' id='block_1_7' title="bbox 698 511 1454 546">
    <p class='ocr_par' dir='ltr' id='par_1_7' title="bbox 698 511 1454 546">
     <span class='ocr_line' id='line_1_7' title="bbox 698 511 1454 546; baseline -0.008 1"><span class='ocrx_word' id='word_1_17' title='bbox 698 517 754 546; x_wconf 81' lang='lat' dir='ltr'><strong>AD</strong></span> <span class='ocrx_word' id='word_1_18' title='bbox 775 512 1023 546; x_wconf 78' lang='lat' dir='ltr'><strong>MACARIANA</strong></span> <span class='ocrx_word' id='word_1_19' title='bbox 1047 511 1185 543; x_wconf 77' lang='lat' dir='ltr'><strong><em>OPERA</em></strong></span> <span class='ocrx_word' id='word_1_20' title='bbox 1206 511 1454 542; x_wconf 82' lang='lat' dir='ltr'><strong>PRAEFATIO.</strong></span> 
     </span>
    </p>
   </div>
   <div class='ocr_carea' id='block_1_8' title="bbox 313 698 1891 735">
    <p class='ocr_par' dir='ltr' id='par_1_8' title="bbox 313 698 1891 735">
     <span class='ocr_line' id='line_1_8' title="bbox 313 698 1891 735; baseline -0.004 -3"><span class='ocrx_word' id='word_1_21' title='bbox 313 704 335 732; x_wconf 89' lang='grc' dir='ltr'><strong>Ι.</strong></span> <span class='ocrx_word' id='word_1_22' title='bbox 346 704 415 733; x_wconf 89' lang='lat' dir='ltr'><strong>Cum</strong></span> <span class='ocrx_word' id='word_1_23' title='bbox 426 702 516 732; x_wconf 81' lang='lat' dir='ltr'><strong>Patris</strong></span> <span class='ocrx_word' id='word_1_24' title='bbox 535 700 699 729; x_wconf 80' lang='lat' dir='ltr'><strong>sanctissimi</strong></span> <span class='ocrx_word' id='word_1_25' title='bbox 714 700 890 735; x_wconf 86' lang='lat' dir='ltr'><strong>nominisque</strong></span> <span class='ocrx_word' id='word_1_26' title='bbox 903 700 930 727; x_wconf 89' lang='lat' dir='ltr'><strong>in</strong></span> <span class='ocrx_word' id='word_1_27' title='bbox 938 699 1060 726; x_wconf 82' lang='lat' dir='ltr'><strong>Ecclesia</strong></span> <span class='ocrx_word' id='word_1_28' title='bbox 1074 701 1097 730; x_wconf 81' lang='grc' dir='ltr'><strong>Α</strong></span> <span class='ocrx_word' id='word_1_29' title='bbox 1111 698 1178 726; x_wconf 81' lang='lat' dir='ltr'><strong>tonii</strong></span> <span class='ocrx_word' id='word_1_30' title='bbox 1205 698 1340 733; x_wconf 86' lang='lat' dir='ltr'><strong>discipulo</strong></span> <span class='ocrx_word' id='word_1_31' title='bbox 1363 705 1472 725; x_wconf 82' lang='lat' dir='ltr'><strong>sacrum</strong></span> <span class='ocrx_word' id='word_1_32' title='bbox 1496 705 1557 725; x_wconf 87' lang='lat' dir='ltr'><strong>esse</strong></span> <span class='ocrx_word' id='word_1_33' title='bbox 1572 701 1600 724; x_wconf 86' lang='lat' dir='ltr'><strong>et</strong></span> <span class='ocrx_word' id='word_1_34' title='bbox 1621 704 1745 726; x_wconf 85' lang='lat' dir='ltr'><strong>sanctum</strong></span> <span class='ocrx_word' id='word_1_35' title='bbox 1767 702 1891 726; x_wconf 94' lang='lat' dir='ltr'><strong>testatur.</strong></span> 
     </span>
    </p>
   </div>
   <div class='ocr_carea' id='block_1_9' title="bbox 279 746 1061 786">
    <p class='ocr_par' dir='ltr' id='par_1_9' title="bbox 279 746 1061 786">
     <span class='ocr_line' id='line_1_9' title="bbox 279 746 1061 786; baseline -0.009 -7"><span class='ocrx_word' id='word_1_36' title='bbox 279 751 400 784; x_wconf 78' lang='lat' dir='ltr'><strong>maximi,</strong></span> <span class='ocrx_word' id='word_1_37' title='bbox 423 750 511 786; x_wconf 79' lang='lat' dir='ltr'><strong>magni</strong></span> <span class='ocrx_word' id='word_1_38' title='bbox 525 749 597 776; x_wconf 88' lang='lat' dir='ltr'><strong>illius</strong></span> <span class='ocrx_word' id='word_1_39' title='bbox 608 746 726 780; x_wconf 80' lang='lat' dir='ltr'><strong>Macarii,</strong></span> <span class='ocrx_word' id='word_1_40' title='bbox 738 751 912 774; x_wconf 88' lang='lat' dir='ltr'><strong>monumenta</strong></span> <span class='ocrx_word' id='word_1_41' title='bbox 930 754 998 781; x_wconf 84' lang='lat' dir='ltr'><strong>quae</strong></span> <span class='ocrx_word' id='word_1_42' title='bbox 1014 753 1061 773; x_wconf 87' lang='lat' dir='ltr'><strong>re-</strong></span> 
     </span>
    </p>
   </div>
   <div class='ocr_carea' id='block_1_10' title="bbox 280 791 1061 832">
    <p class='ocr_par' dir='ltr' id='par_1_10' title="bbox 280 791 1061 832">
     <span class='ocr_line' id='line_1_10' title="bbox 280 791 1061 832; baseline -0.009 -8"><span class='ocrx_word' id='word_1_43' title='bbox 280 797 364 831; x_wconf 86' lang='lat' dir='ltr'><strong>periri</strong></span> <span class='ocrx_word' id='word_1_44' title='bbox 374 800 521 832; x_wconf 87' lang='lat' dir='ltr'><strong>potuerunt</strong></span> <span class='ocrx_word' id='word_1_45' title='bbox 533 794 633 825; x_wconf 89' lang='lat' dir='ltr'><strong>omnia,</strong></span> <span class='ocrx_word' id='word_1_46' title='bbox 647 792 832 820; x_wconf 87' lang='lat' dir='ltr'><strong>divinissimae</strong></span> <span class='ocrx_word' id='word_1_47' title='bbox 841 791 988 826; x_wconf 86' lang='lat' dir='ltr'><strong>sapientiae</strong></span> <span class='ocrx_word' id='word_1_48' title='bbox 1002 791 1061 826; x_wconf 90' lang='lat' dir='ltr'><strong>ple—</strong></span> 
     </span>
    </p>
   </div>
   <div class='ocr_carea' id='block_1_11' title="bbox 280 836 1061 874">
    <p class='ocr_par' dir='ltr' id='par_1_11' title="bbox 280 836 1061 874">
     <span class='ocr_line' id='line_1_11' title="bbox 280 836 1061 874; baseline -0.008 -5"><span class='ocrx_word' id='word_1_49' title='bbox 280 841 402 874; x_wconf 88' lang='lat' dir='ltr'><strong>nissima,</strong></span> <span class='ocrx_word' id='word_1_50' title='bbox 432 846 463 869; x_wconf 87' lang='lat' dir='ltr'><strong>ut</strong></span> <span class='ocrx_word' id='word_1_51' title='bbox 484 841 596 868; x_wconf 91' lang='lat' dir='ltr'><strong>collecta</strong></span> <span class='ocrx_word' id='word_1_52' title='bbox 620 847 635 866; x_wconf 89' lang='lat' dir='ltr'><strong>a</strong></span> <span class='ocrx_word' id='word_1_53' title='bbox 648 838 728 866; x_wconf 88' lang='lat' dir='ltr'><strong>nobis</strong></span> <span class='ocrx_word' id='word_1_54' title='bbox 746 842 774 865; x_wconf 91' lang='lat' dir='ltr'><strong>et</strong></span> <span class='ocrx_word' id='word_1_55' title='bbox 801 837 891 865; x_wconf 87' lang='lat' dir='ltr'><strong>studio</strong></span> <span class='ocrx_word' id='word_1_56' title='bbox 914 844 968 863; x_wconf 92' lang='lat' dir='ltr'><strong>non</strong></span> <span class='ocrx_word' id='word_1_57' title='bbox 981 836 1061 870; x_wconf 88' lang='lat' dir='ltr'><strong>plane</strong></span> 
     </span>
    </p>
   </div>
   <div class='ocr_carea' id='block_1_12' title="bbox 279 880 1059 919">
    <p class='ocr_par' dir='ltr' id='par_1_12' title="bbox 279 880 1059 919">
     <span class='ocr_line' id='line_1_12' title="bbox 279 880 1059 919; baseline -0.012 -4"><span class='ocrx_word' id='word_1_58' title='bbox 279 887 356 914; x_wconf 84' lang='lat' dir='ltr'><strong>nullo</strong></span> <span class='ocrx_word' id='word_1_59' title='bbox 381 886 470 914; x_wconf 88' lang='lat' dir='ltr'><strong>revisa</strong></span> <span class='ocrx_word' id='word_1_60' title='bbox 489 890 563 917; x_wconf 90' lang='lat' dir='ltr'><strong>sunt,</strong></span> <span class='ocrx_word' id='word_1_61' title='bbox 591 884 725 919; x_wconf 89' lang='lat' dir='ltr'><strong>prodeant</strong></span> <span class='ocrx_word' id='word_1_62' title='bbox 750 889 824 910; x_wconf 92' lang='lat' dir='ltr'><strong>nunc</strong></span> <span class='ocrx_word' id='word_1_63' title='bbox 847 882 876 908; x_wconf 89' lang='lat' dir='ltr'><strong>in</strong></span> <span class='ocrx_word' id='word_1_64' title='bbox 900 880 1059 915; x_wconf 89' lang='lat' dir='ltr'><strong>publicum:</strong></span> 
     </span>
    </p>
   </div>
   <div class='ocr_carea' id='block_1_13' title="bbox 280 926 1061 966">
    <p class='ocr_par' dir='ltr' id='par_1_13' title="bbox 280 926 1061 966">
     <span class='ocr_line' id='line_1_13' title="bbox 280 926 1061 966; baseline -0.012 -5"><span class='ocrx_word' id='word_1_65' title='bbox 280 932 391 960; x_wconf 76' lang='lat' dir='ltr'><strong>lectoris</strong></span> <span class='ocrx_word' id='word_1_66' title='bbox 407 933 538 960; x_wconf 88' lang='lat' dir='ltr'><strong>interesse</strong></span> <span class='ocrx_word' id='word_1_67' title='bbox 553 935 689 966; x_wconf 88' lang='lat' dir='ltr'><strong>putamus,</strong></span> <span class='ocrx_word' id='word_1_68' title='bbox 713 933 744 956; x_wconf 93' lang='lat' dir='ltr'><strong>ut</strong></span> <span class='ocrx_word' id='word_1_69' title='bbox 754 936 809 956; x_wconf 92' lang='lat' dir='ltr'><strong>non</strong></span> <span class='ocrx_word' id='word_1_70' title='bbox 822 931 926 954; x_wconf 85' lang='lat' dir='ltr'><strong>tantum</strong></span> <span class='ocrx_word' id='word_1_71' title='bbox 938 934 1007 961; x_wconf 87' lang='lat' dir='ltr'><strong>quae</strong></span> <span class='ocrx_word' id='word_1_72' title='bbox 1026 926 1061 953; x_wconf 89' lang='lat' dir='ltr'><strong>ad</strong></span> 
     </span>
    </p>
   </div>
   <div class='ocr_carea' id='block_1_14' title="bbox 281 972 1062 1014">
    <p class='ocr_par' dir='ltr' id='par_1_14' title="bbox 281 972 1062 1014">
     <span class='ocr_line' id='line_1_14' title="bbox 281 972 1062 1014; baseline -0.01 -8"><span class='ocrx_word' id='word_1_73' title='bbox 281 978 371 1014; x_wconf 87' lang='lat' dir='ltr'><strong>ipsum</strong></span> <span class='ocrx_word' id='word_1_74' title='bbox 384 977 539 1010; x_wconf 86' lang='lat' dir='ltr'><strong>Macarium,</strong></span> <span class='ocrx_word' id='word_1_75' title='bbox 558 976 606 1004; x_wconf 89' lang='lat' dir='ltr'><strong>sed</strong></span> <span class='ocrx_word' id='word_1_76' title='bbox 619 981 647 1003; x_wconf 92' lang='lat' dir='ltr'><strong>et</strong></span> <span class='ocrx_word' id='word_1_77' title='bbox 657 983 726 1010; x_wconf 89' lang='lat' dir='ltr'><strong>quae</strong></span> <span class='ocrx_word' id='word_1_78' title='bbox 738 974 771 1001; x_wconf 89' lang='lat' dir='ltr'><strong>ad</strong></span> <span class='ocrx_word' id='word_1_79' title='bbox 785 973 858 1000; x_wconf 90' lang='lat' dir='ltr'><strong>illius</strong></span> <span class='ocrx_word' id='word_1_80' title='bbox 882 972 971 1007; x_wconf 84' lang='lat' dir='ltr'><strong>Opera</strong></span> <span class='ocrx_word' id='word_1_81' title='bbox 996 972 1062 999; x_wconf 88' lang='lat' dir='ltr'><strong>insi-</strong></span> 
     </span>
    </p>
   </div>
   <div class='ocr_carea' id='block_1_15' title="bbox 281 1016 1061 1060">
    <p class='ocr_par' dir='ltr' id='par_1_15' title="bbox 281 1016 1061 1060">
     <span class='ocr_line' id='line_1_15' title="bbox 281 1016 1061 1060; baseline -0.012 -8"><span class='ocrx_word' id='word_1_82' title='bbox 281 1031 414 1060; x_wconf 76' lang='lat' dir='ltr'><strong>gnemque</strong></span> <span class='ocrx_word' id='word_1_83' title='bbox 424 1023 508 1055; x_wconf 92' lang='lat' dir='ltr'><strong>illam,</strong></span> <span class='ocrx_word' id='word_1_84' title='bbox 522 1030 591 1057; x_wconf 87' lang='lat' dir='ltr'><strong>quae</strong></span> <span class='ocrx_word' id='word_1_85' title='bbox 602 1019 769 1048; x_wconf 88' lang='lat' dir='ltr'><strong>admirabilis</strong></span> <span class='ocrx_word' id='word_1_86' title='bbox 783 1019 811 1046; x_wconf 92' lang='lat' dir='ltr'><strong>in</strong></span> <span class='ocrx_word' id='word_1_87' title='bbox 825 1019 871 1046; x_wconf 93' lang='lat' dir='ltr'><strong>illo</strong></span> <span class='ocrx_word' id='word_1_88' title='bbox 883 1023 933 1050; x_wconf 87' lang='lat' dir='ltr'><strong>est,</strong></span> <span class='ocrx_word' id='word_1_89' title='bbox 947 1016 1061 1044; x_wconf 88' lang='lat' dir='ltr'><strong>docendi</strong></span> 
     </span>
    </p>
   </div>
   <div class='ocr_carea' id='block_1_16' title="bbox 280 1063 1061 1101">
    <p class='ocr_par' dir='ltr' id='par_1_16' title="bbox 280 1063 1061 1101">
     <span class='ocr_line' id='line_1_16' title="bbox 280 1063 1061 1101; baseline -0.01 -4"><span class='ocrx_word' id='word_1_90' title='bbox 280 1069 426 1101; x_wconf 85' lang='lat' dir='ltr'><strong>rationem,</strong></span> <span class='ocrx_word' id='word_1_91' title='bbox 442 1071 469 1095; x_wconf 90' lang='lat' dir='ltr'><strong>et</strong></span> <span class='ocrx_word' id='word_1_92' title='bbox 490 1072 611 1095; x_wconf 89' lang='lat' dir='ltr'><strong>nostram</strong></span> <span class='ocrx_word' id='word_1_93' title='bbox 633 1065 762 1100; x_wconf 84' lang='lat' dir='ltr'><strong>denique,</strong></span> <span class='ocrx_word' id='word_1_94' title='bbox 778 1072 859 1099; x_wconf 86' lang='lat' dir='ltr'><strong>quam</strong></span> <span class='ocrx_word' id='word_1_95' title='bbox 882 1063 955 1091; x_wconf 84' lang='lat' dir='ltr'><strong>Patri</strong></span> <span class='ocrx_word' id='word_1_96' title='bbox 977 1070 1061 1090; x_wconf 83' lang='lat' dir='ltr'><strong>vene-</strong></span> 
     </span>
    </p>
   </div>
   <div class='ocr_carea' id='block_1_17' title="bbox 281 1108 1061 1146">
    <p class='ocr_par' dir='ltr' id='par_1_17' title="bbox 281 1108 1061 1146">
     <span class='ocr_line' id='line_1_17' title="bbox 281 1108 1061 1146; baseline -0.012 -3"><span class='ocrx_word' id='word_1_97' title='bbox 281 1115 368 1143; x_wconf 84' lang='lat' dir='ltr'><strong>rando</strong></span> <span class='ocrx_word' id='word_1_98' title='bbox 384 1120 414 1142; x_wconf 93' lang='lat' dir='ltr'><strong>ut</strong></span> <span class='ocrx_word' id='word_1_99' title='bbox 427 1114 487 1142; x_wconf 87' lang='lat' dir='ltr'><strong>orbi</strong></span> <span class='ocrx_word' id='word_1_100' title='bbox 498 1114 605 1141; x_wconf 83' lang='lat' dir='ltr'><strong>literato</strong></span> <span class='ocrx_word' id='word_1_101' title='bbox 626 1113 730 1146; x_wconf 83' lang='lat' dir='ltr'><strong>integer</strong></span> <span class='ocrx_word' id='word_1_102' title='bbox 747 1110 898 1142; x_wconf 80' lang='lat' dir='ltr'><strong>sisteretur,</strong></span> <span class='ocrx_word' id='word_1_103' title='bbox 922 1108 1061 1144; x_wconf 86' lang='lat' dir='ltr'><strong>praestiti-</strong></span> 
     </span>
    </p>
   </div>
   <div class='ocr_carea' id='block_1_18' title="bbox 281 1153 1063 1195">
    <p class='ocr_par' dir='ltr' id='par_1_18' title="bbox 281 1153 1063 1195">
     <span class='ocr_line' id='line_1_18' title="bbox 281 1153 1063 1195; baseline -0.009 -8"><span class='ocrx_word' id='word_1_104' title='bbox 281 1168 344 1187; x_wconf 87' lang='lat' dir='ltr'><strong>mus</strong></span> <span class='ocrx_word' id='word_1_105' title='bbox 369 1168 489 1195; x_wconf 85' lang='lat' dir='ltr'><strong>operam,</strong></span> <span class='ocrx_word' id='word_1_106' title='bbox 517 1159 654 1194; x_wconf 84' lang='lat' dir='ltr'><strong>pertinere</strong></span> <span class='ocrx_word' id='word_1_107' title='bbox 677 1157 825 1187; x_wconf 86' lang='lat' dir='ltr'><strong>vidcntur,</strong></span> <span class='ocrx_word' id='word_1_108' title='bbox 846 1155 874 1182; x_wconf 93' lang='lat' dir='ltr'><strong>in</strong></span> <span class='ocrx_word' id='word_1_109' title='bbox 900 1154 952 1181; x_wconf 86' lang='lat' dir='ltr'><strong>hoc</strong></span> <span class='ocrx_word' id='word_1_110' title='bbox 978 1153 1063 1181; x_wconf 85' lang='lat' dir='ltr'><strong>veluti</strong></span> 
     </span>
    </p>
   </div>
   <div class='ocr_carea' id='block_1_19' title="bbox 281 1198 1061 1237">
    <p class='ocr_par' dir='ltr' id='par_1_19' title="bbox 281 1198 1061 1237">
     <span class='ocr_line' id='line_1_19' title="bbox 281 1198 1061 1237; baseline -0.012 -4"><span class='ocrx_word' id='word_1_111' title='bbox 281 1205 418 1233; x_wconf 86' lang='lat' dir='ltr'><strong>vestibulo</strong></span> <span class='ocrx_word' id='word_1_112' title='bbox 439 1205 636 1236; x_wconf 82' lang='lat' dir='ltr'><strong>exhibeantur;</strong></span> <span class='ocrx_word' id='word_1_113' title='bbox 662 1203 689 1230; x_wconf 91' lang='lat' dir='ltr'><strong>id</strong></span> <span class='ocrx_word' id='word_1_114' title='bbox 705 1201 777 1237; x_wconf 91' lang='lat' dir='ltr'><strong>quod</strong></span> <span class='ocrx_word' id='word_1_115' title='bbox 806 1208 893 1235; x_wconf 87' lang='lat' dir='ltr'><strong>nuper</strong></span> <span class='ocrx_word' id='word_1_116' title='bbox 905 1198 1061 1231; x_wconf 80' lang='lat' dir='ltr'><strong>admodum,</strong></span> 
     </span>
    </p>
   </div>
   <div class='ocr_carea' id='block_1_20' title="bbox 279 1245 1062 1284">
    <p class='ocr_par' dir='ltr' id='par_1_20' title="bbox 279 1245 1062 1284">
     <span class='ocr_line' id='line_1_20' title="bbox 279 1245 1062 1284; baseline -0.009 -6"><span class='ocrx_word' id='word_1_117' title='bbox 279 1258 346 1278; x_wconf 83' lang='lat' dir='ltr'><strong>eum</strong></span> <span class='ocrx_word' id='word_1_118' title='bbox 361 1250 492 1278; x_wconf 85' lang='lat' dir='ltr'><strong>Homilias</strong></span> <span class='ocrx_word' id='word_1_119' title='bbox 505 1249 668 1284; x_wconf 84' lang='lat' dir='ltr'><strong>praecedere</strong></span> <span class='ocrx_word' id='word_1_120' title='bbox 680 1252 785 1283; x_wconf 87' lang='lat' dir='ltr'><strong>partem</strong></span> <span class='ocrx_word' id='word_1_121' title='bbox 799 1247 869 1274; x_wconf 87' lang='lat' dir='ltr'><strong>hanc</strong></span> <span class='ocrx_word' id='word_1_122' title='bbox 879 1246 991 1273; x_wconf 81' lang='lat' dir='ltr'><strong>alteram</strong></span> <span class='ocrx_word' id='word_1_123' title='bbox 1019 1245 1062 1272; x_wconf 92' lang='lat' dir='ltr'><strong>iu-</strong></span> 
     </span>
    </p>
   </div>
   <div class='ocr_carea' id='block_1_21' title="bbox 282 1292 678 1328">
    <p class='ocr_par' dir='ltr' id='par_1_21' title="bbox 282 1292 678 1328">
     <span class='ocr_line' id='line_1_21' title="bbox 282 1292 678 1328; baseline -0.005 -7"><span class='ocrx_word' id='word_1_124' title='bbox 282 1292 423 1326; x_wconf 88' lang='lat' dir='ltr'><strong>beremus,</strong></span> <span class='ocrx_word' id='word_1_125' title='bbox 437 1294 539 1321; x_wconf 77' lang='lat' dir='ltr'><strong>fuimus</strong></span> <span class='ocrx_word' id='word_1_126' title='bbox 551 1293 678 1328; x_wconf 79' lang='lat' dir='ltr'><strong>polliciti.</strong></span> 
     </span>
    </p>
   </div>
   <div class='ocr_carea' id='block_1_22' title="bbox 318 1335 1063 1374">
    <p class='ocr_par' dir='ltr' id='par_1_22' title="bbox 318 1335 1063 1374">
     <span class='ocr_line' id='line_1_22' title="bbox 318 1335 1063 1374; baseline -0.007 -7"><span class='ocrx_word' id='word_1_127' title='bbox 318 1339 352 1366; x_wconf 87' lang='lat' dir='ltr'><strong>Il.</strong></span> <span class='ocrx_word' id='word_1_128' title='bbox 367 1339 440 1367; x_wconf 90' lang='lat' dir='ltr'><strong>Duos</strong></span> <span class='ocrx_word' id='word_1_129' title='bbox 452 1344 542 1367; x_wconf 87' lang='lat' dir='ltr'><strong>autem</strong></span> <span class='ocrx_word' id='word_1_130' title='bbox 555 1339 606 1366; x_wconf 86' lang='lat' dir='ltr'><strong>hoc</strong></span> <span class='ocrx_word' id='word_1_131' title='bbox 618 1338 737 1374; x_wconf 79' lang='lat' dir='ltr'><strong>insignes</strong></span> <span class='ocrx_word' id='word_1_132' title='bbox 764 1336 898 1372; x_wconf 88' lang='lat' dir='ltr'><strong>imprimis</strong></span> <span class='ocrx_word' id='word_1_133' title='bbox 912 1335 1022 1363; x_wconf 83' lang='lat' dir='ltr'><strong>nomine</strong></span> <span class='ocrx_word' id='word_1_134' title='bbox 1036 1335 1063 1362; x_wconf 91' lang='lat' dir='ltr'><strong>in</strong></span> 
     </span>
    </p>
   </div>
   <div class='ocr_carea' id='block_1_23' title="bbox 282 1382 1063 1419">
    <p class='ocr_par' dir='ltr' id='par_1_23' title="bbox 282 1382 1063 1419">
     <span class='ocr_line' id='line_1_23' title="bbox 282 1382 1063 1419; baseline -0.006 -7"><span class='ocrx_word' id='word_1_135' title='bbox 282 1384 400 1412; x_wconf 82' lang='lat' dir='ltr'><strong>historia</strong></span> <span class='ocrx_word' id='word_1_136' title='bbox 424 1392 469 1411; x_wconf 90' lang='lat' dir='ltr'><strong>res</strong></span> <span class='ocrx_word' id='word_1_137' title='bbox 488 1390 673 1419; x_wconf 85' lang='lat' dir='ltr'><strong>personasque</strong></span> <span class='ocrx_word' id='word_1_138' title='bbox 697 1382 894 1410; x_wconf 83' lang='lat' dir='ltr'><strong>ecclesiasticas</strong></span> <span class='ocrx_word' id='word_1_139' title='bbox 912 1385 1063 1416; x_wconf 77' lang='lat' dir='ltr'><strong>exponente</strong></span> 
     </span>
    </p>
   </div>
   <div class='ocr_carea' id='block_1_24' title="bbox 279 1426 1065 1463">
    <p class='ocr_par' dir='ltr' id='par_1_24' title="bbox 279 1426 1065 1463">
     <span class='ocr_line' id='line_1_24' title="bbox 279 1426 1065 1463; baseline -0.005 -6"><span class='ocrx_word' id='word_1_140' title='bbox 279 1437 429 1457; x_wconf 86' lang='lat' dir='ltr'><strong>occurrere</strong></span> <span class='ocrx_word' id='word_1_141' title='bbox 445 1429 547 1461; x_wconf 82' lang='lat' dir='ltr'><strong>videas,</strong></span> <span class='ocrx_word' id='word_1_142' title='bbox 568 1437 684 1463; x_wconf 90' lang='lat' dir='ltr'><strong>quorum</strong></span> <span class='ocrx_word' id='word_1_143' title='bbox 697 1435 782 1455; x_wconf 90' lang='lat' dir='ltr'><strong>unum</strong></span> <span class='ocrx_word' id='word_1_144' title='bbox 797 1427 944 1455; x_wconf 85' lang='lat' dir='ltr'><strong>Macarium</strong></span> <span class='ocrx_word' id='word_1_145' title='bbox 970 1426 1065 1454; x_wconf 88' lang='lat' dir='ltr'><strong>dicunt</strong></span> 
     </span>
    </p>
   </div>
   <div class='ocr_carea' id='block_1_25' title="bbox 282 1472 1064 1510">
    <p class='ocr_par' dir='ltr' id='par_1_25' title="bbox 282 1472 1064 1510">
     <span class='ocr_line' id='line_1_25' title="bbox 282 1472 1064 1510; baseline -0.005 -8"><span class='ocrx_word' id='word_1_146' title='bbox 282 1475 453 1510; x_wconf 82' lang='lat' dir='ltr'><strong>Aegyptium,</strong></span> <span class='ocrx_word' id='word_1_147' title='bbox 471 1475 587 1502; x_wconf 87' lang='lat' dir='ltr'><strong>alterum</strong></span> <span class='ocrx_word' id='word_1_148' title='bbox 603 1482 668 1502; x_wconf 90' lang='lat' dir='ltr'><strong>vero</strong></span> <span class='ocrx_word' id='word_1_149' title='bbox 678 1473 888 1501; x_wconf 86' lang='lat' dir='ltr'><strong>Alexandrinum</strong></span> <span class='ocrx_word' id='word_1_150' title='bbox 900 1481 908 1505; x_wconf 84' lang='lat'><strong>;</strong></span> <span class='ocrx_word' id='word_1_151' title='bbox 918 1472 966 1500; x_wconf 88' lang='lat' dir='ltr'><strong>sed</strong></span> <span class='ocrx_word' id='word_1_152' title='bbox 978 1472 1064 1505; x_wconf 86' lang='lat' dir='ltr'><strong>ambo,</strong></span> 
     </span>
    </p>
   </div>
   <div class='ocr_carea' id='block_1_26' title="bbox 283 1518 1064 1555">
    <p class='ocr_par' dir='ltr' id='par_1_26' title="bbox 283 1518 1064 1555">
     <span class='ocr_line' id='line_1_26' title="bbox 283 1518 1064 1555; baseline -0.004 -7"><span class='ocrx_word' id='word_1_153' title='bbox 283 1525 315 1548; x_wconf 86' lang='lat' dir='ltr'><strong>ut</strong></span> <span class='ocrx_word' id='word_1_154' title='bbox 324 1521 407 1548; x_wconf 84' lang='lat' dir='ltr'><strong>habet</strong></span> <span class='ocrx_word' id='word_1_155' title='bbox 427 1520 608 1555; x_wconf 82' lang='lat' dir='ltr'><strong>Menologium</strong></span> <span class='ocrx_word' id='word_1_156' title='bbox 627 1520 779 1555; x_wconf 83' lang='lat' dir='ltr'><strong>antiquum,</strong></span> <span class='ocrx_word' id='word_1_157' title='bbox 799 1518 984 1546; x_wconf 64' lang='lat' dir='ltr'><strong>exercitatione</strong></span> <span class='ocrx_word' id='word_1_158' title='bbox 1007 1527 1064 1545; x_wconf 88' lang='lat' dir='ltr'><strong>mo-</strong></span> 
     </span>
    </p>
   </div>
   <div class='ocr_carea' id='block_1_27' title="bbox 284 1563 1065 1599">
    <p class='ocr_par' dir='ltr' id='par_1_27' title="bbox 284 1563 1065 1599">
     <span class='ocr_line' id='line_1_27' title="bbox 284 1563 1065 1599; baseline -0.005 -6"><span class='ocrx_word' id='word_1_159' title='bbox 284 1567 397 1598; x_wconf 86' lang='lat' dir='ltr'><strong>nastica,</strong></span> <span class='ocrx_word' id='word_1_160' title='bbox 424 1567 488 1597; x_wconf 78' lang='lat' dir='ltr'><strong>vita,</strong></span> <span class='ocrx_word' id='word_1_161' title='bbox 511 1565 636 1597; x_wconf 86' lang='lat' dir='ltr'><strong>moribus,</strong></span> <span class='ocrx_word' id='word_1_162' title='bbox 668 1563 819 1591; x_wconf 79' lang='lat' dir='ltr'><strong>admirabili</strong></span> <span class='ocrx_word' id='word_1_163' title='bbox 835 1564 839 1599; x_wconf 73' lang='grc' dir='ltr'><strong><em>ι</em></strong></span> <span class='ocrx_word' id='word_1_164' title='bbox 856 1563 1014 1590; x_wconf 79' lang='lat' dir='ltr'><strong>abstinentia</strong></span> <span class='ocrx_word' id='word_1_165' title='bbox 1040 1567 1065 1589; x_wconf 84' lang='lat' dir='ltr'><strong>ct</strong></span> 
     </span>
    </p>
   </div>
   <div class='ocr_carea' id='block_1_28' title="bbox 283 1608 1063 1646">
    <p class='ocr_par' dir='ltr' id='par_1_28' title="bbox 283 1608 1063 1646">
     <span class='ocr_line' id='line_1_28' title="bbox 283 1608 1063 1646; baseline -0.006 -6"><span class='ocrx_word' id='word_1_166' title='bbox 283 1611 418 1640; x_wconf 76' lang='lat' dir='ltr'><strong>miraculis</strong></span> <span class='ocrx_word' id='word_1_167' title='bbox 435 1611 507 1646; x_wconf 78' lang='lat' dir='ltr'><strong>fuere</strong></span> <span class='ocrx_word' id='word_1_168' title='bbox 531 1610 646 1637; x_wconf 71' lang='lat' dir='ltr'><strong>illustres</strong></span> <span class='ocrx_word' id='word_1_169' title='bbox 657 1609 707 1645; x_wconf 84' lang='lat' dir='ltr'><strong>(l).</strong></span> <span class='ocrx_word' id='word_1_170' title='bbox 721 1610 776 1637; x_wconf 88' lang='lat' dir='ltr'><strong>Nec</strong></span> <span class='ocrx_word' id='word_1_171' title='bbox 787 1609 878 1636; x_wconf 90' lang='lat' dir='ltr'><strong>minus</strong></span> <span class='ocrx_word' id='word_1_172' title='bbox 890 1613 918 1636; x_wconf 86' lang='lat' dir='ltr'><strong>et</strong></span> <span class='ocrx_word' id='word_1_173' title='bbox 929 1608 1063 1641; x_wconf 85' lang='lat' dir='ltr'><strong>Socrates,</strong></span> 
     </span>
    </p>
   </div>
   <div class='ocr_carea' id='block_1_29' title="bbox 283 1653 1065 1686">
    <p class='ocr_par' dir='ltr' id='par_1_29' title="bbox 283 1653 1065 1686">
     <span class='ocr_line' id='line_1_29' title="bbox 283 1653 1065 1686; baseline -0.005 -2"><span class='ocrx_word' id='word_1_174' title='bbox 283 1655 483 1684; x_wconf 87' lang='lat' dir='ltr'><strong>ecclesiasticae</strong></span> <span class='ocrx_word' id='word_1_175' title='bbox 497 1654 626 1682; x_wconf 83' lang='lat' dir='ltr'><strong>historiae</strong></span> <span class='ocrx_word' id='word_1_176' title='bbox 637 1654 769 1686; x_wconf 86' lang='lat' dir='ltr'><strong>conditor,</strong></span> <span class='ocrx_word' id='word_1_177' title='bbox 784 1653 877 1686; x_wconf 86' lang='lat' dir='ltr'><strong>refert,</strong></span> <span class='ocrx_word' id='word_1_178' title='bbox 895 1653 979 1680; x_wconf 88' lang='lat' dir='ltr'><strong>fuisse</strong></span> <span class='ocrx_word' id='word_1_179' title='bbox 1001 1654 1065 1680; x_wconf 82' lang='lat' dir='ltr'><strong>duos</strong></span> 
     </span>
    </p>
   </div>
   <div class='ocr_carea' id='block_1_30' title="bbox 282 1698 1063 1735">
    <p class='ocr_par' dir='ltr' id='par_1_30' title="bbox 282 1698 1063 1735">
     <span class='ocr_line' id='line_1_30' title="bbox 282 1698 1063 1735; baseline -0.003 -7"><span class='ocrx_word' id='word_1_180' title='bbox 282 1702 353 1729; x_wconf 78' lang='lat' dir='ltr'><strong>inter</strong></span> <span class='ocrx_word' id='word_1_181' title='bbox 372 1701 509 1728; x_wconf 80' lang='lat' dir='ltr'><strong>monachos</strong></span> <span class='ocrx_word' id='word_1_182' title='bbox 529 1700 618 1727; x_wconf 79' lang='lat' dir='ltr'><strong>eodem</strong></span> <span class='ocrx_word' id='word_1_183' title='bbox 633 1703 747 1735; x_wconf 83' lang='lat' dir='ltr'><strong>tempore</strong></span> <span class='ocrx_word' id='word_1_184' title='bbox 756 1700 834 1732; x_wconf 80' lang='lat' dir='ltr'><strong>viros,</strong></span> <span class='ocrx_word' id='word_1_185' title='bbox 856 1699 910 1726; x_wconf 85' lang='lat' dir='ltr'><strong>Deo</strong></span> <span class='ocrx_word' id='word_1_186' title='bbox 927 1698 1063 1732; x_wconf 73' lang='lat' dir='ltr'><strong>amabiles,</strong></span> 
     </span>
    </p>
   </div>
   <div class='ocr_carea' id='block_1_31' title="bbox 284 1745 1064 1782">
    <p class='ocr_par' dir='ltr' id='par_1_31' title="bbox 284 1745 1064 1782">
     <span class='ocr_line' id='line_1_31' title="bbox 284 1745 1064 1782; baseline -0.003 -9"><span class='ocrx_word' id='word_1_187' title='bbox 284 1751 425 1782; x_wconf 85' lang='lat' dir='ltr'><strong>utrumque</strong></span> <span class='ocrx_word' id='word_1_188' title='bbox 436 1745 547 1773; x_wconf 77' lang='lat' dir='ltr'><strong>Macarii</strong></span> <span class='ocrx_word' id='word_1_189' title='bbox 563 1746 681 1777; x_wconf 83' lang='lat' dir='ltr'><strong>nomine,</strong></span> <span class='ocrx_word' id='word_1_190' title='bbox 696 1753 777 1772; x_wconf 85' lang='lat' dir='ltr'><strong>unum</strong></span> <span class='ocrx_word' id='word_1_191' title='bbox 794 1752 825 1772; x_wconf 77' lang='lat' dir='ltr'><strong>ea:</strong></span> <span class='ocrx_word' id='word_1_192' title='bbox 845 1745 962 1780; x_wconf 80' lang='lat' dir='ltr'><strong>Aegypto</strong></span> <span class='ocrx_word' id='word_1_193' title='bbox 985 1753 1064 1780; x_wconf 85' lang='lat' dir='ltr'><strong>snpe-</strong></span> 
     </span>
    </p>
   </div>
   <div class='ocr_carea' id='block_1_32' title="bbox 283 1789 1064 1826">
    <p class='ocr_par' dir='ltr' id='par_1_32' title="bbox 283 1789 1064 1826">
     <span class='ocr_line' id='line_1_32' title="bbox 283 1789 1064 1826; baseline -0.004 -7"><span class='ocrx_word' id='word_1_194' title='bbox 283 1793 363 1825; x_wconf 81' lang='lat' dir='ltr'><strong>riore,</strong></span> <span class='ocrx_word' id='word_1_195' title='bbox 377 1792 489 1819; x_wconf 86' lang='lat' dir='ltr'><strong>alterum</strong></span> <span class='ocrx_word' id='word_1_196' title='bbox 498 1791 716 1824; x_wconf 73' lang='lat' dir='ltr'><strong>Alexandrinum,</strong></span> <span class='ocrx_word' id='word_1_197' title='bbox 730 1795 869 1826; x_wconf 82' lang='lat' dir='ltr'><strong>utrumque</strong></span> <span class='ocrx_word' id='word_1_198' title='bbox 887 1789 976 1817; x_wconf 78' lang='lat' dir='ltr'><strong>multis</strong></span> <span class='ocrx_word' id='word_1_199' title='bbox 989 1791 1064 1817; x_wconf 83' lang='lat' dir='ltr'><strong>rebus</strong></span> 
     </span>
    </p>
   </div>
   <div class='ocr_carea' id='block_1_33' title="bbox 283 1835 1064 1872">
    <p class='ocr_par' dir='ltr' id='par_1_33' title="bbox 283 1835 1064 1872">
     <span class='ocr_line' id='line_1_33' title="bbox 283 1835 1064 1872; baseline -0.004 -8"><span class='ocrx_word' id='word_1_200' title='bbox 283 1837 423 1872; x_wconf 77' lang='lat' dir='ltr'><strong>insignem,</strong></span> <span class='ocrx_word' id='word_1_201' title='bbox 443 1839 468 1863; x_wconf 81' lang='lat' dir='ltr'><strong>et</strong></span> <span class='ocrx_word' id='word_1_202' title='bbox 480 1836 609 1871; x_wconf 81' lang='lat' dir='ltr'><strong>imprimis</strong></span> <span class='ocrx_word' id='word_1_203' title='bbox 626 1840 734 1871; x_wconf 90' lang='lat' dir='ltr'><strong>propter</strong></span> <span class='ocrx_word' id='word_1_204' title='bbox 746 1835 942 1867; x_wconf 78' lang='lat' dir='ltr'><strong>abstinentiam,</strong></span> <span class='ocrx_word' id='word_1_205' title='bbox 957 1843 1064 1862; x_wconf 78' lang='lat' dir='ltr'><strong>conver-</strong></span> 
     </span>
    </p>
   </div>
   <div class='ocr_carea' id='block_1_34' title="bbox 284 1881 1064 1917">
    <p class='ocr_par' dir='ltr' id='par_1_34' title="bbox 284 1881 1064 1917">
     <span class='ocr_line' id='line_1_34' title="bbox 284 1881 1064 1917; baseline -0.003 -7"><span class='ocrx_word' id='word_1_206' title='bbox 284 1883 421 1916; x_wconf 78' lang='lat' dir='ltr'><strong>sationem,</strong></span> <span class='ocrx_word' id='word_1_207' title='bbox 440 1890 534 1914; x_wconf 84' lang='lat' dir='ltr'><strong>mores,</strong></span> <span class='ocrx_word' id='word_1_208' title='bbox 552 1881 740 1917; x_wconf 83' lang='lat' dir='ltr'><strong>miraculaque,</strong></span> <span class='ocrx_word' id='word_1_209' title='bbox 759 1890 824 1917; x_wconf 84' lang='lat' dir='ltr'><strong>quae</strong></span> <span class='ocrx_word' id='word_1_210' title='bbox 842 1890 930 1909; x_wconf 87' lang='lat' dir='ltr'><strong>eorum</strong></span> <span class='ocrx_word' id='word_1_211' title='bbox 946 1882 1064 1909; x_wconf 79' lang='lat' dir='ltr'><strong>manibus</strong></span> 
     </span>
    </p>
   </div>
   <div class='ocr_carea' id='block_1_35' title="bbox 284 1928 623 1966">
    <p class='ocr_par' dir='ltr' id='par_1_35' title="bbox 284 1928 623 1966">
     <span class='ocr_line' id='line_1_35' title="bbox 284 1928 623 1966; baseline -0.006 -10"><span class='ocrx_word' id='word_1_212' title='bbox 284 1929 322 1966; x_wconf 71' lang='lat'>(2)</span> <span class='ocrx_word' id='word_1_213' title='bbox 339 1928 557 1965; x_wconf 79' lang='lat' dir='ltr'><strong>perpetrabantur</strong></span> <span class='ocrx_word' id='word_1_214' title='bbox 575 1928 623 1964; x_wconf 81' lang='lat'>(5).</span> 
     </span>
    </p>
   </div>
   <div class='ocr_carea' id='block_1_36' title="bbox 318 1971 1066 2008">
    <p class='ocr_par' dir='ltr' id='par_1_36' title="bbox 318 1971 1066 2008">
     <span class='ocr_line' id='line_1_36' title="bbox 318 1971 1066 2008; baseline -0.004 -7"><span class='ocrx_word' id='word_1_215' title='bbox 318 1973 363 2001; x_wconf 90' lang='lat' dir='ltr'><strong>III.</strong></span> <span class='ocrx_word' id='word_1_216' title='bbox 380 1973 470 2001; x_wconf 89' lang='lat' dir='ltr'><strong>Unum</strong></span> <span class='ocrx_word' id='word_1_217' title='bbox 482 1981 516 2000; x_wconf 86' lang='lat' dir='ltr'><strong>ex</strong></span> <span class='ocrx_word' id='word_1_218' title='bbox 532 1973 628 2001; x_wconf 89' lang='lat' dir='ltr'><strong>iisdem</strong></span> <span class='ocrx_word' id='word_1_219' title='bbox 654 1972 744 2008; x_wconf 73' lang='lat' dir='ltr'><strong>magni</strong></span> <span class='ocrx_word' id='word_1_220' title='bbox 761 1972 834 2000; x_wconf 90' lang='lat' dir='ltr'><strong>illius</strong></span> <span class='ocrx_word' id='word_1_221' title='bbox 845 1972 966 2004; x_wconf 80' lang='lat' dir='ltr'><strong>Antonii,</strong></span> <span class='ocrx_word' id='word_1_222' title='bbox 984 1971 1066 2000; x_wconf 86' lang='lat' dir='ltr'><strong>disci-</strong></span> 
     </span>
    </p>
   </div>
   <div class='ocr_carea' id='block_1_37' title="bbox 283 2017 1063 2056">
    <p class='ocr_par' dir='ltr' id='par_1_37' title="bbox 283 2017 1063 2056">
     <span class='ocr_line' id='line_1_37' title="bbox 283 2017 1063 2056; baseline -0.003 -10"><span class='ocrx_word' id='word_1_223' title='bbox 283 2019 373 2056; x_wconf 85' lang='lat' dir='ltr'><strong>plinae</strong></span> <span class='ocrx_word' id='word_1_224' title='bbox 385 2019 550 2047; x_wconf 85' lang='lat' dir='ltr'><strong>monasticae</strong></span> <span class='ocrx_word' id='word_1_225' title='bbox 560 2018 678 2046; x_wconf 84' lang='lat' dir='ltr'><strong>auctoris</strong></span> <span class='ocrx_word' id='word_1_226' title='bbox 693 2018 825 2053; x_wconf 90' lang='lat' dir='ltr'><strong>primarii,</strong></span> <span class='ocrx_word' id='word_1_227' title='bbox 838 2017 921 2045; x_wconf 87' lang='lat' dir='ltr'><strong>fuisse</strong></span> <span class='ocrx_word' id='word_1_228' title='bbox 942 2017 1063 2053; x_wconf 89' lang='lat' dir='ltr'><strong>discipu—</strong></span> 
     </span>
    </p>
   </div>
   <div class='ocr_carea' id='block_1_38' title="bbox 283 2063 1063 2100">
    <p class='ocr_par' dir='ltr' id='par_1_38' title="bbox 283 2063 1063 2100">
     <span class='ocr_line' id='line_1_38' title="bbox 283 2063 1063 2100; baseline -0.003 -8"><span class='ocrx_word' id='word_1_229' title='bbox 283 2065 352 2099; x_wconf 86' lang='lat' dir='ltr'><strong>lum,</strong></span> <span class='ocrx_word' id='word_1_230' title='bbox 376 2065 552 2100; x_wconf 85' lang='lat' dir='ltr'><strong>antiquorum</strong></span> <span class='ocrx_word' id='word_1_231' title='bbox 577 2065 732 2092; x_wconf 86' lang='lat' dir='ltr'><strong>testimonia</strong></span> <span class='ocrx_word' id='word_1_232' title='bbox 759 2064 921 2099; x_wconf 83' lang='lat' dir='ltr'><strong>perhibent:</strong></span> <span class='ocrx_word' id='word_1_233' title='bbox 936 2063 984 2090; x_wconf 90' lang='lat' dir='ltr'><strong>sed</strong></span> <span class='ocrx_word' id='word_1_234' title='bbox 1002 2067 1063 2091; x_wconf 87' lang='lat' dir='ltr'><strong>uter</strong></span> 
     </span>
    </p>
   </div>
   <div class='ocr_carea' id='block_1_39' title="bbox 285 2109 1063 2146">
    <p class='ocr_par' dir='ltr' id='par_1_39' title="bbox 285 2109 1063 2146">
     <span class='ocr_line' id='line_1_39' title="bbox 285 2109 1063 2146; baseline -0.003 -8"><span class='ocrx_word' id='word_1_235' title='bbox 285 2111 394 2139; x_wconf 90' lang='lat' dir='ltr'><strong>illorum</strong></span> <span class='ocrx_word' id='word_1_236' title='bbox 405 2111 429 2139; x_wconf 94' lang='lat' dir='ltr'><strong>is</strong></span> <span class='ocrx_word' id='word_1_237' title='bbox 439 2111 531 2142; x_wconf 88' lang='lat' dir='ltr'><strong>fuerit,</strong></span> <span class='ocrx_word' id='word_1_238' title='bbox 541 2111 722 2146; x_wconf 81' lang='lat' dir='ltr'><strong>Aegyptiusne</strong></span> <span class='ocrx_word' id='word_1_239' title='bbox 738 2118 772 2137; x_wconf 90' lang='lat' dir='ltr'><strong>an</strong></span> <span class='ocrx_word' id='word_1_240' title='bbox 784 2109 992 2142; x_wconf 82' lang='lat' dir='ltr'><strong>Alexandrinus,</strong></span> <span class='ocrx_word' id='word_1_241' title='bbox 1009 2117 1063 2141; x_wconf 82' lang='lat' dir='ltr'><strong>res,</strong></span> 
     </span>
    </p>
   </div>
   <div class='ocr_carea' id='block_1_40' title="bbox 285 2154 1065 2191">
    <p class='ocr_par' dir='ltr' id='par_1_40' title="bbox 285 2154 1065 2191">
     <span class='ocr_line' id='line_1_40' title="bbox 285 2154 1065 2191; baseline -0.005 -6"><span class='ocrx_word' id='word_1_242' title='bbox 285 2160 316 2184; x_wconf 84' lang='lat' dir='ltr'><strong>ut</strong></span> <span class='ocrx_word' id='word_1_243' title='bbox 327 2157 448 2189; x_wconf 81' lang='lat' dir='ltr'><strong>videtur,</strong></span> <span class='ocrx_word' id='word_1_244' title='bbox 465 2157 536 2191; x_wconf 90' lang='lat' dir='ltr'><strong>apud</strong></span> <span class='ocrx_word' id='word_1_245' title='bbox 548 2160 673 2183; x_wconf 89' lang='lat' dir='ltr'><strong>auctores</strong></span> <span class='ocrx_word' id='word_1_246' title='bbox 683 2155 812 2186; x_wconf 71' lang='lat' dir='ltr'><strong>nondum</strong></span> <span class='ocrx_word' id='word_1_247' title='bbox 824 2155 948 2182; x_wconf 83' lang='lat' dir='ltr'><strong>confecta</strong></span> <span class='ocrx_word' id='word_1_248' title='bbox 962 2159 1018 2187; x_wconf 88' lang='lat' dir='ltr'><strong>est;</strong></span> <span class='ocrx_word' id='word_1_249' title='bbox 1037 2154 1065 2182; x_wconf 92' lang='lat' dir='ltr'><strong>id</strong></span> 
     </span>
    </p>
   </div>
   <div class='ocr_carea' id='block_1_41' title="bbox 284 2200 1067 2237">
    <p class='ocr_par' dir='ltr' id='par_1_41' title="bbox 284 2200 1067 2237">
     <span class='ocr_line' id='line_1_41' title="bbox 284 2200 1067 2237; baseline -0.005 -7"><span class='ocrx_word' id='word_1_250' title='bbox 284 2202 359 2237; x_wconf 88' lang='lat' dir='ltr'><strong>quod</strong></span> <span class='ocrx_word' id='word_1_251' title='bbox 371 2207 400 2230; x_wconf 86' lang='lat' dir='ltr'><strong>et</strong></span> <span class='ocrx_word' id='word_1_252' title='bbox 430 2203 459 2230; x_wconf 92' lang='lat' dir='ltr'><strong>in</strong></span> <span class='ocrx_word' id='word_1_253' title='bbox 473 2209 554 2229; x_wconf 90' lang='lat' dir='ltr'><strong>causa</strong></span> <span class='ocrx_word' id='word_1_254' title='bbox 565 2201 658 2233; x_wconf 83' lang='lat' dir='ltr'><strong>fuerit,</strong></span> <span class='ocrx_word' id='word_1_255' title='bbox 673 2206 704 2228; x_wconf 91' lang='lat' dir='ltr'><strong>ut</strong></span> <span class='ocrx_word' id='word_1_256' title='bbox 727 2201 760 2228; x_wconf 84' lang='lat' dir='ltr'><strong>de</strong></span> <span class='ocrx_word' id='word_1_257' title='bbox 771 2200 856 2227; x_wconf 86' lang='lat' dir='ltr'><strong>natali</strong></span> <span class='ocrx_word' id='word_1_258' title='bbox 884 2201 938 2233; x_wconf 85' lang='lat' dir='ltr'><strong>die,</strong></span> <span class='ocrx_word' id='word_1_259' title='bbox 957 2200 1067 2235; x_wconf 86' lang='lat' dir='ltr'><strong>utrique</strong></span> 
     </span>
    </p>
   </div>
   <div class='ocr_carea' id='block_1_42' title="bbox 284 2247 1068 2285">
    <p class='ocr_par' dir='ltr' id='par_1_42' title="bbox 284 2247 1068 2285">
     <span class='ocr_line' id='line_1_42' title="bbox 284 2247 1068 2285; baseline -0.004 -8"><span class='ocrx_word' id='word_1_260' title='bbox 284 2250 412 2278; x_wconf 87' lang='lat' dir='ltr'><strong>distincte</strong></span> <span class='ocrx_word' id='word_1_261' title='bbox 436 2248 620 2285; x_wconf 77' lang='lat' dir='ltr'><strong>adsignando,</strong></span> <span class='ocrx_word' id='word_1_262' title='bbox 645 2253 750 2275; x_wconf 88' lang='lat' dir='ltr'><strong>certum</strong></span> <span class='ocrx_word' id='word_1_263' title='bbox 773 2247 875 2282; x_wconf 89' lang='lat' dir='ltr'><strong>aliquid</strong></span> <span class='ocrx_word' id='word_1_264' title='bbox 895 2247 1068 2282; x_wconf 85' lang='lat' dir='ltr'><strong>pronuntiari</strong></span> 
     </span>
    </p>
   </div>
   <div class='ocr_carea' id='block_1_43' title="bbox 285 2293 1065 2330">
    <p class='ocr_par' dir='ltr' id='par_1_43' title="bbox 285 2293 1065 2330">
     <span class='ocr_line' id='line_1_43' title="bbox 285 2293 1065 2330; baseline -0.004 -7"><span class='ocrx_word' id='word_1_265' title='bbox 285 2298 413 2330; x_wconf 81' lang='lat' dir='ltr'><strong>nequeat.</strong></span> <span class='ocrx_word' id='word_1_266' title='bbox 441 2295 508 2323; x_wconf 88' lang='lat' dir='ltr'><strong>Nam</strong></span> <span class='ocrx_word' id='word_1_267' title='bbox 525 2294 716 2330; x_wconf 80' lang='lat' dir='ltr'><strong>Martyrologia</strong></span> <span class='ocrx_word' id='word_1_268' title='bbox 736 2293 847 2328; x_wconf 88' lang='lat' dir='ltr'><strong>antiqua</strong></span> <span class='ocrx_word' id='word_1_269' title='bbox 860 2293 929 2320; x_wconf 91' lang='lat' dir='ltr'><strong>duos</strong></span> <span class='ocrx_word' id='word_1_270' title='bbox 954 2293 1065 2328; x_wconf 89' lang='lat' dir='ltr'><strong>quidem</strong></span> 
     </span>
    </p>
   </div>
   <div class='ocr_carea' id='block_1_44' title="bbox 283 2340 1064 2374">
    <p class='ocr_par' dir='ltr' id='par_1_44' title="bbox 283 2340 1064 2374">
     <span class='ocr_line' id='line_1_44' title="bbox 283 2340 1064 2374; baseline -0.004 -5"><span class='ocrx_word' id='word_1_271' title='bbox 283 2341 362 2370; x_wconf 87' lang='lat' dir='ltr'><strong>fastis</strong></span> <span class='ocrx_word' id='word_1_272' title='bbox 386 2341 444 2368; x_wconf 90' lang='lat' dir='ltr'><strong>suis</strong></span> <span class='ocrx_word' id='word_1_273' title='bbox 467 2341 644 2368; x_wconf 86' lang='lat' dir='ltr'><strong>inseruerunt</strong></span> <span class='ocrx_word' id='word_1_274' title='bbox 674 2340 814 2372; x_wconf 86' lang='lat' dir='ltr'><strong>Macarios,</strong></span> <span class='ocrx_word' id='word_1_275' title='bbox 835 2347 953 2374; x_wconf 89' lang='lat' dir='ltr'><strong>quorum</strong></span> <span class='ocrx_word' id='word_1_276' title='bbox 980 2347 1064 2366; x_wconf 91' lang='lat' dir='ltr'><strong>unum</strong></span> 
     </span>
    </p>
   </div>
   <div class='ocr_carea' id='block_1_45' title="bbox 284 2386 1064 2421">
    <p class='ocr_par' dir='ltr' id='par_1_45' title="bbox 284 2386 1064 2421">
     <span class='ocr_line' id='line_1_45' title="bbox 284 2386 1064 2421; baseline -0.003 -7"><span class='ocrx_word' id='word_1_277' title='bbox 284 2386 357 2414; x_wconf 87' lang='lat' dir='ltr'><strong>beati</strong></span> <span class='ocrx_word' id='word_1_278' title='bbox 379 2386 490 2414; x_wconf 81' lang='lat' dir='ltr'><strong>Antonii</strong></span> <span class='ocrx_word' id='word_1_279' title='bbox 506 2386 589 2414; x_wconf 84' lang='lat' dir='ltr'><strong>fuisse</strong></span> <span class='ocrx_word' id='word_1_280' title='bbox 618 2386 782 2421; x_wconf 87' lang='lat' dir='ltr'><strong>discipulutn</strong></span> <span class='ocrx_word' id='word_1_281' title='bbox 814 2393 879 2413; x_wconf 90' lang='lat' dir='ltr'><strong>sane</strong></span> <span class='ocrx_word' id='word_1_282' title='bbox 898 2391 1064 2419; x_wconf 89' lang='lat' dir='ltr'><strong>memorant;</strong></span> 
     </span>
    </p>
   </div>
   <div class='ocr_carea' id='block_1_46' title="bbox 284 2431 1066 2467">
    <p class='ocr_par' dir='ltr' id='par_1_46' title="bbox 284 2431 1066 2467">
     <span class='ocr_line' id='line_1_46' title="bbox 284 2431 1066 2467; baseline -0.001 -8"><span class='ocrx_word' id='word_1_283' title='bbox 284 2432 332 2460; x_wconf 89' lang='lat' dir='ltr'><strong>sed</strong></span> <span class='ocrx_word' id='word_1_284' title='bbox 343 2432 456 2467; x_wconf 87' lang='lat' dir='ltr'><strong>quinam</strong></span> <span class='ocrx_word' id='word_1_285' title='bbox 468 2432 514 2460; x_wconf 88' lang='lat' dir='ltr'><strong>ille</strong></span> <span class='ocrx_word' id='word_1_286' title='bbox 528 2440 562 2459; x_wconf 83' lang='lat' dir='ltr'><strong>ex</strong></span> <span class='ocrx_word' id='word_1_287' title='bbox 578 2431 686 2459; x_wconf 90' lang='lat' dir='ltr'><strong>duobus</strong></span> <span class='ocrx_word' id='word_1_288' title='bbox 702 2440 717 2459; x_wconf 90' lang='lat' dir='ltr'><strong>a</strong></span> <span class='ocrx_word' id='word_1_289' title='bbox 732 2431 814 2458; x_wconf 90' lang='lat' dir='ltr'><strong>nobis</strong></span> <span class='ocrx_word' id='word_1_290' title='bbox 834 2431 992 2458; x_wconf 85' lang='lat' dir='ltr'><strong>memoratis</strong></span> <span class='ocrx_word' id='word_1_291' title='bbox 1004 2431 1066 2458; x_wconf 85' lang='lat' dir='ltr'><strong>fue-</strong></span> 
     </span>
    </p>
   </div>
   <div class='ocr_carea' id='block_1_47' title="bbox 285 2477 1066 2513">
    <p class='ocr_par' dir='ltr' id='par_1_47' title="bbox 285 2477 1066 2513">
     <span class='ocr_line' id='line_1_47' title="bbox 285 2477 1066 2513; baseline 0 -9"><span class='ocrx_word' id='word_1_292' title='bbox 285 2478 330 2510; x_wconf 90' lang='lat' dir='ltr'><strong>rit,</strong></span> <span class='ocrx_word' id='word_1_293' title='bbox 353 2485 409 2505; x_wconf 91' lang='lat' dir='ltr'><strong>non</strong></span> <span class='ocrx_word' id='word_1_294' title='bbox 423 2478 538 2513; x_wconf 88' lang='lat' dir='ltr'><strong>perinde</strong></span> <span class='ocrx_word' id='word_1_295' title='bbox 553 2478 714 2513; x_wconf 80' lang='lat' dir='ltr'><strong>adiungunt.</strong></span> <span class='ocrx_word' id='word_1_296' title='bbox 741 2477 786 2505; x_wconf 90' lang='lat' dir='ltr'><strong>Sic</strong></span> <span class='ocrx_word' id='word_1_297' title='bbox 809 2477 883 2504; x_wconf 89' lang='lat' dir='ltr'><strong>enim</strong></span> <span class='ocrx_word' id='word_1_298' title='bbox 903 2477 1066 2513; x_wconf 86' lang='lat' dir='ltr'><strong>Martyrolo-</strong></span> 
     </span>
    </p>
   </div>
   <div class='ocr_carea' id='block_1_48' title="bbox 283 2524 1067 2558">
    <p class='ocr_par' dir='ltr' id='par_1_48' title="bbox 283 2524 1067 2558">
     <span class='ocr_line' id='line_1_48' title="bbox 283 2524 1067 2558; baseline 0 -7"><span class='ocrx_word' id='word_1_299' title='bbox 283 2524 358 2558; x_wconf 77' lang='lat' dir='ltr'><strong>gium</strong></span> <span class='ocrx_word' id='word_1_300' title='bbox 369 2524 523 2551; x_wconf 84' lang='lat' dir='ltr'><strong>Romanum</strong></span> <span class='ocrx_word' id='word_1_301' title='bbox 541 2532 595 2551; x_wconf 92' lang='lat' dir='ltr'><strong>non</strong></span> <span class='ocrx_word' id='word_1_302' title='bbox 620 2528 724 2551; x_wconf 89' lang='lat' dir='ltr'><strong>tantum</strong></span> <span class='ocrx_word' id='word_1_303' title='bbox 746 2528 836 2557; x_wconf 88' lang='lat' dir='ltr'><strong>vetus,</strong></span> <span class='ocrx_word' id='word_1_304' title='bbox 860 2524 908 2551; x_wconf 89' lang='lat' dir='ltr'><strong>sed</strong></span> <span class='ocrx_word' id='word_1_305' title='bbox 929 2529 958 2551; x_wconf 88' lang='lat' dir='ltr'><strong>et</strong></span> <span class='ocrx_word' id='word_1_306' title='bbox 968 2524 1067 2551; x_wconf 89' lang='lat' dir='ltr'><strong>Bellini</strong></span> 
     </span>
    </p>
   </div>
   <div class='ocr_carea' id='block_1_49' title="bbox 282 2569 1065 2605">
    <p class='ocr_par' dir='ltr' id='par_1_49' title="bbox 282 2569 1065 2605">
     <span class='ocr_line' id='line_1_49' title="bbox 282 2569 1065 2605; baseline 0.001 -9"><span class='ocrx_word' id='word_1_307' title='bbox 282 2569 356 2597; x_wconf 91' lang='lat' dir='ltr'><strong>diem</strong></span> <span class='ocrx_word' id='word_1_308' title='bbox 372 2570 395 2597; x_wconf 90' lang='lat' dir='ltr'><strong>II</strong></span> <span class='ocrx_word' id='word_1_309' title='bbox 408 2570 527 2597; x_wconf 88' lang='lat' dir='ltr'><strong>Ianuarii</strong></span> <span class='ocrx_word' id='word_1_310' title='bbox 538 2570 618 2598; x_wconf 88' lang='lat' dir='ltr'><strong>beato</strong></span> <span class='ocrx_word' id='word_1_311' title='bbox 631 2570 749 2597; x_wconf 85' lang='lat' dir='ltr'><strong>Macario</strong></span> <span class='ocrx_word' id='word_1_312' title='bbox 761 2570 922 2605; x_wconf 87' lang='lat' dir='ltr'><strong>simpliciter</strong></span> <span class='ocrx_word' id='word_1_313' title='bbox 933 2570 971 2598; x_wconf 86' lang='lat' dir='ltr'><strong>ita</strong></span> <span class='ocrx_word' id='word_1_314' title='bbox 981 2569 1065 2602; x_wconf 91' lang='lat' dir='ltr'><strong>dicto,</strong></span> 
     </span>
    </p>
   </div>
   <div class='ocr_carea' id='block_1_50' title="bbox 282 2615 1067 2644">
    <p class='ocr_par' dir='ltr' id='par_1_50' title="bbox 282 2615 1067 2644">
     <span class='ocr_line' id='line_1_50' title="bbox 282 2615 1067 2644; baseline 0 -1"><span class='ocrx_word' id='word_1_315' title='bbox 282 2615 357 2644; x_wconf 89' lang='lat' dir='ltr'><strong>diem</strong></span> <span class='ocrx_word' id='word_1_316' title='bbox 369 2623 435 2644; x_wconf 89' lang='lat' dir='ltr'><strong>vero</strong></span> <span class='ocrx_word' id='word_1_317' title='bbox 446 2616 495 2644; x_wconf 80' lang='lat' dir='ltr'><strong>XV</strong></span> <span class='ocrx_word' id='word_1_318' title='bbox 507 2616 629 2644; x_wconf 87' lang='lat' dir='ltr'><strong>eiusdem</strong></span> <span class='ocrx_word' id='word_1_319' title='bbox 651 2615 753 2644; x_wconf 86' lang='lat' dir='ltr'><strong>mensis</strong></span> <span class='ocrx_word' id='word_1_320' title='bbox 776 2615 892 2643; x_wconf 88' lang='lat' dir='ltr'><strong>Macario</strong></span> <span class='ocrx_word' id='word_1_321' title='bbox 906 2616 1000 2644; x_wconf 90' lang='lat' dir='ltr'><strong>abbati</strong></span> <span class='ocrx_word' id='word_1_322' title='bbox 1012 2616 1067 2643; x_wconf 91' lang='lat' dir='ltr'><strong>An-</strong></span> 
     </span>
    </p>
   </div>
   <div class='ocr_carea' id='block_1_51' title="bbox 1110 744 1895 781">
    <p class='ocr_par' dir='ltr' id='par_1_51' title="bbox 1110 744 1895 781">
     <span class='ocr_line' id='line_1_51' title="bbox 1110 744 1895 781; baseline -0.001 -7"><span class='ocrx_word' id='word_1_323' title='bbox 1110 746 1271 781; x_wconf 83' lang='lat' dir='ltr'><strong>Quanquam</strong></span> <span class='ocrx_word' id='word_1_324' title='bbox 1281 745 1435 773; x_wconf 85' lang='lat' dir='ltr'><strong>Galcsinius</strong></span> <span class='ocrx_word' id='word_1_325' title='bbox 1446 749 1474 773; x_wconf 91' lang='lat' dir='ltr'><strong>et</strong></span> <span class='ocrx_word' id='word_1_326' title='bbox 1494 744 1626 772; x_wconf 75' lang='lat' dir='ltr'><strong>Batonius</strong></span> <span class='ocrx_word' id='word_1_327' title='bbox 1645 745 1702 772; x_wconf 85' lang='lat' dir='ltr'><strong>suis</strong></span> <span class='ocrx_word' id='word_1_328' title='bbox 1724 745 1753 772; x_wconf 91' lang='lat' dir='ltr'><strong>in</strong></span> <span class='ocrx_word' id='word_1_329' title='bbox 1764 745 1895 781; x_wconf 79' lang='lat' dir='ltr'><strong>Martyro-</strong></span> 
     </span>
    </p>
   </div>
   <div class='ocr_carea' id='block_1_52' title="bbox 1111 790 1892 827">
    <p class='ocr_par' dir='ltr' id='par_1_52' title="bbox 1111 790 1892 827">
     <span class='ocr_line' id='line_1_52' title="bbox 1111 790 1892 827; baseline -0.001 -8"><span class='ocrx_word' id='word_1_330' title='bbox 1111 791 1189 827; x_wconf 86' lang='lat' dir='ltr'><strong>logiis</strong></span> <span class='ocrx_word' id='word_1_331' title='bbox 1200 791 1284 826; x_wconf 87' lang='lat' dir='ltr'><strong>priori</strong></span> <span class='ocrx_word' id='word_1_332' title='bbox 1309 791 1349 818; x_wconf 94' lang='lat' dir='ltr'><strong>illi</strong></span> <span class='ocrx_word' id='word_1_333' title='bbox 1367 790 1542 818; x_wconf 78' lang='lat' dir='ltr'><strong>Alexandrini</strong></span> <span class='ocrx_word' id='word_1_334' title='bbox 1564 790 1728 818; x_wconf 89' lang='lat' dir='ltr'><strong>vocabulum</strong></span> <span class='ocrx_word' id='word_1_335' title='bbox 1748 790 1892 823; x_wconf 86' lang='lat' dir='ltr'><strong>adiiciunt,</strong></span> 
     </span>
    </p>
   </div>
   <div class='ocr_carea' id='block_1_53' title="bbox 1111 836 1891 872">
    <p class='ocr_par' dir='ltr' id='par_1_53' title="bbox 1111 836 1891 872">
     <span class='ocr_line' id='line_1_53' title="bbox 1111 836 1891 872; baseline 0 -8"><span class='ocrx_word' id='word_1_336' title='bbox 1111 843 1141 865; x_wconf 88' lang='lat' dir='ltr'><strong>ut</strong></span> <span class='ocrx_word' id='word_1_337' title='bbox 1152 837 1214 864; x_wconf 87' lang='lat' dir='ltr'><strong>inde</strong></span> <span class='ocrx_word' id='word_1_338' title='bbox 1227 837 1406 872; x_wconf 86' lang='lat' dir='ltr'><strong>posteriorem</strong></span> <span class='ocrx_word' id='word_1_339' title='bbox 1418 837 1579 872; x_wconf 77' lang='lat' dir='ltr'><strong>Aegyptium</strong></span> <span class='ocrx_word' id='word_1_340' title='bbox 1589 844 1648 864; x_wconf 86' lang='lat' dir='ltr'><strong>esse</strong></span> <span class='ocrx_word' id='word_1_341' title='bbox 1658 836 1788 864; x_wconf 91' lang='lat' dir='ltr'><strong>hariolari</strong></span> <span class='ocrx_word' id='word_1_342' title='bbox 1801 837 1891 864; x_wconf 87' lang='lat' dir='ltr'><strong>liceat.</strong></span> 
     </span>
    </p>
   </div>
   <div class='ocr_carea' id='block_1_54' title="bbox 1111 882 1895 918">
    <p class='ocr_par' dir='ltr' id='par_1_54' title="bbox 1111 882 1895 918">
     <span class='ocr_line' id='line_1_54' title="bbox 1111 882 1895 918; baseline -0.001 -7"><span class='ocrx_word' id='word_1_343' title='bbox 1111 884 1236 912; x_wconf 89' lang='lat' dir='ltr'><strong>Vicissim</strong></span> <span class='ocrx_word' id='word_1_344' title='bbox 1247 888 1338 911; x_wconf 84' lang='lat' dir='ltr'><strong>tamen</strong></span> <span class='ocrx_word' id='word_1_345' title='bbox 1351 884 1497 916; x_wconf 86' lang='lat' dir='ltr'><strong>Palladius,</strong></span> <span class='ocrx_word' id='word_1_346' title='bbox 1517 891 1579 910; x_wconf 90' lang='lat' dir='ltr'><strong>cum</strong></span> <span class='ocrx_word' id='word_1_347' title='bbox 1591 883 1625 910; x_wconf 86' lang='lat' dir='ltr'><strong>de</strong></span> <span class='ocrx_word' id='word_1_348' title='bbox 1636 883 1753 910; x_wconf 86' lang='lat' dir='ltr'><strong>Macario</strong></span> <span class='ocrx_word' id='word_1_349' title='bbox 1763 882 1895 918; x_wconf 77' lang='lat' dir='ltr'><strong>Aegyptio</strong></span> 
     </span>
    </p>
   </div>
   <div class='ocr_carea' id='block_1_55' title="bbox 1111 927 1895 964">
    <p class='ocr_par' dir='ltr' id='par_1_55' title="bbox 1111 927 1895 964">
     <span class='ocr_line' id='line_1_55' title="bbox 1111 927 1895 964; baseline -0.004 -8"><span class='ocrx_word' id='word_1_350' title='bbox 1111 928 1175 964; x_wconf 84' lang='lat' dir='ltr'><strong>agit,</strong></span> <span class='ocrx_word' id='word_1_351' title='bbox 1190 928 1257 956; x_wconf 89' lang='lat' dir='ltr'><strong>adeo</strong></span> <span class='ocrx_word' id='word_1_352' title='bbox 1268 936 1322 955; x_wconf 91' lang='lat' dir='ltr'><strong>non</strong></span> <span class='ocrx_word' id='word_1_353' title='bbox 1336 932 1479 960; x_wconf 86' lang='lat' dir='ltr'><strong>memorat,</strong></span> <span class='ocrx_word' id='word_1_354' title='bbox 1496 928 1614 955; x_wconf 87' lang='lat' dir='ltr'><strong>eundem</strong></span> <span class='ocrx_word' id='word_1_355' title='bbox 1639 927 1751 954; x_wconf 88' lang='lat' dir='ltr'><strong>Antonii</strong></span> <span class='ocrx_word' id='word_1_356' title='bbox 1774 927 1895 962; x_wconf 88' lang='lat' dir='ltr'><strong>discipu-</strong></span> 
     </span>
    </p>
   </div>
   <div class='ocr_carea' id='block_1_56' title="bbox 1111 973 1895 1008">
    <p class='ocr_par' dir='ltr' id='par_1_56' title="bbox 1111 973 1895 1008">
     <span class='ocr_line' id='line_1_56' title="bbox 1111 973 1895 1008; baseline -0.004 -6"><span class='ocrx_word' id='word_1_357' title='bbox 1111 975 1168 1002; x_wconf 91' lang='lat' dir='ltr'><strong>lum</strong></span> <span class='ocrx_word' id='word_1_358' title='bbox 1191 974 1286 1007; x_wconf 84' lang='lat' dir='ltr'><strong>fuisse,</strong></span> <span class='ocrx_word' id='word_1_359' title='bbox 1312 979 1342 1001; x_wconf 93' lang='lat' dir='ltr'><strong>ut</strong></span> <span class='ocrx_word' id='word_1_360' title='bbox 1362 973 1389 1000; x_wconf 89' lang='lat' dir='ltr'><strong>id</strong></span> <span class='ocrx_word' id='word_1_361' title='bbox 1413 973 1504 1008; x_wconf 89' lang='lat' dir='ltr'><strong>potius</strong></span> <span class='ocrx_word' id='word_1_362' title='bbox 1517 973 1551 1000; x_wconf 88' lang='lat' dir='ltr'><strong>de</strong></span> <span class='ocrx_word' id='word_1_363' title='bbox 1576 973 1693 1000; x_wconf 87' lang='lat' dir='ltr'><strong>Macario</strong></span> <span class='ocrx_word' id='word_1_364' title='bbox 1710 973 1895 1000; x_wconf 82' lang='lat' dir='ltr'><strong>Alexandrino</strong></span> 
     </span>
    </p>
   </div>
   <div class='ocr_carea' id='block_1_57' title="bbox 1112 1019 1894 1054">
    <p class='ocr_par' dir='ltr' id='par_1_57' title="bbox 1112 1019 1894 1054">
     <span class='ocr_line' id='line_1_57' title="bbox 1112 1019 1894 1054; baseline -0.001 -7"><span class='ocrx_word' id='word_1_365' title='bbox 1112 1020 1212 1047; x_wconf 86' lang='lat' dir='ltr'><strong>referat</strong></span> <span class='ocrx_word' id='word_1_366' title='bbox 1228 1019 1276 1054; x_wconf 73' lang='lat' dir='ltr'><strong>(lt).</strong></span> <span class='ocrx_word' id='word_1_367' title='bbox 1289 1019 1343 1047; x_wconf 83' lang='lat' dir='ltr'><strong>Res</strong></span> <span class='ocrx_word' id='word_1_368' title='bbox 1355 1027 1420 1054; x_wconf 81' lang='lat' dir='ltr'><strong>ergo</strong></span> <span class='ocrx_word' id='word_1_369' title='bbox 1443 1019 1510 1046; x_wconf 79' lang='lat' dir='ltr'><strong>haec</strong></span> <span class='ocrx_word' id='word_1_370' title='bbox 1526 1026 1586 1046; x_wconf 86' lang='lat' dir='ltr'><strong>esse</strong></span> <span class='ocrx_word' id='word_1_371' title='bbox 1612 1019 1721 1046; x_wconf 88' lang='lat' dir='ltr'><strong>videtur</strong></span> <span class='ocrx_word' id='word_1_372' title='bbox 1745 1019 1773 1046; x_wconf 92' lang='lat' dir='ltr'><strong>in</strong></span> <span class='ocrx_word' id='word_1_373' title='bbox 1789 1019 1793 1054; x_wconf 81' lang='grc'><strong>1</strong></span> <span class='ocrx_word' id='word_1_374' title='bbox 1809 1024 1894 1051; x_wconf 87' lang='lat' dir='ltr'><strong>certa,</strong></span> 
     </span>
    </p>
   </div>
   <div class='ocr_carea' id='block_1_58' title="bbox 1112 1064 1895 1100">
    <p class='ocr_par' dir='ltr' id='par_1_58' title="bbox 1112 1064 1895 1100">
     <span class='ocr_line' id='line_1_58' title="bbox 1112 1064 1895 1100; baseline -0.003 -7"><span class='ocrx_word' id='word_1_375' title='bbox 1112 1066 1164 1093; x_wconf 86' lang='lat' dir='ltr'><strong>nisi</strong></span> <span class='ocrx_word' id='word_1_376' title='bbox 1176 1065 1276 1100; x_wconf 85' lang='lat' dir='ltr'><strong>aliquis</strong></span> <span class='ocrx_word' id='word_1_377' title='bbox 1289 1072 1350 1092; x_wconf 88' lang='lat' dir='ltr'><strong>cum</strong></span> <span class='ocrx_word' id='word_1_378' title='bbox 1363 1066 1444 1092; x_wconf 88' lang='lat' dir='ltr'><strong>Petro</strong></span> <span class='ocrx_word' id='word_1_379' title='bbox 1456 1064 1570 1092; x_wconf 90' lang='lat' dir='ltr'><strong>Possino</strong></span> <span class='ocrx_word' id='word_1_380' title='bbox 1585 1065 1618 1092; x_wconf 89' lang='lat' dir='ltr'><strong>dc</strong></span> <span class='ocrx_word' id='word_1_381' title='bbox 1639 1069 1757 1099; x_wconf 87' lang='lat' dir='ltr'><strong>utroque</strong></span> <span class='ocrx_word' id='word_1_382' title='bbox 1780 1072 1895 1100; x_wconf 85' lang='lat' dir='ltr'><strong>persua—</strong></span> 
     </span>
    </p>
   </div>
   <div class='ocr_carea' id='block_1_59' title="bbox 1112 1110 1896 1146">
    <p class='ocr_par' dir='ltr' id='par_1_59' title="bbox 1112 1110 1896 1146">
     <span class='ocr_line' id='line_1_59' title="bbox 1112 1110 1896 1146; baseline 0 -8"><span class='ocrx_word' id='word_1_383' title='bbox 1112 1111 1171 1138; x_wconf 90' lang='lat' dir='ltr'><strong>deri</strong></span> <span class='ocrx_word' id='word_1_384' title='bbox 1184 1111 1235 1139; x_wconf 88' lang='lat' dir='ltr'><strong>sibi</strong></span> <span class='ocrx_word' id='word_1_385' title='bbox 1248 1111 1329 1143; x_wconf 84' lang='lat' dir='ltr'><strong>sinat,</strong></span> <span class='ocrx_word' id='word_1_386' title='bbox 1343 1119 1394 1138; x_wconf 88' lang='lat' dir='ltr'><strong>non</strong></span> <span class='ocrx_word' id='word_1_387' title='bbox 1411 1110 1479 1146; x_wconf 80' lang='lat' dir='ltr'><strong>falso</strong></span> <span class='ocrx_word' id='word_1_388' title='bbox 1499 1111 1600 1138; x_wconf 86' lang='lat' dir='ltr'><strong>eosdem</strong></span> <span class='ocrx_word' id='word_1_389' title='bbox 1626 1111 1734 1138; x_wconf 82' lang='lat' dir='ltr'><strong>Antonii</strong></span> <span class='ocrx_word' id='word_1_390' title='bbox 1756 1110 1896 1145; x_wconf 65' lang='lat' dir='ltr'><strong>disripulos</strong></span> 
     </span>
    </p>
   </div>
   <div class='ocr_carea' id='block_1_60' title="bbox 1112 1156 1894 1193">
    <p class='ocr_par' dir='ltr' id='par_1_60' title="bbox 1112 1156 1894 1193">
     <span class='ocr_line' id='line_1_60' title="bbox 1112 1156 1894 1193; baseline -0.003 -9"><span class='ocrx_word' id='word_1_391' title='bbox 1112 1158 1209 1190; x_wconf 84' lang='lat' dir='ltr'><strong>vocari,</strong></span> <span class='ocrx_word' id='word_1_392' title='bbox 1236 1158 1331 1193; x_wconf 85' lang='lat' dir='ltr'><strong>quippe</strong></span> <span class='ocrx_word' id='word_1_393' title='bbox 1353 1158 1398 1193; x_wconf 86' lang='lat' dir='ltr'><strong>qui</strong></span> <span class='ocrx_word' id='word_1_394' title='bbox 1427 1157 1539 1184; x_wconf 79' lang='lat' dir='ltr'><strong>viderint</strong></span> <span class='ocrx_word' id='word_1_395' title='bbox 1563 1156 1641 1184; x_wconf 84' lang='lat' dir='ltr'><strong>illum</strong></span> <span class='ocrx_word' id='word_1_396' title='bbox 1673 1156 1894 1191; x_wconf 78' lang='lat' dir='ltr'><strong>andiverintqne,</strong></span> 
     </span>
    </p>
   </div>
   <div class='ocr_carea' id='block_1_61' title="bbox 1113 1202 1895 1238">
    <p class='ocr_par' dir='ltr' id='par_1_61' title="bbox 1113 1202 1895 1238">
     <span class='ocr_line' id='line_1_61' title="bbox 1113 1202 1895 1238; baseline 0 -10"><span class='ocrx_word' id='word_1_397' title='bbox 1113 1203 1230 1238; x_wconf 76' lang='lat' dir='ltr'><strong>quamvis</strong></span> <span class='ocrx_word' id='word_1_398' title='bbox 1254 1203 1381 1229; x_wconf 80' lang='lat' dir='ltr'><strong>seniorem</strong></span> <span class='ocrx_word' id='word_1_399' title='bbox 1402 1202 1517 1234; x_wconf 81' lang='lat' dir='ltr'><strong>iuvenes,</strong></span> <span class='ocrx_word' id='word_1_400' title='bbox 1535 1211 1566 1229; x_wconf 83' lang='lat' dir='ltr'><strong>ac</strong></span> <span class='ocrx_word' id='word_1_401' title='bbox 1575 1210 1632 1229; x_wconf 85' lang='lat' dir='ltr'><strong>sero</strong></span> <span class='ocrx_word' id='word_1_402' title='bbox 1652 1202 1757 1228; x_wconf 81' lang='lat' dir='ltr'><strong>tandem</strong></span> <span class='ocrx_word' id='word_1_403' title='bbox 1769 1207 1793 1228; x_wconf 91' lang='lat' dir='ltr'><strong>et</strong></span> <span class='ocrx_word' id='word_1_404' title='bbox 1804 1203 1895 1234; x_wconf 83' lang='lat' dir='ltr'><strong>obiter,</strong></span> 
     </span>
    </p>
   </div>
   <div class='ocr_carea' id='block_1_62' title="bbox 1113 1246 1897 1282">
    <p class='ocr_par' dir='ltr' id='par_1_62' title="bbox 1113 1246 1897 1282">
     <span class='ocr_line' id='line_1_62' title="bbox 1113 1246 1897 1282; baseline 0 -9"><span class='ocrx_word' id='word_1_405' title='bbox 1113 1255 1171 1273; x_wconf 84' lang='lat' dir='ltr'><strong>cum</strong></span> <span class='ocrx_word' id='word_1_406' title='bbox 1183 1247 1217 1273; x_wconf 84' lang='lat' dir='ltr'><strong>ad</strong></span> <span class='ocrx_word' id='word_1_407' title='bbox 1235 1247 1320 1282; x_wconf 84' lang='lat' dir='ltr'><strong>ipsum</strong></span> <span class='ocrx_word' id='word_1_408' title='bbox 1341 1247 1375 1273; x_wconf 83' lang='lat' dir='ltr'><strong>ad</strong></span> <span class='ocrx_word' id='word_1_409' title='bbox 1389 1246 1491 1273; x_wconf 85' lang='lat' dir='ltr'><strong>brevem</strong></span> <span class='ocrx_word' id='word_1_410' title='bbox 1514 1247 1709 1273; x_wconf 78' lang='lat' dir='ltr'><strong>venerationem</strong></span> <span class='ocrx_word' id='word_1_411' title='bbox 1734 1251 1817 1273; x_wconf 82' lang='lat' dir='ltr'><strong>essent</strong></span> <span class='ocrx_word' id='word_1_412' title='bbox 1834 1255 1897 1282; x_wconf 89' lang='lat' dir='ltr'><strong>pro-</strong></span> 
     </span>
    </p>
   </div>
   <div class='ocr_carea' id='block_1_63' title="bbox 1113 1292 1896 1328">
    <p class='ocr_par' dir='ltr' id='par_1_63' title="bbox 1113 1292 1896 1328">
     <span class='ocr_line' id='line_1_63' title="bbox 1113 1292 1896 1328; baseline 0.001 -9"><span class='ocrx_word' id='word_1_413' title='bbox 1113 1293 1182 1328; x_wconf 80' lang='lat' dir='ltr'><strong>fecti,</strong></span> <span class='ocrx_word' id='word_1_414' title='bbox 1197 1301 1256 1319; x_wconf 70' lang='lat' dir='ltr'><strong>mox</strong></span> <span class='ocrx_word' id='word_1_415' title='bbox 1268 1293 1362 1319; x_wconf 86' lang='lat' dir='ltr'><strong>iterum</strong></span> <span class='ocrx_word' id='word_1_416' title='bbox 1378 1293 1412 1319; x_wconf 79' lang='lat' dir='ltr'><strong>ad</strong></span> <span class='ocrx_word' id='word_1_417' title='bbox 1423 1292 1594 1320; x_wconf 81' lang='lat' dir='ltr'><strong>habitationes</strong></span> <span class='ocrx_word' id='word_1_418' title='bbox 1619 1301 1692 1325; x_wconf 85' lang='lat' dir='ltr'><strong>snas,</strong></span> <span class='ocrx_word' id='word_1_419' title='bbox 1715 1301 1781 1328; x_wconf 87' lang='lat' dir='ltr'><strong>quae</strong></span> <span class='ocrx_word' id='word_1_420' title='bbox 1802 1303 1818 1320; x_wconf 89' lang='lat' dir='ltr'><strong>a</strong></span> <span class='ocrx_word' id='word_1_421' title='bbox 1839 1297 1896 1320; x_wconf 86' lang='lat' dir='ltr'><strong>sta-</strong></span> 
     </span>
    </p>
   </div>
   <div class='ocr_carea' id='block_1_64' title="bbox 1115 1338 1895 1374">
    <p class='ocr_par' dir='ltr' id='par_1_64' title="bbox 1115 1338 1895 1374">
     <span class='ocr_line' id='line_1_64' title="bbox 1115 1338 1895 1374; baseline 0.003 -10"><span class='ocrx_word' id='word_1_422' title='bbox 1115 1339 1184 1365; x_wconf 86' lang='lat' dir='ltr'><strong>tione</strong></span> <span class='ocrx_word' id='word_1_423' title='bbox 1198 1338 1306 1365; x_wconf 82' lang='lat' dir='ltr'><strong>Antonii</strong></span> <span class='ocrx_word' id='word_1_424' title='bbox 1317 1338 1460 1373; x_wconf 86' lang='lat' dir='ltr'><strong>plurimum</strong></span> <span class='ocrx_word' id='word_1_425' title='bbox 1473 1338 1578 1365; x_wconf 84' lang='lat' dir='ltr'><strong>dissitae</strong></span> <span class='ocrx_word' id='word_1_426' title='bbox 1590 1338 1696 1373; x_wconf 79' lang='lat' dir='ltr'><strong>fuerint,</strong></span> <span class='ocrx_word' id='word_1_427' title='bbox 1706 1339 1834 1366; x_wconf 82' lang='lat' dir='ltr'><strong>reversuri</strong></span> <span class='ocrx_word' id='word_1_428' title='bbox 1846 1338 1895 1374; x_wconf 82' lang='lat'>(5).</span> 
     </span>
    </p>
   </div>
   <div class='ocr_carea' id='block_1_65' title="bbox 1114 1383 1898 1419">
    <p class='ocr_par' dir='ltr' id='par_1_65' title="bbox 1114 1383 1898 1419">
     <span class='ocr_line' id='line_1_65' title="bbox 1114 1383 1898 1419; baseline -0.001 -8"><span class='ocrx_word' id='word_1_429' title='bbox 1114 1384 1170 1411; x_wconf 86' lang='lat' dir='ltr'><strong>Nec</strong></span> <span class='ocrx_word' id='word_1_430' title='bbox 1191 1389 1264 1411; x_wconf 85' lang='lat' dir='ltr'><strong>certe</strong></span> <span class='ocrx_word' id='word_1_431' title='bbox 1286 1384 1411 1411; x_wconf 84' lang='lat' dir='ltr'><strong>videmus</strong></span> <span class='ocrx_word' id='word_1_432' title='bbox 1427 1383 1493 1419; x_wconf 92' lang='lat' dir='ltr'><strong>quid</strong></span> <span class='ocrx_word' id='word_1_433' title='bbox 1515 1383 1615 1415; x_wconf 82' lang='lat' dir='ltr'><strong>obstet,</strong></span> <span class='ocrx_word' id='word_1_434' title='bbox 1639 1390 1698 1416; x_wconf 85' lang='lat' dir='ltr'><strong>cur,</strong></span> <span class='ocrx_word' id='word_1_435' title='bbox 1718 1392 1780 1411; x_wconf 89' lang='lat' dir='ltr'><strong>cum</strong></span> <span class='ocrx_word' id='word_1_436' title='bbox 1801 1384 1898 1411; x_wconf 83' lang='lat' dir='ltr'><strong>eodem</strong></span> 
     </span>
    </p>
   </div>
   <div class='ocr_carea' id='block_1_66' title="bbox 1115 1428 1898 1463">
    <p class='ocr_par' dir='ltr' id='par_1_66' title="bbox 1115 1428 1898 1463">
     <span class='ocr_line' id='line_1_66' title="bbox 1115 1428 1898 1463; baseline 0.001 -8"><span class='ocrx_word' id='word_1_437' title='bbox 1115 1434 1237 1463; x_wconf 84' lang='lat' dir='ltr'><strong>tempore</strong></span> <span class='ocrx_word' id='word_1_438' title='bbox 1248 1436 1309 1456; x_wconf 89' lang='lat' dir='ltr'><strong>cum</strong></span> <span class='ocrx_word' id='word_1_439' title='bbox 1322 1428 1439 1456; x_wconf 91' lang='lat' dir='ltr'><strong>Antonio</strong></span> <span class='ocrx_word' id='word_1_440' title='bbox 1463 1428 1579 1455; x_wconf 77' lang='lat' dir='ltr'><strong>vixerint</strong></span> <span class='ocrx_word' id='word_1_441' title='bbox 1601 1428 1721 1462; x_wconf 87' lang='lat' dir='ltr'><strong>Macarii,</strong></span> <span class='ocrx_word' id='word_1_442' title='bbox 1736 1437 1798 1456; x_wconf 85' lang='lat' dir='ltr'><strong>cum</strong></span> <span class='ocrx_word' id='word_1_443' title='bbox 1814 1429 1898 1456; x_wconf 85' lang='lat' dir='ltr'><strong>vitam</strong></span> 
     </span>
    </p>
   </div>
   <div class='ocr_carea' id='block_1_67' title="bbox 1114 1473 1898 1502">
    <p class='ocr_par' dir='ltr' id='par_1_67' title="bbox 1114 1473 1898 1502">
     <span class='ocr_line' id='line_1_67' title="bbox 1114 1473 1898 1502; baseline 0.001 -1"><span class='ocrx_word' id='word_1_444' title='bbox 1114 1474 1142 1501; x_wconf 91' lang='lat' dir='ltr'><strong>in</strong></span> <span class='ocrx_word' id='word_1_445' title='bbox 1159 1473 1306 1501; x_wconf 87' lang='lat' dir='ltr'><strong>solitudine</strong></span> <span class='ocrx_word' id='word_1_446' title='bbox 1321 1474 1501 1501; x_wconf 81' lang='lat' dir='ltr'><strong>sanctissimis</strong></span> <span class='ocrx_word' id='word_1_447' title='bbox 1529 1473 1755 1502; x_wconf 86' lang='lat' dir='ltr'><strong>meditationibus</strong></span> <span class='ocrx_word' id='word_1_448' title='bbox 1776 1475 1898 1502; x_wconf 88' lang='lat' dir='ltr'><strong>deditam</strong></span> 
     </span>
    </p>
   </div>
   <div class='ocr_carea' id='block_1_68' title="bbox 1115 1519 1899 1555">
    <p class='ocr_par' dir='ltr' id='par_1_68' title="bbox 1115 1519 1899 1555">
     <span class='ocr_line' id='line_1_68' title="bbox 1115 1519 1899 1555; baseline 0.001 -9"><span class='ocrx_word' id='word_1_449' title='bbox 1115 1519 1263 1546; x_wconf 86' lang='lat' dir='ltr'><strong>consectati</strong></span> <span class='ocrx_word' id='word_1_450' title='bbox 1284 1519 1388 1546; x_wconf 88' lang='lat' dir='ltr'><strong>fuerint</strong></span> <span class='ocrx_word' id='word_1_451' title='bbox 1400 1519 1450 1554; x_wconf 86' lang='lat'>(6),</span> <span class='ocrx_word' id='word_1_452' title='bbox 1468 1519 1547 1546; x_wconf 90' lang='lat' dir='ltr'><strong>cuius</strong></span> <span class='ocrx_word' id='word_1_453' title='bbox 1572 1519 1690 1547; x_wconf 88' lang='lat' dir='ltr'><strong>instituti</strong></span> <span class='ocrx_word' id='word_1_454' title='bbox 1702 1521 1828 1555; x_wconf 87' lang='lat' dir='ltr'><strong>princeps</strong></span> <span class='ocrx_word' id='word_1_455' title='bbox 1839 1525 1899 1547; x_wconf 85' lang='lat' dir='ltr'><strong>erat</strong></span> 
     </span>
    </p>
   </div>
   <div class='ocr_carea' id='block_1_69' title="bbox 1114 1564 1898 1602">
    <p class='ocr_par' dir='ltr' id='par_1_69' title="bbox 1114 1564 1898 1602">
     <span class='ocr_line' id='line_1_69' title="bbox 1114 1564 1898 1602; baseline 0.001 -10"><span class='ocrx_word' id='word_1_456' title='bbox 1114 1564 1257 1597; x_wconf 84' lang='lat' dir='ltr'><strong>Antonius,</strong></span> <span class='ocrx_word' id='word_1_457' title='bbox 1271 1565 1346 1593; x_wconf 87' lang='lat' dir='ltr'><strong>credi</strong></span> <span class='ocrx_word' id='word_1_458' title='bbox 1357 1573 1412 1592; x_wconf 91' lang='lat' dir='ltr'><strong>non</strong></span> <span class='ocrx_word' id='word_1_459' title='bbox 1428 1565 1524 1600; x_wconf 87' lang='lat' dir='ltr'><strong>possit,</strong></span> <span class='ocrx_word' id='word_1_460' title='bbox 1539 1565 1572 1592; x_wconf 90' lang='lat' dir='ltr'><strong>ad</strong></span> <span class='ocrx_word' id='word_1_461' title='bbox 1584 1566 1703 1593; x_wconf 88' lang='lat' dir='ltr'><strong>eundem</strong></span> <span class='ocrx_word' id='word_1_462' title='bbox 1717 1574 1746 1593; x_wconf 86' lang='lat' dir='ltr'><strong>se</strong></span> <span class='ocrx_word' id='word_1_463' title='bbox 1759 1567 1898 1602; x_wconf 84' lang='lat' dir='ltr'><strong>recepisse</strong></span> 
     </span>
    </p>
   </div>
   <div class='ocr_carea' id='block_1_70' title="bbox 1114 1610 1899 1646">
    <p class='ocr_par' dir='ltr' id='par_1_70' title="bbox 1114 1610 1899 1646">
     <span class='ocr_line' id='line_1_70' title="bbox 1114 1610 1899 1646; baseline 0.003 -8"><span class='ocrx_word' id='word_1_464' title='bbox 1114 1611 1188 1638; x_wconf 86' lang='lat' dir='ltr'><strong>viros</strong></span> <span class='ocrx_word' id='word_1_465' title='bbox 1200 1610 1266 1638; x_wconf 89' lang='lat' dir='ltr'><strong>istos</strong></span> <span class='ocrx_word' id='word_1_466' title='bbox 1278 1610 1439 1645; x_wconf 88' lang='lat' dir='ltr'><strong>disciplinae</strong></span> <span class='ocrx_word' id='word_1_467' title='bbox 1453 1611 1591 1646; x_wconf 82' lang='lat' dir='ltr'><strong>rigidioris</strong></span> <span class='ocrx_word' id='word_1_468' title='bbox 1603 1612 1826 1645; x_wconf 87' lang='lat' dir='ltr'><strong>studiosissimos,</strong></span> <span class='ocrx_word' id='word_1_469' title='bbox 1842 1617 1899 1640; x_wconf 88' lang='lat' dir='ltr'><strong>uta</strong></span> 
     </span>
    </p>
   </div>
   <div class='ocr_carea' id='block_1_71' title="bbox 1114 1656 1900 1694">
    <p class='ocr_par' dir='ltr' id='par_1_71' title="bbox 1114 1656 1900 1694">
     <span class='ocr_line' id='line_1_71' title="bbox 1114 1656 1900 1694; baseline 0.003 -11"><span class='ocrx_word' id='word_1_470' title='bbox 1114 1657 1174 1684; x_wconf 91' lang='lat' dir='ltr'><strong>viro</strong></span> <span class='ocrx_word' id='word_1_471' title='bbox 1187 1656 1337 1684; x_wconf 89' lang='lat' dir='ltr'><strong>sanctitatis</strong></span> <span class='ocrx_word' id='word_1_472' title='bbox 1355 1657 1483 1692; x_wconf 86' lang='lat' dir='ltr'><strong>opinione</strong></span> <span class='ocrx_word' id='word_1_473' title='bbox 1499 1657 1574 1684; x_wconf 89' lang='lat' dir='ltr'><strong>claro</strong></span> <span class='ocrx_word' id='word_1_474' title='bbox 1596 1657 1624 1684; x_wconf 91' lang='lat' dir='ltr'><strong>in</strong></span> <span class='ocrx_word' id='word_1_475' title='bbox 1636 1665 1678 1690; x_wconf 90' lang='lat' dir='ltr'><strong>eo,</strong></span> <span class='ocrx_word' id='word_1_476' title='bbox 1709 1657 1783 1694; x_wconf 81' lang='lat' dir='ltr'><strong>quod</strong></span> <span class='ocrx_word' id='word_1_477' title='bbox 1806 1665 1900 1686; x_wconf 80' lang='lat' dir='ltr'><strong>susce-</strong></span> 
     </span>
    </p>
   </div>
   <div class='ocr_carea' id='block_1_72' title="bbox 1115 1702 1710 1738">
    <p class='ocr_par' dir='ltr' id='par_1_72' title="bbox 1115 1702 1710 1738">
     <span class='ocr_line' id='line_1_72' title="bbox 1115 1702 1710 1738; baseline 0.003 -10"><span class='ocrx_word' id='word_1_478' title='bbox 1115 1707 1221 1737; x_wconf 89' lang='lat' dir='ltr'><strong>perant,</strong></span> <span class='ocrx_word' id='word_1_479' title='bbox 1237 1702 1308 1730; x_wconf 87' lang='lat' dir='ltr'><strong>vitae</strong></span> <span class='ocrx_word' id='word_1_480' title='bbox 1320 1703 1460 1738; x_wconf 89' lang='lat' dir='ltr'><strong>proposito</strong></span> <span class='ocrx_word' id='word_1_481' title='bbox 1472 1702 1710 1730; x_wconf 85' lang='lat' dir='ltr'><strong>conﬁrmarentur.</strong></span> 
     </span>
    </p>
   </div>
   <div class='ocr_carea' id='block_1_73' title="bbox 1150 1747 1900 1783">
    <p class='ocr_par' dir='ltr' id='par_1_73' title="bbox 1150 1747 1900 1783">
     <span class='ocr_line' id='line_1_73' title="bbox 1150 1747 1900 1783; baseline 0.003 -9"><span class='ocrx_word' id='word_1_482' title='bbox 1150 1747 1192 1775; x_wconf 88' lang='lat' dir='ltr'><strong>IV.</strong></span> <span class='ocrx_word' id='word_1_483' title='bbox 1209 1747 1260 1774; x_wconf 91' lang='lat' dir='ltr'><strong>Sed</strong></span> <span class='ocrx_word' id='word_1_484' title='bbox 1272 1751 1392 1782; x_wconf 83' lang='lat' dir='ltr'><strong>praestat</strong></span> <span class='ocrx_word' id='word_1_485' title='bbox 1408 1748 1530 1783; x_wconf 77' lang='lat' dir='ltr'><strong>singulos</strong></span> <span class='ocrx_word' id='word_1_486' title='bbox 1544 1748 1644 1775; x_wconf 88' lang='lat' dir='ltr'><strong>intueri</strong></span> <span class='ocrx_word' id='word_1_487' title='bbox 1656 1748 1822 1776; x_wconf 86' lang='lat' dir='ltr'><strong>distinctius.</strong></span> <span class='ocrx_word' id='word_1_488' title='bbox 1845 1748 1900 1776; x_wconf 81' lang='lat' dir='ltr'><strong>Ma-</strong></span> 
     </span>
    </p>
   </div>
   <div class='ocr_carea' id='block_1_74' title="bbox 1115 1793 1897 1829">
    <p class='ocr_par' dir='ltr' id='par_1_74' title="bbox 1115 1793 1897 1829">
     <span class='ocr_line' id='line_1_74' title="bbox 1115 1793 1897 1829; baseline 0.003 -9"><span class='ocrx_word' id='word_1_489' title='bbox 1115 1793 1205 1821; x_wconf 88' lang='lat' dir='ltr'><strong>carius</strong></span> <span class='ocrx_word' id='word_1_490' title='bbox 1217 1793 1309 1829; x_wconf 81' lang='lat' dir='ltr'><strong>igitur,</strong></span> <span class='ocrx_word' id='word_1_491' title='bbox 1328 1801 1408 1828; x_wconf 90' lang='lat' dir='ltr'><strong>quem</strong></span> <span class='ocrx_word' id='word_1_492' title='bbox 1420 1794 1581 1829; x_wconf 77' lang='lat' dir='ltr'><strong>Acgyptium</strong></span> <span class='ocrx_word' id='word_1_493' title='bbox 1596 1799 1622 1821; x_wconf 84' lang='lat' dir='ltr'><strong>et</strong></span> <span class='ocrx_word' id='word_1_494' title='bbox 1636 1795 1772 1822; x_wconf 86' lang='lat' dir='ltr'><strong>seniorem</strong></span> <span class='ocrx_word' id='word_1_495' title='bbox 1794 1795 1897 1828; x_wconf 87' lang='lat' dir='ltr'><strong>dicunt,</strong></span> 
     </span>
    </p>
   </div>
   <div class='ocr_carea' id='block_1_75' title="bbox 1115 1839 1898 1875">
    <p class='ocr_par' dir='ltr' id='par_1_75' title="bbox 1115 1839 1898 1875">
     <span class='ocr_line' id='line_1_75' title="bbox 1115 1839 1898 1875; baseline 0.001 -9"><span class='ocrx_word' id='word_1_496' title='bbox 1115 1847 1130 1866; x_wconf 90' lang='lat' dir='ltr'><strong>e</strong></span> <span class='ocrx_word' id='word_1_497' title='bbox 1143 1840 1255 1875; x_wconf 79' lang='lat' dir='ltr'><strong>regione</strong></span> <span class='ocrx_word' id='word_1_498' title='bbox 1265 1839 1403 1866; x_wconf 88' lang='lat' dir='ltr'><strong>Thebaide</strong></span> <span class='ocrx_word' id='word_1_499' title='bbox 1425 1847 1501 1866; x_wconf 89' lang='lat' dir='ltr'><strong>suam</strong></span> <span class='ocrx_word' id='word_1_500' title='bbox 1526 1840 1608 1866; x_wconf 78' lang='lat' dir='ltr'><strong>traxit</strong></span> <span class='ocrx_word' id='word_1_501' title='bbox 1619 1840 1751 1875; x_wconf 74' lang='lat' dir='ltr'><strong>originem</strong></span> <span class='ocrx_word' id='word_1_502' title='bbox 1772 1841 1822 1875; x_wconf 88' lang='lat'><strong>(7).</strong></span> <span class='ocrx_word' id='word_1_503' title='bbox 1835 1840 1898 1867; x_wconf 77' lang='lat' dir='ltr'><strong>Flo-</strong></span> 
     </span>
    </p>
   </div>
   <div class='ocr_carea' id='block_1_76' title="bbox 1115 1885 1900 1919">
    <p class='ocr_par' dir='ltr' id='par_1_76' title="bbox 1115 1885 1900 1919">
     <span class='ocr_line' id='line_1_76' title="bbox 1115 1885 1900 1919; baseline 0.001 -7"><span class='ocrx_word' id='word_1_504' title='bbox 1115 1890 1192 1912; x_wconf 87' lang='lat' dir='ltr'><strong>rente</strong></span> <span class='ocrx_word' id='word_1_505' title='bbox 1206 1885 1260 1912; x_wconf 89' lang='lat' dir='ltr'><strong>iam</strong></span> <span class='ocrx_word' id='word_1_506' title='bbox 1288 1889 1378 1912; x_wconf 87' lang='lat' dir='ltr'><strong>aetate</strong></span> <span class='ocrx_word' id='word_1_507' title='bbox 1400 1889 1499 1912; x_wconf 86' lang='lat' dir='ltr'><strong>etcum</strong></span> <span class='ocrx_word' id='word_1_508' title='bbox 1518 1885 1608 1913; x_wconf 89' lang='lat' dir='ltr'><strong>adhuc</strong></span> <span class='ocrx_word' id='word_1_509' title='bbox 1618 1889 1690 1913; x_wconf 90' lang='lat' dir='ltr'><strong>esset</strong></span> <span class='ocrx_word' id='word_1_510' title='bbox 1712 1886 1830 1919; x_wconf 86' lang='lat' dir='ltr'><strong>iuvenis,</strong></span> <span class='ocrx_word' id='word_1_511' title='bbox 1844 1887 1900 1913; x_wconf 88' lang='lat' dir='ltr'><strong>vir-</strong></span> 
     </span>
    </p>
   </div>
   <div class='ocr_carea' id='block_1_77' title="bbox 1115 1929 1899 1964">
    <p class='ocr_par' dir='ltr' id='par_1_77' title="bbox 1115 1929 1899 1964">
     <span class='ocr_line' id='line_1_77' title="bbox 1115 1929 1899 1964; baseline 0.001 -7"><span class='ocrx_word' id='word_1_512' title='bbox 1115 1930 1181 1957; x_wconf 87' lang='lat' dir='ltr'><strong>tutis</strong></span> <span class='ocrx_word' id='word_1_513' title='bbox 1195 1929 1317 1957; x_wconf 90' lang='lat' dir='ltr'><strong>studium</strong></span> <span class='ocrx_word' id='word_1_514' title='bbox 1337 1929 1564 1964; x_wconf 87' lang='lat' dir='ltr'><strong>amplectebatur,</strong></span> <span class='ocrx_word' id='word_1_515' title='bbox 1579 1934 1688 1964; x_wconf 90' lang='lat' dir='ltr'><strong>tamque</strong></span> <span class='ocrx_word' id='word_1_516' title='bbox 1702 1935 1812 1958; x_wconf 84' lang='lat' dir='ltr'><strong>austero</strong></span> <span class='ocrx_word' id='word_1_517' title='bbox 1826 1931 1899 1959; x_wconf 82' lang='lat' dir='ltr'><strong>vitae</strong></span> 
     </span>
    </p>
   </div>
   <div class='ocr_carea' id='block_1_78' title="bbox 1115 1975 1901 2011">
    <p class='ocr_par' dir='ltr' id='par_1_78' title="bbox 1115 1975 1901 2011">
     <span class='ocr_line' id='line_1_78' title="bbox 1115 1975 1901 2011; baseline 0.003 -9"><span class='ocrx_word' id='word_1_518' title='bbox 1115 1975 1208 2011; x_wconf 81' lang='lat' dir='ltr'><strong>generi</strong></span> <span class='ocrx_word' id='word_1_519' title='bbox 1218 1975 1300 2002; x_wconf 89' lang='lat' dir='ltr'><strong>dabat</strong></span> <span class='ocrx_word' id='word_1_520' title='bbox 1310 1983 1432 2010; x_wconf 86' lang='lat' dir='ltr'><strong>operam,</strong></span> <span class='ocrx_word' id='word_1_521' title='bbox 1450 1981 1480 2002; x_wconf 88' lang='lat' dir='ltr'><strong>ut</strong></span> <span class='ocrx_word' id='word_1_522' title='bbox 1492 1975 1708 2011; x_wconf 78' lang='grc' dir='ltr'><strong>παιδαριογέρων</strong></span> <span class='ocrx_word' id='word_1_523' title='bbox 1731 1984 1746 2003; x_wconf 90' lang='lat' dir='ltr'><strong>a</strong></span> <span class='ocrx_word' id='word_1_524' title='bbox 1758 1977 1901 2005; x_wconf 85' lang='lat' dir='ltr'><strong>monachis</strong></span> 
     </span>
    </p>
   </div>
   <div class='ocr_carea' id='block_1_79' title="bbox 1116 2019 1901 2055">
    <p class='ocr_par' dir='ltr' id='par_1_79' title="bbox 1116 2019 1901 2055">
     <span class='ocr_line' id='line_1_79' title="bbox 1116 2019 1901 2055; baseline 0 -7"><span class='ocrx_word' id='word_1_525' title='bbox 1116 2020 1331 2055; x_wconf 87' lang='lat' dir='ltr'><strong>appellitaretur.</strong></span> <span class='ocrx_word' id='word_1_526' title='bbox 1351 2019 1419 2047; x_wconf 91' lang='lat' dir='ltr'><strong>Cum</strong></span> <span class='ocrx_word' id='word_1_527' title='bbox 1442 2019 1487 2047; x_wconf 77' lang='lat' dir='ltr'><strong>XL</strong></span> <span class='ocrx_word' id='word_1_528' title='bbox 1501 2020 1554 2047; x_wconf 90' lang='lat' dir='ltr'><strong>iam</strong></span> <span class='ocrx_word' id='word_1_529' title='bbox 1573 2027 1660 2047; x_wconf 89' lang='lat' dir='ltr'><strong>annos</strong></span> <span class='ocrx_word' id='word_1_530' title='bbox 1671 2026 1752 2048; x_wconf 86' lang='lat' dir='ltr'><strong>natus</strong></span> <span class='ocrx_word' id='word_1_531' title='bbox 1775 2027 1858 2053; x_wconf 86' lang='lat' dir='ltr'><strong>esset,</strong></span> <span class='ocrx_word' id='word_1_532' title='bbox 1872 2021 1901 2048; x_wconf 90' lang='lat' dir='ltr'><strong>in</strong></span> 
     </span>
    </p>
   </div>
   <div class='ocr_carea' id='block_1_80' title="bbox 1113 2065 1903 2102">
    <p class='ocr_par' dir='ltr' id='par_1_80' title="bbox 1113 2065 1903 2102">
     <span class='ocr_line' id='line_1_80' title="bbox 1113 2065 1903 2102; baseline 0.004 -11"><span class='ocrx_word' id='word_1_533' title='bbox 1113 2065 1301 2100; x_wconf 77' lang='lat' dir='ltr'><strong>presbyterum</strong></span> <span class='ocrx_word' id='word_1_534' title='bbox 1317 2068 1491 2092; x_wconf 82' lang='lat' dir='ltr'><strong>consecratus</strong></span> <span class='ocrx_word' id='word_1_535' title='bbox 1501 2069 1551 2092; x_wconf 85' lang='lat' dir='ltr'><strong>est.</strong></span> <span class='ocrx_word' id='word_1_536' title='bbox 1565 2065 1612 2092; x_wconf 78' lang='lat' dir='ltr'><strong>LX</strong></span> <span class='ocrx_word' id='word_1_537' title='bbox 1623 2074 1689 2093; x_wconf 87' lang='lat' dir='ltr'><strong>vero</strong></span> <span class='ocrx_word' id='word_1_538' title='bbox 1712 2075 1798 2094; x_wconf 87' lang='lat' dir='ltr'><strong>annos</strong></span> <span class='ocrx_word' id='word_1_539' title='bbox 1812 2067 1903 2102; x_wconf 77' lang='lat' dir='ltr'><strong>exegit</strong></span> 
     </span>
    </p>
   </div>
   <div class='ocr_carea' id='block_1_81' title="bbox 1113 2110 1902 2146">
    <p class='ocr_par' dir='ltr' id='par_1_81' title="bbox 1113 2110 1902 2146">
     <span class='ocr_line' id='line_1_81' title="bbox 1113 2110 1902 2146; baseline 0.005 -9"><span class='ocrx_word' id='word_1_540' title='bbox 1113 2110 1141 2137; x_wconf 92' lang='lat' dir='ltr'><strong>in</strong></span> <span class='ocrx_word' id='word_1_541' title='bbox 1153 2110 1309 2144; x_wconf 87' lang='lat' dir='ltr'><strong>solitudine;</strong></span> <span class='ocrx_word' id='word_1_542' title='bbox 1321 2110 1484 2146; x_wconf 86' lang='lat' dir='ltr'><strong>demumque</strong></span> <span class='ocrx_word' id='word_1_543' title='bbox 1491 2119 1552 2138; x_wconf 91' lang='lat' dir='ltr'><strong>cum</strong></span> <span class='ocrx_word' id='word_1_544' title='bbox 1562 2111 1607 2139; x_wconf 82' lang='lat' dir='ltr'><strong>XC</strong></span> <span class='ocrx_word' id='word_1_545' title='bbox 1618 2120 1704 2140; x_wconf 87' lang='lat' dir='ltr'><strong>annos</strong></span> <span class='ocrx_word' id='word_1_546' title='bbox 1717 2112 1833 2140; x_wconf 89' lang='lat' dir='ltr'><strong>vivendo</strong></span> <span class='ocrx_word' id='word_1_547' title='bbox 1843 2113 1902 2141; x_wconf 87' lang='lat' dir='ltr'><strong>fere</strong></span> 
     </span>
    </p>
   </div>
   <div class='ocr_carea' id='block_1_82' title="bbox 1113 2156 1902 2192">
    <p class='ocr_par' dir='ltr' id='par_1_82' title="bbox 1113 2156 1902 2192">
     <span class='ocr_line' id='line_1_82' title="bbox 1113 2156 1902 2192; baseline 0.004 -9"><span class='ocrx_word' id='word_1_548' title='bbox 1113 2156 1288 2190; x_wconf 82' lang='lat' dir='ltr'><strong>explevisset,</strong></span> <span class='ocrx_word' id='word_1_549' title='bbox 1301 2156 1418 2183; x_wconf 87' lang='lat' dir='ltr'><strong>animam</strong></span> <span class='ocrx_word' id='word_1_550' title='bbox 1438 2164 1526 2190; x_wconf 90' lang='lat' dir='ltr'><strong>suam,</strong></span> <span class='ocrx_word' id='word_1_551' title='bbox 1555 2158 1697 2192; x_wconf 86' lang='lat' dir='ltr'><strong>corporeis</strong></span> <span class='ocrx_word' id='word_1_552' title='bbox 1725 2158 1843 2186; x_wconf 89' lang='lat' dir='ltr'><strong>vinculis</strong></span> <span class='ocrx_word' id='word_1_553' title='bbox 1866 2159 1902 2186; x_wconf 88' lang='lat' dir='ltr'><strong>li—</strong></span> 
     </span>
    </p>
   </div>
   <div class='ocr_carea' id='block_1_83' title="bbox 1114 2202 1903 2234">
    <p class='ocr_par' dir='ltr' id='par_1_83' title="bbox 1114 2202 1903 2234">
     <span class='ocr_line' id='line_1_83' title="bbox 1114 2202 1903 2234; baseline 0.005 -6"><span class='ocrx_word' id='word_1_554' title='bbox 1114 2202 1222 2234; x_wconf 86' lang='lat' dir='ltr'><strong>beram,</strong></span> <span class='ocrx_word' id='word_1_555' title='bbox 1237 2202 1293 2229; x_wconf 90' lang='lat' dir='ltr'><strong>Deo</strong></span> <span class='ocrx_word' id='word_1_556' title='bbox 1304 2202 1425 2230; x_wconf 87' lang='lat' dir='ltr'><strong>reddidit</strong></span> <span class='ocrx_word' id='word_1_557' title='bbox 1444 2203 1516 2230; x_wconf 87' lang='lat' dir='ltr'><strong>circa</strong></span> <span class='ocrx_word' id='word_1_558' title='bbox 1533 2210 1634 2230; x_wconf 89' lang='lat' dir='ltr'><strong>annum</strong></span> <span class='ocrx_word' id='word_1_559' title='bbox 1649 2203 1781 2232; x_wconf 77' lang='lat' dir='ltr'><strong>CCCXC].</strong></span> <span class='ocrx_word' id='word_1_560' title='bbox 1811 2205 1903 2232; x_wconf 84' lang='lat' dir='ltr'><strong>Multis</strong></span> 
     </span>
    </p>
   </div>
   <div class='ocr_carea' id='block_1_84' title="bbox 1116 2247 1903 2284">
    <p class='ocr_par' dir='ltr' id='par_1_84' title="bbox 1116 2247 1903 2284">
     <span class='ocr_line' id='line_1_84' title="bbox 1116 2247 1903 2284; baseline 0.004 -10"><span class='ocrx_word' id='word_1_561' title='bbox 1116 2247 1256 2275; x_wconf 89' lang='lat' dir='ltr'><strong>miraculis</strong></span> <span class='ocrx_word' id='word_1_562' title='bbox 1268 2247 1401 2283; x_wconf 77' lang='lat' dir='ltr'><strong>insignem</strong></span> <span class='ocrx_word' id='word_1_563' title='bbox 1416 2248 1501 2275; x_wconf 86' lang='lat' dir='ltr'><strong>fuisse</strong></span> <span class='ocrx_word' id='word_1_564' title='bbox 1511 2249 1745 2283; x_wconf 89' lang='lat' dir='ltr'><strong>produntomnes,</strong></span> <span class='ocrx_word' id='word_1_565' title='bbox 1763 2250 1809 2284; x_wconf 86' lang='lat' dir='ltr'><strong>qui</strong></span> <span class='ocrx_word' id='word_1_566' title='bbox 1821 2250 1855 2277; x_wconf 87' lang='lat' dir='ltr'><strong>de</strong></span> <span class='ocrx_word' id='word_1_567' title='bbox 1869 2257 1903 2277; x_wconf 92' lang='lat' dir='ltr'><strong>eo</strong></span> 
     </span>
    </p>
   </div>
   <div class='ocr_carea' id='block_1_85' title="bbox 1117 2294 1904 2331">
    <p class='ocr_par' dir='ltr' id='par_1_85' title="bbox 1117 2294 1904 2331">
     <span class='ocr_line' id='line_1_85' title="bbox 1117 2294 1904 2331; baseline 0.003 -9"><span class='ocrx_word' id='word_1_568' title='bbox 1117 2294 1221 2322; x_wconf 89' lang='lat' dir='ltr'><strong>faciunt</strong></span> <span class='ocrx_word' id='word_1_569' title='bbox 1236 2295 1405 2327; x_wconf 86' lang='lat' dir='ltr'><strong>memoriam,</strong></span> <span class='ocrx_word' id='word_1_570' title='bbox 1418 2294 1599 2331; x_wconf 75' lang='lat' dir='ltr'><strong>Hieronymus</strong></span> <span class='ocrx_word' id='word_1_571' title='bbox 1611 2295 1755 2331; x_wconf 88' lang='lat' dir='ltr'><strong>imprimis,</strong></span> <span class='ocrx_word' id='word_1_572' title='bbox 1766 2296 1904 2324; x_wconf 83' lang='lat' dir='ltr'><strong>Palladius</strong></span> 
     </span>
    </p>
   </div>
   <div class='ocr_carea' id='block_1_86' title="bbox 1118 2340 1396 2376">
    <p class='ocr_par' dir='ltr' id='par_1_86' title="bbox 1118 2340 1396 2376">
     <span class='ocr_line' id='line_1_86' title="bbox 1118 2340 1396 2376; baseline -0.004 -8"><span class='ocrx_word' id='word_1_573' title='bbox 1118 2348 1150 2368; x_wconf 87' lang='lat' dir='ltr'><strong>ac</strong></span> <span class='ocrx_word' id='word_1_574' title='bbox 1166 2340 1332 2368; x_wconf 87' lang='lat' dir='ltr'><strong>Sozomenus</strong></span> <span class='ocrx_word' id='word_1_575' title='bbox 1347 2340 1396 2376; x_wconf 91' lang='lat'><strong>(8).</strong></span> 
     </span>
    </p>
   </div>
   <div class='ocr_carea' id='block_1_87' title="bbox 1152 2386 1904 2422">
    <p class='ocr_par' dir='ltr' id='par_1_87' title="bbox 1152 2386 1904 2422">
     <span class='ocr_line' id='line_1_87' title="bbox 1152 2386 1904 2422; baseline 0.003 -9"><span class='ocrx_word' id='word_1_576' title='bbox 1152 2386 1185 2414; x_wconf 89' lang='lat' dir='ltr'><strong>V.</strong></span> <span class='ocrx_word' id='word_1_577' title='bbox 1212 2386 1287 2414; x_wconf 88' lang='lat' dir='ltr'><strong>Solet</strong></span> <span class='ocrx_word' id='word_1_578' title='bbox 1310 2391 1454 2422; x_wconf 81' lang='lat' dir='ltr'><strong>praeterea</strong></span> <span class='ocrx_word' id='word_1_579' title='bbox 1476 2386 1697 2422; x_wconf 85' lang='lat' dir='ltr'><strong>frequentissime</strong></span> <span class='ocrx_word' id='word_1_580' title='bbox 1722 2388 1827 2415; x_wconf 89' lang='lat' dir='ltr'><strong>nomini</strong></span> <span class='ocrx_word' id='word_1_581' title='bbox 1842 2388 1904 2415; x_wconf 87' lang='lat' dir='ltr'><strong>eius</strong></span> 
     </span>
    </p>
   </div>
   <div class='ocr_carea' id='block_1_88' title="bbox 1118 2431 1904 2469">
    <p class='ocr_par' dir='ltr' id='par_1_88' title="bbox 1118 2431 1904 2469">
     <span class='ocr_line' id='line_1_88' title="bbox 1118 2431 1904 2469; baseline 0.004 -11"><span class='ocrx_word' id='word_1_582' title='bbox 1118 2431 1208 2467; x_wconf 78' lang='lat' dir='ltr'><strong>Magni</strong></span> <span class='ocrx_word' id='word_1_583' title='bbox 1218 2439 1368 2466; x_wconf 81' lang='lat' dir='ltr'><strong>cognomen</strong></span> <span class='ocrx_word' id='word_1_584' title='bbox 1383 2431 1457 2464; x_wconf 86' lang='lat' dir='ltr'><strong>addi,</strong></span> <span class='ocrx_word' id='word_1_585' title='bbox 1478 2432 1560 2460; x_wconf 89' lang='lat' dir='ltr'><strong>credo</strong></span> <span class='ocrx_word' id='word_1_586' title='bbox 1577 2440 1633 2460; x_wconf 92' lang='lat' dir='ltr'><strong>non</strong></span> <span class='ocrx_word' id='word_1_587' title='bbox 1654 2433 1806 2461; x_wconf 84' lang='lat' dir='ltr'><strong>imitatione</strong></span> <span class='ocrx_word' id='word_1_588' title='bbox 1821 2434 1826 2469; x_wconf 69' lang='grc' dir='ltr'><strong><em>ι</em></strong></span> <span class='ocrx_word' id='word_1_589' title='bbox 1843 2438 1904 2461; x_wconf 87' lang='lat' dir='ltr'><strong>tan—</strong></span> 
     </span>
    </p>
   </div>
   <div class='ocr_carea' id='block_1_89' title="bbox 1119 2477 1906 2514">
    <p class='ocr_par' dir='ltr' id='par_1_89' title="bbox 1119 2477 1906 2514">
     <span class='ocr_line' id='line_1_89' title="bbox 1119 2477 1906 2514; baseline 0 -9"><span class='ocrx_word' id='word_1_590' title='bbox 1119 2481 1177 2505; x_wconf 86' lang='lat' dir='ltr'><strong>tum</strong></span> <span class='ocrx_word' id='word_1_591' title='bbox 1186 2477 1275 2513; x_wconf 81' lang='lat' dir='ltr'><strong>magni</strong></span> <span class='ocrx_word' id='word_1_592' title='bbox 1288 2477 1362 2505; x_wconf 87' lang='lat' dir='ltr'><strong>illius</strong></span> <span class='ocrx_word' id='word_1_593' title='bbox 1372 2477 1494 2511; x_wconf 89' lang='lat' dir='ltr'><strong>Antonii,</strong></span> <span class='ocrx_word' id='word_1_594' title='bbox 1507 2485 1589 2513; x_wconf 88' lang='lat' dir='ltr'><strong>quem</strong></span> <span class='ocrx_word' id='word_1_595' title='bbox 1602 2478 1661 2505; x_wconf 85' lang='lat' dir='ltr'><strong>sine</strong></span> <span class='ocrx_word' id='word_1_596' title='bbox 1673 2478 1767 2506; x_wconf 89' lang='lat' dir='ltr'><strong>addito</strong></span> <span class='ocrx_word' id='word_1_597' title='bbox 1777 2478 1906 2514; x_wconf 71' lang='lat' dir='ltr'><strong>Magnum</strong></span> 
     </span>
    </p>
   </div>
   <div class='ocr_carea' id='block_1_90' title="bbox 1118 2523 1905 2559">
    <p class='ocr_par' dir='ltr' id='par_1_90' title="bbox 1118 2523 1905 2559">
     <span class='ocr_line' id='line_1_90' title="bbox 1118 2523 1905 2559; baseline 0 -8"><span class='ocrx_word' id='word_1_598' title='bbox 1118 2531 1217 2551; x_wconf 86' lang='lat' dir='ltr'><strong>vocare</strong></span> <span class='ocrx_word' id='word_1_599' title='bbox 1246 2523 1382 2556; x_wconf 86' lang='lat' dir='ltr'><strong>solebant,</strong></span> <span class='ocrx_word' id='word_1_600' title='bbox 1403 2527 1444 2556; x_wconf 83' lang='lat' dir='ltr'><strong>ut,</strong></span> <span class='ocrx_word' id='word_1_601' title='bbox 1462 2531 1525 2550; x_wconf 91' lang='lat' dir='ltr'><strong>cum</strong></span> <span class='ocrx_word' id='word_1_602' title='bbox 1550 2523 1684 2551; x_wconf 84' lang='lat' dir='ltr'><strong>Macarius</strong></span> <span class='ocrx_word' id='word_1_603' title='bbox 1702 2523 1755 2559; x_wconf 88' lang='lat' dir='ltr'><strong>ipsi</strong></span> <span class='ocrx_word' id='word_1_604' title='bbox 1780 2524 1809 2550; x_wconf 91' lang='lat' dir='ltr'><strong>in</strong></span> <span class='ocrx_word' id='word_1_605' title='bbox 1829 2525 1905 2552; x_wconf 90' lang='lat' dir='ltr'><strong>omni</strong></span> 
     </span>
    </p>
   </div>
   <div class='ocr_carea' id='block_1_91' title="bbox 1118 2568 1906 2604">
    <p class='ocr_par' dir='ltr' id='par_1_91' title="bbox 1118 2568 1906 2604">
     <span class='ocr_line' id='line_1_91' title="bbox 1118 2568 1906 2604; baseline 0.001 -7"><span class='ocrx_word' id='word_1_606' title='bbox 1118 2569 1200 2597; x_wconf 88' lang='lat' dir='ltr'><strong>laude</strong></span> <span class='ocrx_word' id='word_1_607' title='bbox 1220 2574 1293 2597; x_wconf 87' lang='lat' dir='ltr'><strong>esset</strong></span> <span class='ocrx_word' id='word_1_608' title='bbox 1311 2568 1597 2601; x_wconf 87' lang='lat' dir='ltr'><strong>simillimus,_eodem</strong></span> <span class='ocrx_word' id='word_1_609' title='bbox 1620 2576 1730 2604; x_wconf 86' lang='lat' dir='ltr'><strong>quoque</strong></span> <span class='ocrx_word' id='word_1_610' title='bbox 1744 2577 1807 2597; x_wconf 86' lang='lat' dir='ltr'><strong>eum</strong></span> <span class='ocrx_word' id='word_1_611' title='bbox 1828 2574 1906 2598; x_wconf 90' lang='lat' dir='ltr'><strong>tanto</strong></span> 
     </span>
    </p>
   </div>
   <div class='ocr_carea' id='block_1_92' title="bbox 1119 2615 1905 2651">
    <p class='ocr_par' dir='ltr' id='par_1_92' title="bbox 1119 2615 1905 2651">
     <span class='ocr_line' id='line_1_92' title="bbox 1119 2615 1905 2651; baseline 0 -7"><span class='ocrx_word' id='word_1_612' title='bbox 1119 2621 1198 2651; x_wconf 86' lang='lat' dir='ltr'><strong>patre</strong></span> <span class='ocrx_word' id='word_1_613' title='bbox 1223 2616 1304 2644; x_wconf 86' lang='lat' dir='ltr'><strong>titulo</strong></span> <span class='ocrx_word' id='word_1_614' title='bbox 1323 2615 1521 2651; x_wconf 76' lang='lat' dir='ltr'><strong>insigniretur;</strong></span> <span class='ocrx_word' id='word_1_615' title='bbox 1552 2615 1602 2643; x_wconf 86' lang='lat' dir='ltr'><strong>sed</strong></span> <span class='ocrx_word' id='word_1_616' title='bbox 1623 2615 1760 2651; x_wconf 87' lang='lat' dir='ltr'><strong>imprimis</strong></span> <span class='ocrx_word' id='word_1_617' title='bbox 1785 2616 1814 2643; x_wconf 89' lang='lat' dir='ltr'><strong>id</strong></span> <span class='ocrx_word' id='word_1_618' title='bbox 1845 2617 1905 2644; x_wconf 79' lang='lat' dir='ltr'><strong>fieri</strong></span> 
     </span>
    </p>
   </div>
   <div class='ocr_carea' id='block_1_93' title="bbox 1030 2673 1156 2702">
    <p class='ocr_par' dir='ltr' id='par_1_93' title="bbox 1030 2673 1156 2702">
     <span class='ocr_line' id='line_1_93' title="bbox 1030 2673 1156 2702; baseline 0 -1"><span class='ocrx_word' id='word_1_619' title='bbox 1030 2673 1156 2702; x_wconf 85' lang='lat' dir='ltr'><strong>NOTAE.</strong></span> 
     </span>
    </p>
   </div>
   <div class='ocr_carea' id='block_1_94' title="bbox 317 2719 558 2791">
    <p class='ocr_par' dir='ltr' id='par_1_94' title="bbox 317 2719 558 2791">
     <span class='ocr_line' id='line_1_94' title="bbox 317 2719 558 2791; baseline 0 -44"><span class='ocrx_word' id='word_1_620' title='bbox 317 2719 357 2791; x_wconf 63' lang='lat'>(1)</span> <span class='ocrx_word' id='word_1_621' title='bbox 369 2719 418 2747; x_wconf 86' lang='lat' dir='ltr'><strong>Die</strong></span> <span class='ocrx_word' id='word_1_622' title='bbox 429 2727 475 2747; x_wconf 70' lang='lat' dir='ltr'><strong>xu:</strong></span> <span class='ocrx_word' id='word_1_623' title='bbox 497 2719 558 2748; x_wconf 81' lang='lat' dir='ltr'><strong>Jan.</strong></span> 
     </span>
     <span class='ocr_line' id='line_1_95' title="bbox 318 2755 550 2788; baseline 0.009 -7"><span class='ocrx_word' id='word_1_624' title='bbox 318 2756 345 2782; x_wconf 67' lang='grc' dir='ltr'><strong>(Ξ</strong></span> <span class='ocrx_word' id='word_1_625' title='bbox 369 2755 414 2783; x_wconf 89' lang='lat' dir='ltr'><strong>Sic</strong></span> <span class='ocrx_word' id='word_1_626' title='bbox 431 2755 550 2788; x_wconf 87' lang='lat' dir='ltr'><strong>Pritius;</strong></span> 
     </span>
    </p>
   </div>
   <div class='ocr_carea' id='block_1_95' title="bbox 284 2754 1069 2815">
    <p class='ocr_par' dir='ltr' id='par_1_95' title="bbox 284 2754 1069 2815">
     <span class='ocr_line' id='line_1_96' title="bbox 284 2754 1069 2815; baseline -0.001 -33"><span class='ocrx_word' id='word_1_627' title='bbox 284 2754 356 2815; x_wconf 50' lang='lat' dir='ltr'><strong>T0?)</strong></span> <span class='ocrx_word' id='word_1_628' title='bbox 369 2755 414 2783; x_wconf 88' lang='lat' dir='ltr'><strong>Sic</strong></span> <span class='ocrx_word' id='word_1_629' title='bbox 431 2755 550 2788; x_wconf 88' lang='lat' dir='ltr'><strong>Pritius;</strong></span> <span class='ocrx_word' id='word_1_630' title='bbox 565 2754 618 2790; x_wconf 81' lang='lat' dir='ltr'><strong>leg.</strong></span> <span class='ocrx_word' id='word_1_631' title='bbox 632 2763 700 2790; x_wconf 85' lang='lat' dir='ltr'><strong>quae</strong></span> <span class='ocrx_word' id='word_1_632' title='bbox 710 2763 756 2790; x_wconf 82' lang='lat' dir='ltr'><strong>per</strong></span> <span class='ocrx_word' id='word_1_633' title='bbox 770 2763 862 2782; x_wconf 79' lang='lat' dir='ltr'><strong>eorum</strong></span> <span class='ocrx_word' id='word_1_634' title='bbox 874 2763 978 2782; x_wconf 69' lang='lat' dir='ltr'><strong>manus.</strong></span> <span class='ocrx_word' id='word_1_635' title='bbox 997 2754 1069 2787; x_wconf 75' lang='lat' dir='ltr'><strong>lEot—</strong></span> 
     </span>
    </p>
   </div>
   <div class='ocr_carea' id='block_1_96' title="bbox 319 2824 932 2861">
    <p class='ocr_par' dir='ltr' id='par_1_96' title="bbox 319 2824 932 2861">
     <span class='ocr_line' id='line_1_97' title="bbox 319 2824 932 2861; baseline 0.003 -11"><span class='ocrx_word' id='word_1_636' title='bbox 319 2824 356 2861; x_wconf 82' lang='grc'><strong>(3)</strong></span> <span class='ocrx_word' id='word_1_637' title='bbox 371 2825 477 2861; x_wconf 21' lang='lat' dir='ltr'><strong>Socrart.</strong></span> <span class='ocrx_word' id='word_1_638' title='bbox 493 2824 561 2851; x_wconf 83' lang='lat' dir='ltr'><strong>Hist.</strong></span> <span class='ocrx_word' id='word_1_639' title='bbox 571 2824 677 2861; x_wconf 23' lang='lat' dir='ltr'><strong>AEccles.</strong></span> <span class='ocrx_word' id='word_1_640' title='bbox 697 2824 741 2851; x_wconf 82' lang='lat' dir='ltr'><strong>lib.</strong></span> <span class='ocrx_word' id='word_1_641' title='bbox 757 2825 796 2853; x_wconf 85' lang='lat' dir='ltr'><strong>IV</strong></span> <span class='ocrx_word' id='word_1_642' title='bbox 811 2833 869 2860; x_wconf 80' lang='lat' dir='ltr'><strong>cap.</strong></span> <span class='ocrx_word' id='word_1_643' title='bbox 887 2825 932 2852; x_wconf 67' lang='grc'><strong>23.</strong></span> 
     </span>
    </p>
   </div>
   <div class='ocr_carea' id='block_1_97' title="bbox 320 2859 611 2894">
    <p class='ocr_par' dir='ltr' id='par_1_97' title="bbox 320 2859 611 2894">
     <span class='ocr_line' id='line_1_98' title="bbox 320 2859 611 2894; baseline -0.003 -8"><span class='ocrx_word' id='word_1_644' title='bbox 320 2859 356 2894; x_wconf 66' lang='grc'><strong>(4)</strong></span> <span class='ocrx_word' id='word_1_645' title='bbox 370 2860 471 2886; x_wconf 84' lang='lat' dir='ltr'><strong>Pallad.</strong></span> <span class='ocrx_word' id='word_1_646' title='bbox 491 2869 551 2894; x_wconf 81' lang='lat' dir='ltr'><strong>cap.</strong></span> <span class='ocrx_word' id='word_1_647' title='bbox 567 2859 611 2886; x_wconf 72' lang='grc'><strong>20.</strong></span> 
     </span>
    </p>
   </div>
   <div class='ocr_carea' id='block_1_98' title="bbox 316 2864 1060 2930">
    <p class='ocr_par' dir='ltr' id='par_1_98' title="bbox 316 2864 1060 2930">
     <span class='ocr_line' id='line_1_99' title="bbox 320 2864 611 2894; baseline -0.003 -8"><span class='ocrx_word' id='word_1_648' title='bbox 320 2864 346 2891; x_wconf 64' lang='grc'><strong>(4</strong></span> <span class='ocrx_word' id='word_1_649' title='bbox 371 2864 471 2886; x_wconf 78' lang='lat' dir='ltr'><strong>Pallad.</strong></span> <span class='ocrx_word' id='word_1_650' title='bbox 491 2869 551 2894; x_wconf 80' lang='lat' dir='ltr'><strong>cap.</strong></span> <span class='ocrx_word' id='word_1_651' title='bbox 567 2864 611 2886; x_wconf 77' lang='grc'><strong>⁸20.</strong></span> 
     </span>
     <span class='ocr_line' id='line_1_100' title="bbox 316 2864 1060 2930; baseline 0.003 -10"><span class='ocrx_word' id='word_1_652' title='bbox 316 2864 356 2930; x_wconf 51' lang='grc' dir='ltr'><strong>(δέ</strong></span> <span class='ocrx_word' id='word_1_653' title='bbox 369 2895 466 2922; x_wconf 84' lang='lat' dir='ltr'><strong>Petrus</strong></span> <span class='ocrx_word' id='word_1_654' title='bbox 488 2895 618 2923; x_wconf 80' lang='lat' dir='ltr'><strong>Pessinus</strong></span> <span class='ocrx_word' id='word_1_655' title='bbox 629 2895 778 2930; x_wconf 79' lang='lat' dir='ltr'><strong>Prolegom.</strong></span> <span class='ocrx_word' id='word_1_656' title='bbox 793 2896 819 2923; x_wconf 89' lang='lat' dir='ltr'><strong>in</strong></span> <span class='ocrx_word' id='word_1_657' title='bbox 834 2895 957 2924; x_wconf 83' lang='lat' dir='ltr'><strong>Thesanr.</strong></span> <span class='ocrx_word' id='word_1_658' title='bbox 972 2895 1060 2922; x_wconf 71' lang='grc' dir='ltr'><strong>Αεερι.</strong></span> 
     </span>
    </p>
   </div>
   <div class='ocr_carea' id='block_1_99' title="bbox 1158 2754 1817 2826">
    <p class='ocr_par' dir='ltr' id='par_1_99' title="bbox 1158 2754 1817 2826">
     <span class='ocr_line' id='line_1_101' title="bbox 1170 2754 1546 2790; baseline -0.003 -8"><span class='ocrx_word' id='word_1_659' title='bbox 1170 2754 1197 2789; x_wconf 83' lang='lat'>6)</span> <span class='ocrx_word' id='word_1_660' title='bbox 1213 2754 1282 2783; x_wconf 86' lang='lat' dir='ltr'><strong>Vide</strong></span> <span class='ocrx_word' id='word_1_661' title='bbox 1294 2755 1364 2782; x_wconf 89' lang='lat' dir='ltr'><strong>infra</strong></span> <span class='ocrx_word' id='word_1_662' title='bbox 1373 2763 1399 2790; x_wconf 91' lang='lat' dir='ltr'><strong>p.</strong></span> <span class='ocrx_word' id='word_1_663' title='bbox 1413 2754 1473 2782; x_wconf 68' lang='lat'><strong>156.</strong></span> <span class='ocrx_word' id='word_1_664' title='bbox 1484 2754 1546 2782; x_wconf 68' lang='grc'><strong>245.</strong></span> 
     </span>
     <span class='ocr_line' id='line_1_102' title="bbox 1158 2755 1817 2826; baseline -0.006 -8"><span class='ocrx_word' id='word_1_665' title='bbox 1158 2755 1207 2826; x_wconf 48' lang='grc' dir='ltr'>δη</span> <span class='ocrx_word' id='word_1_666' title='bbox 1221 2790 1384 2826; x_wconf 67' lang='lat' dir='ltr'><strong>Theodoret.</strong></span> <span class='ocrx_word' id='word_1_667' title='bbox 1400 2789 1500 2826; x_wconf 18' lang='lat' dir='ltr'><strong>rlibJV</strong></span> <span class='ocrx_word' id='word_1_668' title='bbox 1521 2789 1623 2826; x_wconf 51' lang='lat' dir='ltr'><strong>mnf)!</strong></span> <span class='ocrx_word' id='word_1_669' title='bbox 1638 2797 1645 2821; x_wconf 92' lang='lat'><strong>;</strong></span> <span class='ocrx_word' id='word_1_670' title='bbox 1661 2789 1768 2816; x_wconf 87' lang='lat' dir='ltr'><strong>Sozom.</strong></span> <span class='ocrx_word' id='word_1_671' title='bbox 1798 2787 1817 2814; x_wconf 86' lang='lat' dir='ltr'><strong>li</strong></span> 
     </span>
    </p>
   </div>
   <div class='ocr_carea' id='block_1_100' title="bbox 1169 2786 1908 2831">
    <p class='ocr_par' dir='ltr' id='par_1_100' title="bbox 1169 2786 1908 2831">
     <span class='ocr_line' id='line_1_103' title="bbox 1169 2786 1908 2831; baseline -0.007 -13"><span class='ocrx_word' id='word_1_672' title='bbox 1169 2786 1208 2831; x_wconf 81' lang='lat'><strong>7)_</strong></span> <span class='ocrx_word' id='word_1_673' title='bbox 1221 2786 1500 2831; x_wconf 40' lang='lat' dir='ltr'><strong>Theodoret-zulibLlV</strong></span> <span class='ocrx_word' id='word_1_674' title='bbox 1521 2789 1623 2831; x_wconf 45' lang='grc' dir='ltr'><strong>τηρ-21</strong></span> <span class='ocrx_word' id='word_1_675' title='bbox 1638 2797 1645 2821; x_wconf 89' lang='grc'>;</span> <span class='ocrx_word' id='word_1_676' title='bbox 1661 2789 1768 2816; x_wconf 87' lang='lat' dir='ltr'><strong>Sozom.</strong></span> <span class='ocrx_word' id='word_1_677' title='bbox 1798 2787 1844 2814; x_wconf 86' lang='lat' dir='ltr'><strong>lib.</strong></span> <span class='ocrx_word' id='word_1_678' title='bbox 1862 2786 1908 2813; x_wconf 83' lang='grc' dir='ltr'><strong>ΙΙΙ</strong></span> 
     </span>
    </p>
   </div>
   <div class='ocr_carea' id='block_1_101' title="bbox 1121 2824 1904 2900">
    <p class='ocr_par' dir='ltr' id='par_1_101' title="bbox 1121 2824 1904 2900">
     <span class='ocr_line' id='line_1_104' title="bbox 1121 2824 1753 2866; baseline -0.005 -14"><span class='ocrx_word' id='word_1_679' title='bbox 1121 2824 1241 2861; x_wconf 54' lang='grc' dir='ltr'><strong>εαῂᾆης</strong></span> <span class='ocrx_word' id='word_1_680' title='bbox 1256 2826 1360 2866; x_wconf 35' lang='lat' dir='ltr'><strong>Sqe‘rat.</strong></span> <span class='ocrx_word' id='word_1_681' title='bbox 1377 2825 1419 2852; x_wconf 87' lang='lat' dir='ltr'><strong>lib.</strong></span> <span class='ocrx_word' id='word_1_682' title='bbox 1437 2824 1474 2851; x_wconf 85' lang='lat' dir='ltr'><strong>IV</strong></span> <span class='ocrx_word' id='word_1_683' title='bbox 1487 2833 1545 2860; x_wconf 81' lang='lat' dir='ltr'><strong>cap.</strong></span> <span class='ocrx_word' id='word_1_684' title='bbox 1558 2825 1602 2851; x_wconf 69' lang='grc'><strong>25.</strong></span> <span class='ocrx_word' id='word_1_685' title='bbox 1748 2859 1753 2864; x_wconf 80' lang='lat'><strong>_</strong></span> 
     </span>
     <span class='ocr_line' id='line_1_105' title="bbox 1136 2856 1904 2900; baseline -0.008 -12"><span class='ocrx_word' id='word_1_686' title='bbox 1136 2897 1141 2900; x_wconf 88' lang='lat'><strong><em>_</em></strong></span> <span class='ocrx_word' id='word_1_687' title='bbox 1155 2861 1193 2896; x_wconf 90' lang='lat'><strong>(8)</strong></span> <span class='ocrx_word' id='word_1_688' title='bbox 1205 2861 1244 2887; x_wconf 87' lang='lat' dir='ltr'><strong>De</strong></span> <span class='ocrx_word' id='word_1_689' title='bbox 1263 2860 1449 2900; x_wconf 56' lang='grc' dir='ltr'><strong>ῑξιῃδρίιιηιηι</strong></span> <span class='ocrx_word' id='word_1_690' title='bbox 1461 2859 1584 2900; x_wconf 23' lang='lat' dir='ltr'><strong>septas;</strong></span> <span class='ocrx_word' id='word_1_691' title='bbox 1601 2859 1701 2900; x_wconf 69' lang='lat' dir='ltr'><strong>Pallad.</strong></span> <span class='ocrx_word' id='word_1_692' title='bbox 1720 2858 1818 2885; x_wconf 74' lang='lat' dir='ltr'><strong>Hister.</strong></span> <span class='ocrx_word' id='word_1_693' title='bbox 1832 2856 1904 2883; x_wconf 85' lang='lat' dir='ltr'><strong>Lau-</strong></span> 
     </span>
    </p>
   </div>
   <div class='ocr_carea' id='block_1_102' title="bbox 1118 2894 1700 2931">
    <p class='ocr_par' dir='ltr' id='par_1_102' title="bbox 1118 2894 1700 2931">
     <span class='ocr_line' id='line_1_106' title="bbox 1118 2894 1700 2931; baseline -0.005 -8"><span class='ocrx_word' id='word_1_694' title='bbox 1118 2894 1256 2931; x_wconf 58' lang='lat' dir='ltr'><strong>siae.&#39;cap.</strong></span> <span class='ocrx_word' id='word_1_695' title='bbox 1272 2896 1315 2928; x_wconf 68' lang='lat'><strong>19;</strong></span> <span class='ocrx_word' id='word_1_696' title='bbox 1329 2896 1435 2923; x_wconf 77' lang='lat' dir='ltr'><strong>Sozam.</strong></span> <span class='ocrx_word' id='word_1_697' title='bbox 1457 2894 1500 2921; x_wconf 81' lang='lat' dir='ltr'><strong>lib.</strong></span> <span class='ocrx_word' id='word_1_698' title='bbox 1520 2894 1562 2921; x_wconf 92' lang='lat' dir='ltr'><strong><em>III</em></strong></span> <span class='ocrx_word' id='word_1_699' title='bbox 1578 2902 1636 2929; x_wconf 83' lang='lat' dir='ltr'><strong>mp.</strong></span> <span class='ocrx_word' id='word_1_700' title='bbox 1659 2894 1700 2920; x_wconf 83' lang='grc'><strong>15.</strong></span> 
     </span>
    </p>
   </div>
  </div>
