2064 3152
171 191 221 220 56!

591 193 637 221 AD
651 193 839 221 EDlTlONEM
859 194 977 222 OPUSC.
998 194 1025 222 S.
1044 195 1185 225 MACARll
1204 197 1371 228 AEGYPTII.

1723 199 1784 227 .562

171 253 246 284 patet
260 248 296 276 ob
311 249 429 285 ingentia
441 249 493 276 vlri
507 249 603 277 merita
615 255 642 277 et
653 251 688 278 ob
699 251 863 286 singularem
873 251 953 286 plane
966 253 989 282 Α
1003 251 1052 279 lsta
1064 260 1172 288 quoque
1189 253 1217 281 in
1234 255 1368 282 sententia
1395 263 1425 285 se
1445 255 1617 291 acquiescere
1637 255 1781 288 scriberet,

172 292 313 321 doctrinae
339 297 422 329 atque
448 293 663 328 sanctimoniae,
684 296 785 330 quibus
806 295 954 323 virtutibus

171 340 272 366 mirum
286 339 313 366 in
327 339 437 366 modum
455 339 566 372 etl‘ulsit,
588 342 792 375 praestantiam.

206 385 251 412 VI.
277 385 404 417 Eremus,
427 385 456 412 in
472 393 526 421 qua
542 386 696 414 divinarum
714 395 805 414 rerum
823 387 914 415 studio
926 391 955 416 et

171 430 338 459 coelestibus
344 431 551 466 cogitationibus
561 433 683 465 vacabat,
695 432 782 460 Scetis
792 437 860 466 erat,
873 441 954 468 quam

172 481 265 504 tamen
279 476 560 505 diversisnominibus
588 482 616 505 et
637 477 780 511 Sceticam,
808 479 955 512 Scetiuam,

171 521 335 555 Scetiacam,
365 521 518 558 Scyticam,
550 522 701 559 Scytiaeam
729 528 757 552 et
783 523 955 560 Seytioticam

172 568 326 603 nuncupari
343 567 491 596 identidem
508 568 611 596 videas.
624 568 737 605 Aegypti
750 577 816 597 vero
838 570 955 598 solitudo

172 614 240 641 haec
249 613 310 646 fuit,
319 614 445 641 conﬂuxu
451 614 572 641 virorum
581 615 717 642 sanctitati
725 616 892 644 studentium
903 617 957 644 fre-

171 659 359 694 quentissima.
367 659 456 687 Testis
465 659 536 687 enim
544 659 722 689 Cassiodorus
730 661 767 698 (l)
776 667 827 695 est,
836 663 863 689 in
871 671 956 690 eremo

172 706 222 732 hac
244 705 316 741 Scyti
335 708 523 734 monachorum
541 707 738 743 probatissimos
755 713 842 744 patres
856 713 880 737 et
900 718 956 737 om-

173 751 247 778 nium
270 755 424 778 sanctorum
449 757 581 780 moratam
606 761 659 780 esse
683 754 874 789 perfectionem.
899 755 958 788 Qua

173 797 318 824 occasione
328 805 395 825 vero
409 798 525 825 istumin
535 799 626 826 locum
638 807 667 826 se
681 800 827 834 receperit,
842 809 956 829 narran-

173 845 228 868 tem
240 841 329 876 ipsum
341 842 446 876 audire,
467 843 514 878 qui
528 844 611 877 volet,
627 844 727 879 poterit
746 845 893 873 Macarium
908 846 956 882 (Ξ).

209 887 265 915 VII.
284 887 337 915 Sed
350 888 384 916 de
403 889 520 916 Macario
537 888 722 918 Altaxandrino
744 891 848 926 aliquid
875 892 957 919 etiam

173 931 321 960 dicendum
342 938 393 961 est.
425 934 503 962 Hunc
517 935 645 963 iuniorem
667 936 805 971 appellant
825 942 853 965 et
870 937 958 972 politi—
972 930 994 958 Β

172 985 233 1004 cum
257 987 266 1005 :
292 979 427 1007 iuniorem
455 980 585 1015 quidem,
610 982 739 1017 quoniam
769 982 885 1011 Macario
918 983 958 1011 illi

174 1023 306 1060 Aegyptio
321 1030 459 1061 superstes
475 1027 588 1061 exstitit,
607 1033 732 1056 mortuus
760 1029 880 1062 demum,
896 1037 958 1058 cum

174 1067 197 1096 C
226 1078 312 1098 annos
334 1071 460 1105 vixisset,
486 1080 557 1100 anno
582 1072 712 1101 CCCCIV.
745 1074 870 1102 Politicus
892 1083 959 1103 vero

175 1115 267 1143 dictus
290 1120 342 1149 est,
360 1118 433 1153 quod
457 1126 513 1146 non
532 1119 560 1146 in
579 1119 728 1147 solitudine
755 1121 886 1149 duntaxat
909 1122 958 1149 Ni-

176 1162 283 1195 triensi,
296 1164 323 1191 in
337 1172 418 1199 quam
438 1169 596 1198 secesserat,
608 1167 691 1194 vitam
708 1169 882 1195 monasticam
900 1176 959 1196 am—

175 1209 272 1244 plexus
287 1215 453 1243 versaretur,
471 1211 518 1238 sed
543 1213 616 1247 quod
640 1213 722 1240 etiam
750 1213 777 1241 in
802 1214 896 1242 urbem
909 1214 959 1241 ali—

174 1253 287 1287 quando
310 1254 428 1288 veniret,
451 1255 499 1290 qui
523 1261 551 1284 et
566 1264 692 1291 magnam
712 1258 784 1286 vitae
803 1262 908 1293 partem
931 1259 960 1286 in

175 1298 238 1326 luce
261 1303 290 1326 et
306 1300 392 1327 oculis
412 1301 554 1329 hominum
570 1304 756 1339 transegissct.
770 1304 848 1331 Anno
864 1305 960 1332 aetatis

175 1344 222 1372 XL
237 1345 402 1380 baptismum
414 1348 565 1382 suscepisse
577 1348 686 1382 dicitur,
705 1350 848 1385 presbyter
862 1350 960 1378 deinde

176 1390 264 1418 factus
278 1396 305 1419 et
319 1393 532 1421 archimandrita
555 1394 710 1422 Nitriensis.
728 1396 732 1430 Ι
749 1395 816 1423 Cum
843 1404 910 1423 vero
932 1396 960 1423 in

177 1445 212 1465 eo
234 1446 297 1465 cum
316 1438 432 1467 Macario
443 1440 575 1475 Aegyptio
590 1441 758 1474 conveniret,
771 1441 843 1476 quod
864 1442 961 1469 solitu-

178 1483 272 1512 dinem
306 1489 419 1518 amarct,
447 1490 475 1513 et
496 1487 627 1514 severiori
647 1487 807 1522 disciplinae
837 1495 869 1515 ac
890 1488 961 1515 vitae

179 1530 323 1558 sanctioris
340 1531 429 1559 studio
442 1536 515 1559 esset
531 1531 733 1560 addictissimus
748 1542 754 1559 :
772 1537 830 1560 tum
842 1541 908 1560 vero
933 1533 961 1560 in

180 1583 212 1603 ea
231 1581 309 1611 parte
333 1577 368 1604 ab
396 1577 492 1604 eodem
515 1577 663 1612 plurimum
687 1578 868 1614 discrepabat,
889 1578 962 1613 quod

180 1621 262 1650 hilari
281 1622 371 1650 fronte
392 1623 540 1651 invisentes
557 1624 591 1651 ad
613 1624 702 1659 ipsum
726 1625 873 1660 exciperet,
892 1624 962 1659 lepi—

181 1668 277 1703 disque
305 1669 453 1697 oblectaret
465 1669 647 1702 sermonibus,
663 1670 786 1697 iuniores
808 1669 964 1698 urbanitate

182 1715 298 1750 quadam
312 1715 346 1742 ad
362 1715 433 1742 vitae
458 1716 622 1743 monasticae
647 1716 749 1743 cultum
769 1716 905 1748 alliciens;
934 1715 962 1742 id

181 1759 295 1795 quodin
314 1761 443 1796 Aegyptio
467 1769 546 1788 secus
569 1769 598 1789 se
621 1761 749 1789 habebat.
776 1762 833 1789 Nec
860 1762 965 1789 minora

181 1815 258 1839 vero,
280 1815 360 1842 quam
375 1807 408 1834 de
421 1807 565 1843 Aegyptio,
583 1807 617 1835 de
646 1808 704 1835 eius
732 1808 889 1840 virtutibus,
923 1808 964 1834 vi-

181 1853 264 1880 vendi
291 1861 389 1889 genere
413 1853 593 1889 frugalissimo
617 1855 812 1889 miraculisque
840 1854 965 1882 referun-

182 1904 239 1931 tur,
256 1907 326 1934 quae
342 1899 389 1934 qui
410 1899 500 1935 legere
514 1900 651 1935 descripta
666 1900 885 1935 cupiat,evolvat
902 1900 965 1928 Pal-

181 1945 285 1972 ladium
300 1945 348 1981 (5).

219 1991 288 2018 Vill.
311 1991 433 2019 Tertium
445 2000 510 2020 vero
531 1992 649 2027 aliquem
674 1991 821 2020 Macarium
839 1992 967 2027 producit

183 2036 281 2064 Petrus
297 2037 436 2071 Pessinus,
455 2039 489 2066 ab
509 2042 625 2074 utroque
640 2038 685 2065 illo
699 2038 814 2065 Macario
828 2038 966 2065 diversum

183 2087 212 2110 ct
226 2083 360 2111 ambobus
374 2085 519 2118 seniorem,
536 2085 646 2112 Antonii
662 2084 827 2119 discipulum
844 2088 870 2111 et
881 2084 966 2111 comi-

185 2132 250 2160 tem,
277 2129 408 2157 Amathae
441 2131 565 2162 socium,
595 2138 677 2165 quem
702 2138 799 2164 magno
828 2129 967 2157 molimine

183 2173 283 2208 probat
296 2175 413 2209 Operum
431 2176 644 2203 Macarianorum
664 2184 723 2204 esse
751 2181 907 2210 auctorem,
934 2184 967 2204 eo

184 2220 219 2247 ad
239 2220 310 2248 hanc
326 2229 383 2248 rem
403 2222 570 2256 probandam
600 2227 679 2250 utens
698 2227 870 2257 argumento,
894 2223 967 2258 quod

184 2267 350 2294 Athanasius
362 2267 390 2295 in
404 2268 464 2296 Vita
481 2268 592 2295 Antonii
607 2273 635 2295 ct
648 2268 835 2304 Hieronymus
850 2270 879 2297 in
905 2271 967 2298 Vita
983 2278 1006 2308 D

185 2313 260 2340 Pauli
278 2314 428 2341 Antonium
442 2315 672 2342 memorentduos
697 2322 789 2342 secum
820 2315 969 2351 discipulos

185 2357 298 2384 intimos
317 2358 484 2393 comitesque
501 2358 656 2386 individuos
666 2359 805 2391 habuisse,
820 2359 968 2387 Macarium

185 2408 214 2432 et
230 2404 373 2432 Amatham
388 2414 394 2432 :
410 2413 464 2432 non
478 2405 627 2433 concedere
639 2413 706 2432 vero
737 2405 868 2440 temporis
884 2406 968 2433 ratio-

185 2450 319 2482 nem,hoc
332 2454 362 2477 ut
373 2450 400 2477 in
415 2450 562 2477 Macarium
576 2451 619 2478 vel
634 2451 795 2486 Aegyptium
805 2451 847 2478 vel
855 2450 969 2478 Alexan-

187 2494 298 2526 drinum
315 2494 468 2522 conveniat.
498 2495 689 2529 Fatemurque,
719 2495 786 2522 tanti
810 2495 863 2522 hoc
887 2503 969 2530 argu-

187 2545 312 2569 mentum
326 2541 456 2568 momenti
485 2541 575 2568 visum
592 2541 676 2568 fuisse
693 2541 753 2568 viro
775 2541 969 2576 antiquitatum

186 2586 434 2614 ecclesiasticarum
460 2586 626 2621 peritissimo
652 2585 796 2613 Guilielmo
823 2585 915 2618 Cavio,
940 2590 970 2613 ut

1004 299 1164 332 praesertim
1180 307 1242 327 cum
1266 299 1403 328 Oudinum
1424 309 1532 336 quoque
1553 301 1666 328 Possino
1696 301 1782 328 succi-

1004 350 1070 371 nere
1081 344 1316 373 animadvertisset
1326 346 1373 382 (4).
1386 346 1496 374 interim
1507 355 1537 374 re
1546 346 1644 374 melius
1652 354 1782 382 expensa,

1004 389 1058 416 alia
1075 397 1149 427 nunc
1158 395 1249 418 mente
1262 392 1404 426 praeditus
1416 396 1458 419 est
1471 392 1513 419 vir
1528 393 1741 424 eruditissimus,
1754 397 1784 419 ut

1004 439 1113 469 praeter
1131 435 1291 473 Aegyptium
1310 442 1338 465 et
1361 438 1571 466 Alexandrinum
1597 439 1708 467 tertium
1730 438 1785 465 Ma-

1005 480 1062 508 cari
1078 481 1083 517 1
1099 489 1144 509 um
1159 482 1276 518 aliquem
1287 483 1431 511 admittere
1442 484 1650 519 haudquaquam
1666 484 1740 511 velit.
1752 484 1786 511 Et

1005 531 1080 554 certe
1111 528 1184 562 quod
1200 529 1372 556 observatum
1400 533 1427 556 et
1450 528 1532 556 Gavio
1555 533 1614 562 est,
1645 537 1700 556 non
1719 529 1787 557 alios

1005 572 1146 607 Macarios,
1160 575 1207 609 qui
1223 574 1334 602 Antonii
1348 575 1475 610 discipuli
1497 574 1612 607 fuerint,
1626 574 1725 602 sistunt
1735 583 1786 602 no-
1823 583 1826 590 ι

1006 615 1049 644 his
1071 617 1205 651 Socrates,
1221 618 1398 653 Sozomenus,
1413 619 1612 652 Theodoretus,
1631 623 1658 646 et
1678 619 1725 654 qui
1744 619 1790 646 his

1007 662 1074 698 ipsis
1092 663 1120 690 in
1142 663 1211 691 locis
1228 668 1257 692 et
1271 665 1322 692 hoc
1339 664 1541 700 temporervixit
1557 665 1705 697 Palladius,
1725 672 1788 692 cum

1007 713 1098 736 tamen
1111 709 1255 745 diligenter
1269 710 1303 738 de
1321 710 1365 738 his
1377 711 1459 738 rebus
1477 710 1579 738 fuerint
1602 710 1787 738 commentati.

1006 754 1062 782 Nec
1078 762 1144 782 vero
1159 759 1213 788 est,
1227 763 1285 788 cur,
1305 764 1375 790 quae
1400 756 1530 784 Possinus
1554 756 1661 791 allegat,
1685 755 1789 783 moveri

1007 806 1036 826 se
1049 798 1146 826 iisdem
1162 799 1260 834 aliquis
1282 799 1412 834 patiatur.
1430 800 1498 827 Nam
1511 800 1584 835 quod
1611 800 1789 828 Athanasium

1008 851 1087 872 suam
1099 845 1126 872 in
1142 853 1199 872 rem
1216 846 1292 877 citat,
1306 845 1410 873 fallitur
1420 845 1448 872 in
1463 853 1496 873 eo
1512 845 1570 881 ipse
1588 850 1616 873 et
1626 845 1695 872 fallit
1706 865 1713 878 ,
1725 853 1789 872 cum

1009 890 1043 918 de
1052 891 1170 918 Macario
1182 891 1254 926 apud
1265 891 1444 919 Athanasium
1455 892 1535 927 plane
1545 891 1615 918 nihil
1630 895 1727 919 exstet.
1744 891 1790 919 Sic

1008 941 1035 964 et
1046 936 1226 972 Hieronymus
1235 937 1361 964 meminit
1369 937 1480 973 quidem
1490 937 1599 964 Macarii
1617 941 1645 964 et
1659 936 1791 964 Amathac

1008 983 1092 1011 veluti
1106 983 1302 1018 discipulorum
1317 984 1427 1011 Antonii
1441 1004 1450 1016 ,
1476 984 1523 1019 qui
1542 988 1570 1011 et
1583 984 1727 1014 Amatham
1753 984 1791 1011 ait

1008 1028 1168 1064 magistrum
1184 1037 1266 1056 suum
1281 1030 1386 1056 tumulo
1405 1029 1548 1062 intulisse;
1565 1029 1614 1056 sed
1626 1029 1659 1056 de
1673 1029 1791 1056 Macario

1008 1071 1076 1098 nihil
1094 1076 1234 1106 praeterea
1261 1072 1349 1100 docet.
1367 1073 1402 1100 Et
1424 1081 1508 1108 quare
1535 1081 1569 1100 ex
1597 1072 1705 1100 duobus
1732 1073 1792 1100 istis

1008 1117 1142 1150 Macariis,
1161 1126 1229 1152 quos
1246 1118 1381 1146 exstitisse
1396 1119 1518 1145 omnium
1536 1119 1706 1146 confessione
1724 1126 1791 1145 con-

1009 1166 1072 1194 stat,
1093 1170 1164 1189 unus
1174 1163 1284 1190 Antonii
1302 1171 1393 1191 comes
1407 1172 1467 1191 esse
1484 1172 1539 1191 non
1565 1165 1696 1199 potuerit,
1721 1173 1791 1192 non—

1009 1205 1074 1233 dum
1107 1214 1253 1242 possumus
1282 1207 1448 1242 perspicere.
1482 1208 1629 1235 lncoluerit
1659 1208 1793 1236 Macarius

1009 1251 1156 1287 Aegyptius
1178 1261 1235 1287 per_
1248 1252 1295 1279 LX
1323 1261 1409 1281 annos
1434 1253 1610 1281 solitudinem
1632 1253 1790 1281 Sceticam:

1009 1297 1213 1332 putabimusne,
1227 1305 1276 1332 per
1296 1297 1432 1333 integrum
1445 1297 1472 1325 id
1499 1302 1606 1333 tempus
1629 1306 1683 1325 uno
1704 1298 1792 1333 ipsum

1009 1343 1070 1370 loco
1084 1343 1202 1370 adﬁxum
1218 1343 1347 1370 aliorsum
1364 1343 1509 1378 aliquando
1538 1351 1594 1370 non
1617 1343 1798 1378 migravisse?‘

1010 1389 1091 1424 Atqui
1108 1398 1174 1417 vero
1194 1394 1363 1424 compertum
1377 1394 1428 1422 est,
1446 1390 1596 1417 solitariam
1605 1390 1689 1417 vitam
1703 1397 1795 1417 aman-

1011 1440 1052 1463 tes
1076 1443 1139 1462 suas
1167 1443 1247 1470 saepe
1275 1436 1353 1463 sedes
1366 1436 1584 1463 commutavisse.
1610 1435 1680 1468 Quid
1706 1437 1796 1463 obstat

1011 1490 1092 1518 ergo,
1117 1482 1190 1517 quod
1210 1490 1260 1509 nec
1289 1482 1346 1517 ipse
1369 1482 1500 1509 Pessinus
1530 1485 1626 1517 negat,
1650 1482 1797 1517 quominus

1012 1528 1145 1555 Macarius
1162 1527 1278 1555 subinde
1296 1535 1325 1555 sc
1354 1528 1387 1555 ad
1403 1527 1552 1555 Antonium
1577 1528 1735 1559 contulerit,
1763 1535 1798 1554 ex

1014 1581 1061 1601 ore
1078 1573 1164 1609 ipsius
1175 1573 1356 1601 saluberrima
1373 1578 1519 1609 praecepta
1536 1573 1685 1600 hausturus
1695 1573 1706 1599 ?
1715 1581 1798 1608 quem

1014 1623 1127 1651 ct,cum
1158 1618 1227 1646 mori
1261 1626 1325 1646 eum
1349 1619 1508 1655 contigisset
1533 1626 1576 1651 eo,
1600 1626 1654 1653 quo
1669 1625 1798 1653 praesens

1015 1664 1117 1694 aderat.
1143 1669 1263 1700 tempore
1280 1673 1334 1692 una
1358 1673 1420 1692 cum
1447 1665 1561 1692 Amatha
1588 1665 1725 1700 sepultura
1751 1665 1794 1691 ho-

1015 1711 1182 1739 nestaverit?
1195 1712 1250 1739 Nec
1267 1719 1333 1739 vero
1347 1711 1515 1739 Sozomenus
1527 1711 1673 1738 Macarium
1690 1710 1718 1737 in
1746 1718 1800 1738 una

1016 1757 1098 1790 Sceti,
1115 1757 1163 1785 sed
1180 1757 1209 1784 in
1229 1757 1376 1785 solitudine
1399 1756 1446 1784 LX
1474 1764 1560 1784 annos
1574 1757 1695 1791 exegisse
1724 1764 1800 1783 com-

1015 1807 1157 1829 memorat.
1178 1802 1272 1836 Qualia
1290 1807 1318 1830 et
1339 1803 1372 1830 de
1387 1802 1503 1830 Macario
1519 1802 1700 1829 Alexandrino
1723 1801 1800 1828 facile

1015 1853 1126 1884 possent
1144 1849 1265 1884 probari,
1294 1849 1317 1876 si
1342 1849 1473 1876 vellemus
1504 1848 1556 1876 hoc
1583 1856 1674 1883 agere.
1697 1848 1786 1882 Suasl

1015 1904 1080 1931 ergo
1095 1904 1139 1923 res
1151 1895 1284 1923 Macarius
1303 1895 1355 1922 sibi
1369 1895 1467 1922 habeat
1478 1902 1493 1921 a
1509 1894 1621 1921 Possino
1631 1899 1740 1928 praeter
1751 1901 1800 1920 ne-

1016 1941 1170 1968 cessitatem
1181 1940 1365 1975 historiaeque
1383 1939 1463 1967 ﬁdem
1473 1939 1636 1974 productus;
1650 1938 1729 1965 nobis
1737 1945 1802 1965 vero

1016 1987 1262 2015 sulllciantMacarii
1269 1987 1333 2018 duo,
1343 1985 1514 2020 subquorum
1522 1984 1717 2011 uniusnomine
1724 1982 1802 2017 haec,

1017 2041 1085 2068 quae
1096 2040 1169 2060 nunc
1187 2033 1276 2059 lucem
1290 2031 1453 2067 adspiciunt,
1466 2029 1696 2058 circumferuntur
1704 2029 1801 2065 Opera.

1051 2079 1097 2106 ιχ.
1114 2078 1166 2106 Sed
1185 2085 1259 2105 nunc
1280 2077 1509 2105 considerandum
1529 2076 1583 2104 erit
1598 2076 1729 2108 exactius,
1748 2077 1803 2103 utri

1018 2125 1126 2153 illorum
1146 2125 1236 2152 foetus
1252 2124 1298 2151 isti
1317 2124 1372 2151 sint
1401 2123 1597 2151 adscribendi?
1615 2124 1648 2150 Et
1671 2122 1804 2150 llomilias

1018 2171 1129 2207 quidem
1148 2170 1279 2205 Aegyptio
1300 2169 1451 2204 adscriptas
1473 2177 1581 2203 semper
1598 2169 1682 2196 fuisse
1702 2176 1735 2195 ex
1764 2167 1803 2194 in-

1020 2217 1177 2253 scriptione,
1190 2224 1271 2251 quam
1282 2224 1364 2243 manu
1377 2216 1481 2243 exarati
1499 2216 1602 2252 pariter
1617 2220 1645 2242 et
1671 2214 1741 2250 typis
1755 2222 1803 2240 ex—

1019 2264 1077 2291 cusi
1094 2262 1202 2290 codices
1219 2270 1284 2297 prae
1308 2270 1337 2289 se
1363 2261 1463 2293 ferunt,
1483 2261 1657 2288 manifestum
1681 2264 1732 2286 est.
1750 2258 1804 2286 Sed

1019 2317 1071 2337 nec
1089 2309 1142 2336 hoc
1160 2309 1249 2343 placet
1267 2307 1391 2339 POSSlm),
1404 2307 1451 2342 qui
1470 2307 1580 2334 easdem
1606 2305 1723 2332 Macario
1743 2312 1758 2331 ει
1775 2311 1804 2330 se

1020 2360 1128 2391 praeter
1138 2361 1195 2380 rem
1209 2353 1324 2381 conficto
1340 2353 1480 2380 vindicare
1499 2352 1595 2387 satagit
1610 2350 1660 2386 (5).
1677 2350 1717 2377 Ad
1731 2349 1804 2376 Gen—

1019 2400 1093 2427 nadii
1107 2399 1281 2427 Massiliensis
1300 2398 1489 2425 auctoritatem
1511 2401 1652 2432 provocat,
1665 2395 1711 2430 qui
1723 2403 1805 2421 unum

1021 2451 1124 2474 tantum
1133 2446 1281 2473 Macarium
1299 2445 1353 2472 aiat
1368 2444 1402 2471 ad
1418 2445 1533 2470 iuniores
1558 2442 1724 2478 professionis
1742 2449 1806 2467 suae

1020 2493 1152 2527 scripsisse
1185 2491 1323 2527 epistolam
1358 2490 1406 2525 (ϐ).
1439 2489 1492 2517 Sed
1507 2488 1628 2516 nondum
1645 2486 1804 2522 persuaderi

1020 2544 1175 2572 possumus,
1205 2536 1319 2563 Possino
1346 2539 1377 2562 ut
1399 2534 1617 2569 adstipulemur;
1649 2540 1699 2559 nec
1722 2531 1806 2558 verba

1019 2583 1162 2616 Gemiadii,
1179 2583 1252 2618 quod
1270 2583 1328 2610 vult
1349 2581 1488 2614 l’ossinns,
1502 2580 1568 2608 satis
1591 2580 1729 2610 evincunt,
1744 2586 1806 2605 cum

941 2650 1066 2678 NOTAE.

224 2711 262 2747 (ι)
277 2711 343 2747 Leg.
353 2710 519 2747 Cassiartum.
530 2709 632 2737 Pritius
643 2709 825 2737 Cassiodorum
838 2717 900 2736 cum
910 2709 975 2737 Cas-

188 2749 266 2774 siano
281 2746 431 2774 confundit.
444 2746 520 2772 Enn.

225 2782 263 2817 (‘2)
291 2781 397 2817 Soprat.
426 2780 492 2817 Hist.
526 2779 635 2817 glibzll’
649 2788 730 2817 “cap:
745 2779 793 2811 l8;
813 2778 969 2817 Qassi_o_dor.

191 2814 243 2852 [sic
264 2816 443 2852 Pritius,_leg.
457 2814 703 2852 CassianlCollat.
722 2814 852 2852 lcap.__l;
879 2814 969 2852 Theo-

191 2849 281 2880 itorct.
309 2851 353 2878 lib.
376 2849 492 2884 IV’cap.
508 2850 561 2882 9.1;
587 2849 693 2877 Sozom.
718 2850 761 2876 lib.
783 2849 827 2876 III
839 2857 898 2883 cap.
916 2849 968 2882 M;

192 2888 298 2915 Socrat.
314 2885 358 2913 lib.
373 2884 409 2913 IV
421 2885 533 2921 δην-’Κλ

1063 2708 1100 2743 (5)
1110 2708 1212 2736 Pallad.
1226 2709 1294 2735 "ist.
1307 2707 1428 2734 Lattsim‘.
1445 2715 1502 2741 cap.
1519 2705 1562 2732 20.
1573 2705 1670 2732 Petrus
1679 2704 1818 2732 Pessinus

1024 2744 1166 2783 inProleg.
1184 2743 1509 2783 afI__T/¢rsqur._‘Ascet.M1
1542 2776 1560 2783 Π
1595 2776 1620 2783 Π
1673 2775 1688 2783 _

1060 2779 1098 2842 ⁵4)
1113 2774 1186 2819 (lare
1197 2779 1264 2805 Hist.
1283 2779 1333 2805 Lit.
1349 2777 1519 2812 P.1p.212.
1538 2776 1561 2803 P
1591 2776 1620 2803 II
1634 2783 1660 2810 ρ.
1673 2774 1718 2802 76.

1072 2815 1097 2842 ﬁt
1113 2815 1242 2841 l’osslnns
1255 2814 1273 2840 l.
1290 2813 1307 2840 l.

1060 2822 1086 2842 in
1115 2822 1273 2841 rossmnsi.
1290 2822 1307 2840 ι.

1059 2825 1097 2885 (μέ
1113 2849 1233 2877 Gcnnad.
1250 2849 1288 2876 De
1303 2849 1364 2875 viris
1385 2848 1483 2875 illustr.
1507 2856 1530 2874 c.
1548 2846 1589 2873 1C»
