2064 3152
299 207 352 238 333

850 205 897 234 10.
917 205 1056 233 GEORGII
1075 205 1179 232 PRITII
1198 205 1389 233 PRAEFATIO

1860 208 1912 238 364

298 275 362 295 eum
374 267 403 294 in
423 272 534 294 sensum
549 263 654 300 possint
665 263 763 298 accipi,
782 262 855 298 quod
873 267 977 290 tantum
991 263 1024 290 de
1044 261 1078 289 li-
1092 264 1116 292 Α
1131 262 1286 297 spirituales
1307 262 1368 289 illae
1391 269 1487 297 graece
1505 261 1619 289 seorsim
1649 262 1812 297 prodierunt
1834 265 1909 293 Pari-

297 313 365 342 teris
377 320 393 340 a
405 311 514 339 Macarii
534 310 696 346 conscriptis
722 313 811 345 agant.
829 308 900 342 Quid
923 309 945 336 si
968 313 996 335 et
1007 308 1076 336 seri-

297 358 384 395 pserit
396 358 489 393 aliqua
507 356 652 388 Macarius,
669 363 685 383 a
697 355 848 388 Gennadio,
866 358 896 381 ut
911 354 996 382 multa
1013 354 1075 386 alia,

298 405 387 433 oculis
402 412 457 432 non
469 403 617 439 usurpata?
631 402 709 431 Unde
722 410 776 429 non
787 409 855 436 cpus
867 401 930 433 erit,
943 405 974 428 ut
992 399 1077 426 multa

297 449 546 482 eomminiscamur,
555 448 640 476 veluti
651 448 715 475 facit
723 447 862 479 Possinus,
871 454 923 481 qua
933 445 1077 473 occasione

286 493 386 531 'quove
403 494 491 522 officio
501 494 632 522 Homilias
652 494 716 521 istas
728 492 862 520 Macarius
875 491 1008 519 Amathae
1029 498 1075 517 so-

296 539 355 568 cius
381 547 475 575 graece
503 547 519 566 a
546 546 574 566 se
609 538 730 566 redditas
755 545 789 565 ex
812 535 922 564 Antonii
954 534 1076 571 magistri

295 585 405 613 dictatis
420 584 573 619 protulerit.

281 651 284 655 .
328 627 362 654 Χ.
375 627 446 660 Quid
470 635 535 654 vero
556 627 590 654 de
613 626 758 661 Opusculis
781 625 841 652 istis
858 625 990 656 dicemus,
1005 631 1074 659 quae

292 680 367 700 nunc
377 677 438 708 post
452 672 597 699 Possinum
620 672 648 699 in
663 671 807 699 Germania
821 671 940 706 primum
967 678 982 698 a
995 670 1075 698 nobis

292 718 465 754 evulgantur,
481 722 509 745 et
524 718 568 744 cui
588 716 658 752 patri
678 716 779 743 liberos
804 715 871 743 istos
898 715 1074 743 adseremus?

293 764 425 793 Possinus
451 771 517 790 vero
539 763 585 792 hic
605 762 706 789 iterum
732 769 813 789 suum
840 762 920 789 nobis
945 761 1074 796 supponit

292 809 452 842 Macarium,
468 817 547 844 quem
566 812 656 835 tamen
668 808 696 835 in
707 808 809 835 mundo
824 815 879 834 non
893 807 993 839 fuisse,
1008 807 1073 840 iam,

291 859 323 882 ut
336 855 512 887 arbitramur,
527 853 748 881 monstravimus.
763 852 964 881 Celeberrimus
976 852 1074 880 Cavius

291 899 330 936 (I)
361 900 507 927 tribuenda
528 900 638 935 quidem
672 899 851 927 Macariorum
881 906 916 926 no
932 899 937 934 Ι
953 903 1073 926 strorum

290 947 415 975 alterutri
432 946 568 982 Opuscula
583 946 650 974 haec
665 953 720 973 non
730 945 866 972 immerito
882 952 942 972 esse
954 945 1072 977 iudicat;
1089 929 1110 960 Β

290 993 339 1020 sed
353 993 381 1020 in
401 1000 462 1020 eam
491 996 582 1019 tamen
603 991 689 1027 magis
716 990 868 1026 propendet
899 990 1072 1023 sententiam,

290 1038 364 1073 quod
382 1037 568 1065 Alexandrino
580 1037 620 1064 illi
639 1037 694 1064 sint
704 1035 879 1071 adsignanda.

325 1083 373 1111 XI.
386 1083 472 1111 Nobis
487 1088 579 1110 autem
594 1082 622 1110 id
637 1086 700 1109 ante
711 1083 802 1109 omnia
813 1081 923 1110 videtur
938 1089 998 1109 esse
1012 1088 1073 1109 cer-

290 1129 439 1162 tissimum,
454 1130 528 1164 quod
543 1136 614 1156 unus
625 1133 722 1156 auctor
736 1129 829 1161 fuerit,
864 1128 912 1163 qui
933 1127 1072 1155 divinissi—

289 1183 348 1203 mas
364 1175 444 1203 nobis
460 1175 536 1202 dedit
556 1175 697 1207 Homilias,
719 1182 781 1202 cum
800 1174 857 1207 illo,
880 1174 924 1201 cui
942 1173 1073 1201 debemus

290 1222 394 1250 isthaec
421 1221 567 1256 Opuscula.
584 1221 613 1248 Id
639 1222 712 1248 enim
736 1226 765 1248 et
791 1229 835 1248 res
855 1221 928 1256 ipsae
944 1220 1071 1255 probant,

288 1275 359 1303 quae
375 1267 441 1295 etin
453 1267 577 1294 IIomiliis
593 1271 620 1294 et
634 1267 778 1302 Opusculis
789 1271 947 1298 occurrunt,
967 1273 1073 1293 summa

288 1313 354 1341 ﬁdei
375 1317 485 1341 nostrae
510 1313 650 1349 mysteria,
675 1317 703 1340 et
727 1312 873 1348 praecipua
901 1312 1072 1340 Christianae

290 1358 431 1394 religionis
447 1358 547 1393 capita,
568 1358 684 1385 maxime
702 1366 772 1393 quae
800 1357 833 1385 ad
848 1365 928 1384 usum
956 1357 1072 1385 transfe-

290 1404 375 1431 renda
391 1409 464 1435 sunt,
479 1404 654 1437 exhibentes;
668 1409 696 1431 et
709 1404 792 1431 verba
812 1410 920 1438 quoque
944 1403 1072 1437 modique

290 1449 431 1484 loquendi,
447 1449 521 1476 circa
535 1456 604 1483 quos
620 1456 726 1476 summa
735 1449 835 1483 ubique
851 1448 1000 1475 similitudo
1011 1453 1070 1480 est;

289 1497 318 1521 et
332 1502 382 1529 par
393 1494 525 1522 orationis
539 1494 626 1522 forma
637 1494 852 1530 elocutionisque
863 1493 989 1529 dignitas.
1001 1493 1071 1520 Addi

289 1539 373 1567 etiam
398 1543 498 1574 potest,
515 1547 586 1574 quae
607 1539 758 1567 desiderari
779 1539 807 1567 in
821 1539 938 1567 Macario
948 1543 1069 1574 possent,

289 1588 319 1611 et
331 1584 378 1619 qui
392 1584 421 1611 in
439 1584 641 1620 elegantissimo
661 1585 713 1612 hoc
733 1592 848 1620 corpore
870 1584 949 1611 naevi
974 1585 1070 1612 obser-

289 1635 400 1663 vantur,
431 1639 479 1659 eos
503 1632 648 1667 utrobique
679 1640 738 1660 sese
763 1632 843 1660 nobis
869 1632 978 1660 offerre.
1003 1631 1071 1659 Cum

289 1676 373 1711 igitur
385 1677 466 1711 paulo
482 1681 545 1704 ante
558 1677 676 1705 Macario
686 1678 818 1714 Aegyptio
836 1679 966 1706 Homilias
981 1686 1071 1706 asser-

289 1726 348 1749 tum
361 1722 502 1754 iverimus,
522 1726 596 1758 patet
609 1723 679 1750 ratio
691 1744 698 1756 ,
714 1732 798 1759 quare
809 1724 946 1759 Opuscula
965 1725 990 1752 ei
1016 1725 1073 1751 sint

288 1775 398 1802 quoque
409 1767 607 1802 adiudicanda;
622 1769 782 1804 praesertim
804 1777 866 1797 cum
886 1770 995 1797 codices
1012 1777 1071 1797 ma-

288 1814 423 1849 nuscripti
437 1814 464 1841 in
473 1814 640 1843 bibliotheca
655 1815 870 1848 Vindobonensi,
886 1816 945 1851 ipso
956 1816 1072 1843 docente

287 1858 383 1892 Cavio,
405 1859 442 1895 (2)
457 1859 575 1887 Macario
590 1865 683 1888 nostro
697 1860 765 1888 haec
779 1865 807 1888 et
828 1861 927 1888 similia
941 1861 1072 1896 opuscula

288 1905 450 1932 attribuant.
471 1905 501 1932 In
514 1906 572 1940 ipso
592 1906 686 1939 etiam,
702 1913 756 1941 quo
776 1914 845 1934 usus
868 1907 998 1934 Possinus
1017 1911 1070 1939 est,

287 1951 382 1978 codice
394 1955 503 1978 exserte
515 1951 625 1979 Macarii
643 1952 746 1979 nomini
759 1952 850 1988 Magni
859 1953 1016 1988 appellatio,
1030 1953 1070 1980 fa-

286 2001 363 2024 tente
394 1997 510 2029 editore,
535 2003 577 2025 est
605 1998 744 2030 adiuncta,
763 2006 845 2033 quam
878 2006 933 2025 non
956 1997 1072 2026 Alexan-

287 2041 386 2074 drino,
402 2043 451 2069 sed
471 2042 602 2078 Aegyptio
627 2043 745 2070 Macario
769 2043 832 2070 addi
850 2043 1071 2078 frequentissime

286 2086 460 2114 notissimum
481 2092 531 2115 est.
566 2088 633 2116 Nam
654 2088 728 2123 quod
750 2088 879 2115 Possinus
907 2089 1071 2123 persuadere

286 2132 368 2160 nobis
388 2137 512 2165 conatur,
532 2141 712 2168 personarum
733 2133 779 2160 hic
799 2133 948 2168 contigisse
974 2134 1070 2161 confu-

287 2178 404 2211 sionem,
429 2179 557 2207 videlicet
588 2187 653 2207 suae
679 2179 794 2206 inservit
820 2186 928 2211 causae,
952 2184 983 2206 ut
1011 2180 1071 2207 iure

286 2223 389 2259 aliquo,
406 2232 475 2260 quae
489 2225 606 2253 Macario
615 2225 747 2261 Aegyptio
768 2226 905 2254 debentur
915 2248 922 2259 ,
936 2235 1008 2255 novo
1022 2235 1071 2255 suo

1127 308 1176 336 siis
1190 316 1262 336 anno
1274 308 1423 343 superioris
1444 308 1544 335 saeculi
1567 307 1626 335 LIX
1637 309 1847 344 elegantissimis
1869 315 1911 347 ty-

1126 353 1169 389 pis
1197 361 1312 381 excusae
1325 363 1331 380 :
1352 354 1497 389 separatim
1512 361 1576 381 vero
1589 359 1617 381 et
1628 354 1710 382 latina
1720 355 1810 382 versio
1822 356 1912 384 lucem

1129 397 1263 433 adspexit,
1278 406 1293 426 a
1310 399 1409 426 loanne
1421 399 1495 432 Pico,
1512 399 1565 427 nisi
1579 399 1710 434 fallimur,
1738 403 1910 431 concinnata.

1126 443 1263 472 Successit
1280 445 1452 479 postmodum
1473 445 1619 473 Zachariae
1634 446 1770 474 Palthenii
1794 447 1911 483 diligen-

1126 489 1173 522 tia,
1191 489 1238 524 qui
1261 497 1332 517 anno
1358 489 1438 518 XCIV
1462 490 1585 518 eiusdem
1608 492 1709 519 saeculi
1730 497 1759 520 et
1782 501 1910 528 graecum

1125 542 1289 566 sermonem,
1302 539 1331 562 et
1345 535 1457 562 latinam
1468 536 1633 569 versionem,
1649 544 1664 564 a
1676 544 1706 564 se
1729 546 1785 566 non
1804 540 1911 575 exiguis

1124 580 1265 608 laboribus
1276 586 1444 614 exornatam,
1456 581 1624 609 coniunctim
1636 583 1733 616 edidit,
1748 585 1828 620 typis,
1844 594 1912 621 qua-

1124 625 1168 652 les
1180 629 1208 652 et
1220 625 1307 653 nostri
1327 629 1401 658 sunt,
1431 626 1511 661 paulo
1541 627 1746 656 minutioribus.
1773 629 1910 664 Opuscula

1124 678 1190 697 vero
1203 671 1308 706 reliqua
1321 671 1426 698 diutius
1441 672 1602 699 obscuritati
1615 681 1680 701 suae
1690 674 1820 702 immersa
1843 676 1910 703 deli-

1125 721 1247 749 tuerunt,
1262 717 1414 752 usquedum
1437 717 1509 745 felici
1523 717 1596 745 Petri
1610 718 1728 751 Possini,
1747 728 1762 747 e
1774 719 1909 749 Societate

1123 763 1188 791 Jesu
1200 763 1264 796 viri,
1276 771 1359 798 opera
1369 763 1398 790 in
1412 763 1542 791 Thesauro
1553 785 1560 796 ,
1574 773 1655 799 quem
1673 770 1762 798 vocat,
1782 766 1907 799 Ascetico,

1123 808 1202 836 cuius
1215 813 1320 843 partem
1334 809 1437 836 faciunt
1448 810 1616 844 primariam,
1628 811 1657 838 in
1669 811 1759 838 lucem
1771 812 1909 847 publicam

1123 859 1188 882 sunt
1203 855 1335 890 exposita.
1354 855 1431 883 Unde
1446 860 1551 883 tantum
1573 857 1631 891 ipse
1645 857 1773 884 habuerit
1797 857 1908 890 thesau-

1123 909 1195 933 rum,
1217 909 1272 929 non
1294 901 1421 936 equidem
1445 901 1608 929 dissimulat.
1634 902 1810 930 Franciscum
1834 903 1909 930 enim

1124 947 1299 978 Turrianum,
1317 946 1452 974 notissimi
1465 948 1584 975 nominis
1596 948 1736 980 Iesuitam,
1751 956 1813 976 cum
1836 956 1908 976 anno

1123 993 1166 1021 clo
1178 993 1204 1021 la
1228 993 1309 1020 LXVI
1321 993 1478 1020 societatem
1496 993 1569 1021 illam
1581 995 1683 1022 Romae
1707 994 1907 1029 ingrederetur,

1123 1039 1195 1067 inter
1219 1039 1357 1066 volumina
1381 1039 1467 1066 refert
1484 1047 1579 1074 graeca
1591 1039 1718 1074 plurima,
1736 1048 1805 1075 quae
1835 1041 1907 1067 anti-

1123 1092 1195 1120 quae
1210 1092 1308 1112 manus
1329 1092 1396 1119 prae
1423 1092 1452 1112 se
1478 1084 1569 1111 ferant
1594 1085 1719 1119 vestigia,
1744 1092 1867 1120 quaeque
1880 1085 1908 1112 in

1123 1129 1204 1158 domo
1216 1129 1327 1164 antiqua
1345 1128 1467 1164 professa
1483 1129 1609 1157 Romana
1626 1129 1795 1163 deposuerit,
1821 1138 1906 1157 unum

1126 1183 1236 1210 quoque
1263 1179 1407 1202 auctorum
1433 1174 1519 1202 ferme
1543 1174 1653 1209 triginta
1677 1175 1712 1202 de
1740 1182 1769 1202 re
1790 1175 1907 1202 ascetica

1122 1222 1265 1249 continens
1277 1222 1491 1253 lucubrationes,
1507 1221 1587 1248 annis
1601 1221 1701 1248 abhinc
1717 1221 1779 1257 plus
1791 1221 1872 1256 quin-
1888 1221 1894 1257 |

1122 1267 1211 1302 gentis
1224 1275 1239 1294 a
1251 1275 1333 1294 manu
1347 1267 1527 1294 transmarina
1547 1270 1698 1299 exaratum,
1725 1267 1908 1294 bibliothecae

1122 1312 1232 1340 Patrum
1249 1313 1388 1340 societatis
1401 1313 1546 1346 intulisse;
1562 1317 1590 1340 et
1601 1313 1664 1340 inde
1676 1312 1830 1345 Possinum,
1844 1321 1908 1340 cum

1121 1358 1223 1386 Romae
1233 1358 1352 1394 degeret,
1367 1363 1474 1393 praeter
1497 1359 1560 1391 alia,
1577 1357 1681 1386 isthaec
1693 1358 1843 1386 Macariana
1858 1359 1908 1387 de-

1121 1405 1274 1440 scripsisse.

1157 1450 1228 1478 XIII.
1244 1451 1312 1478 Cum
1327 1458 1394 1478 vero
1408 1449 1540 1478 Homiliae
1557 1450 1618 1477 illae
1642 1449 1836 1480 Palthenianae
1859 1457 1910 1476 no-

1122 1497 1187 1524 stris
1201 1497 1228 1524 in
1240 1497 1408 1532 bibliopoliis
1420 1504 1476 1523 non
1488 1496 1604 1531 amplius
1614 1499 1762 1528 exstarent,
1773 1494 1908 1529 Opuscula

1122 1546 1213 1568 autem
1235 1541 1339 1576 reliqua
1359 1549 1374 1569 a
1390 1541 1504 1568 Possino
1525 1540 1600 1568 edita
1615 1539 1753 1566 rarissime
1767 1539 1838 1574 apud
1858 1546 1909 1566 nos

1123 1587 1361 1622 conspicerentur,
1372 1587 1461 1614 visum
1474 1590 1527 1618 est,
1537 1593 1553 1613 e
1561 1593 1591 1612 rc
1601 1585 1658 1612 fore
1669 1585 1835 1621 reipublicae
1847 1584 1909 1611 lite-

1123 1632 1222 1664 rariae,
1233 1632 1420 1667 imprimisque
1428 1629 1578 1659 iuventutis
1587 1629 1734 1663 studiosae,
1744 1633 1850 1664 praeter
1857 1629 1910 1656 liu‘

1122 1686 1190 1713 guac
1204 1685 1316 1713 graecae
1336 1678 1449 1705 delicias
1460 1678 1556 1713 pietati
1575 1685 1684 1712 quoque
1705 1675 1853 1711 operantis,
1879 1675 1908 1702 in

1122 1732 1222 1760 corpus
1248 1732 1334 1752 unum
1363 1732 1493 1752 revocare
1527 1724 1619 1752 omnia
1652 1730 1721 1758 quae
1761 1721 1908 1749 Macarium

1121 1774 1272 1805 agnoscunt
1284 1775 1434 1801 auctorem,
1450 1770 1598 1797 Macarium
1618 1769 1739 1803 inquam,
1757 1774 1838 1802 quem
1852 1767 1909 1793 exi-

1121 1815 1264 1842 stimamus
1278 1822 1338 1842 esse
1363 1814 1533 1850 Aegyptium.
1560 1814 1628 1841 Nam
1653 1821 1723 1848 quae
1750 1812 1778 1839 in
1806 1811 1905 1838 biblio-

1121 1860 1200 1888 theca
1211 1860 1324 1888 Paulina
1344 1860 1482 1895 Lipsiensi
1509 1859 1695 1894 manuscripta
1720 1863 1818 1890 exstat,
1842 1862 1871 1884 et
1891 1864 1907 1883 a

1121 1907 1266 1935 Guilielmo
1279 1906 1362 1934 Cavio
1378 1914 1410 1933 ac
1424 1906 1523 1933 Iacobo
1536 1905 1623 1933 Tollio
1641 1905 1668 1932 in
1685 1903 1800 1931 latinum
1825 1902 1907 1930 simul

1121 1961 1252 1980 conversa
1270 1952 1378 1987 prodita
1397 1957 1439 1980 est
1458 1952 1497 1979 De
1512 1954 1618 1979 animae
1637 1947 1766 1978 iustorum
1788 1953 1908 1985 peccato-

1121 2007 1231 2035 rumque
1240 2000 1309 2026 exitu
1323 1998 1416 2026 Oratio
1426 1998 1476 2034 (5),
1487 2003 1515 2026 et
1529 1998 1557 2024 in
1567 1997 1647 2024 titulo
1658 1995 1841 2024 Alexandrino
1851 1994 1909 2021 Ma-

1121 2046 1196 2074 cario
1211 2045 1386 2077 adscribitur,
1402 2049 1430 2072 et
1444 2045 1530 2072 aniles
1547 2044 1707 2078 ineptasque
1718 2041 1823 2068 fabulas
1832 2048 1909 2067 com-

1121 2091 1260 2127 plectitur,
1275 2090 1475 2118 utrecentioris
1491 2089 1632 2117 cuiusdam
1659 2087 1780 2124 graeculi
1810 2086 1906 2114 videa-

1122 2141 1167 2164 tur
1179 2144 1238 2164 esse
1255 2140 1449 2169 commentum,
1464 2143 1515 2163 nec
1527 2135 1642 2170 proinde
1657 2134 1703 2161 hic
1715 2134 1806 2161 locum
1827 2132 1906 2159 inve-

1121 2182 1181 2209 nire
1196 2182 1326 2216 potuerit.

1156 2228 1225 2255 XIV.
1240 2228 1315 2261 Quae
1331 2235 1396 2255 vero
1406 2228 1478 2255 circa
1494 2227 1625 2255 Homilias
1642 2234 1657 2254 a
1675 2226 1755 2254 nobis
1763 2225 1817 2253 sint
1827 2233 1908 2261 prae-

286 2273 316 2297 α
339 2271 459 2305 antiquis
482 2271 620 2307 incognito
641 2272 756 2300 Macario
786 2273 942 2301 adscribere
965 2277 1068 2308 posset.
1085 2278 1106 2305 ι)
1121 2275 1194 2306 stita,
1212 2273 1246 2301 de
1257 2274 1290 2300 iis
1305 2273 1333 2300 in
1349 2273 1516 2308 praefatione
1535 2273 1568 2301 ad
1593 2272 1702 2300 easdem
1725 2275 1815 2298 aetum
1842 2270 1905 2297 fuit.

286 2316 447 2352 Quanquam
458 2318 568 2345 interim
593 2318 726 2353 refragari
746 2319 876 2351 nolimus,
902 2319 997 2352 fuisse,
1023 2320 1070 2355 qui

286 2372 321 2392 ex
331 2372 380 2392 ore
401 2365 430 2392 di
446 2365 450 2401 |
466 2365 553 2393 centis
575 2366 663 2393 saltim
686 2366 795 2393 Macarii
819 2366 887 2393 haec
909 2367 1069 2402 exceperit:

287 2410 361 2438 unde
374 2414 402 2438 et
413 2419 472 2439 esse
482 2417 618 2446 putamus,
632 2420 682 2439 cur
692 2417 746 2439 tam
760 2412 918 2447 frequenter
929 2412 957 2439 in
968 2413 1072 2440 Graeco

287 2464 339 2483 vox
351 2456 404 2492 ἔφη
416 2462 552 2489 occurrat,
567 2458 594 2485 in
604 2458 730 2485 versione
751 2464 782 2486 ut
794 2459 940 2494 plurimum
953 2459 1071 2492 omissa;

287 2506 320 2529 ut
332 2502 401 2530 adeo
421 2503 543 2530 omnium
566 2504 688 2539 quidem,
712 2512 782 2539 quae
799 2505 954 2537 traduntur,
977 2510 1072 2533 auctor

287 2546 373 2575 fuerit
384 2548 534 2582 Macarius,
557 2557 714 2586 quanquam
728 2550 786 2586 ipse
811 2550 856 2578 illa
876 2558 931 2579 non
953 2552 1071 2586 scripse-

288 2593 335 2621 rit.

316 2639 376 2666 XII.
391 2640 550 2668 Pertineant
559 2649 625 2676 ergo
641 2641 729 2670 foetus
742 2643 786 2670 isti
799 2651 848 2677 per
860 2651 911 2670 nos
934 2643 967 2670 ad
980 2643 1067 2670 Maca-

288 2685 362 2712 rium
383 2686 555 2721 Aegyptium.
578 2687 656 2715 Nunc
679 2696 732 2723 qua
760 2689 864 2716 ratione
883 2697 916 2716 ex
937 2689 1068 2720 tenebris,

288 2730 390 2764 quibus
410 2731 584 2766 circumsepti
618 2740 668 2766 per
692 2733 796 2767 aliquot
825 2733 931 2760 saecula
950 2733 1068 2765 fuerant,

287 2774 461 2807 emerserint,
474 2775 589 2810 agedum
619 2775 767 2803 videamus.
792 2776 924 2804 Ilomiliae
952 2776 1069 2811 primunt

1120 2319 1198 2347 Nunc
1212 2327 1277 2346 vero
1294 2318 1359 2353 quid
1384 2318 1456 2345 circa
1478 2318 1626 2353 Opuscula,
1647 2324 1716 2352 quae
1741 2320 1905 2351 sequuntur,

1121 2365 1240 2400 quidque
1268 2365 1341 2392 circa
1356 2364 1590 2399 Apophthegmata
1611 2364 1758 2399 egerimus,
1787 2362 1908 2389 breviter

1122 2411 1298 2438 iudicandum
1318 2415 1368 2437 est.
1387 2411 1416 2437 In
1429 2410 1572 2446 Opusculis
1586 2414 1676 2437 autem
1703 2409 1756 2436 illis
1776 2408 1822 2435 VII
1840 2408 1907 2435 Pos-

1121 2457 1173 2484 sini
1192 2456 1352 2488 editionem,
1374 2464 1436 2483 cum
1463 2456 1654 2491 manuscriptis
1679 2455 1906 2486 destitueremur,

1121 2502 1207 2530 secuti
1237 2509 1341 2533 sumus,
1356 2501 1471 2529 sublatis
1503 2507 1605 2534 tamen,
1630 2509 1699 2536 quae
1732 2501 1759 2527 in
1784 2498 1907 2527 editione

1120 2548 1278 2576 Possiniana
1288 2547 1455 2582 apparebant
1463 2547 1692 2582 frequentissime,
1708 2545 1908 2581 sphalmatibus

1121 2595 1332 2630 typographicis.
1348 2594 1439 2629 Longe
1449 2594 1527 2628 plura
1535 2593 1609 2620 circa
1626 2593 1778 2619 versionem
1793 2591 1907 2618 latinam

1122 2641 1226 2676 agenda
1249 2641 1412 2667 invenimus.
1432 2640 1560 2666 Possinus
1578 2639 1652 2666 enim
1671 2646 1756 2673 genus
1769 2638 1907 2672 interpre-

1124 2687 1198 2714 tandi
1211 2687 1324 2714 liberius
1334 2691 1455 2719 secutus,
1469 2685 1584 2714 mirifice
1592 2693 1648 2713 non
1665 2685 1669 2720 ι
1686 2693 1748 2712 raro
1761 2689 1905 2719 evagatur,

1124 2734 1158 2759 ut'
1172 2734 1395 2761 commentatoris
1411 2732 1512 2768 potius,
1528 2740 1608 2766 quam
1633 2730 1791 2766 interpretis
1814 2735 1908 2765 partes

1124 2780 1275 2814 suscepisse
1289 2779 1378 2808 videri
1390 2779 1494 2814 possit;
1517 2785 1586 2813 quae
1605 2777 1722 2805 instituti
1746 2776 1815 2803 ratio
1842 2776 1908 2804 licet

1038 2835 1152 2864 NOTAE
1157 2857 1163 2864 .

325 2876 363 2914 (ρ)
376 2877 529 2914 Gangist:
546 2878 594 2905 Lit.
612 2879 642 2905 ιι.
660 2879 689 2906 II
703 2889 730 2914 ρ.
747 2880 792 2907 76.

324 2911 361 2946 (ε)
375 2912 413 2938 Id.
435 2912 501 2939 um.
515 2913 566 2940 La.
585 2914 615 2940 ι).
632 2914 660 2941 ιι
673 2911 753 2948 p.'75.

1153 2883 1190 2916 (ὖ)
1208 2883 1246 2910 Id.
1269 2884 1335 2911 Hist.
1353 2884 1402 2912 Lit.
1415 2882 1445 2911 Ρ.
1460 2883 1474 2911 1
1493 2892 1519 2919 p.
1535 2883 1594 2911 708.
1614 2882 1716 2910 Tollius
1729 2880 1906 2916 Ituigthin.

1120 2917 1182 2945 Ital.
1197 2927 1223 2954 ρ.
1241 2918 1299 2946 I99.
