2064 3152
187 190 240 218 365

606 194 652 222 AD
671 195 859 224 EDITIONEM
878 195 996 224 OPUSC.
1018 197 1046 225 S.
1066 197 1207 225 MACARII
1224 198 1391 226 AEGYPTIL

1741 194 1796 223 506

186 255 250 276 cum
264 248 355 284 aliqua
368 250 480 279 lectoris
494 251 611 280 utilitate
628 253 773 281 coniuncta
787 254 834 286 sit,
849 255 909 282 eius
930 258 970 282 ta—
983 258 1005 286 Α
1018 256 1060 283 vel
1074 256 1146 283 vitae
1161 255 1274 283 delicias
1292 259 1321 283 et
1335 262 1396 282 com
1411 254 1416 289 Ι
1432 253 1514 282 moda
1532 252 1630 288 cupide
1655 257 1795 280 consecta-

185 298 259 326 men,
272 294 319 329 qui
331 302 484 324 sermonem
499 297 615 325 alicuius
632 298 661 326 in
683 299 758 326 aliud
784 299 884 326 idioma
904 307 969 327 con-

185 343 294 366 vertere
310 339 440 374 instituit,
452 341 553 370 limites
568 343 717 378 egreditur,
732 351 795 371 cum
813 343 871 371 sine
885 343 968 371 dubio

186 383 239 411 hoc
255 384 291 411 sit
304 384 437 419 optimum
451 386 647 422 interpretandi
661 395 757 423 genus,
781 396 843 416 cum
863 388 968 423 simpli-

186 428 295 456 cissime
308 430 401 458 verbis
412 432 532 459 auctoris
546 432 713 465 inhaeretur,
731 437 822 461 mente
835 433 895 460 eius
910 433 969 460 sine

185 474 339 502 ambitiosis
351 475 417 503 hinc
439 476 503 504 inde
523 477 733 505 excursionibus
756 481 967 512 repraesentata.

184 519 317 547 Possinus
329 528 396 548 vero
406 525 434 548 et
447 522 570 549 excurrit
587 522 765 556 creberrime,
781 527 809 550 et
829 526 970 558 praeterea

185 571 272 599 genus
287 565 418 600 loquendi
430 567 555 602 sequitur
575 567 732 601 fastuosius,
751 576 783 596 ac
808 568 896 596 altius
905 575 969 595 ver-

185 609 229 637 bis
245 610 376 646 adsurgit,
395 620 477 648 quam
495 613 674 648 interpretem
697 614 794 642 decere
813 614 968 642 videbatur.

184 655 241 683 Nos
256 656 348 692 itaque
363 659 500 694 superﬂua
512 660 691 693 resecuimus,
707 664 737 688 et
757 668 828 695 quae
855 667 969 696 pompo-

185 700 244 728 sius
269 701 407 736 dicuntur,
430 708 591 740 tumoreque
619 705 711 740 aliquo
734 705 827 733 inﬂata
847 711 921 738 sunt,
936 705 970 733 ad

185 745 347 774 modestiam
362 748 526 783 redegimus,
549 750 576 777 id
599 750 700 785 ubique
724 750 819 778 sedulo
840 755 971 779 navantes

185 798 309 825 operam,
322 797 351 819 ut
363 793 472 821 Macarii
481 796 597 830 cogitata
609 796 701 823 verbis
712 795 739 823 in
753 796 837 824 latino
846 804 971 824 sermone

185 837 350 872 perspicuis,
366 839 456 873 planis
480 844 508 868 et
529 845 625 876 sponte
648 841 797 868 ﬂuentibus
821 841 971 869 lectoribus

185 882 379 911 exhibeautur.
395 884 453 918 Qua
469 886 497 913 in
510 894 540 913 re
553 886 663 921 quidem
679 887 753 914 haud
768 887 881 922 exiguae
904 888 970 915 tole-

1019 305 1081 329 tur:
1103 302 1191 329 eidem
1202 309 1257 329 non
1273 305 1388 336 possunt
1402 308 1456 328 non
1471 300 1514 328 vel
1529 300 1633 335 ingrata
1645 306 1705 327 esse
1716 298 1796 334 peni-

1018 350 1063 374 tus
1074 352 1102 374 et
1114 346 1231 377 fastidio,
1246 345 1289 373 vel
1305 345 1382 380 plane
1393 352 1449 371 non
1460 343 1649 378 intelligibilia,
1669 350 1738 377 quae
1760 341 1795 370 ah

1018 392 1170 423 animabus,
1183 396 1254 419 totas
1266 398 1295 419 se
1307 390 1508 418 sublimioribus
1524 389 1732 425 cogitationibus
1749 388 1797 416 de-

1018 437 1158 470 dentibus,
1166 441 1195 463 et
1206 444 1221 463 a
1234 435 1327 463 divino
1339 435 1447 471 Spiritu.
1454 433 1589 469 copiosius
1599 433 1750 464 illustratis,
1763 432 1797 459 de

1018 482 1113 510 salutis
1127 482 1261 509 humanae
1277 481 1386 516 negotio
1401 479 1504 515 Deique
1524 479 1553 506 in
1574 478 1678 505 animas
1700 485 1797 512 opera-

1019 529 1093 557 tione
1107 529 1248 564 praeclare
1260 528 1443 555 disseruntur.
1461 525 1515 553 Sed
1530 525 1582 560 'qui
1598 524 1716 559 impulsu
1726 523 1797 551 divi-

1018 575 1090 602 nieri
1105 575 1240 602 excitatus
1254 573 1307 602 sibi
1318 573 1372 600 iam
1388 572 1529 600 attendere
1544 570 1650 604 incipit,
1671 574 1699 597 et
1719 568 1747 596 id
1765 575 1798 596 ea

1019 627 1081 647 cum
1093 627 1168 652 cura,
1182 627 1263 655 quam
1286 617 1388 653 negotii
1413 616 1535 652 exposcit
1557 613 1726 646 sublimitas;
1751 612 1799 647 qui

1019 673 1099 700 quam
1115 665 1184 692 nihil
1204 665 1238 692 ad
1262 672 1355 693 veram
1379 662 1498 690 hominis
1523 664 1748 693 constantemque
1771 661 1801 685 et

1019 716 1156 739 aeternam
1169 710 1310 739 conferant
1331 709 1488 737 felicitatem
1507 707 1608 738 omnia,
1631 712 1701 740 quae
1724 704 1801 738 lapsa

1019 755 1047 783 in
1063 758 1204 790 peccatum
1221 755 1382 790 perditaque
1395 758 1450 781 tam
1463 752 1554 787 magni
1567 751 1691 778 aestimat
1702 753 1801 776 natura

1019 800 1137 828 humana
1147 799 1271 832 edoctus,
1287 799 1340 827 iam
1360 799 1394 826 ad
1418 799 1513 830 Deum,
1527 795 1704 824 beatitudinis
1713 793 1803 821 omnis

1019 845 1131 878 fontem,
1143 850 1171 873 et
1179 845 1214 872 ad
1224 845 1272 873 Dei
1284 844 1441 880 propiorem
1451 841 1672 873 coniunctionem
1685 839 1802 867 sollicite

1019 889 1149 924 adspirat,
1162 889 1238 917 etde
1260 887 1408 916 obtinenda
1431 887 1536 914 animae
1555 892 1619 912 suae
1642 882 1728 910 salute
1752 880 1802 908 de-

185 928 288 956 randae
300 929 378 957 nobis
391 930 503 959 fuerunt
523 933 674 965 molestiae,
694 941 757 960 cum
781 933 861 969 longe
883 933 972 961 minus
987 936 1008 964 B
1022 939 1115 964 center
1130 934 1244 969 satagit:
1269 934 1314 961 ille
1335 933 1445 960 demum
1473 931 1502 958 in
1525 929 1641 957 Macario
1671 925 1804 958 offendet,

186 974 222 1001 sit
237 974 356 1008 diﬂicile,
382 983 431 1004 sua
463 978 554 1012 potius
573 979 707 1013 proferre,
735 978 874 1013 indolique
903 986 968 1006 suae

185 1019 398 1053 accommodata,
419 1029 500 1056 quam
523 1022 552 1050 in
574 1024 690 1050 aliorum
714 1023 853 1051 laboribus
874 1031 968 1051 emen-

186 1064 283 1092 dandis
298 1071 459 1101 occupatum
475 1075 545 1095 esse.
571 1068 665 1104 Neque
686 1073 777 1097 tamen
800 1075 909 1097 censeat
927 1069 968 1097 le—

185 1112 246 1136 ctor
257 1109 349 1142 velim,
366 1111 435 1139 nihil
450 1111 479 1139 in
489 1112 614 1140 versione
625 1118 728 1141 restare
751 1115 877 1149 amplius,
896 1115 969 1150 quod

186 1154 324 1182 luxuriem
340 1155 446 1184 Possini
456 1158 553 1193 sapiat,
567 1162 615 1185 aut
627 1159 694 1187 alias
712 1159 741 1186 in
752 1159 850 1187 melius
862 1159 970 1187 restitui

186 1208 243 1228 non
257 1201 410 1236 potuisset;
430 1203 496 1230 satis
518 1205 598 1232 nobis
618 1205 679 1238 fuit,
705 1209 810 1233 tantum
829 1205 880 1233 hac
910 1205 970 1233 vice

186 1250 337 1279 praestare,
356 1251 488 1281 quantum
497 1249 692 1283 praestitimus,
707 1249 813 1285 reliqua
836 1250 970 1277 lectorum

187 1289 292 1318 iudicio
304 1292 503 1326 permittentes.
516 1293 750 1330 Apophthegmata
760 1303 826 1322 vero
835 1295 896 1323 viro
904 1303 969 1323 cru--

187 1336 323 1364 ditissima
335 1337 373 1364 lo.
388 1338 524 1373 Baptistae
538 1339 683 1372 Cotelerio,
696 1340 804 1376 linguae
818 1348 931 1376 graecae
942 1341 970 1368 in

186 1381 325 1409 academia
339 1382 460 1410 Parisina
483 1383 633 1412 Professori
648 1385 724 1421 regio
745 1385 885 1419 debemus,
901 1393 970 1421 quae

187 1425 256 1461 ipse,
271 1435 334 1454 cum
351 1428 380 1455 in
393 1428 560 1457 bibliotheca
573 1430 658 1466 Regia
672 1432 857 1466 manuscripta
866 1431 971 1459 inveni-

188 1474 240 1502 ret,
253 1470 338 1498 Tomo
352 1471 609 1501 [Monumentorum
624 1475 761 1502 Ecclesiae
774 1475 902 1509 Graecae,
918 1476 972 1504 Lu-

189 1515 270 1543 tetiae
282 1517 445 1545 Parisiorum
458 1526 530 1546 anno
546 1519 550 1554 [
566 1519 754 1548 MDCLXXVII
764 1521 969 1556 prodeuntium,

190 1561 291 1590 inserta
307 1562 402 1590 edidit.
421 1564 552 1592 Eiusdem
566 1573 676 1600 quoque
686 1567 840 1595 versionem
854 1568 970 1595 retinui-

1021 981 1093 1009 unde
1105 979 1338 1008 abundantissime
1354 979 1412 1013 ipse
1437 977 1511 1005 sitim
1534 983 1610 1003 suam
1640 973 1801 1007 restinguat.

1055 1027 1125 1055 XVI.
1143 1026 1213 1060 Quid
1225 1025 1299 1054 enim
1312 1025 1341 1052 in
1358 1024 1455 1051 iisdem
1476 1021 1596 1050 occurrit
1622 1019 1695 1046 aliud
1721 1025 1803 1052 quam

1021 1072 1163 1100 sanissima
1175 1072 1220 1099 illa
1236 1069 1467 1104 saluberrimaque
1483 1068 1511 1095 in
1542 1073 1650 1094 omnem
1671 1063 1804 1092 Christia-

1021 1117 1103 1145 nismi
1113 1121 1218 1152 partem
1234 1115 1378 1151 dogmata?
1390 1115 1480 1149 Lapsu
1496 1113 1645 1140 humanum
1668 1117 1754 1145 genus
1774 1108 1803 1135 in

1021 1167 1163 1198 peccatum
1180 1161 1332 1189 miserrime
1354 1168 1415 1188 esse
1438 1164 1596 1194 corruptum
1620 1161 1647 1184 et
1667 1155 1804 1183 deforma-

1022 1213 1090 1241 tum,
1111 1212 1142 1235 ut
1156 1215 1266 1235 aversae
1277 1207 1331 1234 iam
1342 1206 1422 1233 aDeo
1435 1209 1541 1232 mentes
1554 1203 1695 1230 hominum
1707 1200 1741 1228 ab
1757 1199 1804 1227 ad-

1021 1254 1142 1282 versaria
1157 1253 1268 1289 maligni
1279 1253 1391 1288 spiritus
1404 1254 1539 1287 potestate
1551 1250 1579 1276 in
1592 1248 1681 1276 omnis
1696 1246 1805 1282 generis

1022 1300 1135 1336 grandia
1161 1303 1270 1335 peccata
1292 1298 1471 1333 abripiantur.
1497 1295 1562 1324 inde
1590 1293 1681 1321 divina
1717 1291 1805 1328 gratia

1023 1355 1082 1375 esse
1095 1354 1174 1381 opus,
1192 1350 1223 1372 ut
1236 1349 1291 1372 tam
1303 1344 1373 1371 male
1388 1351 1417 1370 se
1431 1342 1536 1370 habens
1551 1349 1584 1368 ex
1601 1343 1712 1375 peccato
1728 1345 1804 1365 mor-

1024 1393 1117 1421 talium
1131 1399 1217 1427 genus
1232 1389 1411 1418 convalescat.
1424 1387 1500 1415 Hanc
1516 1393 1582 1414 vero
1598 1391 1736 1418 nunquam
1747 1389 1804 1410 non

1024 1439 1052 1466 in
1067 1438 1184 1466 animam
1199 1436 1318 1464 hominis
1337 1439 1462 1471 potenter
1475 1432 1593 1468 operari,
1611 1435 1642 1458 ut
1665 1430 1723 1465 ipsa
1744 1436 1808 1456 ere-

1024 1487 1069 1517 pta
1080 1481 1236 1509 adversario
1249 1487 1298 1508 suo
1314 1479 1342 1506 in
1361 1479 1515 1507 libertatem
1533 1476 1693 1506 adseratur;
1711 1473 1806 1508 despe-

1024 1529 1140 1556 randum
1155 1535 1215 1555 esse
1226 1526 1330 1554 homini
1343 1525 1376 1553 de
1387 1525 1444 1552 suis
1456 1523 1572 1554 viribus,
1584 1521 1636 1549 nisi
1651 1520 1702 1555 ipsi
1713 1528 1729 1546 a
1743 1519 1804 1553 Spi-

1025 1575 1079 1602 ritu
1091 1573 1200 1602 coelesti
1216 1572 1335 1608 gratiose
1348 1570 1536 1598 subveniatur.
1553 1568 1694 1596 Christum
1710 1574 1725 1593 a
1748 1565 1805 1592 Deo

189 1616 261 1641 nius,
274 1616 336 1636 cum
351 1610 409 1645 ipse
425 1615 569 1639 auctorum
593 1612 685 1640 verbis
710 1612 818 1641 insistat
838 1614 969 1649 pressius,
984 1611 1006 1641 C
1022 1619 1179 1647 hominibus
1198 1618 1362 1646 destinatum
1388 1624 1418 1644 re
1433 1616 1438 1651 Ι
1454 1615 1624 1650 demptorem
1645 1617 1673 1640 et
1710 1618 1805 1638 omnes

189 1659 218 1682 et
231 1663 317 1690 genus
331 1656 469 1683 scribendi
495 1662 625 1691 sequatur
645 1658 769 1693 simplex,
782 1659 927 1693 liquidum,
944 1663 973 1687 et

190 1700 224 1727 ab
241 1701 315 1728 omni
335 1706 440 1729 tumore
457 1707 610 1738 ornatuque
625 1703 704 1731 anxie
728 1704 882 1739 conquisite
904 1705 972 1732 alie-

191 1753 265 1772 num.
278 1745 388 1774 Adiecta
401 1748 520 1783 denique
535 1757 551 1776 a
565 1749 645 1776 nobis
662 1753 726 1776 sunt
746 1749 895 1785 fragmenta
918 1751 973 1778 Ma-

191 1793 299 1820 cariana
312 1793 401 1822 adhuc
416 1795 478 1828 alia,
499 1803 569 1830 quae
588 1801 713 1824 auctores
731 1797 797 1824 hinc
811 1796 874 1824 inde
899 1798 972 1824 evol-

189 1838 317 1866 ventibus
330 1846 358 1866 se
368 1839 447 1867 nobis
460 1840 629 1868 obtulerunt.

224 1893 280 1922 XV.
290 1894 368 1922 Nunc
377 1895 410 1922 ad
421 1895 510 1931 ipsum
524 1897 638 1932 propius
649 1897 813 1925 intuendum
824 1897 973 1926 Macarium

190 1939 360 1967 accedamus.
373 1940 506 1968 Constare
519 1945 611 1969 autem
623 1942 664 1969 vel
685 1949 719 1969 ex
740 1941 828 1977 prima
854 1940 973 1977 Operum

189 1982 249 2010 eius
262 1983 430 2019 inspectione
445 1986 547 2020 poterit
561 1986 699 2019 omnibus,
716 1986 806 2013 virum
821 1985 904 2014 fuisse
917 1986 973 2014 Ma-

190 2028 294 2054 carium
310 2033 341 2056 ut
349 2029 500 2058 sanctitatis
520 2031 762 2064 studiosissimum,
785 2032 822 2058 ita
845 2032 873 2059 in
891 2032 974 2059 rebus

191 2071 291 2100 divinis
303 2077 331 2100 et
345 2074 544 2110 spiritualibus,
561 2075 585 2103 si
603 2076 688 2103 ullum
709 2076 803 2109 alium,
820 2077 898 2112 longe
928 2084 974 2104 ex-

191 2119 387 2152 pertissimum,
404 2125 433 2148 et
448 2120 616 2149 admirandis
630 2121 731 2157 gratiae
745 2122 852 2149 divinae
864 2122 974 2150 dotibus

193 2164 329 2192 cumulate
345 2171 525 2200 exornatum;
550 2167 645 2202 quales
671 2167 718 2202 qui
741 2172 815 2200 sunt,
842 2168 881 2195 illi
909 2176 974 2196 vero

192 2211 310 2238 maxime
323 2212 445 2240 omnium
461 2213 582 2241 existunt
596 2213 698 2246 idonei,
716 2214 773 2248 qui,
790 2222 843 2249 qua
857 2214 917 2242 luce
933 2215 974 2241 di-

190 2255 253 2283 vina
270 2256 450 2290 illustrantur,
476 2258 544 2286 alios
564 2259 738 2294 perfundant.
767 2259 796 2287 Si
823 2259 885 2294 quis
908 2268 973 2295 ergo

190 2306 242 2334 est,
258 2302 316 2336 qui,
329 2303 428 2330 nucleo
439 2303 551 2339 insuper
566 2304 670 2337 habito,
684 2309 796 2332 externo
812 2305 914 2332 cortice
925 2305 973 2332 dc-

190 2347 318 2380 lectatur,
349 2349 397 2383 qui
425 2349 571 2377 verborum
601 2349 721 2378 ﬂosculis
741 2350 862 2384 ducitur,
891 2351 975 2379 rebus

191 2394 364 2428 contemptis,
381 2395 427 2430 qui
441 2400 530 2423 mente
544 2401 634 2424 terrae
645 2395 722 2424 atlixa
738 2396 865 2424 coelestia
877 2396 905 2423 in
921 2397 973 2424 mi—

189 2440 273 2467 nimis
288 2441 380 2473 habet,
395 2441 438 2468 cui
456 2449 583 2469 nauseam
600 2445 684 2474 creat,
696 2442 829 2476 quidquid
845 2442 878 2470 de
891 2451 973 2470 carne

190 2485 266 2512 cruci
279 2485 429 2521 deligenda,
442 2491 470 2513 et
492 2486 526 2514 de
550 2491 681 2522 perpetua
706 2487 806 2514 mentis
832 2487 865 2514 ad
887 2488 973 2514 Deum

189 2532 341 2559 elevatione
362 2532 471 2565 dicitur,
495 2537 523 2560 et
552 2534 599 2568 qui
627 2533 754 2568 denique,
780 2533 912 2569 quidquid
939 2533 973 2561 ad

189 2584 282 2604 veram
298 2576 467 2612 solidamque
483 2585 545 2604 cum
560 2577 704 2605 devotione
718 2577 846 2612 pietatem
863 2578 971 2610 attinet,

189 2623 218 2650 in
235 2623 363 2650 extremis
376 2629 472 2652 curat:
488 2631 551 2651 eum
568 2629 673 2651 certum
690 2632 748 2651 esse
761 2624 852 2658 iubeo,
869 2632 973 2659 nequa-

191 2676 271 2703 quam
285 2676 325 2700 se,
339 2668 412 2703 quod
431 2669 523 2696 iuvare
540 2668 600 2696 eius
613 2669 698 2703 possit
714 2669 845 2701 animum,
870 2669 915 2696 hic
927 2677 971 2697 re-

190 2719 333 2749 perturum
346 2722 415 2742 esse.
431 2715 498 2742 Nam
514 2715 561 2750 qui
577 2715 629 2742 hac
647 2720 737 2742 mente
749 2723 803 2742 non
827 2719 868 2743 est
890 2724 972 2750 prae—

191 2759 275 2791 ditus,
292 2763 324 2786 ut
337 2760 500 2794 posthabitis
514 2760 597 2787 rebus
613 2759 664 2787 sub
692 2760 849 2794 adspeetum
873 2761 973 2788 caden-

192 2807 276 2838 tibus,
289 2807 403 2833 immoto
421 2806 503 2833 animi
525 2806 665 2842 proposito
692 2806 837 2834 desideriis
859 2807 926 2839 suis,
947 2810 976 2834 et

192 2851 321 2879 omnibus
344 2851 451 2880 animae
471 2853 575 2880 viribus
601 2852 628 2879 in
651 2852 803 2887 spiritualia
829 2852 975 2888 divinaque

190 2897 300 2942 ~feratur
310 2906 319 2931 ;
331 2902 359 2926 et
371 2902 467 2927 contra
482 2899 525 2926 vel
537 2899 639 2935 gloriae
652 2899 749 2928 saltem
763 2907 828 2928 suae
849 2899 974 2933 inservit,

1021 1665 1147 1693 homines
1156 1664 1268 1700 profuso
1281 1662 1412 1698 sanguine
1428 1661 1562 1696 expiame,
1577 1663 1604 1687 ct
1627 1658 1656 1685 in
1681 1656 1805 1684 omnium

1021 1712 1137 1739 salutem
1160 1709 1300 1737 hominum
1325 1708 1440 1735 solerter
1464 1705 1632 1733 incumbere.
1653 1701 1730 1736 Quod
1750 1706 1805 1729 tam

1022 1756 1187 1791 frequenter,
1203 1759 1312 1788 tamque
1327 1751 1446 1779 dilucide
1468 1750 1585 1778 inculcat
1609 1747 1751 1780 Macarius,
1773 1751 1804 1773 ut

1021 1802 1059 1829 lo.
1073 1800 1230 1829 Gerhardus
1243 1799 1364 1830 Vossius,
1377 1797 1420 1824 vir
1434 1797 1461 1824 in
1477 1795 1626 1824 evolvenda
1643 1793 1806 1828 antiquitate

1022 1845 1255 1881 diligentissimus,
1273 1844 1301 1871 in
1317 1843 1474 1871 doctissimo
1490 1840 1625 1869 Historiae
1645 1839 1806 1874 Pelagianae

1022 1897 1114 1926 opere,
1128 1898 1190 1917 cum
1200 1889 1228 1916 id
1239 1889 1354 1924 probare
1365 1888 1456 1919 debet,
1470 1886 1616 1913 Macarium
1626 1885 1654 1912 in
1665 1883 1806 1911 doctrinae

1022 1941 1078 1964 tam
1090 1935 1217 1964 salutaris
1229 1938 1327 1962 testem
1340 1933 1505 1961 creberrime
1517 1932 1626 1960 excitet.
1638 1930 1724 1964 Quam
1739 1937 1805 1964 por-

1023 1991 1054 2010 ro
1076 1983 1156 2010 docet
1177 1981 1294 2016 egregie,
1312 1979 1422 2014 quantis
1445 1978 1552 2005 insidiis
1576 1981 1682 2004 satanas
1701 1975 1810 2002 animas,

1023 2029 1165 2056 hominum
1175 2026 1384 2059 circumveniat,
1396 2033 1532 2061 quamque
1548 2026 1705 2051 constanter
1712 2021 1804 2048 homir

1023 2082 1089 2102 num
1104 2073 1219 2101 salutem
1240 2076 1365 2100 evertere
1388 2071 1506 2099 studeat.
1528 2070 1633 2104 Quanta
1655 2067 1805 2096 certamina

1023 2119 1127 2147 homini
1158 2119 1273 2146 salutem
1309 2117 1488 2153 acquisituro,
1511 2123 1592 2150 quam
1620 2113 1804 2145 vehementia,

1023 2172 1159 2200 quamque
1175 2163 1293 2192 difﬁcilia
1305 2171 1354 2199 per
1369 2170 1450 2190 omne
1469 2162 1540 2189 vitae
1558 2166 1665 2196 tempus
1677 2160 1732 2188 sint
1743 2166 1804 2186 sus-

1023 2210 1158 2239 stinenda.
1171 2209 1276 2243 Quanta
1287 2217 1349 2237 cum
1366 2208 1510 2236 devotione
1531 2212 1558 2235 et
1578 2214 1659 2242 quam
1676 2205 1807 2233 ardenter

1024 2263 1132 2291 semper
1146 2263 1241 2290 preces
1255 2254 1289 2282 ad
1302 2255 1388 2282 Deum
1400 2254 1455 2281 sint
1468 2252 1631 2280 fundendae.
1642 2250 1729 2284 Quam
1744 2249 1806 2277 dili-

1024 2305 1120 2336 genter
1130 2301 1164 2328 ad
1177 2308 1222 2327 res
1235 2299 1342 2327 divinas
1364 2307 1459 2326 omnes
1472 2298 1556 2326 animi
1573 2297 1738 2332 cupiditates
1749 2295 1806 2322 sint

1022 2345 1183 2380 alligaudae.
1193 2345 1227 2372 Et
1239 2344 1367 2379 denique,
1383 2348 1413 2371 ut
1428 2343 1548 2370 breviter
1559 2342 1724 2376 complectar
1744 2347 1804 2367 om-

1022 2390 1078 2422 nia,
1091 2389 1157 2424 quid
1170 2393 1267 2416 natura
1284 2389 1319 2416 sit
1332 2392 1360 2416 et
1371 2389 1468 2424 gratia,
1483 2388 1584 2423 quibus
1596 2387 1681 2422 signis
1688 2390 1805 2420 utraque

1022 2436 1215 2470 dignoscatur:
1233 2441 1288 2468 quo
1303 2439 1377 2461 certe
1392 2434 1420 2460 in
1436 2433 1525 2468 capite
1541 2439 1674 2460 summam
1696 2429 1804 2465 sapien-

1022 2481 1076 2509 tiae
1087 2480 1236 2508 consistere
1255 2479 1327 2515 apud
1339 2479 1508 2507 Christianos
1532 2477 1654 2505 omnium
1680 2480 1724 2503 est
1742 2483 1804 2502 cer—

1024 2527 1169 2554 tissimum.
1186 2526 1221 2553 Et
1234 2525 1357 2560 profecto
1375 2525 1421 2551 vix
1434 2523 1528 2551 videre
1541 2530 1575 2550 ex
1587 2521 1726 2549 veteribus
1741 2528 1806 2548 con-

1023 2572 1084 2607 tigit
1097 2571 1194 2604 ullum,
1216 2571 1290 2598 unde
1313 2575 1367 2597 tam
1395 2570 1548 2597 luculenter
1575 2568 1684 2596 divinae
1703 2567 1805 2603 gratiae

1023 2617 1195 2653 operationes
1210 2621 1239 2645 et
1254 2616 1373 2644 indolem
1392 2616 1472 2643 licuit
1483 2614 1632 2642 addiscere.

1056 2718 1136 2745 XVII.
1154 2718 1183 2744 ln
1200 2717 1384 2752 pulcherrimo
1395 2725 1460 2744 vero
1472 2717 1525 2744 hoc
1534 2725 1649 2752 corpore
1661 2716 1683 2743 si
1695 2715 1806 2750 quidam

1024 2763 1266 2798 deprehendantur
1284 2763 1382 2789 naevi:
1400 2762 1465 2797 quid
1486 2763 1584 2790 mirum
1598 2766 1656 2795 est,
1675 2762 1697 2788 si
1709 2765 1736 2788 et
1753 2761 1808 2788 Ma-

1024 2809 1115 2837 carius
1139 2808 1223 2836 fuerit
1246 2808 1327 2835 homo
1358 2807 1469 2835 errandi
1500 2807 1623 2834 facilitati
1647 2806 1809 2842 expositus?

1024 2855 1081 2882 Nec
1093 2862 1127 2882 ex
1143 2853 1218 2881 omni
1232 2853 1397 2888 antiquitate
1411 2853 1471 2880 sisti
1488 2853 1574 2888 possit
1586 2853 1669 2885 ullus,
1680 2852 1727 2887 qui
1737 2851 1808 2879 labis

1027 2900 1116 2929 omnis
1127 2904 1156 2928 et
1171 2899 1272 2928 erroris
1286 2899 1369 2928 fuerit
1377 2901 1490 2935 expers!
1505 2899 1638 2929 Statuerit
1646 2906 1711 2935 ergo
1721 2897 1811 2926 Maea-
