2064 3152
268 176 320 204 567

764 173 926 202 ΑΝὓΙὶΕΑΕ
944 172 1127 201 GALLANDH
1147 171 1400 200 PROLEGOMENA

1828 168 1881 196 368

268 235 337 266 rius,
352 234 454 269 angelis
467 241 574 269 quoque
584 241 643 261 esse
655 241 754 269 corpus
763 233 899 268 quoddam
909 237 990 261 tenue
1002 234 1050 268 (ης
1067 242 1088 267 Α
1104 233 1208 262 stianae
1229 232 1368 268 religionis
1382 230 1545 259 detrimento
1569 228 1658 256 omitti
1684 226 1788 262 nequit.
1812 226 1880 254 Cum

269 280 454 308 condonemus
466 280 516 314 ipsi
530 279 747 315 qualemcunque
758 280 833 308 hunc
845 287 976 312 errorem,
987 287 1051 307 cum

269 326 363 354 Patres
383 325 517 353 Ecclesiae
531 325 679 354 venerandi
692 326 822 359 nominis,
841 325 883 353 vel
900 326 905 361 ι
921 325 960 353 uti
975 325 1052 353 Basi-

268 371 330 403 lius,
346 371 475 405 Ephrem,
489 370 607 406 Cyrillus
626 371 837 403 Alexandrinus,
857 370 1050 403 Tcrtullianus,

268 416 445 451 Augustinus,
461 416 590 448 Hilarius,
617 417 785 452 Fuigentius,
812 416 959 448 Arnobius,
985 415 1051 444 Cas-

268 463 371 494 sianus,
395 462 494 498 aliique
517 463 618 497 plures,
644 463 791 491 adnotante
815 463 896 490 etiam
926 463 1048 494 Possino,

267 507 385 535 eundem
401 508 560 535 erraverint.
576 508 604 535 Si
623 516 692 543 quae
705 512 734 535 et
752 516 833 543 porro
850 512 914 534 sunt
938 507 966 534 in
1000 506 1049 533 do-

268 552 407 587 gmatibus
418 552 500 580 tidem
511 553 703 585 attinentibus,
719 553 748 580 in
765 552 865 587 quibus
879 552 969 579 minus
976 556 1050 579 recte

268 598 387 625 sensisse
397 598 516 631 videtur,
529 590 603 626 ea'in
615 599 705 634 ipsum
721 604 830 627 utamur
852 597 936 624 animi
956 596 1052 632 aequi-

267 647 334 676 tate,
357 652 438 679 quam
460 645 575 680 reliquis
605 645 734 673 Patribus
759 645 879 681 graviter
907 643 1053 678 aliquando

267 689 499 718 ballucinantibus
514 691 724 726 haudquaquam
741 691 904 719 invidemus.
932 689 999 717 Nam
1025 689 1053 716 id

267 739 297 762 et
305 735 425 763 charitas
437 735 593 764 Christiana
605 736 738 771 exposcit,
751 741 779 764 et
789 737 848 764 sine
861 744 967 764 summo
975 734 1055 764 Chri-

1098 279 1172 307 enim
1188 279 1216 306 in
1232 278 1370 314 palmariis
1384 282 1413 305 et
1432 275 1594 311 capitalibus
1614 273 1677 301 ﬁdei
1697 271 1882 300 sanctissimae

1098 323 1234 359 capitibus
1247 328 1336 350 rectas
1348 321 1448 357 aliquis
1467 321 1541 348 fovet
1559 319 1715 354 opiniones.
1733 317 1756 344 si
1770 320 1881 352 propter

1099 369 1231 405 quaedam
1250 368 1341 396 minus
1360 368 1430 395 bene
1455 366 1528 394 dicta
1553 364 1752 393 condemnetur
1777 362 1881 394 statim,

1100 419 1247 443 censentur
1264 414 1368 448 reliqua
1382 420 1491 448 quoque
1505 412 1565 439 eius
1579 418 1638 438 esse
1651 417 1766 437 erronea
1781 413 1808 436 et
1819 415 1883 436 con-

1101 460 1261 488 demnanda.
1275 459 1334 492 Quo
1350 467 1415 486 casu
1436 465 1516 492 saepe
1533 457 1691 492 contingere
1715 455 1817 486 videas,
1842 458 1882 487 ut,

1100 514 1171 542 quae
1185 505 1360 534 admirandae
1372 505 1401 533 in
1411 504 1569 539 religionem
1580 502 1763 530 Christianam
1780 499 1885 527 utilita-

1102 555 1138 582 tis
1150 562 1220 586 esse,
1238 558 1267 581 et
1281 560 1339 580 rem
1351 551 1461 587 pietatis
1475 556 1584 578 strenue
1597 548 1727 576 adiuvare
1747 551 1884 582 poterant,

1101 607 1164 628 cum
1179 599 1236 634 ipsa
1245 598 1346 633 pietate
1359 596 1437 624 ﬂocci
1452 595 1519 623 ﬁant
1531 599 1559 622 et
1571 593 1788 630 proscribantur.

1138 645 1231 673 XVIII.
1246 644 1340 672 Restat
1363 647 1394 671 ut
1414 640 1572 670 testimonia
1599 640 1690 674 aliqua
1709 638 1744 666 de
1769 638 1887 666 Macario

1103 689 1292 717 subiiciamus.

922 793 1037 825 Suidas
1054 792 1088 822 in
1102 790 1256 823 Macario.

304 841 362 869 Duo
375 842 486 870 fuerunt
504 844 613 872 Macarii
630 844 752 873 eiusdem
771 845 890 872 nominis
909 849 990 880 atque
1004 843 1051 870 de-

1138 841 1190 868 Δύο
1203 840 1327 875 ἐγένοντο
1353 837 1492 872 Μακάριοι
1509 834 1649 871 ὁμώνυμοι
1666 833 1712 860 καὶ
1733 831 1890 868 περιϐόητοι

269 889 369 916 cantati
384 893 495 924 propter
511 891 640 919 exercitia
659 891 827 924 studiorum,
851 892 945 923 vitam,
967 897 1058 918 mores

269 938 352 969 atque
365 934 546 969 disciplinam.
561 935 638 963 Alter
650 936 759 971 quidem
775 936 932 971 Aegyptius,
946 936 993 971 qui
1008 935 1058 962 mi-

269 980 361 1007 racula
374 981 483 1014 edebat,
500 989 532 1009 ac
545 981 671 1017 religiosa
685 982 811 1010 cautione
825 983 854 1009 in
872 990 929 1014 eos,
946 982 952 1017 Ι
967 981 1014 1017 qui
1029 989 1058 1008 se

269 1027 477 1061 conveniebant,
493 1033 553 1056 erat
565 1036 687 1056 severus.
707 1029 784 1057 Alter
795 1028 996 1057 Alexandrinus
1011 1036 1060 1063 per

269 1072 361 1100 omnia
383 1073 480 1101 similis
498 1073 628 1109 Aegyptio
644 1080 672 1102 et
690 1075 827 1102 humanus
849 1083 855 1101 :
878 1073 947 1102 adeo
963 1074 1060 1101 huma-

270 1124 322 1144 nus
343 1122 402 1145 erat
421 1126 485 1154 erga
501 1126 558 1151 eos,
574 1120 622 1154 qui
644 1127 674 1147 se
695 1119 905 1152 conveniebant,
921 1125 951 1147 ut
970 1119 1059 1154 lepida

270 1162 426 1190 urbanitate
442 1163 544 1191 utendo
560 1164 673 1192 iuvenes
686 1164 719 1191 ad
738 1165 867 1192 exercitia
889 1168 1057 1199 provocaret.

270 1207 374 1235 Horum
395 1209 528 1245 Evagrius
550 1210 700 1246 discipulus
723 1210 821 1243 factus,
844 1210 923 1237 factis
941 1210 1061 1244 philoso-

270 1254 362 1288 phiam
373 1255 506 1287 excreuit,
524 1255 571 1291 qui
586 1255 663 1290 prius
679 1255 772 1283 verbis
789 1255 922 1283 duntaxat
937 1255 1060 1290 philoso-

270 1299 415 1333 phabatur.
429 1299 480 1333 Qui
497 1301 762 1335 Constantinopolin
775 1299 908 1335 Gregorio
922 1299 1060 1335 Tbeologo

269 1345 299 1373 in
312 1345 489 1373 diaeonorum
503 1346 623 1374 adscitus
636 1350 678 1374 est
695 1346 831 1378 ordinem,
849 1346 917 1382 quin
929 1347 1011 1374 etiam
1032 1346 1061 1373 in

269 1389 420 1425 Aegyptum
435 1390 583 1425 profectus,
600 1391 627 1418 in
646 1391 802 1426 praedictos
815 1391 910 1418 incidit
924 1391 1007 1423 viros,
1022 1395 1061 1417 air

271 1443 325 1471 que
341 1436 450 1463 illorum
462 1437 545 1464 vitam
557 1438 709 1465 aemulatus
722 1442 774 1465 est.
787 1438 828 1465 Ab
842 1437 893 1464 hoc
906 1435 1061 1464 libriivalde

271 1489 367 1516 graves
382 1487 410 1510 et
423 1482 487 1509 serii
500 1483 647 1518 conscripti
662 1486 736 1514 sunt,
751 1490 869 1517 quorum
885 1490 955 1509 unus
967 1481 1061 1508 Mona-

271 1527 332 1554 chus
349 1527 406 1554 sive
421 1527 455 1554 de
474 1527 530 1555 vita
544 1527 630 1555 acti-va
651 1527 799 1562 inscriptus
820 1531 878 1560 est;
899 1527 967 1554 alter
989 1526 1060 1554 Gno-

270 1574 350 1600 sticus
373 1573 430 1600 sive
453 1573 487 1601 de
508 1573 543 1601 iis
565 1574 612 1608 qui
638 1573 801 1608 cognitionis
823 1580 938 1600 munere
966 1572 1059 1600 donati

271 1623 352 1651 sunt;
367 1619 455 1654 capita
468 1626 534 1646 vero
552 1619 613 1646 eius
626 1619 690 1646 libri
706 1624 769 1646 sunt
782 1618 993 1654 quinquaginta;
1007 1623 1061 1645 ter-

272 1665 328 1691 tius
340 1664 529 1692 Antirrheticus
544 1665 675 1692 adversus
691 1669 827 1692 tentantes
839 1665 985 1692 daemones
999 1668 1060 1691 octo

272 1710 418 1738 distinctus
431 1710 564 1746 partibus,
579 1711 730 1738 secundum
748 1719 893 1738 numerum
910 1716 972 1738 octo
988 1710 1061 1746 cogi-

273 1756 416 1784 tationum.
430 1756 496 1785 Item
510 1762 636 1785 sexcenta
649 1757 824 1792 Prognostica
837 1757 1018 1789 Problemata,
1033 1761 1061 1784 et

272 1801 453 1829 Elementaria
475 1802 547 1834 duo,
567 1810 652 1830 unum
681 1802 715 1832 ad
735 1803 883 1830 monachos
907 1801 935 1829 in
963 1809 1061 1829 coeno-

272 1844 326 1872 biis
338 1850 385 1873 aut
402 1846 592 1874 contuberniis
604 1847 738 1879 viventes,
747 1847 863 1874 alterum
875 1846 910 1873 ad
924 1846 1060 1882 virginum

273 1895 391 1918 coetum.
410 1891 498 1926 Atque
519 1891 588 1918 haec
608 1897 671 1919 sunt
691 1892 750 1919 eius
766 1891 869 1919 verba:
890 1890 998 1918 Necesse
1011 1896 1059 1924 est,

272 1939 302 1962 ut
323 1936 378 1963 vias
393 1944 491 1968 eorum,
515 1937 560 1972 qui
582 1940 791 1972 praecesserunt,
815 1937 1002 1963 monachorum
1018 1944 1059 1963 se-

272 1980 334 2007 dulo
357 1981 521 2017 indagemus,
545 1986 570 2008 et
594 1982 628 2009 ad
649 1990 740 2008 eorum
761 1990 882 2008 normam
903 1981 1058 2016 dirigantur.

272 2024 355 2052 Multa
370 2026 404 2053 ab
421 2027 454 2054 iis
468 2032 496 2054 et
512 2027 584 2054 dicta
599 2031 626 2054 et
638 2026 707 2054 facta
724 2032 788 2054 sunt
805 2031 889 2059 certe,
905 2027 977 2055 inter
991 2035 1060 2063 quae

273 2078 302 2100 et
315 2072 367 2100 hoc
381 2073 515 2108 quispiam
535 2073 613 2105 dixit,
628 2073 769 2100 aridiorem
783 2079 807 2100 et
820 2082 943 2109 asperam
960 2074 1061 2101 uiuendi

274 2121 404 2147 rationem
419 2127 478 2146 cum
490 2119 618 2146 charitate
633 2119 782 2154 copulatam
799 2119 908 2146 celerius
920 2119 1061 2155 perducere

273 2165 431 2194 monachum
443 2165 478 2192 ad
492 2164 667 2200 adfectionum
678 2165 844 2192 vacuitatem.

344 2229 383 2250 ιο.
406 2229 562 2249 TMTHEIIUS
582 2229 616 2248 DE
638 2228 820 2248 SCRIPTOEUBUS
842 2229 991 2249 ECCLESIAE.

310 2279 444 2307 Macarius
457 2278 599 2305 Monachus
608 2278 758 2314 Aegyptius,
767 2283 791 2305 et
805 2278 969 2306 beatiPatris
985 2279 989 2314 1
1004 2279 1061 2306 An-

275 2325 339 2352 tonii
355 2324 489 2359 quondam
504 2322 655 2358 discipulus,
668 2323 707 2350 vir
720 2322 824 2350 devotus
839 2327 863 2349 et
881 2324 1061 2351 sanctissimae

274 2370 490 2401 conuersationis,
511 2369 543 2396 de
568 2378 618 2404 quo
641 2368 725 2396 multa
752 2369 881 2396 miracula
904 2375 1060 2403 narrantur,

275 2416 404 2451 quomodo
426 2416 507 2442 etiam
530 2419 695 2442 mortuorum
719 2423 791 2442 voces
817 2414 849 2441 de
865 2415 992 2450 sepulcris
1016 2424 1063 2451 pro

274 2461 337 2496 ﬁdei
344 2461 542 2495 conﬁrmatione
550 2461 708 2495 impetravit.
719 2459 820 2487 Claruit
830 2461 913 2488 multa
925 2462 1065 2488 sanctitate

274 2506 321 2533 sub
342 2506 514 2534 Constantino
528 2511 552 2533 et
567 2505 719 2533 Constantio
739 2506 902 2540 Principibus
924 2516 994 2534 anno
1013 2507 1064 2534 Do-

275 2552 340 2578 mini
350 2551 411 2578 350.
426 2551 504 2579 Cuius
519 2556 591 2587 gesta
611 2552 738 2578 habentur
751 2552 779 2578 in
793 2552 855 2579 Vitis
869 2553 991 2580 Patrum.

293 2604 399 2624 nvsmn.
420 2605 560 2629 ιΜριιιτΑτ,
580 2605 696 2625 AUCTOR!)
719 2606 746 2624 Μ.
768 2606 791 2625 n.
812 2607 836 2625 Γ.
857 2607 880 2625 n.
901 2607 961 2634 pag.
981 2599 1044 2627 209.

311 2641 341 2668 Β.
367 2642 499 2669 Macarius
515 2643 627 2678 scriptor
652 2643 877 2678 religiosissimus,
905 2648 929 2670 et
952 2644 984 2670 de
1010 2653 1061 2680 quo

273 2688 306 2715 Β.
322 2689 428 2716 Aradus
442 2690 503 2716 milii
515 2689 689 2723 confirmavit,
707 2690 795 2724 fuisse,
810 2698 869 2717 eum
883 2690 960 2717 illum
971 2691 1061 2718 verbo-

275 2737 349 2761 tcnus
365 2740 447 2770 posset
462 2735 526 2762 libro
540 2735 648 2770 seposito
662 2736 781 2762 recitare.

1107 888 1140 915 δι’
1154 887 1280 922 ἄσκησιν,
1295 885 1338 912 διὰ
1353 884 1420 919 βίον,
1434 882 1478 909 διὰ
1490 881 1601 917 τρόπον,
1621 879 1665 906 διὰ
1679 878 1713 906 τὰ
1731 878 1889 914 μαθήματα.

1107 935 1121 960 ό
1134 933 1183 968 μὲν
1203 931 1349 966 Αἰγύπτιος
1367 926 1571 964 θαυματουργὺς
1580 923 1625 961 ἦν,
1639 925 1687 952 καί¹
1700 923 1768 960 μετὰ
1784 923 1831 950 τοῦ
1848 923 1893 949 εὑ-

1107 977 1206 1010 λαὸοὗς
1231 977 1299 1013 πρὸς
1325 976 1388 1006 τοὺς
1414 972 1627 1008 ἐντυγχάνοντας
1649 969 1803 1005 αὐστηρός·
1825 969 1840 996 ὀ
1862 968 1893 995 δὲ

1115 1024 1304 1059 Ἀλεξανδρεὺς
1323 1020 1394 1049 κατὰ
1409 1019 1497 1047 πάντα
1517 1018 1555 1045 ὢν
1577 1017 1767 1053 παραπλήσιος
1783 1015 1822 1050 τῷ
1846 1015 1893 1041 Al-

1109 1071 1213 1106 γυπτίῳ
1232 1069 1278 1096 καὶ
1300 1068 1401 1104 ἱλαρός.
1419 1066 1504 1097 οὕτως
1525 1064 1617 1100 ίλαρδς
1631 1062 1665 1100 ἦν
1684 1063 1741 1095 τοῖς
1762 1061 1894 1096 ἐντυγχά-

1108 1125 1195 1149 νουσι,
1211 1113 1312 1150 καὶτῷ
1332 1111 1548 1149 χαριεντίζεσθαι
1572 1111 1636 1142 τοὺς
1658 1110 1735 1140 νέους
1753 1106 1805 1144 ἦγε
1825 1109 1894 1143 πρὸς

1109 1162 1127 1189 ἆ
1142 1162 1147 1196 |
1164 1169 1269 1197 σκησιν.
1284 1159 1386 1186 τούτων
1402 1158 1536 1193 Εὐάγριος
1548 1156 1691 1191 γενόμενος
1709 1154 1831 1190 μαθητὴς
1845 1153 1894 1188 τὴν

1109 1209 1142 1235 δι’
1155 1208 1242 1242 ἔργων
1256 1205 1414 1241 φιλοσοφίαν
1426 1205 1570 1239 ἐκτήσατο,
1586 1202 1717 1238 πρότερον
1734 1201 1806 1235 λόγῳ
1822 1199 1895 1235 μόνῳ

1110 1254 1252 1289 φιλόσοφος
1266 1251 1302 1278 ὢν
1312 1260 1319 1266 ·
1335 1251 1364 1283 ὃς
1379 1251 1408 1277 ὲν
1422 1247 1624 1277 Κωνσταντίνου
1639 1247 1715 1274 πόλει
1730 1246 1782 1273 ὑπὸ
1794 1246 1896 1282 Γρηγοο

1112 1301 1169 1337 ρίου
1187 1300 1234 1326 τοῦ
1249 1297 1379 1332 Θεολόγου
1390 1296 1429 1327 είς
1445 1296 1494 1331 τὴν
1508 1295 1555 1322 τοῦ
1567 1294 1690 1321 διακόνου
1703 1291 1894 1328 προεχειρίσθη

1109 1346 1195 1380 τάξιν·
1213 1345 1280 1372 ἀλλὰ
1294 1344 1342 1371 καὶ
1353 1345 1382 1376 ὲς
1394 1344 1442 1379 τὴν
1455 1342 1592 1376 Αἴγυπτον
1604 1338 1742 1368 κατελθὼν
1751 1359 1758 1371 ,
1769 1339 1824 1365 ικαὶ
1840 1337 1895 1368 τοῖς

1110 1391 1297 1428 προλεχθεῖσιν
1320 1389 1437 1425 ἐντυχὼν
1462 1388 1593 1423 ἀνδράσι,
1619 1387 1664 1413 τὸν
1698 1385 1808 1411 ἐκείνων
1839 1383 1896 1418 βίον

1111 1438 1230 1474 ἐζήλωσε
1240 1445 1247 1451 ³
1259 1437 1344 1472 τούτῳ
1358 1435 1448 1471 βιϐλία
1457 1435 1526 1468 ἄγαν
1537 1433 1667 1460 σπουδαῖα
1679 1429 1894 1465 συγγέγραπται·

1110 1481 1147 1511 ὧν
1168 1484 1198 1510 τὸ
1228 1484 1276 1520 μὲν
1294 1482 1434 1517 Μοναχὸς
1451 1482 1467 1516 ἢ
1494 1480 1558 1516 περὶ
1576 1477 1729 1514 πρακτικῆς
1749 1474 1898 1509 ἐπιγέγρα-

1112 1539 1192 1556 πται·
1209 1529 1239 1556 τὸ
1253 1529 1281 1556 δὲ
1295 1527 1466 1560 Γνωστικὸς
1486 1527 1503 1562 ἢ
1524 1525 1587 1561 περὶ
1603 1523 1656 1550 τῶν
1675 1520 1897 1554 καταξιωθέντων

1112 1576 1251 1610 γνώσεως·
1277 1575 1411 1610 κεφάλαια
1441 1573 1470 1599 δὲ
1493 1570 1574 1598 αὐτοῦ
1602 1569 1787 1604 πεντήκοντα-
1813 1565 1844 1592 τὸ
1867 1564 1896 1590 δὲ

1118 1620 1342 1655 Ἄντιρῤητικὸν,
1361 1619 1429 1655 πρὸς
1442 1619 1505 1649 τοὺς
1520 1616 1696 1652 πειράζοντας
1713 1613 1851 1648 δαίμονας,
1867 1611 1897 1637 ἐν

1111 1667 1183 1694 ὀκτὼ
1193 1667 1356 1703 διῃρημένον
1371 1666 1476 1702 μέρεσι,
1490 1664 1561 1691 κατὰ
1571 1663 1615 1689 τὸν
1628 1660 1742 1697 ἀριθμὸν
1755 1659 1808 1685 τῶν
1823 1657 1897 1684 ὀκτὼ

1113 1713 1266 1749 λογισμῶν·
1285 1712 1331 1739 καὶ
1350 1711 1477 1743 ἑξακόσια
1497 1707 1687 1744 προγνωστικὰ
1706 1704 1894 1749 προϐλήματα·

1113 1759 1159 1785 καὶ
1168 1747 1283 1793 σειχηρᾰ
1294 1758 1327 1792 β’,
1344 1756 1373 1782 ἒν
1386 1755 1452 1791 πρὸς
1466 1755 1528 1786 τοὺς
1540 1754 1568 1779 ὲν
1580 1750 1721 1782 κοινοϐίοις
1734 1749 1751 1784 ἦ
1763 1747 1896 1779 συνοδίαις

1115 1805 1257 1840 μοναχοὺς,
1271 1803 1317 1831 καὶ
1328 1803 1357 1831 ἓν
1369 1803 1437 1838 πρὸς
1453 1801 1502 1837 τὴν
1513 1800 1672 1835 παροενίαν·
1687 1797 1734 1824 καί
1748 1805 1814 1831 φησι
1825 1794 1897 1822 κατὰ

1112 1851 1200 1884 λέξιν·
1217 1851 1311 1883 οὕτως
1330 1848 1492 1884 ἀναγκαῖον
1511 1846 1564 1879 τὰς
1580 1845 1668 1878 ὀδοὺς
1681 1843 1741 1870 τῶν
1755 1841 1897 1876 προεδευ-

1113 1897 1231 1924 σάντων
1242 1895 1381 1931 μοναχῶν
1392 1895 1482 1929 ὀρθῶς
1495 1892 1646 1926 διερωτᾷν,
1658 1889 1791 1924 καὶπρὸς
1804 1888 1896 1920 αὐτὰς

1113 1943 1346 1977 κατορθοῦσθαι·
1373 1942 1473 1968 πολλὰ
1495 1939 1549 1975 γάρ
1574 1938 1659 1965 ἐστιν
1679 1935 1730 1963 ὐπ’
1747 1933 1846 1961 αὐτῶν
1861 1934 1896 1959 τὰ

1111 1988 1239 2024 ρηθέντα
1253 1988 1300 2014 καὶ
1321 1986 1489 2021 πραχθέντα
1502 1983 1601 2017 καλῶς
1612 2003 1619 2015 ,
1636 1983 1670 2010 ἑν
1683 1979 1729 2014 οἷς
1743 1981 1792 2008 καὶ
1810 1979 1897 2006 τοῦτό

1113 2043 1157 2067 τις
1172 2034 1208 2068 ἐφ
1214 2041 1278 2067 nos,
1293 2032 1350 2067 τὴν
1363 2031 1525 2066 ξηροτέρων
1538 2030 1586 2057 καὶ
1598 2028 1756 2063 ἀνώμαλον
1768 2025 1894 2055 δίαιταν,

1112 2079 1211 2114 ἀγάπῃ
1222 2077 1447 2112 συζευχθεῖσαν,
1458 2075 1564 2103 θᾶττον
1574 2074 1686 2109 διάγειν
1699 2072 1752 2099 τὸν
1761 2069 1897 2105 μοναχὸν

1112 2126 1156 2157 είς
1168 2124 1321 2152 ἀπάθειαν.

1166 2231 1263 2250 PETRUS
1292 2230 1384 2250 Ροιιιετ
1413 2230 1447 2249 DE
1471 2227 1627 2248 ERUDITIONE
1653 2222 1844 2245 SUPEBFICIARIA

1431 2275 1458 2302 p.
1469 2274 1507 2293 m.
1520 2265 1582 2292 202.

1148 2324 1261 2353 Macarii
1278 2324 1430 2360 Aegyptiaci
1451 2321 1618 2350 admirabiles
1640 2325 1664 2348 et
1686 2320 1774 2347 divina
1790 2325 1898 2354 prorsus

1112 2373 1241 2407 sapientia
1253 2371 1414 2398 abundantes
1430 2368 1569 2397 Homiliae.

1146 2417 1216 2445 XIX.
1231 2417 1304 2445 Nihil
1321 2424 1395 2444 nunc
1411 2421 1496 2444 restat
1515 2415 1641 2450 amplius,
1659 2420 1741 2448 quam
1759 2416 1790 2438 ut
1810 2412 1897 2438 lecto-

1112 2471 1169 2490 rem
1182 2463 1344 2490 benevolum
1358 2469 1494 2497 rogemus,
1511 2468 1591 2496 aegre
1612 2467 1647 2487 ne
1668 2459 1746 2489 lerat,
1763 2458 1786 2484 si
1799 2456 1899 2485 menda

1112 2507 1306 2543 typographica
1320 2507 1390 2534 forte
1409 2507 1509 2535 alicubi
1531 2509 1687 2534 occurrant.
1710 2504 1804 2538 Neque
1823 2501 1897 2532 enim

1112 2553 1205 2580 adesse
1218 2553 1297 2580 licuit
1307 2552 1487 2587 speciminum
1499 2550 1693 2579 emendationi.
1710 2549 1738 2577 Si
1749 2556 1820 2583 quae
1830 2555 1898 2575 vero

1112 2598 1243 2633 releganti
1271 2598 1417 2626 lilacarium
1432 2606 1461 2625 se
1484 2598 1658 2627 obtulerunt,
1683 2604 1715 2624 ea
1740 2595 1769 2622 in
1794 2594 1897 2621 calcem

1113 2644 1176 2671 libri
1200 2643 1403 2676 adnotavimus;
1421 2651 1489 2678 quae
1513 2643 1642 2670 tollantur
1659 2642 1732 2673 licet,
1751 2645 1897 2675 antequam

1114 2689 1148 2716 ad
1163 2689 1262 2716 librum
1275 2689 1420 2724 legendum
1440 2689 1487 2716 ﬁat
1506 2689 1635 2716 accessio.
1653 2688 1738 2715 Deum
1754 2694 1819 2714 vero
1836 2693 1898 2712 ora—

1114 2743 1175 2763 mus
1187 2736 1355 2770 supplicibus
1371 2735 1508 2770 precibus,
1526 2739 1555 2778 ut
1571 2734 1634 2761 libri
1652 2733 1734 2761 huius
1747 2731 1898 2760 lectoribus

1030 2806 1075 2834 ΝΟ
1082 2807 1153 2834 ΓΑΕ.

312 2845 580 2886 (1).Ιίίειςειικ-ζζοηιῑι.Δ
683 2850 700 2877 9
723 2859 749 2884 ρ.
773 2851 821 2881 47,
835 2851 883 2884 48,
905 2851 944 2878 De
960 2851 1054 2879 elevat.

276 2883 370 2909 utentis
392 2891 451 2917 cap.
468 2883 501 2910 VI
519 2893 544 2919 ρ.
571 2884 630 2911 115.
653 2883 779 2913 Petavius
804 2886 875 2913 Tom.
904 2887 947 2913 III
964 2887 1057 2922 Dogm.

1111 2851 1198 2878 T/ieol.
1216 2851 1261 2878 lib.
1277 2851 1331 2878 Ide
1347 2850 1440 2886 Angcl.
1455 2859 1513 2886 cap.
1530 2849 1567 2877 II.
1583 2849 1709 2878 Dallaeus
1729 2848 1761 2875 de
1777 2855 1826 2875 usu
1841 2845 1896 2875 Po-

1114 2891 1185 2914 trum
1202 2896 1228 2922 p.
1242 2895 1277 2914 m.
1288 2887 1349 2914 ‘268.
