2064 3152
266 151 318 179 3'15
897 149 1080 178 CASIMIRUS
1097 149 1247 178 OUDINUS
1829 153 1879 180 576

269 211 386 245 regutart
399 210 497 238 tenore,
511 213 586 241 quem
597 205 687 232 beatus
713 205 846 233 MACABIIZS
869 206 1057 241 Aegyptiorum
1071 206 1165 233 indidit
1188 207 1331 238 monachis,
1350 206 1503 233 ministrare
1522 206 1587 243 (50).
1610 207 1686 234 Alter
1704 216 1771 236 vero
1791 212 1878 237 sancti

268 254 423 286 Philiberti,
439 252 545 280 abbatis
564 251 760 279 Gemeticensis
772 256 801 277 et
814 251 953 278 Heriensis
965 251 986 283 l,
1002 259 1047 278 res
1061 255 1152 286 gestas
1163 251 1252 279 literis
1264 252 1392 279 tradens:
1415 251 1508 279 Basilii
1533 253 1618 279 sancti
1650 253 1822 285 charismata,
1835 254 1878 281 in-

265 301 337 336 quit,
349 300 456 327 Macta“
471 297 599 333 regulam,
613 296 745 323 Benedicti
755 296 869 327 decreta,
886 295 1040 323 Columbani
1051 297 1173 323 instituta
1192 297 1360 324 sanctissima
1374 296 1482 323 lectione
1494 295 1676 330 frequentabat
1688 297 1796 324 assidua
1810 298 1877 334 (Si).

265 348 324 376 Utri
337 351 427 374 autem
442 345 568 376 Macario,
583 344 749 379 Aegyptione
775 352 810 371 an
829 343 1025 376 Alexandrino,
1045 348 1161 378 uterque
1179 343 1347 379 biographus
1366 343 1498 378 Regulam
1521 344 1655 371 eiusmodi
1677 345 1792 377 tribuat,
1806 345 1879 373 haud

264 393 344 427 plane
355 392 458 426 liquet;
475 390 567 418 minus
581 390 653 417 enim
673 394 801 417 accurate
820 389 950 417 Macarios
977 389 1134 417 distinxisse
1152 389 1286 424 sequioris
1296 389 1357 417 aevi
1372 390 1519 424 scriptores
1532 394 1694 417 noscuntur.
1708 390 1763 417 Eos
1776 395 1877 423 tamen,

264 444 382 471 quorum
393 437 476 463 verba
490 437 571 463 modo
583 435 756 471 protulimus,
774 435 808 463 de
819 435 936 462 Macario
956 436 1048 471 potius
1064 436 1258 469 Alexandrino,
1273 443 1354 471 quam
1373 435 1505 472 Aegyptio
1526 443 1586 463 esse
1611 436 1795 471 accipiendos,
1816 445 1879 466 cum

263 482 404 510 llolstenio
418 483 471 518 (52)
484 482 699 511 existimaverim
723 484 861 519 equidem.
875 483 1083 518 Constat‘enim,
1095 485 1258 520 Aegyptium
1270 488 1297 511 et
1312 484 1447 512 seniorem
1463 484 1549 511 altero
1561 488 1589 511 et
1601 483 1687 511 multo
1699 485 1878 513 celebriorem

262 529 412 562 exstitisse,
423 529 511 565 Magni
525 535 670 566 propterea
689 534 900 565 cognomentum
919 529 1066 565 adeptum;
1085 529 1301 558 Alexandrinum
1313 537 1379 557 vero
1394 529 1476 556 urbici
1497 533 1601 556 tantum
1615 529 1750 557 vocabulo
1773 531 1807 557 ab
1825 531 1879 558 alio

262 574 348 602 fuisse
365 575 514 603 discretum
529 585 536 603 :
554 581 585 604 ut
596 575 712 611 proinde
725 576 780 603 seri
792 577 950 611 scriptores.
972 576 1082 604 Macarii
1107 576 1269 612 simpliciter
1289 575 1456 604 mentionem
1479 575 1645 609 iniicientcs,
1665 577 1878 605 Alexandrinum

261 621 348 656 magis
363 629 445 656 quam
458 622 618 658 Aegyptium
643 623 721 658 plura
737 622 827 650 laudis
844 622 959 658 insignia
974 627 1152 650 consecutum
1166 621 1345 658 respexerint.
1362 621 1474 653 Verum,
1491 626 1521 649 ut
1533 627 1563 650 ut
1584 631 1628 651 res
1646 631 1675 651 se
1691 624 1801 655 habeat,
1823 632 1878 652 non

261 674 304 697 est
318 678 368 697 cur
380 671 490 698 demum
507 679 523 699 a
532 671 632 699 vetusti
651 671 753 699 codicis
763 671 908 706 scriptura,
925 678 1006 706 quem
1019 670 1183 698 Benedictus
1200 669 1363 697 Anianensis
1375 669 1460 696 abbas
1470 668 1624 704 descripsit,
1639 670 1809 703 recedamus,
1830 670 1878 697 ubi

261 716 375 752 Regula,
386 717 420 745 de
433 725 486 752 qua
498 717 645 753 loquimur,
654 719 772 747 Macario
783 718 967 746 Alexandrino
977 718 1078 746 diserte
1090 717 1264 745 adscribitur.
1273 716 1346 744 ldem
1355 724 1437 752 porro
1451 715 1596 744 dicendum
1610 716 1643 743 de
1651 716 1772 752 Epistola
1783 725 1877 744 mona-

261 762 321 789 chis
333 762 462 798 inscripta
475 764 618 798 eidemque
631 765 749 799 Regulae
764 764 879 799 adjecta.
892 764 927 791 Et
939 763 968 790 in
993 763 1064 790 hanc
1086 763 1197 798 quidem
1220 763 1383 790 sententiam
1407 762 1485 797 plura
1501 761 1705 789 eruditissimus
1727 762 1877 790 Tillemon-

262 807 326 838 tius,
338 807 385 841 qui
396 811 537 842 praeterea
552 807 685 835 Gennatii
700 809 782 836 verba
800 808 952 840 excutiens,
965 808 1026 835 eius
1042 808 1232 835 auctoritatem
1253 808 1351 835 merito
1365 807 1473 835 elevare
1485 807 1653 842 comperitur
1673 807 1740 843 (55).

296 851 340 879 lll.
353 852 410 880 Sub
425 853 506 880 huius
521 853 585 881 item
596 855 704 883 Macarii
715 855 890 883 Alexandrini
902 855 1013 882 nomine
1027 855 1144 883 habetur
1166 854 1258 882 Sermo
1270 855 1301 882 de
1314 863 1417 882 excessu
1429 856 1558 882 iustorum
1570 860 1593 881 et
1607 859 1784 890 peccatorum,
1797 863 1877 890 quor-

258 907 318 926 sum
333 900 429 928 scilicet
443 909 531 929 eorum
545 903 650 930 animae
662 912 675 929 e
687 911 793 938 corpore
804 903 949 938 demigrent
962 907 986 929 et
1003 903 1131 938 quomodo
1141 910 1168 929 se
1180 902 1303 929 habeant.
1315 902 1395 929 llunc
1410 909 1475 929 vero
1489 908 1644 928 sermonem
1664 900 1772 936 primus
1790 899 1818 926 in
1834 900 1876 927 lu-

259 954 319 974 cem
330 948 594 978 extulitGuilielmus
605 950 710 978 Caveus
720 959 754 977 ex
764 959 815 978 ms.
827 951 921 978 codice
934 951 1119 980 Bibliothecae
1127 950 1257 978 Paulinae
1264 950 1426 984 Lipsiensis,
1439 947 1557 977 Henrico
1564 946 1717 974 Warthono
1728 946 1878 980 interprete

260 1000 327 1020 usus
342 992 408 1029 (54).
419 995 595 1023 Postmodum
607 1004 673 1024 vero
686 1005 720 1024 ex
731 997 827 1025 eodem
836 1005 886 1024 ms.
906 997 1055 1033 Lipsiensi,
1069 1004 1132 1024 cum
1147 997 1257 1024 duobus
1268 996 1411 1024 codicibus
1430 994 1633 1023 Viennensibus
1647 993 1757 1024 collato,
1777 992 1877 1019 iterum

224 1065 229 1071 ,
258 1043 335 1070 velut
353 1042 443 1070 adhuc
469 1043 601 1071 ineditum
612 1045 695 1071 vertit
713 1045 904 1080 evulgavitque
922 1045 1039 1072 Iacobus
1065 1044 1169 1072 Tollius
1189 1044 1256 1080 (55),
1282 1051 1364 1078 quam
1380 1043 1490 1078 quidem
1520 1039 1700 1076 posteriorem
1727 1037 1876 1064 editionem

259 1088 346 1116 altera
370 1089 534 1116 exactiorem
558 1089 645 1116 secuti
672 1097 777 1117 sumus.
801 1090 879 1118 Licet
905 1094 996 1117 autem
1032 1090 1141 1118 codices
1160 1098 1221 1117 cum
1254 1089 1404 1125 Lipsiensis
1434 1093 1492 1116 tum
1520 1095 1593 1116 unus
1616 1093 1650 1113 ex
1676 1082 1877 1112 Viennensibus

259 1135 376 1162 Macario
390 1136 572 1163 Alexandrino
583 1137 740 1164 huiusmodi
748 1137 909 1172 opusculum
928 1137 1066 1169 adserant,
1088 1137 1157 1164 alter
1168 1141 1258 1164 tamen
1274 1135 1399 1164 eiusdem
1418 1134 1602 1162 Bibliothecae
1623 1131 1772 1159 Caesareae
1790 1129 1876 1156 codex

259 1181 484 1209 membranaceus
498 1183 606 1209 Macarii
623 1183 799 1210 Alexandrini
820 1183 954 1218 discipulo
967 1182 1033 1210 illud
1043 1183 1074 1209 vi:

1063 1183 1174 1209 indicat.
1190 1182 1236 1210 Sic
1253 1182 1326 1209 enim
1341 1181 1378 1208 lbi
1395 1189 1401 1207 :
1418 1180 1471 1206 Τοῦ
1492 1179 1569 1213 ἁγίου
1591 1177 1734 1211 Μακαρίω
1749 1174 1796 1202 τοῦ
1813 1174 1874 1200 Δλει

259 1227 418 1262 ξανδρέωςό
437 1227 559 1263 μαθητὴς
579 1229 740 1264 διηγήσατο,
755 1231 796 1256 ὅτι
819 1229 885 1255 ποτὲ
909 1237 936 1256 κ.
953 1237 978 1256 τ.
995 1229 1021 1255 λ.
1045 1228 1074 1256 Ct

1058 1228 1174 1256 Ieterum
1192 1228 1227 1255 de
1250 1228 1356 1255 visione
1379 1227 1407 1254 in
1424 1234 1458 1253 eo
1479 1231 1605 1252 sermone
1629 1223 1715 1250 relata
1732 1222 1873 1249 sinistrum

258 1273 373 1300 cditoris
383 1273 526 1309 utriusque
545 1274 676 1303 iudicium
693 1276 759 1303 satis
773 1275 888 1310 corripit
909 1280 991 1310 atque
1015 1275 1144 1302 emendat
1160 1283 1210 1310 par
1229 1275 1318 1310 Magni
1336 1274 1447 1302 Antonii
1465 1273 1596 1308 διήγημα,
1612 1270 1686 1306 quod
1705 1270 1780 1306 legas
1803 1269 1873 1304 apud

257 1316 409 1344 Palladium
434 1317 500 1352 (56),
526 1323 556 1345 ut
578 1325 730 1354 opportune
756 1319 874 1347 advertit
900 1319 1042 1347 Fabricius
1064 1320 1131 1356 (57).
1154 1320 1248 1355 Neque
1264 1320 1359 1347 deesse
1374 1319 1513 1355 complura
1525 1320 1590 1347 huic
1602 1318 1693 1346 all'inia
1711 1318 1740 1345 in
1752 1318 1822 1346 Vitis
1845 1322 1872 1344 et

257 1362 502 1399 Apophthegmatis
511 1365 632 1397 Patrum,
648 1364 701 1391 iam
712 1369 814 1392 norunt
824 1365 936 1392 eruditi.

293 1410 336 1437 ιν.
352 1411 401 1438 llis
413 1419 494 1446 porro
505 1411 636 1439 hactenus
648 1411 793 1438 recensitis
803 1412 948 1447 Opusculis
963 1412 1108 1440 subiicitur
1122 1417 1273 1440 sanctorum
1286 1416 1403 1448 patrum,
1415 1411 1576 1447 Serapionis,
1594 1412 1714 1442 Miami,
1729 1409 1869 1446 Paphnutii

258 1460 283 1482 et
295 1455 405 1483 alterius
418 1456 528 1484 Macmn
541 1457 664 1484 abbatum
675 1458 779 1494 Regula
791 1459 825 1485 ad
838 1460 989 1491 monac/tos,
1004 1460 1048 1486 cui
1063 1460 1133 1487 aliae
1146 1459 1216 1487 duae
1236 1464 1376 1495 praetcrea
1390 1467 1543 1492 accessere;
1561 1466 1632 1494 quae
1647 1458 1756 1492 quidem
1776 1466 1809 1486 ex
1825 1466 1868 1486 co-

257 1500 318 1527 dice
331 1501 494 1536 Regularum
506 1502 681 1530 Holsteniano
692 1503 902 1538 desumpsimus.
913 1503 1032 1532 Censent
1042 1509 1133 1532 autem
1146 1505 1244 1532 merito
1257 1513 1289 1532 ac
1304 1505 1372 1537 iure,
1385 1505 1540 1538 utvidetur,
1554 1505 1787 1533 virieruditissimi
1801 1505 1868 1540 (58).

258 1547 326 1575 duos
339 1548 468 1576 Macarius
481 1549 533 1577 hoc
547 1550 599 1576 loci
616 1555 783 1577 memoratos
797 1550 860 1578 illos
873 1558 933 1578 esse
952 1551 1147 1579 celeberrimos
1170 1552 1359 1584 anachoretas,
1377 1551 1411 1579 dc
1428 1552 1529 1586 quibus
1553 1553 1679 1589 superius
1695 1552 1777 1581 verba
1800 1552 1867 1580 feci-

256 1604 328 1628 mus,
341 1597 501 1632 Aegyptium
523 1598 651 1626 videlicet
667 1602 750 1633 atque
769 1598 991 1626 Alexandrinum.
1007 1599 1122 1627 Ruﬁnus
1140 1609 1147 1627 :
1170 1609 1179 1626 ε
1194 1601 1245 1628 Per
1258 1601 1330 1628 idem
1352 1605 1469 1636 tempus,
1496 1610 1506 1627 ι
1530 1599 1621 1634 inquit
1636 1608 1645 1624 ι
1667 1603 1755 1634 patres
1771 1605 1867 1626 mona-

256 1642 371 1669 chorum
385 1643 455 1670 vitae
472 1649 500 1672 et
510 1645 661 1672 sanctitatis
675 1645 784 1677 merito,
796 1645 928 1672 Macarius
941 1650 968 1672 et
980 1645 1111 1678 Isidorus,
1131 1646 1255 1681 aliusque
1275 1646 1409 1673 Macarius
1428 1651 1510 1681 atque
1527 1644 1686 1673 Heraclides
1701 1649 1729 1672 et
1739 1645 1866 1677 Pambos,

255 1687 368 1715 Antonii
378 1689 514 1724 discipuli,
529 1698 578 1725 per
594 1691 746 1727 Aegyptum
762 1695 791 1719 et
805 1691 925 1719 maxime
944 1692 972 1718 in
987 1692 1092 1719 Nitriae
1107 1692 1209 1720 deserti
1231 1693 1357 1728 partibus
1373 1692 1559 1725 habebantur;
1574 1691 1629 1719 viri
1642 1691 1689 1726 qui
1700 1692 1867 1719 consortium

255 1732 328 1760 vitae
339 1737 366 1760 et
377 1738 486 1761 actuum
497 1743 552 1763 non
560 1743 623 1763 cum
637 1737 736 1764 ceteris
750 1737 921 1769 mortalibus,
932 1737 980 1765 sed
991 1745 1054 1765 cum
1066 1738 1192 1773 supernis
1204 1739 1308 1774 angelis
1322 1739 1424 1766 habere
1435 1738 1619 1766 credebantur
1631 1737 1696 1774 (59).
1710 1746 1719 1763 ›
1733 1737 1768 1764 Et
1776 1738 1846 1765 infra
1858 1746 1865 1764 2

260 1787 269 1803 ‹
287 1779 415 1807 Florebat
426 1780 509 1816 igitur
523 1782 660 1818 Aegyptus
673 1792 705 1812 ea
716 1789 879 1820 tempestate
890 1793 947 1813 non
958 1786 1048 1814 solum
1064 1786 1180 1814 eruditis
1193 1787 1222 1814 in
1235 1787 1390 1815 Christiana
1406 1787 1579 1823 philosophia
1590 1787 1670 1819 viris,
1679 1793 1775 1814 verum
1786 1786 1866 1815 etiam

255 1824 310 1858 his,
335 1826 383 1860 qui
398 1835 448 1861 per
465 1831 571 1855 vastam
597 1837 721 1857 eremum
741 1835 956 1864 commanentes,
989 1832 1066 1868 signa
1098 1836 1126 1860 et
1155 1832 1278 1868 prodigia
1307 1833 1461 1868 Aposmlica
1484 1833 1660 1868 simplicitate
1676 1833 1749 1860 vitae
1763 1836 1791 1860 et
1805 1840 1866 1860 cor-

255 1869 298 1898 dis
308 1871 463 1900 sinceritate
476 1872 619 1902 faciebant.
638 1874 678 1901 Ex
694 1874 794 1909 quibus
803 1875 922 1908 interim,
935 1883 1004 1911 quos
1020 1876 1071 1912 ipsi
1085 1876 1206 1904 vidimus
1221 1881 1249 1904 et
1264 1884 1381 1912 quorum
1399 1877 1525 1905 benedici
1553 1878 1682 1906 manibus
1705 1877 1866 1908 meruimus,

255 1916 284 1944 hi
299 1923 382 1945 sunt:
397 1919 530 1948 Macarius
544 1921 578 1948 de
590 1921 725 1956 superiori
738 1929 840 1956 eremo,
855 1923 925 1950 alius
937 1923 1072 1951 Macarius
1084 1924 1119 1952 de
1132 1923 1256 1952 inferiori
1275 1924 1329 1960 (60)
1349 1929 1402 1952 cet.
1421 1933 1430 1950 )
1445 1925 1481 1952 At
1490 1931 1557 1952 vero
1571 1924 1714 1958 Serapion,
1735 1923 1784 1958 qui
1808 1923 1865 1958 pri-

254 1972 331 1992 mum
346 1965 374 1993 in
386 1967 504 2002 Regulae
530 1968 707 2003 inscriptione
730 1969 821 1997 locum
833 1970 951 2003 obtinet,
969 1971 1012 1998 vel
1036 1972 1096 2006 ipso
1121 1972 1237 2000 Macario
1255 1972 1392 2009 Aegyptio
1411 1971 1549 2007 antiquior
1565 1970 1593 1997 in
1608 1969 1756 1997 solitudine
1775 1968 1865 2001 fuerit,

255 2011 344 2040 dictus
363 2019 507 2049 propterea
520 2016 641 2045 Palladio
659 2017 714 2052 (61)
737 2022 766 2044 et
784 2017 936 2046 Sozomeno
949 2019 1004 2054 (62)
1020 2029 1027 2046 :
1042 2020 1070 2046 Σε

1051 2020 1183 2056 Rapuitle
1197 2020 1212 2046 ὁ
1229 2021 1326 2056 μέγας,
1338 2029 1449 2056 magnus
1469 2020 1517 2048 ille
1539 2018 1678 2054 Serapion.
1699 2017 1866 2052 Paphnutius

254 2065 346 2087 autem
363 2061 452 2090 eidem
465 2063 584 2092 Palladio
596 2064 743 2099 plurimum
758 2066 966 2094 commendatur
983 2066 1049 2103 (65).

289 2107 321 2135 V.
340 2108 502 2138 Huiusmodi
523 2112 643 2148 syllogen
655 2114 758 2142 claudit
778 2115 881 2150 Regula
895 2115 1032 2143 orientalis
1043 2123 1075 2142 ea:
1091 2114 1205 2143 Patrum
1219 2116 1390 2144 orientalium
1407 2115 1513 2151 Regalis
1532 2111 1641 2140 collecta
1660 2119 1677 2138 a
1694 2109 1788 2146 Vigilio
1808 2109 1869 2137 dia-

255 2164 329 2183 cono.
343 2156 382 2184 De
393 2159 526 2193 opusculo
539 2161 653 2196 eiusque
668 2167 779 2191 auctore
797 2163 957 2191 Gennadius
979 2163 1048 2191 haec
1072 2163 1156 2192 habet
1176 2173 1182 2191 :
1202 2173 1211 2190 ε
1231 2165 1340 2200 Vigilius
1357 2165 1489 2193 diaconus
1500 2159 1654 2195 composuit
1667 2166 1702 2185 ex
1721 2156 1870 2184 traditione

258 2211 267 2226 ε
283 2206 390 2236 patrum
402 2203 589 2232 Monac/torum
603 2206 742 2242 Regulam,
756 2216 826 2243 quae
835 2209 864 2236 in
883 2208 1017 2236 coenobio
1031 2208 1066 2236 ad
1088 2209 1243 2245 profectum
1270 2209 1383 2238 fratrum
1406 2210 1435 2237 in
1453 2211 1590 2237 conventu
1611 2204 1720 2240 legitur,
1744 2203 1869 2231 breviato

258 2255 266 2271 ι
291 2251 319 2274 et
330 2252 424 2282 aperto
440 2257 565 2278 sermone
577 2252 660 2280 totius
672 2254 838 2281 monasticae
859 2254 1036 2288 professionis
1053 2254 1081 2281 in
1099 2262 1129 2282 se
1145 2258 1282 2282 tenentem
1303 2255 1474 2290 disciplinam
1496 2264 1505 2280 ›
1525 2252 1591 2290 (64).
1615 2251 1656 2279 Ad
1672 2259 1753 2286 quem
1777 2250 1868 2279 locum

253 2301 309 2320 non
321 2298 427 2323 exstare
442 2296 512 2324 hanc
529 2298 644 2332 opellam
667 2297 782 2326 adnotat
796 2298 939 2326 Fabricius
949 2319 958 2332 ,
973 2299 1047 2334 quod
1068 2307 1134 2326 sane
1149 2299 1243 2326 mirari
1260 2300 1343 2327 subit.
1364 2300 1486 2328 Eandem
1496 2306 1604 2334 quoque
1617 2298 1749 2333 Regulam
1767 2305 1869 2325 memo-

254 2343 314 2366 rant
335 2344 444 2374 praeter
464 2341 614 2369 Honorium
640 2342 915 2378 Augustodunensem
939 2344 993 2379 (65)
1009 2349 1038 2372 et
1053 2343 1236 2372 Trithemium
1249 2345 1316 2380 (66),
1342 2345 1462 2374 Annales
1486 2345 1664 2373 Trevirenses
1686 2344 1753 2380 (67).
1774 2344 1869 2379 Neque

253 2466 506 2531 6125(6))Wlltiabillon
524 2468 580 2496 AA.
604 2469 653 2498 SS.
674 2470 705 2498 Ο.
723 2470 751 2499 S.
770 2472 873 2501 Bened.
886 2472 964 2501 Saec.
977 2473 988 2501 Ι
1002 2426 1068 2510 Ἰ

1051 2425 1128 2454 TAE.

1084 2471 1864 2531 .tmaamaetstatuae"

451 2537 528 2566 Saec.
545 2538 568 2566 ιι
582 2547 610 2574 p.
626 2540 747 2576 rssgv.
1084 2508 1116 2536 TI

301 2573 467 2591 νιῆ.ιΙηιοθρηι
495 2574 550 2591 ΓΛΛ
580 2575 637 2591 nm.
656 2584 672 2591 π
706 2577 735 2591 ηε

1002 2503 1013 2510 ’
1084 2503 1232 2536 ΤὶΙἸοιὶλοιιι
1246 2508 1390 2536 Mémoires
1400 2507 1468 2534 eccl.
1479 2507 1510 2534 Τ.
1522 2507 1579 2534 Vlll
1593 2515 1620 2542 p.
1632 2507 1694 2535 618.

1189 2542 1377 2591 ῐξξιιίξρὲλίἰὶῗεᾷ
1397 2542 1474 2591 Eoccl.
1487 2542 1536 2570 lib.
1551 2542 1573 2569 ΙΙ
1586 2550 1646 2577 cap.
1662 2543 1689 2569 4.

288 2573 343 2608 (52)
358 2573 478 2613 Holsten.
495 2574 562 2601 Cod.
580 2573 646 2610 Reg.
656 2573 746 2610 p.15.
1133 2578 1166 2605 60
1189 2578 1228 2605 Id.
1248 2578 1315 2605 ibid.
1329 2585 1388 2612 cap.
1403 2577 1430 2604 8.
1619 2573 1627 2577 ”

288 2609 662 2652 (ASSQ'Iillemonntplénloires
674 2612 742 2639 eccl.
752 2611 783 2639 T.
794 2611 852 2640 Vlll
861 2613 956 2648 p.618.
971 2613 1033 2642 809.
1196 2613 1298 2652 Eallad.
1392 2612 1474 2652 Laus.
1491 2619 1552 2652 cap.

252 2643 314 2686 Not.
407 2644 496 2686 turns.
514 2644 649 2686 Macaije.‘
702 2680 753 2686 mm
861 2643 870 2648 ’
1124 2643 1180 2686 (6ξ.)
1195 2646 1396 2686 ἓοξοῐξᾙᾘξδῐ.
1409 2647 1485 2675 Eccl.
1498 2643 1547 2674 lib.
1560 2647 1595 2675 lll
1611 2655 1670 2682 cap.
1684 2649 1728 2677 14.

288 2649 313 2670 ιι.
337 2649 391 2671 Vttl
407 2652 454 2670 sur
468 2649 496 2671 δ.
514 2649 641 2672 Macaire.
1135 2649 1169 2676 69.
1201 2649 1309 2675 Sozom.
1324 2649 1372 2674 His

355 2679 576 2720 gave‘Hi‘st.__l..it.
638 2679 764 2720 I_p._258.
795 2717 805 2720 _
835 2718 842 2720 _
910 2718 952 2720 id
974 2718 980 2720 _
991 2717 1017 2720 ﬂ
1192 2682 1337 2720 Pallad._l.
1352 2682 1372 2720 l_.

286 2713 341 2757 (ξξῷ
356 2714 450 2741 Jacobi
462 2714 543 2754 'l‘ollii
558 2713 677 2749 Insignia
689 2716 782 2745 ltiner.
795 2717 854 2746 Ital.
864 2726 891 2754 p.
905 2717 1032 2746 192-199.
1117 2713 1174 2787 £64;
1187 2717 1344 2746 Gennadius
1355 2717 1389 2745 de
1399 2716 1467 2745 viris
1482 2716 1637 2756 illustribus
1645 2727 1704 2753 cap.
1717 2719 1760 2746 5|.

287 2751 346 2787 (Lb)
358 2749 463 2787 fa‘llad.
481 2749 550 2787 l_list.
564 2749 646 2787 bans.
665 2752 734 2787 (3.27
751 2761 777 2787 p.
794 2754 855 2780 9M.
1129 2754 1162 2781 65
1196 2753 1298 2781 Honor.
1325 2753 1394 2787 Aug.
1421 2752 1455 2780 de
1476 2753 1659 2787 scriptoribus
1681 2755 1748 2781 eccl.
1772 2754 1788 2781 li

288 2750 346 2788 (δέ)
358 2749 463 2788 gallae.
481 2749 550 2788 nisi.
564 2749 646 2788 I_._aus.
665 2752 777 2788 9277p.
794 2749 873 2780 sunt
1117 2749 1172 2788 (65)
1196 2753 1298 2781 nonor.
1325 2753 1394 2788 Aug.
1421 2752 1455 2780 de
1476 2752 1659 2787 scriptoribus
1678 2749 1748 2781 eccl.
1772 2754 1821 2781 lib.
1844 2753 1869 2780 ιι

285 2783 472 2831 ﬁnitimi";
485 2784 707 2831 'i‘lflagﬁlcﬁﬁ-
723 2783 768 2831 ΥΠ
783 2796 809 2823 ν’
831 2787 950 2831 195.101-
966 2788 1034 2831 Επ-
1083 2783 1218 2831 ε³1ἒλη⁵ἒ⁰λη
1324 2823 1330 2829 .
1432 2830 1451 2831 η
1473 2822 1478 2827 .
1503 2827 1509 2831 Α
1669 2825 1676 2831 .
1787 2823 1817 2831 .-

251 2818 291 2844 les
306 2818 324 2844 l.
339 2818 372 2845 T.
384 2817 442 2846 Vlll
457 2827 485 2855 p.
498 2819 561 2855 366]
572 2828 579 2854 ;
590 2820 632 2849 Ei.
642 2821 709 2850 Cod.
725 2817 864 2860 apoérrN.
878 2817 910 2852 Τ.
928 2824 959 2852 Τ.
972 2823 994 2851 ll
1004 2831 1031 2859 p.
1115 2817 1173 2858 ’66)
1197 2823 1367 2851 Trithemius
1382 2822 1416 2849 de
1427 2822 1610 2857 scriptoribus
1621 2825 1687 2852 eccl.
1705 2831 1765 2860 cap.
1786 2823 1846 2852 I58.

251 2853 303 2880 959
316 2857 374 2881 not.
387 2853 429 2890 (l).
600 2877 606 2890 ,
1118 2823 1174 2894 (67)
1198 2859 1296 2886 Annal.
1312 2858 1392 2885 Trev.
1405 2857 1436 2884 P.
1452 2857 1474 2884 ll
1491 2866 1550 2893 cap.
1570 2861 1593 2887 l.

251 2853 303 2880 959
316 2857 374 2881 not.
387 2853 429 2890 (l).
457 2853 466 2855 ’
556 2853 561 2855 ’
600 2877 606 2890 ,
741 2853 751 2858 “
823 2857 827 2860 ⁷
1005 2853 1014 2859 ⁸

823 2857 827 2860 ⁷
1005 2853 1014 2859 ”
1119 2853 1174 2893 (ST)
1198 2859 1296 2886 Annal.
1312 2858 1392 2885 Trev.
1405 2857 1436 2884 P.
1452 2853 1550 2893 ll'cap.
1570 2861 1592 2887 l.
