2064 3152
205 174 239 201 ἹἸ
588 170 634 198 DE
653 169 701 199 SS.
721 169 883 198 MACABIIS
901 169 1072 198 AEGYPTIO
1092 170 1136 197 ET
1159 170 1416 199 ALEXANDRINO.
1751 176 1803 202 578

190 231 263 259 illam
273 230 435 266 ignorarunt
452 232 563 256 sanctus
577 227 742 256 Benedictus
750 228 824 264 [Pag.
845 228 890 264 Vl]
903 229 1068 256 Anianensis
1085 233 1113 256 et
1126 228 1290 264 Smaragdns
1304 229 1398 262 abbas,
1410 230 1457 265 qui
1471 235 1499 258 et
1511 231 1679 266 superiorem
1693 231 1805 260 Macarii

189 275 375 307 Alexandrini,
394 279 422 302 et
437 275 549 302 alteram
563 274 666 309 pariter
684 279 836 301 sanctorum
848 274 961 302 Patrum
975 282 1029 302 non
1047 277 1136 302 solum
1153 274 1263 309 saepius
1283 275 1440 310 laudarunt,
1463 276 1512 305 sed
1529 278 1614 305 multa
1633 279 1717 306 etiam
1741 279 1805 306 inde

190 322 289 357 capita,
303 321 349 349 ille
359 321 472 356 quidem
494 321 523 348 in
537 321 713 350 concordiam
725 321 902 356 Regularum,
917 322 963 349 hic
973 329 1040 350 vero
1051 322 1081 350 in
1094 321 1293 357 expositionem
1307 323 1427 359 Regulae
1446 324 1533 352 sancti
1543 325 1698 359 Benedicti,
1717 329 1806 353 trans-

191 367 285 395 tulisse
297 366 488 402 perhibentur,
502 371 533 394 ut
543 370 637 394 monet
651 366 810 394 Holstenius
826 366 893 403 (68).

227 457 282 494 (68)
296 457 419 486 Holsten.
431 457 499 486 Cod.
511 458 578 494 Reg.
590 466 618 494 p.
631 459 676 486 25.
693 459 738 486 is.
752 458 814 491 156,
942 425 1070 453 Μ’ΤΑΕ·

207 559 738 572 ___—_vw,_,
814 559 820 571 ,

689 640 1004 686 CASIMIRUS
1041 640 1313 689 OUDINUS

596 733 645 760 DE
664 732 712 760 SS.
732 732 900 761 MACARIIS
917 733 1091 761 AEGYPTIO
1109 735 1156 762 ET
1172 735 1435 765 ALEXANDRINO.

193 791 315 823 [Casimiri
326 789 416 816 Oudini
428 790 622 816 Commentarlus
632 791 664 816 de
680 790 841 822 scriptoribus
852 791 984 852 Boil-cpia;
1110 794 1269 856 Jillorumque
1281 797 1380 826 scriptis
1391 796 1500 821 Fralicul.
1515 798 1544 822 ad
1568 798 1679 822 Moenum
1695 800 1753 824 17:22
1766 801 1808 826 tot,

229 920 342 948 Macarii
367 923 418 947 tres
438 921 568 947 monachi.
589 921 644 948 llos
668 921 749 948 simul
772 921 919 957 iungimus,
937 930 997 950 cum
1021 922 1138 958 disiungi
1162 923 1207 950 vix
1229 923 1344 958 possint,
1362 931 1444 960 atque
1463 927 1496 954 ad
1519 927 1721 956 distinctionem
1745 939 1759 957 a
1783 939 1812 958 se

194 971 291 994 mutuo
312 967 396 1002 magis
418 966 590 1002 perspicuam
608 967 688 994 simul
701 967 836 1002 iconiungi
861 968 1014 995 conveniat.
1034 968 1168 996 Vixerunt
1189 969 1217 996 hi
1239 973 1294 997 tres
1315 970 1412 997 eodem
1435 975 1568 1007 tempore,
1588 979 1669 1008 atque
1691 976 1813 1011 magistri

194 1012 318 1040 eiusdem
330 1012 441 1041 Antonii
451 1012 576 1047 discipuli
593 1013 695 1047 pariter
708 1013 880 1040 exstiterunt.
893 1014 930 1040 De
944 1022 1060 1048 quorum
1073 1014 1169 1049 primis
1184 1014 1290 1043 duobus
1304 1015 1348 1042 hic
1361 1016 1512 1045 inscrendis
1526 1018 1675 1053 loquuntur
1688 1020 1815 1049 Socrates

195 1061 264 1088 Πίιι.
279 1060 351 1087 Eccl.
368 1060 416 1087 lib.
431 1059 466 1088 lV
482 1068 541 1094 cap.
554 1060 598 1091 25,
611 1060 777 1088 Sozomenus
793 1061 842 1088 lib.
858 1061 893 1088 lll
909 1069 968 1096 cap.
982 1061 1024 1094 l4,
1042 1061 1230 1090 Tbcodorctus
1246 1063 1294 1090 lib.
1316 1063 1350 1091 IV
1363 1071 1421 1098 cap.
1438 1064 1487 1097 21,
1500 1065 1635 1093 Palladius
1649 1066 1716 1094 Hist.
1733 1068 1813 1095 Laus.

196 1113 274 1141 capp.
291 1106 324 1133 l9
339 1110 366 1133 et
380 1105 424 1132 20.
442 1105 545 1133 Horum
565 1107 665 1141 primus
679 1107 822 1139 Macarius,
838 1112 918 1143 gente
934 1109 1092 1144 Aegyptius,
1106 1110 1259 1137 monachus
1273 1110 1420 1143 Scetensis,
1436 1111 1522 1146 Magni
1538 1112 1648 1140 Antonii
1664 1114 1816 1150 discipulus

196 1154 296 1181 claruit
307 1154 341 1181 ab
355 1162 426 1181 anno
438 1153 499 1181 550.
512 1153 563 1187 Qui
577 1154 605 1181 in
618 1154 759 1181 iuventute
774 1155 863 1182 adhuc
879 1156 1045 1183 constitutus
1058 1156 1096 1184 ita
1110 1157 1258 1184 virtutibus
1268 1158 1426 1185 monasticis
1434 1162 1462 1185 et
1472 1164 1581 1187 austero
1593 1160 1700 1188 vivendi
1715 1170 1814 1196 genere

195 1201 334 1233 excellnit,
349 1201 402 1228 sibi
422 1208 530 1236 semper
542 1209 671 1235 praesens
683 1206 710 1229 et
723 1202 822 1237 gravis,
838 1207 868 1230 ut
885 1211 900 1230 a
915 1203 1046 1230 fratribus
1062 1203 1292 1238 παιδαριογέρων
1310 1211 1465 1233 vocaretur.
1485 1205 1579 1234 Annos
1599 1213 1681 1235 natus
1696 1209 1815 1244 quadra-

196 1248 272 1284 ginta
292 1249 325 1276 ad
343 1248 507 1284 presbyterii
527 1248 639 1284 gradum
655 1254 766 1277 evectus
786 1254 836 1277 est.
860 1251 997 1278 Miraculis
1012 1255 1040 1278 ct
1056 1251 1198 1286 prophetia
1215 1252 1306 1279 clarus
1320 1255 1359 1279 tot
1379 1252 1485 1280 sanavit
1499 1261 1605 1288 aegros,
1622 1259 1662 1282 tot
1676 1263 1691 1282 a
1707 1255 1817 1282 daemo-

197 1297 279 1324 nibus
294 1297 418 1324 obsessos
434 1297 564 1324 liberasse
585 1296 696 1329 dicitur,
712 1302 743 1325 ut
763 1297 873 1325 Socrate
891 1303 959 1326 teste
975 1299 1106 1326 miracula
1123 1298 1157 1326 ab
1175 1306 1208 1326 co
1225 1303 1330 1334 patrata
1351 1300 1469 1334 speciale
1488 1307 1556 1335 opus
1574 1301 1722 1336 exigerent.
1741 1302 1815 1329 Nihil

198 1345 299 1372 mirum
319 1352 396 1377 vero,
414 1349 469 1372 tam
486 1345 622 1371 celebrem
636 1345 708 1372 inter
720 1346 868 1373 monachos
881 1345 955 1381 [Pag.
973 1346 1035 1382 475]
1054 1346 1143 1374 virum
1164 1346 1248 1373 fuisse
1264 1346 1347 1373 etiam
1364 1346 1435 1373 inter
1450 1345 1602 1381 Scriptores
1618 1348 1817 1375 ecclesiasticos

197 1400 326 1420 successu
344 1393 474 1427 temporis
490 1393 665 1420 recensitum.
683 1393 746 1420 Illos
765 1394 838 1421 enim
862 1394 982 1429 insignes
1004 1394 1128 1422 homines
1150 1393 1276 1421 monachi
1296 1393 1454 1428 sequiorum
1474 1398 1627 1429 temporum
1643 1403 1693 1429 pro
1712 1395 1818 1422 viribus

198 1440 271 1468 inter
285 1440 380 1467 doctos
393 1440 475 1466 etiam
491 1440 638 1474 suppositis
652 1440 786 1475 Operibus
800 1441 961 1476 allegcrunt.
985 1441 1063 1469 Ilunc
1078 1441 1224 1469 Macarium
1239 1441 1310 1468 inter
1326 1440 1479 1475 Scriptores
1494 1449 1549 1469 non
1567 1442 1703 1470 omisisset
1721 1444 1819 1471 liiero-

199 1497 307 1525 nymus,
320 1489 343 1516 si
368 1493 489 1523 tempore
511 1496 561 1516 suo
581 1488 684 1523 aliquid
704 1489 755 1516 sub
778 1489 888 1516 Macarii
909 1489 1018 1516 nomine
1034 1489 1191 1517 exstitisset.
1214 1488 1300 1516 Annis
1325 1488 1435 1516 circiter
1456 1494 1565 1516 centum
1584 1495 1646 1525 post
1661 1490 1817 1526 Hieronymi

199 1541 315 1565 aetatem
329 1536 484 1564 Gennadius
500 1536 676 1564 Massiliensis
691 1537 832 1572 presbyter
852 1537 945 1564 retulit
965 1538 1038 1564 hunc
1058 1537 1203 1564 Macarium
1218 1537 1290 1564 inter
1304 1535 1456 1571 Scriptores
1475 1537 1675 1565 ecclesiasticos
1696 1538 1766 1565 libro
1779 1540 1818 1566 De

200 1584 262 1611 viris
275 1582 419 1610 illustribus
434 1590 494 1617 cap.
510 1582 553 1614 10,
568 1582 612 1609 cui
627 1582 734 1610 unicam
749 1583 881 1611 duntaxat
894 1583 1019 1611 attribuit
1032 1584 1191 1618 Epistulam,
1206 1583 1307 1618 quippe
1324 1590 1386 1610 cum
1405 1587 1471 1609 tunc
1484 1583 1615 1617 temporis
1631 1583 1698 1610 haec
1713 1588 1819 1612 tantum

201 1631 252 1658 sub
265 1630 375 1658 Macarii
392 1629 563 1657 celeberrimi
583 1631 693 1658 nomine
709 1634 854 1666 prostaret.
871 1631 1006 1664 Socrates,
1022 1632 1069 1666 qui
1088 1632 1198 1658 illorum
1213 1630 1392 1658 Macariorum
1406 1630 1523 1658 virtutes
1541 1630 1609 1657 Hist.
1624 1631 1696 1658 Εα-Ι.
1717 1632 1765 1659 lib.
1785 1633 1820 1659 Ν

201 1684 260 1711 cap.
276 1676 311 1703 25
333 1675 474 1711 magniﬁce
495 1675 610 1708 extollit,
631 1675 664 1702 de
687 1675 795 1710 scriptis
818 1676 889 1708 silet,
909 1676 1033 1710 quamvis
1056 1676 1158 1703 ibidem
1181 1675 1288 1711 Evagrii
1314 1675 1423 1702 illorum
1445 1674 1572 1709 discipuli
1593 1674 1680 1710 Opera
1704 1676 1820 1711 positive

202 1725 350 1748 recenseat.
367 1720 442 1747 Nihil
458 1727 522 1755 ergo
538 1720 589 1747 sub
602 1720 780 1747 Macariorum
793 1720 902 1748 nomine
918 1725 1041 1756 tempore
1059 1721 1178 1748 Socratis
1189 1721 1311 1748 exstabat
1329 1721 1470 1756 scriptum,
1483 1721 1556 1756 quod
1577 1729 1641 1748 sane
1658 1721 1750 1749 dicere
1759 1727 1820 1749 tam

202 1770 342 1805 praeclara
361 1769 503 1796 occasione
527 1768 588 1795 data
610 1776 665 1795 non
684 1768 834 1801 omisisset;
850 1777 966 1803 quorum
989 1773 1017 1796 et
1039 1769 1274 1805 Apophthcgmata
1291 1769 1346 1796 illic
1362 1769 1456 1800 refert,
1475 1769 1546 1796 sicut
1564 1774 1592 1796 et
1608 1770 1745 1797 Palladius
1763 1771 1781 1798 l.
1800 1772 1818 1799 l.

202 1816 338 1844 Audacior
353 1823 418 1843 sane
432 1815 544 1843 Graecia
561 1822 593 1842 ac
608 1813 811 1841 monachismus
831 1814 978 1846 recentior,
993 1815 1039 1848 qui
1059 1815 1224 1847 erubuisset,
1241 1814 1264 1841 si
1279 1814 1347 1841 nihil
1366 1814 1416 1841 sub
1432 1814 1611 1841 Macariorum
1627 1816 1737 1843 nomine
1751 1817 1821 1844 scri-

203 1868 280 1899 ptum
309 1863 467 1890 exstitisset.
497 1862 553 1889 Sub
575 1860 642 1887 falso
662 1860 744 1895 igitur
768 1859 796 1887 S.
817 1859 928 1886 Macarii
950 1859 1065 1887 Senioris
1087 1865 1110 1887 et
1131 1860 1266 1895 Aegyptii,
1288 1867 1370 1894 quem
1394 1859 1502 1886 unicam
1528 1860 1659 1888 duntaxat
1681 1862 1822 1897 scripsisse

204 1909 352 1944 Epistolam
366 1907 452 1935 voluit
464 1907 483 1934 l.
499 1907 518 1934 l.
533 1905 698 1937 Gennadius,
713 1905 860 1940 productae
878 1905 1009 1932 Homiliae
1029 1906 1180 1940 spirituales
1201 1906 1392 1941 quinquaginta
1407 1905 1438 1931 de
1453 1906 1603 1941 integritate
1613 1916 1680 1942 quae
1694 1908 1822 1936 Christia-

205 1961 251 1980 nos
266 1953 348 1980 decet.
361 1952 474 1980 Exstant
485 1958 579 1987 graece
592 1955 620 1978 et
630 1950 713 1977 latine
727 1950 840 1978 Parisiis
855 1950 923 1978 1559
938 1951 1006 1982 in-8,
1031 1951 1130 1978 deinde
1154 1959 1220 1978 cura
1231 1951 1311 1977 Zach.
1328 1950 1461 1977 Palthenii
1480 1950 1651 1979 Francol'urti
1666 1952 1734 1980 1594
1749 1953 1821 1985 in-8,

205 2000 323 2035 denique
345 2007 409 2027 cum
430 1999 564 2034 Operibus
583 1998 707 2034 Gregorii
732 1998 926 2033 Thaumaturgi
949 1999 1061 2026 Parisiis
1085 1999 1112 2025 in
1134 1998 1180 2025 fol.
1202 2005 1274 2025 anno
1299 1997 1375 2024 1622.
1394 1997 1466 2030 Quas
1487 2005 1548 2024 cum
1565 1998 1680 2032 Caveus,
1703 1999 1725 2026 si
1749 2005 1824 2027 recte

205 2048 346 2080 sensisset,
361 2043 743 2081 oeusuppOSititiasnulloque
758 2048 928 2082 antiquitatis
946 2047 1102 2075 testimonio
1119 2047 1201 2074 fultas
1219 2046 1391 2081 proscribere
1411 2044 1560 2076 debuisset,
1578 2043 1609 2070 ab
1627 2043 1716 2079 aliquo
1734 2044 1824 2078 forsan

205 2097 331 2131 sequioris
348 2094 447 2122 saeculi
466 2094 640 2129 interpolatae
660 2094 761 2122 dixisse
784 2094 850 2122 satis
869 2095 973 2122 habuit.
1002 2095 1065 2122 Illas
1091 2095 1188 2122 Petrus
1209 2094 1338 2121 Possinus
1360 2101 1376 2120 e
1401 2093 1462 2120 Soc.
1484 2092 1508 2119 J.
1529 2091 1557 2118 in
1578 2090 1771 2126 Prolcgomenis
1789 2091 1824 2119 ad

207 2144 377 2171 Thesaurum
390 2143 543 2170 Asceticum
558 2150 654 2177 graece
666 2147 694 2169 et
708 2142 791 2169 latine
804 2143 964 2177 impressum
978 2143 1037 2170 in-l
1061 2151 1132 2169 anno
1144 2142 1213 2169 1684
1223 2142 1336 2169 Tolosae
1350 2141 1422 2176 apud
1432 2139 1606 2168 Guilielmum
1626 2139 1723 2172 Bosch,
1732 2144 1826 2167 censet

207 2191 345 2225 pertinere
363 2190 398 2217 ad
412 2189 559 2216 Macarium
575 2188 710 2215 iuniorem
729 2187 890 2223 Aegyptium
906 2188 1002 2214 eodem
1021 2192 1143 2222 tempore
1160 2187 1293 2214 illustrem
1309 2195 1316 2213 :
1332 2193 1401 2221 quae
1420 2183 1559 2212 contentio
1576 2183 1677 2211 modici
1693 2184 1825 2211 momenti

206 2239 258 2266 est,
272 2242 335 2261 cum
349 2239 465 2268 uterque
483 2239 511 2261 et
529 2232 621 2260 senior
633 2237 662 2259 et
677 2232 766 2259 iunior
780 2237 901 2267 tempore
914 2233 1011 2260 eodem
1024 2233 1152 2260 vixerint.
1168 2233 1225 2267 Ego
1240 2232 1275 2259 ob
1290 2236 1415 2259 veterum
1428 2231 1462 2258 dc
1475 2232 1518 2258 his
1533 2231 1668 2266 Operibus
1688 2231 1827 2259 silentium

208 2280 320 2315 utrique
334 2279 451 2307 Macario
466 2279 598 2308 Homilias
611 2280 675 2307 istas
694 2280 791 2314 opinor
811 2281 965 2315 suppositas
984 2289 999 2308 a
1017 2281 1159 2308 monachis
1181 2281 1285 2316 graecis
1307 2280 1340 2307 ad
1363 2279 1495 2306 maiorem
1514 2280 1693 2307 Macariorum
1708 2281 1827 2308 nominis

207 2328 317 2356 famam.
326 2328 432 2356 Omisso
444 2332 567 2355 veterum
581 2328 615 2355 de
626 2328 670 2356 bis
684 2328 819 2363 Operibus
829 2329 937 2356 silentio
951 2329 1012 2356 dico
1025 2333 1081 2356 tum
1096 2329 1241 2364 Epistolam
1253 2328 1338 2359 illam,
1350 2327 1384 2354 de
1395 2334 1448 2361 qua
1459 2325 1580 2360 loquitur
1589 2325 1754 2357 Gennadius,
1768 2330 1827 2352 tum

209 2377 258 2404 has
272 2376 468 2411 Quinquaginta
489 2374 627 2407 Homilias,
642 2375 676 2402 de
693 2375 794 2410 quibus
809 2382 890 2409 supra
906 2375 1020 2410 egimus,
1035 2383 1088 2402 non
1103 2382 1181 2409 posse
1195 2382 1255 2401 esse
1269 2374 1376 2400 Macarii
1394 2373 1466 2400 illius
1479 2370 1612 2405 Aegyptii,
1628 2370 1685 2397 sive
1698 2370 1826 2402 senioris,

208 2423 267 2450 sive
288 2423 415 2455 iunioris,
431 2421 478 2457 qui
494 2420 595 2448 seniori
609 2420 780 2456 synchronus
794 2423 854 2446 erat
871 2423 952 2454 atque
967 2424 1056 2447 aetate
1072 2419 1203 2446 duntaxat
1220 2418 1320 2445 iunior.
1338 2417 1482 2445 Rationem
1498 2414 1626 2450 optimam
1647 2414 1731 2442 all'ero
1747 2413 1826 2441 Pela—

209 2467 371 2502 gianismum
385 2466 593 2494 subtilissimum
607 2468 688 2500 atque
700 2463 888 2499 purissimum,
901 2471 957 2499 quo
976 2468 1004 2491 et
1025 2463 1147 2499 Epistula
1161 2468 1189 2490 et
1202 2462 1333 2490 Homiliae
1353 2463 1449 2497 plenae
1471 2466 1544 2494 sunt,
1561 2465 1589 2489 ut
1608 2465 1710 2489 attente
1726 2461 1827 2497 legenti

208 2512 353 2541 constabit.
369 2513 454 2540 Erant
465 2516 556 2540 autem
569 2512 598 2540 hi
618 2515 674 2539 tres
683 2511 793 2538 Macarii
807 2510 908 2538 mortui
925 2518 1020 2538 omnes
1038 2515 1100 2538 ante
1121 2510 1291 2545 Pelagianam
1304 2514 1393 2537 ortam
1407 2509 1552 2541 haeresim,
1568 2508 1641 2535 unde
1661 2508 1761 2543 scripta
1781 2508 1827 2536 illa

208 2557 244 2585 ad
260 2557 392 2585 Macarios
410 2557 477 2584 istos
495 2557 631 2592 pertinere
647 2556 803 2583 nullatenus
822 2559 946 2590 possunt.
969 2556 1007 2583 De
1022 2555 1153 2590 Epistola,
1175 2563 1245 2590 quae
1263 2555 1378 2587 interiit,
1398 2562 1555 2590 expressum
1571 2559 1613 2582 est
1631 2555 1762 2582 Geunadii
1779 2555 1827 2590 qui

209 2604 313 2639 legerat
335 2604 520 2631 testimonium
540 2611 574 2630 ex
594 2603 667 2631 libro
679 2603 719 2631 De
741 2603 804 2630 viris
823 2603 970 2630 illustribus
992 2610 1051 2638 cap.
1069 2602 1103 2629 10
1120 2602 1164 2629 his
1185 2607 1348 2637 conceptum
1365 2603 1457 2630 verbis
1474 2610 1480 2628 :
1501 2611 1510 2627 ‹
1527 2602 1660 2629 Macarius
1678 2602 1827 2629 monachus

210 2649 256 2676 ille
272 2649 428 2684 Aegyptius,
445 2649 519 2685 [Pag.
536 2647 598 2684 476]
613 2648 697 2683 signis
711 2652 738 2675 et
753 2648 901 2676 virtutibus
916 2648 1016 2680 clarus,
1032 2655 1113 2674 unam
1133 2652 1236 2674 tantum
1253 2647 1287 2674 ad
1302 2647 1423 2676 iuniores
1440 2650 1615 2682 professionis
1634 2658 1698 2678 suae
1718 2650 1828 2685 scripsit

209 2696 370 2731 Epistolam,
386 2697 414 2724 in
428 2705 483 2732 qua
498 2697 586 2729 docet,
605 2696 680 2723 illum
698 2695 816 2731 perfecte
837 2703 918 2730 posse
935 2695 992 2723 Deo
1014 2695 1128 2727 servire,
1145 2694 1192 2730 qui
1209 2695 1395 2722 conditionem
1415 2698 1561 2725 creationis
1579 2706 1644 2725 suae
1663 2705 1828 2733 cognoscens

210 2745 246 2772 ad
270 2753 365 2773 omnes
390 2746 564 2781 semetipsum
589 2744 761 2772 iuclinaverit
781 2744 899 2777 labores,
918 2749 947 2772 et
964 2744 1093 2772 luctando
1117 2749 1198 2779 atque
1214 2744 1262 2772 Dei
1287 2744 1431 2772 adversum
1453 2753 1533 2774 omne
1556 2746 1628 2781 quod
1652 2747 1680 2773 in
1701 2746 1752 2772 hac
1772 2745 1828 2772 vita

212 2799 297 2819 suave
317 2796 360 2819 est
379 2792 509 2819 auxilium
531 2792 712 2828 implorando,
729 2793 763 2820 ad
783 2793 934 2820 naturalem
953 2801 1055 2828 quoque
1080 2793 1229 2828 perveniam
1248 2793 1398 2829 puritatem,
1415 2795 1600 2822 continentiam
1623 2795 1693 2821 velut
1716 2798 1828 2822 naturae

213 2839 328 2866 debitum
354 2847 447 2866 munus
468 2840 615 2868 obtinuerit.
636 2851 646 2867 ›
674 2840 875 2868 Continentiam
900 2841 973 2868 enim
998 2849 1059 2868 esse
1084 2849 1184 2869 munus
1207 2848 1320 2869 naturae
1341 2842 1473 2873 debitum,
1493 2848 1547 2867 non
1574 2840 1685 2876 gratiae,
1704 2839 1828 2867 doctrina

213 2885 357 2921 Pelagiana
377 2893 487 2920 prorsus
499 2891 541 2914 est
556 2891 650 2914 contra
669 2886 842 2915 Salomonem
856 2885 920 2920 Sap.
939 2885 1008 2919 Vlll,
1025 2886 1042 2913 2
1053 2892 1081 2914 et
1102 2886 1137 2917 Χ,
1155 2887 1220 2921 2,-
1235 2887 1393 2922 Apostolum
1415 2886 1476 2915 Gal.
1491 2886 1523 2918 V,
1540 2885 1575 2913 25
1590 2894 1596 2912 :
1613 2885 1720 2912 Fructus
1739 2887 1827 2911 autem
