2064 3152
251 150 302 180 379
895 149 1080 178 CASIMIRUS
1096 149 1246 178 OUDINUS
1822 150 1875 180 380

250 209 365 246 Spiritus
383 213 422 238 est
443 213 498 238 cet.
511 208 588 244 ﬁdet,
605 208 742 241 modestia,
760 209 931 242 continentia,
948 210 1066 237 castitas.
1089 208 1168 242 Quod
1183 209 1266 237 etiam
1285 207 1335 236 hae
1352 208 1550 246 Quinquaginta
1573 208 1704 238 Homilies
1727 209 1762 238 ad
1784 208 1874 238 Maca-

249 259 322 286 rium
339 258 431 291 istum,
443 263 525 292 atque
539 257 607 285 alios
621 255 743 283 eiusdem
761 255 893 290 temporis
907 255 976 283 duos
989 257 1146 284 nullatenus
1164 260 1297 292 spectem,
1314 256 1358 284 his
1372 257 1480 285 duobus
1495 257 1598 285 allirmo
1613 258 1782 294 argumentis
1797 266 1805 285 :

285 303 568 332 Primum..llomiliae
584 303 652 331 istae
668 311 723 331 non
742 308 806 331 sunt
819 304 931 338 proprie
945 303 1074 332 homiliae
1089 304 1123 331 ad
1135 304 1266 339 populum
1285 304 1406 338 habitae,
1421 304 1469 332 sed
1492 310 1596 333 tantum
1612 305 1721 341 farrago
1740 306 1875 341 quaedam

249 349 284 376 ab
303 349 394 382 aliquo
410 347 624 375 archimandrita
639 348 753 375 collecta
768 355 800 374 ac
814 347 942 382 privatim
958 348 1118 383 composita,
1135 356 1205 383 quae
1220 348 1356 376 interdum
1371 349 1483 384 quidem
1498 351 1625 379 homilias
1639 352 1770 384 continet,
1788 352 1874 380 inter-

249 396 314 423 dum
330 403 394 422 vero
410 395 590 428 Quaestioues
606 395 694 422 varias
711 399 739 422 et
762 395 964 430 Responsiones
985 395 1088 422 nullam
1105 395 1277 422 homiliarum
1297 395 1414 429 speciem
1432 395 1574 429 habentes,
1589 404 1657 432 quas
1672 397 1875 426 consarcinator

248 450 298 477 pro
321 446 413 477 captu,
428 442 530 476 absque
555 444 724 472 connexione
747 443 828 471 simul
853 443 973 478 collegit.
997 443 1037 470 Ex
1060 442 1231 479 inspectione
1253 447 1282 470 et
1303 442 1420 470 lectione
1441 443 1551 471 illarum
1570 452 1615 472 res
1630 449 1756 472 constare
1774 449 1875 480 potest.

248 489 322 524 quod
345 497 400 516 non
420 489 551 517 dillitelur
566 489 639 518 Elias
652 491 687 518 du
706 491 756 518 Pin
775 491 840 518 Nov.
856 490 978 517 Biblioth.
1001 490 1109 526 Scriptt.
1125 490 1228 517 Eccles.
1251 490 1329 518 Tom.
1345 490 1367 517 ll
1382 491 1459 518 Saec.
1473 491 1507 519 IV
1526 497 1587 526 pag.
1607 490 1674 517 mihi
1691 490 1734 517 70.
1751 491 1819 518 Nam
1841 492 1875 519 ad

248 535 328 562 linem
344 535 471 562 homiliae
484 535 517 562 VI
531 535 562 561 de
577 535 695 561 oratione
713 538 804 562 movet
819 534 887 562 duas
906 534 1084 567 Quaestioues
1100 536 1134 563 de
1150 535 1332 562 incarnatione
1356 535 1420 562 Iesu
1436 535 1532 563 Christi
1545 542 1607 563 cum
1623 535 1735 563 totidem
1751 536 1875 571 Respon-

247 583 382 616 sionibus,
403 591 472 618 quae
485 584 519 611 ad
542 587 733 620 argumentum
755 582 893 610 Orationis
919 582 988 609 nihil
1012 582 1125 610 faciunt.
1148 582 1282 610 llomiliae
1306 583 1353 611 VII
1378 586 1407 611 et
1430 583 1488 611 VIII
1511 587 1638 610 constant
1659 590 1768 618 quoque
1791 583 1876 611 variis

247 628 458 661 Quaestionibus
480 633 508 656 et
529 628 770 664 Responsionibus.
792 627 869 656 Unde
886 627 974 661 liquet
992 628 1049 655 sole
1072 627 1184 661 clarius,
1202 636 1256 656 non
1274 636 1335 656 esse
1353 628 1485 656 Homilias
1507 628 1540 656 ad
1560 628 1691 663 populum
1712 628 1809 661 dictas,
1826 629 1874 656 sed

247 678 434 706 collectaneum
456 678 652 712 Quaestionum,
669 685 737 712 quas
754 677 788 704 ad
810 676 1051 704 archimandritam
1069 677 1190 712 aliquem
1209 677 1337 705 monachi
1355 677 1520 705 accedentes
1535 674 1707 709 proposuisse
1722 674 1872 710 ﬁnguntur.

247 724 364 753 Homilia
379 725 425 752 XII
441 726 563 756 continet
583 724 762 758 Quaestiones
774 729 802 752 et
820 724 1023 760 Responsiones
1037 725 1081 753 vel
1105 726 1262 753 nullatenus
1279 725 1323 753 vel
1344 733 1441 761 parum
1459 724 1551 752 utiles.
1572 722 1688 750 llomilia
1705 721 1752 750 XV
1768 722 1874 750 nullum

246 770 330 799 habet
343 771 461 806 speciale
476 776 676 807 argumentum,
691 770 739 798 sed
752 771 841 797 varias
853 770 1031 803 Quaestioncs
1043 772 1079 800 'de
1092 771 1282 798 resurrectione
1305 775 1330 798 et
1351 771 1560 806 concupiscentia
1575 770 1707 803 continet,
1724 778 1794 805 quae
1812 771 1874 798 nul-

246 817 300 845 lam
316 817 387 845 inter
401 825 430 845 se
443 818 639 846 connexionem
659 818 771 846 habent.
794 817 912 845 Homilia
930 818 1013 845 XXVI
1030 818 1151 846 continet
1167 818 1260 853 plures
1273 817 1452 851 Quaestiones
1471 824 1499 846 et
1514 817 1714 853 Responsiones
1735 817 1767 844 de
1785 821 1872 845 tenta-

246 862 357 890 tionibua
386 863 483 890 diaboli
507 867 532 890 et
552 865 655 899 gratiae
678 863 814 899 eﬂ'ectibus.
837 862 954 890 Homilia
972 863 1068 891 XXVII
1090 863 1237 898 respondet
1255 870 1364 898 quoque
1381 862 1592 896 Quaestionibus
1608 865 1702 893 multis
1719 865 1751 892 de
1770 866 1874 900 gratiae

246 911 385 946 eﬂ'ectibus.
397 911 515 938 Homilia
529 911 649 940 XXXVII
664 911 780 939 habetur
795 909 962 938 verbotenus
975 910 1046 938 inter
1057 909 1193 946 Opuscula
1207 911 1289 938 Marci
1302 911 1508 940 Exercitatoris.
1522 913 1638 940 Homilia
1652 912 1698 940 XL
1711 918 1767 940 tres
1782 910 1873 943 adhuc

245 958 425 991 Quaestiones
447 959 584 994 proponit,
604 966 672 994 quas
696 956 930 992 Responsionibus
954 958 1069 986 totidem
1093 958 1182 986 solvit.
1207 958 1267 986 Non
1291 966 1357 993 ergo
1381 958 1578 986 collectaneum
1598 957 1671 986 istud
1693 957 1872 985 Bomiliarum

245 1004 356 1040 proprie
369 1009 421 1037 est,
437 1004 484 1032 sed
497 1004 603 1040 farrago
617 1003 755 1031 variorum
770 1000 1018 1035 indiscriminatim,
1035 1007 1066 1029 ut
1083 1002 1222 1030 collectori
1241 1002 1366 1030 allubuit.

279 1047 408 1076 Secundo.
428 1048 557 1084 Quisquis
570 1049 650 1077 istius
662 1047 804 1084 farraginis
817 1052 922 1082 auctor,
940 1048 964 1076 is
978 1052 1040 1083 post
1054 1053 1142 1075 ortam
1157 1048 1327 1084 Pelagianam
1347 1049 1482 1078 haeresim
1497 1049 1617 1086 scripsit,
1633 1057 1714 1085 quam
1735 1049 1873 1077 subtiliter

243 1101 274 1125 et
284 1103 362 1125 caute
376 1097 456 1125 docet
471 1097 582 1133 passim.
594 1097 670 1130 Quod
686 1102 715 1125 et
728 1098 838 1133 agnovit
852 1098 936 1125 Ellias
954 1097 992 1124 du
1008 1096 1058 1124 Pin
1079 1096 1098 1124 l.
1114 1096 1145 1129 l.,
1161 1099 1226 1124 dum
1249 1096 1338 1132 inquit
1354 1097 1484 1125 Homilies
1500 1096 1575 1128 istas,
1589 1095 1623 1122 de
1636 1095 1735 1130 quibus
1755 1095 1871 1130 agimus,

243 1150 304 1170 esse
317 1143 472 1170 conformes
486 1143 575 1178 quoad
589 1143 741 1170 doctrinam
756 1143 891 1178 Epistolae
905 1143 956 1170 sub
968 1142 1077 1170 Macarii
1097 1142 1217 1176 nomine,
1232 1151 1313 1178 quam
1328 1142 1617 1179 depingitGennadius
1630 1142 1659 1169 in
1677 1142 1748 1169 libro
1763 1142 1794 1168 de
1809 1143 1871 1169 viris

243 1186 391 1215 illustribus
414 1195 474 1223 cap.
493 1188 535 1215 10.
552 1187 587 1215 At
600 1187 720 1223 Epistola
739 1188 790 1215 ista
806 1188 949 1223 Pelagiana
961 1191 1013 1219 est,
1029 1187 1154 1222 idemque
1175 1187 1320 1215 dicendum
1335 1188 1369 1216 de
1386 1188 1511 1216 llomiliis
1526 1188 1595 1216 istis.
1611 1188 1677 1216 Nam
1693 1188 1808 1216 Homilia
1823 1187 1870 1215 XV

243 1234 303 1262 vult
315 1234 550 1270 concupiscentiam
564 1241 625 1261 esse
643 1233 778 1267 quandam
796 1231 866 1267 ignis
881 1231 955 1268 [Pag.
969 1230 1031 1267 477]
1047 1231 1074 1257 in
1090 1230 1199 1258 homine
1215 1231 1323 1259 accensi
1337 1233 1466 1268 speciem,
1481 1240 1586 1266 omnes,
1600 1238 1631 1260 ut
1649 1234 1686 1260 ita
1703 1233 1808 1261 dictum
1823 1232 1869 1264 sit.

244 1279 331 1315 ipsius
354 1285 446 1315 partes
467 1279 671 1312 aceendentem,
685 1280 729 1307 cui
744 1281 873 1308 resistere
892 1281 991 1314 potest,
1011 1277 1034 1304 si
1052 1277 1162 1304 assidue
1186 1277 1309 1312 invigilet
1330 1278 1382 1305 sibi
1403 1283 1485 1313 atque
1499 1286 1622 1317 pugnet:
1639 1281 1691 1309 Eo;
1714 1285 1812 1314 autem,
1825 1281 1870 1316 qui

244 1325 407 1360 passionibus
421 1326 556 1358 resistunt,
568 1331 688 1353 sanctum
699 1326 828 1362 Spiritum
842 1330 920 1361 atque
938 1324 1035 1353 Christi
1053 1325 1154 1360 gratias
1173 1325 1296 1359 recipere.
1310 1325 1388 1358 Quod
1407 1325 1581 1361 Pelagianam
1597 1328 1707 1356 omnino
1725 1332 1776 1361 est,
1792 1328 1870 1363 quasi

243 1376 308 1398 ante
328 1371 442 1406 gratiam
455 1371 556 1400 Christi
567 1377 722 1407 perceptam
736 1370 972 1407 concupiscentiae
984 1378 1016 1397 ac
1029 1369 1201 1405 passionihus
1216 1371 1337 1398 accensis
1347 1378 1379 1398 ex
1391 1376 1504 1401 naturae
1517 1375 1622 1403 viribus
1638 1376 1766 1403 resistere
1780 1375 1870 1403 valea-

244 1423 316 1444 mus.
333 1416 450 1443 llomilia
463 1416 521 1445 XVI
537 1417 626 1452 inquit
639 1419 777 1447 hominem
798 1419 898 1447 debere
920 1425 1027 1452 semper
1047 1417 1154 1449 timere,
1171 1424 1204 1444 eo
1223 1418 1296 1452 quod
1316 1425 1424 1452 semper
1445 1421 1639 1450 tentationibus
1658 1422 1797 1457 expositus
1817 1423 1868 1456 sit;

245 1464 337 1498 itaque
357 1465 404 1498 qui
423 1465 537 1500 gratiam
555 1467 676 1496 nondum
689 1469 801 1502 habent,
813 1469 914 1496 debere
935 1474 1042 1502 semper
1057 1471 1085 1494 et
1104 1467 1205 1494 bonum
1220 1475 1300 1501 agere
1314 1472 1342 1495 et
1355 1467 1455 1495 malum
1470 1468 1562 1505 fugere
1575 1477 1609 1498 ex
1622 1470 1742 1498 motibus
1760 1475 1871 1498 natura-

244 1511 327 1546 libus;
342 1513 389 1547 qui
405 1521 471 1541 vero
490 1514 604 1549 gratiam
626 1514 792 1549 acceperint,
812 1521 868 1540 non
891 1511 1012 1546 indigere
1031 1511 1150 1539 motibus
1169 1511 1212 1539 hlS
1232 1512 1403 1540 naturalibus
1422 1518 1503 1548 atque
1525 1515 1711 1543 interioribus.
1736 1515 1870 1551 Supponit

242 1563 318 1593 ergo,
336 1558 474 1587 hominem
496 1561 588 1593 etiam,
604 1565 748 1594 antequam
761 1559 875 1595 gratiam
889 1558 997 1591 habeat,
1014 1565 1093 1593 posse
1111 1562 1139 1585 et
1155 1558 1257 1586 bonum
1273 1559 1362 1587 facere
1379 1564 1408 1588 et
1421 1561 1520 1589 malum
1538 1561 1631 1597 fugere
1647 1569 1679 1588 ex
1695 1561 1870 1589 instinctibus

244 1604 429 1637 naturalibus;
442 1605 515 1639 quod
526 1605 699 1641 Pelagianum
712 1610 764 1637 est,
776 1605 852 1640 quasi
873 1604 917 1632 his
937 1609 1051 1632 naturae
1064 1604 1204 1632 laboribus
1217 1608 1245 1632 et
1256 1607 1399 1635 conatibus
1412 1608 1525 1644 gratiam
1539 1607 1586 1634 Dei
1604 1607 1638 1634 ad
1654 1615 1705 1634 nos
1719 1607 1868 1634 trahamus.

244 1651 363 1678 llomilia
377 1651 461 1680 XXVI
475 1656 531 1681 tota
543 1661 651 1688 quoque
663 1653 806 1688 Pelagiana
819 1656 871 1684 est,
884 1656 915 1679 ut
928 1655 1030 1678 attente
1045 1651 1145 1686 legenti
1166 1651 1310 1681 constabit.
1327 1658 1409 1689 atque
1423 1662 1457 1682 ex
1473 1655 1517 1687 iis,
1532 1662 1601 1690 quae
1619 1654 1700 1682 aﬁ‘ert
1711 1655 1729 1682 l.
1744 1655 1763 1681 l.
1785 1654 1870 1681 Ellias

245 1695 281 1723 du
300 1696 361 1729 Pin,
377 1698 504 1732 cognosci
522 1698 629 1726 abunde
643 1703 742 1734 potest.
755 1697 838 1725 Miror
852 1702 952 1729 tamen,
972 1703 1022 1723 cur
1039 1696 1137 1731 pagina
1153 1695 1222 1723 mihi
1236 1696 1270 1723 72
1284 1697 1445 1734 Aethiopem
1461 1699 1588 1728 dealbare
1601 1704 1716 1727 conetur
1732 1699 1868 1727 intendat-

245 1752 309 1780 que,
324 1749 465 1772 auctorem
486 1744 561 1773 hunc
579 1745 647 1773 nihil
668 1745 744 1773 aliud
765 1745 835 1773 velle
855 1751 937 1780 quam
961 1743 1108 1771 conciliare
1130 1743 1232 1778 gratiae
1253 1746 1443 1774 necessitatem
1466 1755 1528 1774 cum
1550 1747 1632 1774 liberi
1652 1747 1761 1774 arbitrii
1779 1748 1868 1775 nostri

245 1793 452 1827 cooperatione.
473 1793 555 1821 Aliud
576 1801 641 1821 sane
658 1794 717 1821 vult
737 1793 898 1828 Pelagianus
918 1791 978 1824 ille;
998 1790 1106 1818 initium
1128 1798 1226 1826 nempe
1247 1792 1343 1820 salutis
1365 1798 1473 1822 nostrae
1492 1803 1552 1823 esse
1576 1803 1591 1822 a
1611 1795 1692 1823 nobis
1712 1803 1762 1831 per
1783 1803 1868 1831 opera

245 1841 360 1866 naturae
376 1838 580 1873 incipientibus,
596 1839 697 1874 quibus
710 1839 858 1867 accedente
873 1837 965 1865 divina
981 1836 1069 1872 gratia
1083 1836 1157 1863 salus
1174 1835 1228 1863 iam
1243 1837 1277 1865 ad
1292 1839 1488 1873 perfectionem
1504 1841 1665 1868 adducatur.
1680 1841 1757 1870 Unde
1773 1849 1868 1877 quam-

245 1885 288 1913 vis
305 1886 414 1920 saepius
431 1886 504 1914 dicat
539 1887 653 1922 gratiam
672 1894 732 1914 esse
752 1885 936 1913 necessariam
955 1885 999 1912 vel
1022 1884 1056 1912 ad
1079 1883 1210 1911 iustitiam
1228 1885 1387 1920 perfectam,
1401 1888 1443 1915 vel
1464 1888 1548 1915 vitam
1562 1893 1711 1921 aeternam,
1728 1893 1760 1916 ut
1774 1889 1854 1917 Homi
1876 1913 1879 1916 .

245 1929 281 1957 lia
301 1929 395 1963 XXIV,
408 1931 451 1958 vel
467 1931 501 1958 ad
516 1931 658 1959 evitandas
671 1938 766 1958 omnes
781 1930 886 1966 peCcati
907 1929 1075 1962 occasiones,
1087 1929 1131 1955 vel
1146 1928 1181 1956 ad
1196 1930 1324 1958 omnibus
1343 1933 1542 1961 tentationihus
1557 1933 1751 1967 resistendum,
1765 1939 1797 1961 ut
1812 1934 1867 1962 Ho-

246 1976 321 2003 milia
333 1975 415 2009 XXV,
429 1984 569 2012 nunquam
589 1982 679 2004 tamen
692 1976 820 2009 asseruit,
835 1976 909 2003 illam
925 1982 986 2003 esse
1002 1973 1184 2002 necessariam
1197 1974 1232 2001 ad
1244 1982 1326 2002 omne
1342 1980 1371 2003 et
1382 1978 1524 2012 quodlibet
1537 1979 1566 2007 in
1580 1978 1711 2014 singulari
1727 1987 1797 2014 opus
1813 1979 1864 2008 bo-

245 2029 322 2054 num,
336 2022 462 2056 opinatus
475 2030 573 2057 nempe
590 2023 665 2050 iuxta
682 2022 821 2058 Pelagium
838 2026 867 2049 et
887 2021 1056 2056 Pelagianos,
1071 2021 1180 2049 initium
1194 2022 1290 2050 salutis
1305 2031 1366 2052 esse
1384 2032 1399 2052 a
1416 2025 1496 2052 nobis
1512 2033 1546 2052 ex
1563 2030 1661 2054 natura
1676 2028 1864 2062 operantibus.

282 2068 417 2097 Convenit
433 2070 549 2097 maxime
566 2069 611 2097 hic
630 2074 726 2097 auctor
741 2069 831 2104 quoad
850 2069 1003 2096 doctrinam
1018 2076 1081 2095 cum
1104 2068 1194 2095 Marco
1208 2066 1327 2103 ἀσκητῇ
1338 2077 1387 2098 seu
1401 2071 1599 2106 Exercitatore,
1614 2074 1662 2109 qui
1676 2074 1742 2101 olim
1755 2075 1865 2105 Macarii

245 2115 329 2142 huius
341 2115 491 2150 discipulus
501 2116 564 2148 fuit,
576 2123 627 2143 uec
637 2115 746 2143 ditlicile
758 2116 820 2148 fuit,
834 2121 866 2144 ut
881 2116 982 2150 scripta
995 2114 1122 2150 discipuli
1136 2115 1266 2149 magistro
1278 2117 1450 2150 pastmodum
1462 2127 1496 2147 ex
1510 2120 1626 2154 quadam
1641 2121 1753 2149 maioris
1768 2127 1864 2151 aucto-

245 2161 336 2189 ritatis
352 2161 524 2190 affectatione
543 2163 586 2190 vel
602 2163 685 2190 etiam
705 2163 809 2190 malitia
824 2162 1051 2190 attribuerentur.
1067 2162 1148 2189 Plura
1161 2162 1195 2189 de
1214 2162 1257 2190 his
1270 2162 1394 2192 Homiliis
1412 2173 1461 2193 seu
1480 2166 1562 2193 etiam
1581 2166 1794 2200 Quaestionibus
1813 2177 1850 2197 no

244 2214 340 2246 postea
352 2209 380 2236 in
395 2209 484 2237 Marco
498 2211 606 2243 Asceta,
624 2210 669 2238 cui
682 2210 876 2238 adiudicandas
890 2211 925 2238 ob
940 2210 1081 2238 doctrinae
1096 2214 1124 2237 et
1136 2210 1197 2245 styli
1211 2210 1418 2240 similitudinem
1432 2220 1584 2241 censemus.

279 2255 394 2283 Exstant
406 2261 497 2284 autem
509 2257 562 2284 hae
574 2256 603 2283 S.
620 2255 728 2283 Macarii
743 2257 867 2292 Aegyptii
878 2256 1011 2284 Homiliae
1030 2255 1105 2284 MSS.
1119 2263 1213 2291 graece
1225 2255 1253 2283 in
1268 2256 1413 2285 Bodleiano
1424 2258 1521 2286 Oxouii
1535 2260 1563 2287 in
1576 2259 1680 2296 Anglic.
1695 2259 1864 2288 Bibliotheca

245 2302 339 2330 codice
352 2302 404 2330 215
420 2303 448 2330 in
470 2303 544 2331 MSS.
561 2304 742 2333 Baroccianis.
766 2303 856 2338 Atque
877 2303 905 2330 in
928 2303 981 2330 hoc
1005 2302 1099 2330 codice
1123 2306 1231 2330 exstant
1253 2302 1384 2331 Homiliae
1400 2304 1479 2338 LVII,
1500 2313 1618 2340 quarum
1637 2313 1708 2342 quae
1730 2306 1759 2334 in
1780 2306 1864 2336 editis

244 2353 382 2384 postrema
394 2354 446 2383 est,
461 2350 489 2378 in
505 2351 560 2378 MS.
578 2351 632 2379 isto
647 2350 753 2378 auctior
765 2354 807 2377 est
819 2356 901 2384 quam
915 2349 942 2375 in
956 2348 1106 2383 impressis.

278 2394 408 2423 Eiusdem
422 2396 539 2424 Homilia
553 2396 586 2424 LI
596 2395 631 2424 ad
643 2395 805 2432 Symeonem
819 2394 944 2422 Ascetam
960 2401 1021 2428 pag.
1033 2392 1093 2426 202,

757 2402 805 2422 lem
819 2394 944 2422 Ascetam
960 2401 1021 2428 pag.
1033 2392 1095 2426 202,
1108 2393 1125 2420 b
1140 2401 1147 2419 :
1161 2393 1308 2427 Μακάριος
1324 2394 1386 2428 τοῖς
1402 2395 1572 2430 ἀγαπητοῖς.

278 2441 409 2469 Eiusdem
424 2442 539 2470 Homilia
555 2442 600 2470 Lll
617 2442 645 2469 in
661 2442 749 2470 Natali
762 2440 865 2470 Christi
880 2447 940 2475 pag.
955 2440 1006 2467 208
1023 2448 1030 2466 :
1047 2441 1063 2466 ό
1075 2440 1093 2466 λ

844 2440 865 2467 ti
880 2447 940 2475 pag.
955 2440 1006 2467 208
1023 2448 1030 2466 :
1047 2441 1063 2466 ό
1075 2439 1165 2474 λόγος
1181 2439 1234 2466 τοῦ
1249 2441 1322 2468 Θεοῦ
1336 2441 1425 2476 ἔργον
1441 2442 1496 2477 τῆς
1508 2444 1659 2478 ἀληθείας.

280 2486 396 2514 Homilia
409 2487 466 2515 Llll
477 2488 511 2516 de
525 2488 730 2523 longanimitate
742 2492 771 2515 et
783 2486 928 2515 tolerantia
940 2486 970 2513 in
983 2485 1093 2513 aﬂlictio

1044 2484 1176 2513 :tionibus
1189 2492 1248 2520 pag.
1262 2486 1315 2514 215
1330 2496 1336 2514 :
1353 2489 1369 2514 ὀ
1377 2489 1566 2525 ,ϐουλόμενος
1579 2489 1639 2523 Θεῷ
1651 2489 1859 2525 εὐαρεστῆσαι.

279 2532 354 2568 [Pag.
368 2532 430 2569 478]
449 2534 568 2561 Homilia
582 2534 638 2561 LIV
653 2534 688 2562 de
703 2533 876 2568 beneplacito
888 2533 936 2560 Dei
949 2538 978 2560 et
989 2532 1094 2567 pennis:

805 2533 876 2561 acito
888 2533 936 2560 Dei
949 2538 978 2560 et
989 2531 1168 2567 permissione
1179 2530 1270 2558 divina
1285 2540 1293 2559 :
1305 2533 1406 2562 Πάντα
1419 2535 1455 2562 τὰ
1468 2537 1620 2570 γενόμενα.

284 2579 400 2606 Homilia
413 2579 456 2607 LV
471 2585 566 2608 contra
576 2581 685 2608 inanem
696 2580 810 2616 gloriam
822 2585 962 2615 captantes
975 2579 1002 2606 in
1015 2576 1194 2606 coucionibus
1207 2577 1241 2604 ad
1255 2580 1384 2614 populum
1399 2590 1460 2618 pag.
1475 2583 1536 2616 230,
1550 2583 1567 2610 b
1580 2592 1586 2610 :
1606 2584 1719 2612 Ἰστέον
1728 2583 1770 2610 ὅτι
1779 2583 1859 2616 τινές

243 2628 302 2654 εισι
316 2627 460 2660 νεώτεροι.

278 2672 394 2700 Homilia
407 2671 463 2699 LVI
477 2672 512 2699 de
524 2673 634 2700 nomine
650 2677 678 2701 et
691 2673 780 2701 cilicio
792 2673 917 2701 monachi
934 2681 993 2709 pag.
1008 2673 1070 2705 234,
1083 2671 1093 2698 1

573 2673 634 2700 nine
650 2677 678 2701 et
691 2673 780 2701 cilicio
792 2673 917 2701 monachi
934 2681 993 2709 pag.
1008 2673 1070 2705 234,
1083 2671 1100 2698 b
1115 2680 1120 2698 :
1137 2674 1166 2700 Τί
1173 2673 1237 2700 ἐστι
1246 2675 1388 2708 μονὰζων.

278 2716 394 2744 llomilia
411 2716 479 2745 LVII
493 2716 527 2745 de
542 2717 625 2745 variis
638 2718 757 2753 Spiritus
770 2718 857 2745 sancti
871 2719 1093 2755 operationibusl

934 2719 1076 2746 “ationibus
1087 2728 1147 2756 pag.
1166 2721 1228 2754 238,
1243 2721 1261 2748 b
1277 2729 1282 2746 :
1300 2720 1335 2748 Τὸ
1349 2722 1465 2756 πνεῦμα
1479 2723 1554 2750 ὅπου
1569 2723 1658 2755 θέλει,
1673 2723 1749 2750 πνεῖ.

277 2763 352 2797 Quae
364 2763 478 2790 eandem
491 2771 553 2791 cum
567 2764 708 2799 impressis
728 2765 898 2798 methodum,
913 2766 1027 2793 eandem
1049 2767 1202 2796 doctrinam
1221 2769 1366 2797 asceticam
1386 2770 1536 2803 continent,
1547 2776 1628 2806 atque
1647 2771 1674 2799 in
1688 2772 1749 2800 aliis
1764 2771 1859 2799 Bomi-

242 2808 340 2836 liarum
357 2809 491 2836 eiusmodi
510 2809 584 2836 MSS.
602 2811 804 2845 exemplaribus
815 2819 869 2839 non
886 2812 1071 2847 reperiuntur.

276 2853 404 2882 Adducor
418 2860 509 2882 autem
527 2855 644 2885 maxime
664 2861 695 2885 ut
716 2857 836 2891 credam,
857 2857 906 2885 has
926 2865 1020 2885 omnes
1033 2858 1163 2888 Ilomilias
1180 2866 1204 2887 et
1225 2860 1394 2894 Quaestione:
1412 2863 1534 2889 asceticas
1549 2868 1670 2898 spectare
1683 2863 1716 2891 ad
1732 2854 1856 2892 Marcum
