2064 3152
215 138 262 167 581
617 141 662 170 DE
682 142 732 171 SS.
750 143 915 173 MACARIIS
933 144 1107 174 AEGYPTIO
1125 146 1170 174 ET
1189 147 1444 178 ALEXANDRINO.
1771 154 1825 184 382

209 200 335 250 Ascetam
347 200 634 250 scuAExercitatorem,
644 203 691 237 qui
704 203 776 231 inter
789 205 937 232 monachos
947 205 1099 234 Nitricnses
1111 201 1261 235 solitariam
1278 209 1361 236 vitam
1377 209 1464 243 duxit,
1483 215 1564 246 atque
1580 211 1689 240 Macarii
1701 213 1825 250 Aegyptii

209 248 326 294 iunioris
339 248 489 283 discipulus
505 249 567 281 fuit,
580 251 671 279 clarus
686 259 760 279 anno
775 252 826 279 400
837 260 897 288 sqq.
911 261 998 288 usque
1014 253 1048 281 ad
1068 262 1169 282 annum
1183 256 1293 283 circiter
1310 256 1362 283 440
1375 258 1417 284 vel
1430 258 1516 291 ultra;
1534 259 1568 286 de
1587 267 1642 294 quo
1660 248 1827 289 Sozomenus

207 293 257 320 lib.
275 294 310 340 Vl
325 301 385 329 cap.
400 295 444 327 29,
457 295 593 323 Palladius
608 296 675 323 Hist.
690 297 770 324 Laus.
784 306 861 333 capp.
876 299 910 326 20
919 304 948 326 et
962 299 1006 331 21,
1018 300 1189 335 Nicephorus
1210 301 1277 329 Hist.
1295 302 1367 330 Eccl.
1380 303 1429 330 lib.
1450 303 1509 332 XIV
1524 313 1583 340 cap.
1664 307 1739 335 Vixit
1752 308 1827 335 enim

207 344 269 373 post
287 339 459 375 Pelagianam
478 341 613 369 haeresim
633 343 727 369 multis
748 344 838 376 annis,
856 345 1019 379 perveniens
1039 347 1072 373 ad
1090 347 1256 381 decrepitam
1277 356 1363 383 usque
1382 354 1507 383 aetatem,
1524 339 1646 386 obiitque
1669 354 1826 381 centenario

206 385 304 412 maior.
318 386 376 413 Nec
393 386 460 413 mihi
478 387 598 414 rationes
619 395 668 415 seu
682 388 856 416 coniecturae
876 390 994 417 desunt:
1008 391 1028 418 l.
1042 391 1100 426 Ipsa
1117 391 1240 418 doctrina
1257 393 1409 428 Pelagiana,
1423 402 1504 429 quam
1524 385 1637 424 eandem
1657 405 1720 425 cum
1734 398 1825 426 Marco

206 432 388 460 Ezercitatore
401 440 513 468 prorsus
529 433 621 462 habet.
643 435 676 462 ΙΙ.
689 435 807 463 Humilia
820 436 939 464 XXXVII
953 437 992 463 De
1006 438 1131 472 paradiso
1151 441 1176 464 et
1197 438 1252 473 lege
1273 440 1406 474 spirituali
1422 440 1538 468 habetur
1565 443 1730 471 verboteuus
1750 445 1824 472 inter

205 477 342 513 Opuscula
363 479 445 506 Marci
468 480 672 514 Exercitatoris,
689 483 761 510 unde
783 491 839 510 non
863 485 922 512 leve
941 485 1073 512 indicium
1092 489 1144 517 est,
1161 493 1268 512 omnem
1290 486 1360 514 hanc
1383 487 1562 515 llomiliarum
1581 489 1768 518 collectionem
1788 491 1823 518 ad

204 530 268 550 eum
285 523 435 558 pertinere,
452 524 569 551 maxime
591 533 653 553 cum
677 527 811 566 Macarius
829 527 976 563 Aegyptius
996 528 1080 555 abbas
1098 529 1179 556 etiam
1199 529 1290 556 iunior
1307 531 1341 557 ad
1363 535 1486 566 tempora
1504 533 1661 569 Pelagianae
1679 535 1824 564 haereseos

202 576 260 596 non
271 570 438 604 pervenerit,
455 570 502 597 sed
515 570 622 598 Marcus
639 571 817 604 Exercitator,
835 572 881 607 qui
895 581 954 599 eam
971 573 1073 608 ubique
1087 581 1200 608 operum
1224 575 1333 609 sparsit.
1353 575 1398 603 III.
1414 576 1504 612 Stylus
1515 579 1692 607 llomiliarum
1709 580 1822 608 istarum

203 617 327 650 apprime
341 617 469 645 convenit
481 625 543 644 cum
557 618 625 653 stylo
638 618 721 645 Marci
732 619 938 652 Exercitatoris,
964 620 998 647 de
1015 628 1071 655 quo
1084 621 1208 656 loquitur
1224 622 1337 650 Photius
1352 623 1380 650 in
1394 623 1553 652 Bibliotheca
1568 625 1628 652 cod.
1643 625 1704 652 200.
1719 626 1822 654 lV.Iiae

202 661 337 690 Homiliae
361 662 389 690 S.
412 663 521 691 Macarii
542 665 667 701 Aegyptii
686 666 707 693 L
727 672 842 701 possunt
866 669 1014 695 convenire
1034 676 1096 695 cum
1110 669 1154 702 iis,
1173 677 1243 704 quae
1263 670 1353 698 Marco
1372 671 1550 700 Exercitatori
1567 673 1587 700 l.
1609 673 1629 701 l.
1651 673 1823 708 Nicephorus

201 709 330 738 Callistus
347 711 454 744 asserit,
471 720 502 739 eat
516 712 600 740 Marci
619 714 808 742 Exercitatoris
826 715 945 750 operibus
965 715 1000 742 ad
1014 720 1128 743 aetatem
1142 725 1218 744 suam
1238 719 1384 752 pervenisse
1397 718 1474 746 libros
1490 724 1545 746 octo
1556 720 1744 748 univcrsalium
1760 722 1822 756 affe-

201 756 318 783 ctionum
336 764 474 784 numerum
492 762 644 794 aequantes,
662 763 686 786 et
702 759 769 787 alios
790 760 900 796 triginta
916 760 980 787 duos
1000 760 1032 787 de
1049 769 1077 788 re
1097 762 1217 789 ascetica.
1234 762 1351 790 Possunt
1365 763 1438 790 enim
1454 764 1506 792 hae
1520 765 1652 792 Homiliae
1668 765 1689 792 L
1705 765 1756 793 sub
1771 774 1821 793 no-

200 805 277 832 mine
298 805 326 833 S.
348 805 459 834 Macarii
475 806 599 842 Aegyptii
623 808 767 843 complecti
783 807 920 843 Opuscula
937 808 983 836 illa
1003 801 1145 844 XL,‘quae
1164 809 1254 837 Marco
1271 811 1451 838 Exercitatori
1465 818 1481 837 a
1494 811 1633 839 veteribus
1650 811 1818 841 tribuuntur.

198 852 268 880 Nam
284 853 394 888 plurimi
414 854 534 881 Marcum
550 856 729 884 consulebant
747 856 952 891 quaestionibus
973 857 1109 889 asceticis,
1126 857 1226 892 quibus
1246 858 1290 885 ille
1310 858 1501 893 responsiones
1517 859 1607 891 dabat,
1622 864 1653 887 ut
1667 863 1772 887 constat
1785 868 1820 887 ex

198 899 322 934 Epistula
341 900 446 927 Nicolai
467 901 618 935 cuiusdam,
634 909 687 937 qua
704 903 805 937 gratias
825 903 915 930 Marco
929 902 986 938 agit
1006 903 1041 930 ob
1057 908 1201 938 praecepta
1217 904 1278 931 eius
1294 904 1423 932 salutaria
1437 904 1488 932 sibi
1505 910 1669 940 nuncupata.
1685 905 1753 933 Cum
1767 914 1818 933 au-

199 951 256 974 tem
270 948 363 982 plures
374 957 454 983 quam
468 949 514 976 XL
533 950 597 982 sint,
612 950 665 978 hoc
684 950 753 977 nihil
768 950 833 978 facit
851 955 946 978 contra
960 950 1079 978 Marcum
1092 951 1316 984 Exercitatorem,
1331 951 1395 986 quia
1418 951 1508 978 omnia
1532 951 1618 986 ipsius
1637 959 1719 987 opera
1738 952 1818 979 Nice-

197 992 303 1027 phorus
318 1001 372 1020 non
388 999 528 1022 assecutus
542 995 640 1023 fuerat.
662 995 731 1023 Huic
750 996 866 1023 Macario
880 996 1012 1031 Aegyptio
1034 996 1134 1023 seniori
1154 996 1289 1031 Opuscula
1306 997 1398 1024 omnia
1412 997 1536 1024 Macariis
1551 996 1668 1024 diversis
1685 997 1817 1024 attributa

196 1040 331 1068 adscribit
347 1041 473 1076 imperite
487 1043 598 1070 omnino
610 1043 726 1071 Joannes
738 1043 870 1079 Georgius
885 1043 998 1076 Pritius,
1012 1043 1059 1079 qui
1076 1052 1107 1071 ea
1122 1044 1233 1071 collecta
1248 1044 1328 1071 simul
1340 1044 1443 1071 edenda
1467 1051 1563 1079 graece
1575 1048 1604 1071 et
1615 1043 1698 1073 latine
1710 1044 1815 1072 curavit

196 1086 306 1122 Lipsiae
318 1095 343 1114 a.
359 1088 427 1115 1698
441 1092 467 1116 et
484 1089 550 1116 1699
567 1090 649 1117 tomis
668 1090 774 1118 duobus
794 1090 863 1122 in-8,
878 1090 998 1125 itemque
1020 1098 1045 1117 a.
1066 1090 1134 1117 1-709
1156 1098 1217 1117 cum
1239 1090 1450 1125 Prolegomenis.
1476 1089 1596 1124 Denique
1616 1089 1750 1118 Macarius
1770 1090 1816 1117 hic

195 1135 290 1162 senior
306 1135 408 1163 exactis
418 1137 445 1162 in
461 1136 608 1164 solitudine
625 1137 763 1172 sexaginta
777 1137 851 1173 [Pag.
861 1136 923 1172 479]
931 1137 1010 1164 annis
1024 1136 1092 1164 obiit
1107 1136 1316 1172 nonagenarius,
1333 1136 1476 1167 utvolunt,
1491 1143 1516 1162 a.
1528 1136 1576 1163 59-1
1588 1136 1632 1163 die
1644 1136 1667 1163 ΙΙ
1678 1136 1813 1164 Januarii.

231 1179 364 1207 Macarius
372 1181 451 1213 alter,
468 1180 560 1208 iunior
572 1181 673 1216 passim
683 1182 783 1214 dictus,
792 1181 973 1210 Alexandriae
987 1186 1078 1209 ortum
1089 1182 1177 1214 duxit,
1190 1182 1218 1209 in
1228 1189 1281 1216 qua
1290 1181 1445 1208 iunioribus
1457 1180 1535 1207 annis
1545 1181 1659 1208 bellaria
1668 1182 1812 1210 vendendo

194 1232 339 1262 quaestum
354 1229 512 1263 quaerebat,
525 1237 587 1257 cum
597 1230 740 1264 superiore
752 1230 870 1258 Macario
889 1230 1012 1257 eiusdem
1030 1229 1143 1257 Antonii
1155 1229 1317 1264 discipulus.
1334 1228 1402 1256 Nam
1416 1227 1484 1255 urbe
1499 1227 1581 1254 simul
1592 1228 1775 1255 Alexandrina
1785 1233 1814 1256 et

194 1278 254 1300 arte
272 1273 445 1306 renuntiatis,
465 1274 494 1302 in
513 1282 636 1302 eremum
645 1276 810 1303 Nitriensem
832 1276 972 1308 secedens,
992 1275 1076 1302 vitam
1099 1275 1276 1302 monasticam
1290 1274 1430 1309 amplexus
1443 1276 1494 1301 est.
1509 1275 1588 1300 Anno
1603 1274 1812 1309 quadragesimo

194 1319 295 1346 aetatis
311 1319 478 1354 baptismum
500 1321 631 1356 suscepit,
655 1321 756 1349 deinde
779 1329 907 1349 successu
934 1326 1089 1356 temporum
1109 1320 1252 1355 presbyter
1267 1319 1356 1346 factus
1379 1324 1406 1346 et
1420 1318 1633 1346 archimandrita
1654 1319 1810 1348 Nitricnsis.

192 1367 347 1394 Arctiorem
362 1367 434 1395 vitae
448 1369 614 1396 monasticae
630 1369 806 1404 disciplinam
823 1373 897 1396 tanto
910 1368 1002 1396 studio
1016 1371 1137 1395 sectatus
1154 1371 1206 1399 est,
1224 1371 1254 1394 ut
1267 1375 1301 1394 ex
1319 1366 1403 1393 nimia
1416 1366 1487 1394 cutis
1500 1367 1627 1394 ariditate
1643 1367 1691 1402 pili
1709 1368 1811 1396 barbae

192 1413 220 1439 ei
238 1420 294 1439 non
306 1413 502 1446 succreverint,
525 1414 614 1448 inquit
628 1414 795 1442 Sozomenus
815 1415 884 1441 Hist.
904 1414 977 1442 Eccl.
992 1413 1040 1441 lib.
1065 1413 1099 1440 lll
1112 1421 1173 1448 cap.
1189 1413 1232 1439 14.
1250 1412 1384 1439 Macarius
1400 1419 1465 1439 vero
1489 1411 1701 1445 Alexandrinus,
1722 1413 1812 1448 inquit

193 1457 321 1485 Socrates
340 1457 408 1485 Hist.
430 1458 502 1486 Eccl.
525 1459 574 1486 lib.
595 1460 629 1488 lV
642 1468 701 1495 cap.
720 1461 765 1493 25,
783 1469 845 1488 cum
862 1468 1058 1496 usquequaque
1072 1460 1170 1487 similis
1187 1463 1260 1486 esset
1275 1458 1418 1494 Aegyptio,
1439 1458 1467 1484 in
1484 1457 1536 1484 hoc
1553 1465 1608 1484 uno
1622 1457 1809 1493 discrepabat,

192 1501 266 1536 quod
288 1502 385 1529 hilaris
407 1506 480 1530 esset
501 1511 566 1538 erga
585 1512 632 1532 eos
650 1506 697 1540 qui
718 1506 752 1532 ad
774 1505 864 1540 ipsum
885 1508 1067 1537 accesserant,
1085 1509 1114 1532 et
1135 1504 1290 1531 urbanitate
1307 1503 1424 1538 quadam
1441 1503 1563 1530 iuniores
1586 1503 1620 1530 ad
1634 1503 1808 1539 disciplinam

191 1550 370 1576 monasticam
382 1550 512 1578 alliceret.
527 1551 595 1577 Mira
617 1550 719 1578 deeius
731 1551 888 1583 virtutibus,
910 1550 1091 1582 abstinentia,
1112 1549 1253 1576 miraculis
1273 1548 1388 1584 patratis
1403 1552 1431 1575 et
1455 1548 1635 1576 daemonibus
1658 1556 1708 1584 per
1727 1549 1806 1577 illum

191 1595 315 1629 expulsis
338 1600 432 1622 narrat
450 1596 588 1624 Palladius
612 1596 681 1624 Hist.
711 1596 792 1624 Laus.
812 1604 872 1631 cap.
893 1596 937 1629 20,
964 1595 998 1623 de
1012 1596 1113 1631 quibus
1136 1595 1286 1631 plurimum
1310 1594 1428 1629 ambigo,
1453 1595 1579 1628 quamvis
1591 1601 1624 1621 eo
1636 1594 1808 1622 familiariter

192 1645 316 1670 uteretur
331 1643 379 1678 qui
392 1647 524 1670 recenset.
541 1643 591 1671 Hic
599 1652 708 1680 quoque
725 1652 788 1671 cum
799 1644 915 1671 Macario
930 1643 1061 1679 Aegyptio
1077 1643 1226 1670 virtutibus
1238 1646 1266 1669 et
1284 1641 1424 1669 miraculis
1440 1640 1555 1668 inferior
1566 1649 1621 1668 non
1637 1646 1718 1674 esset,
1733 1642 1807 1669 inter

189 1688 391 1716 ecclesiasticos
418 1697 526 1724 quoque
548 1689 702 1725 Scriptores
722 1690 860 1717 recenscri
877 1697 892 1716 a
915 1689 1058 1717 monachis
1078 1688 1182 1724 graecis
1195 1688 1394 1715 recentioribus
1408 1687 1513 1719 debuit,
1537 1695 1572 1714 ne
1589 1686 1713 1714 doctrina
1726 1688 1806 1716 alteri

190 1735 310 1763 cederet.
333 1737 454 1764 Habetur
481 1744 547 1771 ergo
560 1737 696 1774 adscripta
710 1737 749 1765 illi
770 1739 854 1765 latine
868 1737 971 1773 Regula
982 1738 1138 1768 monastica,
1153 1735 1227 1763 XXX
1244 1735 1370 1771 capitulis
1381 1734 1587 1768 comprehensa,
1608 1742 1689 1768 quam
1701 1735 1808 1769 primus

187 1783 275 1810 edidit
298 1783 395 1811 Petrus
412 1785 544 1813 Roverius
565 1786 670 1814 Jesuita
693 1785 722 1812 in
737 1785 856 1813 Historia
877 1784 1038 1812 monasterii
1059 1784 1253 1811 Rcomaccnsis
1273 1791 1334 1818 pag.
1358 1783 1402 1809 24.
1422 1781 1598 1816 Eandemque
1615 1781 1702 1809 edidit
1716 1781 1805 1810 Lucas

187 1826 346 1854 Holstenius
369 1828 397 1854 in
412 1828 504 1856 Codice
519 1829 682 1865 Regularum
698 1829 783 1856 Paris.
800 1836 825 1855 a.
843 1828 911 1855 1665
925 1828 994 1854 ἰπὶ-4ο
1014 1827 1085 1862 apud
1110 1826 1278 1853 Ludovicum
1296 1827 1420 1854 Billaine.
1441 1826 1495 1854 Sed
1512 1835 1574 1854 cum
1597 1827 1716 1862 Regulae
1735 1827 1805 1856 istae

187 1873 264 1900 nullo
288 1874 442 1902 testimonio
460 1880 585 1903 veterum
601 1876 681 1903 nixae
706 1876 771 1906 sint,
793 1875 920 1910 ﬁgmenta
936 1874 1120 1901 recentiorum
1142 1872 1336 1900 monachorum
1351 1872 1480 1900 Graeciae
1493 1880 1510 1899 a
1533 1873 1600 1900 viris
1619 1872 1806 1908 prudentibus

186 1923 344 1947 censentur.
363 1921 455 1949 Edidit
475 1926 503 1950 et
517 1922 622 1950 Caveus
641 1923 691 1950 sub
707 1922 828 1950 eiusdem
841 1921 950 1949 Macarii
963 1920 1139 1948 Alexandrini
1154 1919 1264 1947 nomine
1280 1920 1438 1947 Sermonem
1452 1926 1485 1946 ex
1500 1918 1555 1946 MS.
1567 1919 1662 1946 codice
1676 1918 1805 1946 Paulinae

186 1964 337 2000 Lipsiensis
355 1966 540 1995 Bibliothecae
552 1968 789 2000 absurdissimum,
802 1974 897 2003 graece
919 1970 947 1994 et
963 1967 1057 1999 latine,
1072 1967 1100 1994 in
1125 1966 1192 1992 Hist.
1208 1965 1259 1992 Lit.
1281 1965 1389 2001 Scriptt.
1406 1963 1478 1992 Eccl.
1494 1963 1527 1990 ad
1542 1970 1567 1989 a.
1588 1963 1640 1990 373
1658 1971 1719 1998 pag.
1740 1963 1803 1991 208.

185 2010 310 2038 Eundem
322 2020 475 2040 sermonem
483 2013 566 2040 etiam
573 2021 670 2048 graece
691 2018 718 2041 et
729 2013 812 2040 latine
821 2013 920 2040 iterum
931 2020 965 2039 ex
984 2011 1081 2039 eodem
1094 2012 1149 2040 MS.
1163 2012 1256 2039 codice
1267 2011 1353 2038 edidit
1362 2011 1479 2039 Iacobus
1491 2011 1595 2039 Tollius
1606 2018 1631 2038 a.
1647 2011 1715 2038 1696
1734 2011 1806 2038 in-4'

185 2055 304 2084 Traiecti
323 2058 356 2085 ad
377 2058 502 2086 Rhenum
513 2059 584 2094 apud
598 2059 771 2086 Franciscum
786 2058 907 2086 llalmam
923 2059 950 2085 in
963 2058 1111 2094 Insignibus
1131 2058 1267 2085 Ilinerarii
1277 2057 1365 2084 Italici
1377 2065 1437 2092 pag.
1459 2057 1519 2089 192,
1538 2057 1664 2084 collatum
1683 2057 1717 2084 ad
1727 2056 1802 2084 MSS.

184 2102 295 2130 codices
316 2103 501 2131 Bibliothecac
521 2104 668 2132 Caesareae
685 2105 758 2140 [Pag.
776 2104 839 2140 480]
851 2104 1073 2132 Vindobonensis
1093 2111 1126 2131 ac
1147 2104 1316 2131 variantibus
1338 2103 1503 2131 lectionibus
1517 2103 1644 2131 ditatum.
1666 2103 1750 2131 Cuius
1769 2111 1804 2130 ex

184 2149 301 2177 lectione
317 2149 345 2176 in
359 2154 487 2185 promptu
501 2156 543 2177 cst
558 2150 709 2185 intelligere
722 2150 918 2185 impudentiam
931 2154 1014 2185 atque
1030 2150 1209 2185 ignorantiam
1226 2157 1331 2182 eorum,
1341 2149 1388 2184 qui
1405 2149 1474 2177 tales
1487 2150 1600 2177 naenias
1616 2150 1801 2177 recentiorum

184 2199 340 2230 temporum
351 2195 472 2230 antiquis
487 2196 626 2223 Ecclesiae
647 2195 774 2223 Patribus
789 2195 950 2222 obtrudunt.
965 2196 1089 2223 Mortuus
1110 2197 1210 2223 dicitur
1232 2195 1365 2223 Macarius
1384 2195 1585 2223 Alexandrinus
1605 2195 1678 2224 circa
1697 2203 1722 2222 a.
1737 2195 1800 2228 404,

183 2251 269 2270 annos
285 2243 384 2271 aetatis
405 2247 515 2271 centum
535 2244 647 2276 habens,
668 2244 746 2271 cuius
762 2244 894 2270 memoria
911 2243 938 2271 in
952 2244 1142 2280 Martyrologio
1154 2245 1276 2272 Romano
1291 2243 1337 2270 die
1350 2243 1397 2271 XV
1410 2244 1511 2271 mensis
1529 2244 1648 2271 Januarii
1665 2244 1764 2279 agitur.

217 2289 327 2316 Tertius
359 2289 503 2322 Macarius,
528 2289 609 2317 etiam
620 2289 647 2316 S.
671 2289 782 2316 Antonii
802 2289 890 2325 Magni
913 2290 1073 2325 discipulus,
1092 2291 1233 2317 amborum
1263 2289 1486 2324 praecedentium
1513 2290 1644 2324 aequalis,
1669 2290 1800 2317 Amathae

180 2335 283 2367 socius,
307 2335 342 2362 ab
354 2335 417 2362 aliis
426 2335 544 2368 duobus,
565 2336 651 2363 altero
663 2335 805 2371 Aegyptio,
829 2337 916 2364 altero
938 2336 1122 2365 Alexandrino
1144 2336 1364 2371 distinctus.,De
1389 2336 1442 2363 hoc
1462 2335 1581 2363 Macario
1593 2336 1675 2362 tertio
1691 2336 1800 2364 abunde

179 2382 311 2410 Possinus
333 2381 362 2408 in
380 2381 574 2417 Prolegomenis
595 2382 629 2409 ad
648 2363 819 2409 Thesaurum
842 2382 990 2410 asceticum
1005 2389 1080 2409 num.
1092 2382 1123 2408 V.
1143 2381 1176 2409 Vl
1195 2389 1266 2416 sqq.,
1282 2363 1330 2408 ι]Ὲί
1347 2386 1421 2409 recte
1440 2385 1495 2408 tres
1511 2381 1651 2412 Macarios,
1669 2380 1697 2408 S.
1712 2381 1800 2408 Patris

176 2427 291 2455 Antonii
306 2426 465 2462 discipulos,
479 2427 631 2462 distinguit,
644 2435 742 2462 nempe
755 2427 927 2463 Aegyptium,
940 2429 987 2463 qui
1010 2427 1103 2464 Scythi
1120 2427 1211 2454 sedem
1229 2427 1335 2460 habuit,
1353 2426 1577 2458 Alexandrinum,
1593 2426 1641 2460 qui
1661 2425 1689 2452 in
1704 2425 1798 2454 Celliis

177 2480 248 2509 quae
258 2473 286 2500 in
296 2472 381 2508 Libya
391 2478 464 2505 sunt,
478 2473 544 2500 locis
554 2473 634 2508 longe
642 2473 809 2501 distantibus
826 2481 841 2500 a
850 2473 1051 2505 Thebaide,ubi
1064 2473 1198 2501 Antonius
1212 2473 1336 2508 degebat.
1352 2473 1445 2507 Itaque
1461 2472 1487 2498 in
1498 2471 1637 2498 Thebaide
1647 2475 1707 2499 erat
1720 2480 1798 2499 mons

177 2520 305 2551 interior,
327 2519 373 2546 ubi
394 2518 469 2546 solus
491 2518 651 2553 plerumque
666 2519 804 2547 residebat
831 2519 975 2552 Antonius,
992 2522 1021 2546 et
1040 2526 1119 2546 mons
1137 2518 1268 2550 exterior,
1296 2518 1323 2545 in
1337 2526 1419 2552 quem
1436 2517 1552 2544 subinde
1578 2517 1750 2550 excurrebat,
1767 2524 1798 2546 ut

177 2566 336 2593 habitantes
365 2565 393 2592 in
415 2573 449 2592 eo
471 2572 535 2592 suos
553 2565 701 2592 monachos
722 2566 863 2592 inviseret.
888 2566 917 2592 ln
936 2574 969 2593 eo
1005 2565 1051 2593 hic
1072 2566 1163 2592 tertius
1182 2565 1314 2592 Macarius
1344 2564 1490 2595 habitavit,
1518 2563 1569 2590 sub
1591 2563 1670 2590 cuius
1685 2565 1796 2592 nomine

175 2613 313 2649 Opuscula
324 2617 438 2648 septem,
456 2620 553 2647 nempe
567 2612 598 2639 de
606 2613 722 2640 custodia
740 2614 824 2640 cordis
837 2622 896 2649 pag.
913 2614 956 2646 19,
971 2614 1002 2640 de
1019 2613 1174 2649 perfectione
1183 2614 1211 2640 in
1224 2613 1317 2647 spiritu
1333 2620 1394 2646 pag.
1409 2611 1453 2643 47,
1466 2611 1497 2637 de
1508 2611 1626 2637 oratione
1641 2618 1702 2646 pag.
1711 2611 1755 2643 65,
1764 2612 1796 2638 de

176 2660 305 2696 patientia
318 2662 341 2685 et
352 2659 504 2686 discretione
516 2667 576 2694 pag.
593 2659 637 2691 81,
654 2659 685 2685 de
697 2659 839 2686 elevations
851 2662 944 2687 utentis
959 2668 1019 2695 pag.
1037 2659 1096 2692 115,
1119 2660 1151 2685 de
1165 2659 1276 2686 caritate
1292 2666 1352 2693 pag.
1370 2657 1430 2689 1M,
1446 2657 1478 2683 dc
1489 2657 1609 2684 libertate
1622 2658 1716 2684 mentis
1732 2665 1793 2693 pag.

177 2704 227 2731 183
239 2704 326 2732 edidit
348 2705 445 2732 Petrus
457 2705 587 2731 Pessinus
608 2705 637 2732 in
661 2705 792 2732 Thesauro
815 2706 931 2733 Ascetico
953 2714 1049 2742 graece
1061 2711 1089 2733 et
1111 2705 1195 2733 latine
1211 2705 1344 2740 impresso
1367 2704 1481 2731 Tolosae
1502 2703 1574 2730 in-i“
1591 2712 1616 2730 a.
1635 2703 1702 2730 1684
1721 2702 1794 2738 apud

175 2747 349 2776 Guilielmum
361 2749 459 2776 Bosch.
480 2749 598 2776 Plurima
619 2750 674 2777 illic
695 2750 723 2777 in
747 2751 950 2785 Prolcgomenis
963 2751 997 2778 de
1011 2751 1063 2778 isto
1079 2751 1195 2778 Macario
1217 2750 1311 2782 tertio,
1331 2757 1414 2784 quem
1429 2748 1591 2784 Aegyptium
1608 2756 1718 2784 quoque
1730 2755 1792 2776 cum

175 2796 263 2829 primo
288 2797 361 2828 facit,
382 2801 411 2824 et
426 2797 469 2824 cui
492 2798 574 2824 etiam
595 2797 725 2826 Mamilius
742 2800 945 2835 quinquaginta,
964 2808 1033 2835 quae
1047 2805 1138 2828 tamen
1148 2800 1228 2835 vulgo
1254 2799 1385 2835 Aegyptio
1397 2799 1499 2826 seniori
1517 2799 1717 2830 inscribuntur,
1728 2799 1793 2826 huic

175 2841 275 2869 iuniori
288 2842 400 2876 quidem
422 2846 449 2869 et
463 2844 543 2871 tertio
563 2844 699 2872 attribuit.
711 2845 814 2874 Claruit
829 2846 925 2873 codem
938 2851 1060 2882 tempore
1074 2854 1128 2882 quo
1140 2846 1273 2874 Antonius
1288 2845 1381 2878 abbas,
1395 2845 1439 2872 cui
1455 2853 1479 2872 a.
1490 2845 1540 2872 557
1553 2845 1679 2873 morienti
1693 2844 1789 2872 adfuit.
