2064 3152
275 174 329 203 583
891 169 1100 198 GUILIELMUS
1133 168 1269 197 CAVEUS
1835 168 1888 196 581

274 231 382 259 incerta
397 229 479 266 igitur
490 228 582 257 omnia
597 226 745 263 Opuscula,
761 233 832 261 quae
849 226 938 253 tribus
948 226 992 253 his
1006 224 1130 252 Macariis
1143 225 1196 252 hoc
1206 224 1314 252 saeculo
1327 231 1341 251 a
1354 223 1442 252 doctis
1453 224 1521 252 viris
1539 223 1674 259 adscripta
1686 226 1759 255 sunt,
1771 230 1888 258 quorum

275 277 369 304 nullus
378 281 500 304 veterum
510 275 675 303 mentionem
687 273 761 300 fecit.
776 273 814 300 De
826 272 869 298 his
881 271 969 298 tribus
980 271 1036 306 agit
1049 270 1173 298 Macariis
1181 271 1278 298 Petrus
1287 270 1416 298 Pessinus
1426 270 1454 297 in
1465 269 1658 306 Prolegomenis
1671 269 1705 296 ad
1719 268 1888 296 Thesaurum

275 322 440 354 Asceticum,
452 319 612 348 Guillelmus
619 318 724 347 Caveus
735 317 839 344 inHiu.
856 316 906 343 Lit.
918 316 985 343 Saec
996 315 1030 343 lV
1042 315 1078 343 ad
1087 323 1113 342 a.
1126 315 1177 343 5'13
1188 323 1248 351 pag.
1259 315 1320 349 207,
1335 315 1389 343 208
1401 319 1429 343 et
1437 315 1500 348 212,
1512 316 1579 344 Acta
1591 315 1769 343 Eruditorum
1782 313 1890 349 Lipsiae

274 377 301 397 a.
314 368 383 396 1685
394 375 488 396 mense
499 366 647 395 Novembri
655 373 717 401 pag.
729 364 781 393 488
794 364 925 393 latissime
937 364 972 391 ad
985 363 1047 392 491.

333 462 1877 480 Μ

282 465 411 480 ﬂ

761 546 1134 592 GUILIELMUS
1172 546 1398 593 CAVEUS

676 643 726 671 DE
744 641 794 671 SS.
814 641 983 671 MACARIIS
1001 640 1173 669 AEGYPTIO
1188 640 1235 669 ET
1246 640 1506 669 ALEXANDRINO.

395 722 535 756 [Guilielmi
545 722 609 747 Cave
621 722 774 753 Scriptorum
787 718 1009 745 ecclesiasticorum
1020 717 1128 743 Historia
1142 718 1259 743 Literaria
1271 718 1315 743 Ed.
1331 717 1404 743 Basil.
1418 717 1476 742 1741
1488 716 1530 741 fol.
1541 716 1570 741 T.
1581 715 1592 740 Ι
1606 723 1629 748 p.
1641 715 1767 748 256-260.]

308 854 479 883 MACARIUS
494 854 587 882 senior
599 854 647 891 (l),
658 855 819 890 cognomine
834 855 956 890 Magnus,
969 858 1048 889 gente
1062 851 1219 887 Aegyptius,
1233 859 1265 878 ex
1281 851 1421 895 Thebaide
1429 849 1567 886 provincia
1582 848 1725 880 oriundus,
1739 850 1888 877 monachus

271 901 420 933 Scetensis,
444 900 531 936 Magni
559 900 669 927 Antonii
698 901 858 936 discipulus,
882 900 980 928 claruit
993 899 1066 927 circa
1081 906 1106 925 a.
1121 899 1181 925 575.
1200 897 1288 934 [Socr.
1307 898 1356 925 lib.
1376 898 1408 925 Π
1425 905 1484 932 cap.
1498 897 1547 929 25;
1562 896 1624 923 Soz.
1641 896 1688 922 lib.
1706 896 1740 923 Ill
1759 903 1817 931 cap.
1835 897 1887 929 14;

272 947 437 974 Theodoret.
450 947 499 974 lib.
514 947 547 975 ιν
562 954 622 982 cap.
639 946 696 983 21.]
716 947 745 974 ln
756 948 899 983 juventutc
916 947 1006 974 adhuc
1017 945 1183 973 constitutus
1195 944 1344 972 virtutibus
1353 951 1384 971 ac
1397 943 1585 978 philosophieo
1603 945 1633 969 et
1654 947 1764 969 austero
1777 943 1887 970 vivendi

271 999 372 1027 genere
393 992 430 1018 ita
455 991 564 1024 enituit,
582 997 612 1018 ut
638 992 853 1028 παιδαριογέρων
871 999 888 1018 a
909 991 1050 1018 monachis
1075 995 1231 1018 vocaretur.
1251 990 1344 1017 Annos
1356 993 1436 1016 natus
1466 988 1648 1024 quadraginta
1671 989 1705 1016 ad
1725 988 1888 1024 presbyterii

271 1038 386 1073 gradum
413 1042 525 1065 evectus
550 1042 602 1070 est,
620 1041 647 1064 et
663 1038 766 1065 exactis
785 1039 813 1065 in
828 1038 975 1065 solitudine
993 1038 1072 1065 annis
1091 1037 1231 1072 sexaginta
1246 1037 1315 1064 obiit
1337 1038 1536 1073 nonagenarius
1559 1045 1640 1070 anno,
1655 1041 1686 1065 ut
1707 1038 1811 1071 volunt,
1825 1038 1887 1065 391.

271 1083 392 1110 Moribus
413 1087 473 1110 erat
490 1083 657 1110 reverendus
670 1084 772 1118 pariter
793 1091 825 1110 ac
846 1091 958 1110 severus
979 1090 1043 1118 erga
1062 1082 1124 1109 illos
1148 1082 1194 1116 qui
1206 1083 1294 1117 ipsum
1310 1081 1431 1109 adibant.
1452 1082 1589 1111 Miracnlis
1600 1088 1628 1111 et
1641 1085 1785 1120 prophetia
1797 1085 1889 1112 clarus

272 1134 312 1156 tot
326 1129 432 1157 sanavit
445 1137 551 1165 aegros,
566 1133 606 1157 tot
621 1130 747 1158 obsessos
757 1139 772 1157 a
785 1130 1108 1163 daemonibusliberavit,
1129 1133 1160 1157 ut
1172 1134 1241 1157 teste
1256 1130 1367 1158 Socrate
1381 1130 1512 1158 miracula
1529 1131 1564 1159 ab
1580 1140 1614 1160 eo
1631 1136 1737 1167 patrata
1752 1133 1889 1168 peculiare

270 1181 340 1210 opus
352 1174 501 1209 exigerent.
519 1174 556 1200 De
575 1174 608 1200 iis
630 1174 690 1202 fuse
705 1174 761 1210 agit
777 1174 914 1202 Palladius
925 1174 994 1201 Hist.
1012 1174 1094 1201 Laus.
1116 1181 1175 1208 cap.
1192 1174 1234 1200 19.

303 1223 418 1258 Scripsit
433 1223 563 1250 Homilias
572 1221 722 1258 spirituales
735 1229 750 1248 ι.
763 1222 793 1248 de
807 1222 957 1256 integritate
965 1228 1032 1256 quae
1047 1221 1116 1247 decet
1133 1220 1304 1251 Christianos.
1313 1228 1383 1256 quae
1397 1221 1627 1257 abaliquoforsan
1638 1224 1773 1258 sequioris
1787 1224 1887 1253 saeculi

270 1265 452 1306 interpolatae
468 1274 575 1298 exstant
585 1278 625 1305 gr.
639 1269 727 1297 Paris.
742 1268 820 1301 1559,
834 1268 872 1301 8";
886 1268 985 1295 deinde
999 1275 1065 1295 cura
1076 1267 1158 1294 Zach.
1176 1267 1311 1295 Palthenii
1333 1267 1501 1304 Francorum.
1516 1269 1584 1297 1594
1596 1270 1627 1298 in
1642 1269 1679 1304 8";
1695 1271 1815 1307 denique
1826 1280 1888 1301 cum

269 1317 405 1353 Operibus
418 1317 541 1353 Gregorii
558 1316 752 1351 Thaumaturgi
771 1315 859 1342 Paris.
874 1315 942 1342 1622
954 1315 999 1342 fol.
1013 1314 1078 1350 Ejus
1092 1315 1174 1342 etiam
1187 1319 1250 1342 sunt
1261 1315 1397 1350 Opuscula
1408 1316 1454 1343 Ἧι
1465 1315 1593 1343 videlicet
1602 1316 1634 1342 de
1645 1315 1770 1344 Custodia
1791 1319 1886 1352 cordis,

270 1363 302 1390 de
318 1364 481 1398 Perfectione
499 1364 527 1390 in
548 1363 652 1398 spiritu,
673 1362 704 1388 de
730 1361 865 1394 Oratione,
888 1360 920 1387 de
940 1360 1073 1387 Patientia
1096 1364 1120 1386 et
1139 1359 1310 1392 Discretione,
1330 1359 1362 1386 de
1381 1359 1536 1387 Eleoatione
1561 1362 1666 1394 mentis,
1690 1361 1722 1388 de
1741 1362 1886 1396 Charilate,

269 1412 302 1438 de
325 1411 456 1438 Libertate
477 1412 580 1438 mentis.
600 1410 674 1438 Haec
689 1409 807 1436 eundem
822 1410 884 1436 cuin
914 1408 1094 1435 Homiliarum
1115 1413 1227 1435 auctore
1252 1412 1393 1443 parentem
1409 1398 1521 1441 habere,
1541 1408 1613 1435 idem
1636 1409 1721 1444 stylus
1737 1414 1766 1437 et
1780 1410 1888 1439 dicendi

270 1459 422 1490 character,
441 1459 514 1486 idem
533 1458 683 1494 ingenium,
698 1456 794 1484 eadem
809 1456 935 1491 dogmata
948 1455 1013 1482 satis
1028 1459 1155 1490 arguunt.
1166 1454 1303 1489 Opuscula
1317 1455 1385 1483 haec
1399 1462 1497 1490 graece
1516 1459 1544 1483 et
1558 1456 1641 1483 latine
1653 1456 1681 1483 in
1696 1456 1827 1484 Thesauro
1841 1465 1888 1485 tuo

269 1507 385 1534 Ascetico
400 1508 496 1534 Petrus
512 1506 642 1534 Pessinus
653 1505 715 1532 Soc.
739 1502 1106 1535 Jes.cdiditTolosac1684,
1121 1503 1158 1530 4ο.
1180 1502 1300 1530 Tandem
1318 1503 1409 1530 omnia
1429 1503 1538 1530 Macarii
1555 1511 1647 1538 opera,
1671 1508 1728 1532 tum
1744 1505 1886 1538 Homilias,

271 1560 329 1582 tum
350 1555 488 1590 Opuscula
510 1553 624 1582 ascetica
649 1557 678 1580 et
700 1552 936 1588 Apophtliegmata
960 1551 1069 1586 collegit
1090 1555 1238 1586 et-graece
1257 1551 1338 1578 simul
1358 1558 1390 1578 ac
1409 1551 1493 1578 latine
1516 1551 1619 1585 edidit,
1638 1556 1743 1579 textum
1758 1560 1888 1587 graecum

270 1601 380 1633 revidit,
404 1601 559 1628 versionem
581 1600 747 1632 emendavit,
761 1604 789 1627 et
808 1604 937 1634 excerpta
955 1607 990 1627 ex
1012 1599 1133 1627 Palladio
1152 1604 1180 1627 et
1193 1599 1324 1627 Cassiano
1337 1599 1443 1626 addidit
1454 1599 1495 1627 Jo.
1514 1597 1612 1633 Georg.
1624 1598 1726 1626 Pritius
1739 1598 1888 1634 Lipsiensis

268 1647 343 1682 Lips.
358 1646 481 1679 1698,,8"
497 1646 547 1682 (2).
565 1645 620 1673 Sed
638 1649 746 1680 praeter
761 1645 871 1680 scripta,
893 1652 963 1680 quae
984 1644 1009 1671 ei
1024 1644 1104 1680 vulgo
1116 1644 1200 1671 tribui
1217 1644 1316 1677 solent,
1331 1643 1467 1671 habentur
1481 1651 1577 1679 graece
1589 1646 1664 1673 MSS.
1683 1645 1712 1673 in
1721 1645 1888 1674 Bibliotheca

270 1694 476 1723 Vindobonensi
495 1693 547 1721 sub
560 1693 620 1728 ejus
632 1692 742 1720 nomine
755 1692 891 1728 Opuscula
903 1692 989 1725 varia,
1002 1700 1100 1728 nempe
1112 1691 1206 1727 Capita
1215 1693 1326 1719 ascetica
1340 1691 1401 1724 170,
1410 1692 1575 1728 metaphrasi
1589 1693 1723 1720 illustrata
1734 1700 1749 1720 a
1761 1692 1888 1720 Simeone

268 1741 440 1777 Logotheta;
456 1742 523 1770 Cod.
547 1741 629 1768 theol.
648 1741 707 1768 104.
726 1740 884 1767 Parenaesis
907 1740 1017 1766 ascetica
1040 1738 1083 1766 C01

1070 1738 1107 1766 )d.
1122 1738 1172 1765 140
1185 1746 1262 1766 num.
1272 1738 1299 1771 5,
1318 1737 1414 1774 Capita
1426 1740 1536 1766 ascetica
1553 1739 1604 1767 100
1615 1739 1682 1768 Cod.
1703 1741 1754 1768 179
1765 1740 1885 1768 ηυιηπ8.

267 1785 308 1813 De
318 1785 442 1814 Custodia
453 1786 537 1813 cordis
549 1785 643 1821 Capita
655 1785 689 1812 50
697 1785 763 1812 Cod.
778 1785 828 1812 192
838 1793 913 1812 num.
926 1784 968 1818 15,
981 1783 1077 1819 Capita
1089 1784 1139 1811 170
1148 1784 1179 1811 de
1188 1784 1347 1819 Pcrtcclione
1355 1784 1488 1821 spirituali
1496 1784 1563 1812 Cod.
1577 1786 1628 1813 192
1641 1794 1717 1814 num.
1731 1786 1774 1813 16.
1785 1785 1886 1813 Verum

268 1835 337 1863 haec
358 1835 450 1862 omnia
464 1834 534 1861 nihil
555 1834 613 1861 fere
629 1833 704 1861 aliud
719 1833 860 1861 continent
881 1841 962 1868 quam
983 1833 1029 1861 V11
1047 1833 1097 1861 illa
1113 1832 1244 1868 Opuscula
1264 1834 1385 1866 ascetica,
1409 1840 1479 1868 quae
1494 1833 1522 1860 in
1534 1834 1673 1862 Thesauro
1689 1843 1739 1863 suo
1752 1836 1839 1863 edidit
1854 1837 1883 1864 Ρ.

267 1883 396 1911 Pessinus
417 1883 503 1910 Paris.
525 1882 601 1915 1684,
614 1889 738 1917 quaeque
755 1881 836 1909 tertio
855 1881 964 1908 cuidam
987 1881 1104 1909 Macario
1120 1881 1267 1910 tribuenda
1281 1890 1341 1910 esse
1365 1881 1521 1916 contendit;
1549 1888 1624 1911 certe
1655 1884 1698 1912 vel
1721 1888 1826 1918 nostro,
1842 1884 1884 1912 vel

266 1931 386 1959 Macario
400 1930 585 1958 Alexandrino
598 1929 773 1962 vindicanda,
792 1929 831 1956 uti
849 1937 913 1957 mox
925 1929 1111 1957 ostendemus.

312 1978 486 2006 MACARIUS
501 1979 594 2014 junior
603 1978 652 2015 (3),
668 1983 695 2005 et
709 1978 857 2010 Ποὶιτικὸς
873 1978 974 2011 dictus,
995 1978 1076 2006 domo
1096 1978 1307 2012 Alexandrinus,
1322 1979 1369 2006 ubi
1381 1983 1470 2007 aetate
1493 1978 1581 2015 prima
1601 1978 1714 2006 bellaria
1741 1978 1886 2006 vendendo

266 2028 410 2059 quaestum
425 2023 580 2055 exercebat,
593 2023 705 2051 Antonii
729 2023 889 2057 discipulus,
906 2023 1019 2050 alterius
1039 2022 1149 2050 Macarii
1166 2022 1313 2058 σύγχρονος
1328 2023 1409 2058 eique
1429 2031 1579 2059 superstes,
1599 2025 1668 2052 urbe
1679 2025 1760 2052 simul
1772 2033 1804 2052 ac
1826 2030 1887 2053 arte

267 2068 444 2100 renunciata,
453 2068 482 2095 in
491 2075 615 2094 eremum
625 2067 790 2094 Nitriensem
803 2066 943 2099 secedens,
955 2067 1039 2093 vitam
1056 2066 1233 2094 monasticam
1245 2067 1385 2102 amplexus
1395 2072 1446 2095 est.
1464 2068 1580 2104 [Socrat.
1593 2069 1612 2097 l.
1626 2069 1660 2097 IV
1671 2077 1696 2097 c.
1709 2069 1743 2097 25
1756 2078 1762 2102 ;
1775 2069 1884 2097 Sozom.

265 2114 285 2141 1.
302 2114 336 2141 lll
349 2122 373 2141 c.
388 2115 431 2146 11;
449 2113 614 2141 Theodoret.
629 2113 693 2141 1.1V
706 2121 730 2140 c.
747 2112 804 2148 9.1].
817 2113 896 2140 Anno
909 2114 1007 2141 aetatis
1019 2113 1227 2149 quadragesimo
1242 2114 1408 2150 baptismum
1419 2117 1548 2152 suscepit,
1565 2118 1629 2145 dein
1642 2119 1784 2154 presbyter
1797 2118 1886 2147 factus

265 2165 294 2189 et
305 2161 518 2189 arehimandrita
530 2161 683 2190 Nitriensis.
699 2160 773 2189 Obiit
786 2161 961 2189 centenarius
980 2161 1053 2188 circa
1064 2169 1089 2189 a.
1107 2162 1167 2189 104.
1182 2162 1334 2190 Arctiorem
1349 2164 1420 2192 vitae
1435 2166 1600 2193 monasticae
1621 2166 1792 2202 disciplinam
1810 2172 1885 2196 tanto

266 2207 358 2235 studio
383 2207 510 2239 excoluit,
525 2211 556 2235 ut
568 2215 603 2235 ex
614 2207 698 2233 nimia
710 2207 781 2234 cutis
794 2207 920 2234 ariditate
932 2207 979 2241 pili
1001 2207 1102 2234 barbae
1116 2207 1142 2235 ei
1155 2215 1211 2235 non
1228 2210 1425 2237 succreverint.
1443 2210 1556 2238 Interim
1571 2213 1599 2238 in
1618 2211 1671 2239 hoc
1683 2219 1737 2239 uno
1749 2212 1783 2239 ab
1797 2212 1884 2240 altero

265 2253 384 2281 Macario
398 2253 580 2288 discrepabat,
598 2252 671 2287 quod
684 2252 762 2279 hilari
777 2252 867 2279 fronte
885 2252 920 2280 ad
931 2252 1020 2287 ipsum
1035 2253 1213 2281 advenientes
1226 2255 1365 2289 exceperit
1381 2259 1409 2282 et
1419 2255 1510 2290 lepido
1525 2264 1651 2284 sermone
1666 2257 1820 2291 oblectarit,
1837 2266 1885 2285 ur-

265 2300 386 2328 banitate
401 2299 517 2334 quadam
531 2298 655 2333 juniores
675 2297 709 2325 ad
723 2297 894 2332 disciplinam
921 2297 1098 2324 monasticam
1115 2297 1248 2326 alliciens.
1261 2299 1329 2326 Mira
1342 2299 1376 2327 de
1387 2301 1446 2335 ejus
1463 2300 1622 2335 virtutibus,
1640 2303 1814 2336 abstinentia,
1830 2305 1884 2331 mi-

264 2345 366 2373 raculis
375 2344 489 2379 patratis
501 2349 529 2371 et
537 2343 717 2371 daemonibus
729 2344 764 2370 ab
773 2351 806 2370 eo
816 2342 915 2378 fugatis
926 2347 1019 2370 narrat
1030 2343 1177 2377 Palladius,
1191 2344 1239 2379 qui
1250 2353 1283 2372 eo
1291 2345 1462 2373 familiariter
1473 2347 1613 2380 utebatur,
1626 2348 1695 2375 Hist.
1707 2348 1789 2376 Laus.
1802 2357 1826 2377 ο.
1838 2349 1883 2376 20.

263 2391 343 2425 Quod
371 2399 437 2418 vero
458 2389 579 2425 politian:
606 2389 760 2420 dicebatur,
782 2388 846 2415 inde
867 2388 969 2416 factum
988 2392 1040 2420 est,
1060 2388 1133 2423 quod
1154 2397 1210 2417 non
1226 2389 1307 2417 modo
1319 2391 1347 2417 in
1370 2391 1517 2419 solitudine
1538 2393 1609 2420 inter
1628 2395 1777 2422 monachos
1789 2403 1883 2423 versa-

263 2444 350 2472 retur,
362 2439 409 2466 sed
421 2443 450 2466 et
459 2439 487 2465 ὲν
499 2440 532 2474 τῇ
539 2438 625 2471 πόλει,
635 2438 653 2465 i.
663 2445 688 2464 c.
704 2437 731 2463 in
743 2436 804 2463 urbe
812 2436 975 2463 Alexandria
983 2440 1074 2470 natus,
1087 2444 1212 2472 magnam
1219 2436 1292 2466 vitae
1302 2443 1406 2473 partem
1415 2439 1443 2467 in
1454 2439 1563 2475 publica
1574 2441 1714 2468 hominum
1724 2442 1785 2470 luce
1794 2447 1883 2471 trans-

261 2484 329 2521 egit.
342 2484 438 2512 Fuisse
448 2484 558 2511 scholae
567 2483 747 2511 catecheseluv
767 2482 967 2510 Alexandrinae
980 2482 1148 2517 praefectum
1162 2487 1277 2510 testatur
1290 2483 1433 2520 Philippus
1441 2485 1558 2514 Sidetes.
1571 2486 1648 2520 Quod
1656 2495 1720 2514 vero
1730 2495 1794 2515 cum
1802 2488 1882 2516 Petro

262 2532 375 2568 martyri
390 2532 418 2559 in
441 2531 494 2559 hoc
506 2539 621 2559 munere
638 2531 804 2558 successisse
819 2530 925 2563 scribit,
937 2538 1036 2558 vereor
1054 2535 1085 2558 ut
1100 2538 1135 2558 ne
1150 2531 1218 2558 illud
1236 2539 1298 2559 cum
1311 2533 1443 2568 temporis
1459 2534 1566 2562 ratione
1582 2540 1654 2562 stare
1671 2537 1767 2570 possit.
1781 2537 1883 2564 Demus

260 2580 460 2611 enim,Petrum
469 2577 588 2605 scholam
596 2585 650 2605 una
655 2585 717 2604 cum
727 2578 884 2612 episcopatu
892 2577 926 2604 ad
933 2576 1005 2604 vitae
1015 2584 1102 2612 usque
1114 2576 1195 2604 ﬁnem
1205 2578 1334 2611 tenuisse,
1344 2579 1416 2614 quod
1425 2583 1516 2608 tamen
1526 2588 1581 2607 non
1592 2586 1708 2615 constat,
1722 2590 1810 2617 neque
1817 2582 1882 2609 satis

262 2625 403 2662 probabile
412 2624 531 2657 videtur,
539 2632 602 2651 cum
613 2629 719 2652 certum
726 2625 771 2656 sit,
784 2624 895 2652 Petrum
905 2624 1051 2651 maximam
1071 2623 1245 2660 episcopatus
1255 2625 1296 2652 sui
1307 2630 1412 2661 partem
1423 2627 1474 2654 sub
1485 2629 1678 2663 persecutione
1690 2634 1719 2657 et
1732 2629 1760 2656 in
1770 2637 1882 2657 carcere

1019 2693 1144 2721 NOTAE.

297 2742 391 2782 (H.91-
401 2741 487 2782 ρξίςίίη
507 2741 593 2782 τοεηκ
608 2742 618 2770 ι
634 2741 794 2782 111.4751)"
813 2741 863 2782 Pin.
879 2741 950 2782 "ist
968 2740 1039 2782 eae}.-
1129 2740 1167 2782 (ἓ)
1180 2741 1357 2782 ρςηξρρίρε-
1370 2743 1449 2782 ".1!-
1464 2744 1492 2782 ες

264 2776 365 2818 ῩιξῖέΗ
377 2778 451 2818 νε.ἕῦ
462 2777 624 2818 εειιξῙτιέη-
638 2777 711 2818 Et“:
723 2776 819 2818 Graec.-
835 2777 918 2818 lilzzﬁ
930 2776 1041 2818 me}?
1099 2776 1168 2818 .,(⁵)
1182 2776 1376 2818 οῖ·ητέιιενίέίῖῖιρ
1396 2779 1546 2818 timere:
1555 2780 1623 2809 eccl-
1637 2780 1701 2818 tot;
1712 2779 1815 2818 inlati
1828 2779 1878 2818 vis:

261 2810 440 2855 saw-'3!!!
450 2810 553 2853 ρινεθει·
569 2812 630 2855 [ιδεμ
649 2812 899 2855 Restim-ﬁll!
915 2810 1040 2855 p.257]:
1095 2810 1210 2855 than:
1221 2811 1383 2855 EebI-Eibl-
1397 2813 1444 2855 Gr.-
1459 2814 1507 2855 lib;
1526 2815 1546 2855 V.
1560 2815 1704 2855 cap-JH
1718 2815 1742 2855 ξ
1752 2815 1811 2855 νρι-
1834 2815 1881 2855 νιε

262 2839 407 2875 humani
417 2839 560 2875 ue’moires
569 2839 643 2874 Leeel.
662 2847 722 2875 Vol.
735 2847 795 2883 _Vlll
811 2847 844 2875 ad
858 2847 906 2874 vit.
915 2839 1025 2875 ‘Macar‘.
1032 2839 1042 2880 ξ

262 2882 344 2918 Long.
367 2882 436 2910 Bibl.
454 2890 524 2910 sacr.
541 2891 568 2918 p.
585 2882 645 2910 859.

1096 2854 1123 2881 ιι.
1144 2839 1209 2873 494Ῑ
1229 2839 1517 2885 [Ed.‘11arles—.‘l.-l.—]V;
1535 2839 1704 2878 'néii'ritiu?
1720 2839 1827 2879 Εαὸῐέὲ.
1843 2839 1879 2879 aa

1098 2881 1216 2910 Gennad.
1234 2890 1258 2910 e.
1276 2882 1318 2910 10.
