2064 3152
140 213 190 243 585
540 212 584 240 DE
603 212 650 240 SS.
671 211 832 239 MACARIIS
851 209 1020 238 AEGYPTIO
1039 209 1083 236 ET
1102 209 1356 238 ALEXANDRINO.
1699 214 1751 242 386
1798 247 1799 250 η

140 275 242 311 egisse;
260 278 322 302 utut
331 273 378 306 sit,
391 273 460 300 obiit
470 273 493 300 is
503 272 633 308 martyrio
652 276 796 299 coronatus
805 279 876 298 anno
885 270 946 297 50‘2.
956 270 1015 303 Quo
1025 275 1145 305 tempore
1154 270 1300 297 Macarium
1307 274 1430 297 nostrum
1442 278 1506 298 vere
1511 271 1596 300 fuisse
1609 273 1748 308 juniorem

140 329 171 348 ac
179 328 248 356 pene
256 327 372 355 puerum
387 327 499 347 necesse
507 323 558 347 est.
570 318 798 354 Quemiﬂistoriae
809 317 1017 345 Ecelesiasticae
1034 316 1191 344 conditores
1217 316 1304 352 Magni
1313 316 1422 343 Antonii
1430 316 1594 352 discipulum
1604 318 1678 354 [Pag.
1687 317 1749 352 257]

140 367 253 398 faciunt,
261 371 290 393 et
298 364 449 393 Constantii
465 364 633 399 temporibus
649 364 780 392 claruisse
793 363 900 396 volunt;
911 364 966 390 imo
977 369 1106 398 quocum,
1123 367 1241 390 exeunte
1267 362 1320 389 hoc
1331 362 1449 394 saeculo,
1475 371 1524 398 per
1549 364 1698 393 triennium
1722 366 1749 394 in

139 412 286 442 solitudine
303 411 371 438 vixit
381 409 516 438 Palladius
532 409 612 446 [Hist.
632 409 755 436 Lausiac.
774 416 798 435 c.
812 407 846 435 20
870 416 896 443 p.
912 407 983 443 994].
1000 406 1054 434 Aut
1064 406 1146 442 igitur
1156 406 1263 442 juvenis
1275 406 1421 434 admodum
1432 415 1531 435 munus
1542 408 1594 436 hoc
1606 410 1750 438 scholasti-

140 468 201 488 cum
213 459 284 491 iniit,
297 462 345 486 aut
366 462 428 494 post
438 458 512 485 Petri
530 458 692 494 martyrium
709 457 801 485 schola
831 456 977 488 vacaverit,
989 459 1046 488 aut,
1060 455 1133 490 quod
1145 455 1238 489 potius
1255 454 1386 490 suspicari
1398 456 1472 488 licet,
1484 456 1554 484 alius
1566 458 1627 492 quis
1641 459 1752 488 scholae

140 508 269 544 magister
289 507 467 534 intervenerit
478 514 494 533 a
508 506 633 542 Philippo
646 505 818 541 praeteritus.
834 505 929 532 Nullos
943 504 1018 532 enim
1040 504 1108 531 alios
1135 511 1151 531 a
1167 503 1239 531 Petri
1251 507 1349 535 morte,
1374 507 1483 538 praeter
1509 503 1655 532 Macarium
1667 506 1751 542 Didy—

141 562 228 586 mum,
245 561 296 588 per
311 553 447 588 integrum
464 561 550 588 paene
565 553 617 581 hoc
630 554 770 581 saeculum
790 553 873 589 hujus
885 553 994 580 scholae
1013 556 1205 588 praeceptores
1216 551 1336 579 exhibet.
1351 551 1415 578 Erat
1434 555 1462 578 et
1473 551 1542 579 alter
1555 552 1687 580 Macarius
1696 554 1751 582 Ac—

140 603 258 639 gyptius,
273 600 367 629 Senior
378 601 478 633 dictus,
490 601 524 629 de
534 610 588 637 quo
608 610 658 630 nos
669 602 745 629 alibi.
759 601 830 635 Quin
840 606 869 628 et
884 601 1006 633 tertium,
1019 600 1130 628 Antonii
1140 600 1222 627 etiam
1237 599 1402 634 discipulum
1413 603 1441 626 et
1456 599 1595 632 comitem,
1619 601 1755 630 Amathae

141 650 255 681 sociant,
269 649 350 676 nobis
365 648 514 683 exsculpsit
530 649 628 676 Petrus
645 648 774 676 Pessinus
788 647 904 683 [Pi-eleg.
921 647 950 674 in
968 646 1050 674 Thes.
1065 645 1179 681 Aseet.],
1194 646 1239 672 cui
1250 645 1332 672 etiam
1347 644 1368 671 L
1382 644 1505 672 ltomilias
1518 653 1533 672 a
1547 644 1610 672 Pico
1632 647 1753 681 primum

140 697 239 729 editas,
250 696 334 724 etVll
354 696 490 731 Opuscula
505 703 521 723 a
535 703 565 723 se
590 696 617 723 in
630 696 719 723 lucem
745 696 854 728 emissa,
866 694 1046 730 adjudicanda
1056 697 1159 721 censet.
1182 693 1217 720 Et
1234 693 1261 720 in
1281 692 1333 720 hac
1345 691 1456 727 quidem
1479 693 1614 720 sententia
1627 701 1671 722 me
1687 695 1754 723 olim

140 741 225 769 fuisse
243 741 340 770 fateor.
349 741 458 774 {Verum
478 747 508 767 re
529 741 628 768 melius
647 747 780 775 perpensa
794 747 873 775 aegre
884 747 900 767 a
913 747 956 767 me
967 739 1114 774 impetrare
1125 745 1235 774 possum
1250 742 1280 765 ut
1290 737 1410 769 credam,
1428 742 1539 772 praeter
1550 738 1712 774 Aegyptium
1724 747 1754 770 et

140 787 354 816 Alexandrinum
367 787 476 814 tertium
490 786 572 813 etiam
592 783 748 820 ﬁngendum
759 791 820 811 esse
832 783 990 816 Macarium,
1002 782 1114 810 Antonii
1130 783 1306 817 diseipulum,
1330 782 1461 809 Amathae
1477 783 1618 819 collegam,
1632 784 1753 820 Operum

139 832 354 861 Maearianorum
368 837 516 859 auctorem.
536 829 617 856 Certe
632 836 687 856 non
707 829 774 856 alios
785 829 917 856 Macaries
934 828 1045 856 Antonii
1062 827 1211 862 discipulos
1224 827 1303 855 nobis
1316 827 1449 855 exhibent
1467 827 1602 862 Socrates,
1623 829 1753 859 Sozome—

141 886 202 910 Δηις,
220 877 420 908 Theodoretus,
434 876 612 911 Nicephorus,
625 881 653 904 et
673 875 720 910 qui
740 875 792 903 hoc
804 875 863 911 ipso
882 879 1015 910 tempore,
1035 874 1079 901 his
1100 874 1166 909 ipsis
1181 874 1247 901 locis
1271 874 1340 901 vixit
1355 873 1442 907 deque
1454 873 1488 901 iis
1498 874 1603 908 prolixe
1618 875 1682 911 agit,
1695 876 1754 911 ipse

140 923 286 951 Palladius.
306 921 341 950 Ut
350 921 495 948 Macarium
510 929 589 948 suum
605 920 703 956 probet
716 920 856 952 Pessinus,
869 919 1046 947 Athanasium
1060 919 1087 946 in
1101 919 1155 946 vita
1171 918 1279 945 Antonii
1301 923 1330 945 et
1345 917 1538 955 Hieronymum
1559 920 1587 948 in
1609 922 1662 949 vita
1674 922 1754 950 Pauli

141 973 224 995 testes
237 967 312 995 citat.
327 967 490 994 Athanasius
500 973 565 993 vero
584 965 618 993 de
632 965 748 992 Macario
765 973 800 992 ne
812 964 925 992 verbum
937 964 1047 999 quidem
1057 963 1149 991 habet.
1171 963 1352 999 Hieronymus
1368 963 1476 992 Macarii
1491 970 1520 992 et
1545 966 1676 995 Amathae
1696 969 1754 996 An-

141 1013 208 1040 tonii
220 1013 417 1048 discipulorum
430 1012 564 1045 meminit,
575 1017 604 1039 et
614 1011 756 1039 Amatham
772 1011 882 1046 quidem
894 1011 1052 1046 magistrum
1067 1018 1147 1038 suum
1165 1010 1303 1045 sepeliissc
1318 1009 1413 1044 docet;
1443 1011 1476 1039 de
1489 1012 1606 1041 Macario
1625 1015 1692 1043 nihil
1707 1016 1755 1044 ha-

141 1061 197 1088 bet.
212 1061 320 1094 Quaero
336 1060 419 1096 igitur
430 1068 445 1088 a
461 1059 583 1092 Pessino,
598 1067 648 1087 cur
659 1067 694 1087 ex
705 1059 807 1086 nostris
820 1067 902 1091 unus,
915 1058 1027 1086 Antonii
1042 1058 1204 1093 discipulus,
1220 1057 1352 1086 Amathae
1365 1057 1478 1093 collega,
1492 1058 1692 1093 Opusculorum
1704 1070 1754 1097 pa-

141 1109 185 1134 ter
199 1106 306 1133 cetiseri
318 1114 373 1134 non
397 1106 498 1141 possit?
515 1107 574 1134 Non
595 1106 754 1142 Aegyptius,
771 1106 869 1140 inquit,
898 1113 959 1133 cum
981 1105 1119 1140 sexaginta
1134 1112 1220 1132 annos
1234 1104 1262 1132 in
1281 1104 1406 1140 Scythica
1424 1104 1570 1132 solitudine
1590 1108 1754 1143 transegisse

140 1151 251 1178 dicitur.
264 1151 335 1185 Quid
351 1152 435 1179 vero?
444 1152 485 1180 An
497 1152 609 1188 Stylitae
619 1153 653 1180 ad
665 1152 751 1179 instar
764 1151 829 1179 totis
839 1151 977 1186 sexaginta
988 1150 1067 1178 annis
1083 1150 1111 1177 in
1127 1150 1195 1177 cella
1207 1157 1267 1176 sua'
1280 1149 1427 1179 immobilis
1442 1152 1578 1186 perstitit?
1603 1153 1673 1187 Quid
1687 1156 1753 1183 soli-

141 1196 218 1223 tariis
231 1195 286 1224 illis
300 1196 462 1225 familiarius
473 1206 553 1233 quam
569 1199 712 1234 ἀσκήσεως
730 1205 795 1225 suae
805 1197 885 1226 sedes
900 1198 1014 1226 subinde
1026 1197 1154 1225 mutare?
1171 1197 1206 1225 Ut
1225 1196 1293 1224 adeo
1309 1196 1368 1224 loca
1382 1199 1515 1232 quaedam
1530 1200 1649 1229 Antonio
1665 1203 1754 1231 vicina

140 1241 295 1269 inhabitare
308 1242 385 1270 facile
402 1243 523 1278 potuerit
535 1244 679 1276 Macarius,
692 1244 772 1279 eique
783 1243 844 1271 data
861 1243 1014 1275 occasione,
1026 1242 1323 1278 praesertimvergente
1334 1243 1368 1269 ad
1380 1244 1462 1271 tinem
1479 1245 1546 1278 vita,
1560 1253 1669 1281 praesto
1681 1256 1752 1281 esse,

140 1291 168 1314 et
178 1286 299 1314 defuncti
319 1295 418 1322 corpus
429 1297 481 1316 una
493 1297 554 1316 cum
578 1290 694 1317 Amatha
713 1290 838 1325 sepelire.
852 1289 908 1316 Nec
934 1289 1007 1316 enim
1019 1289 1081 1324 plus
1095 1287 1130 1315 de
1140 1288 1195 1315 .hac
1207 1295 1236 1315 re
1252 1292 1366 1315 testatur
1384 1288 1501 1318 Cronius
1519 1292 1663 1329 presbyter
1681 1296 1754 1330 apud

140 1332 291 1360 Palladium
308 1340 366 1368 cap.
384 1334 428 1361 ‘25.
445 1335 538 1369 Neque
554 1335 621 1362 dicit
632 1335 809 1368 Sozomenus,
826 1334 973 1362 Macarium
986 1334 1015 1361 in
1028 1334 1085 1362 sola
1095 1332 1174 1366 Sceti,
1187 1333 1235 1361 sed
1251 1338 1278 1361 et
1292 1334 1320 1360 ἐν
1333 1335 1394 1366 ταῖς
1408 1335 1520 1371 ἐρήμοις
1536 1337 1584 1365 LX
1614 1347 1679 1367 suos
1702 1349 1754 1368 an-

140 1385 191 1405 nos
206 1379 339 1413 exegisse.
357 1379 440 1407 Multo
461 1381 553 1408 minus
575 1381 603 1408 id
625 1381 809 1408 Alexandrino
820 1385 915 1408 nestro
934 1380 1026 1415 negari
1042 1384 1141 1415 potest,
1164 1386 1244 1414 quem
1257 1379 1380 1408 diversas
1402 1380 1531 1409 habuisse
1550 1375 1632 1412 cellas
1652 1385 1754 1415 diserte

141 1428 257 1451 testatur
270 1425 406 1452 Palladius
421 1435 427 1452 :
444 1434 524 1453 unam
536 1427 646 1461 quidem
656 1427 684 1454 in
698 1426 766 1454 Sceti
778 1434 847 1462 quae
860 1431 903 1454 est
911 1427 1024 1454 interior
1037 1426 1065 1453 in
1081 1425 1238 1458 solitudine,
1251 1433 1331 1453 unam
1344 1425 1372 1453 in
1383 1426 1466 1464 Libya
1479 1428 1507 1456 in
1520 1429 1622 1464 Celliis,
1635 1438 1663 1461 et
1672 1442 1754 1463 unam

140 1472 168 1499 in
186 1476 279 1499 monte
302 1473 414 1505 Nitriae,
438 1478 467 1501 ut
480 1474 599 1502 Antonio
611 1475 706 1502 adesse
734 1474 814 1510 eique
837 1474 992 1502 ministrare
1005 1473 1083 1501 facile
1097 1473 1191 1508 possit.
1210 1473 1266 1501 Nec
1282 1473 1413 1500 validiora
1432 1478 1496 1501 sunt
1507 1483 1676 1511 argumenta,
1692 1481 1754 1514 qui—

139 1518 193 1546 bus
204 1515 345 1553 praedicta
358 1519 492 1555 Opuscula
505 1522 603 1549 horum
615 1523 706 1553 neutri
718 1522 899 1550 adscribenda
910 1529 970 1550 esse
981 1521 1097 1557 probare
1111 1521 1209 1548 nititur
1220 1521 1359 1548 Pessinus.
1372 1521 1430 1548 Non
1443 1522 1583 1558 Aegyptio,
1597 1525 1661 1559 quia
1671 1527 1756 1556 refert

139 1564 298 1592 Gennadius
312 1564 357 1601 [de
374 1565 472 1601 Script.
491 1567 564 1595 Eccl.
577 1576 601 1596 c.
615 1567 682 1604 10.],
696 1568 786 1603 ipsum
802 1576 884 1595 unam
896 1573 1001 1595 tantum
1026 1566 1060 1594 ad
1070 1567 1194 1602 juniores
1215 1566 1393 1601 professionis
1419 1574 1484 1595 suae
1503 1569 1643 1605 scripsisse
1654 1573 1756 1608 episto-

140 1611 206 1639 lam.
228 1611 298 1644 Quid
315 1612 338 1639 si
355 1620 420 1639 vero
439 1612 597 1641 Gennadius
621 1614 655 1640 de
673 1614 738 1640 solis
750 1612 860 1640 Macarii
874 1612 997 1647 epistolis
1015 1611 1239 1647 l0quitur?Quid
1267 1611 1290 1639 si
1306 1611 1358 1638 alia
1371 1612 1513 1648 scripserit
1530 1610 1673 1650 Macarius,
1684 1627 1756 1654 quae

139 1657 273 1685 Gennadii
286 1658 455 1694 diligentiam
473 1660 601 1695 fugerint,
615 1667 677 1687 cum
694 1668 749 1688 non
766 1667 853 1695 pauca
865 1661 967 1695 scripta
980 1659 1044 1692 sint,
1058 1667 1128 1695 quae
1139 1658 1241 1686 frustra
1253 1658 1324 1694 apud
1335 1658 1505 1688 Gcnnadium
1518 1664 1611 1697 quaeri
1621 1668 1756 1699 possunt?

139 1702 200 1730 Non
214 1702 333 1738 denique
350 1704 535 1732 Alexandrino
554 1710 658 1737 nostro,
672 1705 736 1740 quia
752 1705 857 1732 scilicet
889 1705 963 1732 inter
984 1705 1081 1737 multa,
1099 1712 1169 1740 quae
1185 1704 1219 1731 de
1229 1711 1263 1731 eo
1275 1704 1377 1732 habent
1396 1705 1574 1740 SommenuS,
1588 1708 1713 1739 Socrates
1727 1716 1757 1740 et

142 1747 325 1782 Nicepliorus,
340 1749 408 1776 nihil
422 1758 535 1785 prorsus
549 1751 678 1783 referant,
692 1751 763 1779 unde
772 1752 914 1786 scripsisse
933 1751 1081 1786 quidquam
1096 1758 1170 1783 eum,
1193 1750 1303 1785 quodin
1318 1751 1407 1778 lucem
1420 1760 1451 1780 ac
1460 1752 1559 1781 famam
1567 1755 1675 1789 exierit,
1685 1765 1755 1793 ,ρος-

137 1793 177 1820 sit
192 1794 318 1830 intelligi.
332 1795 448 1822 meclle
473 1803 587 1831 prorsus
610 1801 638 1824 et
661 1797 740 1831 plane
769 1796 916 1824 ﬁculneum
949 1796 1150 1831 argumentum!
1164 1795 1232 1828 Quis
1244 1796 1318 1823 enim
1340 1796 1436 1828 nescit,
1453 1804 1508 1824 non
1528 1797 1555 1824 id
1570 1798 1622 1826 sibi
1636 1800 1755 1830 voluisse

137 1837 280 1866 Socratem
295 1844 324 1867 et
337 1841 528 1874 Sozomenum,
547 1841 580 1868 de
606 1841 786 1876 scriptoribus
810 1841 1002 1868 ecclesiasticis
1027 1848 1061 1868 ex
1082 1840 1205 1875 professo
1231 1840 1329 1876 agere?
1357 1840 1434 1868 Viros
1461 1841 1572 1876 quidem
1601 1845 1756 1874 eruditione

137 1884 228 1911 claros
241 1891 404 1913 enumerare
417 1886 515 1919 solent,
533 1887 634 1922 scripta
648 1894 711 1914 raro
733 1890 780 1914 aut
798 1894 937 1921 nunquam
957 1893 1117 1918 recensere;
1135 1885 1204 1913 adeo
1217 1889 1247 1913 ut
1274 1885 1343 1912 nihil
1374 1887 1475 1920 obstet,
1488 1890 1670 1925 nequicquam
1684 1893 1758 1920 reni-

137 1932 214 1957 tente
242 1929 367 1962 Possino,
389 1931 536 1966 quominus
560 1930 701 1966 praedicta
720 1930 855 1966 Opuscula
871 1930 1049 1958 Macariorum
1060 1934 1218 1957 nostrorum
1240 1930 1384 1963 alterutri,
1400 1937 1428 1959 et
1451 1932 1543 1961 forsan
1571 1934 1757 1965 Alexandrino

137 1981 247 2009 nostro,
260 1985 316 2005 non
326 1977 463 2006 immerito
479 1978 624 2006 tribuenda
644 1979 708 2006 sint.
724 1979 919 2014 Exstatgraece
933 1979 987 2006 MS.
1007 1979 1059 2007 sub
1076 1978 1186 2006 Macarii
1204 1978 1293 2006 nostri
1305 1978 1481 2006 Alexandrini
1501 1980 1612 2008 nomine
1621 1981 1758 2017 fragmen—

137 2025 197 2048 tum
207 2029 242 2048 ex
257 2021 457 2054 Quaestionibus
469 2025 503 2051 ad
527 2025 652 2060 Magnum
677 2025 818 2052 Eusebium
842 2026 989 2060 episcopatu:
1006 2024 1217 2052 Alexandrinum
1231 2023 1301 2051 Bibl.
1317 2023 1433 2052 Vindob.
1445 2024 1511 2052 Cod.
1529 2025 1624 2054 Theo].
1644 2026 1687 2060 84,
1701 2035 1758 2062 quo

135 2069 266 2104 anonymi
281 2069 422 2105 cujusdam
436 2071 496 2098 Loci
508 2080 658 2098 communes
677 2073 778 2099 ascetici
790 2072 822 2098 de
845 2073 995 2099 charactere
1019 2072 1074 2099 veri
1097 2071 1290 2099 Christianismi
1300 2079 1333 2099 ex
1344 2073 1428 2100 variis
1443 2071 1490 2101 SS.
1500 2073 1610 2101 Patrum
1625 2075 1756 2110 cperibus

135 2115 246 2143 collecti
258 2117 445 2145 continentur.
457 2118 523 2152 Quis
539 2127 605 2147 vero
617 2119 700 2147 fuerit
715 2119 760 2147 hic
770 2120 881 2155 Magnus
893 2119 1030 2151 Eusebius,
1049 2120 1101 2147 hoc
1122 2120 1231 2147 circiter
1242 2124 1365 2154 tempore
1379 2119 1525 2155 episcopus
1543 2119 1754 2153 Alexandrinus,

134 2164 170 2193 ad
192 2171 274 2198 quem
289 2164 340 2192 hac
355 2167 528 2200 quaestiones
546 2168 663 2203 scriptae
675 2172 749 2200 sunt,
766 2168 853 2195 fateor
866 2176 909 2195 me
928 2176 979 2196 nec
991 2167 1139 2195 divinando
1157 2168 1266 2203 assequi
1281 2175 1369 2202 posse.

172 2209 295 2237 ﬂabetur
319 2209 404 2237 latine
426 2211 451 2238 ei
469 2210 600 2246 inseripta
613 2211 716 2247 Regula
741 2213 885 2239 monastica
898 2211 972 2239 XXX
984 2212 1110 2247 capitulis
1124 2212 1331 2247 comprehensa,
1346 2219 1426 2247 quam
1441 2210 1546 2246 primus
1560 2211 1647 2239 edidit
1658 2213 1757 2240 Petrus

135 2255 274 2282 Roverius
285 2254 387 2282 Jcsuita
400 2255 428 2282 in
445 2255 564 2283 Historia
577 2257 735 2284 monasterii
757 2257 934 2285 Reomacnsis
953 2265 1013 2292 pag.
1036 2257 1081 2284 2L
1096 2257 1198 2285 Verum
1217 2266 1251 2285 an
1274 2264 1374 2285 revera
1387 2256 1497 2284 Macarii
1516 2256 1605 2284 nostri
1624 2257 1670 2289 sit,
1686 2257 1755 2284 mihi

133 2300 257 2328 nondum
274 2304 390 2328 constat.
420 2300 505 2328 Immo
523 2302 603 2336 plane
615 2301 724 2329 videtur
739 2302 830 2337 potius
857 2302 1048 2336 compendium
1072 2303 1227 2337 regularum
1250 2310 1283 2330 ex
1302 2302 1411 2329 Macarii
1436 2301 1608 2336 aliorumque
1627 2302 1755 2337 ἀσκητῶν

133 2345 247 2381 scriptis
264 2345 450 2380 compilatum.
472 2346 565 2373 Exstat
579 2354 663 2382 penes
674 2354 717 2374 me
728 2347 836 2374 Macarii
847 2346 1034 2379 Alexandrini,
1052 2347 1089 2374 ita
1103 2347 1176 2374 enim
1187 2347 1270 2374 habet
1284 2348 1390 2379 titulus,
1403 2346 1496 2374 Sermo
1507 2347 1538 2373 de
1551 2348 1622 2374 exitu
1632 2351 1755 2382 statuque

134 2394 290 2420 animarum
311 2397 367 2428 post
388 2394 456 2420 hanc
475 2393 567 2425 vitam,
588 2401 622 2420 ex
637 2393 820 2421 bibliothecae
834 2393 963 2421 Paulinae
979 2393 1129 2428 Lipsiensis
1155 2393 1210 2420 MS.
1236 2393 1330 2420 codice
1343 2392 1506 2427 descriptus.
1532 2392 1627 2420 Plures
1643 2393 1754 2426 quidem

133 2439 244 2474 ineptas
257 2443 286 2466 et
299 2439 387 2466 aniles
400 2438 505 2466 fabulas
520 2440 651 2472 continet,
666 2444 694 2468 et
715 2439 877 2468 recentioris
892 2439 1030 2474 cujusdam
1057 2439 1183 2466 Graeculi
1206 2444 1390 2467 commentum
1407 2439 1474 2466 mihi
1489 2439 1607 2470 videtur,
1622 2441 1668 2473 qui
1684 2447 1755 2474 quae

134 2485 188 2513 hac
203 2485 239 2512 de
250 2493 280 2512 re
291 2485 448 2518 somniavit,
459 2486 493 2513 ad
502 2486 601 2521 dialogi
616 2487 731 2514 formam
740 2486 887 2514 Macarium
905 2485 975 2512 inter
987 2490 1015 2513 et
1031 2485 1140 2520 angelos
1157 2485 1270 2520 redegit.
1288 2485 1421 2518 Quoniam
1435 2494 1501 2513 vero
1512 2486 1653 2518 ἀνέκδοτος
1665 2487 1711 2520 sit,
1725 2492 1755 2515 et

131 2533 232 2561 saltem
252 2533 372 2560 novitate
381 2541 430 2560 sua
443 2541 473 2561 se
489 2533 585 2562 lectori
600 2534 811 2566 commendabit,
824 2533 1046 2562 versione’latina
1062 2536 1190 2559 ornatum
1203 2532 1247 2559 hic
1267 2533 1421 2568 subjiciunt.
1439 2532 1513 2568 [Pag.
1538 2532 1613 2567 258.]

134 2646 193 2674 Τοῦ
216 2646 304 2681 ἁγίου
335 2646 487 2679 Μακαρίου
514 2645 568 2673 τοῦ
599 2645 810 2679 Ἀλεξανδρέως
834 2647 924 2679 ,λόγος

972 2642 1000 2670 S.
1018 2640 1128 2668 Macarii
1148 2639 1321 2667 Alexandrini
1335 2647 1419 2666 sermo
1446 2639 1477 2665 de
1491 2638 1562 2681 exitu
1587 2639 1692 2664 animae
1713 2639 1752 2665 iu-

166 2673 368 2715 :tepl'éé‘o’dov
391 2673 495 2715 ψὶκχῆς
519 2681 641 2708 δικαίων
660 2673 708 2707 ιὶαὶ
733 2673 922 2714 ἃμαρτωλῶνζ

1006 2681 1107 2703 storum
1135 2680 1158 2702 et
1183 2679 1366 2715 peccatorum,
1397 2673 1524 2709 quomodo
1549 2678 1707 2708 separantur
1737 2683 1753 2700 u

167 2712 289 2778 rimae
305 2712 533 2750 χωρίζὸνέὰῖἐλι
557 2715 609 2742 τοῦ
632 2712 768 2750 σώματοξν
790 2712 839 2742 aut
861 2715 923 2748 πῶς

168 2760 184 2777 ε
220 2760 260 2778 ιν.

676 2712 768 2750 pato-4'
790 2712 839 2742 Βιαὶ
861 2715 923 2748 πῶς
1006 2719 1124 2746 corpore,
1143 2715 1166 2737 et
1180 2712 1207 2736 in
1227 2718 1276 2744 quo
1291 2713 1361 2737 statu
1376 2712 1491 2735 manent.

168 2807 239 2833 Ιῐοτὲ
258 2807 429 2834 διοδευόντων
446 2807 524 2843 ἡμῶν
547 2807 576 2834 ἐν
594 2807 627 2843 τῇ
652 2806 764 2842 ἐρήμῳ,
786 2804 854 2833 εἶδον
876 2806 923 2832 δύο

1005 2811 1091 2838 Nobis
1116 2809 1253 2845 quondam
1274 2810 1301 2837 in
1324 2816 1417 2836 eremo
1437 2809 1489 2835 iter
1507 2807 1668 2835 facientibus
1695 2808 1751 2836 vidi

129 2853 268 2887 ἀγγέλους
292 2853 555 2882 συνακολουθοῦντας
569 2852 607 2888 τῷ
622 2852 692 2887 ἁγιῳ
704 2851 837 2888 Μακαρίῳ
847 2872 855 2882 ,
872 2852 918 2878 ἕνα

970 2856 1040 2883 duos
1061 2856 1170 2892 angelos
1205 2855 1232 2883 S.
1254 2855 1399 2883 Macarium
1427 2855 1568 2889 stipantes,
1590 2854 1705 2882 alterum
1736 2863 1750 2883 a

131 2899 165 2925 ἐκ
182 2899 288 2932 δεξιῶν,
306 2899 353 2924 καὶ
365 2899 412 2925 ἕνα
425 2899 456 2931 ἐξ
471 2898 634 2933 εὐωνύμων·
651 2898 697 2926 καὶ
712 2899 740 2926 ὲν
757 2899 796 2934 τῷ
814 2907 919 2934 συμπο-

971 2901 1075 2934 dcxtra,
1096 2909 1111 2928 τι
1122 2901 1233 2928 sinistra
1251 2901 1383 2934 alterum;
1401 2907 1517 2934 cumque
1534 2907 1587 2926 una
1603 2899 1743 2934 progrede-

250 2945 389 2974 PATROL.
410 2945 465 2974 Gn.
482 2945 610 2977 XXXIV.
834 2964 839 2970 -
1517 2945 1551 2976 l3
