2064 3152
299 226 350 253 587

931 215 1140 245 GUILIELMUS
1158 215 1291 244 CAV'EUS

1862 219 1916 247 388

298 290 402 313 remur,
421 283 559 315 repertum
577 282 620 303 cst
637 277 752 304 cadaver
779 277 871 311 iacens
884 281 911 304 et
935 276 1076 303 foetidum.

1140 276 1255 303 )εύεσθαι
1284 278 1372 311 ἡμᾶς,
1398 277 1496 312 εὑρέθη
1523 277 1691 313 θνησημαῖον
1718 278 1843 313 κείμενον
1869 278 1918 305 καὶ

299 329 439 356 Foetorein
452 324 622 360 persentiens
641 324 668 350 S.
690 323 822 350 Macarius
838 330 916 350 nares
933 323 985 350 sibi
997 331 1079 349 manu

296 372 443 403 obstrinxit,
460 371 547 398 donec
560 370 739 397 transivisset.
753 369 885 396 Similiter
903 369 1026 395 fecerunt
1052 373 1080 396 et

296 419 394 455 angeli.
413 417 442 445 id
453 417 549 444 videns
564 424 647 444 senex
662 415 731 443 dixit
744 415 798 442 illis
819 425 825 442 :
839 415 880 442 An
898 419 926 442 et
935 422 983 442 vos
999 415 1080 442 etiam

297 464 391 492 mundi
402 464 533 491 foetorem
552 461 702 489 suboletis?
720 460 928 495 Responderunt
939 459 978 487 illi
999 468 1005 486 :
1026 459 1080 487 Ne-

297 517 448 545 quaquam;
479 512 505 536 te
531 515 597 534 vero
625 514 706 533 nares
737 506 926 534 occludentem
945 505 1079 537 videntes,

298 555 413 583 fecimus
425 559 453 581 et
467 561 518 581 nos
536 552 678 585 similiter;
696 559 746 578 nos
761 551 834 578 enim
856 551 986 578 foetorem
1004 559 1083 578 mun-

298 602 399 628 danum
418 600 530 627 minime
547 599 689 630 sentimus,
706 598 793 625 solum
817 603 907 625 autent
931 598 1082 624 animarum

297 647 480 683 peccatricutn
492 646 624 672 faetorem
639 643 854 675 subolfacimus;
873 643 931 678 pari
948 643 1028 669 modo
1051 650 1083 670 ac

299 696 329 719 tu
351 691 492 719 cadaveris
514 691 594 718 istius
625 690 757 717 foetorem
783 689 927 717 aversaris.
949 689 1019 716 Dicit
1030 689 1083 716 illis

299 745 403 766 senex:
421 737 520 764 Nolqu
534 736 601 763 mihi
623 736 714 767 facite,
742 743 853 770 quaeso,
877 740 968 762 utrum
989 735 1016 762 in
1034 735 1084 762 hac

298 784 355 810 vita
371 783 412 810 vel
428 787 490 817 post
505 786 619 809 mortem
635 781 763 808 foetidam
776 785 948 816 peccatorum
966 781 1084 808 animam

299 828 446 856 sentiatis?
471 829 505 855 Et
526 827 664 862 quomodo
687 827 759 854 inter
782 831 957 862 peccatorum
981 828 1084 855 animas

300 873 368 906 illas,
380 881 448 908 quae
462 872 488 899 in
502 872 645 899 Dominum
662 871 848 904 crediderunt,
864 872 898 898 ab
916 871 1006 907 impiis
1030 880 1085 899 non

298 919 474 948 credentibus
489 918 671 954 dignoscatis?
686 918 714 945 ld
736 918 804 945 mihi
824 918 918 950 dicite,
932 918 955 946 si
971 919 1084 953 gratiam

299 965 371 1000 apud
396 973 445 992 vos
481 969 644 992 consecutus
670 964 780 991 luerim.
809 964 940 991 Dixerunt
974 964 1081 999 angeli:

299 1011 440 1044 Ausculta,
459 1011 545 1038 elecle
565 1010 612 1038 Dei
632 1009 740 1037 Macari.
769 1010 908 1037 Peccatrix
919 1010 1009 1036 anima
1019 1009 1085 1036 dum

299 1057 390 1084 adhuc
403 1056 431 1084 in
443 1064 559 1090 corpore
582 1060 683 1087 manet,
701 1055 833 1082 malarum
864 1055 1002 1082 actionum
1029 1055 1086 1082 foc-

301 1108 389 1130 torem
406 1102 507 1129 emittit
527 1101 675 1136 quendam,
697 1105 758 1136 post
775 1106 892 1128 mortem
914 1108 980 1128 vero
999 1101 1086 1135 majo-

302 1156 359 1176 rem
377 1148 471 1175 multo.
485 1148 613 1175 Actiones
633 1147 705 1174 enim
721 1155 786 1174 suae
811 1147 929 1174 animam
944 1147 1087 1174 manifeste

302 1196 468 1227 prementes,
486 1192 611 1219 tenebras
623 1192 661 1219 illi
676 1192 834 1227 nigramque
844 1192 978 1219 inducunt
987 1192 1085 1219 dicam.

301 1237 397 1266 Anima
411 1237 483 1264 enim
499 1246 532 1264 ex
548 1242 645 1264 natura
667 1245 715 1264 sua
730 1236 820 1264 lucida
833 1241 861 1264 et
873 1245 941 1272 pura
959 1241 1011 1270 est,
1038 1237 1088 1264 im-

303 1283 426 1311 mortalis
442 1283 542 1318 quippe
564 1282 633 1310 lucis
650 1282 807 1317 spiramen;
830 1282 857 1309 in
873 1290 987 1317 corpore
996 1287 1087 1310 autem

303 1329 402 1364 posita,
418 1328 441 1355 si
459 1328 528 1356 illud
545 1328 615 1355 bene
628 1337 682 1355 non
700 1329 851 1363 gubernet,
864 1336 879 1355 a
893 1333 1005 1362 peccato
1021 1336 1089 1363 quo-

303 1373 448 1400 dammodo
471 1373 614 1408 polluitur,
632 1373 683 1400 ista
706 1373 817 1407 quidem
841 1372 935 1407 magis,
962 1372 1007 1399 illa
1023 1380 1088 1398 vero

304 1419 402 1446 minus.
422 1418 564 1451 Quomodo
584 1423 675 1445 autem
695 1419 800 1445 animae
829 1426 844 1445 e
859 1418 1019 1452 corporibus
1033 1422 1088 1445 tant

305 1464 425 1492 fidelium
439 1472 520 1498 quam
535 1464 687 1490 infidelium
703 1463 866 1494 liberantur,
885 1463 959 1495 audi,
984 1467 1011 1490 et
1034 1467 1089 1490 ter-

305 1509 403 1537 restria
431 1516 480 1536 seu
505 1508 626 1543 vulgaria
653 1507 818 1535 coelestibus
849 1507 961 1534 omnino
983 1507 1090 1534 minora

305 1561 365 1582 esse
384 1559 473 1590 putes,
489 1553 598 1580 Macari.
612 1552 845 1586 Quemadmodum
859 1552 931 1579 enim
946 1560 961 1579 a
981 1555 1090 1580 terreno

1131 321 1201 353 δζον.
1221 323 1268 349 καὶ
1288 323 1481 358 αἰσθανόμενος
1497 324 1511 349 ὁ
1527 323 1604 358 ἅγιος
1619 324 1762 359 Μακάριος
1784 324 1833 359 τῆς
1854 324 1918 351 δυσ»

1131 367 1222 399 ωδίας,
1239 368 1392 394 συνέκλεισε
1406 369 1474 404 μετὰ
1484 368 1534 403 τῆς
1551 369 1619 401 ἰδίας
1633 369 1723 404 χειρὸς
1743 369 1805 400 τοὺς
1820 369 1916 396 ἑαυτοῦ

1133 412 1284 447 μυκτῆρας,
1299 412 1351 444 ἕως
1363 409 1393 440 οὗ
1411 413 1561 448 παρῆλθεν⁸
1582 414 1711 450 ἐποίησαν
1723 415 1751 441 δὲ
1766 415 1812 441 καὶ
1824 415 1848 441 οἱ
1865 415 1917 448 ἆγ-

1131 458 1204 493 γελοι
1214 458 1310 490 οὕτως.
1324 459 1370 485 καὶ
1383 458 1443 486 ίδὼν
1453 460 1466 486 ὁ
1477 459 1566 495 γέρων
1577 457 1652 486 εἶπεν
1664 460 1764 491 αὐτοῖς·
1779 461 1824 486 καὶ
1838 461 1918 495 ὑμεῖς

1131 505 1216 537 οὓτως
1233 505 1411 540 ὀσφραίνεσθε
1440 506 1488 542 τὴν
1503 505 1635 532 δυσωδίαν
1651 505 1698 532 τοῦ
1714 505 1833 540 κόσμου;
1848 507 1872 532 οἰ
1887 506 1916 532 δὲ

1132 549 1224 577 εἷπον·
1239 551 1318 584 οὐχὶ,
1334 550 1401 577 ἀλλά
1423 551 1452 577 σὲ
1474 551 1572 581 ἰδόντες
1592 551 1757 586 ἐποιήσαμεν
1775 551 1821 578 καὶ
1837 552 1917 586 ἡμεῖς

1132 595 1233 628 οὕτως·
1257 597 1337 631 ἡμεῖς
1361 596 1415 632 γὰρ
1438 596 1488 631 τῆς
1509 596 1640 627 δυσωδίας
1669 596 1716 622 τοῦ
1742 597 1844 632 κόσμου
1867 597 1916 623 οὐκ

1132 641 1331 676 αἰσθανόμεθα,
1349 641 1417 668 ἀλλὰ
1439 642 1488 676 τῆς
1510 640 1651 676 ὀξομενίας
1675 641 1728 668 τῶν
1749 642 1841 676 ψυχῶν
1862 641 1917 669 τῶν

1133 686 1301 722 ἁμαρτωλῶν
1317 687 1519 722 ὀσφραινόμεοα
1535 687 1629 722 μόνον,
1649 686 1679 713 ὃν
1699 687 1798 722 τρόπον
1819 688 1850 713 σὺ
1868 687 1918 722 τὴν

1132 733 1262 759 δυσωδίαν
1281 733 1328 759 τοῦ
1346 733 1513 768 θνησημαίου
1535 733 1629 759 τούτου
1653 733 1821 768 ἀποστρέφῃ.
1839 734 1885 760 καὶ
1903 735 1918 761 ὁ

1135 779 1221 814 γέρων
1232 778 1303 812 λέγει
1315 778 1415 810 αὐτοῖς’
1430 778 1579 814 γνωρίσατέ
1591 787 1646 814 μοι,
1658 779 1818 814 παρακαλῶ,
1827 779 1917 806 τοῦτο·

1133 826 1181 860 τῆς
1191 825 1325 856 δυσώδους
1336 825 1422 860 ψυχῆς
1431 825 1484 851 τῶν
1497 825 1666 860 ἁμαρτωλῶν
1678 825 1706 851 ὲν
1718 826 1751 860 τῇ
1765 824 1819 860 ζωῇ
1831 825 1917 861 ταύτῃ

1135 871 1332 906 αίσθάνεσθε,ῆ
1348 873 1416 905 μετά
1430 871 1543 898 θάνατον
1553 879 1560 903 ;
1572 871 1618 898 καὶ
1633 870 1689 902 πῶς
1702 871 1750 902 τὰς
1765 870 1852 905 ψυχὰς
1863 871 1918 898 τῶν

1135 916 1303 952 ἁμαρτωλῶν
1313 937 1320 948 ,
1336 915 1393 948 πῶς
1408 917 1436 943 δὲ
1452 917 1490 952 τῷ
1505 917 1590 952 κυρίῳ
1615 917 1830 943 πεπιστευκότων
1840 937 1848 949 ,
1862 916 1917 943 τῶν

1135 963 1250 996 ἁσεσῶν,
1264 962 1316 988 τῶν
1330 963 1367 998 μὴ
1379 963 1598 989 πεπιστευκότων
1611 963 1730 998 [δηέρετε
1744 962 1793 998 (1)]
1803 971 1810 994 ς
1822 963 1919 990 εἴπατε

1137 1017 1192 1043 μοι,
1212 1009 1237 1035 εἰ
1260 1005 1339 1043 εὖρον
1360 1009 1438 1043 χάριν
1455 1008 1568 1035 ἐνώπιον
1585 1008 1669 1043 ὑμῶν.
1695 1008 1743 1035 καὶ
1759 1009 1784 1034 οἱ
1810 1008 1918 1043 ἄγγελοι

1135 1052 1225 1080 εἷπον’
1244 1054 1369 1085 ἄκουσον,
1382 1054 1492 1080 ἐκλεκτὲ
1505 1054 1552 1081 τοῦ
1567 1053 1633 1080 Θεοῦ
1648 1054 1785 1089 Μακάριε.
1801 1055 1817 1088 ἡ
1830 1055 1919 1089 ἀμαρ-

1135 1099 1218 1132 τωλὸς
1232 1099 1304 1135 ψυχὴ
1319 1100 1366 1126 καὶ
1383 1099 1422 1127 ἔτι
1436 1097 1503 1126 οὖσα
1517 1101 1546 1126 ὲν
1559 1099 1598 1134 τῷ
1613 1099 1719 1134 σώματι
1735 1099 1784 1135 τὴν
1797 1099 1852 1126 τῶν
1868 1108 1918 1126 κα-

1136 1146 1192 1172 κῶν
1198 1145 1322 1181 πράξεων
1333 1146 1444 1179 όζωδίαν
1452 1145 1680 1180 ἀποδίδωσι,μετά
1690 1145 1718 1172 δὲ
1728 1145 1840 1172 θάνατον
1852 1144 1917 1171 πολὺ

1137 1191 1226 1218 πλέον.
1242 1192 1295 1218 τῶν
1309 1191 1363 1227 γὰρ
1381 1192 1504 1228 πράξεων
1520 1191 1644 1226 φανερῶς
1656 1190 1835 1226 ἐπικειμένων
1850 1191 1918 1226 αὐτῇ

1138 1237 1262 1264 σκοτοῦσι
1286 1238 1332 1266 καὶ
1350 1238 1476 1273 μελανίαν
1499 1238 1576 1273 δίκην
1596 1238 1663 1272 αὐτῇ
1683 1238 1882 1272 περισήπουσι·
1899 1237 1917 1272 ἡ

1137 1285 1190 1319 γὰρ
1203 1284 1276 1319 ψυχὴ
1289 1284 1349 1311 καθ’
1365 1285 1462 1320 ἑαυτὴν
1474 1284 1591 1319 φωτεινὴ
1607 1283 1653 1310 καὶ
1664 1283 1771 1319 καθαρά
1787 1283 1870 1315 ἐστιν,
1882 1282 1920 1314 ὡς

1137 1330 1184 1356 τοῦ
1202 1329 1334 1356 ἀθανάτου
1352 1329 1438 1363 φωτὸς
1455 1328 1614 1364 ἐμφύσημα·
1635 1328 1702 1354 ἀλλὰ
1717 1328 1747 1354 ὲν
1763 1327 1802 1363 τῷ
1817 1327 1920 1362 σώματι

1142 1376 1276 1410 γινομένη,
1295 1375 1342 1402 καὶ
1355 1376 1392 1410 μὴ
1407 1374 1496 1406 καλῶς
1511 1374 1576 1401 αὐτὸ
1590 1374 1763 1410 κυῦερνῶσα,
1780 1373 1922 1408 μολύνεται

1140 1421 1210 1448 κατὰ
1225 1421 1306 1456 μέρος
1323 1421 1355 1448 ὲκ
1368 1421 1416 1456 τῆς
1428 1421 1574 1455 ἁμαρτίας,
1584 1421 1601 1454 ἡ
1616 1420 1663 1455 μὲν
1675 1419 1765 1451 πλέον,
1777 1420 1793 1454 ἡ
1804 1419 1831 1445 δὲ
1845 1418 1922 1444 ἔλατ-

1139 1477 1194 1494 τον.
1209 1468 1240 1494 τὸ
1256 1467 1284 1494 δὲ
1300 1467 1358 1499 πῶς
1369 1468 1396 1494 al
1415 1466 1498 1501 ψυχαὶ
1511 1467 1543 1492 ὲκ
1557 1466 1611 1492 τῶν
1624 1465 1757 1500 σωμάτων
1774 1464 1924 1499 λαμϐάνον-

1140 1521 1184 1539 ται
1199 1512 1301 1539 πιστῶν
1311 1521 1340 1538 τε
1352 1512 1398 1538 καὶ
1411 1511 1540 1543 ἀπίστων,
1555 1511 1680 1542 ἄκουσον,
1689 1511 1735 1536 καὶ
1746 1510 1852 1537 πάντων
1865 1509 1926 1535 ἐπί-

1141 1566 1202 1593 γεια.
1220 1559 1236 1593 ἢ
1251 1557 1328 1584 κοινὰ
1342 1557 1488 1592 ἐλαχίστων
1517 1556 1555 1591 (2)
1573 1555 1626 1582 τῶν
1647 1555 1812 1591 ἐπουρανίων
1830 1554 1926 1589 νόμιζε

306 1608 370 1636 rege
377 1599 454 1626 missi
462 1599 593 1626 satellites
600 1597 633 1624 ad
642 1597 902 1632 apprehendendum
914 1597 1030 1632 aliquem
1043 1605 1089 1624 su-

1145 1602 1225 1636 sivat,
1236 1603 1373 1638 Μακάριε.
1389 1602 1482 1636 ὥσπερ
1494 1601 1547 1637 γὰρ
1558 1602 1590 1628 ὲκ
1602 1601 1649 1628 τοῦ
1659 1601 1779 1634 ἐπιγείου
1794 1599 1926 1634 βασιλέως

305 1645 498 1673 pervenientes
523 1643 565 1670 vel
594 1643 710 1670 invitum
730 1643 942 1678 constringunt;
959 1643 1010 1670 iste
1025 1650 1091 1670 vero

308 1691 405 1719 timore
426 1690 527 1721 tremit,
549 1689 690 1724 ipsamque
712 1689 829 1716 militum
851 1689 885 1716 ad
915 1689 966 1716 iter
988 1689 1015 1715 vi
1036 1693 1091 1716 tra—

307 1737 432 1764 hentium
447 1736 629 1771 praesentiam
646 1735 818 1762 exborresoit
829 1742 838 1762 :
848 1735 906 1770 pari
922 1735 1014 1766 modo,
1030 1743 1092 1762 cum

308 1783 454 1809 mittuntur
470 1781 558 1816 angeli
582 1781 700 1808 animam
719 1788 766 1807 seu
781 1780 847 1815 justi
865 1788 913 1807 seu
940 1781 1033 1816 injusti
1046 1788 1092 1807 ac-

307 1827 424 1862 cepturi,
441 1827 537 1854 timore
550 1827 642 1854 tremit
661 1826 722 1857 ista,
737 1826 877 1861 ipsamque
889 1826 1051 1853 terribilium
1065 1830 1094 1852 et

307 1873 512 1902 inclementium
525 1873 684 1908 angelorum
704 1872 885 1907 praesentiant
913 1871 1091 1900 exborrescit.

307 1919 384 1947 Tunc
395 1918 473 1946 facile
488 1918 562 1945 enim
581 1918 666 1945 sentit
684 1918 772 1945 anima
804 1918 912 1945 inanem
929 1925 999 1949 esse,
1015 1917 1094 1944 debi-

306 1965 361 1993 lem
375 1973 408 1992 ac
425 1965 550 1991 inutilem
575 1965 689 1991 omnino
713 1964 881 1997 divitiarum,
906 1968 1094 1999 cognatorum,

307 2015 388 2044 atque
410 2009 560 2037 amicorum
575 2010 697 2044 copiam;
720 2010 885 2038 adstantium
900 2009 1051 2045 lachrymas
1063 2017 1095 2036 ac

309 2054 422 2081 “uenias
458 2054 552 2081 videt:
586 2054 644 2088 ipsa
680 2061 745 2081 vero
776 2062 811 2081 ne
845 2054 958 2081 verbum
995 2054 1095 2080 mutire

309 2102 409 2134 potest,
419 2107 483 2126 eum
493 2107 632 2134 nunquam
654 2104 733 2127 antea
753 2100 887 2127 eiusmodi
909 2099 1096 2126 evocationem

309 2149 424 2180 experta
435 2145 519 2172 fuerit
530 2155 537 2179 ;
550 2146 616 2180 quin
625 2145 793 2173 etinlinitam
804 2146 874 2173 vitae
884 2146 1094 2181 longitudinem,

309 2190 502 2226 diversamque
531 2191 604 2220 vitae
629 2193 813 2220 instituendae
830 2193 961 2220 rationem
987 2193 1092 2220 metuit.

309 2236 493 2264 Contristatur
522 2237 605 2264 etiam
634 2238 836 2272 praesentium,
861 2246 977 2273 quorum
1014 2238 1092 2274 [Pag.

1143 1648 1366 1684 ἀποστελλόμενοι
1380 1647 1543 1683 στρατιῶται
1556 1647 1601 1673 ἐπὶ
1615 1645 1653 1682 τῷ
1667 1645 1838 1681 παραστῆσαι
1851 1653 1925 1676 τινα,

1142 1695 1264 1726 ἐλθόντες
1292 1694 1448 1728 συνέχουσιν
1474 1693 1553 1719 αὑτὸν
1580 1693 1625 1718 καὶ
1651 1692 1687 1727 μὴ
1711 1691 1830 1717 θέλοντα·
1854 1690 1868 1716 ὁ
1897 1690 1927 1717 δὲ

1143 1740 1328 1775 καταπτήσσει
1341 1739 1391 1774 μὲν
1400 1738 1440 1774 τῷ
1455 1738 1539 1772 φόϐῳ,
1552 1737 1646 1772 τρέμει
1659 1737 1687 1763 δὲ
1701 1736 1748 1763 καὶ
1761 1737 1809 1771 τὴν
1827 1744 1926 1770 παρουο

1144 1784 1204 1812 σίαν
1220 1785 1274 1811 τῶν
1286 1783 1455 1819 ἀσυμπαθῶς
1469 1783 1536 1817 πρὸς
1549 1782 1597 1816 τὴν
1615 1781 1766 1816 ὁδοιπορίαν
1783 1781 1924 1807 ἑλκόντων·

1142 1830 1213 1857 οὕτω
1227 1829 1274 1856 καὶ
1286 1830 1350 1856 ὅταν
1366 1827 1554 1855 ἀποσταλῶσιν
1574 1827 1681 1860 ἄγγελοι
1696 1826 1863 1862 παραλαϐεῖν
1877 1825 1927 1860 τὴν

1143 1875 1242 1911 ψυχὴν,
1256 1876 1311 1902 εἴτε
1320 1874 1434 1905 δικαίου,
1445 1875 1498 1900 εἴτε
1510 1872 1680 1908 ἀμαρτωλοῦ,
1693 1872 1878 1907 καταπτήσοει
1888 1870 1928 1905 τῷ

1144 1922 1234 1957 φόϐῳ,
1253 1921 1300 1948 καὶ
1317 1920 1412 1956 τρέμει
1427 1918 1477 1955 τὴν
1501 1919 1649 1954 παρουσίαν
1672 1918 1726 1945 τῶν
1742 1917 1865 1952 φοϐερῶν
1881 1918 1929 1944 καὶ

1145 1967 1289 2002 ἀποτόμων
1303 1966 1435 2000 ἀγγέλων.
1451 1965 1554 2000 καθορᾷ
1568 1964 1622 1999 γὰρ
1635 1964 1694 1990 τότε
1709 1965 1725 1998 ἡ
1740 1963 1812 1998 ψυχὴ
1827 1964 1931 1998 ἄπυρον

1145 2013 1192 2040 καὶ
1215 2012 1316 2047 ἀσθενῆ
1333 2012 1379 2039 καὶ
1393 2011 1520 2046 ἀνωφελῆ
1534 2010 1665 2037 πάντοθεν
1683 2009 1731 2045 τὴν
1750 2009 1796 2035 τοῦ
1814 2008 1930 2035 πλούτου

1145 2058 1192 2085 καὶ
1214 2057 1352 2092 συγγενῶν
1368 2057 1414 2084 καὶ
1430 2057 1514 2091 φίλων
1530 2055 1691 2092 παρουσίαν,
1716 2055 1750 2081 τὰ
1765 2055 1870 2090 δάκρυα
1884 2055 1931 2081 καὶ

1145 2105 1207 2136 τοὺς
1220 2104 1334 2140 θρήνους
1347 2103 1401 2130 τῶν
1413 2101 1600 2137 περιεστώτων
1613 2101 1777 2132 αἰσθάνεται,
1791 2100 1838 2128 καὶ
1848 2100 1929 2134 λαλῆο

1146 2159 1192 2177 σαι
1212 2150 1229 2185 ἢ
1253 2149 1361 2184 ἀφιέναι
1382 2149 1474 2184 φωνὴν
1485 2148 1515 2174 οὺ
1530 2147 1650 2178 δύναται,
1677 2146 1810 2180 μηδέποτε
1833 2154 1930 2179 πειρα-

1147 2197 1239 2223 σθεῖσα
1252 2195 1362 2231 τοιαύτῃ
1378 2195 1482 2228 κλήσει,
1497 2193 1599 2220 δέδοικε
1614 2192 1642 2219 δὲ
1658 2192 1704 2218 κα)⁴
1718 2192 1748 2218 τὸ
1760 2191 1870 2226 ἄπειρον
1882 2191 1930 2226 τῆς

1145 2241 1205 2269 ἐιδοῦ
1228 2242 1275 2268 καὶ
1294 2242 1342 2276 τὴν
1355 2240 1502 2275 ἐναλλαγὴν
1516 2239 1564 2274 τῆς
1577 2237 1725 2272 διαγωγῆς.
1747 2237 1888 2272 συνέχεται
1901 2236 1932 2262 δὲ

309 2281 373 2318 259]
388 2287 430 2310 est
445 2282 474 2309 in
487 2287 631 2318 potestate,
648 2283 807 2318 angelorum
832 2284 1014 2311 inelementia.
1032 2283 1089 2310 0m-

1148 2290 1194 2316 καὶ
1209 2289 1242 2323 τῇ
1258 2287 1312 2314 τῶν
1327 2287 1470 2322 ὁρωμένων
1486 2285 1622 2320 ἀρχόντων
1640 2283 1824 2318 ἀσυμπαθείᾳ·
1848 2291 1932 2318 προσ-

311 2327 394 2355 nibus
410 2328 477 2362 quin
494 2329 576 2356 etiam
603 2329 778 2363 compatitur,
797 2329 902 2364 ipsique
915 2329 1038 2364 corporis
1053 2329 1094 2356 in-

311 2372 442 2400 fortunio.
457 2372 576 2407 Hujusce
586 2374 787 2408 scparationem
797 2374 879 2405 dolet,
893 2373 927 2400 ab
938 2381 972 2400 eo
983 2373 1094 2408 quippe,

311 2418 355 2446 cui
380 2418 484 2454 jamdiu
500 2419 652 2451 consuevit,
676 2419 822 2455 disjuncta,
842 2427 904 2446 cum
935 2419 1043 2447 unicam
1065 2428 1097 2447 ac

311 2466 398 2492 solani
427 2465 652 2497 consolationem,
680 2473 749 2500 quae
774 2474 807 2492 ex
835 2466 945 2500 propria
975 2466 1097 2493 exoritur

311 2511 490 2542 conscientia,
505 2511 605 2538 habere
624 2520 678 2538 non
694 2511 788 2545 possit.
804 2511 856 2538 nisi
883 2511 968 2538 bonas
979 2512 1099 2539 actiones

312 2557 431 2584 coluisse
446 2557 498 2584 sibi
509 2557 619 2584 conscia
629 2557 723 2584 fuerit.
737 2557 811 2584 Talis
822 2557 912 2584 anima
920 2557 1001 2584 etiam
1021 2563 1098 2584 antc-

311 2610 393 2637 quam
407 2602 520 2629 sistatur
535 2601 632 2637 judici,
653 2610 668 2628 a
690 2601 860 2629 conscientia
873 2610 922 2628 sua
939 2601 1100 2628 indesinen-

313 2652 356 2675 ter
367 2647 516 2682 judicatur.
531 2647 603 2674 Dicit
625 2647 726 2674 iterant
750 2648 834 2674 abbas
860 2647 1098 2676 Macariuszltane

312 2694 397 2721 vero?
416 2694 523 2721 Domini
539 2694 601 2725 mei,
618 2693 645 2720 id
658 2694 725 2721 mihi
749 2694 830 2722 etiam
847 2695 1011 2729 explicatum
1022 2694 1095 2722 detis

310 2747 373 2768 oro.
389 2740 614 2775 Quandoquidem
632 2748 665 2767 ex
683 2741 806 2775 patribus
830 2741 958 2768 traditum
976 2746 1027 2773 est,
1045 2746 1098 2768 ter-

1149 2335 1248 2370 πάσχει
1262 2334 1289 2362 δὲ
1304 2333 1350 2360 καὶ
1369 2333 1439 2367 πρὸς
1453 2332 1557 2362 πάντας
1569 2331 1618 2365 (3),
1634 2330 1680 2357 καὶ
1693 2332 1726 2365 τῇ
1739 2329 1785 2356 τοῦ
1805 2329 1931 2364 σώματος

1150 2379 1308 2415 συμϐιώσει·
1324 2379 1371 2405 καὶ
1385 2378 1478 2413 θρηνεῖ
1493 2377 1541 2413 τὴν
1552 2377 1647 2403 τούτου
1657 2376 1810 2408 ἁπόζευξιν,
1823 2376 1861 2407 ὡς
1871 2376 1932 2402 τού-

1149 2435 1194 2453 του
1207 2427 1235 2452 ὲν
1251 2424 1378 2460 συνηθείᾳ
1392 2424 1561 2460 χωριζομένη
1573 2431 1580 2438 ·
1599 2423 1662 2457 μίαν
1675 2422 1721 2448 καὶ
1741 2422 1825 2456 μόνην
1842 2430 1932 2457 παρα-

1151 2472 1249 2507 μυθίαν
1263 2471 1300 2506 μὴ
1316 2470 1448 2505 δυναμένη
1464 2470 1535 2504 ἔχειν
1549 2471 1581 2495 ὲκ
1593 2468 1638 2494 τοῦ
1655 2469 1753 2495 οἰκείου
1772 2468 1931 2498 συνειδότος,

1148 2518 1172 2543 εἰ
1195 2517 1232 2552 μὴ
1255 2516 1302 2542 ἐὰν
1321 2515 1412 2542 καλῶν
1436 2513 1524 2550 ἔργων
1546 2514 1644 2549 πρᾷξιν
1661 2514 1743 2548 ἑαυτῇ
1766 2512 1895 2540 σύνοιδεν.
1915 2513 1932 2547 ἡ

1147 2562 1257 2596 τοιαύτη
1277 2561 1348 2596 ψυχὴ
1372 2561 1417 2586 καὶ.
1434 2560 1486 2595 πρὸ
1511 2559 1559 2594 τῆς
1585 2559 1748 2593 ἀποφάσεως
1768 2558 1813 2584 τοῦ
1838 2558 1932 2593 κριτοῦ

1147 2607 1201 2634 ἀπὸ
1210 2605 1256 2632 τοῦ
1269 2605 1417 2637 συνειδότος
1428 2604 1608 2634 ἀδιαλείπτως
1620 2603 1751 2639 κρίνεται.
1766 2604 1812 2630 καὶ
1823 2604 1836 2629 ὁ
1850 2603 1935 2634 αεϐἑς

1148 2651 1290 2686 Μακάριος
1310 2651 1384 2684 λέγει
1408 2649 1502 2676 πάλινο
1523 2649 1550 2675 τί
1564 2647 1627 2682 οὖν;
1646 2649 1734 2683 κύριοί
1757 2657 1820 2683 μου,
1839 2648 1936 2683 δέομαι

1150 2697 1235 2732 ὑμῶν,
1252 2696 1387 2723 καὶτοῦτο
1403 2695 1598 2731 ἑρμηνεύσει-τε·
1617 2694 1709 2730 ἐπειδὴ
1724 2696 1756 2721 ὲκ
1778 2695 1832 2720 τῶν
1852 2695 1937 2720 πατέ-

1152 2750 1205 2779 ρων
1218 2741 1397 2776 παραδέδοται
1411 2743 1439 2768 ὲν
1453 2742 1486 2776 τῇ
1506 2743 1529 2774 γ’
1553 2741 1645 2776 ἡμέρα
1669 2741 1716 2767 καὶ
1732 2741 1764 2773 τῆ
1788 2739 1814 2763 θ’
1831 2741 1878 2766 καὶ
1902 2741 1934 2769 τῆ

1054 2798 1178 2827 NOTAE.

349 2853 388 2891 (l)
403 2853 460 2891 Vol}
476 2853 543 2891 haec
557 2853 744 2891 in_MSA._aegre
761 2855 824 2891 legi~
836 2859 933 2891 potest.
959 2855 1046 2891 Forte'
1058 2854 1098 2882 le~

313 2887 433 2924 gendum
443 2887 621 2924 διακρίνεσθε.
639 2887 714 2924 [ιεέ.
733 2887 871 2924 διαιρέἵτε.
886 2889 1008 2924 Epiron].

350 2922 389 2956 (2)
413 2922 494 2949 Forte
521 2922 664 2956 legendum
692 2922 808 2957 ὰιίντως
835 2924 942 2958 ἐπίγεια
958 2922 1005 2950 καὶ
1022 2926 1097 2951 κοινᾶ

1152 2855 1297 2882 ἐλάττονα
1311 2855 1353 2882 vel
1369 2854 1590 2887 ὲλακιστότερα.

1187 2891 1225 2925 (5)
1239 2890 1308 2925 Lege
1321 2890 1394 2923 πρὸς
1404 2889 1510 2916 πάντα.
