2064 3152
126 164 178 192 389

532 165 576 192 DE
593 164 640 193 SS.
662 164 823 192 MACARIIS
842 163 1013 192 AEGYPTIO
1033 165 1076 192 ET
1097 164 1351 193 ALEXANDRINO.

1695 168 1747 195 390

130 223 154 257 μ’
167 222 370 258 προσφέρεσθαι
384 222 422 257 τῷ
443 222 501 258 Θεῷ
517 224 544 249 ἐν
558 224 592 257 τῇ
606 222 738 258 ἐκκλησίᾳ
752 222 910 258 προσφορὰν

967 221 997 248 tia
1023 226 1049 249 et
1066 230 1137 249 nona
1161 227 1188 249 et
1204 222 1410 257 quadragesima
1436 222 1480 249 die
1504 221 1668 249 oblationem
1697 230 1747 257 pro

128 269 196 302 ὑπὲρ
211 268 258 294 τοῦ
275 268 499 302 τελευτήσαντος,
518 268 545 294 τί
560 268 590 294 τὺ
604 268 703 303 Ιὖςρελος
718 269 750 294 ὲκ
767 268 862 294 τούτου
878 269 911 302 τῇ

129 315 292 349 μεταστάσει
313 313 350 348 (4)
376 314 449 349 ψυχῇ
470 314 594 348 γίνεται;
610 314 657 340 καὶ
673 315 686 339 ὸ
709 314 823 348 ἅγγελος
842 313 910 348 ἔφη·

126 360 202 386 οὐδὲν
219 360 326 395 ἀκέρως
338 359 377 394 (5)
389 360 449 386 οὐδὲ
465 360 610 394 ἀνωφελῶς
625 361 653 386 ἐν
668 361 701 395 τῇ
717 360 848 395 ἐκκλησίᾳ
864 359 913 385 αὑ-

127 406 173 432 τοῦ
185 405 373 441 συνεχώρησεν
385 408 401 432 ὁ
412 405 478 437 Θεὸς
489 406 622 440 γίνεσθαι,
637 405 704 433 ἀλλὰ
717 406 751 432 τὰ
764 405 914 441 ἐπουράνια

127 452 175 479 καὶ
190 453 225 479 τὰ
241 452 349 486 ἐπίγεια
367 452 447 478 αὑτοῦ
468 452 605 487 μυστήρια
620 453 649 478 ἐν
665 452 697 487 τῇ
715 451 848 486 ἐκκλησίᾳ
863 451 912 477 αὒ-

127 497 176 525 τοῦ
203 497 394 533 συνεχώρησεν
417 499 432 524 ὁ
456 497 523 530 Θεὸς
546 498 687 532 γίγνεσθαι
714 497 760 523 καὶ
787 496 913 522 ἐκέλευσε

129 544 273 571 τελεῖσθαι·
284 545 314 570 ἐν
323 544 377 579 γὰρ
385 545 417 579 τῇ
429 544 508 580 τρίτῃ
520 543 611 580 ἡμέρᾳ
623 543 786 578 γιγνομένης
796 551 914 578 προσφο-

131 591 181 626 ρᾶς
200 591 229 616 ἐν
253 591 285 625 τῇ
311 590 460 626 ἐκκλησία,
483 590 659 625 παραμυθίαν
677 590 727 624 τῆς
751 588 875 624 θλίψεως,
895 585 913 624 ᾖ

129 636 306 672 ἀπεχωρίσθη
321 636 368 662 τοῦ
383 635 519 671 σώματος,
537 635 643 671 δέχεται
664 637 681 671 ἡ
697 635 770 670 ψυχὴ
791 635 840 669 μὲν
863 635 911 661 θα-

128 683 211 709 νοῦσα
224 682 299 717 παρὰ
313 681 361 708 τοῦ
375 683 530 717 συνέχοντος
546 682 629 717 αὐτὴν
644 681 769 715 ἀγγέλου,
783 682 825 708 ὃτι
839 680 914 707 εὐλό-

129 737 210 765 γησις
224 729 271 755 καὶ
285 727 428 764 προσφορὰ
443 728 513 762 ὑπὲρ
528 727 612 762 αὐτῆς
629 728 657 754 ὲν
668 728 702 762 τῇ
717 727 849 762 ἐκκλησίᾳ
867 727 913 753 τοῦ

127 773 197 800 Θεοῦ
213 773 457 808 προσκεκόμισται,
471 772 518 798 καὶ
532 771 640 804 εὔελπις
654 771 758 806 γίνεται
773 772 801 798 ὲν
815 771 911 807 τούτῳ.

128 819 177 850 τὰς
189 819 245 854 γὰρ
261 818 307 845 δύο
324 818 431 853 ἡμέρας
448 819 628 853 συγχωρείται
646 818 664 853 ἡ
680 817 754 853 ψυχὴ
778 817 838 853 ἅμα
858 819 913 850 τοῖς

130 865 255 892 συνοῦσιν
270 865 338 900 αὐτῇ
357 864 481 899 ἀγγέλοις
502 863 682 899 πορεύεσθαι,
699 863 764 890 ἔνθα
778 863 913 899 βούλεται,

129 911 177 938 ἐπὶ
193 911 244 946 τῆς
263 911 324 945 γῆς.
351 911 368 945 ἡ
390 908 437 936 οὖν
461 909 650 944 φιλοσώματος
675 908 748 944 ψυχὴ
766 909 915 945 ἀπέρχεται

130 956 196 983 ποτὲ
212 956 262 991 μὲν
283 956 347 991 περ)¹
366 955 412 982 τὸν
425 953 508 988 οἷκον,
525 954 589 982 ἔνθα
608 954 776 990 ἁπεζεύχθη,
798 956 863 981 ποτὲ
886 955 915 981 δὲ

130 1003 194 1037 περὶ
203 1002 235 1029 τὸ
251 1001 354 1037 μνῆμα,
369 1001 436 1028 ὅπου
455 1001 586 1036 κατετέθη
604 1001 635 1027 τὸ
650 1001 745 1035 σῶμα,
760 1001 807 1027 καὶ
828 1000 915 1032 οὕτως

129 1048 235 1075 ὲκτελεῖ
251 1047 301 1079 τὰς
315 1047 362 1073 δύο
378 1046 485 1082 ἡμέρας
501 1046 737 1082 ζητοῦσα;,ὦσπερ
756 1046 850 1082 ὄρνεον
876 1046 914 1083 (6)

129 1095 179 1129 τὴν
193 1093 284 1121 νοσιὰν
302 1093 340 1128 (Ἰ)
354 1093 447 1128 αὐτῆς.
462 1094 480 1128 ἡ
494 1092 523 1119 δὲ
540 1092 665 1128 ἐνάρετος
681 1092 754 1128 ψυχὴ
767 1093 915 1127 ἀπέρχεται

130 1140 171 1171 εις
183 1139 292 1170 τόπους,
309 1138 375 1164 ὅπου
394 1135 450 1172 εἷχε
467 1136 608 1172 συνήθειαν
628 1135 792 1171 ἐργάζεσθαι
811 1135 860 1170 τὴν
878 1135 917 1162 δι-

130 1185 289 1220 καιοσύνην.
318 1185 351 1218 τῇ
377 1183 405 1210 δὲ
427 1183 507 1219 τρίτῃ
529 1183 621 1218 ἡμέρᾳ
645 1181 826 1218 [ἀνυτοῦσθαι
855 1181 916 1216 (8)]

129 1230 236 1257 κελεύει
254 1229 330 1265 πάσῃ
343 1229 417 1264 ψυχῇ
435 1227 605 1264 Χριστιανῶν
625 1228 665 1258 εις
679 1227 808 1262 οὐρανοὺς
823 1227 855 1253 ἐκ
874 1234 917 1253 νε-

129 1276 205 1312 κρῶν
227 1275 347 1306 ἀναστὰς
368 1275 401 1309 τῇ
425 1274 505 1309 τρίτῃ
528 1273 621 1308 ἡμέρᾳ
640 1272 757 1308 Χριστὸς
778 1273 792 1298 ὁ
809 1272 916 1299 πάντων

129 1322 215 1353 Θεὸς,
239 1320 310 1348 κατὰ
334 1320 449 1356 μίμησιν
474 1319 524 1354 τῆς
553 1318 635 1345 αὑτοῦ
660 1318 850 1351 ἀναστάσεως,
877 1319 917 1351 είς

129 1367 318 1402 προσκύνησιν
341 1365 389 1392 τοῦ
417 1364 484 1392 Θεοῦ
509 1365 564 1392 τῶν
589 1364 726 1405 ἁπάντων.
755 1365 845 1396 καλῶς
871 1363 917 1391 οὖν

129 1415 241 1449 κατέχει
253 1414 271 1448 ἡ
285 1412 416 1448 ἐκκλησία
432 1413 465 1447 τῇ
485 1411 564 1447 τρίτῃ
585 1411 678 1447 ἡμέρᾳ.
694 1410 852 1446 προσφορὰν
870 1411 918 1438 καὶ

130 1460 214 1495 εὐχὴν
229 1457 364 1485 ποιεῖσθαι
377 1457 447 1493 ὑπὲρ
462 1458 510 1492 τῆς
526 1456 623 1492 ψυχῆς.
641 1457 710 1492 μετᾶ
723 1454 769 1483 οὖν
783 1457 813 1483 τὸ
833 1465 918 1492 προσ-

131 1505 245 1540 κύνησει
261 1505 299 1539 (9)
321 1504 366 1530 τὸν
385 1503 451 1529 Θεὸν
477 1503 581 1537 γίνεται
598 1502 721 1534 κέλευσις
742 1503 809 1538 παρ’
823 1502 916 1535 αὑτοῦ,

127 1551 202 1577 ὥστε
218 1549 404 1584 ἐπιδειχθῆναι
423 1548 492 1584 αὑτῇ
508 1548 557 1580 τὰς
569 1547 714 1583 διαφόρους
735 1548 782 1575 καὶ
798 1548 917 1584 τερπνὰς

131 1596 236 1631 σκηνὰς
246 1595 300 1622 τῶν
310 1595 395 1629 ἁγίων
406 1595 452 1621 καὶ
460 1594 509 1629 τὴν
517 1593 564 1620 τοῦ
576 1593 739 1629 παραδείσου
751 1594 915 1629 ὡραιότητα.

130 1641 281 1669 καὶταῦτα
296 1640 385 1668 πάντα
407 1639 609 1675 καταμανθάνει
629 1640 646 1674 ἡ
662 1638 736 1675 ψυχὴ
748 1639 778 1672 ἐξ
801 1639 918 1674 ἡμέραις

130 1687 312 1723 θαυμάζουσα
327 1687 374 1713 καὶ
393 1684 540 1720 δοξάζουσα
559 1685 605 1712 τὸν
622 1685 802 1720 εὐτρεπιστὴν
815 1684 917 1711 τούτων

130 1734 216 1760 θεόν’
228 1732 373 1760 καὶταῦτα
389 1732 478 1759 πάντα
498 1731 637 1766 θεωροῦσα
657 1731 674 1766 ἡ
690 1730 763 1766 ψυχὴ
780 1729 916 1765 μεταὸάλ-

130 1780 208 1806 λεται
227 1778 276 1806 καὶ
295 1777 501 1804 ἐπιλανθάνεται
514 1777 563 1811 τῆς
585 1775 711 1810 θλίψεως,
729 1773 820 1811 ἧσπερ
845 1773 917 1810 εἶχεν

130 1826 163 1852 ἐν
174 1824 214 1860 τῷ
223 1824 332 1860 σώματι
345 1821 422 1850 οὖσα.
436 1822 482 1849 ἐὰν
493 1822 521 1848 δέ
532 1823 590 1848 ἐστι
602 1822 631 1848 ἐν
642 1821 789 1856 ἁμαρτίαις
803 1820 918 1847 ὑπεύθυ-

129 1879 186 1904 νος,
203 1869 344 1906 θεωροῦσα
365 1869 415 1901 τὰς
437 1868 601 1899 ἀπολαύσεις
624 1868 676 1894 τῶν
695 1867 780 1901 ἁγίων
805 1866 917 1902 ἄρχεται

130 1917 279 1944 λυπεῖσθαι
295 1915 341 1943 καὶ
364 1914 578 1949 καταγινώσκειν
601 1913 711 1949 ἐαυτὴν,
729 1912 860 1946 λέγουσα·
886 1910 918 1938 Οῐ

131 1972 198 1999 μοι,
216 1962 276 1994 πῶς
292 1961 464 1997 ἐματαιώθην
479 1961 508 1987 ὲν
522 1959 559 1995 τῷ
579 1959 676 1994 κόσμῳ
693 1957 799 1993 ἐκείνῳ,
816 1958 845 1984 ἐν
859 1959 917 1989 ταῖς

131 2008 296 2043 ἐπιθυμίαις
315 2007 362 2035 τοῦ
383 2007 441 2042 βίου
465 2005 655 2041 ἀσχοληθεῑσα.
676 2005 707 2031 τδ
728 2004 852 2030 πλεῖστον
870 2004 917 2030 τοῦ

132 2054 192 2090 βίου
202 2054 359 2088 ἐδαπάνησα
368 2052 397 2078 ἐν
404 2052 527 2088 ἀμελείᾳ,
538 2051 584 2078 καὶ
595 2051 645 2077 οὐκ
656 2049 799 2077 ἐδούλευσα
808 2049 847 2085 τῷ
858 2048 918 2084 Θεῷ

131 2100 205 2127 κατᾶ
219 2100 250 2126 τὸ
273 2099 378 2135 πρέπον
389 2118 396 2129 ,
413 2099 487 2130 ὅπως
512 2097 589 2132 κάγὼ
606 2096 724 2132 ἠξιώθην
740 2097 789 2131 τῆς
809 2097 918 2132 χάριτος

131 2147 181 2175 καὶ
194 2148 244 2181 τῆς
257 2145 336 2180 δόξης
350 2145 462 2180 ταύτης.
478 2141 504 2170 οἷ
518 2152 563 2179 μοι
577 2144 610 2178 τῇ
626 2142 716 2177 ἀθλία,
729 2142 769 2168 ἔτι
786 2151 831 2178 μοι
847 2151 917 2178 crop.

131 2191 276 2218 ὃάλλονται
284 2191 312 2217 αἱ
324 2190 461 2225 φροντίδες
472 2189 518 2215 καὶ
526 2189 540 2215 ὁ
550 2187 597 2215 ἄκε
603 2195 647 2220 ρος
660 2187 716 2222 (10)
729 2188 919 2222 περισπασμὸς

966 272 1075 295 mortuo
1090 268 1116 295 in
1127 269 1244 296 ecclesia
1260 269 1315 295 Deo
1330 268 1417 300 reddi,
1433 268 1498 303 quid
1515 268 1639 296 utilitatis
1650 268 1748 296 eximie

966 315 1071 341 animae
1097 315 1125 341 in
1152 315 1228 342 exitu
1256 314 1415 342 redundat?
1440 314 1514 340 Dixit
1536 315 1647 349 angelus
1676 325 1681 341 :
1703 315 1748 342 Nil

966 360 1148 395 inopportune
1173 369 1262 396 neque
1277 360 1410 387 inutiliter
1435 360 1462 387 in
1491 360 1607 388 ecclesia
1621 369 1670 388 sua
1688 360 1748 388 ﬁeri

966 406 1102 433 concessit
1128 406 1210 438 Deus,
1241 406 1370 434 coelestia
1396 414 1464 432 vero
1479 411 1506 433 et
1530 410 1639 435 terrena
1662 406 1748 441 ipsius

966 452 1096 487 mysteria
1116 452 1143 479 in
1158 452 1274 480 ecclesia
1293 460 1341 479 sua
1355 452 1414 479 ﬁeri
1428 453 1563 479 concessit
1573 452 1645 480 Deus
1659 457 1687 479 et
1706 460 1749 479 ee.

966 497 1067 525 lebrari
1090 499 1182 534 jussit.
1201 498 1294 526 Tertio
1321 499 1395 526 enim
1424 497 1469 525 die
1494 498 1564 525 facta
1589 498 1617 524 in
1634 498 1750 527 ecclesia

966 544 1104 572 oblatione
1115 545 1240 572 levamen
1251 545 1364 577 doloris,
1382 552 1464 580 quem
1477 552 1492 571 a
1503 551 1618 579 corpore
1626 548 1757 578 separata

966 591 1061 623 subiit,
1070 591 1105 618 ab
1115 592 1211 627 angelo
1221 591 1306 626 ipsam
1317 591 1540 626 apprehendente
1553 590 1652 624 accipit
1661 590 1751 618 anima

966 636 1104 669 defuncta,
1123 637 1252 671 quoniam
1268 637 1416 672 gratiarum
1430 636 1502 664 actio
1528 641 1557 663 et
1581 635 1682 662 oblatio
1701 643 1751 670 pro

967 683 1024 717 ipsa
1039 683 1066 709 in
1077 683 1194 710 ecclesia
1204 683 1252 710 Dei
1263 687 1393 718 apparata
1408 687 1468 715 est;
1481 687 1510 710 et
1521 682 1621 710 exinde
1650 682 1750 709 bonam

966 736 1042 763 spem
1057 728 1178 763 concipit
1197 728 1297 755 anima.
1313 729 1366 755 Per
1385 727 1454 755 duos
1468 727 1542 754 enim
1561 726 1621 754 dies
1634 726 1750 760 permit-

968 773 1034 801 titur
1053 775 1169 806 animae,
1180 775 1214 801 ab
1224 774 1326 809 angelis
1343 774 1385 801 sui
1399 773 1562 801 satellitibus
1578 773 1704 807 stipatae,
1723 772 1752 799 in

968 824 1050 852 terra,
1065 820 1222 855 ubicunque
1231 820 1307 852 velit,
1321 819 1506 847 obambulare.
1534 819 1609 852 Quae
1628 819 1751 852 corporis

968 864 1050 900 igitur
1067 865 1154 892 amori
1176 864 1328 899 mancipata
1350 868 1393 891 est
1414 863 1514 895 anima,
1535 862 1681 898 aliquando
1700 862 1750 889 do-

967 918 1052 942 mum,
1077 919 1093 938 a
1110 918 1164 945 qua
1191 915 1316 945 separata
1339 904 1391 942 est,
1422 910 1654 943 circumvagatur,
1681 915 1750 934 non-

967 964 1105 991 nunquam
1122 956 1308 991 sepulchrum,
1329 956 1358 982 in
1371 962 1425 990 quo
1444 954 1614 981 reconditum
1627 958 1670 981 est
1689 962 1751 980 cor-

965 1009 1034 1035 pus;
1046 1005 1074 1029 et
1092 1002 1126 1029 ad
1143 1002 1216 1029 hunc
1232 1002 1344 1029 modum
1369 1000 1482 1027 biduum
1498 1000 1591 1035 exigit,
1605 1005 1700 1034 portus
1717 1000 1752 1027 ad

966 1048 1052 1075 instar
1067 1048 1183 1075 cadaver
1194 1056 1274 1075 suum
1291 1055 1436 1082 quaerens.
1457 1048 1504 1075 Pia
1524 1055 1590 1074 vero
1608 1047 1698 1074 anima
1717 1047 1752 1073 ad

966 1094 1050 1125 locos,
1064 1093 1092 1121 in
1108 1094 1210 1128 quibus
1227 1093 1359 1129 justitiam
1376 1093 1486 1129 operari
1513 1092 1664 1125 consuevit,
1682 1092 1750 1120 abit.

967 1139 1060 1166 Tertio
1078 1143 1170 1167 autem
1184 1139 1229 1166 die
1242 1146 1338 1166 omnes
1358 1138 1577 1166 Christianorum
1596 1138 1700 1166 animas
1716 1138 1751 1165 ad

967 1184 1057 1212 coelos
1074 1184 1173 1212 adduci
1196 1185 1283 1220 jubet,
1309 1184 1356 1219 qui
1377 1183 1422 1212 die
1451 1185 1532 1212 tertio
1547 1192 1562 1211 e
1576 1184 1692 1212 mortuis
1706 1193 1751 1211 rc-

967 1230 1095 1262 surrexit,
1105 1229 1231 1258 Christus
1238 1230 1361 1258 omnium
1372 1230 1454 1262 Deus,
1473 1234 1503 1257 ut
1521 1229 1752 1257 resurrectionem

967 1276 1052 1311 ipsius
1064 1276 1186 1304 imitatae
1196 1276 1281 1303 Deum
1295 1276 1417 1303 omnium
1425 1280 1613 1303 creaturarum
1626 1274 1750 1303 adorent.

968 1322 1040 1349 Bene
1052 1321 1246 1357 igiturmorem
1262 1322 1345 1349 istum
1369 1321 1471 1348 retinet
1493 1321 1619 1353 ecclesia,
1631 1326 1662 1348 ut
1674 1321 1751 1348 obla-

968 1368 1070 1395 tionem
1096 1372 1124 1395 et
1141 1367 1293 1395 orationem
1306 1367 1352 1395 die
1372 1367 1452 1395 tertio
1479 1375 1529 1402 pro
1549 1367 1638 1394 anima
1661 1367 1751 1395 faciat.

968 1413 1032 1441 Post
1052 1413 1194 1441 adoratum
1219 1413 1301 1448 igitur
1325 1412 1458 1440 Deumab
1477 1412 1523 1439 illo
1546 1411 1700 1443 mandatur,
1724 1415 1754 1438 ut

968 1459 1078 1487 diversa
1096 1467 1264 1494 amoenaque
1288 1463 1445 1486 sanctorum
1461 1458 1617 1486 habitacula
1638 1462 1666 1485 et
1675 1465 1755 1492 para—

969 1504 1021 1532 disi
1046 1504 1222 1539 pulehritudo
1243 1504 1350 1532 animae
1376 1503 1565 1531 ostendantur.
1589 1503 1642 1531 Ista
1662 1503 1754 1531 omnia

969 1550 1099 1585 perdiscit
1115 1550 1206 1577 anima
1222 1558 1270 1577 sex
1283 1550 1395 1585 integris
1414 1550 1511 1577 diebus
1522 1550 1607 1577 Deum
1630 1549 1754 1577 omnium

970 1596 1142 1624 conditorem
1157 1596 1297 1624 admirans
1306 1601 1334 1624 et
1348 1596 1516 1624 collaudans.
1536 1596 1583 1623 Illa
1601 1596 1693 1624 omnia
1713 1596 1755 1624 vi-

970 1642 1039 1670 dens
1065 1642 1157 1670 anima
1180 1642 1329 1676 derepente
1354 1644 1476 1670 mutatur
1503 1645 1531 1669 et
1562 1628 1663 1670 doloris
1691 1641 1752 1675 sui,

970 1695 1051 1722 quem
1062 1688 1090 1714 in
1103 1695 1218 1722 corpore
1232 1687 1321 1722 posita
1331 1687 1499 1722 patiebatur,
1511 1687 1694 1716 obliviscitur.
1705 1687 1754 1716 Sin

970 1741 1036 1761 vero
1050 1733 1169 1768 peccatis
1183 1733 1301 1761 obnoxia
1319 1733 1364 1765 sit,
1378 1740 1441 1760 cum
1461 1737 1616 1761 sanctorum
1630 1734 1754 1769 voluptav

971 1783 1011 1806 tes
1026 1779 1110 1811 videt,
1121 1777 1278 1806 contristari
1301 1777 1473 1812 scipsamque
1487 1777 1669 1805 condemnare
1683 1777 1753 1804 inci~

970 1823 1011 1858 pit
1022 1822 1179 1858 hujusmodi
1193 1822 1250 1850 fere
1273 1821 1366 1849 verbis
1391 1829 1438 1848 usa
1454 1830 1460 1847 :
1479 1821 1529 1848 Hei
1544 1821 1630 1848 mihi!
1651 1826 1754 1856 quanta

970 1869 999 1896 in
1016 1869 1062 1896 illo
1076 1868 1179 1896 mundo
1201 1867 1323 1895 laboravi
1345 1868 1481 1901 stultitia,
1504 1868 1532 1895 in
1557 1867 1754 1902 cupiditatibus

971 1915 1042 1942 vitae
1064 1919 1205 1949 occupata.
1220 1913 1363 1941 Maximam
1387 1913 1459 1941 vitae
1484 1918 1590 1948 partem
1606 1914 1754 1941 oscitanter

971 1961 1078 1993 decoxi,
1092 1968 1182 1995 neque
1198 1960 1266 1992 Deo,
1282 1959 1321 1986 uti
1337 1967 1386 1994 par
1397 1964 1468 1991 erat,
1478 1959 1588 1991 servivi,
1606 1963 1637 1986 ut
1659 1964 1686 1987 et
1697 1959 1754 1994 ipsa

970 2004 1085 2039 gratiam
1097 2004 1265 2039 gloriamque
1291 2003 1369 2031 istam
1387 2011 1579 2038 consequerer.
1612 2004 1667 2032 Vae
1686 2005 1754 2031 mihi

971 2051 1087 2078 miserae
1098 2059 1107 2084 ;
1118 2050 1209 2077 adhuc
1224 2049 1316 2076 animo
1330 2057 1390 2076 meo
1401 2049 1520 2076 insident
1537 2057 1619 2077 curae
1631 2054 1659 2077 et
1679 2050 1752 2085 [Pag.

971 2096 1033 2132 260]
1047 2096 1237 2133 intempestiva
1252 2095 1416 2128 sollicitudo,
1439 2095 1539 2130 quibus
1550 2095 1596 2123 illo
1608 2096 1637 2123 in
1652 2097 1755 2124 mundo

950 2143 1132 2171 edistinebar.
1158 2141 1228 2175 Quid
1258 2141 1325 2168 mihi
1344 2142 1398 2176 jam
1424 2145 1538 2176 prosunt
1562 2142 1652 2169 vineta
1665 2162 1671 2174 ,
1686 2150 1756 2177 quae

972 2189 1103 2224 plautavi,
1118 2192 1147 2216 et
1171 2188 1293 2216 oliveta?
1312 2188 1421 2222 qualem
1445 2195 1512 2215 vero
1531 2188 1598 2215 mihi
1609 2189 1756 2216 utilitatem

131 2237 165 2265 ὃν
190 2234 264 2271 εἶχον
293 2237 322 2262 ὲν
349 2235 387 2270 τῷ
420 2235 535 2269 κόσμῳ.¹
557 2233 609 2260 ποῦ
639 2233 667 2259 δέ
699 2242 743 2268 μοι
767 2234 918 2269 χρησιμεύ-

972 2233 1104 2266 conferet,
1134 2240 1215 2268 quem
1233 2232 1354 2267 possedi,
1376 2232 1461 2267 ager?
1489 2232 1561 2266 Quid
1581 2233 1691 2260 demum
1711 2234 1756 2261 hic

131 2291 195 2310 ουσι
210 2283 235 2308 ot
249 2281 418 2317 ἀμπελῶνες,
435 2279 481 2312 οὓς
496 2280 642 2314 ἐφύτευσα,
661 2279 708 2305 καὶ
728 2279 752 2305 οἱ
775 2279 918 2313 ὲλαιῶνες;

973 2280 1041 2308 mihi
1054 2280 1178 2315 proderit
1193 2279 1253 2308 auri
1265 2279 1391 2315 pondus?
1400 2283 1448 2306 aut
1458 2279 1538 2313 quale
1557 2279 1624 2306 mihi
1636 2287 1756 2307 commo—

132 2328 215 2355 ποίαν
237 2327 266 2354 δέ
290 2336 335 2362 μοι
359 2326 492 2362 ὠφελείαν
520 2325 682 2361 παρέξεται,
704 2325 733 2351 ὂν
760 2326 919 2360 ἐκτησάμην

972 2326 1037 2354 dum
1056 2326 1148 2354 hocin
1179 2326 1240 2353 loco
1261 2325 1365 2352 dabunt
1387 2324 1519 2352 divitiae?
1534 2324 1588 2352 Aut
1609 2332 1756 2359 quamnam

132 2374 236 2410 ἀγρόν;
270 2373 297 2399 τί
324 2373 353 2400 δέ
385 2381 431 2407 μοι
463 2372 602 2407 ὼφελεῖτὺ
618 2371 717 2407 [ἐθνοῦ]
730 2372 787 2398 ἐκεῖ
798 2371 918 2407 χρυσίον;

973 2371 1040 2398 mihi
1053 2371 1199 2398 utilitatem
1216 2370 1437 2398 aﬂeruntomnes
1449 2370 1523 2397 vitae
1539 2374 1567 2397 et
1581 2370 1758 2397 mundiillius

133 2422 211 2447 ποῖον
226 2420 255 2447 δέ
269 2428 313 2455 μοι
329 2419 425 2454 ὄφελος
437 2418 551 2454 παρέχει
564 2418 578 2445 ὁ
594 2417 708 2448 πλοῦτος
727 2418 832 2449 ἐκεῖσε;
852 2417 878 2443 τί
891 2417 919 2443 δέ

969 2417 1175 2453 jucunditates?
1188 2416 1312 2443 Heimihi
1325 2417 1331 2443 ι
1343 2415 1574 2443 frustralaboravi
1586 2424 1593 2448 ;
1610 2416 1654 2443 hei
1668 2416 1735 2443 mihi
1748 2418 1755 2443 !

135 2475 182 2502 μοι
204 2466 284 2501 ὗνησι
305 2466 359 2492 πᾶν
384 2464 500 2499 τερπνὸν
523 2463 571 2490 τοῦ
596 2463 653 2498 βίου
676 2464 722 2490 καὶ
746 2462 793 2489 τοῦ
817 2463 918 2498 κόσμου

974 2462 1046 2498 quod
1065 2463 1148 2490 stulte
1170 2462 1294 2490 vixerim.
1319 2462 1369 2489 Hei
1397 2462 1482 2489 mihi!
1508 2462 1597 2497 exigui
1627 2463 1758 2496 temporis

132 2511 259 2545 ἐκείνου;
280 2509 307 2538 οἵ
332 2520 394 2546 μοι,
416 2511 456 2542 είς
476 2510 563 2545 μάτην
585 2509 731 2536 ἐκοπίασα·
754 2507 779 2536 οἵ
797 2518 857 2545 μοι,
881 2510 922 2536 ὅτι

970 2508 1085 2543 gloriam
1104 2508 1202 2540 amavi,
1217 2513 1356 2536 aeternam
1376 2513 1563 2543 paupertatem
1577 2508 1694 2535 obtinui.
1707 2508 1757 2536 llci

132 2559 261 2594 ἀφρόνως
281 2558 391 2584 ἐϐίωσα·
407 2555 432 2583 οί
452 2565 506 2591 μοι,
526 2555 575 2591 τὴν
597 2556 626 2581 ἐν
644 2555 726 2590 ὀλίγῳ
741 2555 830 2590 καιρῷ
845 2555 923 2586 δόξαν

971 2554 1057 2581 mihi!
1075 2554 1141 2588 quid
1157 2562 1236 2589 passa
1252 2554 1332 2582 sum?
1346 2555 1401 2582 Vae
1413 2554 1480 2581 mihi
1493 2555 1499 2580 l
1528 2554 1666 2588 quomodo
1677 2554 1756 2581 obte-

132 2605 278 2640 ἡγαπησα.
299 2604 348 2639 τὴν
364 2602 476 2630 αἰωνίαν
495 2601 616 2636 πτωχίαν
637 2601 805 2636 ἐκτησάμην
819 2599 845 2627 οἵ
866 2609 912 2635 μοι

972 2599 1086 2626 nebrata
1101 2599 1248 2627 sum?Non
1265 2601 1411 2628 novisane.
1427 2599 1482 2627 Vae
1494 2599 1680 2627 mihilNuIIus
1688 2599 1756 2628 mihi

878 2677 1002 2705 NOTAE.

1015 2736 1139 2775 (8)_V:ox
1156 2736 1233 2775 _haee
1246 2771 1250 2775 _
1262 2736 1288 2762 in
1305 2736 1366 2775 ινδ.-
1384 2736 1427 2762 vix
1438 2770 1444 2775 _
1461 2736 1512 2775 legi
1536 2735 1757 2775 potestLt‘orsan

979 2770 1141 2804 ἁνοροῦσθαι
1156 2771 1268 2806 legenda
1282 2775 1332 2806 est.
1344 2771 1410 2806 (Leg
1428 2770 1621 2805 ἀνυψοῦσθαι
1635 2770 1755 2799 Ennium.

1014 2806 1051 2840 (θ)
1065 2806 1136 2841 Lege
1152 2805 1371 2840 προσκυνῆσαι.

1014 2840 1069 2871 (10)
1085 2840 1156 2877 Lege
1187 2840 1318 2875 lixa/por.

182 2740 210 2773 4)
228 2740 301 2776 Lege
314 2741 349 2767 ὲν
368 2741 402 2775 τῇ
421 2739 595 2774 μεταστάσει.
606 2737 638 2774 (Γ.
653 2738 817 2775 μεταστάσει.
834 2737 921 2772 Eam]

182 2776 210 2810 5)
228 2775 299 2810 Lege
317 2775 457 2808 ἀκαίρως.

183 2809 211 2844 6)
225 2809 326 2838 Forsan
339 2809 440 2844 ὅρμον.

184 2843 211 2879 τ)
226 2845 327 2872 Forsan
348 2843 488 2871 νοσσιὰν.
507 2843 535 2871 Si
558 2844 630 2878 legas
643 2843 734 2880 ὄρνεον
743 2843 791 2879 τὴν
804 2843 922 2874 νοσσιὰν,

136 2879 230 2910 vertas
251 2881 315 2907 sicut
329 2881 383 2907 auis
400 2879 490 2906 nidum
510 2887 647 2914 quaerens.
