2064 3152
334 155 384 183 391
945 153 978 181 10
1004 153 1149 181 ALBERT.

1140 156 1151 180 ‘.
1169 154 1348 183 FABRICIUS
1907 153 1955 181 59'!

333 215 464 243 auxilium
480 214 550 239 l'errc
566 217 663 247 potest.
679 217 709 239 ut
727 217 754 239 et
770 220 819 247 ego
841 212 923 240 ctiam
943 213 1042 239 misera
1060 213 1113 240 Do-
1129 216 1148 243 Λ

1139 213 1193 242 ιτί
1216 214 1354 246 πεπονοα;
1378 213 1438 240 οὐαί
1456 222 1518 248 μοι,
1543 212 1602 244 πῶς
1619 211 1796 246 ἐσκοτίσθην;
1816 211 1867 238 οὐκ
1889 208 1954 238 οἶδα.

334 261 399 288 mini
413 260 524 295 gloriam
544 266 705 292 consequar.
720 259 864 292 Postquam
882 262 967 285 totum
980 259 1117 294 justorum

1169 260 1229 286 οὐαί
1243 268 1304 295 μοι,
1322 259 1409 291 οὐδεὶς
1430 259 1573 294 δυνήσεται
1592 259 1640 285 νῦν
1659 256 1790 293 βοηθῆσαί
1808 265 1871 292 μοι,
1885 256 1956 288 ὅπως

333 306 462 342 gaudium
473 312 520 332 sex
530 304 628 331 diebus
646 304 735 331 anima
752 304 955 338 iuspeetaverit,
977 313 1073 332 rursus
1082 305 1116 332 ab

1169 305 1246 339 κάγὼ
1268 306 1284 341 ἡ
1306 304 1385 331 ἀθλία
1406 304 1479 339 τύχω
1494 305 1544 340 τῆς
1555 304 1634 339 δόξης
1651 303 1698 330 τοῦ
1715 303 1823 337 κυρῖου.
1845 301 1913 338 μετὰ
1929 302 1955 329 δὲ

333 351 436 387 angelis
448 350 482 378 ad
495 349 664 377 adorandum
677 350 762 376 Deum
776 349 930 377 adducitur.
945 350 1016 377 Bene
1033 350 1116 386 igitur

1167 351 1198 378 τὺ
1220 350 1356 386 θεωρῆσαι
1377 351 1467 377 πᾶσαν
1482 350 1531 386 τὴν
1544 350 1630 386 χαρὰν
1648 349 1703 375 τῶν
1720 348 1832 375 δικαίων
1853 349 1882 374 ὲν
1898 350 1955 380 ταῖς

331 397 447 425 ecclesia
471 397 515 424 die
540 404 612 423 nona
624 396 748 430 liturgias
766 403 815 430 pro
831 395 960 423 defuncto
988 397 1069 424 oll'ert
1089 401 1118 425 et

1167 396 1198 429 ἐξ
1209 397 1336 433 ἡμέραις,
1356 396 1436 423 πάλιν
1452 396 1617 431 ἀναφέρεται
1638 396 1691 422 ὑπὸ
1707 395 1761 422 τῶν
1781 395 1905 429 ἀγγέλων
1917 395 1955 426 εἰς

331 443 497 471 oblationem
511 442 641 470 celebrat.
658 441 722 468 Post
735 441 881 468 secundam
897 446 989 469 autem
1016 442 1115 470 adora—

1168 442 1351 477 προσκύνησιν
1363 441 1410 468 τοῦ
1422 441 1499 468 Θεοῦ.
1511 441 1602 473 καλῶς
1614 439 1660 467 οὖν
1672 440 1820 476 προσφέρει
1834 440 1864 466 ὲν
1888 441 1921 475 τῇ
1933 440 1954 467 θ’

330 488 433 515 tionem
449 494 545 514 rursus
558 485 592 513 ab
609 485 733 512 omnium
759 492 850 512 rerum
869 485 984 512 Domino
1001 485 1115 513 manda-

1166 488 1259 523 ἡμέρᾳ
1282 487 1449 523 λειτουργίας
1472 487 1518 514 καὶ
1544 486 1703 522 προσφορὰν
1722 485 1868 513 ἐκτελοῦσα
1885 486 1954 522 ὑπὲρ

329 537 385 566 tur,
406 536 435 560 ut
454 532 482 559 in
497 531 633 559 infernum
647 530 799 558 deducatur
810 530 911 562 anima,
923 534 951 557 et
966 538 1115 565 poenarum

1165 533 1214 560 τοῦ
1231 533 1452 567 τελευτήσαντος.
1476 532 1544 568 μετά
1566 532 1594 558 δὲ
1613 532 1663 568 τὴν
1686 532 1817 566 δευτέραν
1834 531 1953 567 προσκύ-

329 579 388 606 loca
404 578 442 605 ibi
465 577 564 612 posita,
593 576 755 610 diversaque
773 575 924 602 inferorum
937 576 1066 608 claustra,
1088 581 1116 604 et

1166 585 1243 613 νησιν
1257 577 1337 604 πάλιν
1349 576 1453 610 γίνεται
1463 577 1586 608 κέλευσις
1596 576 1670 611 παρὰ
1681 575 1728 602 τοῦ
1739 576 1848 604 πάντων
1859 576 1955 603 δεσπό-

329 625 454 652 diversae
471 624 509 651 illi
524 623 704 650 ostendantur
720 622 866 656 impiorum
888 629 1002 656 poenae,
1015 622 1115 657 quibus

1165 631 1224 655 του,
1241 622 1408 656 καταγαγεῖν
1420 621 1505 657 αὐτὴν
1517 622 1546 648 ὲν
1559 621 1598 657 τῷ
1610 621 1662 657 ᾄδῃ
1677 622 1724 648 καὶ
1737 621 1823 653 δεῖξαι
1838 621 1907 658 αὐτῇ
1920 622 1953 649 τὰ

329 671 480 698 assidentes
503 673 676 704 peccatorum
698 667 804 694 animae
828 667 939 694 assiduo
964 668 1058 703 lugent
1083 676 1115 695 ac

1166 669 1256 695 ἐκεῖσε
1270 668 1437 703 κολαστήρια
1453 668 1500 695 καὶ
1511 667 1627 702 διάφορα.
1641 667 1727 702 ταμία
1747 663 1794 694 τοῦ
1810 667 1890 702 ᾅδου,
1906 668 1953 694 καὶ

329 718 425 744 dentes
439 716 568 743 stridunt.
595 714 737 742 Perhasce
766 722 916 749 poenarum
942 713 1115 742 diversitates

1165 714 1214 746 τὰς
1229 713 1283 740 τῶν
1303 713 1410 740 ἀσεϐῶν
1422 714 1565 748 διαφόρους
1581 713 1713 744 κολάςεις,
1727 714 1767 745 εις
1780 713 1814 745 ἃς
1827 722 1953 749 παρακα-

327 762 520 791 circumfertur
543 761 634 788 anima
659 760 718 787 dies
747 759 868 794 triginta,
887 759 1113 792 contremiscens,

1166 759 1308 795 θεζόμεναι
1328 761 1356 786 αἱ
1372 759 1456 794 ψυχαὶ
1472 759 1526 786 τῶν
1546 759 1714 794 ἁμαρτωλῶν
1729 759 1862 795 διηνεκῶς
1884 759 1952 794 θρη-

327 813 362 833 ne
374 810 402 833 et
416 806 474 840 ipsa
484 804 598 832 forsitan
609 804 636 831 in
649 804 695 831 illo
703 804 762 831 loco
775 804 938 831 incarcerari
948 804 1114 832 condemne—

1165 806 1240 833 νοῦσι
1254 806 1300 833 καὶ
1317 806 1446 841 βρύχουσι
1465 806 1527 838 τοὺς
1539 806 1657 838 ὀδόντας.
1675 806 1723 833 καὶ
1742 807 1772 832 ὲν
1786 807 1847 837 ταῖς
1860 806 1953 832 rotati-

327 857 383 879 tur.
400 853 449 880 Die
465 851 673 886 quadragesimo
697 857 805 877 sursum
825 849 925 877 iterum
946 849 980 877 ad
996 849 1114 878 adoran-

1164 860 1225 884 ταις
1244 852 1386 887 διαφοραῖς
1407 851 1461 878 τῶν
1484 852 1621 879 κολάσεων
1644 851 1820 887 περιφέρεται
1838 853 1854 886 ὴ
1877 851 1952 887 ψυχὴ

327 899 392 926 dum
421 899 507 925 Deum
523 897 683 929 reducitur;
709 899 738 923 et
766 901 831 923 tunc
857 895 1008 922 secundum
1029 903 1114 931 opera
1128 908 1142 936 ε

1136 908 1150 936 Β
1164 896 1540 936 ἡμέρᾳ(Η-12)λ’τρέμουσα,
1548 898 1648 934 μήπως
1660 898 1714 933 ἄρα
1727 897 1774 925 καὶ
1788 897 1856 933 αὐτὴ
1869 897 1899 923 ὲν
1913 898 1951 933 τῷ

326 945 400 971 illius
413 944 503 971 locum
523 943 573 975 illi,
590 943 637 970 ubi
651 943 679 969 in
694 946 837 969 aeternum
852 946 1019 974 asservetur,
1039 942 1112 969 indi-

1161 944 1274 978 τοιούτῳ
1298 943 1372 979 τόπῳ
1396 943 1547 978 κατακριθῇ
1574 942 1766 977 φυλάττεσθαι.
1792 942 1840 970 καὶ
1863 943 1897 977 τῇ
1926 942 1951 978 μ’

326 991 364 1018 cit
379 990 473 1026 judex.
505 990 577 1016 Bene
607 989 691 1024 igitur
712 988 740 1015 in
764 987 880 1015 ecclesia
905 988 1061 1015 celebratur
1083 988 1111 1014 in

1161 991 1252 1026 ἡμέρᾳ
1264 990 1430 1026 ἀναφέρεται
1443 990 1522 1017 πάλιν
1536 990 1724 1026 προσκυνῆσαι
1737 989 1776 1025 τῷ
1790 989 1887 1025 κυρίῳ,
1903 989 1950 1016 καὶ

325 1036 517 1063 defunctorum
533 1038 561 1061 et
577 1034 775 1068 baptizatorum
796 1033 967 1060 memoriam.
985 1033 1023 1060 De
1051 1033 1110 1060 ani-

1160 1035 1220 1062 τότε
1238 1035 1329 1062 λοιπὸν
1346 1035 1414 1071 πρὸς
1436 1035 1471 1061 τὰ
1493 1033 1562 1070 ἔργα
1582 1034 1667 1069 αὐτῆς
1685 1033 1791 1060 κελεύει
1815 1029 1829 1059 ό
1853 1032 1949 1068 κριτὴς

326 1080 422 1108 mabus
433 1087 508 1112 vero,
525 1086 594 1113 quae
614 1086 722 1106 sacrum
737 1077 871 1112 baptisma
879 1086 1019 1112 nunquam
1033 1086 1109 1106 rece—

1159 1081 1205 1107 τὸν
1221 1080 1303 1108 τόπον
1315 1082 1365 1116 τῆς
1379 1079 1589 1115 παραφυλακῆς.
1605 1079 1695 1110 καλῶς
1709 1079 1858 1106 ὲκτελεῖται
1871 1079 1902 1105 ὲν
1916 1079 1946 1113 τῇ

323 1129 435 1161 perunt,
452 1132 496 1152 res
507 1132 566 1152 sese
581 1124 640 1159 pari
665 1123 747 1150 modo
766 1132 822 1150 non
836 1123 930 1155 habet,
948 1123 996 1151 sed
1019 1124 1046 1151 in
1077 1131 1110 1151 eo

1160 1126 1293 1162 ἐκκλησία
1305 1127 1365 1158 ταῖς
1383 1125 1488 1160 μνειαις
1501 1125 1556 1151 τῶν
1571 1125 1777 1160 μεθισταμένων
1792 1125 1839 1151 καὶ
1855 1132 1948 1158 πεφω-

323 1180 389 1200 casu
407 1171 495 1207 angeli
512 1170 690 1198 inclemeutes
709 1170 815 1197 animas
835 1178 889 1197 nou
913 1170 1065 1205 baptizatas
1094 1178 1110 1197 c

1159 1172 1305 1207 τισμένων.
1323 1171 1370 1198 ἐπὶ
1381 1171 1410 1197 δὲ
1420 1170 1474 1197 τῶν
1487 1170 1581 1206 ψυχῶν
1596 1170 1650 1197 τῶν
1662 1171 1700 1206 μὴ
1720 1169 1838 1206 ἐχουσῶν
1850 1169 1947 1204 βάπτι-

323 1225 439 1252 corpore
456 1216 603 1251 accipiunt,
633 1215 810 1242 verberantes
833 1215 893 1243 illas
919 1220 947 1243 et
963 1215 1085 1243 dicentes
1101 1224 1108 1242 :

1160 1225 1216 1252 αμα
1231 1217 1262 1244 τὸ
1277 1217 1366 1251 ἅγιον,
1376 1217 1425 1252 οὐχ
1444 1216 1540 1248 οὕτως.
1555 1216 1623 1243 ἀλλὰ
1641 1215 1765 1252 [ἀπονοῖς
1779 1215 1948 1251 (13)]ἇγγε‹

322 1264 472 1296 Adesdum,
490 1263 573 1298 impia
608 1262 717 1295 anima;
731 1262 795 1297 quis
812 1261 944 1289 Dominus
963 1267 1027 1289 tuus
1051 1269 1110 1289 om—

1158 1264 1200 1290 λοι
1215 1263 1347 1299 ἀπότομοι
1363 1263 1417 1298 (14)
1431 1262 1596 1298 λαμϐάνουσι
1611 1262 1659 1294 τὰς
1678 1262 1844 1294 ἀςωτίστους
1858 1261 1947 1296 ψυχὰς

321 1309 453 1344 niumque
473 1309 555 1340 Dens,
571 1314 652 1343 quem
671 1306 741 1334 seire
762 1306 886 1338 noluisti,
907 1299 934 1333 in
951 1306 1053 1334 mundo
1064 1315 1108 1334 se-

1158 1310 1212 1337 ἀπὸ
1227 1309 1274 1336 τοῦ
1299 1309 1434 1345 σώματος,
1454 1310 1600 1342 τύπτοντες
1620 1309 1668 1336 καὶ
1692 1309 1830 1343 λέγοντες’
1848 1308 1945 1344 δεῦρο,

321 1363 389 1383 cura
417 1354 538 1390 degens?
563 1353 642 1380 Nunc
653 1360 720 1380 vero
743 1359 808 1379 eum
843 1359 959 1387 agnosce
989 1353 1110 1380 aeternis

1159 1355 1260 1390 ὰσεὸὴς
1272 1354 1354 1390 ψυχὴ,
1367 1355 1408 1386 τίς
1422 1356 1436 1381 6
1447 1355 1581 1390 δεσπότης
1596 1363 1643 1381 σου
1657 1355 1704 1381 καὶ
1716 1353 1824 1381 πάντων
1839 1353 1945 1389 κύριος,

321 1401 429 1429 addicta
442 1400 546 1435 poenis.
557 1399 625 1426 Dein
638 1398 671 1425 ad
687 1398 806 1433 primum
814 1405 901 1432 usque
920 1397 1024 1425 coelum
1035 1398 1108 1426 illam

1157 1401 1188 1428 ὃν
1208 1402 1258 1428 οὐκ
1278 1401 1408 1437 ὲϐέλησας
1423 1401 1538 1436 γνῶναι,
1556 1402 1585 1428 ὲν
1603 1400 1694 1428 ἀνέσει
1714 1400 1845 1434 διάγουσα
1861 1400 1892 1426 ὲν
1909 1399 1946 1435 τῷ

323 1446 500 1477 adducentes,
525 1452 585 1471 eam
602 1444 712 1475 sistunt,
738 1443 832 1478 illique
857 1450 873 1469 e
890 1443 1038 1478 longinquo
1061 1451 1107 1471 os-

1158 1447 1269 1483 κόσμῳ;
1284 1447 1332 1474 νῦν
1345 1447 1430 1481 γνῶθι
1448 1449 1640 1484 τιμωρουμένη
1659 1446 1783 1478 αἰωνίως.
1799 1447 1845 1473 καὶ
1863 1446 1945 1481 μέχρι

322 1492 437 1520 tendunt
447 1491 605 1526 angelorum
625 1490 802 1524 omniumque
815 1489 973 1517 coelestium
989 1495 1108 1525 potesta-

1156 1493 1203 1520 τοῦ
1226 1493 1333 1529 πρώτου
1357 1493 1470 1529 οὐρανοῦ
1492 1494 1638 1528 ἀνάγοντες
1659 1494 1748 1520 ἱστᾶσι
1771 1493 1818 1519 καί
1839 1491 1946 1519 δεικνῦ-

321 1543 380 1566 tum
398 1538 511 1573 gloriam
526 1537 668 1564 dicentes:
689 1536 806 1563 Istorum
832 1536 955 1563 omnium
975 1537 1108 1565 Dominus

1158 1547 1201 1565 σιν
1222 1539 1289 1575 αὐτῇ
1316 1540 1348 1566 ἐκ
1365 1539 1481 1575 μήκοθεν
1503 1540 1552 1574 τὴν
1574 1539 1653 1572 δόξαν
1671 1539 1725 1566 τῶν
1748 1538 1873 1573 ἀγγέλων
1899 1537 1947 1564 καὶ

320 1589 363 1612 est
376 1585 455 1612 Jesus
471 1583 598 1611 Christus
612 1583 660 1610 Dei
688 1582 742 1609 vivi
762 1581 845 1614 filius,
861 1589 943 1616 quem
957 1590 1106 1618 agnoscere
1121 1578 1135 1608 Ε

1131 1578 1268 1612 Ῑπάντων
1291 1585 1346 1612 τῶν
1372 1585 1504 1620 οὐρανίων
1533 1585 1688 1620 δυνάμεων,
1716 1585 1849 1619 λέγοντες·
1883 1584 1946 1610 τού-

319 1634 348 1659 et
359 1630 475 1658 adorare
493 1629 614 1656 noluisti.
632 1629 722 1662 Apage
733 1628 833 1655 abhinc
851 1636 917 1655 vero
927 1628 961 1655 ad
974 1629 1013 1655 tui
1031 1629 1107 1656 simi-

1158 1639 1213 1657 των
1233 1631 1359 1658 ἁπάντων
1381 1630 1473 1666 κύριός
1494 1632 1567 1657 ἐστιν
1594 1630 1697 1665 Ἰησοῦς
1718 1630 1832 1666 Χριστὸς
1851 1631 1865 1656 ὁ
1886 1630 1945 1661 υἰὺς

319 1678 360 1705 les
375 1676 473 1711 impios
503 1682 653 1709 eorumque
668 1674 819 1709 principem
835 1674 973 1702 diabolum
988 1675 1105 1702 abducta

1158 1676 1205 1703 τοῦ
1224 1675 1292 1703 Θεοῦ
1310 1676 1357 1703 τοῦ
1376 1676 1487 1708 ζῶντος,
1504 1676 1534 1703 ὃν
1554 1677 1604 1703 οὐκ
1619 1675 1753 1711 ἠθέλησας
1770 1675 1875 1710 γνῶναι
1897 1674 1945 1702 καὶ

319 1723 348 1750 in
360 1727 502 1750 aeternum
514 1721 602 1755 ignem
615 1724 774 1755 apparatum
785 1720 895 1747 diabolo
908 1725 990 1755 atque
1001 1721 1104 1756 angelis

1158 1721 1354 1756 προσκυνῆσαι·
1383 1722 1439 1748 ἀλλ’
1467 1721 1621 1756 ἀπαχθεῖσα
1649 1721 1717 1757 πρὸς
1740 1721 1803 1753 τοὺς
1830 1721 1942 1756 ὁμοίους

317 1769 388 1804 ejus,
409 1775 479 1802 quos
492 1766 520 1793 in
530 1766 601 1793 vivis
613 1766 702 1793 adhuc
715 1767 802 1800 posita
816 1771 945 1801 tanquam
957 1767 1028 1794 Deos
1052 1768 1102 1793 ad-

1157 1767 1264 1798 ἀσεσεῖς
1279 1768 1325 1794 καὶ
1339 1767 1384 1794 τὸν
1399 1767 1501 1794 τούτων
1521 1767 1638 1803 ἄρχοντα
1653 1767 1698 1793 τὸν
1716 1767 1837 1794 διάσολον
1852 1767 1895 1798 εἰς
1913 1765 1942 1792 τὸ

317 1813 413 1841 orasti.
428 1813 575 1847 Postquam
593 1811 644 1838 ista
657 1811 790 1838 dixissent
805 1813 907 1847 angeli,
929 1820 1039 1839 servum
1053 1813 1101 1840 Dei

1155 1811 1210 1846 πῦρ
1231 1812 1262 1838 τὸ
1281 1811 1388 1838 αἰώνιον
1414 1812 1445 1838 τὸ
1468 1813 1667 1848 ἡτοιμασμένον
1690 1812 1729 1847 τῷ
1754 1812 1869 1847 διαϐόλῳ
1894 1811 1940 1839 καὶ

317 1858 465 1886 Macarium
478 1857 593 1891 amplexi
608 1864 623 1883 e
643 1860 791 1891 conspectu
811 1861 904 1884 nostro
919 1862 1098 1885 evanuerunt.

1152 1859 1209 1890 τοῖς
1231 1858 1357 1892 ἀγγέλοις
1376 1858 1527 1891 αὐτοῦ,οὒς
1550 1859 1579 1885 ὲν
1600 1858 1639 1894 τῷ
1665 1859 1714 1894 βιῳ
1735 1867 1781 1886 σου
1805 1859 1842 1890 ὡς
1862 1858 1942 1890 Θεοὺς

315 1905 371 1933 Nos
390 1912 455 1931 vero
470 1903 584 1939 gloriam
599 1902 744 1929 reddamus
756 1902 830 1929 Patri
844 1907 872 1929 et
895 1902 964 1930 Filio
976 1907 1004 1930 et
1015 1903 1101 1938 Spiri-

1153 1904 1369 1940 προσεκὺνησας.
1386 1905 1472 1931 ταῦτα
1487 1905 1610 1936 εἰπόντες
1622 1906 1646 1932 οἱ
1663 1905 1773 1939 ἄγγελοι
1789 1905 1836 1932 καὶ
1849 1905 1940 1931 ἀσπα-

315 1951 356 1978 tui
377 1954 471 1977 saneto
497 1955 570 1975 nunc
583 1948 652 1974 etin
674 1948 782 1975 saecula
797 1948 978 1976 saeculorum.
1001 1949 1098 1976 Amen.

1154 1950 1266 1985 σάμενοι
1281 1950 1326 1976 τὸν
1338 1950 1430 1977 δοῦλον
1441 1949 1488 1977 τοῦ
1501 1950 1568 1977 Θεοῦ
1584 1951 1737 1986 Μακάριόν,
1751 1951 1865 1986 ἀφανεῖς
1879 1950 1941 1984 ἐγέ-

315 2006 390 2024 νοντο
407 1997 452 2031 ἀφ’
470 1996 558 2031 ἡμῶν.
585 1996 680 2030 Ἡμεῖς
702 1995 730 2022 δὲ
764 1995 842 2028 δόξαν
875 1996 1080 2031 ἀναπέμψωμεν
1097 1995 1136 2031 τῷ
1155 1997 1240 2032 πατρὶ
1265 1998 1312 2024 καὶ
1329 1997 1368 2032 τῷ
1388 1997 1437 2032 υἱῴ
1460 1998 1506 2024 καὶ
1523 1997 1561 2032 τῷ
1585 1997 1655 2032 ἁγίῳ
1674 1997 1808 2033 πνεύματι
1824 1996 1874 2024 νῦν
1892 1997 1942 2024 καὶ

315 2044 358 2070 ἀεὶ
377 2043 425 2069 καὶ
442 2042 482 2074 εἱς
496 2042 560 2073 τοὺς
579 2041 680 2073 αἰῶνας
695 2041 750 2068 τῶν
769 2041 884 2068 αἰώνων.
902 2043 984 2078 ἁμήν.

1052 2090 1178 2117 NOTAE.

350 2134 452 2206 éll-lﬁ)
466 2134 539 2171 Lege
554 2134 672 2170 ἡμέρας.
912 2170 926 2175 _

364 2172 406 2206 15)
423 2172 482 2200 Vox
493 2171 564 2199 forte
582 2175 720 2206 corrupta.
733 2170 809 2206 [Leg.
823 2171 955 2204 ἀπηνως.
969 2171 1068 2206 Eam].
1152 2181 1165 2198 τι

1189 2137 1245 2199 illi)
1272 2137 1376 2165 Forsan
1398 2137 1544 2173 legendum
1561 2137 1628 2165 ἀλλὰ
1657 2138 1778 2173 ἄγγελοι
1809 2137 1941 2171 ἀπηνεῖς

1152 2180 1190 2199 κα
1220 2172 1365 2206 ἀπότομοι.

364 2172 406 2206 15)
423 2172 482 2200 Vox
493 2170 564 2199 forte
582 2175 720 2206 corrupta.
733 2170 809 2207 [Leg.
823 2170 955 2204 ἀπηνῶς.
969 2171 1068 2208 Eam].
1152 2181 1179 2198 κι

549 2179 564 2199 e
582 2175 720 2206 corrupta.
733 2170 809 2207 [Leg.
823 2170 955 2204 ἀπηνῶς.
969 2171 1068 2208 Eam].
1152 2170 1201 2199 καὶ
1220 2170 1364 2208 ἅπύτομοι.

1722 2247 1928 2255 —————

317 2246 1930 2263 mw

635 2338 899 2385 IOANNES
948 2340 1258 2386 ALBERTUS
1310 2341 1624 2387 FABRICIUS

1108 2426 1142 2445 DF.

552 2474 601 2503 SS.
622 2473 849 2501 MACARIORUM
865 2473 1025 2502 AEGYPTII
1044 2475 1089 2502 ET
1108 2475 1342 2502 ALEXANDIIINI
1362 2475 1451 2502 VITIS
1470 2475 1514 2502 ET
1533 2474 1686 2502 SCRIPTIS

814 2530 881 2558 Cum
897 2533 965 2559 notis
978 2532 1100 2560 Goulieb.
1113 2531 1292 2567 Christopltori
1307 2533 1413 2560 Μανιος.

306 2590 354 2624 [10.
374 2590 429 2616 Διὶ).
441 2589 546 2615 Fabricii
559 2590 710 2617 Bibliotheca
724 2591 816 2624 Graeca
827 2592 881 2615 sive
894 2592 980 2624 notitia
996 2590 1268 2624 scl'iptorurnveterum
1279 2599 1435 2624 graecorum.
1447 2592 1541 2624 .Editio
1554 2599 1617 2617 nova
1627 2597 1686 2616 cura
1697 2591 1772 2616 Gottl.
1785 2590 1933 2623 Christoph.

796 2623 893 2647 Harles.
913 2622 1000 2646 Hamb.
1015 2621 1085 2651 1802,
1097 2622 1124 2644 4“’
1137 2622 1190 2646 Vol.
1210 2622 1262 2647 Vlll
1275 2621 1298 2654 ιῖ.
1313 2623 1383 2647 361—
1391 2623 1458 2656 566.]

335 2718 349 2745 1
367 2716 499 2745 Macarius
514 2716 635 2751 Magnus,
650 2716 799 2752 Aegyptius
812 2715 962 2743 monachus
973 2720 1000 2743 et
1015 2718 1166 2753 presbyter,
1179 2718 1207 2745 S.
1219 2718 1331 2745 Antonii
1344 2717 1497 2752 discipulus
1510 2717 1560 2753 (l),
1572 2717 1703 2752 magister
1717 2715 1826 2751 Evagrii
1853 2715 1935 2743 Pon-

302 2765 359 2798 tlci,
374 2763 442 2792 obiit
456 2764 484 2791 in
499 2762 608 2790 deserto
619 2762 716 2796 Scithi,
731 2764 759 2790 in
772 2770 827 2798 quo
836 2762 875 2789 ab
887 2770 913 2789 a.
923 2762 953 2790 C.
967 2763 1016 2790 321
1035 2768 1160 2792 versatus
1179 2770 1231 2798 est,
1248 2765 1449 2800 nonagenarius
1457 2763 1530 2792 circa
1541 2771 1567 2792 a.
1584 2763 1615 2792 C.
1628 2763 1691 2792 591.
1706 2763 1744 2792 De
1758 2770 1813 2798 quo
1824 2759 1934 2789 Socra-

1037 2820 1162 2850 NOTAE.

338 2866 375 2902 (l)
390 2867 430 2894 Cf.
452 2867 572 2894 Lambec.
589 2867 694 2895 Comm.
711 2864 883 2902 TIVlllpag.
903 2866 954 2894 722
971 2874 1029 2902 sqq.
1046 2866 1132 2894 llam-
