2064 3152
198 164 247 194 δτι
911 164 1011 194 EPIST

1002 164 1114 195 POLAE.
1765 169 1817 198 402

249 243 1818 264 W

487 341 567 420 S.
626 340 1024 421 MACARII
1079 343 1541 425 AEGYPTII

626 499 1040 574 EPISTOLAE,
1084 502 1378 561 PRECES.

765 676 1236 723 PRAEMONENDA.

227 830 282 868 Qui
304 829 455 861 Gennadii
485 828 536 869 (dc
562 827 635 860 viris
648 828 818 860 illustribus
833 836 903 869 cap.
934 828 982 869 10)
998 829 1093 861 verba
1118 830 1198 862 haec
1217 830 1292 870 legit
1313 840 1322 862 :
1342 843 1358 861 α
1377 833 1529 865 Macarius
1556 833 1730 866 monachus
1758 833 1812 865 ille

186 881 356 921 Aegyptius
371 880 467 919 signis
480 882 511 910 et
525 878 689 909 virtutibus
704 878 805 909 clarus
832 887 927 910 unam
946 881 1065 910 tantum
1080 880 1117 911 ad
1138 879 1278 912 iuniores
1291 881 1496 922 professionis
1511 893 1586 915 suae
1604 885 1727 925 scripsit
1741 888 1812 927 epi-

185 933 312 970 stolam,
337 932 368 963 in
395 941 456 972 qua
481 931 573 962 docet
608 930 697 961 illum
722 930 862 970 perfecte
888 939 982 971 posse
1006 931 1123 963 servire
1142 932 1230 971 ;Deo,
1247 933 1302 973 qui
1319 934 1534 966 conditionem
1553 935 1719 967 creationis
1736 945 1812 969 suae

185 991 381 1023 cognoscens
394 982 432 1013 ad
448 990 558 1012 omnes
573 981 776 1021 semetipsum
789 981 984 1013 inclinaverit
997 983 1131 1020 labores,
1144 987 1175 1014 et
1188 983 1335 1016 luctando
1349 988 1442 1025 atque
1456 986 1512 1016 Dei
1526 986 1689 1018 adversum
1704 996 1810 1026 omne,

184 1032 269 1073 quod
283 1032 316 1063 in
331 1032 390 1063 hac
403 1032 463 1062 vita
477 1039 569 1062 suave
582 1033 639 1068 est,
656 1031 805 1062 auxilium
819 1032 1031 1072 implorando,
1047 1033 1086 1064 ad
1099 1034 1271 1065 naturalem
1286 1043 1414 1076 quoque
1429 1036 1616 1076 perveniens
1630 1037 1809 1077 puritatem,

183 1084 410 1116 continentiam
426 1083 511 1115 velut
529 1086 657 1114 naturae
672 1083 812 1114 debitum
834 1092 948 1114 munus
965 1085 1135 1116 obtinuerit
1151 1097 1178 1124 ν,
1201 1086 1231 1117 ei
1253 1086 1321 1117 ﬁeri
1336 1095 1401 1118 non
1419 1091 1522 1128 potest
1536 1088 1612 1128 quin
1631 1088 1810 1119 suboriatur

182 1135 332 1175 suspicio,
346 1135 512 1166 Macarium
526 1135 711 1175 Aegyptium
726 1134 887 1166 doctrinae
906 1135 1103 1175 Pelagianae,
1120 1146 1137 1168 e
1160 1146 1221 1177 qua
1237 1138 1428 1169 continentia
1451 1142 1590 1175 naturae,
1607 1148 1671 1170 non
1691 1139 1807 1178 gratiae

183 1186 302 1217 donum
317 1187 374 1223 est,
393 1185 482 1225 quasi
501 1184 601 1216 facem
617 1184 813 1224 praetulisse.
829 1184 919 1216 Unde
934 1186 1075 1217 Oudinus
1091 1186 1124 1217 in
1138 1187 1375 1218 Commentariis
1390 1187 1429 1218 de
1451 1188 1654 1227 scriptoribus
1677 1191 1708 1219 et
1728 1188 1807 1220 scri-

183 1238 243 1276 ptis
263 1236 481 1268 ecclesiasticis
505 1245 535 1266 v.
555 1235 693 1267 Macarii
715 1240 777 1266 tres
802 1235 959 1274 monachi,
983 1236 1111 1277 aliique,
1131 1237 1214 1269 inter
1234 1246 1314 1277 quos
1338 1237 1565 1269 Petitdidierius
1589 1238 1623 1269 in
1649 1238 1729 1269 libro
1753 1238 1809 1278 qui

180 1286 360 1320 inscribitur
377 1297 383 1319 :
400 1289 593 1327 Remarques
607 1287 704 1332 surda
724 1287 941 1329 bibliotheque
959 1289 1015 1320 des
1036 1291 1163 1321 auteurs
1179 1289 1432 1330 ecclesiastiques
1448 1290 1487 1321 de
1501 1292 1540 1321 M.
1560 1291 1607 1322 Du
1623 1291 1679 1321 Pin
1710 1290 1807 1321 Paris.

183 1341 258 1372 1692
289 1343 324 1373 Τ.
340 1343 368 1373 Π
386 1350 418 1381 p.
439 1339 493 1371 198
508 1349 590 1380 5qq.,
608 1339 754 1370 homilias
768 1348 908 1380 quoque,
925 1350 1006 1381 quae
1018 1342 1143 1373 Macarii
1156 1341 1304 1382 Aegyptii
1320 1342 1449 1373 nomine
1466 1342 1620 1380 feruntur,
1636 1352 1715 1383 puro
1730 1346 1808 1384 puto

179 1391 408 1431 Pelagianismo
424 1390 556 1422 infectas
575 1398 643 1421 esse
659 1391 793 1430 probare
808 1394 881 1422 sunt
896 1393 1011 1423 conati.
1027 1393 1142 1424 Verum
1167 1392 1299 1433 epistola
1315 1401 1332 1423 a
1353 1393 1564 1424 Petitdidierio
1579 1394 1599 1424 l.
1616 1393 1638 1424 l.
1672 1405 1704 1435 p.
1721 1395 1778 1425 220
1790 1403 1808 1425 e

181 1440 292 1473 codice
317 1450 376 1472 ms.
399 1441 542 1473 abbatiae
564 1441 594 1472 S.
615 1441 720 1473 Vitoni
736 1442 777 1480 (S.
806 1441 925 1482 Vanne)
944 1443 1063 1482 prolata
1083 1443 1122 1476 ab
1144 1452 1192 1481 ea,
1215 1452 1308 1484 quam
1323 1443 1503 1475 Gennadius
1524 1448 1759 1482 commemorat,
1776 1447 1807 1476 et

179 1498 365 1536 argumento
380 1497 411 1525 et
425 1494 572 1525 universo
590 1497 700 1525 tenore
721 1494 763 1525 ita
777 1493 879 1528 distat.
895 1498 930 1526 ut
944 1496 1052 1527 eadem
1068 1505 1139 1527 cum
1156 1496 1210 1527 illa
1234 1497 1321 1528 nullo
1345 1496 1440 1527 modo
1456 1496 1564 1527 haberi
1580 1496 1690 1536 possit.
1708 1497 1805 1532 Quam

179 1545 366 1584 ipsissimam
380 1552 431 1575 me
444 1544 478 1575 in
493 1543 602 1575 codice
616 1552 675 1574 ms.
692 1542 766 1574 olim
781 1544 976 1582 Treverensi,
995 1554 1090 1585 quem
1104 1545 1155 1576 Dr.
1172 1545 1323 1576 Binterim
1346 1554 1376 1576 v.
1399 1545 1439 1577 cl.
1455 1545 1558 1578 pretio
1575 1549 1712 1585 emptum
1732 1548 1805 1576 ante

179 1595 239 1627 hos
253 1594 488 1635 quatuordecim
504 1603 605 1626 annos
626 1594 824 1626 Bollandistis
838 1594 872 1625 in
887 1595 994 1634 Belgia
1008 1595 1092 1627 dono
1107 1596 1204 1634 dedit,
1220 1596 1375 1627 detexisse
1398 1604 1436 1627 eo
1454 1596 1553 1635 magis
1571 1596 1702 1635 gaudeo,
1719 1595 1805 1636 quod

180 1652 249 1676 eam
263 1653 302 1676 ne
317 1644 472 1675 levissima
485 1644 614 1683 quidem
642 1644 797 1676 eiusmodi
819 1644 988 1676 haereseos
1007 1645 1129 1677 macula
1144 1654 1346 1686 conspersam
1362 1655 1430 1677 esse
1443 1647 1546 1677 statim
1559 1646 1634 1677 mihi
1651 1645 1803 1686 persuasi.

179 1698 255 1728 Eam
269 1696 363 1736 igitur
373 1695 550 1735 epistolam,
569 1703 650 1736 quae
664 1696 740 1735 quin
756 1696 879 1727 Macarii
889 1696 1034 1736 Aegyptii
1050 1697 1089 1728 sit
1105 1696 1238 1728 dubitari
1254 1697 1377 1736 nequit,
1390 1697 1428 1728 ad
1443 1697 1535 1728 ﬁdem
1551 1697 1645 1727 trium
1659 1695 1805 1727 codicum

180 1747 283 1788 primo
307 1747 378 1778 loco
401 1746 567 1777 edidimus.
587 1746 666 1778 Huic
681 1746 810 1777 alteram
830 1755 974 1785 graecam
997 1747 1215 1779 subiunximus
1239 1756 1257 1779 e
1280 1747 1390 1779 codice
1408 1747 1602 1778 Berolinensi
1620 1750 1751 1783 erutam,
1770 1746 1804 1776 in

180 1806 244 1838 quo
265 1797 367 1829 eidem
387 1796 518 1828 Macario
532 1797 686 1837 Aegyptio
701 1797 816 1828 diserte
832 1797 988 1829 tribuitur.
1004 1799 1087 1834 Quae
1100 1807 1171 1829 cum
1186 1798 1310 1830 Macarii
1323 1798 1467 1838 Aegyptii
1479 1798 1617 1829 homiliis
1630 1798 1672 1828 ita
1687 1805 1804 1829 conve-

178 1851 236 1888 nit,
250 1853 285 1881 ut
300 1850 339 1881 ab
355 1850 466 1880 eodem
488 1852 616 1880 auctore
640 1848 781 1889 profecta
804 1857 874 1880 esse
895 1853 1051 1889 arguatur.
1075 1850 1178 1881 Tertia
1200 1858 1296 1890 porro
1321 1850 1452 1890 epistola
1474 1850 1660 1881 adscribitur
1682 1849 1804 1880 cuidam

178 1901 325 1938 Macario,
349 1908 444 1940 quem
467 1899 506 1930 ab
527 1900 682 1939 Aegyptio
706 1899 861 1930 diversum
884 1908 953 1930 esse
978 1903 1009 1931 et
1032 1900 1131 1940 stylus
1149 1903 1180 1931 et
1196 1901 1421 1931 sententiarum
1440 1900 1648 1940 discrepantia
1670 1901 1805 1940 prodere

177 1954 334 1985 videntur.
351 1954 495 1989 Quartam
509 1951 647 1991 denique
661 1950 826 1991 epistolam
843 1951 1020 1982 addidimus
1035 1951 1132 1989 illam,
1148 1960 1241 1991 quam
1256 1951 1486 1982 Petitdidierius
1499 1951 1615 1991 publici
1626 1951 1701 1981 iuris
1716 1951 1804 1989 fecit,

178 2015 196 2037 a
211 2005 304 2036 nobis
321 2004 361 2036 ad
385 2003 479 2034 ﬁdem
503 2002 638 2034 duorum
660 2002 804 2034 codicum
826 2003 1031 2041 recognitam.
1046 2003 1144 2039 Quam
1162 2003 1289 2042 quidem
1314 2002 1478 2043 epistolam
1502 2011 1519 2033 e
1544 2002 1643 2043 prima
1666 2005 1696 2033 et
1712 2003 1803 2035 tertia

178 2056 380 2096 wmpilatam
402 2062 481 2092 esse,
501 2054 528 2085 si
549 2053 632 2085 inter
653 2062 687 2085 se
705 2054 934 2094 comparaveris
958 2053 1039 2092 illas,
1063 2054 1155 2085 facile
1180 2054 1348 2094 intelliges.
1373 2054 1540 2095 Reliquum
1557 2057 1613 2091 est,
1630 2057 1663 2085 ut
1678 2054 1805 2086 codices

179 2106 402 2137 describamus.

217 2157 341 2188 Primae
354 2155 505 2196 epistolae
519 2154 645 2187 codices
658 2158 722 2187 tres
736 2164 817 2196 quos
831 2156 1022 2188 contulimus
1045 2160 1119 2188 sunt
1136 2157 1305 2189 Vaticanus
1326 2157 1537 2189 bibliothecae
1553 2157 1726 2189 Christinae
1745 2156 1802 2188 588

179 2209 448 2246 membranaceus,
470 2216 553 2240 saec.
578 2209 661 2246 XIII,
686 2208 720 2239 in
742 2208 857 2246 fol.,in
882 2217 948 2249 quo
971 2209 1102 2249 epistola
1129 2209 1245 2249 legitur
1267 2209 1323 2242 fol.
1343 2209 1489 2248 112-114,
1512 2211 1708 2241 Treverenst's
1725 2209 1801 2240 olim

178 2260 388 2292 bibliothecae
405 2261 436 2290 S.
461 2259 620 2291 Maximini
639 2259 695 2299 qui
717 2268 802 2291 nunc
819 2260 904 2300 apud
926 2259 1132 2291 Bollandistas
1148 2260 1181 2291 in
1196 2260 1301 2300 Belgia
1321 2264 1506 2299 asservatur,
1529 2260 1800 2297 membranaceus,

179 2320 261 2343 saec.
279 2313 344 2349 XV,
360 2312 394 2343 in
415 2311 484 2349 fol.,
502 2314 533 2342 et
557 2310 794 2351 Conﬂuentinus
816 2311 1025 2343 bibliothecae
1043 2311 1197 2351 gymnasii
1215 2312 1264 2350 23,
1290 2312 1484 2350 chartaceus,
1507 2321 1587 2344 saec.
1603 2312 1665 2349 XV,
1681 2312 1714 2342 in
1730 2311 1800 2348 fol.,

179 2365 233 2397 ubi
248 2364 303 2396 fol.
322 2364 390 2402 125,
405 2363 498 2395 2-127
517 2366 627 2395 exstat.
642 2364 677 2394 In
699 2363 809 2394 codice
823 2366 928 2395 autem
942 2364 1090 2396 Vaticano
1103 2364 1267 2405 epistolam
1289 2365 1448 2405 excipiunt
1470 2374 1583 2396 novem
1599 2364 1747 2395 historiae
1761 2363 1802 2394 de

179 2419 304 2448 mortuo
319 2425 337 2447 a
349 2416 483 2447 Macario
499 2415 652 2456 Aegyptio
666 2415 860 2454 resuscitato,
875 2416 915 2447 de
931 2416 1043 2448 eodem
1057 2416 1202 2454 Macario,
1217 2420 1385 2457 postquam
1399 2417 1541 2457 fatigatus
1559 2417 1667 2454 oravit,
1683 2417 1802 2448 elevato

179 2470 210 2499 et
225 2470 313 2498 trans
328 2467 446 2498 ﬂumen
459 2466 608 2504 demisso,
626 2466 665 2497 de
679 2465 787 2497 cranio
806 2466 977 2498 sacerdotis
999 2466 1123 2506 gentilis
1141 2467 1243 2498 eidem
1265 2475 1387 2507 poenas
1409 2467 1605 2499 infernarum
1623 2469 1800 2502 enarrante,

179 2520 219 2551 de
234 2519 358 2551 duobus
375 2517 540 2550 monachis
555 2527 636 2558 quos
649 2518 683 2549 in
699 2518 801 2549 insula
816 2519 913 2550 eremi
933 2519 1036 2550 nudos
1054 2519 1224 2555 invenerat,
1242 2519 1282 2550 de
1302 2519 1442 2550 eiusdem
1460 2518 1612 2553 doctrina,
1632 2526 1688 2548 cur
1707 2525 1800 2548 acce-

178 2573 303 2610 ptarum
318 2569 358 2600 ab
370 2568 740 2600 hominibusiniuriarum
754 2568 985 2600 reminiscendo
999 2568 1060 2600 vim
1075 2569 1244 2600 memoriae
1259 2568 1429 2606 laedamus,
1443 2568 1597 2599 malorum
1609 2575 1683 2598 vero
1697 2576 1714 2597 a
1724 2566 1799 2597 dae-

179 2620 327 2651 monibus
342 2619 533 2650 inﬂictorum
555 2618 772 2649 recordatione
786 2627 851 2650 non
869 2618 1041 2655 laedamus,
1056 2618 1095 2649 de
1109 2619 1242 2650 Macario
1261 2619 1413 2658 Aegyptio
1429 2627 1445 2648 e
1460 2617 1628 2658 sepulchro
1643 2620 1800 2648 mortuum

179 2669 350 2709 quendam,
366 2669 420 2709 qui
434 2668 612 2709 depositum
626 2667 784 2707 quoddam
798 2668 853 2699 ubi
869 2669 1007 2708 posuerit
1020 2668 1149 2705 indicet,
1165 2671 1325 2706 evocante,
1341 2668 1482 2699 eiusdem
1498 2676 1684 2707 responsum
1698 2667 1800 2698 Theo-

179 2721 259 2752 doro
273 2721 378 2751 abbati
397 2720 502 2751 datum
517 2719 557 2751 de
570 2721 752 2760 paupertate
767 2718 907 2759 pulchris
925 2719 1100 2750 actionibus
1117 2718 1332 2759 praeferenda,
1352 2719 1491 2750 eiusdem
1512 2718 1549 2749 ad
1567 2716 1750 2753 monachos,
1766 2720 1802 2748 ut

179 2771 414 2812 multiloquium
429 2772 561 2811 fugiant,
577 2770 762 2808 exhortatio,
779 2770 916 2810 denique
931 2770 1084 2802 sententia
1098 2771 1238 2802 eiusdem
1249 2769 1385 2808 Macarii,
1400 2778 1507 2801 verum
1518 2769 1708 2801 monachum
1722 2777 1802 2800 nun-

180 2832 275 2862 quam
297 2823 336 2854 ad
357 2823 546 2854 iracundiam
571 2821 700 2859 moveri,
726 2822 781 2853 sed
799 2830 925 2862 semper
948 2831 982 2854 se
1002 2822 1138 2853 vincere.
1161 2821 1217 2852 His
1238 2821 1369 2861 aliisque
1388 2820 1540 2852 similibus
1554 2821 1679 2851 Patrum
1703 2819 1800 2851 eremi

180 2873 319 2907 historiis
337 2873 452 2913 plenus
467 2877 513 2905 est
529 2874 628 2906 codex
643 2873 707 2905 ille.
727 2872 830 2904 Codex
843 2872 921 2904 alter
934 2873 1009 2904 olim
1023 2871 1221 2904 Treverensis
1235 2870 1320 2903 hunc
1335 2880 1409 2912 prae
1429 2879 1462 2902 se
1482 2870 1543 2902 fert
1556 2870 1692 2902 indicem
1708 2879 1715 2900 :
1732 2870 1799 2901 Ιειπ
