2064 3152
251 160 303 189 ιοδ
952 159 980 186 S.
1001 158 1066 186 ΜΔΕ

1053 157 1144 186 CAR“
1163 156 1322 184 AEGYPTII
1817 154 1868 181 ιιη

251 221 451 248 continentur
465 218 499 248 in
516 217 575 247 ista
591 215 746 247 volumine
765 224 821 254 per
835 215 976 245 ordinem
990 212 1190 253 requirenda.
1214 212 1306 243 Liber
1328 211 1447 251 primus
1468 217 1604 240 vttarum
1625 214 1762 250 patrum.
1777 209 1870 239 Liber

251 267 415 297 secundus.
439 267 507 297 Vita
523 267 631 298 Sancti
645 267 792 297 Frontini
808 265 930 296 abbatis
945 264 1076 295 habetur
1088 267 1159 303 post
1177 262 1291 293 librum
1309 262 1485 292 secundum.
1497 261 1590 292 Liber
1609 261 1719 291 tertius
1733 260 1870 290 vitarum

252 321 393 351 Patrum.
416 319 605 349 Vita-sancte
616 319 741 349 Marine
757 318 891 357 virginis
908 326 965 357 que
979 317 1013 346 in
1026 315 1214 346 monasterio
1228 315 1366 345 virorum
1384 312 1522 352 degebat.
1543 313 1613 343 Vita
1630 312 1739 343 Sancti
1752 311 1871 341 Pacho-

252 369 309 398 mii
324 377 412 407 quem
428 367 564 407 Angelus
577 367 703 397 Domini
723 367 872 397 erudivit.
891 366 984 397 Liber
998 365 1279 405 quartus.vitarum
1298 368 1434 403 patrum.
1460 363 1530 393 Vita
1547 363 1656 394 Sancti
1671 362 1793 393 Abrahe
1807 363 1871 393 viri

253 417 393 456 deipost
410 422 555 457 quartum
577 418 692 448 librum
712 418 854 448 habetur.
875 416 1021 456 Epistola
1045 415 1126 446 beati
1147 414 1306 445 Macharii
1323 414 1445 445 abbatis
1467 414 1508 444 ad
1531 414 1612 453 ﬁlios
1637 423 1708 444 suos
1731 413 1870 444 dilectos.

253 467 360 497 Sermo
381 466 464 498 beati
484 468 642 499 athanasii
660 469 873 500 Alexandriae
892 468 1030 499 civitatis
1051 466 1187 506 episcopi
1201 466 1242 496 ad
1257 465 1432 497 monachos.
1462 465 1625 504 Profectus
1645 464 1872 503 Religiosorum

252 516 381 546 moralis
401 527 419 547 a
445 517 532 548 beato
552 519 734 550 Bernhardo
753 521 878 550 matrice
905 518 1102 558 compositus.
1129 517 1244 548 0milia
1268 516 1350 547 beati
1374 516 1548 546 Bernhardi
1564 524 1658 555 super
1682 514 1873 554 evangelium

253 567 334 597 Ecce
344 576 407 597 non
429 573 486 598 etc.
506 569 539 598 in
553 569 603 599 die
620 570 792 600 Benedicti.
817 569 1061 600 Constitutiones
1076 567 1236 597 Benedicti
1254 576 1354 606 papae
1377 566 1550 596 duodecimi
1573 566 1609 596 de
1630 565 1738 595 ordine
1761 566 1872 604 nigro-

253 625 325 646 rum
346 618 577 648 monachorum.
598 619 759 649 Sermones
781 619 862 649 beati
878 617 1056 648 Bernhardi
1080 626 1173 656 super
1189 615 1345 647 Psalmum
1360 616 1421 653 Qui
1442 615 1573 646 habitat.
1602 616 1767 645 Tractatus
1789 615 1872 645 beati

253 665 393 696 Anselmi
413 666 635 697 Cantuarensis
658 668 793 707 episcopi
822 668 906 699 Unde
929 676 1035 706 supra.
1059 665 1173 697 Omitto
1190 665 1298 696 Sancti
1313 665 1490 696 Bernhardi
1514 674 1607 704 super
1628 664 1818 704 evangelium
1836 665 1873 695 de

254 716 358 746 decem
381 718 567 757 virginibus.
592 720 728 759 Tempus
750 727 836 756 vero,
857 728 920 759 quo
946 719 1079 758 scriptus
1102 718 1141 748 sit
1163 717 1272 753 codex,
1297 717 1403 747 notula
1425 717 1502 748 haec
1525 716 1643 747 indicat
1669 725 1676 746 :
1699 717 1789 747 Anno
1814 718 1871 748 do-

254 767 334 797 mini
347 767 417 798 1461
437 769 493 799 sub
512 771 682 801 venerabili
695 775 784 810 patre
805 775 832 801 et
846 771 970 802 domino
985 771 1142 801 Anthonio
1158 769 1267 800 abbate
1289 769 1424 809 scriptus
1439 773 1482 799 est
1496 769 1576 799 liber
1590 769 1647 799 iste
1663 778 1720 808 per
1740 770 1874 808 fratrem

254 816 444 848 Ludovicum
460 819 636 859 Rathingen
653 821 840 859 professum.
859 821 952 852 Orate
970 830 1028 860 pro
1052 830 1097 850 eo.
1117 820 1239 850 Tertius
1259 819 1395 858 denique
1410 818 1520 856 codex,
1536 819 1780 856 Conﬂuentinus,
1801 819 1874 850 satis

254 865 337 897 bene
352 871 506 906 exoratus,
526 872 647 900 constat
664 869 746 900 foliis
759 869 827 907 242,
843 873 874 900 et
890 869 972 900 foliis
991 869 1025 900 21
1043 879 1124 910 quae
1138 872 1246 901 vacant
1257 869 1418 908 scriptura.
1432 868 1515 899 Folia
1539 868 1699 899 chartacea
1716 869 1875 900 antecedit

254 923 353 946 unum
371 925 597 956 pergamenum
627 929 698 950 cum
712 920 816 950 indice
830 921 982 950 rerum.ln
994 920 1166 959 tegumenti
1180 923 1267 960 parte
1280 919 1514 957 interiorelegis
1527 928 1533 949 :
1546 919 1607 949 Iste
1617 919 1698 949 liber
1708 924 1762 949 est.
1778 920 1871 950 mihi.

256 964 293 995 de
307 966 418 997 Merle.
433 968 470 998 In
484 967 545 999 hoc
559 972 661 1000 autem
676 969 785 1004 codice
799 969 876 1001 haec
894 969 1096 1000 continentur
1111 979 1118 1000 :
1135 969 1190 1000 fol.
1209 968 1314 1005 1—33,2
1329 969 1407 999 liber
1421 968 1576 999 secundus
1589 968 1720 999 Vitarum
1733 969 1872 1006 Patrum,

255 1022 274 1045 a
298 1015 461 1047 Rosweido
486 1017 587 1048 editus
609 1020 698 1049 Antv.
721 1018 794 1049 1628
818 1028 850 1059 p.
875 1018 932 1049 448
949 1028 1032 1059 sqq.,
1058 1019 1120 1050 fol.
1138 1018 1313 1056 34,1-125,1
1339 1018 1419 1049 liber
1432 1018 1559 1058 quintus
1574 1021 1604 1048 et
1625 1022 1730 1049 sextus
1744 1019 1878 1050 vitarum‘

256 1063 382 1096 Patrum
415 1067 527 1103 [Rosw.
552 1077 584 1107 p.
602 1068 656 1098 562
672 1078 755 1108 sqq.,
774 1069 831 1099 644
855 1072 951 1109 sqq.],
973 1069 1028 1100 fol.
1056 1069 1250 1106 125,2-127,1
1271 1069 1374 1100 Sancti
1395 1069 1518 1100 Macarii
1543 1068 1673 1108 epistola
1696 1069 1734 1099 ad
1757 1069 1836 1100 ﬁlios
1857 1078 1879 1101 a-

257 1114 350 1145 nobis
366 1118 500 1155 primum
523 1119 555 1149 in
579 1119 681 1150 lucem
699 1120 830 1160 prolata,
849 1120 905 1151 fol.
923 1120 1118 1158 127,1-138,l
1137 1133 1151 1149 «
1168 1122 1323 1161 Excerpta
1337 1121 1422 1152 utilia
1439 1132 1452 1148 »
1469 1129 1486 1151 e
1500 1121 1580 1151 libro
1596 1121 1729 1160 septimo
1743 1121 1877 1152 vitarum

258 1164 382 1195 Patrum
401 1167 513 1204 [Rosw.
550 1178 582 1207 p.
599 1168 678 1206 665],
695 1169 750 1200 fol.
772 1169 970 1207 138,1-141,2
991 1171 1051 1201 vita
1069 1171 1101 1201 S.
1126 1170 1212 1200 Pauli
1237 1171 1348 1208 [Rosw.
1374 1179 1406 1210 p.
1429 1169 1462 1200 17
1486 1172 1581 1209 sqq.],
1599 1170 1654 1200 fol.
1681 1170 1876 1207 142,1-168,2

256 1218 317 1248 vita
333 1219 363 1248 S.
379 1220 503 1250 Antonii
517 1220 638 1252 abbatis
654 1223 765 1260 [Rosw.
795 1231 827 1262 p.
843 1222 879 1252 35
890 1225 985 1262 sqq],
1001 1222 1057 1254 fol.
1077 1222 1274 1259 168,2-178,2
1287 1222 1348 1253 vita
1361 1223 1392 1252 S.
1408 1222 1574 1253 Hilarionis
1587 1222 1732 1252 monachi
1761 1223 1873 1260 [Rosm

257 1269 346 1309 p.75
361 1273 457 1310 sqq],
481 1271 536 1302 fol.
557 1272 750 1310 178,2-183,1
769 1274 829 1304 vita
846 1275 876 1304 S.
895 1275 1030 1305 Simonis
1045 1275 1170 1314 Stylitae
1195 1276 1307 1312 [Rosw.
1333 1283 1365 1314 p.
1398 1273 1452 1304 170
1478 1276 1573 1314 sqq],
1598 1274 1653 1304 fol.
1677 1273 1877 1310 183,1-185,2

258 1323 321 1366 vita
346 1323 376 1353 S.
402 1323 515 1354 Malchi
539 1325 650 1364 captivi
674 1326 818 1356 monachi
846 1327 958 1364 [Bosw.
994 1336 1026 1366 p.
1055 1326 1116 1364 93],
1135 1326 1189 1356 fol.
1218 1325 1416 1363 185,2-188,2
1433 1326 1493 1356 vita
1518 1327 1549 1355 S.
1575 1325 1733 1356 Frontonii
1758 1325 1878 1355 abbatis

259 1365 372 1403 [Rosw.
414 1383 446 1413 p.
474 1374 529 1405 238
560 1378 655 1415 sqq.],
681 1376 735 1407 fol.
755 1375 948 1414 188,2-190,1
974 1365 1034 1408 vita
1057 1379 1088 1407 S.
1109 1377 1242 1408 Marinac
1266 1377 1392 1415 virginis
1426 1377 1537 1414 [Rosw.
1577 1385 1609 1416 p.
1634 1375 1690 1406 393
1715 1377 1787 1415 sq],
1819 1374 1876 1405 fol.

262 1423 455 1461 190,1-194,1
474 1426 503 1454 S.
521 1426 676 1457 Athanasii
693 1435 796 1456 sermo
816 1427 854 1457 ad
869 1427 1041 1459 monachos
1057 1436 1064 1457 :
1082 1439 1096 1454 «
1113 1426 1190 1458 Etsi
1204 1425 1276 1465 quid
1295 1425 1491 1464 gloriari—et
1505 1426 1586 1457 Deus
1601 1425 1686 1466 pacis
1700 1425 1758 1455 erit
1771 1425 1877 1455 vobis-

260 1483 332 1506 cum
353 1487 380 1512 »,
398 1475 452 1514 qui
467 1479 565 1506 exstat
579 1476 611 1506 in
626 1477 657 1507 S.
674 1477 831 1508 Athanasii
843 1478 924 1518 Opp.
939 1478 989 1509 ed.
1005 1479 1122 1510 Bened.
1137 1478 1252 1509 Patavii
1269 1477 1340 1508 1777
1357 1478 1391 1508 Τ.
1412 1477 1441 1507 Π
1477 1486 1509 1517 p.
1528 1476 1596 1514 642,
1611 1477 1666 1508 fol.
1686 1475 1874 1513 194,1-198,1

259 1525 323 1555 vita
336 1526 365 1555 S.
382 1525 522 1564 Pelagine
542 1527 713 1557 meretricis
735 1529 847 1565 [Rosw.
882 1538 914 1568 p.
934 1528 990 1559 376
1009 1531 1105 1568 sqq.],
1122 1529 1177 1560 fol.
1197 1527 1392 1566 198,1-210,1
1413 1527 1474 1558 vita
1489 1528 1540 1558 SS.
1557 1527 1686 1567 Epicteti
1704 1525 1878 1566 presbyteri

260 1577 293 1606 et
305 1576 439 1606 Astionis
456 1577 603 1608 monachi
617 1578 730 1615 [Rosw.
760 1588 793 1619 p.
811 1579 863 1609 211
881 1581 976 1619 sqq],
998 1579 1054 1610 fol.
1078 1579 1277 1616 210,1-218,2
1297 1579 1358 1610 vita
1378 1580 1408 1610 S.
1428 1578 1567 1610 Abrahae
1587 1579 1733 1610 eremitae
1765 1579 1879 1615 IROSW.

261 1634 295 1665 p.
313 1624 368 1655 144
392 1628 474 1665 sqq.]
490 1630 521 1657 et
536 1627 595 1658 vita
618 1628 648 1658 S.
664 1628 778 1659 Mariae
801 1630 973 1660 meretricis
987 1630 1091 1670 neptis
1112 1630 1252 1661 Abrahae
1275 1629 1422 1660 eremitae
1447 1630 1558 1666 [Rosw.
1589 1638 1621 1668 p.
1639 1629 1694 1659 368
1712 1629 1806 1668 sqq.],
1821 1627 1879 1658 fol.

261 1674 462 1714 218,2-222,2
478 1678 538 1708 vita
553 1679 584 1708 S.
599 1678 824 1719 Euphrosynae
839 1680 964 1719 virginis
982 1682 1095 1719 [Rosw.
1125 1681 1228 1721 p.363
1251 1681 1346 1720 sqq],
1362 1680 1416 1710 fol.
1434 1679 1628 1715 222,2-231,1
1646 1680 1706 1710 vita
1720 1680 1751 1709 S.
1765 1678 1880 1708 Mariae

261 1725 470 1765 Aegyptiacae
494 1727 607 1764 [Rosw.
650 1739 682 1768 p.
708 1729 764 1759 382
789 1733 884 1770 sqq].
912 1731 968 1762 fol.
995 1731 1192 1769 231,1-242,1
1223 1731 1349 1762 Palladii
1383 1731 1517 1761 Historia
1539 1731 1685 1761 Lausiaca
1712 1738 1814 1769 usque
1839 1729 1878 1760 ad

262 1774 379 1805 verba:
396 1787 410 1802 α
427 1775 467 1806 de
485 1777 632 1815 periculis
654 1779 788 1810 liberare
810 1783 842 1810 et
864 1788 1091 1819 cognoscamus
1115 1790 1220 1812 earum
1244 1781 1329 1821 apud
1351 1781 1513 1812 dominum
1534 1779 1706 1820 potentiam
1728 1792 1741 1807 ››
1760 1781 1878 1818 lRosw.

262 1834 294 1865 p.
314 1825 505 1864 964-9992].
523 1827 656 1867 Explicit
667 1829 769 1860 codex
784 1840 794 1860 :
809 1830 846 1860 Et
860 1830 905 1861 sic
921 1833 968 1860 est
987 1830 1057 1861 ﬁnis
1072 1830 1165 1861 huius
1181 1831 1337 1871 opusculi.
1599 1828 1603 1832 ’

755 1912 846 1955 Penna
861 1912 913 1940 fuit
926 1913 989 1947 vilis
1005 1918 1033 1940 et
1049 1913 1137 1955 palma
1151 1913 1224 1954 [fuit]
1233 1913 1366 1955 puerilis;

752 1947 857 1974 Dentur
871 1955 922 1983 pro
940 1955 1028 1982 penna
1043 1947 1170 1983 scriptori
1184 1947 1285 1976 caelica
1300 1956 1392 1983 regna.

301 2031 470 2071 Epistolam
494 2032 663 2064 secundam
690 2041 832 2072 graecam
856 2043 873 2065 ο
898 2035 969 2066 cod.
993 2044 1051 2066 ms.
1075 2044 1120 2075 gr.
1143 2036 1180 2066 N"
1198 2034 1233 2065 16
1258 2035 1338 2066 Bibl.
1363 2036 1441 2074 Reg.
1463 2034 1673 2066 Berolincnsis
1691 2035 1882 2074 bombycino

264 2083 400 2122 optimae
424 2087 517 2114 notae
540 2084 573 2114 in
590 2083 659 2121 fo|.,
674 2085 727 2121 ubi
741 2085 911 2116 duodecim
924 2087 1040 2117 ultimis
1054 2086 1079 2117 fc

1066 2086 1137 2117 bliis
1151 2089 1249 2117 exstat
1264 2086 1322 2116 sub
1337 2086 1427 2116 titulo
1445 2094 1451 2115 Σ
1476 2092 1524 2116 τοῦ
1541 2089 1624 2116 αὐτοῦ
1642 2089 1720 2123 ἁγίου
1744 2089 1881 2125 Μπχαρίου

264 2135 388 2165 ἐπιστολὴ
406 2137 506 2173 μιγὰλη
517 2138 562 2164 καὶ
577 2137 645 2165 πάνυ
656 2138 799 2174 ὠφέλιμπ,
819 2136 984 2177 descripsi.
1002 2139 1079 2168 Ante

1055 2137 1200 2168 tecedunt
1213 2136 1288 2167 inde
1308 2136 1347 2166 ab
1367 2136 1456 2166 initio
1471 2136 1589 2167 codicis
1615 2142 1667 2165 Τοῦ
1682 2137 1870 2174 ὁσίουπατρὸς

263 2185 337 2220 ἡμῶν
350 2188 488 2223 Μαχαρὶου
501 2191 549 2215 τοῦ
560 2189 705 2224 αἰγυπτίου
716 2189 815 2226 ὁμιλίαι
828 2191 1090 2227 «nuptm-migrasti
1100 2190 1196 2220 πολλῆς
1211 2190 1337 2226 ὠφελείας
1351 2189 1562 2226 πιπληρωμὲναι.
1582 2190 1642 2226 περὶ
1653 2192 1701 2218 τῆς
1716 2188 1883 2223 ὁφειλθμένης

265 2238 309 2264 καὶ
322 2235 540 2274 σπουδαζομένη
550 2242 717 2274 χριστιανοῖς
732 2239 913 2271 τιληὸτητοςς
929 2236 1013 2267 unde
1028 2236 1078 2276 epi

1067 2236 1190 2267 istolam
1203 2235 1284 2266 hanc
1306 2235 1445 2278 eiusdem
1464 2244 1533 2266 esse
1546 2237 1668 2267 Macarii
1684 2236 1882 2267 manifestum

264 2286 322 2314 est.
347 2284 390 2314 De
412 2284 472 2315 hoc
494 2284 602 2315 codice
629 2285 718 2325 plura
743 2285 883 2317 invenies
907 2285 988 2316 infra
1012 2290 1136 2316 nostrae
1153 2285 1284 2316 editioni
1309 2285 1339 2314 S.
1363 2285 1487 2316 Macarii
1509 2286 1654 2326 Aegyptii
1678 2286 1883 2317 Homiliarum

263 2334 443 2373 praemissa.
460 2335 643 2366 Versionem
662 2335 811 2376 epistolae
828 2336 954 2366 latinam
970 2338 1108 2366 nostram
1124 2335 1311 2366 addidimus.

302 2384 347 2414 Ad
368 2385 489 2415 tertiam
504 2385 668 2424 epistolam
684 2386 768 2425 quod
783 2386 902 2422 attinet,
918 2385 1125 2416 bibliothecae
1143 2385 1358 2423 Burgundicae
1377 2384 1586 2416 Bruxellensis
1603 2385 1743 2416 codicem
1758 2385 1881 2416 charta~

263 2443 366 2471 ccum,
382 2444 462 2466 saec.
478 2435 542 2473 XV,
557 2436 591 2466 in
608 2435 677 2473 fol.,
695 2437 733 2467 N"
753 2436 858 2472 15010,
874 2436 928 2466 ubi
943 2438 1042 2466 exstat
1054 2434 1110 2466 fol.
1127 2435 1175 2472 67,
1192 2435 1221 2472 2,
1238 2435 1315 2474 quin
1331 2444 1402 2466 cum
1418 2439 1504 2466 textu
1526 2436 1679 2467 Holstenii
1696 2435 1769 2466 Cod.
1800 2437 1877 2473 Reg.

262 2487 297 2517 T.
313 2488 326 2517 Ι
355 2496 385 2526 p.
402 2486 436 2517 21
456 2487 610 2518 Bruxellis
627 2495 754 2517 versans
770 2487 958 2523 conferrem,
974 2486 1143 2526 impeditus
1164 2494 1244 2516 sum.
1259 2486 1394 2516 Titulum
1409 2485 1510 2516 solum
1526 2489 1556 2516 et
1577 2486 1746 2517 clausulam
1762 2495 1800 2516 ex
1821 2485 1884 2515 hoc

263 2535 372 2566 codice
389 2535 539 2575 dest-ipsi
559 2539 589 2566 et
603 2545 660 2566 suo
678 2536 748 2567 loco
764 2536 881 2576 recepi.
897 2537 1040 2566 Ceterum
1053 2535 1178 2566 Macarii
1190 2535 1389 2566 Alexandrini
1404 2544 1472 2566 esse
1489 2535 1651 2575 epistolam
1666 2535 1749 2566 haud
1764 2539 1884 2566 temere

264 2587 415 2626 suspicari
433 2587 510 2617 mihi
525 2587 642 2618 videor.

304 2637 434 2673 Quartae
458 2637 595 2676 denique
618 2637 768 2677 epistolae
791 2646 810 2668 a
832 2636 939 2668 nescio
954 2645 1017 2676 quo
1040 2634 1272 2667 consarcinatae
1299 2636 1424 2667 codices
1445 2637 1521 2673 duo,
1540 2644 1620 2676 quos
1653 2636 1783 2672 contuli,
1809 2639 1884 2667 sunt

269 2685 514 2717 Vindobonensis
530 2687 738 2718 bibliothecae
757 2687 925 2718 Caesareae
942 2687 1030 2724 4800,
1050 2687 1123 2717 olim
1141 2686 1212 2718 cod.
1228 2686 1324 2716 theol.
1352 2685 1427 2722 361,-
1443 2687 1666 2722 membranae,
1694 2695 1776 2717 saec.
1802 2683 1882 2720 XIV,

263 2737 318 2768 ubi
333 2740 432 2768 exstat
453 2737 508 2768 fol.
545 2737 611 2774 146,
630 2736 660 2774 2,
682 2740 713 2767 et
727 2736 937 2767 Bruxeliensis
953 2736 1159 2767 bibliothecae
1182 2736 1398 2774 Burgundicac
1413 2735 1594 2766 chartaceus
1609 2744 1690 2766 saec.
1707 2736 1759 2765 XV
1775 2735 1806 2764 in
1823 2734 1881 2765 fol.

266 2787 303 2818 N'
333 2786 443 2826 15012,
472 2787 526 2818 ubi
553 2787 666 2826 legitur
691 2786 746 2818 fol.
774 2786 854 2824 68,1.
881 2786 1026 2817 Codicem
1050 2786 1187 2826 priorem
1212 2785 1374 2826 descripsit
1396 2785 1490 2816 Denis
1515 2785 1609 2816 Catal.
1631 2784 1699 2816 Vol.
1725 2786 1753 2815 ΙΙ
1779 2785 1814 2815 Τ.
1850 2785 1883 2827 Ι,

266 2846 299 2877 ι».
331 2835 398 2866 802.
