2064 3152
247 179 300 208 805
951 178 1040 207 EPIS’I

1088 179 1141 207 ,ΑΕ
1146 200 1152 206 .
1812 181 1865 209 406

286 238 454 279 Reliquum
470 241 517 270 est
534 240 568 269 ut
587 246 733 269 moneam
761 239 792 270 S.
812 238 939 270 Macarii
953 238 1097 278 Aegyptii
1115 238 1315 278 epistolarum
1335 239 1427 270 etiam
1450 239 1528 270 alios
1546 239 1670 271 codices
1692 248 1768 271 mss.
1788 249 1868 272 non-

247 291 322 321 dum
339 291 470 323 collatos
495 291 529 322 in
545 291 744 323 bibliothecis
758 291 954 322 delitescere.
969 291 1019 321 Sic
1039 293 1118 322 teste
1141 291 1290 330 Catalogo
1313 291 1403 321 codd.
1425 291 1556 331 Angliac
1569 291 1639 322 Vol.
1653 292 1669 322 Ι
1682 295 1712 323 et
1725 292 1753 322 II
1768 295 1868 322 exstat

246 340 279 371 in
297 340 390 371 codd.
407 341 534 380 Digbaci
557 342 595 372 N"
621 341 698 371 163k
722 341 798 372 etin
819 341 911 372 codd.
936 340 1055 373 Bodlei.
1080 342 1118 372 N“
1137 339 1266 378 2211,22
1283 348 1319 371 ac
1341 341 1379 371 N"
1401 339 1509 378 2572,8
1523 341 1660 372 Macarii
1674 339 1803 380 epistola
1826 340 1868 371 ad

246 389 340 428 ﬁlios,
357 390 390 420 in
411 390 505 421 codd.
529 390 649 421 Bodlei.
674 391 711 421 N°
737 389 865 428 2229,13
884 394 914 422 et
927 392 1139 431 Cantabrigiae
1161 391 1194 422 in
1218 391 1288 422 cod.
1311 391 1423 422 domus
1439 391 1470 421 S.
1494 391 1577 421 Petri
1591 391 1628 422 N"
1650 389 1776 428 1776,15
1793 390 1868 420 Ma-

246 439 328 470 carii
348 440 478 479 epistola
492 441 534 471 ad
546 441 722 476 monachos,
743 441 776 472 in
796 441 890 472 codd.
906 441 983 472 eccl.
999 442 1137 473 cathedr.
1153 441 1391 472 Sarisburiensis
1414 441 1450 471 Νη
1469 440 1542 471 1042
1556 440 1692 471 Macarii
1707 439 1867 478 epistolae-

245 489 337 520 Teste
360 489 595 521 Montfauconio
618 493 717 521 exstat
729 490 897 521 Mediolani
919 490 952 521 in
973 491 1066 522 codd.
1085 491 1204 530 graecis
1217 490 1296 521 Bibl.
1317 490 1538 521 Ambrosianae
1556 489 1692 519 Macarii
1707 488 1867 519 cuiusdam

245 539 391 570 monachi
405 541 534 580 epistola
549 541 591 572 ad
603 542 780 572 Macariam
797 541 886 581 (Bibl.
902 541 1084 573 bibliothec.
1099 551 1172 573 mss.
1187 543 1223 572 T.
1251 542 1264 571 Ι
1280 551 1312 581 p.
1329 540 1410 580 501),
1431 540 1605 572 Florentiae
1625 541 1659 571 in
1677 539 1867 571 bibliotheca

247 589 527 622 Camaldulensium
544 593 578 622 B.
593 593 706 624 Mariae
730 593 769 624 de
791 593 916 632 Angelis
930 595 963 624 S.
981 594 1118 625 Macarii
1133 593 1255 624 abbatis
1277 593 1423 632 Aegyptii
1448 592 1594 632 epistolae
1617 591 1703 632 (ibid.
1739 601 1772 631 p.
1795 590 1864 621 413.

247 640 330 680 430),
345 642 378 672 in
390 643 482 674 codd.
498 645 679 675 monasterii
694 646 724 676 S.
742 645 884 677 Audoeni
898 645 1172 685 Rothomagensis,
1188 655 1272 676 nunc
1287 645 1365 676 Bibl.
1383 645 1472 685 publ.
1487 644 1748 683 Rotliomagensis
1759 644 1797 674 N'
1810 641 1866 672 508

246 692 471 731 membranac.,
488 695 617 734 epistola
632 696 768 726 Macarii
786 697 859 727 data
878 697 920 727 ad
933 697 1100 727 monachos
1117 696 1204 736 (ibid.
1221 697 1256 726 Τ.
1273 697 1301 726 II
1324 705 1357 736 p.
1377 695 1463 732 1238;
1479 694 1598 726 Haenel
1616 693 1750 732 Catalogi
1768 692 1866 723 libro-

248 752 316 773 rum
340 752 414 774 mss.
451 754 484 785 p.
510 745 591 786 423).
611 746 738 777 Taurini
761 746 791 777 in
814 747 884 778 cod.
904 747 940 777 80
965 751 1012 778 est
1032 747 1164 787 epistola
1184 748 1217 777 S.
1241 746 1400 778 Macharii
1416 746 1458 776 ad
1478 744 1643 776 monachos
1669 743 1702 774 in
1722 742 1868 782 gallicum

247 800 425 824 sermonem
445 802 607 832 conversa,
624 795 712 827 cuius
726 796 849 826 initium
868 805 875 826 :
892 808 906 824 α
923 796 954 827 Si
968 805 1033 835 ung
1048 796 1175 827 homine
1194 796 1336 835 cognoist
1354 796 1427 826 bicn
1446 804 1508 836 que
1523 795 1543 826 il
1561 797 1606 825 est
1628 798 1658 825 et
1671 801 1733 833 que
1748 795 1796 823 est
1809 800 1868 823 son

247 845 392 876 Createur
410 848 441 876 et
458 845 478 876 il
495 854 528 877 se
542 846 626 877 veult
638 847 777 886 repentir
794 848 832 878 de
847 855 897 877 ses
911 848 1027 887 peches
1045 851 1104 879 cet.
1125 848 1208 888 (Mss.
1227 849 1318 880 codd.
1338 847 1417 879 Bibl.
1440 848 1516 886 Reg.
1536 845 1735 877 Taurincnsis
1757 843 1867 876 Tauri-

247 905 307 928 nae
326 896 400 927 1749
415 897 449 926 T.
465 898 493 927 II
506 906 540 938 p.
561 896 642 938 1+82).
657 897 782 928 Parisiis
796 897 829 928 in
843 898 924 928 Bibl.
946 898 1034 931 publ.
1058 898 1129 929 cod.
1157 897 1214 930 916
1230 901 1328 929 exstat
1346 897 1476 937 epistola
1492 898 1526 928 S.
1540 896 1677 927 Macarii
1691 895 1812 926 abbatis
1827 894 1869 926 ad

247 947 377 978 Esaiam
401 948 559 982 abbatem;
576 948 650 979 item
676 949 709 979 in
728 949 799 980 cod.
823 948 879 979 975
902 950 936 980 S.
955 949 1093 980 Macarii
1113 949 1254 988 epistola.

286 999 384 1029 Porro
404 998 608 1030 Assemannio
625 1002 752 1030 auctore
766 999 888 1030 arabice
904 1002 1030 1030 exstant
1044 1000 1077 1030 in
1094 1000 1203 1030 codice
1218 1008 1247 1030 a.
1262 998 1332 1029 Chr.
1350 997 1424 1028 1055
1439 998 1554 1038 scripto
1569 998 1603 1028 S.
1623 997 1761 1028 Macarii
1774 995 1869 1026 abba-

247 1051 289 1081 tis
316 1051 464 1090 epistolae
480 1055 508 1082 et
522 1060 677 1082 sermones
692 1051 734 1082 ad
747 1051 913 1082 monachos
928 1053 989 1082 XX
994 1052 1047 1089 VI,
1064 1055 1095 1082 et
1114 1052 1147 1082 in
1164 1051 1225 1082 alio
1249 1051 1358 1082 codice
1380 1051 1505 1083 arabico
1527 1051 1644 1091 scripto
1669 1059 1698 1081 ιι.
1721 1049 1791 1080 Chr.
1811 1048 1869 1079 885

247 1104 280 1134 S.
297 1102 435 1134 Macarii
450 1113 549 1135 sermo
564 1104 601 1135 de
611 1104 759 1135 Oratione
776 1107 873 1144 atque
893 1104 1024 1143 epistola
1034 1104 1075 1134 ad
1085 1103 1252 1134 monachos
1265 1104 1354 1144 (Bibl.
1370 1104 1488 1135 Orient.
1501 1105 1538 1134 T.
1555 1104 1583 1134 II
1600 1112 1632 1143 p.
1649 1102 1728 1139 511).
1742 1102 1868 1142 Syriaco

247 1156 353 1184 autem
378 1153 410 1184 in
439 1155 512 1186 cod.
535 1155 683 1187 Nitriensi
701 1155 736 1186 18
763 1160 888 1188 exorato
910 1166 938 1187 a.
965 1156 1019 1187 Ch.
1041 1156 1098 1187 769
1117 1157 1264 1196 leguntur
1281 1156 1419 1187 Macarii
1438 1155 1550 1195 Magni
1563 1154 1708 1193 Aegyptii
1723 1152 1870 1192 discipuli

248 1206 282 1236 S.
308 1207 440 1236 Antonii
459 1216 614 1238 sermones
638 1208 692 1239 III
717 1212 745 1238 et
773 1208 920 1248 epistolae
941 1210 1031 1246 VIII,
1056 1212 1087 1240 et
1111 1209 1247 1240 Macarii
1271 1207 1481 1238 Alexandrini
1499 1215 1652 1236 sermones
1675 1205 1731 1235 III
1751 1209 1779 1234 et
1801 1203 1869 1243 epi-

249 1255 346 1285 stolae
367 1257 429 1287 νη
444 1257 531 1297 (ibid.
550 1259 585 1288 Τ.
602 1259 616 1288 Ι
637 1268 668 1299 p.
695 1258 774 1299 567).
799 1260 876 1290 Item
898 1260 931 1290 in
951 1259 1022 1290 cod.
1044 1260 1195 1290 Beroensi
1219 1259 1335 1306 scripto
1361 1267 1390 1289 ει.
1418 1257 1492 1288 1578
1517 1256 1717 1287 inveniuntur
1732 1253 1870 1306 Macarii

249 1307 397 1347 Aegyptii
419 1319 573 1341 sermones
587 1312 643 1341 ΙΙΙ
665 1316 693 1341 et
715 1311 861 1351 epistolae
880 1312 961 1342 VIII
973 1315 1003 1342 et
1012 1312 1150 1342 Macarii
1165 1304 1375 1341 Alexandrini
1389 1317 1543 1339 sermones
1558 1308 1595 1338 ΙΙ
1609 1312 1637 1338 et
1658 1305 1804 1346 epistolae
1818 1304 1867 1335 IX

253 1357 339 1389 libid.
357 1368 388 1399 p.
409 1359 493 1400 586);
510 1360 585 1391 item
600 1362 632 1391 in
649 1361 758 1392 codice
774 1362 895 1400 syriaco
911 1361 939 1399 6,
956 1365 1081 1392 exarato
1096 1370 1124 1392 a.
1142 1361 1229 1397 1223,
1246 1361 1279 1391 S.
1294 1359 1432 1390 Macarii
1444 1358 1591 1398 Aegyptii
1603 1365 1757 1387 sermones
1766 1355 1823 1386 III
1838 1357 1870 1384 et

252 1411 400 1449 epistolae
414 1413 453 1450 Χ,
471 1415 501 1444 et
514 1413 651 1444 Macarii
679 1414 890 1445 Alexandrini
916 1423 1068 1445 sermones
1094 1414 1120 1444 V
1139 1417 1170 1444 et
1205 1412 1335 1452 epistola
1361 1411 1403 1442 ad
1422 1408 1688 1441 sanctimonialem
1713 1407 1871 1448 quandam

253 1460 340 1499 (ibid.
369 1471 402 1501 p.
424 1461 504 1500 610).

291 1511 321 1540 S.
338 1511 461 1542 Macarii
475 1512 586 1543 Preces
599 1521 616 1543 e
632 1512 842 1544 Bibliothecae
853 1512 1107 1544 Vindobonensis
1119 1512 1227 1544 codice
1240 1521 1298 1543 ms.
1314 1511 1411 1542 theol.
1427 1519 1528 1550 graec.
1545 1509 1613 1545 231,
1628 1508 1701 1539 olim
1715 1508 1764 1545 76,
1777 1507 1871 1539 char-

252 1565 353 1598 taceo,
373 1562 515 1602 antiquo,
541 1563 574 1594 in
599 1563 638 1599 4η,
663 1564 863 1603 proferimus,
882 1565 939 1595 ubi
962 1564 1018 1595 fol.
1040 1564 1090 1601 61,
1117 1565 1130 1595 1
1165 1574 1235 1604 sqq.
1263 1560 1420 1603 leguntlir,
1452 1561 1656 1602 sequentibus
1682 1560 1810 1592 canticis
1831 1561 1872 1592 ad

254 1613 284 1642 S.
309 1613 475 1644 Antonium
497 1616 528 1643 et
551 1614 582 1643 S.
599 1614 773 1645 Ouufrium.
796 1616 896 1651 Quare
918 1615 1041 1646 Macarii
1063 1615 1204 1655 Aegyptii
1229 1614 1296 1645 illas
1321 1622 1390 1645 esse
1404 1612 1570 1644 verisimile
1588 1611 1679 1642 nobis
1694 1611 1792 1642 visum
1811 1614 1868 1641 est.

253 1664 397 1695 Codicem
410 1665 592 1696 Lambecius
607 1667 814 1697 Commentar.
830 1668 865 1697 T.
885 1668 927 1697 III
943 1667 993 1698 ed.
1008 1667 1106 1699 altera
1126 1677 1159 1708 p.
1176 1667 1232 1698 372
1248 1676 1332 1706 sqq.,
1356 1667 1395 1697 de
1414 1665 1521 1697 Nessel
1551 1664 1643 1696 Catal.
1671 1664 1707 1694 T.
1723 1664 1737 1693 Ι
1764 1672 1796 1703 ρ.
1813 1661 1868 1693 327

253 1721 323 1752 sqq.
341 1713 584 1753 descripserunt.

1047 1865 1087 1909 l.

463 1947 755 1994 EPISTOLA
803 1948 1008 1993 SANCTI
1052 1947 1300 1994 MACARII
1353 1949 1661 1995 AEGYPTII.

285 2080 342 2105 (Ind.
362 2086 407 2103 ms.
420 2079 475 2103 Vat.
489 2079 551 2104 Ilibl.
565 2079 1018 2106 Chrislinae588membranaeﬁaec.
1032 2080 1117 2105 xmfol
1151 2099 1157 2104 .
1191 2098 1197 2103 .
1231 2097 1238 2104 .
1273 2098 1279 2104 .
1314 2097 1320 2102 .
1356 2098 1362 2103 .
1396 2098 1403 2104 .
1438 2098 1444 2103 .
1479 2097 1485 2103 .
1520 2097 1526 2103 .
1560 2097 1568 2104 .
1603 2098 1608 2104 .
1643 2099 1649 2104 .
1684 2099 1690 2105 .
1726 2099 1732 2104 .
1768 2099 1774 2105 .
1809 2099 1815 2106 .
1847 2083 1870 2108 Α

287 2111 346 2135 (Iud.
360 2117 404 2134 ms.
420 2109 478 2134 olim
493 2110 555 2134 llibl.
569 2110 595 2134 S.
610 2110 732 2134 Maximini
745 2111 915 2141 Treverensis,
928 2118 991 2136 nunc
1004 2112 1204 2137 Bollandistarum
1216 2110 1350 2139 Bruxellis,
1364 2109 1527 2135 membranae.
1541 2110 1612 2135 Saec.
1627 2117 1658 2134 xv
1669 2111 1709 2135 l'ol.
1744 2129 1751 2136 .
1785 2130 1792 2136 .
1826 2131 1832 2137 .
1851 2113 1871 2138 B

286 2142 342 2168 Cod.
357 2148 402 2165 ms.
419 2140 606 2166 Conﬂuentinus
617 2141 680 2166 Bibl.
694 2142 818 2172 Gymnasil
830 2143 860 2166 25
875 2143 980 2167 chartae.
994 2142 1065 2167 Saec.
1078 2149 1109 2166 xv
1122 2142 1164 2166 fol.
1201 2160 1209 2166 .
1242 2160 1248 2166 .
1284 2158 1290 2165 .
1325 2159 1331 2165 .
1365 2160 1372 2166 .
1406 2159 1412 2165 .
1446 2157 1452 2165 .
1487 2160 1494 2165 .
1527 2159 1534 2165 .
1569 2159 1576 2165 .
1610 2159 1616 2165 .
1651 2160 1658 2166 .
1694 2161 1699 2166 .
1734 2160 1740 2167 .
1774 2161 1780 2167 .
1813 2161 1822 2168 .
1853 2144 1872 2169 C

288 2203 376 2228 Exstat
390 2203 453 2227 haec
466 2201 578 2235 epistola
589 2202 643 2235 cod.
659 2201 686 2235 A_
696 2203 739 2235 tot.
752 2203 864 2233 112-1“,
877 2203 931 2228 cod.
944 2204 964 2229 Β
974 2187 1132 2233 fere-medio,
1142 2205 1169 2229 et
1178 2203 1232 2228 cod.
1243 2203 1262 2228 C
1272 2202 1314 2227 fol.
1328 2202 1381 2233 125,
1393 2202 1474 2227 2-127.
1498 2203 1535 2228 De
1547 2203 1670 2228 codicibus
1682 2205 1708 2228 et
1723 2204 1755 2228 de
1766 2203 1870 2235 epistola

255 2236 454 2265 praemonuimus
464 2240 537 2264 supra
543 2233 589 2257 CUI.
601 2233 714 2257 £0l-MM.

301 2317 396 2352 Incipit
410 2317 519 2353 epistola
533 2318 617 2344 sancti
627 2317 756 2344 Macharii
769 2318 803 2344 ad
816 2317 886 2352 ﬁlios
900 2318 948 2346 Dei
962 2317 993 2355 ¹).
1049 2321 1078 2352 Α
1089 2322 1130 2346 tas
1147 2318 1199 2346 sibi
1221 2317 1336 2346 iniurias
1360 2317 1483 2348 suﬂ'erat,
1501 2321 1529 2344 et
1553 2322 1583 2344 ut
1600 2317 1663 2344 odio
1680 2317 1778 2344 habeat
1791 2325 1872 2345 omne

289 2363 319 2391 In
330 2364 426 2398 primis
435 2363 545 2398 quidem
555 2363 604 2398 si')
613 2363 761 2398 cocpcrit’)
772 2364 853 2390 homo
864 2365 1040 2400 semetipsum

257 2417 414 2445 agnoscere,
429 2417 478 2436 cur
488 2414 596 2437 creatus
612 2410 658 2441 sit,
671 2413 698 2436 et
711 2409 840 2437 factorem
853 2417 933 2437 suum
947 2411 1039 2444 deum,

257 2460 322 2482 tunc
341 2455 453 2490 incipiet
465 2455 606 2490 poenitere
618 2455 639 2490 Ι³)
652 2463 734 2490 super
754 2455 818 2487 hiis,
838 2463 890 2489 quc
905 2456 1041 2483 commisit

257 2500 286 2527 in
299 2499 321 2535 ε)
335 2504 457 2536 tempore
472 2501 639 2536 negligencie
653 2509 710 2528 suc.
722 2501 767 2528 Sic
783 2501 892 2528 domum
907 2501 1041 2536 benignus

257 2546 325 2574 deus
343 2546 391 2574 dat
410 2547 451 2574 illi
473 2547 616 2575 lristiciam
632 2555 682 2582 pro
698 2547 827 2582 peccatis,
850 2551 879 2573 ct
901 2551 964 2581 post
990 2547 1042 2574 hec

257 2593 357 2620 iterum
377 2602 427 2628 per
445 2601 522 2621 suam
542 2593 738 2628 benignitatem
759 2593 842 2620 donat
859 2593 898 2620 illi
917 2593 1041 2620 atllictio-

256 2645 320 2665 nem
331 2639 351 2675 ⁸)
367 2640 490 2674 corporis
505 2639 533 2666 in
547 2639 658 2666 ieiuniis
670 2638 729 2673 ct’)
741 2638 851 2673 vigiliis,
866 2642 894 2665 et
904 2638 1041 2665 oracionis

259 2683 429 2718 instanciam,
441 2691 468 2714 et
480 2689 666 2720 contemptum
682 2685 786 2717 mundi,
800 2689 828 2711 et
838 2689 868 2711 ut
879 2684 967 2711 libens
982 2683 1040 2710 illa-

1088 2365 1261 2400 rel'rigcrium
1277 2363 1428 2398 corporale,
1440 2368 1468 2391 et
1480 2368 1510 2391 ut
1526 2363 1620 2399 diligat
1635 2364 1771 2398 planctum
1786 2364 1872 2399 magis

1087 2418 1170 2445 quam
1190 2411 1285 2437 risum.
1305 2410 1371 2437 Post
1390 2410 1442 2437 hcc
1461 2410 1564 2436 tribuet
1583 2410 1621 2436 illi
1638 2409 1805 2436 desiderium
1824 2409 1871 2437 lle-

1088 2461 1165 2483 tuum
1176 2455 1367 2490 planctumque
1376 2459 1404 2481 et
1415 2455 1596 2482 humilitatem
1611 2460 1640 2482 et
1650 2455 1871 2482 humiliacionem

1089 2500 1189 2530 cordis,
1207 2503 1275 2526 etut
1290 2500 1395 2527 trabem
1407 2500 1479 2526 oculi
1497 2500 1538 2527 sui
1556 2499 1721 2531 consideret,
1734 2507 1788 2526 non
1803 2499 1873 2526 alte-

1089 2546 1146 2572 rius
1160 2545 1291 2572 festucam
1306 2545 1409 2572 nilatur
1423 2553 1531 2577 eruere,
1547 2550 1573 2572 et
1590 2545 1662 2572 dicat
1676 2553 1793 2580 semper,
1805 2553 1874 2580 quo-

1088 2592 1160 2619 niam
1183 2590 1355 2625 iniquitatem
1378 2598 1465 2617 meam
1486 2598 1535 2624 cgo
1553 2598 1669 2625 agnosco
1684 2595 1711 2618 ct
1730 2594 1872 2624 peccatum

1088 2644 1178 2664 meum
1190 2639 1284 2662 contra
1295 2643 1338 2661 me
1351 2639 1393 2662 est
1404 2643 1522 2669 semper,
1535 2640 1562 2662 et
1575 2639 1605 2662 ut
1617 2635 1688 2662 diem
1699 2636 1788 2662 exitus
1797 2635 1840 2662 sui
1850 2634 1871 2669 ’³)

1089 2682 1117 2709 in
1133 2684 1224 2708 mente
1240 2679 1349 2711 habeat,
1360 2684 1389 2707 et
1404 2679 1541 2714 quomodo
1561 2680 1589 2706 in
1604 2684 1751 2716 conspectu
1768 2680 1812 2708 dei
1828 2687 1874 2708 oo-

901 2775 1026 2803 VARIAE
1045 2773 1245 2803 LECTIONES.

262 2833 282 2869 l)
295 2834 341 2860 Dei
353 2841 408 2871 om.
419 2835 470 2862 BC.
479 2850 514 2871 +
528 2835 549 2869 ')
560 2836 581 2862 Β
590 2835 717 2870 siquidem
727 2837 758 2862 si.
771 2851 806 2855 —-
817 2835 837 2867 ³)
849 2836 889 2863 ηε
899 2836 1041 2871 ceperit.—

1077 2835 1151 2869 ‘)BC
1173 2836 1297 2870 penitere,
1309 2837 1336 2861 et
1356 2833 1396 2870 sic
1417 2832 1519 2868 ubique
1542 2831 1682 2860 scribitur.
1701 2829 1770 2866 —')
1794 2830 1821 2857 in

296 2876 351 2896 om.
367 2870 397 2896 B.
412 2885 447 2890 -—-
457 2870 478 2905 ')
491 2870 511 2898 C
522 2869 700 2906 aﬂliccionem,
716 2875 744 2899 et
761 2872 800 2899 sic
812 2869 972 2906 ubiqueﬁ—
983 2871 1004 2905 ⁷)
1018 2875 1042 2898 et
1078 2879 1134 2899 om.
1158 2869 1188 2899 (Ζ.
1202 2886 1235 2890 -
1247 2869 1269 2905 ⁸)
1285 2869 1306 2897 C
1327 2869 1397 2896 male
1415 2876 1469 2895 sue.
