2064 3152
182 148 235 176 407

800 154 828 181 S.
847 152 991 181 MACARII
1009 153 1170 182 AEGYPTII

1749 150 1802 178 408

181 215 315 237 cursurus
326 214 372 243 su,
387 211 436 238 sed
458 216 487 239 et
501 211 602 240 iudicia
623 218 652 240 et
670 220 754 248 penas
778 213 917 241 describat
936 213 964 240 in
981 218 1001 244 Λ
1017 218 1089 241 ture.
1105 213 1133 241 Si
1153 217 1243 241 autem
1256 213 1289 240 ad
1305 213 1354 240 has
1373 211 1597 248 impugnacioncs
1612 218 1667 238 non
1681 210 1802 238 lassave-

183 258 330 288 conspectu
352 255 451 283 mentis
467 264 532 288 sue,
556 265 607 284 nec
632 266 686 285 non
709 258 795 285 eciam
821 258 934 285 meritos
944 259 966 293 9)

181 297 300 327 honores
320 300 366 334 qui
388 300 470 327 dandi
492 306 556 329 sunt
577 304 687 330 sanctis.
712 303 739 330 Si
764 303 845 338 igitur
863 302 966 338 [192]

179 344 289 377 viderit,
303 347 430 380 quoniam
442 347 492 374 hcc
510 347 547 375 illi
562 349 654 375 suavia
668 353 730 376 sunt
742 369 749 381 ,
764 353 879 383 temptat
892 356 964 380 cum,

179 389 202 415 si
213 390 387 417 abrenuntiat
409 392 594 427 voluptatibus
606 414 612 425 ,
625 398 653 420 et
674 393 816 429 resistit”)
835 393 966 421 adversus

180 435 370 470 ilnpugnantes
382 437 414 472 “)
425 437 608 466 huiusmundi
618 439 757 474 principes
766 439 858 474 "),qui
870 439 965 466 vinxe-

180 485 245 507 runt
259 489 321 508 eum
337 483 424 517 prius,
436 484 484 510 sed
493 488 521 511 et
531 493 657 512 escarum
670 486 744 512 varie
754 484 964 515 delcetacioncs,

179 534 233 559 que
258 527 375 555 emolliri
391 529 562 563 faciuntcor,
580 534 609 557 ut
621 530 652 565 Η¹)
671 529 809 565 rursus“)
822 537 967 564 propemo-

180 572 245 599 dum
258 573 289 608 ")
305 574 376 600 vinci
391 579 474 609 queat
487 583 503 603 e
512 576 544 610 “)
561 576 721 604 lassitudine
731 577 855 611 corporis
867 582 894 604 et
903 577 964 604 lon-

178 617 348 652 ginquitate,
380 620 534 648 dicentibus
563 621 603 648 illi
633 622 848 657 cogitacionibus
882 623 963 650 suis:

179 667 282 697 quanto
297 666 427 700 temporis
449 667 541 701 spncio
558 667 631 694 hunc
645 668 767 695 laborem
788 669 902 696 suﬁ'crre
914 676 964 703 po-

181 708 257 740 teris,
272 714 300 736 et
315 711 379 745 quia
400 712 479 738 ardui
503 712 605 740 laboris
624 713 669 744 sit,
689 718 719 740 ut
743 719 881 742 mereatur
903 715 965 749 quis

180 754 391 783 inhabitatorem
403 757 502 785 habere
515 758 607 790 deum,
619 759 762 794 presertim
777 760 868 795 tu,qui
880 761 964 788 multa

179 801 308 834 peccasti,
323 806 350 829 et
369 808 469 837 quanta
491 803 539 831 tibi
563 809 677 839 possunt
697 806 797 832 remitti
821 810 930 840 peccata
949 814 964 834 a

178 844 249 872 dco!
273 846 300 872 Si
321 851 412 874 autem
436 849 604 883 cognoverit,
619 849 682 883 quia
698 857 746 876 cor
769 849 842 877 illius
855 849 963 877 ﬁrmum

178 895 221 918 est
236 891 263 918 in
277 892 371 920 timore
385 894 428 921 dei
450 899 477 921 et
489 903 543 922 non
561 895 676 923 dimittit
693 896 781 923 locum
806 904 895 928 suum,
917 897 962 924 sed
981 891 999 916 Β

179 936 287 965 fortiter
307 939 409 966 resistit
423 945 451 968 ct
466 941 623 976 pugnat”),
647 946 710 969 tunc
729 943 838 970 venient
861 943 899 970 illi
913 944 964 970 sub

179 983 322 1012 occasione
338 986 448 1020 justicie
465 986 605 1015 dicentes:
631 987 752 1014 Pcccasti
774 988 883 1022 quidem
895 1009 902 1020 ,
916 989 964 1016 sed

181 1029 364 1064 penitenciam
383 1031 472 1066 egisti,
490 1032 544 1067 jam
567 1038 677 1060 sanctus
698 1041 745 1065 es;
766 1038 794 1060 ct
812 1034 915 1061 faciunt
929 1034 963 1061 il-

181 1073 238 1100 lum
250 1074 281 1110 ¹⁸)
299 1076 438 1103 recordari
454 1077 626 1112 quorundam
637 1078 777 1105 hominum
794 1080 963 1114 peccata,qui

177 1127 233 1146 non
248 1125 364 1155 egerunt
383 1122 577 1157 penitenciam,
600 1124 852 1158 superseminantes
877 1125 915 1152 illi
935 1126 963 1153 in

178 1164 262 1192 corde
275 1174 372 1193 vanam
397 1167 522 1202 gloriam.
543 1168 603 1195 Non
624 1169 712 1195 solum
739 1177 804 1196 vero
826 1170 894 1202 hec,
915 1171 963 1198 sed

177 1211 264 1237 eciam
280 1211 384 1240 faciunt
399 1213 531 1248 quosdam
550 1213 676 1241 homines
692 1215 803 1242 laudare
816 1224 878 1243 eum
897 1217 963 1243 sub-

178 1254 250 1288 dole,
268 1260 296 1283 et
315 1265 464 1291 provocare
481 1266 544 1285 cum
567 1259 602 1286 ad
626 1267 719 1294 opera,
740 1268 793 1295 que
814 1260 886 1288 ferre
908 1269 962 1289 non

177 1305 277 1336 potest,
292 1302 470 1331 immittentes
480 1304 518 1331 illi
534 1305 717 1339 cogitaciones
732 1314 787 1333 non
799 1307 925 1334 vescendi
936 1312 963 1335 ct

178 1354 233 1373 non
254 1347 375 1380 bibendi,
391 1356 441 1375 nec
455 1357 509 1376 non
523 1353 552 1376 et
564 1350 717 1385 vigiliarum
728 1371 734 1382 ,
749 1356 777 1379 et
796 1353 882 1379 multa
899 1353 961 1385 alia,

178 1400 232 1427 que
249 1393 358 1428 longum
383 1398 426 1421 est
442 1394 544 1427 dicere,
567 1400 596 1423 et
614 1396 774 1424 facilitatem
792 1398 831 1425 illi
857 1398 890 1425 ad
912 1399 963 1426 hec

178 1438 344 1473 perﬁcienda
364 1440 498 1472 tribuunt,
515 1441 537 1468 si
549 1441 580 1477 ")
598 1450 653 1477 quo
672 1443 754 1470 modo
774 1451 838 1471 eum
858 1444 892 1471 ad
911 1445 963 1472 hec

178 1484 292 1511 illiciant
315 1484 534 1521 '“),precavente
565 1488 704 1522 scriptura
730 1493 759 1516 et
781 1489 907 1518 dicente:
926 1498 961 1518 ne

177 1530 355 1559 declinaveris
375 1531 410 1559 ad
425 1532 548 1560 dextram
571 1541 660 1568 neque
678 1534 712 1561 ad
733 1534 871 1562 sinistram
883 1555 890 1568 ,
911 1537 958 1564 sed

155 1592 158 1594 ν
178 1579 283 1602 rectum
308 1576 360 1603 iter
383 1576 537 1612 ingredere.
562 1578 591 1606 Si
612 1584 704 1607 autem
730 1581 864 1616 benignus
891 1582 959 1610 deus

176 1622 356 1656 perspexerit,
369 1623 434 1658 quia
450 1624 517 1652 nulli
540 1632 636 1652 eorum
653 1626 790 1661 acquievit
802 1635 850 1655 cor
864 1628 959 1663 ipsius,

177 1666 285 1694 dicente
298 1667 378 1695 david
397 1673 425 1696 et
437 1669 470 1696 de
483 1669 672 1698 huiuscemodi
686 1673 915 1707 temptacionibus
926 1675 960 1710 “)

178 1713 363 1748 signiﬁcante:
378 1715 501 1749 probasti
511 1723 559 1743 cor
566 1724 657 1743 meum
666 1723 694 1745 et
701 1710 819 1747 visitasti
829 1725 908 1748 nocte
915 1721 960 1756 η),

177 1760 240 1794 igne
255 1767 298 1786 me
321 1760 494 1793 examinasti,
507 1766 535 1789 et
546 1769 601 1788 non
616 1767 659 1790 est
674 1763 784 1792 inventa
806 1765 832 1792 in
848 1774 891 1793 me
906 1766 960 1794 ini-

176 1804 278 1838 quitas.
294 1804 328 1831 Et
340 1804 392 1832 hoc
405 1806 636 1841 perspiciendum,
651 1815 701 1835 cur
723 1813 804 1837 nocte
814 1809 847 1845 ")
861 1810 962 1838 dixerit

176 1855 205 1877 et
214 1858 269 1877 non
280 1850 323 1878 die
334 1850 377 1886 I‘);
389 1851 515 1879 videlicet
524 1853 587 1887 quia
596 1853 849 1883 circumvenciones
859 1857 961 1884 inimici

176 1903 230 1923 nox
240 1897 428 1932 sunt,sicut“)
441 1897 537 1925 beatus
549 1899 646 1933 paulus
664 1899 732 1927 dixit
742 1900 893 1938 "),[193]
906 1911 961 1931 non

176 1949 237 1969 esse
257 1950 306 1970 nos
320 1943 389 1970 ﬁlios
402 1944 576 1972 tenebrarum
587 1945 632 1980 "),
648 1946 695 1973 sed
715 1947 795 1980 lucis,
808 1949 872 1982 quia
889 1949 962 1977 ﬁlius

177 1988 221 2015 dei
234 1988 293 2016 dies
302 1993 343 2016 cst
352 1989 396 2024 ¹⁸),
406 1989 531 2018 diabolus
540 1990 573 2026 “)
584 1999 650 2018 vero
660 1992 735 2019 nocti
745 1993 920 2021 assimilatur.
932 1994 961 2022 Si

176 2041 243 2060 vero
258 2034 309 2061 hcc
317 2036 408 2062 omnia
421 2035 491 2062 bella
502 2043 677 2071 supergressa
692 2037 774 2065 fuerit
783 2039 883 2071 anima,
896 2043 962 2067 tunc

178 2078 312 2113 incipiunt
327 2080 365 2106 illi
381 2080 525 2108 immittere
536 2082 706 2110 adversarios
716 2083 749 2119 ‘°)
766 2085 959 2119 cogitaciones,

178 2124 371 2152 fornicacionis
384 2126 552 2154 desiderium
567 2131 595 2154 et
611 2128 758 2156 nefandum
769 2130 802 2165 ³¹)
823 2135 959 2165 stuprum.

177 2168 207 2196 In
220 2169 274 2196 hiis
285 2169 317 2205 ")
333 2170 415 2205 igitur
424 2172 552 2199 omnibus
562 2172 715 2200 inﬁrmatur
724 2174 814 2202 anima
824 2179 853 2202 ct
864 2183 911 2202 cor
921 2180 962 2203 ta-

972 1559 993 1587 C

177 2215 274 2247 bcscit,
291 2221 321 2244 ut
333 2216 501 2251 impossibile
512 2217 544 2253 ³³)
557 2218 609 2245 sibi
627 2219 722 2246 credat
736 2227 796 2247 esse
809 2221 961 2248 custodiam
978 2235 1000 2262 ι)

176 2261 325 2295 castitatis,
337 2262 534 2298 subiungentes
547 2263 598 2296 illi,
611 2268 642 2291 ut
662 2264 728 2297 dixi,
746 2266 876 2300 temporis
895 2274 960 2301 pro-

175 2307 328 2341 lixitatem,
351 2309 485 2336 virtutum
511 2310 628 2337 arduum
639 2309 673 2345 ")
688 2311 820 2343 laborem,
847 2316 875 2339 et
898 2313 961 2346 quia

176 2354 279 2390 grande
294 2354 330 2382 sit
343 2362 413 2382 onus
425 2362 546 2389 Ipsarum
560 2359 589 2382 et
605 2354 776 2390 importabile
784 2355 829 2391 ³⁸),
847 2356 962 2383 subiun-

175 2404 271 2435 gcntcs
285 2400 324 2428 illi
339 2400 524 2428 inﬁrmitatem
540 2401 664 2436 corporis
676 2405 705 2428 et
722 2401 897 2437 fragilitatem
911 2410 961 2429 na-

1019 259 1065 290 rit,
1078 263 1142 286 tunc
1155 259 1289 294 benignus
1299 264 1326 286 et
1342 259 1499 286 misericors
1510 259 1578 285 deus
1590 257 1675 284 mittit
1690 256 1729 283 illi
1744 255 1801 282 vir-

1018 309 1103 331 tutem
1124 313 1210 336 suam,
1238 310 1266 331 et
1290 304 1434 331 confirmat
1458 312 1506 331 cor
1533 303 1628 338 ipsius,
1648 307 1677 329 et
1697 301 1744 328 dat
1763 300 1802 328 illi

1017 350 1136 377 leliciam
1153 355 1181 376 et
1199 350 1371 385 refrigerium
1387 355 1414 376 et
1428 349 1646 384 possibilitatem,
1658 351 1689 374 ut
1702 346 1802 373 ἴοι-οἰοι-

1017 396 1135 423 inimicis
1154 397 1318 428 inveniatur,
1345 401 1376 423 ut
1397 397 1505 423 illorum
1527 395 1660 423 adversus
1680 394 1756 421 illum
1767 392 1801 427 “)

1016 450 1105 477 pugna
1120 442 1153 477 ³⁷)
1171 450 1223 469 non
1240 443 1388 477 prcvalcat,
1405 441 1617 475 tinlentibusque
1635 443 1738 474 prestat
1750 439 1803 465 vir-

1017 491 1102 515 tutem
1114 488 1159 523 ³⁸),
1174 488 1245 515 sicut
1259 493 1286 514 et
1300 493 1410 514 sanctus
1428 488 1525 522 paulus
1537 487 1621 514 dicit.:
1631 485 1799 517 contendite,

1015 538 1044 560 et
1068 534 1209 568 accipietis
1230 533 1371 560 virtutem.
1397 533 1452 559 llcc
1472 533 1572 567 quippe
1593 531 1625 565 3“)
1643 535 1685 558 est
1703 529 1800 561 virtus,

1015 586 1097 612 quam
1114 578 1210 605 beatus
1234 582 1329 612 petrus
1347 577 1469 612 loquitur
1487 577 1599 603 dicens:
1621 575 1802 602 hereditatem

1015 625 1200 659 incorruptam
1227 629 1255 651 et
1278 623 1530 650 immarccssibilem
1560 626 1747 648 conservatam
1774 620 1803 646 in

1015 671 1081 698 eclis
1098 672 1124 697 in
1138 671 1224 702 vobis,
1236 670 1283 704 qui
1299 670 1326 696 in
1342 668 1483 704 virtute“)
1500 667 1543 695 dei
1561 665 1735 694 custodimini
1754 673 1802 700 per

1016 715 1106 741 ﬁdem.
1123 715 1199 741 Tunc
1217 715 1352 749 benignus
1372 718 1399 741 et
1416 714 1536 740 clemens
1555 712 1634 743 deus,
1647 711 1670 737 si
1690 710 1800 742 viderit,

1014 761 1079 795 quia
1089 761 1121 796 δ’)
1139 769 1186 787 cor
1197 761 1280 795 ipsius
1300 760 1507 787 corroboratum
1521 764 1564 786 est
1577 765 1659 792 super
1676 757 1803 784 inimicos

1014 813 1088 838 suos,
1109 811 1173 834 tunc
1193 806 1324 841 paulatim
1344 806 1482 832 subtrahit
1498 805 1639 835 virtutem,
1657 802 1801 837 qneilli“)

1015 853 1209 887 opitulabatur,
1224 857 1252 879 et
1262 851 1387 879 concedit
1398 851 1516 878 inimicis
1531 848 1730 884 impugnare“)
1739 855 1802 874 eum

1015 898 1098 924 variis
1112 897 1347 932 concupiscenciis
1356 897 1456 928 carnis,
1473 904 1523 923 nec
1544 903 1599 922 non
1613 899 1641 921 et
1656 902 1725 920 vane
1742 894 1801 928 glo—

1016 943 1055 970 rie
1065 943 1097 978 ⁸⁵)
1113 943 1273 978 cupiditate,
1289 947 1317 970 et
1332 942 1470 977 superbia.
1484 940 1637 974 ceterisque
1647 938 1692 971 "),
1705 946 1759 972 que
1768 938 1802 972 δ⁸)

1015 989 1048 1016 ad
1061 989 1245 1023 pcrdicionem
1262 989 1383 1020 trahunt,
1397 992 1427 1014 ut
1439 985 1636 1022 propemodum
1648 984 1680 1019 ")
1694 984 1802 1011 assimi-

1014 1034 1086 1061 letur
1106 1034 1178 1065 navi,
1196 1041 1249 1068 quc
1266 1034 1325 1061 sine
1345 1033 1531 1068 gubernaculo
1555 1032 1582 1058 in
1605 1030 1727 1065 scopulis
1749 1029 1803 1057 huc

1014 1080 1174 1116 illucque")
1187 1080 1311 1107 oﬁ‘endit.
1333 1079 1400 1106 Cum
1421 1082 1512 1105 autem
1530 1085 1577 1104 cor
1593 1076 1697 1112 eius")
1712 1083 1803 1102 emar-

1014 1126 1102 1152 cuerit
1118 1126 1144 1152 in
1158 1126 1221 1157 hiis,
1237 1129 1264 1152 et
1278 1125 1314 1152 ita
1325 1125 1358 1160 ⁵⁸)
1371 1124 1503 1151 defecerit
1516 1123 1548 1150 ad
1564 1124 1670 1158 singula
1684 1127 1803 1157 tempta-

1014 1171 1148 1206 menta“)
1166 1171 1286 1201 inimici,
1305 1176 1371 1198 tunc
1387 1171 1422 1197 ho
1444 1169 1547 1206 [195.]
1570 1170 1675 1196 minum
1697 1171 1803 1195 amator

1013 1216 1099 1248 deus,
1116 1225 1210 1244 curam
1238 1217 1342 1244 habens
1365 1219 1491 1243 creature
1518 1223 1584 1247 sue,
1608 1214 1732 1241 immittit
1762 1212 1802 1239 illi

1013 1267 1136 1290 sanctam
1154 1263 1285 1290 virtutem
1310 1266 1339 1290 et
1365 1262 1520 1292 conﬁrmat,
1545 1260 1687 1288 subiciens
1706 1267 1754 1286 cor
1773 1263 1802 1286 et

1013 1308 1131 1335 animam
1147 1312 1174 1335 et
1189 1316 1290 1343 corpus
1309 1308 1394 1343 ipsius
1407 1312 1435 1334 ct
1449 1307 1539 1334 omnia
1560 1307 1662 1333 viscera
1677 1305 1737 1332 eius
1750 1305 1802 1332 sub

1014 1353 1076 1389 iugo
1089 1354 1213 1389 paraeliti
1226 1354 1271 1388 δ’),
1290 1354 1348 1388 ipso
1360 1353 1486 1380 dicente:
1505 1352 1590 1380 tollite
1601 1352 1694 1386 iugum
1710 1358 1802 1378 meum

1012 1407 1096 1434 super
1109 1407 1157 1426 vos
1173 1403 1201 1426 et
1211 1399 1308 1426 discite
1321 1406 1335 1425 a
1347 1406 1402 1431 me,
1421 1398 1489 1433 quia
1509 1397 1582 1425 mitis
1595 1404 1655 1424 sum
1667 1400 1695 1423 et
1709 1395 1801 1423 humi—

1012 1445 1046 1472 lis
1065 1445 1159 1472 corde.
1185 1445 1220 1472 Et
1245 1445 1285 1472 sic
1311 1444 1421 1472 demum
1446 1443 1581 1478 benignus
1603 1442 1671 1469 deus
1689 1441 1802 1476 incipiet

1012 1489 1192 1525 adaperire”)
1216 1490 1310 1517 oculos
1335 1489 1426 1516 cordis
1441 1488 1527 1523 ipsius
1537 1487 1582 1522 ι⁵⁵),
1599 1492 1630 1514 ut
1654 1487 1799 1521 intelligat,

1012 1536 1141 1570 quoniam
1158 1536 1216 1570 ipse
1227 1541 1279 1567 est,
1295 1535 1343 1570 qui
1359 1535 1504 1562 conﬁrmat
1515 1541 1579 1561 eum
1589 1553 1596 1565 ,
1613 1537 1641 1560 et
1657 1536 1722 1560 tunc
1737 1540 1800 1560 vere

1015 1581 1127 1616 incipiet
1146 1589 1226 1608 nosse
1245 1581 1327 1608 homo
1342 1580 1474 1608 honorem
1500 1579 1565 1606 dare
1574 1579 1626 1606 deo
1645 1586 1707 1606 cum
1725 1579 1798 1605 omni

1015 1626 1168 1653 humilitate
1188 1630 1216 1653 et
1230 1625 1337 1652 actione
1351 1624 1515 1660 graciarum,
1532 1624 1603 1650 sicut
1619 1622 1701 1649 david
1716 1621 1798 1649 dicit:

1014 1671 1178 1699 sacriﬁcium
1194 1671 1245 1698 deo
1258 1671 1370 1705 spiritus
1385 1669 1595 1696 contribulatus.
1610 1668 1651 1695 Ex
1663 1668 1716 1694 hoc
1726 1668 1799 1695 enim

1014 1718 1107 1745 labore
1121 1718 1202 1752 prelii
1221 1717 1362 1744 humilitas
1380 1719 1408 1744 et
1420 1715 1621 1743 contribulaeio
1632 1719 1659 1742 et
1671 1721 1799 1741 mansuc—

1015 1765 1080 1791 tudo
1101 1763 1216 1791 eﬂicitur
1244 1763 1289 1798 ⁸³).
1312 1763 1380 1790 Cum
1399 1761 1453 1788 hiis
1473 1761 1556 1795 igitur
1571 1760 1699 1788 omnibus
1717 1759 1801 1786 fuerit

1014 1809 1157 1844 probatus,
1175 1812 1240 1836 tunc
1251 1808 1363 1843 incipiet
1376 1808 1414 1834 illi
1430 1807 1543 1842 spiritus
1554 1810 1664 1833 sanctus
1680 1804 1800 1832 revelare

1014 1855 1122 1881 occulta
1131 1854 1176 1889 ⁵³),
1190 1854 1243 1881 hoc
1260 1857 1311 1885 est,
1328 1862 1380 1888 que
1395 1853 1496 1880 sanctis
1506 1853 1565 1879 iure
1586 1852 1738 1885 meritoque
1754 1850 1800 1877 dc—

1014 1899 1114 1927 bentur
1129 1904 1158 1927 et
1172 1899 1235 1932 hiis,
1248 1900 1295 1934 qui
1311 1902 1422 1934 sperant
1434 1906 1516 1933 super
1527 1897 1715 1924 misericordia
1728 1897 1798 1928 eius,

1013 1949 1042 1973 et
1057 1949 1121 1972 tunc
1137 1948 1244 1980 reputat
1259 1953 1351 1972 secum
1373 1944 1454 1971 homo
1469 1943 1564 1970 dicens
1581 1942 1645 1970 illud
1667 1942 1799 1977 apostoli-

1014 1998 1076 2018 cum
1089 1999 1096 2017 :
1114 1991 1178 2025 quia
1193 1998 1247 2017 non
1265 1994 1329 2017 sunt
1340 1989 1473 2024 condigne
1487 1988 1628 2023 passiones
1638 1987 1721 2014 huius
1732 1991 1800 2013 tem-

1013 2035 1090 2070 poris
1108 2035 1143 2062 ad
1153 2035 1272 2062 futuram
1286 2031 1409 2069 gloriam,
1422 2041 1476 2068 que
1490 2033 1657 2060 revelabitur
1672 2031 1699 2059 in
1709 2031 1798 2063 nobis,

1014 2086 1042 2109 et
1052 2081 1117 2108 illud
1131 2081 1227 2108 david:
1249 2080 1315 2115 quid
1329 2080 1403 2106 enim
1419 2079 1501 2106 michi
1517 2083 1558 2106 est
1575 2078 1601 2104 in
1615 2078 1674 2105 celo
1685 2098 1691 2110 ,
1704 2083 1731 2104 et
1745 2085 1760 2104 a
1773 2081 1798 2104 te

1014 2127 1079 2162 quid
1092 2126 1165 2154 volui
1178 2133 1259 2161 super
1271 2125 1390 2153 terram?
1400 2125 1453 2151 hoc
1465 2130 1507 2152 est
1518 2133 1524 2150 :
1538 2132 1553 2150 ο
1566 2123 1685 2155 domine,
1697 2127 1798 2158 quanta
1835 2142 1843 2149 .

1014 2172 1097 2200 michi
1114 2179 1260 2207 paraveras
1283 2171 1311 2198 in
1333 2171 1402 2202 celo,
1420 2175 1448 2198 et
1468 2178 1519 2205 ego
1538 2170 1604 2205 quid
1623 2178 1637 2196 a
1656 2172 1683 2196 te
1700 2175 1799 2204 quere-

1015 2217 1117 2252 bam")
1136 2217 1164 2244 in
1184 2216 1240 2243 vita
1252 2216 1381 2243 mortali?
1396 2216 1430 2242 Et
1446 2216 1486 2242 sic
1504 2216 1591 2242 eciam
1610 2214 1742 2249 incipient
1758 2213 1798 2241 illi

1013 2264 1129 2292 revelari
1146 2266 1295 2294 tormenta,
1311 2269 1365 2296 que
1379 2261 1486 2296 passuri
1502 2264 1567 2287 sunt
1584 2264 1755 2295 peccatores,
1770 2263 1799 2286 et

1014 2310 1098 2337 multa
1121 2309 1185 2341 alia,
1204 2316 1258 2344 que
1280 2316 1324 2335 me
1339 2311 1447 2334 tacente
1471 2311 1581 2334 sanctus
1600 2306 1641 2332 vir
1660 2305 1797 2340 intelligit.

1013 2356 1078 2383 Post
1088 2355 1139 2382 hec
1148 2362 1213 2381 vero
1222 2354 1313 2381 omnia
1324 2353 1435 2388 incipiet
1449 2353 1598 2388 paraclitus
1610 2352 1679 2380 inire
1688 2357 1797 2387 pactum

1014 2409 1077 2429 cum
1094 2400 1213 2436 puritate
1231 2399 1322 2427 cordis
1347 2399 1434 2434 ipsius
1461 2403 1489 2426 et
1514 2399 1604 2425 anime
1624 2397 1750 2425 ﬁrmitate
1770 2402 1799 2425 et

825 2461 952 2489 VABJAE
971 2460 1172 2488 LECTIONES.

219 2515 242 2552 ⁹)
254 2516 274 2544 C
299 2516 420 2545 radendo
431 2516 617 2553 confinia-ito.
629 2533 659 2537 —
674 2516 712 2550 ³ο)
729 2517 749 2545 Β
767 2519 918 2545 resistat.—
928 2517 1010 2553 “)AB
1019 2515 1316 2553 impugnaciones.—-“)
1329 2515 1349 2542 B
1362 2515 1561 2553 pnndpttm;—
1573 2513 1604 2549 ¹³)
1617 2513 1637 2541 C
1647 2514 1716 2553 male
1726 2518 1798 2553 ιιι-τ-

178 2552 211 2584 ⁷’⁵)
224 2549 267 2578 AB
282 2561 398 2587 prorsus.
408 2566 443 2572 -α
455 2553 487 2587 ’⁵)
500 2552 540 2579 BC
554 2561 634 2587 prope
642 2549 758 2580 modum.
770 2569 806 2573 ——
827 2553 858 2586 ’⁸)
871 2554 894 2580 Α
907 2549 1025 2588 vincique
1036 2549 1110 2588 αξ-ῖν
1120 2553 1140 2567 ⁸⁷
1151 2552 1198 2588 λοι
1209 2549 1310 2587 pugnat
1322 2549 1375 2578 om.
1389 2549 1491 2588 4L4”)
1503 2549 1522 2577 C
1539 2549 1682 2583 διατι-’⁸)
1728 2550 1798 2588 male

176 2587 231 2614 sed.
252 2603 287 2607 —
296 2588 330 2623 ‘°)
344 2587 389 2623 AB
402 2587 528 2623 illiceant.
541 2603 576 2606 —
587 2587 620 2622 ")
633 2589 655 2615 Α
667 2589 874 2622 cogitationibus.
905 2604 939 2608 ——
950 2588 984 2623 ")
996 2587 1016 2615 C

1054 2585 1169 2621 probasti
1183 2585 1227 2613 car
1242 2585 1328 2612 incum
1338 2590 1361 2612 et
1372 2586 1482 2621 visitasti
1495 2593 1635 2621 cornicum
1649 2588 1672 2610 et
1687 2585 1798 2621 uisitasti

212 2627 294 2663 nocte.
308 2618 384 2657 4")
402 2622 443 2649 BC
457 2623 485 2649 in
497 2627 579 2650 nocte.
593 2618 628 2642 4
638 2623 670 2654 ’³)
685 2618 725 2651 lic
741 2624 768 2650 in
780 2624 831 2650 die.
846 2639 881 2644 —-
894 2623 928 2673 ’δὲ
939 2623 959 2650 C
975 2618 981 2623 ’
996 2618 1079 2652 simul,
1094 2626 1122 2648 et
1138 2622 1177 2661 sic
1191 2621 1338 2655 ubique.——
1358 2622 1380 2636 ’³
1388 2620 1429 2647 BC
1441 2621 1512 2646 dicit.
1527 2619 1560 2655 ¹⁷)
1574 2619 1615 2646 BC
1632 2619 1798 2661 teifrbrarum

212 2666 256 2684 eos.
285 2673 320 2678 —
336 2657 368 2693 ’³)
386 2663 422 2684 est
434 2665 490 2685 om.
503 2658 636 2693 Α.ν-ν²⁹)
651 2658 671 2685 C
684 2658 827 2693 Dyabolus.
859 2674 895 2678 —
906 2660 914 2673 ³
930 2659 939 2693 )
957 2657 997 2685 BC
1019 2656 1280 2693 quuersarie.V_—“)
1348 2655 1578 2693 n._eplmndum._:—_
1589 2655 1685 2693 fibris
1696 2662 1750 2681 om.

176 2657 256 2694 ﬁlios.
285 2673 320 2694 _—
336 2657 368 2693 ”)
386 2663 422 2694 est
434 2665 490 2685 om.
503 2658 636 2694 A.;—_")
651 2658 671 2685 C
684 2658 827 2694 Dyabolus.
859 2674 895 2678 —
906 2660 914 2673 ³

957 2657 997 2685 BC
1034 2657 1192 2683 adversaria.
1205 2656 1280 2692 7—“)
1348 2655 1578 2692 "gap/randum.
1589 2655 1685 2692 flhiis
1696 2662 1750 2681 om.

175 2689 209 2712 έ-
224 2692 256 2727 ³³)
280 2692 302 2719 Λ
315 2689 461 2727 possibilcm
491 2709 525 2712 —
539 2692 572 2728 ")
585 2692 607 2719 A
624 2689 727 2724 ὶιιη-ιιηῖ,
753 2693 773 2720 C
798 2702 905 2720 vanum.
930 2689 976 2712 ’-
986 2691 1027 2728 _"-‘)
1042 2691 1240 2728 Bjnportabile.
1261 2689 1341 2728 ᾖξε)
1353 2689 1553 2728 C'cunt._——“)
1566 2689 1608 2728 AC
1620 2690 1796 2728 impugnacio;

181 2743 216 2747 —
232 2724 265 2761 ³⁸)
283 2728 303 2754 Δ
315 2724 515 2761 ἰίηιεηιῑιιιηφιε
540 2724 606 2762 quae
619 2728 748 2755 imitabile!
763 2730 790 2754 in
802 2737 831 2755 eo
850 2724 1045 2759 υἰνιιιιθηιῖξέ-
1059 2726 1091 2760 ³⁸)
1102 2724 1196 2762 quippe
1207 2734 1261 2752 om.
1277 2724 1336 2762 BC.’
1361 2740 1397 2762 j—
1408 2725 1440 2759 ⁵ο)
1457 2725 1477 2750 Β
1491 2725 1680 2762 perJLirlutem.
1698 2740 1732 2744 —
1743 2724 1763 2739 δ’
1778 2725 1798 2751 Β

175 2768 314 2797 quantum.
340 2763 391 2797 -δ
406 2763 440 2798 'f")
457 2759 498 2790 illi
515 2759 569 2790 om.
588 2762 638 2789 BC.
669 2778 704 2783 ——
738 2763 790 2790 "C
805 2764 875 2790 male
911 2770 1039 2798 pugnare.
1215 2761 1401 2798 vaneugloria.
1432 2759 1510 2798 -_—__“_)
1531 2759 1572 2786 BC
1590 2765 1796 2798 ceterarumque.

174 2794 253 2827 5—“)
271 2806 321 2829 que
331 2794 436 2825 omTCf
456 2813 492 2817 —
505 2798 537 2831 u)
550 2798 571 2824 Β
587 2806 666 2832 prope
682 2798 799 2825 modum.
836 2813 872 2818 ——
889 2794 922 2832 "‘)
934 2794 957 2824 A—
972 2801 1050 2831 atque
1062 2794 1178 2823 illucf—
1192 2797 1225 2832 δξ)
1242 2796 1263 2823 Α
1275 2794 1356 2823 illius.
1386 2810 1422 2832 T-
1439 2794 1472 2829 ³⁰)
1488 2795 1593 2832 ιζ-ρζιιι
1609 2795 1799 2832 addicam.—

177 2832 210 2864 ")
225 2832 245 2859 B
256 2833 461 2873 dantptnmcnta.
489 2828 564 2867 —-"")
577 2828 759 2873 ᾹΙρὶιι-ητΙῃιί..
784 2848 819 2852 --
854 2832 887 2894 ⁵³2
906 2828 928 2860 Ᾱ
942 2828 1054 2869 aperire.
1072 2846 1106 2851 -—-
1118 2831 1151 2867 ¹⁵⁸)
1171 2828 1221 2860 ΒΟ
1234 2832 1315 2866 ipsius
1333 2830 1426 2858 cordis.
1455 2828 1535 2864 '—")
1549 2829 1570 2856 Β
1588 2828 1748 2864 efﬁciuntur.
1762 2842 1798 2849 —-

177 2867 212 2894 "‘l
230 2867 253 2894 Δ
265 2867 409 2894 ecclesiam.
430 2883 463 2887 —
474 2867 507 2894 “l
525 2867 545 2894 Β
560 2868 623 2894 quid
642 2877 658 2894 a
675 2872 698 2894 te
714 2867 777 2894 nmd
794 2876 872 2894 (mere
890 2876 943 2894 am.

176 2867 212 2902 "‘)
230 2867 253 2896 Δ
265 2867 409 2894 ecclesiam.
430 2883 463 2887 —
474 2867 507 2902 ⁵⁷)
525 2867 545 2894 Β
560 2867 623 2901 quid
642 2877 658 2894 a
675 2872 698 2894 te
709 2867 777 2902 quid
794 2867 943 2902 querebam.
