2064 3152
226 170 278 197 409

948 167 1148 195 ΕΡΙΞΤΟΙΑΕ.

1796 172 1848 200 ﬂ")

225 227 370 254 sanctitate
383 224 506 260 corporis
519 228 547 252 et
561 233 623 252 cum
641 225 754 260 spiritus
767 225 827 253 eius
844 225 1010 258 humilitate,
1026 230 1046 256 Α
1062 229 1114 258 est,
1129 230 1157 253 et
1169 226 1297 260 quoniam
1310 226 1367 262 ipse
1377 226 1409 262 “)
1422 232 1463 254 cst
1474 227 1529 254 vita
1543 227 1612 260 eius,
1624 227 1732 255 dicente
1746 228 1826 257 david
1842 235 1847 252 1

222 276 251 301 et
261 272 344 299 faciet
351 272 386 307 ")
401 279 464 299 eum
475 271 602 306 progredi
609 271 644 307 “)
651 276 862 303 omnemcrcatu
868 279 935 304 ram,
943 275 1012 298 etut

222 325 279 346 non
294 318 423 352 loquatur
442 325 474 345 os
485 318 546 345 eius
564 326 646 353 opera
661 317 818 349 hominum,
840 323 869 345 et
888 321 918 345 ut
936 321 1012 344 recta

223 364 310 392 oculis
326 364 383 391 suis
400 363 501 396 videat,
522 368 550 391 et
564 367 594 391 ut
616 364 658 391 ori
680 371 730 391 suo
747 363 898 391 custodiam
918 366 1011 398 ponat,

223 414 251 437 et
262 409 315 437 iter
328 409 410 437 faciat
422 413 527 436 rectum
536 408 713 444 “)gressibus
724 408 821 441 suis,et
834 412 864 435 ut
877 407 1012 436 iusticiam

222 455 324 484 habeat
347 463 477 482 manuum
496 462 623 487 suarum,
637 455 689 482 hoc
706 458 749 481 est
767 461 891 488 operum,
909 458 937 482 et
950 461 1013 480 ora-

220 502 310 529 eiouis
321 502 494 534 instanciam,
510 509 561 528 nec
572 508 628 528 non
637 499 704 535 et")
720 499 899 527 ailliccionem
914 506 1012 534 corpo-

224 548 264 576 ris
274 552 303 576 et
317 548 472 583 vigiliarum
493 547 689 582 frequenciam.
703 546 738 574 Et
749 546 801 574 hec
819 545 938 581 disponit
950 552 1013 572 cum

223 601 259 622 eo
269 594 297 621 in
311 601 441 621 mensura
456 597 484 621 et
495 593 675 625 discrecione,
684 597 712 620 et
723 599 777 619 non
789 592 817 619 in
829 591 1012 623 turbuleucia,

221 640 270 667 sed
286 640 314 667 in
329 640 423 674 quiete
434 639 478 675 ⁸¹).
492 639 520 666 Si
532 646 598 666 vero
610 646 687 665 mens
706 638 791 673 ipsius
802 637 1014 672 disposicionem

219 684 309 712 sancti
330 684 434 720 [195]
464 685 577 719 spiritus
597 683 808 718 contempserit,
830 688 895 710 tunc
914 682 1012 715 virtus,

222 739 274 766 que
287 731 315 758 in
326 739 390 758 eum
400 731 434 766 ")
446 731 543 758 collata
553 729 693 765 fuerat“),
703 729 829 762 discedit,
839 734 867 756 et
875 729 914 756 sic
923 737 1013 765 pugne

222 776 378 803 elIiciuntur
398 776 426 803 in
447 776 529 803 corde
550 775 612 803 eius
637 779 664 803 et
686 775 916 802 conturbaciones
925 774 969 810 “),
986 779 1014 803 et

222 822 390 849 conturbant
401 822 505 857 eum“)
521 822 664 857 passiones
677 821 801 856 corporis
811 828 860 856 per
873 826 1012 848 momenta

221 868 328 903 singula
341 869 546 904 expugnacione
563 867 676 895 inimici.
697 867 725 894 Si
742 870 832 894 autem
849 874 1012 894 conversum

1063 273 1178 300 clamavi
1191 273 1225 300 ad
1241 277 1267 300 te
1279 278 1307 300 et
1321 274 1422 301 sanasti
1440 281 1500 307 me;
1513 278 1541 302 ct
1556 275 1654 302 iterum
1668 283 1674 301 :
1695 275 1759 310 quia
1778 277 1851 311 apud

1063 323 1089 346 te
1102 323 1145 346 est
1155 318 1216 346 fons
1227 319 1309 346 vitae.
1323 319 1408 355 igitur
1425 320 1576 348 secundum
1592 328 1683 348 meum
1703 321 1852 348 consilium

1062 364 1174 399 quidem
1184 363 1286 400 7°),nisi
1296 365 1378 392 homo
1389 365 1518 400 grandem
1527 366 1722 404 possederit")
1736 367 1850 395 humili-

1063 412 1157 441 tatem,
1172 416 1225 443 que
1244 409 1377 437 virtutum
1390 410 1511 437 omnium
1525 410 1633 438 culmen
1650 415 1702 444 est,
1717 416 1746 439 et
1760 417 1852 440 custo-

1063 454 1136 481 diam
1148 455 1271 490 posuerit
1281 455 1322 482 ori
1334 463 1394 488 suo,
1408 460 1436 483 et
1445 456 1520 483 cordi
1533 457 1657 485 timorem
1670 457 1725 491 dei,
1736 462 1764 486 et
1777 458 1805 486 in
1816 462 1851 487 eo

1063 500 1175 535 quidem
1194 508 1223 528 se
1238 501 1336 536 probat
1348 501 1483 529 excellere
1506 503 1615 535 ceteris,
1629 511 1684 531 non
1708 511 1738 532 se
1757 505 1850 540 prefe-

1063 547 1148 583 rat")
1165 551 1294 582 tanquam
1313 548 1416 583 aliquid
1438 548 1503 576 boni
1517 549 1622 582 fecerit,
1643 555 1671 577 et
1692 555 1721 577 ut
1736 551 1851 586 injurias

1063 592 1116 620 sibi
1130 593 1219 620 illatas
1237 593 1356 621 libenter
1368 593 1490 627 sufferat,
1512 599 1540 622 et
1554 595 1668 630 prebeat
1686 597 1850 631 percutienti

1063 645 1093 666 se
1108 639 1189 666 aliam
1208 639 1356 673 maxillam,
1369 644 1397 667 et
1410 645 1439 667 ut
1450 640 1484 668 ad
1495 648 1576 668 omne
1593 648 1661 676 opus
1675 641 1777 669 bonum
1790 643 1851 670 via.-

1063 684 1152 712 lenter
1162 690 1288 721 erumpat
1307 690 1336 713 et
1359 686 1481 721 diripiat,
1494 691 1523 714 et
1543 692 1574 714 ut
1591 687 1710 714 animam
1728 696 1805 715 suam
1822 688 1851 716 in

1063 739 1146 758 manu
1159 735 1251 767 portet
1264 733 1343 768 quasi
1364 733 1478 761 cottidie
1491 734 1644 761 moriturus
1654 754 1661 766 ,
1678 738 1706 762 et
1724 738 1755 761 ut
1783 743 1851 762 vana

1064 778 1145 805 ducat
1170 780 1272 812 omnia,
1298 787 1351 814 que
1372 780 1423 807 sub
1448 780 1500 807 hoc
1512 779 1545 816 ⁷³)
1568 780 1666 816 sole“)
1688 786 1849 812 cernuntur,

1064 828 1092 850 et
1103 824 1137 858 τ⁸)
1152 823 1226 852 dicat
1239 833 1244 850 :
1263 825 1344 859 cupio
1357 825 1469 852 dissolvi
1483 830 1583 853 etesse
1600 833 1662 852 cum
1674 825 1794 858 Christo,
1806 830 1849 853 et:

1063 868 1148 896 michi
1161 870 1254 897 vivere
1272 870 1398 898 Christus
1409 876 1451 898 est
1469 875 1498 898 et
1517 871 1585 898 mori
1599 871 1717 904 lucrum,
1733 880 1787 898 non
1800 879 1850 906 po-

221 913 305 941 fuerit
320 922 368 941 cor
391 915 452 941 eius
476 918 503 941 et
530 913 682 949 optinuerit
691 912 727 949 ⁸⁷)
749 917 878 948 precepta
898 912 1011 948 spiritus
1028 904 1049 932 Β
1063 915 1128 942 terit
1146 920 1276 951 precepta
1292 923 1400 944 servare
1421 917 1535 951 spiritus
1548 917 1644 945 sancti.
1665 916 1780 953 Explicit
1795 904 1851 953 ἐρί-

221 961 318 992 sancti,
329 961 466 996 protcccio
476 960 580 988 domini
592 959 622 987 ﬁt
633 967 715 994 super
725 966 798 986 eum.
807 958 842 986 Et
850 963 915 986 tunc
926 959 1009 987 homo

221 1007 403 1042 agnoscet“),
417 1007 482 1043 quia
495 1006 684 1034 indesinenter
700 1004 834 1032 adherere
849 1004 1008 1033 deobouum

1062 960 1132 989 stola
1145 961 1214 989 beati
1229 961 1358 990 Macltarii
1370 962 1405 990 ad
1418 962 1542 999 ﬁlios"),

858 1084 987 1113 VARIAE
1006 1085 1207 1115 LECTIONES.

264 1143 300 1178 ")
314 1143 337 1170 Α
360 1143 432 1178 facit.
446 1143 531 1179 —-")y
554 1142 577 1170 Α
598 1143 760 1178 supergredi.
776 1159 811 1164 —
825 1144 858 1179 ‘°)
881 1144 904 1172 Α
930 1145 982 1171 iter
1010 1149 1110 1173 rectum

1136 1146 1228 1186 faciat.
1354 1153 1379 1175 et
1400 1156 1454 1176 om.
1530 1150 1610 1186 ——‘f)
1639 1151 1684 1178 sed
1715 1151 1743 1178 in
1765 1151 1851 1186 quiete

256 1186 310 1205 om.
336 1179 388 1205 BC.
404 1193 440 1198 —
451 1179 483 1213 “)
499 1178 540 1206 BC
565 1179 593 1205 in
613 1187 652 1219 eo.
669 1194 704 1200 η
720 1178 754 1212 ⁸⁸)
783 1179 804 1206 Β
819 1179 878 1219 fuit.
890 1195 927 1199 ——-
941 1180 974 1215 ⁸⁵)
996 1179 1016 1207 C
1027 1178 1220 1209 tribulaéiones.
1238 1198 1275 1203 —-—
1291 1178 1324 1218 ⁸⁸)
1342 1192 1401 1210 eum
1418 1192 1472 1211 om.
1485 1185 1515 1212 Ο.
1530 1201 1566 1205 -
1580 1178 1613 1237 ""2
1628 1186 1648 1213 C
1664 1178 1850 1213 obtinuerit—#-

257 1214 290 1237 “l
308 1214 327 1237 Δ
343 1219 528 1237 εοιιηοηρι.-
538 1213 571 1237 “i
584 1214 603 1237 Δ
616 1222 712 1237 imum.
724 1214 803 1237 —"°\
814 1215 919 1237 (trudam
929 1223 983 1237 nm.
996 1214 1048 1237 RE.
1084 1217 1163 1237 ..-τη
1180 1218 1221 1237 RR
1236 1219 1378 1237 ηηευΑοοιέρ
1392 1220 1517 1237 nvi-nilum
1544 1235 1578 1237 ξ
1588 1221 1597 1236 1
1615 1222 1622 1237 i
1637 1221 1656 1237 ρ
1676 1221 1793 1237 "me..."

281 1214 291 1284 ζ
306 1214 329 1240 Α
343 1219 528 1249 εορηοεεει.-
538 1213 571 1248 69)
582 1214 605 1240 A
616 1214 712 1274 ipsum.
724 1214 803 1249 —"°)
814 1213 919 1249 quidem
929 1213 983 1242 om.
996 1214 1048 1242 BC.
1084 1231 1120 1236 --
1129 1217 1163 1251 ⁷¹)
1235 1213 1378 1259 possederit
1391 1220 1529 1254 grandem.
1544 1235 1578 1240 -—
1588 1213 1622 1255 τί)
1637 1221 1657 1248 C
1696 1221 1803 1255 referat.
1814 1236 1850 1241 -—

303 1249 349 1275 hoc
361 1256 416 1275 om.
434 1249 463 1276 B.
474 1248 580 1284 ——'{‘),C
593 1257 621 1275 so
634 1257 647 1275 e
666 1249 723 1276 hoc.
735 1264 771 1270 -—-
785 1249 820 1284 ")
836 1254 860 1276 et
876 1257 934 1278 om.
953 1249 1029 1278 0.-
1065 1251 1100 1284 ⁷⁸)
1112 1252 1229 1284 Explica
1249 1253 1360 1284 epistola
1374 1254 1443 1281 beati
1459 1254 1589 1282 Mucharii
1601 1256 1635 1282 ad
1650 1230 1719 1284 ﬁlios
1734 1264 1788 1283 om.
1802 1256 1848 1284 ΔΑ

259 1248 291 1290 ξι)
303 1248 416 1290 (nouom.
593 1248 647 1275 sole
664 1249 723 1290 [ξοδ.
735 1264 771 1270 -
785 1248 824 1285 ⁷⁸)
836 1254 860 1276 et
876 1257 934 1278 om.
953 1249 1029 1278 0.-
1065 1251 1100 1286 ⁷⁸)
1112 1248 1360 1289 Explicit'epistola
1374 1248 1443 1281 ὸέαιὶ
1459 1254 1589 1282 Macharii
1601 1248 1635 1282 a'd
1648 1248 1788 1290 ﬁlios'om.
1802 1256 1848 1289 A.;

256 1277 324 1311 θέαιὶ
338 1283 449 1310 Macarii
465 1284 499 1311 ad
510 1277 579 1318 ﬁlii»
596 1291 651 1311 om.
661 1284 692 1312 ρ.

997 1467 1064 1512 ΙΙ.

450 1575 744 1623 EPISTOLA
792 1577 999 1622 SANCTI
1045 1575 1292 1623 MACARII
1337 1576 1620 1623 AEGYPTII

791 1672 873 1703 CUM
892 1671 1085 1702 VERSIONE
1105 1671 1296 1703 EDITORIS.

464 1816 520 1843 Cod.
534 1823 578 1841 ms.
592 1822 676 1847 graec.
690 1815 745 1841 ποι.
761 1815 789 1840 16
800 1815 864 1841 Bibl.
876 1816 939 1848 Reg.
954 1817 1125 1842 Berolinensis
1137 1817 1299 1849 bombycinus
1316 1818 1387 1843 Saec.
1402 1825 1436 1843 ιιι
1448 1818 1489 1844 vel
1500 1825 1543 1843 xui
1558 1817 1602 1842 fol.

251 1872 406 1909 Antecedunt
417 1872 546 1909 epistolam
560 1870 624 1909 ‘inde
636 1870 665 1907 ab
689 1869 760 1909 initio
771 1871 861 1909 codicis
870 1878 884 1909 ἱ(
897 1870 948 1909 Τᾳῦ
960 1872 1028 1909 daqu
1051 1873 1145 1909 Παξρξς
1155 1874 1223 1909 ἡμῶν
1232 1872 1367 1909 ’Μακαρίοῖ
1375 1872 1422 1909 τοῦ.
1441 1872 1569 1908 ᾼὶτνπτίου
1590 1870 1848 1909 ὀιξιλίᾳιρξνξυμαςινιὶ

215 1903 281 1928 πάνυ
291 1904 379 1932 πολλῆς
391 1901 503 1934 ὠφελείας
511 1902 694 1934 πεπληρωμέναι
705 1903 758 1932 περὶ
767 1904 809 1934 τῇς
819 1902 968 1934 ὀφενίλομένης
977 1904 1016 1926 καὶ
1029 1901 1219 1934 πουδάζομένης
1231 1901 1379 1934 Χριπιὰνοῖς
1388 1901 1546 1931 τελειὸτὴτοςι
1560 1902 1639 1926 :unde
1649 1901 1777 1934 epistolam
1788 1903 1850 1928 hanc

220 1934 334 1958 eiusdem
347 1932 444 1957 Macarii
454 1933 571 1964 Aegyptii
583 1938 641 1956 esse
652 1935 762 1964 apparet.
775 1932 912 1957 Notandum
931 1936 979 1961 est,
995 1935 1020 1957 in
1034 1934 1125 1958 codicis
1140 1932 1179 1957 ter
1188 1937 1213 1958 tu
1237 1932 1391 1958 hiuniliarum
1414 1934 1487 1957 verba
1497 1934 1620 1957 interdum
1634 1933 1750 1964 nonnulla
1763 1940 1849 1957 errore

222 1965 313 1997 librarii
330 1963 544 1997 excidisse,_quod
571 1970 600 1997 an
618 1970 670 1997 _uon
686 1963 762 1997 etiam
779 1964 940 1997 in__e_pistol_ae
964 1967 1232 1997 textu_iioiinunquam
1254 1964 1382 1995 acciderit,
1403 1965 1486 1989 dicere
1511 1964 1616 1988 haesito.
1633 1964 1671 1988 De
1687 1963 1772 1988 codice
1793 1964 1849 1988 vide

221 1996 402 2021 PRAEJIONENDA
417 1995 446 2020 ad
458 1993 598 2019 SfMacarii
610 1994 727 2025 Aegyptii
742 1993 860 2019 Homilias
873 1993 935 2018 infra
949 1994 996 2020 col.
1006 1995 1119 2019 $47-$48.

223 2069 279 2097 Τοῦ
290 2068 383 2096 αὑτοῦ
403 2070 490 2104 ἁγίου
505 2069 659 2102 Μιικαρίου
672 2067 818 2102 ἐπιστολὴ
831 2068 947 2103 μεγάλη
961 2068 1011 2095 καὶ
1025 2072 1046 2100 C
1062 2068 1188 2096 Eiusdem
1205 2070 1290 2096 sancti
1300 2068 1413 2096 Macarii
1434 2068 1544 2104 epistola
1561 2077 1659 2104 magna
1677 2073 1701 2095 et
1715 2068 1846 2104 perutilis.

469 2104 549 2130 πάνυ
572 2104 720 2138 ὠφέλιμος
733 2104 765 2138 ¹).

257 2149 404 2176 Γινώσκειν
427 2148 557 2184 βούλομαι
571 2149 622 2184 τὴν
638 2148 746 2176 σύνεσίν
761 2157 808 2175 σου
821 2168 828 2181 ,
845 2149 886 2175 ὅτι
902 2148 955 2184 χρὴ
969 2149 1013 2176 τὸν

218 2195 323 2222 τέλειον
338 2194 422 2229 ἄνδρα
435 2194 623 2229 ἀφιερωμένον
636 2194 805 2228 τυγχάνοντα
818 2194 855 2230 μὴ
869 2195 949 2230 μόνον
963 2195 1012 2221 αὺ-

221 2240 268 2267 τδν
280 2240 309 2266 ὲν
317 2239 379 2274 Θεῷ
396 2237 476 2271 εἶναι,
493 2239 562 2266 ἀλλὰ
576 2240 623 2265 καὶ
635 2239 680 2265 τὸν
689 2239 756 2267 Θεὸν
769 2240 798 2266 ὲν
816 2239 901 2275 αὐτῷ·
918 2239 1012 2272 καθὼς

223 2293 305 2320 φησιν
324 2284 339 2310 ὁ
354 2284 461 2319 κύριος·
479 2285 495 2311 ό
514 2284 614 2318 μένων
628 2284 662 2310 ἐν
678 2284 743 2319 ἐμοι
754 2305 761 2318 ,
779 2285 860 2320 κάγὼ
873 2285 908 2312 ἐν
920 2285 1011 2318 αὐτῷ.

218 2330 262 2357 δεῖ
275 2330 329 2366 γὰρ
351 2330 397 2356 τὸν
417 2329 464 2356 τοῦ
479 2329 548 2357 Θεοῦ
571 2329 713 2364 ἄνθρωπον
730 2330 778 2357 καὶ
797 2331 964 2366 παροικῆσαι
981 2332 1010 2357 ἐν

222 2376 261 2411 τῷ
277 2375 436 2411 σκηνώματι
453 2374 492 2410 τῷ
509 2375 608 2410 θεῑκῷ,
625 2376 672 2402 καὶ
689 2376 899 2412 κατασκηνῶσαι
922 2377 952 2403 ὲν
971 2376 1010 2412 τῷ

223 2422 293 2457 ἁγίῳ
305 2422 363 2457 δρει
379 2421 428 2456 τῆς
444 2421 578 2456 ἀχράντου
595 2421 731 2457 ϐεότητος,
750 2423 793 2449 ἵνα
809 2422 846 2458 μὴ
863 2423 942 2457 μόνον
960 2431 1010 2449 πε-

223 2465 355 2503 ριέχωνῇ,
369 2467 436 2493 ἀλλὰ
448 2466 494 2493 καὶ
502 2467 693 2502 περιεχόμενος
706 2467 758 2494 ὑπὸ
768 2467 817 2502 τῆς
829 2468 908 2502 δόξης
915 2467 961 2494 τοῦ
972 2467 1010 2502 μὴ

223 2513 427 2549 συγχωροῦντος
439 2513 460 2548 ⁸)
486 2513 768 2541 καταδυναστεύεσοαι
800 2514 852 2540 ὑπὸ
885 2514 935 2549 τῆς
961 2513 1010 2540 τοῦ

224 2560 335 2591 σκάτους
344 2559 483 2596 ἐνεργείας
502 2559 556 2586 τῶν
582 2558 686 2586 παθῶν.
708 2559 844 2594 ἁγιασμοῦ
854 2559 908 2594 γὰρ
932 2559 1011 2594 χάριν

222 2605 272 2632 καὶ
283 2606 333 2640 τῆς
344 2606 448 2637 οἰκείας
460 2605 593 2636 ἀπαθείας
605 2606 705 2632 ἐνοικεῖ
715 2607 772 2637 τοῖς
785 2605 871 2637 ἀξίοις
882 2607 896 2632 ό
908 2605 1008 2639 σωτήρ,

224 2651 270 2679 ἵνα.
286 2652 349 2685 καὶ,
366 2652 403 2683 ὡς
417 2651 497 2683 αΰτδς
512 2650 621 2686 ἀπαθὴς
637 2651 768 2686 τυγχάνῃ,
790 2650 836 2677 καὶ
850 2651 915 2682 τοὺς
935 2649 1011 2681 δεξα-

1098 2145 1179 2180 199
1191 2145 1364 2181 Cognoscere
1386 2146 1467 2180 cupio
1487 2149 1609 2172 montem
1629 2149 1713 2177 tuam,
1729 2153 1764 2172 an
1785 2153 1849 2172 cen-

1060 2198 1121 2219 seas
1137 2199 1250 2218 necesse
1269 2199 1329 2219 esse
1349 2191 1487 2226 perfectus
1502 2191 1553 2223 vir,
1568 2191 1615 2226 qui
1636 2191 1671 2218 sit
1693 2191 1846 2219 sanctiﬁca—

1061 2241 1115 2270 tus,
1129 2245 1185 2264 non
1207 2238 1295 2264 solum
1317 2237 1415 2272 ipsein
1429 2237 1485 2264 Deo
1498 2237 1543 2269 sit,
1560 2237 1608 2264 scd
1623 2242 1651 2265 et
1671 2237 1742 2264 Deus
1755 2237 1782 2264 in
1803 2245 1846 2269 eo,

1060 2281 1132 2309 sicut
1146 2281 1185 2308 ait
1198 2282 1330 2309 Dominus
1342 2291 1348 2308 :
1361 2283 1405 2317 qui
1422 2286 1509 2309 manet
1519 2283 1546 2309 in
1557 2290 1608 2313 me,
1626 2286 1650 2308 et
1661 2290 1706 2316 ego
1716 2283 1743 2308 in
1756 2290 1786 2308 eo
1797 2282 1847 2317 (1).

1063 2327 1176 2363 Oportet
1191 2328 1264 2355 enim
1275 2328 1324 2355 Dei
1336 2328 1476 2356 hominem
1490 2333 1518 2355 et
1536 2329 1662 2355 habitare
1678 2328 1704 2354 in
1721 2328 1848 2355 taberna-

1063 2374 1126 2401 culo
1151 2373 1263 2406 divino,
1281 2379 1309 2401 et
1341 2382 1445 2409 ponere
1469 2374 1676 2402 tabernaculum
1699 2374 1728 2400 in
1754 2378 1849 2401 sancto

1064 2424 1156 2446 monte
1168 2419 1358 2447 immaculatae
1374 2420 1499 2452 Deitatis,
1517 2424 1546 2446 ut
1564 2428 1617 2446 non
1628 2419 1716 2446 solum
1729 2419 1848 2446 circum-

1064 2465 1120 2496 det,
1138 2465 1185 2492 sed
1199 2465 1282 2492 etiam
1296 2465 1480 2493 circumdatus
1492 2465 1528 2492 sit
1540 2465 1626 2500 gloria
1641 2464 1712 2497 eius,
1730 2464 1777 2499 qui
1793 2472 1847 2491 non

1063 2511 1166 2546 patitur
1182 2511 1268 2546 redigi
1290 2519 1353 2538 eum
1375 2512 1426 2539 sub
1444 2515 1606 2546 potestatem
1629 2510 1804 2537 tenebrarum
1818 2518 1849 2538 ac

1064 2557 1230 2591 passionum.
1254 2557 1483 2585 Sauctiﬁcationis
1500 2557 1574 2583 enim
1595 2561 1624 2583 et
1637 2556 1764 2591 propriae
1781 2564 1847 2590 apa—

1063 2602 1136 2630 thiae
1157 2602 1242 2637 gratia
1256 2602 1391 2630 inhabitat
1409 2602 1498 2638 dignis
1511 2603 1644 2634 Salvator,
1657 2607 1697 2633 ut,
1714 2602 1846 2636 quemad-

1064 2648 1175 2676 modum
1184 2649 1241 2684 ipse
1251 2648 1408 2684 passionum
1416 2657 1514 2685 expers
1522 2653 1574 2682 est,
1584 2648 1620 2676 ita
1628 2649 1710 2676 etiam
1720 2648 1791 2682 illos,
1800 2648 1847 2684 qui

865 2726 993 2754 VARIAE
1012 2725 1211 2755 LECTIONES.

261 2775 282 2811 ¹)
296 2775 363 2804 Cod.
378 2774 516 2811 ὀςέλιμος.
530 2789 566 2796 --
581 2775 602 2810 ’)
622 2773 691 2802 Cod.
715 2772 925 2809 συγχοροῦντος.

980 2851 1104 2882 NOTAE.

265 2902 303 2938 (ι)
316 2903 376 2931 Joh.
390 2903 446 2935 xv,
464 2904 490 2930 δ.
