  <div class='ocr_page' id='page_1' title='image "/cluster/home/n/w/nwhite01/storage/ocr_20150623/34/njp.32101077772547/228.png"; bbox 0 0 2064 3152; ppageno 0'>
   <div class='ocr_carea' id='block_1_1' title="bbox 217 189 269 217">
    <p class='ocr_par' dir='ltr' id='par_1_1' title="bbox 217 189 269 217">
     <span class='ocr_line' id='line_1_1' title="bbox 217 189 269 217; baseline 0 0"><span class='ocrx_word' id='word_1_1' title='bbox 217 189 269 217; x_wconf 73' lang='lat' dir='ltr'><strong>M3</strong></span> 
     </span>
    </p>
   </div>
   <div class='ocr_carea' id='block_1_2' title="bbox 942 180 1142 210">
    <p class='ocr_par' dir='ltr' id='par_1_2' title="bbox 942 180 1142 210">
     <span class='ocr_line' id='line_1_2' title="bbox 942 180 1142 210; baseline -0.015 0"><span class='ocrx_word' id='word_1_2' title='bbox 942 180 1142 210; x_wconf 78' lang='lat' dir='ltr'><strong>EPISTOLAE.</strong></span> 
     </span>
    </p>
   </div>
   <div class='ocr_carea' id='block_1_3' title="bbox 1775 171 1832 200">
    <p class='ocr_par' dir='ltr' id='par_1_3' title="bbox 1775 171 1832 200">
     <span class='ocr_line' id='line_1_3' title="bbox 1775 171 1832 200; baseline -0.035 0"><span class='ocrx_word' id='word_1_3' title='bbox 1775 171 1832 200; x_wconf 72' lang='grc' dir='ltr'><strong>ιιι</strong></span> 
     </span>
    </p>
   </div>
   <div class='ocr_carea' id='block_1_4' title="bbox 217 246 1010 293">
    <p class='ocr_par' dir='ltr' id='par_1_4' title="bbox 217 247 998 293">
     <span class='ocr_line' id='line_1_4' title="bbox 217 247 998 293; baseline -0.013 -9"><span class='ocrx_word' id='word_1_4' title='bbox 217 255 339 293; x_wconf 72' lang='grc' dir='ltr'>ματαίῳυ</span> <span class='ocrx_word' id='word_1_5' title='bbox 352 255 388 282; x_wconf 83' lang='grc' dir='ltr'><strong>οὺ</strong></span> <span class='ocrx_word' id='word_1_6' title='bbox 398 255 452 289; x_wconf 73' lang='grc' dir='ltr'>γὰρ</span> <span class='ocrx_word' id='word_1_7' title='bbox 464 253 506 288; x_wconf 79' lang='grc' dir='ltr'><strong>μὴ</strong></span> <span class='ocrx_word' id='word_1_8' title='bbox 520 251 674 286; x_wconf 80' lang='grc' dir='ltr'>καθαρίσει</span> <span class='ocrx_word' id='word_1_9' title='bbox 692 251 793 285; x_wconf 77' lang='grc' dir='ltr'>κύριος</span> <span class='ocrx_word' id='word_1_10' title='bbox 806 249 862 284; x_wconf 83' lang='grc' dir='ltr'><strong>τὴν</strong></span> <span class='ocrx_word' id='word_1_11' title='bbox 875 247 998 293; x_wconf 50' lang='grc' dir='ltr'>καρδίαι·</span> 
     </span>
    </p>
   </div>
   <div class='ocr_carea' id='block_1_5' title="bbox 1059 246 1831 293">
    <p class='ocr_par' dir='ltr' id='par_1_5' title="bbox 1062 246 1831 283">
     <span class='ocr_line' id='line_1_5' title="bbox 1062 246 1831 283; baseline -0.005 -8"><span class='ocrx_word' id='word_1_12' title='bbox 1062 258 1113 281; x_wconf 80' lang='lat' dir='ltr'><strong>ru;</strong></span> <span class='ocrx_word' id='word_1_13' title='bbox 1150 256 1232 283; x_wconf 76' lang='lat' dir='ltr'><strong>neque</strong></span> <span class='ocrx_word' id='word_1_14' title='bbox 1263 249 1332 275; x_wconf 82' lang='lat' dir='ltr'><strong>enim</strong></span> <span class='ocrx_word' id='word_1_15' title='bbox 1363 248 1498 275; x_wconf 83' lang='lat' dir='ltr'><strong>mundabit</strong></span> <span class='ocrx_word' id='word_1_16' title='bbox 1531 247 1658 274; x_wconf 80' lang='lat' dir='ltr'><strong>Dominus</strong></span> <span class='ocrx_word' id='word_1_17' title='bbox 1688 254 1732 272; x_wconf 82' lang='lat' dir='ltr'><strong>cor</strong></span> <span class='ocrx_word' id='word_1_18' title='bbox 1757 246 1831 277; x_wconf 80' lang='lat' dir='ltr'><strong>eius,</strong></span> 
     </span>
    </p>
   </div>
   <div class='ocr_carea' id='block_1_6' title="bbox 218 291 999 335">
    <p class='ocr_par' dir='ltr' id='par_1_6' title="bbox 218 291 999 335">
     <span class='ocr_line' id='line_1_6' title="bbox 218 291 999 335; baseline -0.014 -6"><span class='ocrx_word' id='word_1_19' title='bbox 218 291 270 330; x_wconf 57' lang='grc' dir='ltr'><strong>τοῦ</strong></span> <span class='ocrx_word' id='word_1_20' title='bbox 279 299 483 335; x_wconf 73' lang='grc' dir='ltr'><em>λαμϐάνοντος</em></span> <span class='ocrx_word' id='word_1_21' title='bbox 495 297 528 324; x_wconf 79' lang='grc' dir='ltr'>τὸ</span> <span class='ocrx_word' id='word_1_22' title='bbox 539 297 631 331; x_wconf 78' lang='grc' dir='ltr'><em>ὄνομα</em></span> <span class='ocrx_word' id='word_1_23' title='bbox 644 295 737 323; x_wconf 82' lang='grc' dir='ltr'>αὑτοῦ</span> <span class='ocrx_word' id='word_1_24' title='bbox 752 294 802 321; x_wconf 71' lang='grc' dir='ltr'><strong>ἐπὶ</strong></span> <span class='ocrx_word' id='word_1_25' title='bbox 814 293 938 329; x_wconf 80' lang='grc' dir='ltr'><strong>ματαίῳ.</strong></span> <span class='ocrx_word' id='word_1_26' title='bbox 957 291 999 318; x_wconf 84' lang='grc' dir='ltr'><strong>διὸ</strong></span> 
     </span>
    </p>
   </div>
   <div class='ocr_carea' id='block_1_7' title="bbox 219 339 1000 378">
    <p class='ocr_par' dir='ltr' id='par_1_7' title="bbox 219 339 1000 378">
     <span class='ocr_line' id='line_1_7' title="bbox 219 339 1000 378; baseline -0.009 -4"><span class='ocrx_word' id='word_1_27' title='bbox 219 349 265 376; x_wconf 80' lang='grc' dir='ltr'>καὶ</span> <span class='ocrx_word' id='word_1_28' title='bbox 275 348 290 373; x_wconf 79' lang='grc' dir='ltr'>ὁ</span> <span class='ocrx_word' id='word_1_29' title='bbox 314 345 460 375; x_wconf 83' lang='grc' dir='ltr'><strong>ἀπόστολος</strong></span> <span class='ocrx_word' id='word_1_30' title='bbox 471 343 563 378; x_wconf 74' lang='grc' dir='ltr'>σαφῶς</span> <span class='ocrx_word' id='word_1_31' title='bbox 571 343 697 378; x_wconf 79' lang='grc' dir='ltr'>παραινεῖ</span> <span class='ocrx_word' id='word_1_32' title='bbox 707 340 827 375; x_wconf 65' lang='grc' dir='ltr'><strong>φάσκώθ·</strong></span> <span class='ocrx_word' id='word_1_33' title='bbox 835 339 1000 373; x_wconf 78' lang='grc' dir='ltr'>καθαρίσω-</span> 
     </span>
    </p>
   </div>
   <div class='ocr_carea' id='block_1_8' title="bbox 219 385 1000 429">
    <p class='ocr_par' dir='ltr' id='par_1_8' title="bbox 219 385 1000 429">
     <span class='ocr_line' id='line_1_8' title="bbox 219 385 1000 429; baseline -0.014 -8"><span class='ocrx_word' id='word_1_34' title='bbox 219 402 274 429; x_wconf 79' lang='grc' dir='ltr'><strong>μεν</strong></span> <span class='ocrx_word' id='word_1_35' title='bbox 299 391 425 424; x_wconf 81' lang='grc' dir='ltr'>ἑαυτοὺς</span> <span class='ocrx_word' id='word_1_36' title='bbox 449 389 507 418; x_wconf 81' lang='grc' dir='ltr'><strong>ἀπὸ</strong></span> <span class='ocrx_word' id='word_1_37' title='bbox 531 389 643 422; x_wconf 83' lang='grc' dir='ltr'>παντὸς</span> <span class='ocrx_word' id='word_1_38' title='bbox 662 386 823 423; x_wconf 61' lang='grc' dir='ltr'><strong>μολυσμοῦ</strong></span> <span class='ocrx_word' id='word_1_39' title='bbox 848 386 884 413; x_wconf 65' lang='grc' dir='ltr'><strong>οἱ)</strong></span> <span class='ocrx_word' id='word_1_40' title='bbox 906 385 1000 419; x_wconf 79' lang='grc' dir='ltr'><em>μόνον</em></span> 
     </span>
    </p>
   </div>
   <div class='ocr_carea' id='block_1_9' title="bbox 219 431 1000 474">
    <p class='ocr_par' dir='ltr' id='par_1_9' title="bbox 219 431 1000 474">
     <span class='ocr_line' id='line_1_9' title="bbox 219 431 1000 474; baseline -0.015 -6"><span class='ocrx_word' id='word_1_41' title='bbox 219 441 341 474; x_wconf 77' lang='grc' dir='ltr'>σαρκός,</span> <span class='ocrx_word' id='word_1_42' title='bbox 353 437 432 466; x_wconf 66' lang='grc' dir='ltr'>ἀλλὰ</span> <span class='ocrx_word' id='word_1_43' title='bbox 448 436 497 463; x_wconf 71' lang='grc' dir='ltr'><strong>καὶ</strong></span> <span class='ocrx_word' id='word_1_44' title='bbox 511 436 687 470; x_wconf 77' lang='grc' dir='ltr'>πνεύματος.</span> <span class='ocrx_word' id='word_1_45' title='bbox 703 433 749 460; x_wconf 75' lang='grc' dir='ltr'>καὶ</span> <span class='ocrx_word' id='word_1_46' title='bbox 762 431 883 468; x_wconf 74' lang='grc' dir='ltr'>ἑτέρωθι·</span> <span class='ocrx_word' id='word_1_47' title='bbox 897 431 1000 464; x_wconf 77' lang='grc' dir='ltr'><strong>ὲρῤαν·‹</strong></span> 
     </span>
    </p>
   </div>
   <div class='ocr_carea' id='block_1_10' title="bbox 219 475 1001 519">
    <p class='ocr_par' dir='ltr' id='par_1_10' title="bbox 219 475 1001 519">
     <span class='ocr_line' id='line_1_10' title="bbox 219 475 1001 519; baseline -0.014 -7"><span class='ocrx_word' id='word_1_48' title='bbox 219 484 371 519; x_wconf 81' lang='grc' dir='ltr'><strong>τισμένοι,</strong></span> <span class='ocrx_word' id='word_1_49' title='bbox 388 481 469 517; x_wconf 89' lang='grc' dir='ltr'>φησί,</span> <span class='ocrx_word' id='word_1_50' title='bbox 494 480 550 514; x_wconf 81' lang='grc' dir='ltr'><strong>τὴν</strong></span> <span class='ocrx_word' id='word_1_51' title='bbox 572 479 696 513; x_wconf 78' lang='grc' dir='ltr'><em>καρδίαν</em></span> <span class='ocrx_word' id='word_1_52' title='bbox 715 479 773 506; x_wconf 81' lang='grc' dir='ltr'><strong>ἀπὸ</strong></span> <span class='ocrx_word' id='word_1_53' title='bbox 799 475 1001 509; x_wconf 71' lang='grc' dir='ltr'><strong>συνειδήσεως</strong></span> 
     </span>
    </p>
   </div>
   <div class='ocr_carea' id='block_1_11' title="bbox 219 520 1001 563">
    <p class='ocr_par' dir='ltr' id='par_1_11' title="bbox 219 520 1001 563">
     <span class='ocr_line' id='line_1_11' title="bbox 219 520 1001 563; baseline -0.014 -6"><span class='ocrx_word' id='word_1_54' title='bbox 219 528 362 563; x_wconf 81' lang='grc' dir='ltr'>πονηρᾶς.</span> <span class='ocrx_word' id='word_1_55' title='bbox 379 528 427 554; x_wconf 79' lang='grc' dir='ltr'>καὶ</span> <span class='ocrx_word' id='word_1_56' title='bbox 441 526 536 553; x_wconf 81' lang='grc' dir='ltr'>πάλιν·</span> <span class='ocrx_word' id='word_1_57' title='bbox 566 526 735 558; x_wconf 76' lang='grc' dir='ltr'>ὀλόκληρον</span> <span class='ocrx_word' id='word_1_58' title='bbox 749 522 833 558; x_wconf 78' lang='grc' dir='ltr'><strong>ὑμῶν</strong></span> <span class='ocrx_word' id='word_1_59' title='bbox 854 521 887 548; x_wconf 81' lang='grc' dir='ltr'>τὸ</span> <span class='ocrx_word' id='word_1_60' title='bbox 905 520 1001 556; x_wconf 83' lang='grc' dir='ltr'><em>σῶμα,</em></span> 
     </span>
    </p>
   </div>
   <div class='ocr_carea' id='block_1_12' title="bbox 218 567 1000 609">
    <p class='ocr_par' dir='ltr' id='par_1_12' title="bbox 218 567 1000 609">
     <span class='ocr_line' id='line_1_12' title="bbox 218 567 1000 609; baseline -0.014 -5"><span class='ocrx_word' id='word_1_61' title='bbox 218 577 253 604; x_wconf 88' lang='grc' dir='ltr'>τὸ</span> <span class='ocrx_word' id='word_1_62' title='bbox 270 575 388 609; x_wconf 79' lang='grc' dir='ltr'><strong>πνεῦμα</strong></span> <span class='ocrx_word' id='word_1_63' title='bbox 401 573 449 600; x_wconf 77' lang='grc' dir='ltr'>καὶ</span> <span class='ocrx_word' id='word_1_64' title='bbox 467 574 484 606; x_wconf 79' lang='grc' dir='ltr'><em>ὴ</em></span> <span class='ocrx_word' id='word_1_65' title='bbox 495 572 590 606; x_wconf 70' lang='grc' dir='ltr'><strong>ψυχή,</strong></span> <span class='ocrx_word' id='word_1_66' title='bbox 605 571 761 605; x_wconf 79' lang='grc' dir='ltr'><strong>ἀμέμπτως</strong></span> <span class='ocrx_word' id='word_1_67' title='bbox 774 567 1000 602; x_wconf 69' lang='grc' dir='ltr'>διαφυλαχθείη,</span> 
     </span>
    </p>
   </div>
   <div class='ocr_carea' id='block_1_13' title="bbox 221 612 1003 655">
    <p class='ocr_par' dir='ltr' id='par_1_13' title="bbox 221 612 1003 655">
     <span class='ocr_line' id='line_1_13' title="bbox 221 612 1003 655; baseline -0.015 -6"><span class='ocrx_word' id='word_1_68' title='bbox 221 622 276 650; x_wconf 77' lang='grc' dir='ltr'>καί·</span> <span class='ocrx_word' id='word_1_69' title='bbox 293 622 343 648; x_wconf 78' lang='grc' dir='ltr'><strong>ἵνα</strong></span> <span class='ocrx_word' id='word_1_70' title='bbox 357 619 483 655; x_wconf 77' lang='grc' dir='ltr'><strong>γένησθε</strong></span> <span class='ocrx_word' id='word_1_71' title='bbox 493 618 582 644; x_wconf 81' lang='grc' dir='ltr'>τέκνα</span> <span class='ocrx_word' id='word_1_72' title='bbox 589 615 663 644; x_wconf 82' lang='grc' dir='ltr'><strong>Θεοῦ</strong></span> <span class='ocrx_word' id='word_1_73' title='bbox 677 614 827 649; x_wconf 80' lang='grc' dir='ltr'><strong>ἀμώμητα.</strong></span> <span class='ocrx_word' id='word_1_74' title='bbox 842 613 899 639; x_wconf 83' lang='grc' dir='ltr'><strong>ὅσοι</strong></span> <span class='ocrx_word' id='word_1_75' title='bbox 913 612 1003 639; x_wconf 86' lang='grc' dir='ltr'><strong>τοίνυν</strong></span> 
     </span>
    </p>
   </div>
   <div class='ocr_carea' id='block_1_14' title="bbox 222 657 1003 704">
    <p class='ocr_par' dir='ltr' id='par_1_14' title="bbox 222 657 1003 704">
     <span class='ocr_line' id='line_1_14' title="bbox 222 657 1003 704; baseline -0.015 -9"><span class='ocrx_word' id='word_1_76' title='bbox 222 668 361 704; x_wconf 81' lang='grc' dir='ltr'>βούλονται</span> <span class='ocrx_word' id='word_1_77' title='bbox 373 665 422 700; x_wconf 84' lang='grc' dir='ltr'>τῆς</span> <span class='ocrx_word' id='word_1_78' title='bbox 435 664 570 695; x_wconf 74' lang='grc' dir='ltr'><strong>υἱοθεσίας</strong></span> <span class='ocrx_word' id='word_1_79' title='bbox 581 662 738 697; x_wconf 75' lang='grc' dir='ltr'>ἀξιωθῆναι,</span> <span class='ocrx_word' id='word_1_80' title='bbox 748 660 777 687; x_wconf 77' lang='grc' dir='ltr'>οὐ</span> <span class='ocrx_word' id='word_1_81' title='bbox 789 660 820 686; x_wconf 79' lang='grc' dir='ltr'>τὸ</span> <span class='ocrx_word' id='word_1_82' title='bbox 831 659 909 694; x_wconf 86' lang='grc' dir='ltr'>σῶμα</span> <span class='ocrx_word' id='word_1_83' title='bbox 924 657 1003 693; x_wconf 88' lang='grc' dir='ltr'>μόνον</span> 
     </span>
    </p>
   </div>
   <div class='ocr_carea' id='block_1_15' title="bbox 222 704 1003 749">
    <p class='ocr_par' dir='ltr' id='par_1_15' title="bbox 222 704 1003 749">
     <span class='ocr_line' id='line_1_15' title="bbox 222 704 1003 749; baseline -0.013 -9"><span class='ocrx_word' id='word_1_84' title='bbox 222 714 303 749; x_wconf 72' lang='grc' dir='ltr'>ἁγνὸν</span> <span class='ocrx_word' id='word_1_85' title='bbox 324 710 478 749; x_wconf 74' lang='grc' dir='ltr'>[ἐχόντων]</span> <span class='ocrx_word' id='word_1_86' title='bbox 494 710 526 744; x_wconf 83' lang='grc'><strong>¹),</strong></span> <span class='ocrx_word' id='word_1_87' title='bbox 549 708 617 735; x_wconf 79' lang='grc' dir='ltr'>ἀλλὰ</span> <span class='ocrx_word' id='word_1_88' title='bbox 636 708 683 734; x_wconf 73' lang='grc' dir='ltr'>καὶ</span> <span class='ocrx_word' id='word_1_89' title='bbox 701 706 749 742; x_wconf 83' lang='grc' dir='ltr'>τὴν</span> <span class='ocrx_word' id='word_1_90' title='bbox 762 705 851 741; x_wconf 75' lang='grc' dir='ltr'>ψυχὴν</span> <span class='ocrx_word' id='word_1_91' title='bbox 870 704 940 731; x_wconf 81' lang='grc' dir='ltr'>κατὰ</span> <span class='ocrx_word' id='word_1_92' title='bbox 957 704 1003 730; x_wconf 86' lang='grc' dir='ltr'>τὸν</span> 
     </span>
    </p>
   </div>
   <div class='ocr_carea' id='block_1_16' title="bbox 221 749 1005 794">
    <p class='ocr_par' dir='ltr' id='par_1_16' title="bbox 221 749 1005 794">
     <span class='ocr_line' id='line_1_16' title="bbox 221 749 1005 794; baseline -0.014 -8"><span class='ocrx_word' id='word_1_93' title='bbox 221 760 332 794; x_wconf 81' lang='grc' dir='ltr'>λέγοντα</span> <span class='ocrx_word' id='word_1_94' title='bbox 342 766 350 774; x_wconf 93' lang='grc'><strong>·</strong></span> <span class='ocrx_word' id='word_1_95' title='bbox 365 755 517 792; x_wconf 75' lang='grc' dir='ltr'><strong>γενηθήτω</strong></span> <span class='ocrx_word' id='word_1_96' title='bbox 532 756 551 789; x_wconf 74' lang='grc' dir='ltr'><em>η</em></span> <span class='ocrx_word' id='word_1_97' title='bbox 572 753 678 787; x_wconf 78' lang='grc' dir='ltr'><strong>καρδία</strong></span> <span class='ocrx_word' id='word_1_98' title='bbox 693 761 752 787; x_wconf 87' lang='grc' dir='ltr'>μου</span> <span class='ocrx_word' id='word_1_99' title='bbox 764 752 881 785; x_wconf 79' lang='grc' dir='ltr'><em>ἄμωμος</em></span> <span class='ocrx_word' id='word_1_100' title='bbox 896 750 931 777; x_wconf 76' lang='grc' dir='ltr'><strong>ἐν</strong></span> <span class='ocrx_word' id='word_1_101' title='bbox 943 749 1005 782; x_wconf 79' lang='grc' dir='ltr'>τοῖς</span> 
     </span>
    </p>
   </div>
   <div class='ocr_carea' id='block_1_17' title="bbox 221 794 1005 839">
    <p class='ocr_par' dir='ltr' id='par_1_17' title="bbox 221 794 1005 839">
     <span class='ocr_line' id='line_1_17' title="bbox 221 794 1005 839; baseline -0.014 -7"><span class='ocrx_word' id='word_1_102' title='bbox 221 803 397 839; x_wconf 76' lang='grc' dir='ltr'>δικαιώμασί</span> <span class='ocrx_word' id='word_1_103' title='bbox 418 809 476 829; x_wconf 86' lang='grc' dir='ltr'>σου</span> <span class='ocrx_word' id='word_1_104' title='bbox 487 821 494 833; x_wconf 82' lang='grc'><strong><em>,</em></strong></span> <span class='ocrx_word' id='word_1_105' title='bbox 515 801 594 832; x_wconf 74' lang='grc' dir='ltr'>ὅπως</span> <span class='ocrx_word' id='word_1_106' title='bbox 609 798 647 826; x_wconf 81' lang='grc' dir='ltr'><strong>ἂν</strong></span> <span class='ocrx_word' id='word_1_107' title='bbox 659 798 702 833; x_wconf 77' lang='grc' dir='ltr'><strong>μὴ</strong></span> <span class='ocrx_word' id='word_1_108' title='bbox 725 795 894 831; x_wconf 81' lang='grc' dir='ltr'><strong>αἱσχυνθῶ.</strong></span> <span class='ocrx_word' id='word_1_109' title='bbox 914 796 939 822; x_wconf 76' lang='grc' dir='ltr'>οἱ</span> <span class='ocrx_word' id='word_1_110' title='bbox 955 794 1005 831; x_wconf 77' lang='grc' dir='ltr'>μὲν</span> 
     </span>
    </p>
   </div>
   <div class='ocr_carea' id='block_1_18' title="bbox 223 839 1005 887">
    <p class='ocr_par' dir='ltr' id='par_1_18' title="bbox 223 839 1005 887">
     <span class='ocr_line' id='line_1_18' title="bbox 223 839 1005 887; baseline -0.017 -9"><span class='ocrx_word' id='word_1_111' title='bbox 223 852 277 887; x_wconf 83' lang='grc' dir='ltr'>γὰρ</span> <span class='ocrx_word' id='word_1_112' title='bbox 290 849 342 877; x_wconf 71' lang='grc' dir='ltr'><strong>ὑπὸ</strong></span> <span class='ocrx_word' id='word_1_113' title='bbox 353 849 434 884; x_wconf 81' lang='grc' dir='ltr'>νόμον</span> <span class='ocrx_word' id='word_1_114' title='bbox 446 847 480 874; x_wconf 84' lang='grc' dir='ltr'>τὰ</span> <span class='ocrx_word' id='word_1_115' title='bbox 493 846 542 881; x_wconf 83' lang='grc' dir='ltr'>τῆς</span> <span class='ocrx_word' id='word_1_116' title='bbox 557 844 656 880; x_wconf 81' lang='grc' dir='ltr'>σαρκὸς</span> <span class='ocrx_word' id='word_1_117' title='bbox 667 842 838 877; x_wconf 86' lang='grc' dir='ltr'>δικαιώματα</span> <span class='ocrx_word' id='word_1_118' title='bbox 853 839 1005 887; x_wconf 69' lang='grc' dir='ltr'>ἐπιτελοῦν-</span> 
     </span>
    </p>
   </div>
   <div class='ocr_carea' id='block_1_19' title="bbox 222 885 1005 932">
    <p class='ocr_par' dir='ltr' id='par_1_19' title="bbox 222 885 1005 932">
     <span class='ocr_line' id='line_1_19' title="bbox 222 885 1005 932; baseline -0.017 -8"><span class='ocrx_word' id='word_1_119' title='bbox 222 885 269 928; x_wconf 67' lang='grc' dir='ltr'>τες</span> <span class='ocrx_word' id='word_1_120' title='bbox 287 895 367 932; x_wconf 87' lang='grc' dir='ltr'>μόνον</span> <span class='ocrx_word' id='word_1_121' title='bbox 380 894 430 928; x_wconf 83' lang='grc' dir='ltr'>τὴν</span> <span class='ocrx_word' id='word_1_122' title='bbox 449 892 526 923; x_wconf 73' lang='grc' dir='ltr'>ἐκτὸς</span> <span class='ocrx_word' id='word_1_123' title='bbox 543 891 705 925; x_wconf 80' lang='grc' dir='ltr'><strong>φυλάττουσι</strong></span> <span class='ocrx_word' id='word_1_124' title='bbox 727 887 919 932; x_wconf 80' lang='grc' dir='ltr'>καθαρότητα,</span> <span class='ocrx_word' id='word_1_125' title='bbox 936 885 964 932; x_wconf 76' lang='grc' dir='ltr'>οἱ</span> <span class='ocrx_word' id='word_1_126' title='bbox 976 885 1005 911; x_wconf 80' lang='grc' dir='ltr'><strong>δὲ</strong></span> 
     </span>
    </p>
   </div>
   <div class='ocr_carea' id='block_1_20' title="bbox 1049 290 1834 330">
    <p class='ocr_par' dir='ltr' id='par_1_20' title="bbox 1049 290 1834 330">
     <span class='ocr_line' id='line_1_20' title="bbox 1049 290 1834 330; baseline -0.005 -8"><span class='ocrx_word' id='word_1_127' title='bbox 1049 296 1094 330; x_wconf 85' lang='lat' dir='ltr'><strong>qui</strong></span> <span class='ocrx_word' id='word_1_128' title='bbox 1107 303 1185 330; x_wconf 75' lang='lat' dir='ltr'><strong>super</strong></span> <span class='ocrx_word' id='word_1_129' title='bbox 1197 303 1224 322; x_wconf 85' lang='lat' dir='ltr'><strong>re</strong></span> <span class='ocrx_word' id='word_1_130' title='bbox 1238 303 1307 322; x_wconf 82' lang='lat' dir='ltr'><strong>uana</strong></span> <span class='ocrx_word' id='word_1_131' title='bbox 1322 303 1415 321; x_wconf 82' lang='lat' dir='ltr'><strong>nomen</strong></span> <span class='ocrx_word' id='word_1_132' title='bbox 1427 295 1481 321; x_wconf 81' lang='lat' dir='ltr'><strong>eius</strong></span> <span class='ocrx_word' id='word_1_133' title='bbox 1501 294 1668 328; x_wconf 78' lang='lat' dir='ltr'><strong>assumpserit</strong></span> <span class='ocrx_word' id='word_1_134' title='bbox 1684 292 1732 328; x_wconf 81' lang='lat' dir='ltr'><strong>(I).</strong></span> <span class='ocrx_word' id='word_1_135' title='bbox 1743 290 1834 324; x_wconf 81' lang='lat' dir='ltr'><strong>Quare</strong></span> 
     </span>
    </p>
   </div>
   <div class='ocr_carea' id='block_1_21' title="bbox 1049 338 1833 374">
    <p class='ocr_par' dir='ltr' id='par_1_21' title="bbox 1049 338 1833 374">
     <span class='ocr_line' id='line_1_21' title="bbox 1049 338 1833 374; baseline -0.005 -7"><span class='ocrx_word' id='word_1_136' title='bbox 1049 338 1076 367; x_wconf 64' lang='grc' dir='ltr'>ἐξ</span> <span class='ocrx_word' id='word_1_137' title='bbox 1103 340 1250 374; x_wconf 80' lang='lat' dir='ltr'><strong>Apostolus</strong></span> <span class='ocrx_word' id='word_1_138' title='bbox 1268 344 1361 374; x_wconf 79' lang='lat' dir='ltr'><strong>aperte</strong></span> <span class='ocrx_word' id='word_1_139' title='bbox 1385 344 1477 367; x_wconf 88' lang='lat' dir='ltr'><strong>monet</strong></span> <span class='ocrx_word' id='word_1_140' title='bbox 1487 339 1596 366; x_wconf 86' lang='lat' dir='ltr'><strong>dicens:</strong></span> <span class='ocrx_word' id='word_1_141' title='bbox 1613 338 1766 365; x_wconf 83' lang='lat' dir='ltr'><strong>Mundemus</strong></span> <span class='ocrx_word' id='word_1_142' title='bbox 1786 345 1833 364; x_wconf 83' lang='lat' dir='ltr'><strong>nos</strong></span> 
     </span>
    </p>
   </div>
   <div class='ocr_carea' id='block_1_22' title="bbox 1050 382 1833 420">
    <p class='ocr_par' dir='ltr' id='par_1_22' title="bbox 1050 382 1833 420">
     <span class='ocr_line' id='line_1_22' title="bbox 1050 382 1833 420; baseline -0.004 -9"><span class='ocrx_word' id='word_1_143' title='bbox 1050 384 1082 411; x_wconf 88' lang='lat' dir='ltr'><strong>ab</strong></span> <span class='ocrx_word' id='word_1_144' title='bbox 1105 386 1175 412; x_wconf 78' lang='lat' dir='ltr'><strong>omni</strong></span> <span class='ocrx_word' id='word_1_145' title='bbox 1198 386 1398 420; x_wconf 77' lang='lat' dir='ltr'><strong>inquinamento</strong></span> <span class='ocrx_word' id='word_1_146' title='bbox 1426 393 1478 411; x_wconf 83' lang='lat' dir='ltr'><strong>non</strong></span> <span class='ocrx_word' id='word_1_147' title='bbox 1505 385 1592 411; x_wconf 80' lang='lat' dir='ltr'><strong>carnis</strong></span> <span class='ocrx_word' id='word_1_148' title='bbox 1612 383 1715 415; x_wconf 84' lang='lat' dir='ltr'><strong>solum,</strong></span> <span class='ocrx_word' id='word_1_149' title='bbox 1744 382 1788 409; x_wconf 75' lang='lat' dir='ltr'><strong>sed</strong></span> <span class='ocrx_word' id='word_1_150' title='bbox 1808 386 1833 408; x_wconf 77' lang='lat' dir='ltr'><strong>et</strong></span> 
     </span>
    </p>
   </div>
   <div class='ocr_carea' id='block_1_23' title="bbox 1050 429 1833 466">
    <p class='ocr_par' dir='ltr' id='par_1_23' title="bbox 1050 429 1833 466">
     <span class='ocr_line' id='line_1_23' title="bbox 1050 429 1833 466; baseline -0.003 -10"><span class='ocrx_word' id='word_1_151' title='bbox 1050 430 1157 464; x_wconf 75' lang='lat' dir='ltr'><strong>spiritus</strong></span> <span class='ocrx_word' id='word_1_152' title='bbox 1177 429 1226 466; x_wconf 55' lang='grc' dir='ltr'>(ἢ).</span> <span class='ocrx_word' id='word_1_153' title='bbox 1249 429 1284 456; x_wconf 86' lang='lat' dir='ltr'><strong>Et</strong></span> <span class='ocrx_word' id='word_1_154' title='bbox 1301 429 1366 456; x_wconf 80' lang='lat' dir='ltr'><strong>alibi</strong></span> <span class='ocrx_word' id='word_1_155' title='bbox 1381 438 1387 456; x_wconf 92' lang='lat'><strong>:</strong></span> <span class='ocrx_word' id='word_1_156' title='bbox 1404 429 1510 465; x_wconf 74' lang='lat' dir='ltr'><strong>Aspersi</strong></span> <span class='ocrx_word' id='word_1_157' title='bbox 1523 450 1530 461; x_wconf 89' lang='lat'><strong>,</strong></span> <span class='ocrx_word' id='word_1_158' title='bbox 1547 429 1648 464; x_wconf 92' lang='lat' dir='ltr'><strong>inquit,</strong></span> <span class='ocrx_word' id='word_1_159' title='bbox 1669 437 1713 455; x_wconf 90' lang='lat' dir='ltr'><strong>cor</strong></span> <span class='ocrx_word' id='word_1_160' title='bbox 1734 437 1750 454; x_wconf 87' lang='grc' dir='ltr'><em>α</em></span> <span class='ocrx_word' id='word_1_161' title='bbox 1770 436 1833 454; x_wconf 84' lang='lat' dir='ltr'><strong>con-</strong></span> 
     </span>
    </p>
   </div>
   <div class='ocr_carea' id='block_1_24' title="bbox 1050 474 1835 510">
    <p class='ocr_par' dir='ltr' id='par_1_24' title="bbox 1050 474 1835 510">
     <span class='ocr_line' id='line_1_24' title="bbox 1050 474 1835 510; baseline -0.003 -8"><span class='ocrx_word' id='word_1_162' title='bbox 1050 477 1159 502; x_wconf 77' lang='lat' dir='ltr'><strong>scientia</strong></span> <span class='ocrx_word' id='word_1_163' title='bbox 1189 475 1262 502; x_wconf 85' lang='lat' dir='ltr'><strong>mala</strong></span> <span class='ocrx_word' id='word_1_164' title='bbox 1294 474 1342 510; x_wconf 84' lang='grc'>(5).</span> <span class='ocrx_word' id='word_1_165' title='bbox 1365 475 1400 502; x_wconf 86' lang='lat' dir='ltr'><strong>Et</strong></span> <span class='ocrx_word' id='word_1_166' title='bbox 1428 475 1527 502; x_wconf 84' lang='lat' dir='ltr'><strong>iterum</strong></span> <span class='ocrx_word' id='word_1_167' title='bbox 1551 485 1557 501; x_wconf 86' lang='lat'>:</span> <span class='ocrx_word' id='word_1_168' title='bbox 1577 475 1712 510; x_wconf 77' lang='lat' dir='ltr'><strong>Intrgrum</strong></span> <span class='ocrx_word' id='word_1_169' title='bbox 1739 482 1835 509; x_wconf 81' lang='lat' dir='ltr'><strong>corpus</strong></span> 
     </span>
    </p>
   </div>
   <div class='ocr_carea' id='block_1_25' title="bbox 1053 521 1835 556">
    <p class='ocr_par' dir='ltr' id='par_1_25' title="bbox 1053 521 1835 556">
     <span class='ocr_line' id='line_1_25' title="bbox 1053 521 1835 556; baseline -0.003 -7"><span class='ocrx_word' id='word_1_170' title='bbox 1053 526 1183 554; x_wconf 82' lang='lat' dir='ltr'><strong>vestrum,</strong></span> <span class='ocrx_word' id='word_1_171' title='bbox 1206 526 1230 547; x_wconf 85' lang='lat' dir='ltr'><strong>ct</strong></span> <span class='ocrx_word' id='word_1_172' title='bbox 1250 521 1356 556; x_wconf 74' lang='lat' dir='ltr'><strong>spiritus</strong></span> <span class='ocrx_word' id='word_1_173' title='bbox 1376 525 1400 547; x_wconf 77' lang='lat' dir='ltr'><strong>et</strong></span> <span class='ocrx_word' id='word_1_174' title='bbox 1416 522 1506 547; x_wconf 84' lang='lat' dir='ltr'><strong>anima</strong></span> <span class='ocrx_word' id='word_1_175' title='bbox 1516 521 1570 547; x_wconf 76' lang='lat' dir='ltr'><strong>sine</strong></span> <span class='ocrx_word' id='word_1_176' title='bbox 1582 521 1687 556; x_wconf 81' lang='lat' dir='ltr'><strong>querela</strong></span> <span class='ocrx_word' id='word_1_177' title='bbox 1703 521 1835 547; x_wconf 76' lang='lat' dir='ltr'><strong>custodia-</strong></span> 
     </span>
    </p>
   </div>
   <div class='ocr_carea' id='block_1_26' title="bbox 1053 565 1832 603">
    <p class='ocr_par' dir='ltr' id='par_1_26' title="bbox 1053 565 1832 603">
     <span class='ocr_line' id='line_1_26' title="bbox 1053 565 1832 603; baseline -0.001 -8"><span class='ocrx_word' id='word_1_178' title='bbox 1053 573 1096 595; x_wconf 82' lang='lat' dir='ltr'><strong>tur</strong></span> <span class='ocrx_word' id='word_1_179' title='bbox 1109 567 1156 603; x_wconf 72' lang='grc'>(4).</span> <span class='ocrx_word' id='word_1_180' title='bbox 1185 568 1218 594; x_wconf 84' lang='grc' dir='ltr'><strong>Ει</strong></span> <span class='ocrx_word' id='word_1_181' title='bbox 1244 576 1250 594; x_wconf 92' lang='lat'>:</span> <span class='ocrx_word' id='word_1_182' title='bbox 1278 566 1310 594; x_wconf 91' lang='lat' dir='ltr'><strong>Ut</strong></span> <span class='ocrx_word' id='word_1_183' title='bbox 1334 567 1389 593; x_wconf 82' lang='lat' dir='ltr'><strong>sitis</strong></span> <span class='ocrx_word' id='word_1_184' title='bbox 1407 565 1457 600; x_wconf 79' lang='lat' dir='ltr'><strong>ﬁlii</strong></span> <span class='ocrx_word' id='word_1_185' title='bbox 1479 566 1528 592; x_wconf 80' lang='lat' dir='ltr'><strong>Dei</strong></span> <span class='ocrx_word' id='word_1_186' title='bbox 1552 567 1609 593; x_wconf 84' lang='lat' dir='ltr'><strong>sine</strong></span> <span class='ocrx_word' id='word_1_187' title='bbox 1639 566 1745 601; x_wconf 75' lang='lat' dir='ltr'><strong>querela</strong></span> <span class='ocrx_word' id='word_1_188' title='bbox 1783 567 1832 601; x_wconf 84' lang='grc'>(5).</span> 
     </span>
    </p>
   </div>
   <div class='ocr_carea' id='block_1_27' title="bbox 1052 611 1834 647">
    <p class='ocr_par' dir='ltr' id='par_1_27' title="bbox 1052 611 1834 647">
     <span class='ocr_line' id='line_1_27' title="bbox 1052 611 1834 647; baseline -0.001 -7"><span class='ocrx_word' id='word_1_189' title='bbox 1052 613 1191 647; x_wconf 82' lang='lat' dir='ltr'><strong>Quotquot</strong></span> <span class='ocrx_word' id='word_1_190' title='bbox 1222 612 1305 647; x_wconf 79' lang='lat' dir='ltr'><strong>igitur</strong></span> <span class='ocrx_word' id='word_1_191' title='bbox 1334 612 1429 639; x_wconf 87' lang='lat' dir='ltr'><strong>volunt</strong></span> <span class='ocrx_word' id='word_1_192' title='bbox 1463 611 1609 646; x_wconf 80' lang='lat' dir='ltr'><strong>adoptione</strong></span> <span class='ocrx_word' id='word_1_193' title='bbox 1638 611 1757 638; x_wconf 93' lang='lat' dir='ltr'><strong>ﬁliorum</strong></span> <span class='ocrx_word' id='word_1_194' title='bbox 1790 612 1834 639; x_wconf 90' lang='lat' dir='ltr'><strong>di-</strong></span> 
     </span>
    </p>
   </div>
   <div class='ocr_carea' id='block_1_28' title="bbox 1052 655 1834 693">
    <p class='ocr_par' dir='ltr' id='par_1_28' title="bbox 1052 655 1834 693">
     <span class='ocr_line' id='line_1_28' title="bbox 1052 655 1834 693; baseline -0.003 -9"><span class='ocrx_word' id='word_1_195' title='bbox 1052 658 1098 693; x_wconf 78' lang='lat' dir='ltr'><strong>gni</strong></span> <span class='ocrx_word' id='word_1_196' title='bbox 1123 657 1229 689; x_wconf 82' lang='lat' dir='ltr'><strong>haberi,</strong></span> <span class='ocrx_word' id='word_1_197' title='bbox 1245 665 1299 683; x_wconf 92' lang='lat' dir='ltr'><strong>non</strong></span> <span class='ocrx_word' id='word_1_198' title='bbox 1318 665 1418 691; x_wconf 82' lang='lat' dir='ltr'><strong>corpus</strong></span> <span class='ocrx_word' id='word_1_199' title='bbox 1439 656 1526 683; x_wconf 89' lang='lat' dir='ltr'><strong>solum</strong></span> <span class='ocrx_word' id='word_1_200' title='bbox 1547 661 1650 683; x_wconf 88' lang='lat' dir='ltr'><strong>castum</strong></span> <span class='ocrx_word' id='word_1_201' title='bbox 1669 655 1834 691; x_wconf 74' lang='lat' dir='ltr'><strong>[habento],</strong></span> 
     </span>
    </p>
   </div>
   <div class='ocr_carea' id='block_1_29' title="bbox 1054 702 1834 738">
    <p class='ocr_par' dir='ltr' id='par_1_29' title="bbox 1054 702 1834 738">
     <span class='ocr_line' id='line_1_29' title="bbox 1054 702 1834 738; baseline -0.004 -7"><span class='ocrx_word' id='word_1_202' title='bbox 1054 704 1100 732; x_wconf 86' lang='lat' dir='ltr'><strong>sed</strong></span> <span class='ocrx_word' id='word_1_203' title='bbox 1130 704 1251 731; x_wconf 88' lang='lat' dir='ltr'><strong>animum</strong></span> <span class='ocrx_word' id='word_1_204' title='bbox 1280 712 1388 738; x_wconf 82' lang='lat' dir='ltr'><strong>quoque</strong></span> <span class='ocrx_word' id='word_1_205' title='bbox 1416 704 1566 730; x_wconf 83' lang='lat' dir='ltr'><strong>secundum</strong></span> <span class='ocrx_word' id='word_1_206' title='bbox 1592 711 1655 730; x_wconf 88' lang='lat' dir='ltr'><strong>eum</strong></span> <span class='ocrx_word' id='word_1_207' title='bbox 1674 703 1720 737; x_wconf 85' lang='lat' dir='ltr'><strong>qui</strong></span> <span class='ocrx_word' id='word_1_208' title='bbox 1745 702 1834 729; x_wconf 89' lang='lat' dir='ltr'><strong>dicit:</strong></span> 
     </span>
    </p>
   </div>
   <div class='ocr_carea' id='block_1_30' title="bbox 1053 748 1834 783">
    <p class='ocr_par' dir='ltr' id='par_1_30' title="bbox 1053 748 1834 783">
     <span class='ocr_line' id='line_1_30' title="bbox 1053 748 1834 783; baseline -0.004 -6"><span class='ocrx_word' id='word_1_209' title='bbox 1053 750 1111 777; x_wconf 82' lang='lat' dir='ltr'><strong>Fiat</strong></span> <span class='ocrx_word' id='word_1_210' title='bbox 1122 758 1167 777; x_wconf 81' lang='lat' dir='ltr'><strong>cor</strong></span> <span class='ocrx_word' id='word_1_211' title='bbox 1181 758 1265 776; x_wconf 84' lang='lat' dir='ltr'><strong>meum</strong></span> <span class='ocrx_word' id='word_1_212' title='bbox 1277 748 1478 776; x_wconf 72' lang='lat' dir='ltr'><strong>immaculatum</strong></span> <span class='ocrx_word' id='word_1_213' title='bbox 1494 748 1761 783; x_wconf 77' lang='lat' dir='ltr'><strong>injustiﬁcationibus</strong></span> <span class='ocrx_word' id='word_1_214' title='bbox 1774 749 1834 779; x_wconf 77' lang='lat' dir='ltr'><strong>tuis,</strong></span> 
     </span>
    </p>
   </div>
   <div class='ocr_carea' id='block_1_31' title="bbox 1055 793 1841 830">
    <p class='ocr_par' dir='ltr' id='par_1_31' title="bbox 1055 793 1841 830">
     <span class='ocr_line' id='line_1_31' title="bbox 1055 793 1841 830; baseline -0.004 -8"><span class='ocrx_word' id='word_1_215' title='bbox 1055 803 1086 822; x_wconf 82' lang='lat' dir='ltr'><strong>ne</strong></span> <span class='ocrx_word' id='word_1_216' title='bbox 1099 794 1301 830; x_wconf 78' lang='lat' dir='ltr'><strong>caufuudar(6).</strong></span> <span class='ocrx_word' id='word_1_217' title='bbox 1314 794 1380 821; x_wconf 86' lang='lat' dir='ltr'><strong>Nam</strong></span> <span class='ocrx_word' id='word_1_218' title='bbox 1390 794 1408 820; x_wconf 92' lang='lat' dir='ltr'><strong>ii</strong></span> <span class='ocrx_word' id='word_1_219' title='bbox 1419 793 1541 828; x_wconf 86' lang='lat' dir='ltr'><strong>quidem,</strong></span> <span class='ocrx_word' id='word_1_220' title='bbox 1557 793 1603 828; x_wconf 87' lang='lat' dir='ltr'><strong>qui</strong></span> <span class='ocrx_word' id='word_1_221' title='bbox 1612 793 1663 820; x_wconf 88' lang='lat' dir='ltr'><strong>sub</strong></span> <span class='ocrx_word' id='word_1_222' title='bbox 1676 793 1734 828; x_wconf 76' lang='lat' dir='ltr'><strong>lege</strong></span> <span class='ocrx_word' id='word_1_223' title='bbox 1747 793 1841 820; x_wconf 69' lang='lat' dir='ltr'><strong>carnis</strong></span> 
     </span>
    </p>
   </div>
   <div class='ocr_carea' id='block_1_32' title="bbox 1052 839 1837 876">
    <p class='ocr_par' dir='ltr' id='par_1_32' title="bbox 1052 839 1837 876">
     <span class='ocr_line' id='line_1_32' title="bbox 1052 839 1837 876; baseline -0.003 -9"><span class='ocrx_word' id='word_1_224' title='bbox 1052 840 1261 876; x_wconf 86' lang='lat' dir='ltr'><strong>justiﬁcationes</strong></span> <span class='ocrx_word' id='word_1_225' title='bbox 1282 844 1432 874; x_wconf 79' lang='lat' dir='ltr'><strong>operantur</strong></span> <span class='ocrx_word' id='word_1_226' title='bbox 1444 860 1450 872; x_wconf 89' lang='lat'><strong>,</strong></span> <span class='ocrx_word' id='word_1_227' title='bbox 1468 839 1632 866; x_wconf 73' lang='lat' dir='ltr'><strong>exteriorem)</strong></span> <span class='ocrx_word' id='word_1_228' title='bbox 1652 843 1755 865; x_wconf 86' lang='lat' dir='ltr'><strong>tantum</strong></span> <span class='ocrx_word' id='word_1_229' title='bbox 1778 846 1837 865; x_wconf 85' lang='lat' dir='ltr'><strong>ser-</strong></span> 
     </span>
    </p>
   </div>
   <div class='ocr_carea' id='block_1_33' title="bbox 1054 883 1838 919">
    <p class='ocr_par' dir='ltr' id='par_1_33' title="bbox 1054 883 1838 919">
     <span class='ocr_line' id='line_1_33' title="bbox 1054 883 1838 919; baseline -0.003 -7"><span class='ocrx_word' id='word_1_230' title='bbox 1054 889 1119 912; x_wconf 86' lang='lat' dir='ltr'><strong>vant</strong></span> <span class='ocrx_word' id='word_1_231' title='bbox 1138 885 1314 918; x_wconf 76' lang='lat' dir='ltr'><strong>munditiam;</strong></span> <span class='ocrx_word' id='word_1_232' title='bbox 1331 885 1350 912; x_wconf 91' lang='lat' dir='ltr'><strong>ii</strong></span> <span class='ocrx_word' id='word_1_233' title='bbox 1363 892 1440 917; x_wconf 84' lang='lat' dir='ltr'><strong>vero,</strong></span> <span class='ocrx_word' id='word_1_234' title='bbox 1454 883 1501 919; x_wconf 87' lang='lat' dir='ltr'><strong>qui</strong></span> <span class='ocrx_word' id='word_1_235' title='bbox 1517 884 1568 911; x_wconf 85' lang='lat' dir='ltr'><strong>sub</strong></span> <span class='ocrx_word' id='word_1_236' title='bbox 1586 884 1682 918; x_wconf 75' lang='lat' dir='ltr'><strong>gratia,</strong></span> <span class='ocrx_word' id='word_1_237' title='bbox 1694 884 1776 911; x_wconf 82' lang='lat' dir='ltr'><strong>etiam</strong></span> <span class='ocrx_word' id='word_1_238' title='bbox 1794 883 1838 910; x_wconf 90' lang='lat' dir='ltr'><strong>in-</strong></span> 
     </span>
    </p>
   </div>
   <div class='ocr_carea' id='block_1_34' title="bbox 223 926 1010 974">
    <p class='ocr_par' dir='ltr' id='par_1_34' title="bbox 223 926 1004 974">
     <span class='ocr_line' id='line_1_34' title="bbox 223 926 1004 974; baseline -0.014 -7"><span class='ocrx_word' id='word_1_239' title='bbox 223 926 276 967; x_wconf 50' lang='grc' dir='ltr'>ὑπο</span> <span class='ocrx_word' id='word_1_240' title='bbox 287 926 369 974; x_wconf 47' lang='grc' dir='ltr'>γάριν</span> <span class='ocrx_word' id='word_1_241' title='bbox 380 926 427 964; x_wconf 77' lang='grc' dir='ltr'>καὶ</span> <span class='ocrx_word' id='word_1_242' title='bbox 440 936 490 971; x_wconf 88' lang='grc' dir='ltr'>τῆς</span> <span class='ocrx_word' id='word_1_243' title='bbox 503 935 576 961; x_wconf 78' lang='grc' dir='ltr'>ἔνδον</span> <span class='ocrx_word' id='word_1_244' title='bbox 591 935 619 961; x_wconf 85' lang='grc' dir='ltr'>ὲν</span> <span class='ocrx_word' id='word_1_245' title='bbox 633 931 762 968; x_wconf 80' lang='grc' dir='ltr'><strong>ἁγιασμῷ</strong></span> <span class='ocrx_word' id='word_1_246' title='bbox 775 932 885 967; x_wconf 70' lang='grc' dir='ltr'>εἰρήνης</span> <span class='ocrx_word' id='word_1_247' title='bbox 897 930 1004 966; x_wconf 82' lang='grc' dir='ltr'>ὀρέγον-</span> 
     </span>
    </p>
   </div>
   <div class='ocr_carea' id='block_1_35' title="bbox 1059 926 1838 974">
    <p class='ocr_par' dir='ltr' id='par_1_35' title="bbox 1059 930 1838 965">
     <span class='ocr_line' id='line_1_35' title="bbox 1059 930 1838 965; baseline -0.003 -7"><span class='ocrx_word' id='word_1_248' title='bbox 1059 931 1183 958; x_wconf 82' lang='lat' dir='ltr'><strong>teriorem</strong></span> <span class='ocrx_word' id='word_1_249' title='bbox 1200 938 1269 965; x_wconf 84' lang='lat' dir='ltr'><strong>quae</strong></span> <span class='ocrx_word' id='word_1_250' title='bbox 1287 931 1314 957; x_wconf 93' lang='lat' dir='ltr'><strong>in</strong></span> <span class='ocrx_word' id='word_1_251' title='bbox 1327 930 1542 957; x_wconf 87' lang='lat' dir='ltr'><strong>sanctiﬁcatione</strong></span> <span class='ocrx_word' id='word_1_252' title='bbox 1559 930 1667 957; x_wconf 88' lang='lat' dir='ltr'><strong>condita</strong></span> <span class='ocrx_word' id='word_1_253' title='bbox 1687 935 1729 958; x_wconf 84' lang='lat' dir='ltr'><strong>est</strong></span> <span class='ocrx_word' id='word_1_254' title='bbox 1744 938 1838 965; x_wconf 81' lang='lat' dir='ltr'><strong>pacem</strong></span> 
     </span>
    </p>
   </div>
   <div class='ocr_carea' id='block_1_36' title="bbox 225 974 1004 1017">
    <p class='ocr_par' dir='ltr' id='par_1_36' title="bbox 225 974 1004 1017">
     <span class='ocr_line' id='line_1_36' title="bbox 225 974 1004 1017; baseline -0.013 -5"><span class='ocrx_word' id='word_1_255' title='bbox 225 994 280 1017; x_wconf 85' lang='grc' dir='ltr'>ται,</span> <span class='ocrx_word' id='word_1_256' title='bbox 297 983 451 1014; x_wconf 81' lang='grc' dir='ltr'><strong>πεισθέντες</strong></span> <span class='ocrx_word' id='word_1_257' title='bbox 473 981 513 1016; x_wconf 84' lang='grc' dir='ltr'>τῷ</span> <span class='ocrx_word' id='word_1_258' title='bbox 532 974 666 1016; x_wconf 73' lang='grc' dir='ltr'>εἰρηκότι·</span> <span class='ocrx_word' id='word_1_259' title='bbox 689 978 743 1006; x_wconf 82' lang='grc' dir='ltr'><strong>ἐὰν</strong></span> <span class='ocrx_word' id='word_1_260' title='bbox 753 978 797 1013; x_wconf 82' lang='grc' dir='ltr'><strong>μὴ</strong></span> <span class='ocrx_word' id='word_1_261' title='bbox 818 977 1004 1011; x_wconf 76' lang='grc' dir='ltr'><strong>περισσεύσῃ</strong></span> 
     </span>
    </p>
   </div>
   <div class='ocr_carea' id='block_1_37' title="bbox 224 1021 1005 1065">
    <p class='ocr_par' dir='ltr' id='par_1_37' title="bbox 224 1021 1005 1065">
     <span class='ocr_line' id='line_1_37' title="bbox 224 1021 1005 1065; baseline -0.014 -7"><span class='ocrx_word' id='word_1_262' title='bbox 224 1030 309 1065; x_wconf 78' lang='grc' dir='ltr'><em>ὑμῶν</em></span> <span class='ocrx_word' id='word_1_263' title='bbox 322 1030 341 1063; x_wconf 80' lang='grc' dir='ltr'><em>ἡ</em></span> <span class='ocrx_word' id='word_1_264' title='bbox 362 1027 537 1060; x_wconf 76' lang='grc' dir='ltr'><strong>δικαιοσύνη</strong></span> <span class='ocrx_word' id='word_1_265' title='bbox 558 1025 671 1052; x_wconf 75' lang='grc' dir='ltr'>πλείων</span> <span class='ocrx_word' id='word_1_266' title='bbox 691 1024 750 1051; x_wconf 81' lang='grc' dir='ltr'><strong>τῶν</strong></span> <span class='ocrx_word' id='word_1_267' title='bbox 767 1023 934 1058; x_wconf 75' lang='grc' dir='ltr'>φαριοναίων</span> <span class='ocrx_word' id='word_1_268' title='bbox 956 1021 1005 1048; x_wconf 79' lang='grc' dir='ltr'><strong>καὶ</strong></span> 
     </span>
    </p>
   </div>
   <div class='ocr_carea' id='block_1_38' title="bbox 226 1067 1006 1111">
    <p class='ocr_par' dir='ltr' id='par_1_38' title="bbox 226 1067 1006 1111">
     <span class='ocr_line' id='line_1_38' title="bbox 226 1067 1006 1111; baseline -0.014 -8"><span class='ocrx_word' id='word_1_269' title='bbox 226 1075 424 1111; x_wconf 73' lang='grc' dir='ltr'><strong>γραμματέων,</strong></span> <span class='ocrx_word' id='word_1_270' title='bbox 440 1073 475 1099; x_wconf 87' lang='grc' dir='ltr'><strong>οὐ</strong></span> <span class='ocrx_word' id='word_1_271' title='bbox 488 1071 530 1106; x_wconf 77' lang='grc' dir='ltr'><strong>μὴ</strong></span> <span class='ocrx_word' id='word_1_272' title='bbox 546 1070 700 1103; x_wconf 74' lang='grc' dir='ltr'><strong>εἰσέλθητε</strong></span> <span class='ocrx_word' id='word_1_273' title='bbox 717 1070 758 1102; x_wconf 73' lang='grc' dir='ltr'><strong>εἰς</strong></span> <span class='ocrx_word' id='word_1_274' title='bbox 773 1067 830 1102; x_wconf 79' lang='grc' dir='ltr'><strong>τὴν</strong></span> <span class='ocrx_word' id='word_1_275' title='bbox 845 1067 1006 1100; x_wconf 69' lang='grc' dir='ltr'>βασιλείαν</span> 
     </span>
    </p>
   </div>
   <div class='ocr_carea' id='block_1_39' title="bbox 226 1112 1007 1154">
    <p class='ocr_par' dir='ltr' id='par_1_39' title="bbox 226 1112 1007 1154">
     <span class='ocr_line' id='line_1_39' title="bbox 226 1112 1007 1154; baseline -0.014 -5"><span class='ocrx_word' id='word_1_276' title='bbox 226 1121 285 1148; x_wconf 76' lang='grc' dir='ltr'><strong>τῶν</strong></span> <span class='ocrx_word' id='word_1_277' title='bbox 301 1119 444 1154; x_wconf 67' lang='grc' dir='ltr'><strong>οὐρανῶν.</strong></span> <span class='ocrx_word' id='word_1_278' title='bbox 460 1119 483 1145; x_wconf 77' lang='grc' dir='ltr'>οξ</span> <span class='ocrx_word' id='word_1_279' title='bbox 497 1117 551 1153; x_wconf 80' lang='grc' dir='ltr'><strong>γὰρ</strong></span> <span class='ocrx_word' id='word_1_280' title='bbox 571 1117 708 1152; x_wconf 84' lang='grc' dir='ltr'>φαρισαῖοι</span> <span class='ocrx_word' id='word_1_281' title='bbox 718 1135 725 1146; x_wconf 83' lang='grc'>,</span> <span class='ocrx_word' id='word_1_282' title='bbox 741 1113 942 1149; x_wconf 78' lang='grc' dir='ltr'>τυφλώττοντες</span> <span class='ocrx_word' id='word_1_283' title='bbox 957 1112 1007 1147; x_wconf 80' lang='grc' dir='ltr'>τὴν</span> 
     </span>
    </p>
   </div>
   <div class='ocr_carea' id='block_1_40' title="bbox 226 1158 1007 1199">
    <p class='ocr_par' dir='ltr' id='par_1_40' title="bbox 226 1158 1007 1199">
     <span class='ocr_line' id='line_1_40' title="bbox 226 1158 1007 1199; baseline -0.013 -5"><span class='ocrx_word' id='word_1_284' title='bbox 226 1167 359 1199; x_wconf 83' lang='grc' dir='ltr'>διάνοιαν,</span> <span class='ocrx_word' id='word_1_285' title='bbox 373 1165 404 1192; x_wconf 78' lang='grc' dir='ltr'>τὸ</span> <span class='ocrx_word' id='word_1_286' title='bbox 417 1164 468 1197; x_wconf 78' lang='grc' dir='ltr'><strong>ἔξω</strong></span> <span class='ocrx_word' id='word_1_287' title='bbox 483 1163 530 1190; x_wconf 82' lang='grc' dir='ltr'>τοῦ</span> <span class='ocrx_word' id='word_1_288' title='bbox 546 1162 675 1198; x_wconf 78' lang='grc' dir='ltr'><strong>ποτηρίου</strong></span> <span class='ocrx_word' id='word_1_289' title='bbox 690 1161 828 1188; x_wconf 83' lang='grc' dir='ltr'>πλύνουσι.</span> <span class='ocrx_word' id='word_1_290' title='bbox 844 1159 882 1192; x_wconf 87' lang='grc' dir='ltr'><strong>ὡς</strong></span> <span class='ocrx_word' id='word_1_291' title='bbox 898 1159 946 1186; x_wconf 77' lang='grc' dir='ltr'><strong>καὶ</strong></span> <span class='ocrx_word' id='word_1_292' title='bbox 960 1158 1007 1185; x_wconf 81' lang='grc' dir='ltr'>νῦν</span> 
     </span>
    </p>
   </div>
   <div class='ocr_carea' id='block_1_41' title="bbox 226 1205 1008 1244">
    <p class='ocr_par' dir='ltr' id='par_1_41' title="bbox 226 1205 1008 1244">
     <span class='ocr_line' id='line_1_41' title="bbox 226 1205 1008 1244; baseline -0.014 -2"><span class='ocrx_word' id='word_1_293' title='bbox 226 1214 252 1242; x_wconf 75' lang='grc' dir='ltr'>οἱ</span> <span class='ocrx_word' id='word_1_294' title='bbox 279 1212 340 1241; x_wconf 83' lang='grc' dir='ltr'>κατ’</span> <span class='ocrx_word' id='word_1_295' title='bbox 363 1211 460 1242; x_wconf 77' lang='grc' dir='ltr'>αὐτοὺς</span> <span class='ocrx_word' id='word_1_296' title='bbox 484 1209 539 1236; x_wconf 78' lang='grc' dir='ltr'>νέοι</span> <span class='ocrx_word' id='word_1_297' title='bbox 564 1209 701 1244; x_wconf 79' lang='grc' dir='ltr'>φαρισαῖοι</span> <span class='ocrx_word' id='word_1_298' title='bbox 724 1207 770 1233; x_wconf 80' lang='grc' dir='ltr'>τὸν</span> <span class='ocrx_word' id='word_1_299' title='bbox 792 1206 844 1238; x_wconf 77' lang='grc' dir='ltr'><strong>ἔξω</strong></span> <span class='ocrx_word' id='word_1_300' title='bbox 866 1205 1008 1240; x_wconf 76' lang='grc' dir='ltr'>ἄνθρωπον</span> 
     </span>
    </p>
   </div>
   <div class='ocr_carea' id='block_1_42' title="bbox 227 1250 1007 1294">
    <p class='ocr_par' dir='ltr' id='par_1_42' title="bbox 227 1250 1007 1294">
     <span class='ocr_line' id='line_1_42' title="bbox 227 1250 1007 1294; baseline -0.013 -8"><span class='ocrx_word' id='word_1_301' title='bbox 227 1257 426 1294; x_wconf 76' lang='grc' dir='ltr'>ἁνεπιτηδεύτῳ</span> <span class='ocrx_word' id='word_1_302' title='bbox 440 1255 480 1283; x_wconf 76' lang='grc' dir='ltr'>νοτ</span> <span class='ocrx_word' id='word_1_303' title='bbox 495 1254 716 1290; x_wconf 75' lang='grc' dir='ltr'><strong>σχηματίζοντες,</strong></span> <span class='ocrx_word' id='word_1_304' title='bbox 733 1253 847 1283; x_wconf 78' lang='grc' dir='ltr'>ἑαυτοὺς</span> <span class='ocrx_word' id='word_1_305' title='bbox 863 1250 1007 1283; x_wconf 78' lang='grc' dir='ltr'>δικαιοῦσι,</span> 
     </span>
    </p>
   </div>
   <div class='ocr_carea' id='block_1_43' title="bbox 229 1294 1010 1339">
    <p class='ocr_par' dir='ltr' id='par_1_43' title="bbox 229 1294 1010 1339">
     <span class='ocr_line' id='line_1_43' title="bbox 229 1294 1010 1339; baseline -0.013 -9"><span class='ocrx_word' id='word_1_306' title='bbox 229 1304 268 1339; x_wconf 82' lang='grc' dir='ltr'><strong>μὴ</strong></span> <span class='ocrx_word' id='word_1_307' title='bbox 281 1309 425 1337; x_wconf 82' lang='grc' dir='ltr'>συμμαρτυ</span> <span class='ocrx_word' id='word_1_308' title='bbox 431 1300 537 1336; x_wconf 81' lang='grc' dir='ltr'>ροῦντος</span> <span class='ocrx_word' id='word_1_309' title='bbox 551 1297 597 1325; x_wconf 73' lang='grc' dir='ltr'>τοῦ</span> <span class='ocrx_word' id='word_1_310' title='bbox 616 1298 693 1332; x_wconf 87' lang='grc' dir='ltr'>ἁγίου</span> <span class='ocrx_word' id='word_1_311' title='bbox 712 1296 865 1332; x_wconf 81' lang='grc' dir='ltr'>πνεύματος</span> <span class='ocrx_word' id='word_1_312' title='bbox 877 1295 915 1330; x_wconf 83' lang='grc' dir='ltr'>τῷ</span> <span class='ocrx_word' id='word_1_313' title='bbox 929 1294 1010 1321; x_wconf 81' lang='grc' dir='ltr'>πνεύ-</span> 
     </span>
    </p>
   </div>
   <div class='ocr_carea' id='block_1_44' title="bbox 230 1341 1010 1384">
    <p class='ocr_par' dir='ltr' id='par_1_44' title="bbox 230 1341 1010 1384">
     <span class='ocr_line' id='line_1_44' title="bbox 230 1341 1010 1384; baseline -0.01 -9"><span class='ocrx_word' id='word_1_314' title='bbox 230 1357 296 1384; x_wconf 80' lang='grc' dir='ltr'>ματι</span> <span class='ocrx_word' id='word_1_315' title='bbox 316 1346 417 1378; x_wconf 80' lang='grc' dir='ltr'>αὐτῶν,</span> <span class='ocrx_word' id='word_1_316' title='bbox 438 1346 482 1372; x_wconf 87' lang='grc' dir='ltr'>ῐνα</span> <span class='ocrx_word' id='word_1_317' title='bbox 503 1342 554 1372; x_wconf 83' lang='grc' dir='ltr'>ὦσι</span> <span class='ocrx_word' id='word_1_318' title='bbox 576 1343 658 1370; x_wconf 77' lang='grc' dir='ltr'>τέκνα</span> <span class='ocrx_word' id='word_1_319' title='bbox 668 1342 735 1372; x_wconf 83' lang='grc' dir='ltr'><strong>Θεοῦ</strong></span> <span class='ocrx_word' id='word_1_320' title='bbox 755 1341 826 1369; x_wconf 87' lang='grc' dir='ltr'><strong>κατὰ</strong></span> <span class='ocrx_word' id='word_1_321' title='bbox 839 1341 884 1368; x_wconf 80' lang='grc' dir='ltr'>τὸν</span> <span class='ocrx_word' id='word_1_322' title='bbox 897 1341 1010 1375; x_wconf 78' lang='grc' dir='ltr'>λέγοντα</span> 
     </span>
    </p>
   </div>
   <div class='ocr_carea' id='block_1_45' title="bbox 229 1385 1010 1423">
    <p class='ocr_par' dir='ltr' id='par_1_45' title="bbox 229 1385 1010 1423">
     <span class='ocr_line' id='line_1_45' title="bbox 229 1385 1010 1423; baseline -0.009 -4"><span class='ocrx_word' id='word_1_323' title='bbox 229 1391 385 1419; x_wconf 75' lang='grc' dir='ltr'>ἀπόστολονο</span> <span class='ocrx_word' id='word_1_324' title='bbox 401 1391 472 1417; x_wconf 83' lang='grc' dir='ltr'><strong>αὐτὸ</strong></span> <span class='ocrx_word' id='word_1_325' title='bbox 484 1390 517 1416; x_wconf 85' lang='grc' dir='ltr'>τὸ</span> <span class='ocrx_word' id='word_1_326' title='bbox 527 1388 645 1423; x_wconf 80' lang='grc' dir='ltr'><strong>πνεῦμα</strong></span> <span class='ocrx_word' id='word_1_327' title='bbox 659 1386 863 1422; x_wconf 81' lang='grc' dir='ltr'>συμμαρτυρεῖ</span> <span class='ocrx_word' id='word_1_328' title='bbox 871 1385 911 1419; x_wconf 87' lang='grc' dir='ltr'>τῷ</span> <span class='ocrx_word' id='word_1_329' title='bbox 923 1387 1010 1413; x_wconf 77' lang='grc' dir='ltr'><strong>πνεύ-</strong></span> 
     </span>
    </p>
   </div>
   <div class='ocr_carea' id='block_1_46' title="bbox 227 1431 1010 1472">
    <p class='ocr_par' dir='ltr' id='par_1_46' title="bbox 227 1431 1010 1472">
     <span class='ocr_line' id='line_1_46' title="bbox 227 1431 1010 1472; baseline -0.009 -8"><span class='ocrx_word' id='word_1_330' title='bbox 227 1445 297 1472; x_wconf 82' lang='grc' dir='ltr'>ματι</span> <span class='ocrx_word' id='word_1_331' title='bbox 309 1435 403 1471; x_wconf 75' lang='grc' dir='ltr'><em>ἡμῶν,</em></span> <span class='ocrx_word' id='word_1_332' title='bbox 415 1435 459 1462; x_wconf 84' lang='grc' dir='ltr'><strong>ὅτι</strong></span> <span class='ocrx_word' id='word_1_333' title='bbox 469 1434 561 1469; x_wconf 64' lang='grc' dir='ltr'><strong>ἐσμὲν·</strong></span> <span class='ocrx_word' id='word_1_334' title='bbox 577 1433 666 1460; x_wconf 80' lang='grc' dir='ltr'>τέκνα</span> <span class='ocrx_word' id='word_1_335' title='bbox 674 1433 755 1461; x_wconf 78' lang='grc' dir='ltr'><strong>Θεοῦ·</strong></span> <span class='ocrx_word' id='word_1_336' title='bbox 770 1432 816 1459; x_wconf 84' lang='grc' dir='ltr'>καὶ</span> <span class='ocrx_word' id='word_1_337' title='bbox 833 1432 871 1467; x_wconf 86' lang='grc' dir='ltr'>μὴ</span> <span class='ocrx_word' id='word_1_338' title='bbox 882 1431 1010 1467; x_wconf 83' lang='grc' dir='ltr'>βουλόμε-</span> 
     </span>
    </p>
   </div>
   <div class='ocr_carea' id='block_1_47' title="bbox 230 1477 1010 1518">
    <p class='ocr_par' dir='ltr' id='par_1_47' title="bbox 230 1477 1010 1518">
     <span class='ocr_line' id='line_1_47' title="bbox 230 1477 1010 1518; baseline -0.009 -8"><span class='ocrx_word' id='word_1_339' title='bbox 230 1493 270 1510; x_wconf 90' lang='grc' dir='ltr'><strong>νοι</strong></span> <span class='ocrx_word' id='word_1_340' title='bbox 284 1482 416 1518; x_wconf 72' lang='grc' dir='ltr'>γνωρίσαι</span> <span class='ocrx_word' id='word_1_341' title='bbox 436 1481 485 1516; x_wconf 72' lang='grc' dir='ltr'><strong>τὴν</strong></span> <span class='ocrx_word' id='word_1_342' title='bbox 505 1481 534 1507; x_wconf 79' lang='grc' dir='ltr'>ἐν</span> <span class='ocrx_word' id='word_1_343' title='bbox 553 1478 681 1515; x_wconf 81' lang='grc' dir='ltr'><strong>ἁγιασμῷ</strong></span> <span class='ocrx_word' id='word_1_344' title='bbox 698 1478 811 1514; x_wconf 80' lang='grc' dir='ltr'>αΰξησιν</span> <span class='ocrx_word' id='word_1_345' title='bbox 826 1477 942 1504; x_wconf 78' lang='grc' dir='ltr'>τοῦ.ἐσω</span> <span class='ocrx_word' id='word_1_346' title='bbox 962 1477 1010 1504; x_wconf 85' lang='grc' dir='ltr'><strong>ἀν-</strong></span> 
     </span>
    </p>
   </div>
   <div class='ocr_carea' id='block_1_48' title="bbox 231 1522 1011 1565">
    <p class='ocr_par' dir='ltr' id='par_1_48' title="bbox 231 1522 1011 1565">
     <span class='ocr_line' id='line_1_48' title="bbox 231 1522 1011 1565; baseline -0.01 -9"><span class='ocrx_word' id='word_1_347' title='bbox 231 1529 340 1565; x_wconf 78' lang='grc' dir='ltr'>θρώπου</span> <span class='ocrx_word' id='word_1_348' title='bbox 352 1548 360 1560; x_wconf 85' lang='grc'>,</span> <span class='ocrx_word' id='word_1_349' title='bbox 378 1527 445 1555; x_wconf 77' lang='grc' dir='ltr'>ἀλλὰ</span> <span class='ocrx_word' id='word_1_350' title='bbox 468 1525 716 1561; x_wconf 85' lang='grc' dir='ltr'>πληροφορούμενοι</span> <span class='ocrx_word' id='word_1_351' title='bbox 738 1524 816 1560; x_wconf 85' lang='grc' dir='ltr'>μόνον</span> <span class='ocrx_word' id='word_1_352' title='bbox 836 1524 866 1550; x_wconf 80' lang='grc' dir='ltr'>ἐν</span> <span class='ocrx_word' id='word_1_353' title='bbox 886 1524 943 1554; x_wconf 78' lang='grc' dir='ltr'>τοῖς</span> <span class='ocrx_word' id='word_1_354' title='bbox 961 1522 1011 1557; x_wconf 76' lang='grc' dir='ltr'>τῆς</span> 
     </span>
    </p>
   </div>
   <div class='ocr_carea' id='block_1_49' title="bbox 232 1568 1012 1610">
    <p class='ocr_par' dir='ltr' id='par_1_49' title="bbox 232 1568 1012 1610">
     <span class='ocr_line' id='line_1_49' title="bbox 232 1568 1012 1610; baseline -0.012 -7"><span class='ocrx_word' id='word_1_355' title='bbox 232 1575 331 1610; x_wconf 76' lang='grc' dir='ltr'>σαρκὸς</span> <span class='ocrx_word' id='word_1_356' title='bbox 345 1572 546 1609; x_wconf 78' lang='grc' dir='ltr'><strong>κατορθώμασι·</strong></span> <span class='ocrx_word' id='word_1_357' title='bbox 565 1571 602 1606; x_wconf 83' lang='grc' dir='ltr'><strong>μὴ</strong></span> <span class='ocrx_word' id='word_1_358' title='bbox 616 1571 736 1605; x_wconf 80' lang='grc' dir='ltr'><strong>γνόντες,</strong></span> <span class='ocrx_word' id='word_1_359' title='bbox 753 1570 795 1596; x_wconf 80' lang='grc' dir='ltr'>ὅτι</span> <span class='ocrx_word' id='word_1_360' title='bbox 806 1569 891 1596; x_wconf 77' lang='grc' dir='ltr'><em>πᾶσα</em></span> <span class='ocrx_word' id='word_1_361' title='bbox 902 1568 922 1601; x_wconf 79' lang='grc' dir='ltr'>ἡ</span> <span class='ocrx_word' id='word_1_362' title='bbox 937 1568 1012 1600; x_wconf 80' lang='grc' dir='ltr'>δόξα</span> 
     </span>
    </p>
   </div>
   <div class='ocr_carea' id='block_1_50' title="bbox 231 1614 1011 1655">
    <p class='ocr_par' dir='ltr' id='par_1_50' title="bbox 231 1614 1011 1655">
     <span class='ocr_line' id='line_1_50' title="bbox 231 1614 1011 1655; baseline -0.01 -7"><span class='ocrx_word' id='word_1_363' title='bbox 231 1620 287 1655; x_wconf 80' lang='grc' dir='ltr'>τῆς</span> <span class='ocrx_word' id='word_1_364' title='bbox 297 1618 439 1653; x_wconf 78' lang='grc' dir='ltr'>θυγατρὸς</span> <span class='ocrx_word' id='word_1_365' title='bbox 448 1617 500 1644; x_wconf 85' lang='grc' dir='ltr'><strong>τοῦ</strong></span> <span class='ocrx_word' id='word_1_366' title='bbox 512 1616 664 1650; x_wconf 72' lang='grc' dir='ltr'><strong>,ϐασιλέως</strong></span> <span class='ocrx_word' id='word_1_367' title='bbox 675 1616 796 1642; x_wconf 75' lang='grc' dir='ltr'><strong>ἔσωθεν.</strong></span> <span class='ocrx_word' id='word_1_368' title='bbox 820 1614 877 1641; x_wconf 79' lang='grc' dir='ltr'>ἐστι</span> <span class='ocrx_word' id='word_1_369' title='bbox 892 1614 946 1649; x_wconf 85' lang='grc' dir='ltr'>γάρ</span> <span class='ocrx_word' id='word_1_370' title='bbox 959 1622 1011 1646; x_wconf 80' lang='grc' dir='ltr'>τις,</span> 
     </span>
    </p>
   </div>
   <div class='ocr_carea' id='block_1_51' title="bbox 232 1657 1013 1699">
    <p class='ocr_par' dir='ltr' id='par_1_51' title="bbox 232 1657 1013 1699">
     <span class='ocr_line' id='line_1_51' title="bbox 232 1657 1013 1699; baseline -0.01 -5"><span class='ocrx_word' id='word_1_371' title='bbox 232 1667 271 1699; x_wconf 88' lang='grc' dir='ltr'><strong>ὡς</strong></span> <span class='ocrx_word' id='word_1_372' title='bbox 283 1666 379 1698; x_wconf 79' lang='grc' dir='ltr'>ἔοικεν,</span> <span class='ocrx_word' id='word_1_373' title='bbox 394 1665 508 1696; x_wconf 67' lang='grc' dir='ltr'>ἕκαστος</span> <span class='ocrx_word' id='word_1_374' title='bbox 523 1662 601 1698; x_wconf 79' lang='grc' dir='ltr'>ἡμῶν</span> <span class='ocrx_word' id='word_1_375' title='bbox 613 1662 695 1697; x_wconf 84' lang='grc' dir='ltr'>νοητὴ</span> <span class='ocrx_word' id='word_1_376' title='bbox 711 1661 791 1695; x_wconf 82' lang='grc' dir='ltr'>συκῆ,</span> <span class='ocrx_word' id='word_1_377' title='bbox 811 1661 873 1695; x_wconf 78' lang='grc' dir='ltr'>παρ’</span> <span class='ocrx_word' id='word_1_378' title='bbox 888 1657 922 1695; x_wconf 82' lang='grc' dir='ltr'>ἦς</span> <span class='ocrx_word' id='word_1_379' title='bbox 935 1661 950 1686; x_wconf 85' lang='grc' dir='ltr'><strong>ό</strong></span> <span class='ocrx_word' id='word_1_380' title='bbox 965 1659 1013 1687; x_wconf 79' lang='grc' dir='ltr'><strong>κύ-</strong></span> 
     </span>
    </p>
   </div>
   <div class='ocr_carea' id='block_1_52' title="bbox 234 1705 1014 1748">
    <p class='ocr_par' dir='ltr' id='par_1_52' title="bbox 234 1705 1014 1748">
     <span class='ocr_line' id='line_1_52' title="bbox 234 1705 1014 1748; baseline -0.01 -9"><span class='ocrx_word' id='word_1_381' title='bbox 234 1721 290 1748; x_wconf 89' lang='grc' dir='ltr'>ριος</span> <span class='ocrx_word' id='word_1_382' title='bbox 300 1712 345 1739; x_wconf 76' lang='grc' dir='ltr'><strong>τὸν</strong></span> <span class='ocrx_word' id='word_1_383' title='bbox 357 1711 430 1737; x_wconf 76' lang='grc' dir='ltr'>ἔνδον</span> <span class='ocrx_word' id='word_1_384' title='bbox 443 1709 547 1745; x_wconf 77' lang='grc' dir='ltr'>καρπὸν</span> <span class='ocrx_word' id='word_1_385' title='bbox 560 1707 692 1742; x_wconf 72' lang='grc' dir='ltr'>ἐπιζητεῖ,</span> <span class='ocrx_word' id='word_1_386' title='bbox 707 1707 753 1734; x_wconf 71' lang='grc' dir='ltr'><strong>και)¹</strong></span> <span class='ocrx_word' id='word_1_387' title='bbox 766 1707 796 1733; x_wconf 89' lang='grc' dir='ltr'>οὑ</span> <span class='ocrx_word' id='word_1_388' title='bbox 809 1706 854 1732; x_wconf 75' lang='grc' dir='ltr'><strong>τὸν</strong></span> <span class='ocrx_word' id='word_1_389' title='bbox 867 1707 898 1732; x_wconf 81' lang='grc' dir='ltr'>ὲκ</span> <span class='ocrx_word' id='word_1_390' title='bbox 909 1705 1014 1740; x_wconf 81' lang='grc' dir='ltr'>φύλλων</span> 
     </span>
    </p>
   </div>
   <div class='ocr_carea' id='block_1_53' title="bbox 233 1752 1014 1793">
    <p class='ocr_par' dir='ltr' id='par_1_53' title="bbox 233 1752 1014 1793">
     <span class='ocr_line' id='line_1_53' title="bbox 233 1752 1014 1793; baseline -0.012 -7"><span class='ocrx_word' id='word_1_391' title='bbox 233 1758 405 1793; x_wconf 74' lang='grc' dir='ltr'>ἐπικείμενον</span> <span class='ocrx_word' id='word_1_392' title='bbox 425 1755 623 1792; x_wconf 80' lang='grc' dir='ltr'>σχηματισμόν.</span> <span class='ocrx_word' id='word_1_393' title='bbox 648 1755 662 1780; x_wconf 89' lang='grc' dir='ltr'><strong>ό</strong></span> <span class='ocrx_word' id='word_1_394' title='bbox 679 1754 768 1780; x_wconf 82' lang='grc' dir='ltr'>τοίνυν</span> <span class='ocrx_word' id='word_1_395' title='bbox 788 1752 943 1788; x_wconf 85' lang='grc' dir='ltr'>συνηγορῶν</span> <span class='ocrx_word' id='word_1_396' title='bbox 958 1753 1014 1783; x_wconf 80' lang='grc' dir='ltr'>τοῖς</span> 
     </span>
    </p>
   </div>
   <div class='ocr_carea' id='block_1_54' title="bbox 234 1797 1040 1838">
    <p class='ocr_par' dir='ltr' id='par_1_54' title="bbox 234 1797 1040 1838">
     <span class='ocr_line' id='line_1_54' title="bbox 234 1797 1040 1838; baseline -0.012 -6"><span class='ocrx_word' id='word_1_397' title='bbox 234 1804 332 1832; x_wconf 80' lang='grc' dir='ltr'>πάθεσι</span> <span class='ocrx_word' id='word_1_398' title='bbox 353 1803 404 1838; x_wconf 81' lang='grc' dir='ltr'>τῆς</span> <span class='ocrx_word' id='word_1_399' title='bbox 425 1802 535 1836; x_wconf 76' lang='grc' dir='ltr'><strong>ἀτιμίας</strong></span> <span class='ocrx_word' id='word_1_400' title='bbox 551 1801 588 1832; x_wconf 86' lang='grc' dir='ltr'>ὡς</span> <span class='ocrx_word' id='word_1_401' title='bbox 603 1800 742 1834; x_wconf 80' lang='grc' dir='ltr'>φυσικοῖς,</span> <span class='ocrx_word' id='word_1_402' title='bbox 757 1798 805 1825; x_wconf 70' lang='grc' dir='ltr'><strong>κα)⁵</strong></span> <span class='ocrx_word' id='word_1_403' title='bbox 820 1798 870 1832; x_wconf 84' lang='grc' dir='ltr'><strong>οὐχ</strong></span> <span class='ocrx_word' id='word_1_404' title='bbox 890 1797 927 1829; x_wconf 86' lang='grc' dir='ltr'><strong>ὡς</strong></span> <span class='ocrx_word' id='word_1_405' title='bbox 947 1805 1015 1832; x_wconf 83' lang='grc' dir='ltr'>συμ-</span> <span class='ocrx_word' id='word_1_406' title='bbox 1036 1806 1040 1811; x_wconf 58' lang='grc'><em>”</em></span> 
     </span>
    </p>
   </div>
   <div class='ocr_carea' id='block_1_55' title="bbox 234 1842 1015 1884">
    <p class='ocr_par' dir='ltr' id='par_1_55' title="bbox 234 1842 1015 1884">
     <span class='ocr_line' id='line_1_55' title="bbox 234 1842 1015 1884; baseline -0.01 -8"><span class='ocrx_word' id='word_1_407' title='bbox 234 1849 379 1884; x_wconf 75' lang='grc' dir='ltr'>ϐεϐηκόσι.</span> <span class='ocrx_word' id='word_1_408' title='bbox 397 1846 545 1882; x_wconf 72' lang='grc' dir='ltr'>μετήλλαξε</span> <span class='ocrx_word' id='word_1_409' title='bbox 561 1846 610 1882; x_wconf 84' lang='grc' dir='ltr'><strong>τὴν</strong></span> <span class='ocrx_word' id='word_1_410' title='bbox 631 1844 679 1871; x_wconf 80' lang='grc' dir='ltr'><strong>τοῦ</strong></span> <span class='ocrx_word' id='word_1_411' title='bbox 689 1843 755 1871; x_wconf 81' lang='grc' dir='ltr'><strong>Θεοῦ</strong></span> <span class='ocrx_word' id='word_1_412' title='bbox 775 1843 904 1878; x_wconf 80' lang='grc' dir='ltr'>ἀλήθειαν</span> <span class='ocrx_word' id='word_1_413' title='bbox 927 1843 956 1869; x_wconf 83' lang='grc' dir='ltr'>ὲν</span> <span class='ocrx_word' id='word_1_414' title='bbox 975 1842 1015 1877; x_wconf 85' lang='grc' dir='ltr'>τῷ</span> 
     </span>
    </p>
   </div>
   <div class='ocr_carea' id='block_1_56' title="bbox 234 1887 1015 1928">
    <p class='ocr_par' dir='ltr' id='par_1_56' title="bbox 234 1887 1015 1928">
     <span class='ocr_line' id='line_1_56' title="bbox 234 1887 1015 1928; baseline -0.009 -8"><span class='ocrx_word' id='word_1_415' title='bbox 234 1894 326 1927; x_wconf 71' lang='grc' dir='ltr'>οἰκείῳ</span> <span class='ocrx_word' id='word_1_416' title='bbox 345 1892 446 1928; x_wconf 78' lang='grc' dir='ltr'><strong>ψεύδει.</strong></span> <span class='ocrx_word' id='word_1_417' title='bbox 470 1891 508 1923; x_wconf 82' lang='grc' dir='ltr'><strong>ὡς</strong></span> <span class='ocrx_word' id='word_1_418' title='bbox 534 1890 589 1925; x_wconf 87' lang='grc' dir='ltr'><strong>γὰρ</strong></span> <span class='ocrx_word' id='word_1_419' title='bbox 617 1889 748 1925; x_wconf 82' lang='grc' dir='ltr'>προέφην,</span> <span class='ocrx_word' id='word_1_420' title='bbox 775 1889 790 1914; x_wconf 85' lang='grc' dir='ltr'><strong>ό</strong></span> <span class='ocrx_word' id='word_1_421' title='bbox 813 1888 945 1922; x_wconf 81' lang='grc' dir='ltr'>ἄχραντος</span> <span class='ocrx_word' id='word_1_422' title='bbox 969 1887 1015 1914; x_wconf 74' lang='grc' dir='ltr'><strong>καὶ</strong></span> 
     </span>
    </p>
   </div>
   <div class='ocr_carea' id='block_1_57' title="bbox 235 1932 1016 1974">
    <p class='ocr_par' dir='ltr' id='par_1_57' title="bbox 235 1932 1016 1974">
     <span class='ocr_line' id='line_1_57' title="bbox 235 1932 1016 1974; baseline -0.013 -7"><span class='ocrx_word' id='word_1_423' title='bbox 235 1939 354 1974; x_wconf 74' lang='grc' dir='ltr'>καθαρὸς</span> <span class='ocrx_word' id='word_1_424' title='bbox 369 1938 416 1965; x_wconf 76' lang='grc' dir='ltr'>καὶ</span> <span class='ocrx_word' id='word_1_425' title='bbox 428 1937 477 1972; x_wconf 81' lang='grc' dir='ltr'><strong>τὴν</strong></span> <span class='ocrx_word' id='word_1_426' title='bbox 493 1936 585 1963; x_wconf 74' lang='grc' dir='ltr'>εἰκόνα</span> <span class='ocrx_word' id='word_1_427' title='bbox 602 1935 685 1961; x_wconf 82' lang='grc' dir='ltr'>αὑτοῦ</span> <span class='ocrx_word' id='word_1_428' title='bbox 707 1933 802 1969; x_wconf 81' lang='grc' dir='ltr'>ὁμοίαν</span> <span class='ocrx_word' id='word_1_429' title='bbox 816 1932 1016 1959; x_wconf 69' lang='grc' dir='ltr'>κατεσκεύασεν</span> 
     </span>
    </p>
   </div>
   <div class='ocr_carea' id='block_1_58' title="bbox 235 1978 1017 2018">
    <p class='ocr_par' dir='ltr' id='par_1_58' title="bbox 235 1978 1017 2018">
     <span class='ocr_line' id='line_1_58' title="bbox 235 1978 1017 2018; baseline -0.01 -7"><span class='ocrx_word' id='word_1_430' title='bbox 235 1984 333 2018; x_wconf 59' lang='grc' dir='ltr'>ἑαυτῷ</span> <span class='ocrx_word' id='word_1_431' title='bbox 355 1983 444 2017; x_wconf 81' lang='grc' dir='ltr'>φθόνῳ</span> <span class='ocrx_word' id='word_1_432' title='bbox 463 1981 492 2008; x_wconf 78' lang='grc' dir='ltr'><strong>δὲ</strong></span> <span class='ocrx_word' id='word_1_433' title='bbox 513 1980 635 2008; x_wconf 76' lang='grc' dir='ltr'>διαὸόλου</span> <span class='ocrx_word' id='word_1_434' title='bbox 652 1979 766 2010; x_wconf 81' lang='grc' dir='ltr'>θάνατος</span> <span class='ocrx_word' id='word_1_435' title='bbox 791 1979 830 2009; x_wconf 84' lang='grc' dir='ltr'><strong>είς</strong></span> <span class='ocrx_word' id='word_1_436' title='bbox 851 1979 896 2004; x_wconf 82' lang='grc' dir='ltr'>τδν</span> <span class='ocrx_word' id='word_1_437' title='bbox 916 1978 1017 2012; x_wconf 80' lang='grc' dir='ltr'>κόσμον</span> 
     </span>
    </p>
   </div>
   <div class='ocr_carea' id='block_1_59' title="bbox 235 2023 1017 2066">
    <p class='ocr_par' dir='ltr' id='par_1_59' title="bbox 235 2023 1017 2066">
     <span class='ocr_line' id='line_1_59' title="bbox 235 2023 1017 2066; baseline -0.012 -9"><span class='ocrx_word' id='word_1_438' title='bbox 235 2030 342 2066; x_wconf 72' lang='grc' dir='ltr'>εἰσῆλθε</span> <span class='ocrx_word' id='word_1_439' title='bbox 354 2050 362 2057; x_wconf 92' lang='grc'><strong>.</strong></span> <span class='ocrx_word' id='word_1_440' title='bbox 381 2027 474 2062; x_wconf 77' lang='grc' dir='ltr'>ἐπειδὴ</span> <span class='ocrx_word' id='word_1_441' title='bbox 499 2026 588 2053; x_wconf 82' lang='grc' dir='ltr'>τοίνυν</span> <span class='ocrx_word' id='word_1_442' title='bbox 603 2026 634 2052; x_wconf 80' lang='grc' dir='ltr'>τὸ</span> <span class='ocrx_word' id='word_1_443' title='bbox 655 2024 709 2051; x_wconf 81' lang='grc' dir='ltr'>τῶν</span> <span class='ocrx_word' id='word_1_444' title='bbox 729 2023 878 2059; x_wconf 82' lang='grc' dir='ltr'>ἀνθρώπων</span> <span class='ocrx_word' id='word_1_445' title='bbox 894 2023 1017 2066; x_wconf 16' lang='grc' dir='ltr'>γένοςγὲν</span> 
     </span>
    </p>
   </div>
   <div class='ocr_carea' id='block_1_60' title="bbox 235 2065 1016 2109">
    <p class='ocr_par' dir='ltr' id='par_1_60' title="bbox 235 2065 1016 2109">
     <span class='ocr_line' id='line_1_60' title="bbox 235 2065 1016 2109; baseline -0.014 -8"><span class='ocrx_word' id='word_1_446' title='bbox 235 2073 361 2109; x_wconf 84' lang='grc' dir='ltr'>ἁνομίαις</span> <span class='ocrx_word' id='word_1_447' title='bbox 387 2071 487 2107; x_wconf 80' lang='grc' dir='ltr'>κυηθέν</span> <span class='ocrx_word' id='word_1_448' title='bbox 503 2071 543 2105; x_wconf 84' lang='grc'><strong>¹),</strong></span> <span class='ocrx_word' id='word_1_449' title='bbox 567 2070 616 2096; x_wconf 72' lang='grc' dir='ltr'>καὶ</span> <span class='ocrx_word' id='word_1_450' title='bbox 648 2069 677 2095; x_wconf 82' lang='grc' dir='ltr'>ὲν</span> <span class='ocrx_word' id='word_1_451' title='bbox 703 2067 849 2103; x_wconf 82' lang='grc' dir='ltr'>ἁμαρτίαις</span> <span class='ocrx_word' id='word_1_452' title='bbox 874 2065 1016 2100; x_wconf 79' lang='grc' dir='ltr'>γεννηθέν,</span> 
     </span>
    </p>
   </div>
   <div class='ocr_carea' id='block_1_61' title="bbox 235 2110 1019 2155">
    <p class='ocr_par' dir='ltr' id='par_1_61' title="bbox 235 2110 1019 2155">
     <span class='ocr_line' id='line_1_61' title="bbox 235 2110 1019 2155; baseline -0.014 -8"><span class='ocrx_word' id='word_1_453' title='bbox 235 2117 442 2155; x_wconf 85' lang='grc' dir='ltr'>ἀπηλλοτριώθη</span> <span class='ocrx_word' id='word_1_454' title='bbox 467 2116 521 2143; x_wconf 81' lang='grc' dir='ltr'><strong>ἀπὸ</strong></span> <span class='ocrx_word' id='word_1_455' title='bbox 542 2115 647 2150; x_wconf 81' lang='grc' dir='ltr'>μήτρας</span> <span class='ocrx_word' id='word_1_456' title='bbox 670 2113 717 2140; x_wconf 70' lang='grc' dir='ltr'><strong>καὶ</strong></span> <span class='ocrx_word' id='word_1_457' title='bbox 736 2112 873 2155; x_wconf 72' lang='grc' dir='ltr'>ἐπλανήθη</span> <span class='ocrx_word' id='word_1_458' title='bbox 893 2110 947 2138; x_wconf 83' lang='grc' dir='ltr'><strong>ἀπὸ</strong></span> <span class='ocrx_word' id='word_1_459' title='bbox 969 2119 1019 2144; x_wconf 87' lang='grc' dir='ltr'>γα-</span> 
     </span>
    </p>
   </div>
   <div class='ocr_carea' id='block_1_62' title="bbox 237 2154 1019 2201">
    <p class='ocr_par' dir='ltr' id='par_1_62' title="bbox 237 2154 1019 2201">
     <span class='ocr_line' id='line_1_62' title="bbox 237 2154 1019 2201; baseline -0.012 -9"><span class='ocrx_word' id='word_1_460' title='bbox 237 2154 324 2201; x_wconf 85' lang='grc' dir='ltr'>στρός,</span> <span class='ocrx_word' id='word_1_461' title='bbox 347 2163 542 2199; x_wconf 80' lang='grc' dir='ltr'>βασιλευσάσης</span> <span class='ocrx_word' id='word_1_462' title='bbox 555 2160 604 2195; x_wconf 85' lang='grc' dir='ltr'>τῆς</span> <span class='ocrx_word' id='word_1_463' title='bbox 620 2158 756 2194; x_wconf 84' lang='grc' dir='ltr'>ἁμαρτίας</span> <span class='ocrx_word' id='word_1_464' title='bbox 765 2157 819 2184; x_wconf 78' lang='grc' dir='ltr'>ἀπὸ</span> <span class='ocrx_word' id='word_1_465' title='bbox 836 2154 922 2192; x_wconf 76' lang='grc' dir='ltr'><strong>’Δδὰμ</strong></span> <span class='ocrx_word' id='word_1_466' title='bbox 939 2157 1019 2191; x_wconf 86' lang='grc' dir='ltr'>μέχρι</span> 
     </span>
    </p>
   </div>
   <div class='ocr_carea' id='block_1_63' title="bbox 235 2202 1020 2246">
    <p class='ocr_par' dir='ltr' id='par_1_63' title="bbox 235 2202 1020 2246">
     <span class='ocr_line' id='line_1_63' title="bbox 235 2202 1020 2246; baseline -0.014 -8"><span class='ocrx_word' id='word_1_467' title='bbox 235 2212 285 2246; x_wconf 75' lang='grc' dir='ltr'>τῆς</span> <span class='ocrx_word' id='word_1_468' title='bbox 305 2209 456 2245; x_wconf 77' lang='grc' dir='ltr'>παρουσίας</span> <span class='ocrx_word' id='word_1_469' title='bbox 467 2207 514 2234; x_wconf 86' lang='grc' dir='ltr'>τοῦ</span> <span class='ocrx_word' id='word_1_470' title='bbox 528 2205 658 2241; x_wconf 80' lang='grc' dir='ltr'>Χριστοῦ,</span> <span class='ocrx_word' id='word_1_471' title='bbox 673 2203 754 2240; x_wconf 80' lang='grc' dir='ltr'>ἦλθεν</span> <span class='ocrx_word' id='word_1_472' title='bbox 769 2203 886 2234; x_wconf 74' lang='grc' dir='ltr'>ἱλασθεὶς</span> <span class='ocrx_word' id='word_1_473' title='bbox 908 2203 922 2228; x_wconf 81' lang='grc' dir='ltr'>ὁ</span> <span class='ocrx_word' id='word_1_474' title='bbox 935 2202 1020 2237; x_wconf 77' lang='grc' dir='ltr'>ἀμνὸς</span> 
     </span>
    </p>
   </div>
   <div class='ocr_carea' id='block_1_64' title="bbox 1055 974 1839 1010">
    <p class='ocr_par' dir='ltr' id='par_1_64' title="bbox 1055 974 1839 1010">
     <span class='ocr_line' id='line_1_64' title="bbox 1055 974 1839 1010; baseline -0.003 -8"><span class='ocrx_word' id='word_1_475' title='bbox 1055 979 1201 1010; x_wconf 80' lang='lat' dir='ltr'><strong>appetunt,</strong></span> <span class='ocrx_word' id='word_1_476' title='bbox 1217 975 1339 1002; x_wconf 90' lang='lat' dir='ltr'><strong>obsecuti</strong></span> <span class='ocrx_word' id='word_1_477' title='bbox 1366 974 1406 1001; x_wconf 83' lang='lat' dir='ltr'><strong>illi</strong></span> <span class='ocrx_word' id='word_1_478' title='bbox 1422 974 1469 1009; x_wconf 89' lang='lat' dir='ltr'><strong>qui</strong></span> <span class='ocrx_word' id='word_1_479' title='bbox 1491 974 1560 1002; x_wconf 84' lang='lat' dir='ltr'><strong>dixit</strong></span> <span class='ocrx_word' id='word_1_480' title='bbox 1576 975 1651 1002; x_wconf 81' lang='lat' dir='ltr'><strong>:Nisi</strong></span> <span class='ocrx_word' id='word_1_481' title='bbox 1668 975 1839 1002; x_wconf 57' lang='lat' dir='ltr'><strong>abundaverit</strong></span> 
     </span>
    </p>
   </div>
   <div class='ocr_carea' id='block_1_65' title="bbox 1051 1019 1838 1056">
    <p class='ocr_par' dir='ltr' id='par_1_65' title="bbox 1051 1019 1838 1056">
     <span class='ocr_line' id='line_1_65' title="bbox 1051 1019 1838 1056; baseline -0.001 -9"><span class='ocrx_word' id='word_1_482' title='bbox 1051 1021 1157 1056; x_wconf 78' lang='lat' dir='ltr'><strong>justitia</strong></span> <span class='ocrx_word' id='word_1_483' title='bbox 1171 1026 1257 1048; x_wconf 81' lang='lat' dir='ltr'><strong>vestra</strong></span> <span class='ocrx_word' id='word_1_484' title='bbox 1283 1020 1341 1056; x_wconf 83' lang='lat' dir='ltr'><strong>plus</strong></span> <span class='ocrx_word' id='word_1_485' title='bbox 1357 1029 1438 1055; x_wconf 85' lang='lat' dir='ltr'><strong>quam</strong></span> <span class='ocrx_word' id='word_1_486' title='bbox 1463 1020 1668 1048; x_wconf 83' lang='lat' dir='ltr'><strong>Pharisaeorum</strong></span> <span class='ocrx_word' id='word_1_487' title='bbox 1690 1027 1713 1047; x_wconf 85' lang='lat' dir='ltr'><strong>et</strong></span> <span class='ocrx_word' id='word_1_488' title='bbox 1732 1019 1838 1047; x_wconf 80' lang='lat' dir='ltr'><strong>Scribo-</strong></span> 
     </span>
    </p>
   </div>
   <div class='ocr_carea' id='block_1_66' title="bbox 1056 1066 1840 1101">
    <p class='ocr_par' dir='ltr' id='par_1_66' title="bbox 1056 1066 1840 1101">
     <span class='ocr_line' id='line_1_66' title="bbox 1056 1066 1840 1101; baseline 0 -9"><span class='ocrx_word' id='word_1_489' title='bbox 1056 1075 1115 1093; x_wconf 86' lang='lat' dir='ltr'><strong>rum</strong></span> <span class='ocrx_word' id='word_1_490' title='bbox 1131 1087 1138 1098; x_wconf 88' lang='lat'><strong>,</strong></span> <span class='ocrx_word' id='word_1_491' title='bbox 1159 1075 1211 1094; x_wconf 82' lang='lat' dir='ltr'><strong>non</strong></span> <span class='ocrx_word' id='word_1_492' title='bbox 1224 1066 1359 1094; x_wconf 80' lang='lat' dir='ltr'><strong>intrabitis</strong></span> <span class='ocrx_word' id='word_1_493' title='bbox 1371 1067 1398 1093; x_wconf 78' lang='lat' dir='ltr'><strong>in</strong></span> <span class='ocrx_word' id='word_1_494' title='bbox 1414 1074 1523 1101; x_wconf 71' lang='lat' dir='ltr'><strong>regnum</strong></span> <span class='ocrx_word' id='word_1_495' title='bbox 1540 1066 1840 1101; x_wconf 78' lang='lat' dir='ltr'><strong>coclorum(7).Etenim</strong></span> 
     </span>
    </p>
   </div>
   <div class='ocr_carea' id='block_1_67' title="bbox 1056 1108 1840 1145">
    <p class='ocr_par' dir='ltr' id='par_1_67' title="bbox 1056 1108 1840 1145">
     <span class='ocr_line' id='line_1_67' title="bbox 1056 1108 1840 1145; baseline 0 -8"><span class='ocrx_word' id='word_1_496' title='bbox 1056 1111 1194 1138; x_wconf 89' lang='lat' dir='ltr'><strong>Pharisaei</strong></span> <span class='ocrx_word' id='word_1_497' title='bbox 1217 1115 1308 1138; x_wconf 83' lang='lat' dir='ltr'><strong>mente</strong></span> <span class='ocrx_word' id='word_1_498' title='bbox 1326 1111 1466 1138; x_wconf 82' lang='lat' dir='ltr'><strong>obcaecati</strong></span> <span class='ocrx_word' id='word_1_499' title='bbox 1481 1115 1601 1138; x_wconf 83' lang='lat' dir='ltr'><strong>exteram</strong></span> <span class='ocrx_word' id='word_1_500' title='bbox 1623 1111 1711 1145; x_wconf 85' lang='lat' dir='ltr'><strong>poculi</strong></span> <span class='ocrx_word' id='word_1_501' title='bbox 1732 1108 1840 1145; x_wconf 78' lang='lat' dir='ltr'><strong>partem</strong></span> 
     </span>
    </p>
   </div>
   <div class='ocr_carea' id='block_1_68' title="bbox 1056 1155 1840 1185">
    <p class='ocr_par' dir='ltr' id='par_1_68' title="bbox 1056 1155 1840 1185">
     <span class='ocr_line' id='line_1_68' title="bbox 1056 1155 1840 1185; baseline -0.003 -1"><span class='ocrx_word' id='word_1_502' title='bbox 1056 1157 1157 1184; x_wconf 83' lang='lat' dir='ltr'><strong>lavant.</strong></span> <span class='ocrx_word' id='word_1_503' title='bbox 1176 1157 1252 1184; x_wconf 88' lang='lat' dir='ltr'><strong>Sicut</strong></span> <span class='ocrx_word' id='word_1_504' title='bbox 1267 1157 1350 1184; x_wconf 85' lang='lat' dir='ltr'><strong>etiam</strong></span> <span class='ocrx_word' id='word_1_505' title='bbox 1362 1164 1434 1183; x_wconf 89' lang='lat' dir='ltr'><strong>nunc</strong></span> <span class='ocrx_word' id='word_1_506' title='bbox 1445 1156 1508 1182; x_wconf 83' lang='lat' dir='ltr'><strong>novi</strong></span> <span class='ocrx_word' id='word_1_507' title='bbox 1517 1156 1666 1183; x_wconf 88' lang='lat' dir='ltr'><strong>secundum</strong></span> <span class='ocrx_word' id='word_1_508' title='bbox 1684 1164 1731 1183; x_wconf 90' lang='lat' dir='ltr'><strong>eos</strong></span> <span class='ocrx_word' id='word_1_509' title='bbox 1743 1155 1840 1185; x_wconf 56' lang='lat' dir='ltr'><strong>Phari.-</strong></span> 
     </span>
    </p>
   </div>
   <div class='ocr_carea' id='block_1_69' title="bbox 1057 1201 1841 1236">
    <p class='ocr_par' dir='ltr' id='par_1_69' title="bbox 1057 1201 1841 1236">
     <span class='ocr_line' id='line_1_69' title="bbox 1057 1201 1841 1236; baseline -0.004 -6"><span class='ocrx_word' id='word_1_510' title='bbox 1057 1203 1112 1230; x_wconf 87' lang='lat' dir='ltr'><strong>saei</strong></span> <span class='ocrx_word' id='word_1_511' title='bbox 1127 1203 1289 1230; x_wconf 81' lang='lat' dir='ltr'><strong>exteriorem</strong></span> <span class='ocrx_word' id='word_1_512' title='bbox 1302 1202 1441 1229; x_wconf 86' lang='lat' dir='ltr'><strong>hominem</strong></span> <span class='ocrx_word' id='word_1_513' title='bbox 1456 1202 1548 1229; x_wconf 84' lang='lat' dir='ltr'><strong>nativa</strong></span> <span class='ocrx_word' id='word_1_514' title='bbox 1562 1201 1678 1236; x_wconf 88' lang='lat' dir='ltr'><strong>quadam</strong></span> <span class='ocrx_word' id='word_1_515' title='bbox 1694 1201 1841 1236; x_wconf 79' lang='lat' dir='ltr'><strong>sagacitate</strong></span> 
     </span>
    </p>
   </div>
   <div class='ocr_carea' id='block_1_70' title="bbox 1057 1246 1841 1283">
    <p class='ocr_par' dir='ltr' id='par_1_70' title="bbox 1057 1246 1841 1283">
     <span class='ocr_line' id='line_1_70' title="bbox 1057 1246 1841 1283; baseline -0.003 -9"><span class='ocrx_word' id='word_1_516' title='bbox 1057 1252 1221 1275; x_wconf 82' lang='lat' dir='ltr'><strong>exornantes</strong></span> <span class='ocrx_word' id='word_1_517' title='bbox 1232 1256 1260 1275; x_wconf 84' lang='lat' dir='ltr'><strong>se</strong></span> <span class='ocrx_word' id='word_1_518' title='bbox 1274 1248 1347 1283; x_wconf 87' lang='lat' dir='ltr'><strong>ipsos</strong></span> <span class='ocrx_word' id='word_1_519' title='bbox 1363 1248 1521 1279; x_wconf 81' lang='lat' dir='ltr'><strong>iustilicant,</strong></span> <span class='ocrx_word' id='word_1_520' title='bbox 1534 1247 1640 1281; x_wconf 87' lang='lat' dir='ltr'><strong>Spiritu</strong></span> <span class='ocrx_word' id='word_1_521' title='bbox 1657 1250 1750 1273; x_wconf 87' lang='lat' dir='ltr'><strong>saneto</strong></span> <span class='ocrx_word' id='word_1_522' title='bbox 1763 1246 1841 1273; x_wconf 85' lang='lat' dir='ltr'><strong>testi-</strong></span> 
     </span>
    </p>
   </div>
   <div class='ocr_carea' id='block_1_71' title="bbox 1058 1290 1843 1327">
    <p class='ocr_par' dir='ltr' id='par_1_71' title="bbox 1058 1290 1843 1327">
     <span class='ocr_line' id='line_1_71' title="bbox 1058 1290 1843 1327; baseline -0.004 -8"><span class='ocrx_word' id='word_1_523' title='bbox 1058 1293 1179 1319; x_wconf 91' lang='lat' dir='ltr'><strong>monium</strong></span> <span class='ocrx_word' id='word_1_524' title='bbox 1204 1300 1258 1319; x_wconf 89' lang='lat' dir='ltr'><strong>non</strong></span> <span class='ocrx_word' id='word_1_525' title='bbox 1276 1292 1438 1327; x_wconf 82' lang='lat' dir='ltr'><strong>perhibente</strong></span> <span class='ocrx_word' id='word_1_526' title='bbox 1464 1291 1573 1326; x_wconf 85' lang='lat' dir='ltr'><strong>spiritui</strong></span> <span class='ocrx_word' id='word_1_527' title='bbox 1595 1298 1709 1322; x_wconf 89' lang='lat' dir='ltr'><strong>eorum,</strong></span> <span class='ocrx_word' id='word_1_528' title='bbox 1734 1294 1763 1317; x_wconf 90' lang='lat' dir='ltr'><strong>ut</strong></span> <span class='ocrx_word' id='word_1_529' title='bbox 1788 1290 1843 1317; x_wconf 86' lang='lat' dir='ltr'><strong>sint</strong></span> 
     </span>
    </p>
   </div>
   <div class='ocr_carea' id='block_1_72' title="bbox 1059 1336 1845 1372">
    <p class='ocr_par' dir='ltr' id='par_1_72' title="bbox 1059 1336 1845 1372">
     <span class='ocr_line' id='line_1_72' title="bbox 1059 1336 1845 1372; baseline -0.003 -7"><span class='ocrx_word' id='word_1_530' title='bbox 1059 1338 1108 1365; x_wconf 88' lang='lat' dir='ltr'><strong>ﬁlii</strong></span> <span class='ocrx_word' id='word_1_531' title='bbox 1140 1338 1188 1365; x_wconf 89' lang='lat' dir='ltr'><strong>Dei</strong></span> <span class='ocrx_word' id='word_1_532' title='bbox 1226 1338 1376 1369; x_wconf 88' lang='lat' dir='ltr'><strong>secundum</strong></span> <span class='ocrx_word' id='word_1_533' title='bbox 1408 1337 1566 1372; x_wconf 82' lang='lat' dir='ltr'><strong>Apostolum</strong></span> <span class='ocrx_word' id='word_1_534' title='bbox 1597 1337 1732 1364; x_wconf 88' lang='lat' dir='ltr'><strong>dicentem</strong></span> <span class='ocrx_word' id='word_1_535' title='bbox 1756 1346 1763 1363; x_wconf 88' lang='lat'><strong>:</strong></span> <span class='ocrx_word' id='word_1_536' title='bbox 1783 1336 1845 1371; x_wconf 80' lang='lat' dir='ltr'><strong>Ipsa</strong></span> 
     </span>
    </p>
   </div>
   <div class='ocr_carea' id='block_1_73' title="bbox 1059 1383 1844 1419">
    <p class='ocr_par' dir='ltr' id='par_1_73' title="bbox 1059 1383 1844 1419">
     <span class='ocr_line' id='line_1_73' title="bbox 1059 1383 1844 1419; baseline -0.003 -8"><span class='ocrx_word' id='word_1_537' title='bbox 1059 1385 1129 1411; x_wconf 78' lang='lat' dir='ltr'><strong>enim</strong></span> <span class='ocrx_word' id='word_1_538' title='bbox 1140 1383 1252 1419; x_wconf 76' lang='lat' dir='ltr'><strong>Spiritus</strong></span> <span class='ocrx_word' id='word_1_539' title='bbox 1266 1385 1441 1411; x_wconf 82' lang='lat' dir='ltr'><strong>testimonium</strong></span> <span class='ocrx_word' id='word_1_540' title='bbox 1456 1383 1539 1409; x_wconf 75' lang='lat' dir='ltr'><strong>reddit</strong></span> <span class='ocrx_word' id='word_1_541' title='bbox 1553 1383 1658 1418; x_wconf 78' lang='lat' dir='ltr'><strong><em>spiritui</em></strong></span> <span class='ocrx_word' id='word_1_542' title='bbox 1674 1387 1762 1409; x_wconf 85' lang='lat' dir='ltr'><strong>nostro</strong></span> <span class='ocrx_word' id='word_1_543' title='bbox 1775 1383 1844 1418; x_wconf 76' lang='lat' dir='ltr'><strong>quod</strong></span> 
     </span>
    </p>
   </div>
   <div class='ocr_carea' id='block_1_74' title="bbox 1059 1427 1844 1464">
    <p class='ocr_par' dir='ltr' id='par_1_74' title="bbox 1059 1427 1844 1464">
     <span class='ocr_line' id='line_1_74' title="bbox 1059 1427 1844 1464; baseline -0.001 -9"><span class='ocrx_word' id='word_1_544' title='bbox 1059 1437 1148 1456; x_wconf 80' lang='lat' dir='ltr'><strong><em>sumus</em></strong></span> <span class='ocrx_word' id='word_1_545' title='bbox 1165 1428 1272 1463; x_wconf 76' lang='lat' dir='ltr'><strong>ﬁliiDei</strong></span> <span class='ocrx_word' id='word_1_546' title='bbox 1286 1428 1344 1464; x_wconf 84' lang='lat'><strong>(8),</strong></span> <span class='ocrx_word' id='word_1_547' title='bbox 1365 1436 1456 1463; x_wconf 85' lang='lat' dir='ltr'><strong>neque</strong></span> <span class='ocrx_word' id='word_1_548' title='bbox 1477 1428 1600 1455; x_wconf 86' lang='lat' dir='ltr'><strong>volentes</strong></span> <span class='ocrx_word' id='word_1_549' title='bbox 1619 1435 1782 1462; x_wconf 74' lang='lat' dir='ltr'><strong>cognoscere</strong></span> <span class='ocrx_word' id='word_1_550' title='bbox 1800 1427 1844 1454; x_wconf 82' lang='lat' dir='ltr'><strong>in-</strong></span> 
     </span>
    </p>
   </div>
   <div class='ocr_carea' id='block_1_75' title="bbox 1061 1473 1845 1510">
    <p class='ocr_par' dir='ltr' id='par_1_75' title="bbox 1061 1473 1845 1510">
     <span class='ocr_line' id='line_1_75' title="bbox 1061 1473 1845 1510; baseline -0.004 -7"><span class='ocrx_word' id='word_1_551' title='bbox 1061 1475 1169 1503; x_wconf 74' lang='lat' dir='ltr'><strong>terioris</strong></span> <span class='ocrx_word' id='word_1_552' title='bbox 1183 1475 1302 1502; x_wconf 86' lang='lat' dir='ltr'><strong>hominis</strong></span> <span class='ocrx_word' id='word_1_553' title='bbox 1312 1478 1487 1510; x_wconf 82' lang='lat' dir='ltr'><strong>augmentum</strong></span> <span class='ocrx_word' id='word_1_554' title='bbox 1500 1474 1573 1508; x_wconf 88' lang='lat' dir='ltr'><strong>quod</strong></span> <span class='ocrx_word' id='word_1_555' title='bbox 1582 1479 1625 1500; x_wconf 82' lang='lat' dir='ltr'><strong>est</strong></span> <span class='ocrx_word' id='word_1_556' title='bbox 1644 1473 1673 1500; x_wconf 91' lang='lat' dir='ltr'><strong>in</strong></span> <span class='ocrx_word' id='word_1_557' title='bbox 1690 1473 1845 1501; x_wconf 81' lang='lat' dir='ltr'><strong>sanctiﬁca-</strong></span> 
     </span>
    </p>
   </div>
   <div class='ocr_carea' id='block_1_76' title="bbox 1060 1516 1848 1552">
    <p class='ocr_par' dir='ltr' id='par_1_76' title="bbox 1060 1516 1848 1552">
     <span class='ocr_line' id='line_1_76' title="bbox 1060 1516 1848 1552; baseline -0.004 -6"><span class='ocrx_word' id='word_1_558' title='bbox 1060 1519 1145 1551; x_wconf 83' lang='lat' dir='ltr'><strong>tione,</strong></span> <span class='ocrx_word' id='word_1_559' title='bbox 1164 1519 1211 1546; x_wconf 87' lang='lat' dir='ltr'><strong>sed</strong></span> <span class='ocrx_word' id='word_1_560' title='bbox 1228 1519 1399 1546; x_wconf 79' lang='lat' dir='ltr'><strong>abundantes</strong></span> <span class='ocrx_word' id='word_1_561' title='bbox 1419 1522 1522 1544; x_wconf 86' lang='lat' dir='ltr'><strong>tantum</strong></span> <span class='ocrx_word' id='word_1_562' title='bbox 1540 1517 1568 1544; x_wconf 91' lang='lat' dir='ltr'><strong>in</strong></span> <span class='ocrx_word' id='word_1_563' title='bbox 1588 1517 1679 1544; x_wconf 86' lang='lat' dir='ltr'><strong>carnis</strong></span> <span class='ocrx_word' id='word_1_564' title='bbox 1702 1516 1848 1552; x_wconf 82' lang='lat' dir='ltr'><strong>operibus,</strong></span> 
     </span>
    </p>
   </div>
   <div class='ocr_carea' id='block_1_77' title="bbox 1063 1563 1839 1601">
    <p class='ocr_par' dir='ltr' id='par_1_77' title="bbox 1063 1563 1839 1601">
     <span class='ocr_line' id='line_1_77' title="bbox 1063 1563 1839 1601; baseline -0.003 -9"><span class='ocrx_word' id='word_1_565' title='bbox 1063 1566 1227 1601; x_wconf 81' lang='lat' dir='ltr'><strong>ignorantes,</strong></span> <span class='ocrx_word' id='word_1_566' title='bbox 1242 1573 1345 1592; x_wconf 79' lang='lat' dir='ltr'><strong>omnem</strong></span> <span class='ocrx_word' id='word_1_567' title='bbox 1361 1565 1473 1600; x_wconf 84' lang='lat' dir='ltr'><strong>gloriam</strong></span> <span class='ocrx_word' id='word_1_568' title='bbox 1488 1565 1561 1600; x_wconf 79' lang='lat' dir='ltr'><strong>ﬁliae</strong></span> <span class='ocrx_word' id='word_1_569' title='bbox 1571 1565 1638 1600; x_wconf 74' lang='lat' dir='ltr'><strong>regis</strong></span> <span class='ocrx_word' id='word_1_570' title='bbox 1652 1563 1683 1590; x_wconf 84' lang='lat' dir='ltr'><strong>ab</strong></span> <span class='ocrx_word' id='word_1_571' title='bbox 1697 1563 1768 1591; x_wconf 74' lang='lat' dir='ltr'><strong>intus</strong></span> <span class='ocrx_word' id='word_1_572' title='bbox 1787 1563 1839 1600; x_wconf 84' lang='lat'><strong>(9).</strong></span> 
     </span>
    </p>
   </div>
   <div class='ocr_carea' id='block_1_78' title="bbox 1063 1608 1849 1645">
    <p class='ocr_par' dir='ltr' id='par_1_78' title="bbox 1063 1608 1849 1645">
     <span class='ocr_line' id='line_1_78' title="bbox 1063 1608 1849 1645; baseline -0.003 -8"><span class='ocrx_word' id='word_1_573' title='bbox 1063 1611 1183 1645; x_wconf 86' lang='lat' dir='ltr'><strong>Quisque</strong></span> <span class='ocrx_word' id='word_1_574' title='bbox 1199 1611 1272 1638; x_wconf 87' lang='lat' dir='ltr'><strong>enim</strong></span> <span class='ocrx_word' id='word_1_575' title='bbox 1293 1615 1428 1642; x_wconf 86' lang='lat' dir='ltr'><strong>nostrum,</strong></span> <span class='ocrx_word' id='word_1_576' title='bbox 1443 1616 1472 1637; x_wconf 88' lang='lat' dir='ltr'><strong>ut</strong></span> <span class='ocrx_word' id='word_1_577' title='bbox 1485 1610 1522 1636; x_wconf 88' lang='lat' dir='ltr'><strong>ita</strong></span> <span class='ocrx_word' id='word_1_578' title='bbox 1540 1610 1640 1641; x_wconf 87' lang='lat' dir='ltr'><strong>dicam,</strong></span> <span class='ocrx_word' id='word_1_579' title='bbox 1657 1608 1725 1636; x_wconf 84' lang='lat' dir='ltr'><strong>ﬁcus</strong></span> <span class='ocrx_word' id='word_1_580' title='bbox 1741 1609 1787 1636; x_wconf 87' lang='lat' dir='ltr'><strong>illa</strong></span> <span class='ocrx_word' id='word_1_581' title='bbox 1807 1609 1849 1636; x_wconf 86' lang='lat' dir='ltr'><strong>in—</strong></span> 
     </span>
    </p>
   </div>
   <div class='ocr_carea' id='block_1_79' title="bbox 1064 1654 1849 1686">
    <p class='ocr_par' dir='ltr' id='par_1_79' title="bbox 1064 1654 1849 1686">
     <span class='ocr_line' id='line_1_79' title="bbox 1064 1654 1849 1686; baseline -0.001 -5"><span class='ocrx_word' id='word_1_582' title='bbox 1064 1654 1225 1682; x_wconf 79' lang='lat' dir='ltr'><strong>tellectualis</strong></span> <span class='ocrx_word' id='word_1_583' title='bbox 1235 1662 1295 1681; x_wconf 84' lang='lat' dir='ltr'><strong>esse</strong></span> <span class='ocrx_word' id='word_1_584' title='bbox 1315 1655 1443 1686; x_wconf 83' lang='lat' dir='ltr'><strong>videtur,</strong></span> <span class='ocrx_word' id='word_1_585' title='bbox 1466 1654 1546 1681; x_wconf 85' lang='lat' dir='ltr'><strong>cuius</strong></span> <span class='ocrx_word' id='word_1_586' title='bbox 1566 1654 1704 1681; x_wconf 81' lang='lat' dir='ltr'><strong>internum</strong></span> <span class='ocrx_word' id='word_1_587' title='bbox 1730 1654 1849 1681; x_wconf 81' lang='lat' dir='ltr'><strong>fructum</strong></span> 
     </span>
    </p>
   </div>
   <div class='ocr_carea' id='block_1_80' title="bbox 1064 1699 1847 1735">
    <p class='ocr_par' dir='ltr' id='par_1_80' title="bbox 1064 1699 1847 1735">
     <span class='ocr_line' id='line_1_80' title="bbox 1064 1699 1847 1735; baseline -0.001 -8"><span class='ocrx_word' id='word_1_588' title='bbox 1064 1700 1195 1727; x_wconf 85' lang='lat' dir='ltr'><strong>Dominus</strong></span> <span class='ocrx_word' id='word_1_589' title='bbox 1210 1701 1327 1735; x_wconf 79' lang='lat' dir='ltr'><strong>quaerit,</strong></span> <span class='ocrx_word' id='word_1_590' title='bbox 1343 1705 1370 1727; x_wconf 88' lang='lat' dir='ltr'><strong>et</strong></span> <span class='ocrx_word' id='word_1_591' title='bbox 1384 1708 1439 1727; x_wconf 91' lang='lat' dir='ltr'><strong>non</strong></span> <span class='ocrx_word' id='word_1_592' title='bbox 1453 1700 1620 1735; x_wconf 86' lang='lat' dir='ltr'><strong>propositam</strong></span> <span class='ocrx_word' id='word_1_593' title='bbox 1633 1699 1706 1727; x_wconf 78' lang='lat' dir='ltr'><strong>foliis</strong></span> <span class='ocrx_word' id='word_1_594' title='bbox 1720 1699 1847 1726; x_wconf 79' lang='lat' dir='ltr'><strong>formam.</strong></span> 
     </span>
    </p>
   </div>
   <div class='ocr_carea' id='block_1_81' title="bbox 1064 1744 1850 1781">
    <p class='ocr_par' dir='ltr' id='par_1_81' title="bbox 1064 1744 1850 1781">
     <span class='ocr_line' id='line_1_81' title="bbox 1064 1744 1850 1781; baseline -0.001 -9"><span class='ocrx_word' id='word_1_595' title='bbox 1064 1745 1089 1772; x_wconf 89' lang='lat' dir='ltr'><strong>Is</strong></span> <span class='ocrx_word' id='word_1_596' title='bbox 1103 1745 1197 1781; x_wconf 78' lang='lat' dir='ltr'><strong>igitur,</strong></span> <span class='ocrx_word' id='word_1_597' title='bbox 1213 1745 1260 1780; x_wconf 93' lang='lat' dir='ltr'><strong>qui</strong></span> <span class='ocrx_word' id='word_1_598' title='bbox 1284 1753 1394 1772; x_wconf 81' lang='lat' dir='ltr'><strong>causam</strong></span> <span class='ocrx_word' id='word_1_599' title='bbox 1416 1746 1483 1772; x_wconf 86' lang='lat' dir='ltr'><strong>dicit</strong></span> <span class='ocrx_word' id='word_1_600' title='bbox 1505 1744 1662 1780; x_wconf 85' lang='lat' dir='ltr'><strong>passionum</strong></span> <span class='ocrx_word' id='word_1_601' title='bbox 1682 1744 1850 1779; x_wconf 73' lang='lat' dir='ltr'><strong>ignominiae</strong></span> 
     </span>
    </p>
   </div>
   <div class='ocr_carea' id='block_1_82' title="bbox 1066 1790 1850 1825">
    <p class='ocr_par' dir='ltr' id='par_1_82' title="bbox 1066 1790 1850 1825">
     <span class='ocr_line' id='line_1_82' title="bbox 1066 1790 1850 1825; baseline -0.001 -7"><span class='ocrx_word' id='word_1_602' title='bbox 1066 1796 1096 1818; x_wconf 86' lang='lat' dir='ltr'><strong>ut</strong></span> <span class='ocrx_word' id='word_1_603' title='bbox 1113 1791 1288 1824; x_wconf 86' lang='lat' dir='ltr'><strong>naturalium,</strong></span> <span class='ocrx_word' id='word_1_604' title='bbox 1301 1795 1394 1818; x_wconf 80' lang='lat' dir='ltr'><strong>etnon</strong></span> <span class='ocrx_word' id='word_1_605' title='bbox 1407 1796 1436 1818; x_wconf 89' lang='lat' dir='ltr'><strong>ut</strong></span> <span class='ocrx_word' id='word_1_606' title='bbox 1460 1791 1540 1825; x_wconf 78' lang='lat'><strong>202</strong></span> <span class='ocrx_word' id='word_1_607' title='bbox 1554 1790 1747 1822; x_wconf 86' lang='lat' dir='ltr'><strong>accidentium,</strong></span> <span class='ocrx_word' id='word_1_608' title='bbox 1773 1798 1850 1818; x_wconf 81' lang='lat' dir='ltr'><strong>com-</strong></span> 
     </span>
    </p>
   </div>
   <div class='ocr_carea' id='block_1_83' title="bbox 1066 1835 1849 1870">
    <p class='ocr_par' dir='ltr' id='par_1_83' title="bbox 1066 1835 1849 1870">
     <span class='ocr_line' id='line_1_83' title="bbox 1066 1835 1849 1870; baseline -0.001 -6"><span class='ocrx_word' id='word_1_609' title='bbox 1066 1837 1181 1864; x_wconf 83' lang='lat' dir='ltr'><strong>mutavit</strong></span> <span class='ocrx_word' id='word_1_610' title='bbox 1205 1837 1349 1864; x_wconf 82' lang='lat' dir='ltr'><strong>veritatem</strong></span> <span class='ocrx_word' id='word_1_611' title='bbox 1371 1836 1418 1863; x_wconf 82' lang='lat' dir='ltr'><strong>Dei</strong></span> <span class='ocrx_word' id='word_1_612' title='bbox 1447 1836 1474 1862; x_wconf 91' lang='lat' dir='ltr'><strong>in</strong></span> <span class='ocrx_word' id='word_1_613' title='bbox 1500 1835 1641 1870; x_wconf 90' lang='lat' dir='ltr'><strong>proprium</strong></span> <span class='ocrx_word' id='word_1_614' title='bbox 1665 1835 1849 1863; x_wconf 85' lang='lat' dir='ltr'><strong>mendacium.</strong></span> 
     </span>
    </p>
   </div>
   <div class='ocr_carea' id='block_1_84' title="bbox 1066 1880 1851 1916">
    <p class='ocr_par' dir='ltr' id='par_1_84' title="bbox 1066 1880 1851 1916">
     <span class='ocr_line' id='line_1_84' title="bbox 1066 1880 1851 1916; baseline -0.004 -7"><span class='ocrx_word' id='word_1_615' title='bbox 1066 1883 1101 1910; x_wconf 85' lang='lat' dir='ltr'><strong>Ut</strong></span> <span class='ocrx_word' id='word_1_616' title='bbox 1116 1883 1188 1909; x_wconf 82' lang='lat' dir='ltr'><strong>enim</strong></span> <span class='ocrx_word' id='word_1_617' title='bbox 1211 1890 1293 1916; x_wconf 87' lang='lat' dir='ltr'><strong>supra</strong></span> <span class='ocrx_word' id='word_1_618' title='bbox 1317 1881 1382 1913; x_wconf 70' lang='lat' dir='ltr'><strong>dixi,</strong></span> <span class='ocrx_word' id='word_1_619' title='bbox 1409 1880 1599 1907; x_wconf 86' lang='lat' dir='ltr'><strong>immaculatus</strong></span> <span class='ocrx_word' id='word_1_620' title='bbox 1620 1884 1647 1906; x_wconf 88' lang='lat' dir='ltr'><strong>et</strong></span> <span class='ocrx_word' id='word_1_621' title='bbox 1666 1888 1751 1914; x_wconf 91' lang='lat' dir='ltr'><strong>purus</strong></span> <span class='ocrx_word' id='word_1_622' title='bbox 1768 1880 1851 1907; x_wconf 85' lang='lat' dir='ltr'><strong>etiam</strong></span> 
     </span>
    </p>
   </div>
   <div class='ocr_carea' id='block_1_85' title="bbox 1068 1925 1851 1962">
    <p class='ocr_par' dir='ltr' id='par_1_85' title="bbox 1068 1925 1851 1962">
     <span class='ocr_line' id='line_1_85' title="bbox 1068 1925 1851 1962; baseline -0.004 -8"><span class='ocrx_word' id='word_1_623' title='bbox 1068 1928 1214 1962; x_wconf 81' lang='lat' dir='ltr'><strong>imaginem</strong></span> <span class='ocrx_word' id='word_1_624' title='bbox 1232 1935 1308 1954; x_wconf 88' lang='lat' dir='ltr'><strong>suam</strong></span> <span class='ocrx_word' id='word_1_625' title='bbox 1322 1927 1438 1954; x_wconf 84' lang='lat' dir='ltr'><strong>similem</strong></span> <span class='ocrx_word' id='word_1_626' title='bbox 1454 1925 1560 1960; x_wconf 89' lang='lat' dir='ltr'><strong>paravit</strong></span> <span class='ocrx_word' id='word_1_627' title='bbox 1574 1925 1625 1956; x_wconf 82' lang='lat' dir='ltr'><strong>sui,</strong></span> <span class='ocrx_word' id='word_1_628' title='bbox 1641 1925 1741 1952; x_wconf 78' lang='lat' dir='ltr'><strong>invidia</strong></span> <span class='ocrx_word' id='word_1_629' title='bbox 1759 1931 1851 1952; x_wconf 83' lang='lat' dir='ltr'><strong>autem</strong></span> 
     </span>
    </p>
   </div>
   <div class='ocr_carea' id='block_1_86' title="bbox 1067 1972 1852 2007">
    <p class='ocr_par' dir='ltr' id='par_1_86' title="bbox 1067 1972 1852 2007">
     <span class='ocr_line' id='line_1_86' title="bbox 1067 1972 1852 2007; baseline -0.005 -5"><span class='ocrx_word' id='word_1_630' title='bbox 1067 1975 1167 2002; x_wconf 90' lang='lat' dir='ltr'><strong>diaboli</strong></span> <span class='ocrx_word' id='word_1_631' title='bbox 1188 1982 1262 2001; x_wconf 90' lang='lat' dir='ltr'><strong>mors</strong></span> <span class='ocrx_word' id='word_1_632' title='bbox 1279 1974 1306 2000; x_wconf 89' lang='lat' dir='ltr'><strong>in</strong></span> <span class='ocrx_word' id='word_1_633' title='bbox 1321 1973 1452 2000; x_wconf 90' lang='lat' dir='ltr'><strong>mundum</strong></span> <span class='ocrx_word' id='word_1_634' title='bbox 1469 1972 1590 1999; x_wconf 84' lang='lat' dir='ltr'><strong>intravit.</strong></span> <span class='ocrx_word' id='word_1_635' title='bbox 1609 1973 1754 2006; x_wconf 83' lang='lat' dir='ltr'><strong>Postquam</strong></span> <span class='ocrx_word' id='word_1_636' title='bbox 1770 1972 1852 2007; x_wconf 79' lang='lat' dir='ltr'><strong>igitur</strong></span> 
     </span>
    </p>
   </div>
   <div class='ocr_carea' id='block_1_87' title="bbox 1067 2018 1851 2056">
    <p class='ocr_par' dir='ltr' id='par_1_87' title="bbox 1067 2018 1851 2056">
     <span class='ocr_line' id='line_1_87' title="bbox 1067 2018 1851 2056; baseline -0.003 -9"><span class='ocrx_word' id='word_1_637' title='bbox 1067 2028 1152 2056; x_wconf 83' lang='lat' dir='ltr'><strong>genus</strong></span> <span class='ocrx_word' id='word_1_638' title='bbox 1167 2020 1315 2047; x_wconf 87' lang='lat' dir='ltr'><strong>humanum</strong></span> <span class='ocrx_word' id='word_1_639' title='bbox 1330 2020 1357 2046; x_wconf 90' lang='lat' dir='ltr'><strong>in</strong></span> <span class='ocrx_word' id='word_1_640' title='bbox 1373 2019 1564 2053; x_wconf 85' lang='lat' dir='ltr'><strong>iniquitatibus</strong></span> <span class='ocrx_word' id='word_1_641' title='bbox 1589 2023 1751 2052; x_wconf 80' lang='lat' dir='ltr'><strong>conceptum</strong></span> <span class='ocrx_word' id='word_1_642' title='bbox 1774 2024 1802 2044; x_wconf 83' lang='lat' dir='ltr'><strong>et</strong></span> <span class='ocrx_word' id='word_1_643' title='bbox 1821 2018 1851 2046; x_wconf 93' lang='lat' dir='ltr'><strong>in</strong></span> 
     </span>
    </p>
   </div>
   <div class='ocr_carea' id='block_1_88' title="bbox 1068 2064 1853 2100">
    <p class='ocr_par' dir='ltr' id='par_1_88' title="bbox 1068 2064 1853 2100">
     <span class='ocr_line' id='line_1_88' title="bbox 1068 2064 1853 2100; baseline -0.003 -8"><span class='ocrx_word' id='word_1_644' title='bbox 1068 2065 1188 2100; x_wconf 83' lang='lat' dir='ltr'><strong>peccatis</strong></span> <span class='ocrx_word' id='word_1_645' title='bbox 1199 2064 1320 2100; x_wconf 82' lang='lat' dir='ltr'><strong>genitum</strong></span> <span class='ocrx_word' id='word_1_646' title='bbox 1331 2064 1515 2091; x_wconf 84' lang='lat' dir='ltr'><strong>abalienatum</strong></span> <span class='ocrx_word' id='word_1_647' title='bbox 1527 2068 1568 2090; x_wconf 83' lang='lat' dir='ltr'><strong>est</strong></span> <span class='ocrx_word' id='word_1_648' title='bbox 1577 2064 1611 2090; x_wconf 90' lang='lat' dir='ltr'><strong>ah</strong></span> <span class='ocrx_word' id='word_1_649' title='bbox 1622 2069 1709 2095; x_wconf 87' lang='lat' dir='ltr'><strong>utero,</strong></span> <span class='ocrx_word' id='word_1_650' title='bbox 1724 2067 1752 2090; x_wconf 88' lang='lat' dir='ltr'><strong>et</strong></span> <span class='ocrx_word' id='word_1_651' title='bbox 1763 2071 1777 2090; x_wconf 87' lang='lat' dir='ltr'><strong>a</strong></span> <span class='ocrx_word' id='word_1_652' title='bbox 1786 2071 1853 2090; x_wconf 87' lang='lat' dir='ltr'><strong>ven-</strong></span> 
     </span>
    </p>
   </div>
   <div class='ocr_carea' id='block_1_89' title="bbox 1069 2108 1853 2144">
    <p class='ocr_par' dir='ltr' id='par_1_89' title="bbox 1069 2108 1853 2144">
     <span class='ocr_line' id='line_1_89' title="bbox 1069 2108 1853 2144; baseline -0.004 -6"><span class='ocrx_word' id='word_1_653' title='bbox 1069 2116 1109 2138; x_wconf 87' lang='lat' dir='ltr'><strong>tre</strong></span> <span class='ocrx_word' id='word_1_654' title='bbox 1120 2111 1147 2137; x_wconf 93' lang='lat' dir='ltr'><strong>in</strong></span> <span class='ocrx_word' id='word_1_655' title='bbox 1155 2118 1277 2138; x_wconf 85' lang='lat' dir='ltr'><strong>errorem</strong></span> <span class='ocrx_word' id='word_1_656' title='bbox 1289 2110 1441 2141; x_wconf 88' lang='lat' dir='ltr'><strong>inductum,</strong></span> <span class='ocrx_word' id='word_1_657' title='bbox 1456 2113 1585 2144; x_wconf 75' lang='lat' dir='ltr'><strong>regnante</strong></span> <span class='ocrx_word' id='word_1_658' title='bbox 1598 2113 1710 2144; x_wconf 84' lang='lat' dir='ltr'><strong>peccato</strong></span> <span class='ocrx_word' id='word_1_659' title='bbox 1724 2108 1758 2135; x_wconf 87' lang='lat' dir='ltr'><strong>ab</strong></span> <span class='ocrx_word' id='word_1_660' title='bbox 1768 2108 1853 2135; x_wconf 84' lang='lat' dir='ltr'><strong>Adam</strong></span> 
     </span>
    </p>
   </div>
   <div class='ocr_carea' id='block_1_90' title="bbox 1068 2153 1855 2189">
    <p class='ocr_par' dir='ltr' id='par_1_90' title="bbox 1068 2153 1855 2189">
     <span class='ocr_line' id='line_1_90' title="bbox 1068 2153 1855 2189; baseline -0.003 -7"><span class='ocrx_word' id='word_1_661' title='bbox 1068 2162 1154 2189; x_wconf 89' lang='lat' dir='ltr'><strong>usque</strong></span> <span class='ocrx_word' id='word_1_662' title='bbox 1165 2154 1199 2182; x_wconf 88' lang='lat' dir='ltr'><strong>ad</strong></span> <span class='ocrx_word' id='word_1_663' title='bbox 1210 2155 1356 2182; x_wconf 88' lang='lat' dir='ltr'><strong>adventum</strong></span> <span class='ocrx_word' id='word_1_664' title='bbox 1368 2154 1481 2186; x_wconf 86' lang='lat' dir='ltr'><strong>Christi,</strong></span> <span class='ocrx_word' id='word_1_665' title='bbox 1503 2154 1577 2181; x_wconf 84' lang='lat' dir='ltr'><strong>venit</strong></span> <span class='ocrx_word' id='word_1_666' title='bbox 1595 2153 1747 2188; x_wconf 81' lang='lat' dir='ltr'><strong>propitians</strong></span> <span class='ocrx_word' id='word_1_667' title='bbox 1768 2161 1855 2188; x_wconf 79' lang='lat' dir='ltr'><strong>agnus</strong></span> 
     </span>
    </p>
   </div>
   <div class='ocr_carea' id='block_1_91' title="bbox 1069 2200 1855 2236">
    <p class='ocr_par' dir='ltr' id='par_1_91' title="bbox 1069 2200 1855 2236">
     <span class='ocr_line' id='line_1_91' title="bbox 1069 2200 1855 2236; baseline -0.005 -7"><span class='ocrx_word' id='word_1_668' title='bbox 1069 2202 1129 2234; x_wconf 88' lang='lat' dir='ltr'><strong>Dei,</strong></span> <span class='ocrx_word' id='word_1_669' title='bbox 1142 2206 1173 2228; x_wconf 88' lang='lat' dir='ltr'><strong>ut</strong></span> <span class='ocrx_word' id='word_1_670' title='bbox 1184 2202 1293 2229; x_wconf 86' lang='lat' dir='ltr'><strong>tolleret</strong></span> <span class='ocrx_word' id='word_1_671' title='bbox 1308 2204 1448 2236; x_wconf 85' lang='lat' dir='ltr'><strong>peccatum</strong></span> <span class='ocrx_word' id='word_1_672' title='bbox 1468 2200 1562 2227; x_wconf 91' lang='lat' dir='ltr'><strong>mundi</strong></span> <span class='ocrx_word' id='word_1_673' title='bbox 1575 2200 1686 2235; x_wconf 86' lang='lat' dir='ltr'><strong>propria</strong></span> <span class='ocrx_word' id='word_1_674' title='bbox 1700 2208 1746 2226; x_wconf 88' lang='lat' dir='ltr'><strong>sua</strong></span> <span class='ocrx_word' id='word_1_675' title='bbox 1757 2205 1855 2234; x_wconf 78' lang='lat' dir='ltr'><strong>poteli-</strong></span> 
     </span>
    </p>
   </div>
   <div class='ocr_carea' id='block_1_92' title="bbox 233 2244 1010 2289">
    <p class='ocr_par' dir='ltr' id='par_1_92' title="bbox 233 2244 1010 2289">
     <span class='ocr_line' id='line_1_92' title="bbox 233 2244 1010 2289; baseline -0.013 -7"><span class='ocrx_word' id='word_1_676' title='bbox 233 2244 283 2282; x_wconf 57' lang='lat'><strong>10&quot;..)</strong></span> <span class='ocrx_word' id='word_1_677' title='bbox 293 2244 371 2286; x_wconf 70' lang='grc' dir='ltr'><strong>θεοῦ,</strong></span> <span class='ocrx_word' id='word_1_678' title='bbox 396 2252 461 2289; x_wconf 81' lang='grc' dir='ltr'>ἆραι</span> <span class='ocrx_word' id='word_1_679' title='bbox 482 2252 532 2287; x_wconf 84' lang='grc' dir='ltr'>τὴν</span> <span class='ocrx_word' id='word_1_680' title='bbox 552 2250 689 2286; x_wconf 83' lang='grc' dir='ltr'>ἁμαρτίαν</span> <span class='ocrx_word' id='word_1_681' title='bbox 710 2248 758 2275; x_wconf 76' lang='grc' dir='ltr'>τοῦ</span> <span class='ocrx_word' id='word_1_682' title='bbox 778 2248 880 2283; x_wconf 77' lang='grc' dir='ltr'>κόσμου</span> <span class='ocrx_word' id='word_1_683' title='bbox 901 2246 946 2273; x_wconf 77' lang='grc' dir='ltr'><strong>διὰ</strong></span> <span class='ocrx_word' id='word_1_684' title='bbox 967 2247 1010 2281; x_wconf 81' lang='grc' dir='ltr'><strong>τῆς</strong></span> 
     </span>
    </p>
   </div>
   <div class='ocr_carea' id='block_1_93' title="bbox 1059 2244 1857 2289">
    <p class='ocr_par' dir='ltr' id='par_1_93' title="bbox 1070 2244 1857 2282">
     <span class='ocr_line' id='line_1_93' title="bbox 1070 2244 1857 2282; baseline -0.004 -8"><span class='ocrx_word' id='word_1_685' title='bbox 1070 2248 1116 2280; x_wconf 91' lang='lat' dir='ltr'><strong>tia,</strong></span> <span class='ocrx_word' id='word_1_686' title='bbox 1128 2252 1271 2282; x_wconf 87' lang='lat' dir='ltr'><strong>postquam</strong></span> <span class='ocrx_word' id='word_1_687' title='bbox 1281 2247 1377 2274; x_wconf 84' lang='lat' dir='ltr'><strong>fortem</strong></span> <span class='ocrx_word' id='word_1_688' title='bbox 1390 2246 1486 2278; x_wconf 84' lang='lat' dir='ltr'><strong>vinxit,</strong></span> <span class='ocrx_word' id='word_1_689' title='bbox 1500 2247 1536 2273; x_wconf 90' lang='lat' dir='ltr'><strong>ita</strong></span> <span class='ocrx_word' id='word_1_690' title='bbox 1548 2246 1650 2280; x_wconf 75' lang='lat' dir='ltr'><strong>ereptis</strong></span> <span class='ocrx_word' id='word_1_691' title='bbox 1660 2245 1773 2280; x_wconf 79' lang='lat' dir='ltr'><strong>captivis</strong></span> <span class='ocrx_word' id='word_1_692' title='bbox 1785 2244 1857 2271; x_wconf 79' lang='lat' dir='ltr'><strong>vasis</strong></span> 
     </span>
    </p>
   </div>
   <div class='ocr_carea' id='block_1_94' title="bbox 236 2291 1020 2332">
    <p class='ocr_par' dir='ltr' id='par_1_94' title="bbox 236 2291 1020 2332">
     <span class='ocr_line' id='line_1_94' title="bbox 236 2291 1020 2332; baseline -0.015 -4"><span class='ocrx_word' id='word_1_693' title='bbox 236 2301 340 2332; x_wconf 84' lang='grc' dir='ltr'>οἰκείας</span> <span class='ocrx_word' id='word_1_694' title='bbox 352 2299 434 2326; x_wconf 79' lang='grc' dir='ltr'>αὑτοῦ</span> <span class='ocrx_word' id='word_1_695' title='bbox 445 2297 594 2332; x_wconf 77' lang='grc' dir='ltr'>δυνάμεως,</span> <span class='ocrx_word' id='word_1_696' title='bbox 604 2295 688 2330; x_wconf 88' lang='grc' dir='ltr'>δήσας</span> <span class='ocrx_word' id='word_1_697' title='bbox 700 2293 831 2328; x_wconf 79' lang='grc' dir='ltr'>πρότερον</span> <span class='ocrx_word' id='word_1_698' title='bbox 843 2291 890 2319; x_wconf 81' lang='grc' dir='ltr'>τὸν</span> <span class='ocrx_word' id='word_1_699' title='bbox 902 2292 1020 2326; x_wconf 79' lang='grc' dir='ltr'>ἰσχυρόν,</span> 
     </span>
    </p>
   </div>
   <div class='ocr_carea' id='block_1_95' title="bbox 238 2337 1021 2379">
    <p class='ocr_par' dir='ltr' id='par_1_95' title="bbox 238 2337 1021 2379">
     <span class='ocr_line' id='line_1_95' title="bbox 238 2337 1021 2379; baseline -0.015 -5"><span class='ocrx_word' id='word_1_700' title='bbox 238 2347 286 2374; x_wconf 78' lang='grc' dir='ltr'>καὶ</span> <span class='ocrx_word' id='word_1_701' title='bbox 311 2346 398 2377; x_wconf 74' lang='grc' dir='ltr'>οὓτως</span> <span class='ocrx_word' id='word_1_702' title='bbox 428 2343 581 2379; x_wconf 79' lang='grc' dir='ltr'>διαρπάσας</span> <span class='ocrx_word' id='word_1_703' title='bbox 609 2341 644 2367; x_wconf 71' lang='grc' dir='ltr'><strong>τὰ</strong></span> <span class='ocrx_word' id='word_1_704' title='bbox 670 2337 909 2374; x_wconf 81' lang='grc' dir='ltr'>αἱχμαλωτισμένα</span> <span class='ocrx_word' id='word_1_705' title='bbox 940 2337 1021 2364; x_wconf 81' lang='grc' dir='ltr'>αὑτοῦ</span> 
     </span>
    </p>
   </div>
   <div class='ocr_carea' id='block_1_96' title="bbox 240 2384 1012 2427">
    <p class='ocr_par' dir='ltr' id='par_1_96' title="bbox 240 2384 1012 2427">
     <span class='ocr_line' id='line_1_96' title="bbox 240 2384 1012 2427; baseline -0.016 -7"><span class='ocrx_word' id='word_1_706' title='bbox 240 2393 323 2427; x_wconf 83' lang='grc' dir='ltr'>σκεύη</span> <span class='ocrx_word' id='word_1_707' title='bbox 344 2390 414 2418; x_wconf 83' lang='grc' dir='ltr'>κατὰ</span> <span class='ocrx_word' id='word_1_708' title='bbox 436 2389 467 2416; x_wconf 84' lang='grc' dir='ltr'><strong>τὺ</strong></span> <span class='ocrx_word' id='word_1_709' title='bbox 492 2387 652 2422; x_wconf 76' lang='grc' dir='ltr'>εἰρημένον·</span> <span class='ocrx_word' id='word_1_710' title='bbox 677 2384 914 2420; x_wconf 73' lang='grc' dir='ltr'>ῄχμαλώτευσας</span> <span class='ocrx_word' id='word_1_711' title='bbox 946 2384 1012 2416; x_wconf 65' lang='lat' dir='ltr'><strong>uix-</strong></span> 
     </span>
    </p>
   </div>
   <div class='ocr_carea' id='block_1_97' title="bbox 237 2428 1022 2474">
    <p class='ocr_par' dir='ltr' id='par_1_97' title="bbox 237 2428 1022 2474">
     <span class='ocr_line' id='line_1_97' title="bbox 237 2428 1022 2474; baseline -0.015 -8"><span class='ocrx_word' id='word_1_712' title='bbox 237 2438 403 2474; x_wconf 68' lang='grc' dir='ltr'>μαλωσίανι</span> <span class='ocrx_word' id='word_1_713' title='bbox 415 2435 462 2462; x_wconf 77' lang='grc' dir='ltr'>καὶ</span> <span class='ocrx_word' id='word_1_714' title='bbox 470 2434 550 2460; x_wconf 80' lang='grc' dir='ltr'>πάλιν</span> <span class='ocrx_word' id='word_1_715' title='bbox 561 2441 567 2447; x_wconf 90' lang='grc'>·</span> <span class='ocrx_word' id='word_1_716' title='bbox 583 2432 690 2459; x_wconf 72' lang='grc' dir='ltr'><strong>ἐλαϐεν</strong></span> <span class='ocrx_word' id='word_1_717' title='bbox 701 2429 917 2464; x_wconf 73' lang='grc' dir='ltr'><strong>αἰχμαλωσίαν.</strong></span> <span class='ocrx_word' id='word_1_718' title='bbox 938 2428 1022 2464; x_wconf 70' lang='grc' dir='ltr'>ἤγουν</span> 
     </span>
    </p>
   </div>
   <div class='ocr_carea' id='block_1_98' title="bbox 239 2473 1022 2519">
    <p class='ocr_par' dir='ltr' id='par_1_98' title="bbox 239 2473 1022 2519">
     <span class='ocr_line' id='line_1_98' title="bbox 239 2473 1022 2519; baseline -0.018 -7"><span class='ocrx_word' id='word_1_719' title='bbox 239 2473 312 2512; x_wconf 57' lang='grc' dir='ltr'>ἔστιν</span> <span class='ocrx_word' id='word_1_720' title='bbox 324 2484 389 2519; x_wconf 82' lang='grc' dir='ltr'>ἡμῖν</span> <span class='ocrx_word' id='word_1_721' title='bbox 405 2480 513 2517; x_wconf 75' lang='grc' dir='ltr'>φροντίς</span> <span class='ocrx_word' id='word_1_722' title='bbox 525 2499 532 2511; x_wconf 83' lang='grc'>,</span> <span class='ocrx_word' id='word_1_723' title='bbox 547 2476 730 2512; x_wconf 79' lang='grc' dir='ltr'>ἀνακληθῆναι</span> <span class='ocrx_word' id='word_1_724' title='bbox 744 2475 797 2502; x_wconf 80' lang='grc' dir='ltr'><strong>ἀπὸ</strong></span> <span class='ocrx_word' id='word_1_725' title='bbox 817 2474 866 2509; x_wconf 80' lang='grc' dir='ltr'>τῆς</span> <span class='ocrx_word' id='word_1_726' title='bbox 883 2473 1022 2509; x_wconf 79' lang='grc' dir='ltr'>αἰχμαλω-</span> 
     </span>
    </p>
   </div>
   <div class='ocr_carea' id='block_1_99' title="bbox 1070 2292 1856 2328">
    <p class='ocr_par' dir='ltr' id='par_1_99' title="bbox 1070 2292 1856 2328">
     <span class='ocr_line' id='line_1_99' title="bbox 1070 2292 1856 2328; baseline -0.006 -7"><span class='ocrx_word' id='word_1_727' title='bbox 1070 2294 1140 2325; x_wconf 85' lang='lat' dir='ltr'><strong>cius,</strong></span> <span class='ocrx_word' id='word_1_728' title='bbox 1159 2295 1230 2321; x_wconf 90' lang='lat' dir='ltr'><strong>sicut</strong></span> <span class='ocrx_word' id='word_1_729' title='bbox 1249 2294 1352 2320; x_wconf 90' lang='lat' dir='ltr'><strong>dictum</strong></span> <span class='ocrx_word' id='word_1_730' title='bbox 1365 2298 1407 2320; x_wconf 87' lang='lat' dir='ltr'><strong>est</strong></span> <span class='ocrx_word' id='word_1_731' title='bbox 1422 2302 1428 2319; x_wconf 90' lang='lat'>:</span> <span class='ocrx_word' id='word_1_732' title='bbox 1445 2292 1583 2328; x_wconf 78' lang='lat' dir='ltr'><strong>Captivam</strong></span> <span class='ocrx_word' id='word_1_733' title='bbox 1594 2292 1652 2326; x_wconf 69' lang='lat' dir='ltr'><strong>fecit</strong></span> <span class='ocrx_word' id='word_1_734' title='bbox 1663 2292 1856 2326; x_wconf 71' lang='lat' dir='ltr'><strong>captivitatem;</strong></span> 
     </span>
    </p>
   </div>
   <div class='ocr_carea' id='block_1_100' title="bbox 1070 2337 1858 2374">
    <p class='ocr_par' dir='ltr' id='par_1_100' title="bbox 1070 2337 1858 2374">
     <span class='ocr_line' id='line_1_100' title="bbox 1070 2337 1858 2374; baseline -0.005 -8"><span class='ocrx_word' id='word_1_735' title='bbox 1070 2345 1098 2367; x_wconf 84' lang='lat' dir='ltr'><strong>et</strong></span> <span class='ocrx_word' id='word_1_736' title='bbox 1111 2340 1211 2366; x_wconf 80' lang='lat' dir='ltr'><strong>iterum</strong></span> <span class='ocrx_word' id='word_1_737' title='bbox 1231 2348 1237 2366; x_wconf 86' lang='lat'><strong>:</strong></span> <span class='ocrx_word' id='word_1_738' title='bbox 1253 2339 1325 2374; x_wconf 71' lang='lat' dir='ltr'><strong>Cepit</strong></span> <span class='ocrx_word' id='word_1_739' title='bbox 1336 2340 1514 2374; x_wconf 79' lang='lat' dir='ltr'><strong>captivitatem</strong></span> <span class='ocrx_word' id='word_1_740' title='bbox 1531 2338 1598 2373; x_wconf 86' lang='lat' dir='ltr'><strong>(I0).</strong></span> <span class='ocrx_word' id='word_1_741' title='bbox 1612 2337 1744 2364; x_wconf 86' lang='lat' dir='ltr'><strong>Nimirum</strong></span> <span class='ocrx_word' id='word_1_742' title='bbox 1760 2343 1858 2363; x_wconf 76' lang='lat' dir='ltr'><strong>curare</strong></span> 
     </span>
    </p>
   </div>
   <div class='ocr_carea' id='block_1_101' title="bbox 1071 2383 1859 2418">
    <p class='ocr_par' dir='ltr' id='par_1_101' title="bbox 1071 2383 1859 2418">
     <span class='ocr_line' id='line_1_101' title="bbox 1071 2383 1859 2418; baseline -0.004 -7"><span class='ocrx_word' id='word_1_743' title='bbox 1071 2384 1215 2416; x_wconf 86' lang='lat' dir='ltr'><strong>debemus,</strong></span> <span class='ocrx_word' id='word_1_744' title='bbox 1234 2389 1265 2411; x_wconf 88' lang='lat' dir='ltr'><strong>ut</strong></span> <span class='ocrx_word' id='word_1_745' title='bbox 1282 2392 1443 2411; x_wconf 84' lang='lat' dir='ltr'><strong>revocemur</strong></span> <span class='ocrx_word' id='word_1_746' title='bbox 1455 2391 1470 2410; x_wconf 88' lang='lat' dir='ltr'><strong>a</strong></span> <span class='ocrx_word' id='word_1_747' title='bbox 1493 2383 1652 2418; x_wconf 82' lang='lat' dir='ltr'><strong>captivitate</strong></span> <span class='ocrx_word' id='word_1_748' title='bbox 1676 2387 1703 2409; x_wconf 84' lang='lat' dir='ltr'><strong>et</strong></span> <span class='ocrx_word' id='word_1_749' title='bbox 1717 2385 1859 2417; x_wconf 80' lang='lat' dir='ltr'><strong>portemus</strong></span> 
     </span>
    </p>
   </div>
   <div class='ocr_carea' id='block_1_102' title="bbox 1071 2429 1858 2464">
    <p class='ocr_par' dir='ltr' id='par_1_102' title="bbox 1071 2429 1858 2464">
     <span class='ocr_line' id='line_1_102' title="bbox 1071 2429 1858 2464; baseline -0.001 -8"><span class='ocrx_word' id='word_1_750' title='bbox 1071 2429 1217 2464; x_wconf 82' lang='lat' dir='ltr'><strong>imaginem</strong></span> <span class='ocrx_word' id='word_1_751' title='bbox 1247 2430 1393 2462; x_wconf 84' lang='lat' dir='ltr'><strong>coelestis,</strong></span> <span class='ocrx_word' id='word_1_752' title='bbox 1421 2429 1492 2456; x_wconf 81' lang='lat' dir='ltr'><strong>sicut</strong></span> <span class='ocrx_word' id='word_1_753' title='bbox 1520 2429 1689 2463; x_wconf 86' lang='lat' dir='ltr'><strong>portavimus</strong></span> <span class='ocrx_word' id='word_1_754' title='bbox 1714 2429 1858 2463; x_wconf 71' lang='lat' dir='ltr'><strong>imaginem</strong></span> 
     </span>
    </p>
   </div>
   <div class='ocr_carea' id='block_1_103' title="bbox 1071 2474 1859 2510">
    <p class='ocr_par' dir='ltr' id='par_1_103' title="bbox 1071 2474 1859 2510">
     <span class='ocr_line' id='line_1_103' title="bbox 1071 2474 1859 2510; baseline -0.001 -9"><span class='ocrx_word' id='word_1_755' title='bbox 1071 2475 1170 2502; x_wconf 83' lang='lat' dir='ltr'><strong>terreni</strong></span> <span class='ocrx_word' id='word_1_756' title='bbox 1183 2475 1205 2510; x_wconf 86' lang='lat' dir='ltr'>(I</span> <span class='ocrx_word' id='word_1_757' title='bbox 1215 2475 1249 2510; x_wconf 88' lang='lat' dir='ltr'><strong>I),</strong></span> <span class='ocrx_word' id='word_1_758' title='bbox 1261 2480 1288 2502; x_wconf 90' lang='lat' dir='ltr'><strong>et</strong></span> <span class='ocrx_word' id='word_1_759' title='bbox 1297 2475 1477 2503; x_wconf 72' lang='lat' dir='ltr'><strong>cxhibeamus</strong></span> <span class='ocrx_word' id='word_1_760' title='bbox 1497 2474 1618 2501; x_wconf 86' lang='lat' dir='ltr'><strong>membra</strong></span> <span class='ocrx_word' id='word_1_761' title='bbox 1631 2478 1723 2501; x_wconf 89' lang='lat' dir='ltr'><strong>nostra</strong></span> <span class='ocrx_word' id='word_1_762' title='bbox 1735 2494 1741 2506; x_wconf 86' lang='lat'><strong>,</strong></span> <span class='ocrx_word' id='word_1_763' title='bbox 1756 2474 1859 2501; x_wconf 82' lang='lat' dir='ltr'><strong>servire</strong></span> 
     </span>
    </p>
   </div>
   <div class='ocr_carea' id='block_1_104' title="bbox 889 2539 1238 2568">
    <p class='ocr_par' dir='ltr' id='par_1_104' title="bbox 889 2539 1238 2568">
     <span class='ocr_line' id='line_1_104' title="bbox 889 2539 1238 2568; baseline -0.006 0"><span class='ocrx_word' id='word_1_764' title='bbox 889 2539 1017 2568; x_wconf 78' lang='lat' dir='ltr'><strong>VARIAE</strong></span> <span class='ocrx_word' id='word_1_765' title='bbox 1038 2539 1182 2567; x_wconf 74' lang='lat' dir='ltr'><strong>LECTION</strong></span> <span class='ocrx_word' id='word_1_766' title='bbox 1188 2540 1238 2567; x_wconf 86' lang='lat' dir='ltr'><strong>ES.</strong></span> 
     </span>
    </p>
   </div>
   <div class='ocr_carea' id='block_1_105' title="bbox 292 2584 1807 2631">
    <p class='ocr_par' dir='ltr' id='par_1_105' title="bbox 292 2584 1807 2631">
     <span class='ocr_line' id='line_1_105' title="bbox 292 2584 1807 2631; baseline -0.007 -11"><span class='ocrx_word' id='word_1_767' title='bbox 292 2597 312 2631; x_wconf 77' lang='grc' dir='ltr'>ι)</span> <span class='ocrx_word' id='word_1_768' title='bbox 329 2595 459 2631; x_wconf 76' lang='grc' dir='ltr'><strong>ἐχόντων</strong></span> <span class='ocrx_word' id='word_1_769' title='bbox 481 2591 640 2630; x_wconf 81' lang='lat' dir='ltr'><strong>coniectura</strong></span> <span class='ocrx_word' id='word_1_770' title='bbox 656 2587 821 2616; x_wconf 87' lang='lat' dir='ltr'><strong>addidimus.</strong></span> <span class='ocrx_word' id='word_1_771' title='bbox 833 2602 868 2606; x_wconf 94' lang='lat'><strong><em>—</em></strong></span> <span class='ocrx_word' id='word_1_772' title='bbox 880 2587 900 2616; x_wconf 77' lang='lat'><strong>‘)</strong></span> <span class='ocrx_word' id='word_1_773' title='bbox 916 2586 955 2612; x_wconf 73' lang='lat' dir='ltr'><strong>Ex</strong></span> <span class='ocrx_word' id='word_1_774' title='bbox 978 2585 1062 2617; x_wconf 86' lang='lat' dir='ltr'><strong>coui.,</strong></span> <span class='ocrx_word' id='word_1_775' title='bbox 1080 2585 1144 2612; x_wconf 90' lang='lat' dir='ltr'><strong>cod.</strong></span> <span class='ocrx_word' id='word_1_776' title='bbox 1162 2585 1288 2620; x_wconf 77' lang='grc' dir='ltr'><strong>κι..ηοὲν.</strong></span> <span class='ocrx_word' id='word_1_777' title='bbox 1309 2585 1379 2613; x_wconf 83' lang='lat' dir='ltr'><strong>Num</strong></span> <span class='ocrx_word' id='word_1_778' title='bbox 1396 2593 1450 2612; x_wconf 86' lang='lat' dir='ltr'><strong>una</strong></span> <span class='ocrx_word' id='word_1_779' title='bbox 1469 2593 1503 2612; x_wconf 88' lang='lat' dir='ltr'><strong>an</strong></span> <span class='ocrx_word' id='word_1_780' title='bbox 1528 2584 1598 2611; x_wconf 89' lang='lat' dir='ltr'><strong>duae</strong></span> <span class='ocrx_word' id='word_1_781' title='bbox 1620 2584 1714 2611; x_wconf 84' lang='lat' dir='ltr'><strong>literae</strong></span> <span class='ocrx_word' id='word_1_782' title='bbox 1735 2584 1807 2611; x_wconf 82' lang='lat' dir='ltr'><strong>exci—</strong></span> 
     </span>
    </p>
   </div>
   <div class='ocr_carea' id='block_1_106' title="bbox 238 2625 627 2664">
    <p class='ocr_par' dir='ltr' id='par_1_106' title="bbox 238 2625 627 2664">
     <span class='ocr_line' id='line_1_106' title="bbox 238 2625 627 2664; baseline -0.026 -3"><span class='ocrx_word' id='word_1_783' title='bbox 238 2625 435 2664; x_wconf 37' lang='lat' dir='ltr'><strong>deriitlfcerto</strong></span> <span class='ocrx_word' id='word_1_784' title='bbox 450 2628 503 2656; x_wconf 81' lang='lat' dir='ltr'><strong>dici</strong></span> <span class='ocrx_word' id='word_1_785' title='bbox 523 2625 627 2661; x_wconf 84' lang='lat' dir='ltr'><strong>nequit.</strong></span> 
     </span>
    </p>
   </div>
   <div class='ocr_carea' id='block_1_107' title="bbox 998 2681 1123 2709">
    <p class='ocr_par' dir='ltr' id='par_1_107' title="bbox 998 2681 1123 2709">
     <span class='ocr_line' id='line_1_107' title="bbox 998 2681 1123 2709; baseline 0.008 -1"><span class='ocrx_word' id='word_1_786' title='bbox 998 2681 1123 2709; x_wconf 81' lang='lat' dir='ltr'><strong>NOTAE.</strong></span> 
     </span>
    </p>
   </div>
   <div class='ocr_carea' id='block_1_108' title="bbox 278 2735 510 2775">
    <p class='ocr_par' dir='ltr' id='par_1_108' title="bbox 278 2735 510 2775">
     <span class='ocr_line' id='line_1_108' title="bbox 278 2735 510 2775; baseline -0.004 0"><span class='ocrx_word' id='word_1_787' title='bbox 278 2738 409 2775; x_wconf 65' lang='grc' dir='ltr'><strong>(ηῖρεμιι</strong></span> <span class='ocrx_word' id='word_1_788' title='bbox 423 2735 510 2775; x_wconf 64' lang='lat' dir='ltr'><strong>w-</strong></span> 
     </span>
    </p>
   </div>
   <div class='ocr_carea' id='block_1_109' title="bbox 288 2770 533 2808">
    <p class='ocr_par' dir='ltr' id='par_1_109' title="bbox 288 2770 533 2808">
     <span class='ocr_line' id='line_1_109' title="bbox 288 2770 533 2808; baseline -0.02 -7"><span class='ocrx_word' id='word_1_789' title='bbox 288 2770 347 2808; x_wconf 66' lang='lat' dir='ltr'><strong>2’)”u</strong></span> <span class='ocrx_word' id='word_1_790' title='bbox 359 2773 422 2799; x_wconf 86' lang='lat' dir='ltr'><strong>Cor.</strong></span> <span class='ocrx_word' id='word_1_791' title='bbox 435 2770 533 2808; x_wconf 31' lang='lat' dir='ltr'><strong>vutg.</strong></span> 
     </span>
    </p>
   </div>
   <div class='ocr_carea' id='block_1_110' title="bbox 290 2805 534 2843">
    <p class='ocr_par' dir='ltr' id='par_1_110' title="bbox 290 2805 534 2843">
     <span class='ocr_line' id='line_1_110' title="bbox 290 2805 534 2843; baseline -0.02 -7"><span class='ocrx_word' id='word_1_792' title='bbox 290 2805 316 2843; x_wconf 75' lang='grc' dir='ltr'>ὃ)</span> <span class='ocrx_word' id='word_1_793' title='bbox 349 2807 431 2834; x_wconf 77' lang='lat' dir='ltr'><strong>Hebr.</strong></span> <span class='ocrx_word' id='word_1_794' title='bbox 444 2805 534 2843; x_wconf 36' lang='lat' dir='ltr'><strong>mea.</strong></span> 
     </span>
    </p>
   </div>
   <div class='ocr_carea' id='block_1_111' title="bbox 290 2839 558 2877">
    <p class='ocr_par' dir='ltr' id='par_1_111' title="bbox 290 2839 558 2877">
     <span class='ocr_line' id='line_1_111' title="bbox 290 2839 558 2877; baseline -0.019 -7"><span class='ocrx_word' id='word_1_795' title='bbox 290 2839 317 2877; x_wconf 71' lang='grc'>4)</span> <span class='ocrx_word' id='word_1_796' title='bbox 332 2843 342 2869; x_wconf 82' lang='grc'><strong>1</strong></span> <span class='ocrx_word' id='word_1_797' title='bbox 360 2842 455 2877; x_wconf 76' lang='lat' dir='ltr'><strong>Thess.</strong></span> <span class='ocrx_word' id='word_1_798' title='bbox 469 2839 558 2877; x_wconf 62' lang='lat' dir='ltr'><strong>Y,_‘25.</strong></span> 
     </span>
    </p>
   </div>
   <div class='ocr_carea' id='block_1_112' title="bbox 291 2875 519 2906">
    <p class='ocr_par' dir='ltr' id='par_1_112' title="bbox 291 2875 519 2906">
     <span class='ocr_line' id='line_1_112' title="bbox 291 2875 519 2906; baseline -0.026 0"><span class='ocrx_word' id='word_1_799' title='bbox 291 2875 317 2906; x_wconf 78' lang='grc'>5)</span> <span class='ocrx_word' id='word_1_800' title='bbox 335 2877 406 2905; x_wconf 78' lang='lat' dir='ltr'><strong>Phil.</strong></span> <span class='ocrx_word' id='word_1_801' title='bbox 427 2876 459 2906; x_wconf 79' lang='lat' dir='ltr'>II,</span> <span class='ocrx_word' id='word_1_802' title='bbox 477 2875 519 2901; x_wconf 64' lang='lat' dir='ltr'><strong>IS.</strong></span> 
     </span>
    </p>
   </div>
   <div class='ocr_carea' id='block_1_113' title="bbox 282 2880 631 2950">
    <p class='ocr_par' dir='ltr' id='par_1_113' title="bbox 282 2880 631 2950">
     <span class='ocr_line' id='line_1_113' title="bbox 282 2880 519 2913; baseline -0.025 -7"><span class='ocrx_word' id='word_1_803' title='bbox 282 2880 307 2913; x_wconf 77' lang='grc'>(5</span> <span class='ocrx_word' id='word_1_804' title='bbox 335 2880 406 2905; x_wconf 76' lang='lat' dir='ltr'><strong>Phil.</strong></span> <span class='ocrx_word' id='word_1_805' title='bbox 427 2880 459 2906; x_wconf 73' lang='lat' dir='ltr'><strong>ll,</strong></span> <span class='ocrx_word' id='word_1_806' title='bbox 477 2880 519 2901; x_wconf 73' lang='grc'><strong>15.</strong></span> 
     </span>
     <span class='ocr_line' id='line_1_114' title="bbox 282 2880 631 2950; baseline -0.02 -8"><span class='ocrx_word' id='word_1_807' title='bbox 282 2880 318 2950; x_wconf 74' lang='grc' dir='ltr'>(ὕ)</span> <span class='ocrx_word' id='word_1_808' title='bbox 331 2913 428 2941; x_wconf 76' lang='lat' dir='ltr'><strong>Psalm.</strong></span> <span class='ocrx_word' id='word_1_809' title='bbox 443 2909 555 2941; x_wconf 72' lang='lat' dir='ltr'>CXVIII,</span> <span class='ocrx_word' id='word_1_810' title='bbox 569 2908 585 2936; x_wconf 81' lang='lat'><strong>5</strong></span> <span class='ocrx_word' id='word_1_811' title='bbox 604 2908 631 2936; x_wconf 83' lang='lat' dir='ltr'><strong>(i.</strong></span> 
     </span>
    </p>
   </div>
   <div class='ocr_carea' id='block_1_114' title="bbox 1110 2729 1378 2764">
    <p class='ocr_par' dir='ltr' id='par_1_114' title="bbox 1110 2729 1378 2764">
     <span class='ocr_line' id='line_1_115' title="bbox 1110 2729 1378 2764; baseline -0.007 -8"><span class='ocrx_word' id='word_1_812' title='bbox 1110 2729 1147 2764; x_wconf 86' lang='lat'><strong>(7)</strong></span> <span class='ocrx_word' id='word_1_813' title='bbox 1166 2729 1262 2756; x_wconf 82' lang='lat' dir='ltr'><strong>Matth.</strong></span> <span class='ocrx_word' id='word_1_814' title='bbox 1284 2729 1315 2761; x_wconf 78' lang='grc' dir='ltr'>ν,</span> <span class='ocrx_word' id='word_1_815' title='bbox 1334 2729 1378 2755; x_wconf 69' lang='grc'><strong>20.</strong></span> 
     </span>
    </p>
   </div>
   <div class='ocr_carea' id='block_1_115' title="bbox 1107 2764 1382 2798">
    <p class='ocr_par' dir='ltr' id='par_1_115' title="bbox 1107 2764 1382 2798">
     <span class='ocr_line' id='line_1_116' title="bbox 1107 2764 1382 2798; baseline 0 -8"><span class='ocrx_word' id='word_1_816' title='bbox 1107 2765 1144 2798; x_wconf 88' lang='grc'><strong>(8)</strong></span> <span class='ocrx_word' id='word_1_817' title='bbox 1160 2765 1238 2792; x_wconf 78' lang='lat' dir='ltr'><strong>Rom.</strong></span> <span class='ocrx_word' id='word_1_818' title='bbox 1256 2765 1324 2795; x_wconf 80' lang='lat' dir='ltr'>VIII,</span> <span class='ocrx_word' id='word_1_819' title='bbox 1340 2764 1382 2790; x_wconf 81' lang='grc'><strong>16.</strong></span> 
     </span>
    </p>
   </div>
   <div class='ocr_carea' id='block_1_116' title="bbox 1120 2798 1413 2830">
    <p class='ocr_par' dir='ltr' id='par_1_116' title="bbox 1120 2798 1413 2830">
     <span class='ocr_line' id='line_1_117' title="bbox 1120 2798 1413 2830; baseline -0.007 -4"><span class='ocrx_word' id='word_1_820' title='bbox 1120 2798 1146 2830; x_wconf 79' lang='grc'>9)</span> <span class='ocrx_word' id='word_1_821' title='bbox 1160 2800 1260 2827; x_wconf 80' lang='lat' dir='ltr'><strong>Psalm.</strong></span> <span class='ocrx_word' id='word_1_822' title='bbox 1273 2799 1364 2830; x_wconf 74' lang='lat' dir='ltr'><strong>XLIV,</strong></span> <span class='ocrx_word' id='word_1_823' title='bbox 1382 2798 1413 2825; x_wconf 78' lang='grc' dir='ltr'><strong>Μ.</strong></span> 
     </span>
    </p>
   </div>
   <div class='ocr_carea' id='block_1_117' title="bbox 1121 2832 1627 2869">
    <p class='ocr_par' dir='ltr' id='par_1_117' title="bbox 1121 2832 1627 2869">
     <span class='ocr_line' id='line_1_118' title="bbox 1121 2832 1627 2869; baseline 0.002 -9"><span class='ocrx_word' id='word_1_824' title='bbox 1121 2833 1163 2866; x_wconf 83' lang='grc'><strong>10)</strong></span> <span class='ocrx_word' id='word_1_825' title='bbox 1180 2835 1278 2862; x_wconf 88' lang='lat' dir='ltr'><strong>Psalm.</strong></span> <span class='ocrx_word' id='word_1_826' title='bbox 1296 2834 1396 2866; x_wconf 79' lang='lat' dir='ltr'><strong>LXVII,</strong></span> <span class='ocrx_word' id='word_1_827' title='bbox 1410 2833 1450 2861; x_wconf 81' lang='lat' dir='ltr'><strong>I8.</strong></span> <span class='ocrx_word' id='word_1_828' title='bbox 1462 2833 1531 2869; x_wconf 86' lang='lat' dir='ltr'><strong>Eph.</strong></span> <span class='ocrx_word' id='word_1_829' title='bbox 1543 2841 1587 2867; x_wconf 84' lang='lat' dir='ltr'><strong>Iv,</strong></span> <span class='ocrx_word' id='word_1_830' title='bbox 1601 2832 1627 2861; x_wconf 83' lang='lat'><strong>8.</strong></span> 
     </span>
    </p>
   </div>
   <div class='ocr_carea' id='block_1_118' title="bbox 1109 2869 1398 2906">
    <p class='ocr_par' dir='ltr' id='par_1_118' title="bbox 1109 2869 1398 2906">
     <span class='ocr_line' id='line_1_119' title="bbox 1109 2869 1398 2906; baseline -0.003 -10"><span class='ocrx_word' id='word_1_831' title='bbox 1109 2870 1166 2906; x_wconf 83' lang='lat' dir='ltr'>(II)</span> <span class='ocrx_word' id='word_1_832' title='bbox 1179 2870 1190 2897; x_wconf 90' lang='lat'>1</span> <span class='ocrx_word' id='word_1_833' title='bbox 1205 2870 1269 2898; x_wconf 82' lang='lat' dir='ltr'><strong>Cor.</strong></span> <span class='ocrx_word' id='word_1_834' title='bbox 1283 2869 1339 2902; x_wconf 84' lang='lat' dir='ltr'><strong>xv,</strong></span> <span class='ocrx_word' id='word_1_835' title='bbox 1354 2869 1398 2898; x_wconf 64' lang='lat'><strong>49.</strong></span> 
     </span>
    </p>
   </div>
  </div>
