2067 3149
241 150 294 179 {:5

239 204 360 238 iustitiae
383 214 411 239 et
442 214 659 250 sanctiﬁcationi,
677 219 746 248 sicut
765 222 941 252 exhibuimus
959 233 1022 260 pec-

236 258 300 284 cato
312 254 362 291 (l).
374 256 639 296 Qrcdamustlcbere
658 266 747 293 nosin
771 268 832 295 luce
850 270 1019 300 ambulantes

238 299 297 326 sine
305 301 407 329 oll'ensa
419 304 510 332 videre
525 307 660 336 mirabilia
672 311 719 338 Dei
732 314 880 341 secundum
894 323 956 342 cum
970 316 1017 353 ῳὶί

979 343 990 353 1

236 343 276 370 ait
293 353 298 370 :
325 345 419 374 Revela
433 349 520 377 oculos
536 360 604 379 meos
619 358 642 380 et
655 356 823 384 considerabo
833 359 964 387 mirabilia
971 367 1017 388 tua

236 388 268 415 de
288 389 342 425 lege
352 393 451 428 tua(2).
465 394 534 422 Nam
545 400 585 428 ut,
604 399 676 432 quod
691 400 726 426 ad
737 408 833 430 sensus
841 405 968 438 pertinet,
982 406 1015 439 is,

234 435 281 468 qui
292 436 320 462 in
334 436 394 464 luce
408 439 539 472 ambulat,
550 450 604 470 non
611 444 734 477 oﬂ‘endit,
746 447 794 479 sic,
806 435 879 482 quod
891 450 926 477 ad
934 435 1016 486 spiri;

234 483 293 507 tum
309 482 416 516 attinet,
428 484 460 516 is,
471 486 517 520 qui
531 487 684 522 inperfecta
696 492 910 522 sanctiﬁcatione
921 482 1015 524 versa-

233 529 354 562 tur,non.
368 531 536 564 concupiscit
553 533 632 565 mala,
647 542 702 561 non
713 536 814 571 cogitat
827 546 920 572 prava.
935 540 1015 570 Nulla

239 573 312 598 enim
322 577 365 600 est
374 575 490 603 societas
503 577 556 604 luci
567 579 600 604 ad
613 580 738 608 tenebras
747 582 888 618 (3),neque
897 593 1013 614 consen-

231 622 279 642 sus
296 618 396 652 templo
409 619 457 646 Dei
475 628 536 647 cum
545 621 624 650 idolis
639 624 781 660 (l).ltaque
796 630 924 663 tanquam
944 634 1013 657 tem-

231 661 306 694 plum
334 662 382 690 Dei
412 665 554 694 considera
577 669 703 703 teipsum,
719 661 860 707 ell‘ugiens‘
886 675 1014 709 spiritua-

230 707 298 735 lium
329 709 463 738 idolorum
495 712 524 740 in
556 715 638 742 corde
666 716 790 752 efﬁgiem.
816 720 911 749 Omnis
937 723 1011 751 enim

230 753 343 782 allectus
361 764 478 791 operans
492 759 520 786 in
541 761 633 789 anima
655 762 758 791 idolum
780 770 830 793 est.
852 767 929 795 Unde
941 768 1011 797 bene

229 800 342 828 dictum:
354 811 369 829 α
381 812 431 838 quo
442 806 499 839 qui:
509 812 645 842 superatus
653 811 779 842 cst,huius
788 818 812 840 et
821 822 909 842 seruus
920 816 1008 852 (51(5).

228 844 276 872 Sin
296 848 385 875 carnis
414 850 599 886 voluptatibus
625 857 697 882 servi
722 857 785 885 facti
813 867 925 894 sumus,
953 870 1010 890 ma-

226 889 355 919 nifestum
368 897 427 926 est,
452 897 538 923 sancti
565 902 593 925 et
613 899 766 929 innocentis
785 904 897 938 spiritus
915 914 1009 935 servos
1025 920 1044 947 Β

226 941 275 947 ...υ-
295 936 377 947 Εηηι..
403 946 406 947 ν
583 943 602 947 ⁸·

225 941 277 962 nos
295 936 380 964 factos
398 946 452 966 non
481 948 550 969 esse.
580 943 665 971 Nemo
683 947 756 974 enim
784 954 875 983 potest
901 952 1008 981 duobus

225 978 344 1008 dominis
368 983 469 1011 servire
495 986 575 1014 :Nan
595 991 699 1023 potestis
713 1012 720 1024 ,
747 993 854 1029 inquit,
883 996 937 1023 Deo
949 1006 1006 1025 ser—

223 1025 279 1051 vire
316 1030 340 1052 ct
376 1036 544 1058 mammonae
564 1034 615 1069 (ϐ).
643 1025 793 1072 Templum-
822 1025 896 1069 enim
926 1043 1005 1079 203

223 1069 303 1079 I\_:A.
349 1075 354 1079 .
541 1077 545 1079 -

711 1069 718 1072 .
926 1069 1005 1079 -νυ

223 1069 271 1096 Dei
281 1075 404 1098 sanctum
414 1079 465 1106 est,
474 1083 524 1102 non
535 1077 632 1105 habens
647 1082 779 1109 maculam
791 1089 837 1111 aut
848 1094 942 1121 rugam
957 1094 1005 1116 aut

223 1113 326 1149 aliquid
340 1117 488 1147 huiusmodi
502 1120 550 1157 (7).
570 1122 658 1155 Quare
672 1125 789 1161 Spiritus
798 1113 907 1159 sanctus
920 1113 1006 1169 Γ

225 1160 319 1188 dolum
345 1168 375 1190 et
405 1166 513 1194 recedet
536 1176 551 1195 a
576 1160 787 1206 cogitationibus
803 1160 1004 1216 insipientigus,

222 1213 311 1241 neque
325 1207 353 1235 in
368 1209 567 1240 fraudulentam
586 1216 704 1244 animam
723 1219 835 1250 intrabit
850 1207 1002 1260 disciplina:

218 1250 367 1280 Credentes
380 1254 473 1289 igitur,
486 1264 594 1286 omnem
608 1266 728 1291 nostram
744 1265 830 1301 legem
850 1250 934 1304 digit;
955 1272 1003 1301 Dei

218 1296 247 1323 in
262 1299 343 1326 corde
361 1301 454 1334 scribi,
467 1309 522 1330 n0n
535 1310 697 1341 atramento,
718 1311 764 1337 sed
777 1311 880 1347 Spiritu
897 1316 1002 1352 divino,

217 1344 399 1379 suscipiamus
407 1349 548 1377 veritatem
558 1351 720 1387 legislatoris
731 1357 863 1387 dicentis:
877 1361 933 1397 Ego
944 1372 1002 1392 sum

216 1389 312 1416 veritas
326 1390 374 1425 (8),
390 1392 460 1424 eius,
471 1395 517 1428 qui
532 1401 560 1422 et
578 1398 668 1426 cordis
679 1401 913 1434 circumcisionem
938 1416 1003 1444 ope-

216 1438 302 1467 ratur,
313 1439 340 1462 et
351 1436 476 1466 inscribit
497 1440 524 1468 in
546 1445 685 1472 mentibus
705 1447 849 1483 dignorum
871 1436 1001 1483 bonitatis

215 1484 281 1506 suae
292 1479 388 1515 legem,
401 1483 471 1511 sicut
482 1486 509 1512 in
522 1489 653 1523 propheta
662 1479 791 1521 aitziabo
812 1496 894 1532 legem
914 1508 999 1528 meam

213 1524 243 1550 in
253 1525 372 1554 cordibus
393 1536 492 1563 eorum,
516 1537 540 1559 et
562 1535 589 1560 in
612 1537 749 1565 visceribus
774 1548 862 1569 eorum
885 1546 998 1574 scribam

213 1577 274 1597 eam
289 1570 338 1607 (9).
354 1573 429 1601 Illico
447 1575 547 1611 itaque,
569 1581 778 1619 quibuscunqnc
798 1594 879 1615 curae
902 1595 944 1618 est
965 1592 993 1620 in
1006 1588 1027 1618 C

212 1624 294 1651 genus
305 1617 425 1652 electum,
437 1621 462 1648 in
474 1624 562 1658 regale
574 1628 758 1663 sacerdotium,
776 1631 804 1659 in
817 1640 919 1668 gentem
929 1646 994 1664 san-

211 1665 292 1691 ctam.
309 1663 335 1690 in
347 1667 472 1701 populant
489 1672 672 1705 acceptabilem
685 1674 739 1711 (l0)
752 1663 995 1714 pervenire,iaeile

212 1709 349 1743 recipiunt
365 1711 392 1738 in
413 1721 441 1739 sc
466 1715 628 1745 t'ivilicantis
653 1709 770 1755 Spiritus
797 1727 991 1760 operationem.

210 1753 380 1791 Quapropter
391 1758 575 1789 admoncmini
592 1764 625 1790 ad
646 1753 792 1801 orandum.
806 1753 837 1798 ut
849 1773 923 1808 digni
946 1775 993 1803 ba-

787 1798 790 1801 _
854 1798 857 1799 ,
878 1798 923 1808 οη.
946 1798 979 1803 κ-

210 1798 335 1834 beamur,
358 1804 404 1837 qui
427 1807 551 1838 quamvis
576 1809 697 1839 breviter
723 1814 905 1852 intelligamus
925 1821 992 1848 sim-

209 1844 307 1879 plicem
320 1851 534 1879 conversationis
544 1853 571 1880 in
581 1854 690 1884 Christo
703 1861 904 1892 rectitudinem.
919 1866 991 1895 Talis

206 1891 279 1917 enim
288 1892 387 1926 anima,
401 1904 470 1929 quae
484 1898 610 1932 deposuit
631 1903 722 1931 vultus
730 1907 928 1942 confusionem,
940 1920 990 1940 nec

206 1935 260 1964 iam
273 1945 400 1973 regnatur
416 1944 584 1978 turpitudine
599 1949 806 1986 cogitationum,
816 1963 866 1982 nec
883 1957 990 1986 adulte-

212 1987 288 2009 ratur
302 1992 317 2010 a
328 1986 456 2021 maligno,
480 1997 541 2016 cum
556 1992 765 2024 solomanil‘cstc
774 1999 882 2026 coelesti
891 2009 990 2035 sponso

205 2027 364 2057 societatem
375 2031 445 2065 iniit,
454 2038 546 2069 utpote
558 2037 614 2071 ipsa
625 2039 748 2074 simplex.
759 2043 844 2071 Vulne
850 2027 987 2074 rata-enim

204 2079 295 2100 amore
311 2082 373 2110 erga
394 2085 466 2110 cum,
491 2080 628 2110 desiderio
654 2087 778 2119 moritur,
804 2093 835 2116 ut
859 2091 988 2120 audacter

203 2117 309 2153 loquar,
328 2123 526 2156 pulcherrimae
539 2128 613 2155 illius
630 2130 825 2161 intellectualis
847 2140 876 2163 et
892 2139 986 2172 mysti-

203 2171 250 2190 cae
258 2169 457 2197 communionis
469 2179 530 2198 cum
545 2180 577 2200 eo
590 2176 740 2204 secundum
751 2178 984 2215 incorruptibilem

201 2209 382 2243 aptitudinem
399 2214 426 2241 in
448 2217 662 2248 sanctiﬁcatione
683 2223 809 2251 conditae
835 2209 981 2256 societatis.

200 2253 281 2283 Beata
297 2265 390 2286 revera
407 2264 434 2287 et
447 2261 511 2289 felix
524 2264 584 2291 talis
595 2265 695 2299 anima,
707 2276 776 2302 quae
787 2270 858 2298 victa
867 2273 982 2307 spiritali

199 2306 302 2333 amore,
321 2302 402 2340 digne
414 2306 576 2341 desponsata
589 2314 631 2338 est
641 2312 696 2339 Deo
707 2313 806 2342 Verbo.
820 2302 897 2346 Dicant
916 2327 981 2355 ergo

198 2344 267 2380 ipsa,
280 2347 370 2376 dicat:
387 2350 525 2380 Exultabit
537 2356 627 2383 anima
638 2365 697 2385 mea
709 2359 736 2385 in
749 2359 871 2395 Domino,
883 2365 928 2399 qui
941 2344 980 2392 ἰῒι-

837 164 857 192 S
883 165 1023 196 MACARII
1038 168 1197 200 AEGYPTII

1800 183 1852 212 416

1036 245 1058 272 Δ
1074 229 1144 262 σίας,
1157 231 1204 258 καὶ
1219 233 1331 268 φορέσαι
1344 233 1393 269 τὴν
1406 235 1496 262 είκόνα
1510 237 1556 263 τοῦ
1574 237 1744 273 ἐπουρανίου,
1763 242 1852 275 καθὼς

1070 275 1243 312 ὲφορέσαμεν
1257 279 1306 313 τὴν
1319 279 1411 306 εἰκόνα
1430 280 1477 307 τοῦ
1495 283 1597 317 χοϊκοῦ,
1612 285 1660 311 καὶ
1677 287 1852 322 παραστῆσαι

1068 321 1103 348 τὰ
1118 321 1185 359 μέλη
1195 323 1272 359 ἡμιῖῖρι
1283 324 1363 351 δοῦλα
1376 326 1409 360 τῇ
1428 327 1585 363 δικαιοσύνῃ
1600 329 1647 356 καὶ
1661 330 1699 365 τῷ
1712 321 1850 368 ἁγιασμῷ,

1068 356 1157 398 καθὼς
1180 356 1451 406 ιηαρεστήσαμενητῇ
1479 356 1612 409 ἁμαρτία.
1639 356 1850 413 multat;me:

1067 412 1108 439 ὅτι
1126 413 1178 448 χρὴ
1194 415 1267 449 ἡμᾶς
1290 416 1319 441 ὲν
1332 415 1370 450 τῷ
1393 418 1462 450 φωτὶ
1481 419 1699 454 περιπατοῦντας
1715 422 1850 458 ἀπροσκό-

1067 466 1125 490 πως
1137 459 1203 494 όρᾷν
1214 459 1249 486 τὰ
1264 460 1311 487 τοῦ
1322 461 1389 488 Θεοῦ
1403 462 1551 497 θαυμάσια,
1568 465 1638 492 κατά
1654 467 1699 494 τὴν
1715 468 1848 504 φήσαντα·

1065 504 1266 540 ἀποκάλυψον
1276 507 1348 540 τοὺς
1361 508 1532 544 ὀφθαλμούς
1536 519 1606 544 μου,
1614 511 1663 538 καὶ
1673 515 1849 548 κατανοήσω

1064 549 1101 576 τὰ
1119 551 1270 585 θαυμάσιά
1280 561 1338 579 σου
1347 552 1384 580 ἐκ
1396 553 1449 580 τοῦ
1459 555 1552 589 νόμου
1569 564 1638 582 σου.
1652 556 1690 588 ὡς
1706 557 1760 593 γὰρ
1778 560 1848 586 κατὰ

1063 594 1093 621 τὸ
1107 595 1233 631 αἰσθητὸν
1249 598 1262 623 ὁ
1274 598 1302 623 ἐν
1317 597 1356 633 τῷ
1370 599 1439 633 φωτὶ
1454 601 1613 635 περιπατῶν
1626 602 1655 628 ού
1670 604 1846 638 προσκόπτει,

1062 640 1149 673 οὕτως
1174 642 1244 669 κατὰ
1268 643 1298 670 τὸ
1324 644 1418 679 νοητὸν
1445 645 1461 672 δ
1486 647 1515 672 ὲν
1539 645 1577 682 τῷ
1602 647 1696 684 τελείῳ
1719 650 1847 686 ἁγιασμῷ

1062 685 1192 721 ὑπάρχων
1205 687 1255 714 οὐκ
1267 688 1422 724 ἐνθυμεῖται
1434 691 1549 726 πονηρά,
1560 692 1590 718 οὐ
1602 692 1736 726 λογίζεται
1746 685 1845 728 φαῦλα)

1061 730 1174 764 οὐδεμία
1203 732 1229 767 ⁵)
1248 732 1302 768 γὰρ
1325 734 1452 762 κοινωνία
1474 736 1544 769 φωτὶ
1566 737 1634 772 πρὸς
1650 739 1760 771 σκότος,
1784 741 1844 767 οὐδὲ

1061 777 1257 810 συγκατάθεσις
1272 778 1336 805 ναοῦ
1360 779 1428 815 μετὰ
1443 780 1573 809 εἰδώλων.
1595 783 1633 815 ὡς
1645 781 1693 813 οὖν
1707 785 1769 817 ναὸς
1776 786 1843 813 Θεοῦ

1059 821 1189 856 ἑπίγνωθι
1208 824 1330 857 σεαυτόν,
1347 825 1552 861 ἀποδιδράσκων
1565 827 1614 863 τὴν
1629 830 1659 855 ὲν
1673 830 1770 866 καρδίᾳ
1789 832 1843 858 τῶν

1059 867 1161 902 νοητῶν
1177 868 1294 896 εἰδώλων
1311 869 1496 898 ἀποτύπωσιν·
1514 873 1567 899 πᾶν
1586 873 1640 909 γὰρ
1657 874 1742 907 πάθος
1765 877 1841 912 ἐνερ-

1058 912 1121 945 γοῦν
1133 913 1206 950 ψυχῇ
1221 915 1327 942 εἴδωλόν
1344 917 1428 943 ἐστιν’
1441 917 1502 944 ὅθεν
1519 918 1608 951 καλῶς
1622 920 1742 955 εἴρηται·
1758 918 1783 954 ᾧ
1797 931 1842 956 τις

1059 957 1191 992 ἣττηται,
1213 961 1307 994 τούτῳ
1326 963 1376 989 καὶ
1399 962 1589 991 δεδούλωται.
1614 966 1639 992 εί
1661 966 1690 992 δὲ
1713 968 1767 999 τοῖς
1791 970 1842 1003 τῆς

1058 1003 1159 1038 σαρκὸς
1171 1004 1269 1032 πάθεσι
1277 1006 1471 1042 δεδουλώμεθα,
1485 1009 1606 1044 δηλονότι
1628 1010 1648 1046 ⁸)
1661 1010 1700 1046 τῷ
1713 1012 1782 1047 ἁγίῳ
1793 1013 1841 1040 καὶ

1056 1049 1157 1076 ἅπαοεῖ
1172 1051 1309 1087 πνεύματι
1330 1053 1360 1080 ού
1384 1054 1584 1090 δεδουλώμεθα·
1604 1057 1634 1083 οὺ
1656 1057 1710 1093 γὰρ
1728 1058 1839 1086 δύναταί

1054 1102 1097 1127 τις
1114 1095 1173 1122 δυσὶ
1193 1098 1296 1133 κυρίοις
1308 1098 1452 1127 δουλεύειν·
1467 1102 1503 1128 οὐ
1521 1101 1666 1135 δύνασθε,
1685 1103 1762 1139 φησί,
1777 1104 1838 1138 Θεῷ

1054 1140 1210 1170 δουλεύειν
1224 1143 1273 1170 καί
1283 1145 1439 1180 μαμμωνᾷ.
1454 1147 1469 1173 ὁ
1482 1147 1536 1183 γὰρ
1550 1148 1613 1181 ναὸς
1626 1149 1672 1175 τοῦ
1679 1149 1747 1178 Θεοῦ
1760 1150 1837 1184 ἅγιός

1053 1186 1123 1218 ἐστι,
1135 1189 1179 1222 μὴ
1195 1188 1270 1222 ἔχων
1284 1190 1398 1218 σπῖλον
1412 1191 1432 1226 ἦ
1447 1192 1570 1226 ῥυτίδα,
1583 1193 1603 1228 ἤ
1621 1203 1649 1221 τι
1666 1194 1726 1222 τῶν
1740 1197 1836 1223 τοιού-

1053 1240 1122 1261 των.
1143 1233 1210 1260 διότι
1224 1234 1301 1268 ἅγιον
1315 1236 1424 1271 πνεῦμα
1438 1237 1564 1272 φεύξεται
1578 1239 1662 1271 δόλον,
1676 1240 1723 1267 καὶ
1735 1241 1836 1268 ἀπανα-

1053 1277 1179 1312 στήσεται
1191 1279 1245 1305 ἀπὸ
1256 1279 1393 1315 λογισμῶν
1406 1281 1554 1316 ἀσυνέτων,
1565 1284 1614 1311 καὶ
1622 1285 1662 1317 είς
1673 1286 1835 1322 κακότεχνον

1053 1322 1143 1358 ψυχὴν
1159 1324 1210 1351 οὐκ
1226 1325 1410 1354 εἰσελεύσεται
1428 1328 1545 1356 παιδεία.
1565 1331 1759 1364 πιστεύσαντες
1775 1331 1834 1365 οὖν.

1050 1367 1090 1395 ὅτι
1105 1369 1159 1401 πᾶς
1170 1371 1184 1396 ὀ
1196 1371 1275 1405 ἡμῶν
1290 1372 1371 1407 νόμος
1382 1373 1505 1410 δακτύλῳ
1513 1376 1583 1404 Θεοῦ
1606 1377 1634 1404 ἐν
1651 1378 1750 1414 καρδίᾳ
1763 1379 1834 1415 γρά-

1051 1423 1140 1450 φεται,
1153 1417 1182 1443 οὐ
1197 1418 1302 1452 μέλανι,
1318 1419 1386 1446 ἀλλὰ
1396 1420 1530 1457 πνεύματι
1542 1422 1615 1458 θείῳ,
1632 1423 1770 1459 δεξώμεθα
1782 1425 1832 1461 τὴν

1049 1460 1178 1496 ἀλήθειαν
1190 1462 1236 1489 τοῦ
1242 1464 1385 1499 νομοθέτου
1395 1466 1525 1499 είπόντος·
1538 1467 1594 1503 ἐγώ
1603 1469 1686 1503 alyn}
1696 1460 1820 1504 ἀλήθεια

1047 1506 1094 1533 τοῦ
1111 1515 1158 1534 και
1171 1509 1221 1545 τὴν
1236 1510 1287 1544 τῆς
1301 1512 1414 1546 καρδίας
1427 1514 1577 1550 περιτομὴν
1597 1517 1770 1550 ποιουμένου,
1784 1517 1831 1544 καὶ

1048 1553 1244 1589 ὲπιγράφοντος
1260 1556 1307 1582 ἐπὶ
1329 1556 1379 1588 τὰς
1399 1557 1516 1591 διανοίας
1537 1560 1593 1587 τῶν
1616 1560 1698 1593 ἀξίων
1713 1561 1759 1588 τὸν
1779 1564 1830 1597 τῆς

1045 1600 1226 1635 χρηστότητος
1244 1602 1326 1628 αὐτοῦ
1340 1603 1431 1638 νόμονο
1445 1604 1482 1636 ὥς
1493 1614 1576 1641 φησιν
1595 1607 1624 1634 ἑν
1637 1607 1677 1643 τῷ
1691 1610 1827 1645 προφήτῃ*

1044 1642 1145 1677 διδοὺς
1157 1644 1258 1680 [δώσω
1280 1646 1303 1682 ⁸]
1313 1648 1424 1682 νόμους
1431 1658 1492 1684 μου
1509 1651 1531 1686 ⁸)
1538 1652 1638 1685 stcta;-
1645 1642 1767 1688 καρδίας-
1774 1642 1828 1682 aii-

1043 1688 1111 1720 τῶν,
1121 1691 1168 1717 καὶ
1178 1691 1227 1717 ἐπὶ
1238 1692 1291 1725 τὰς
1299 1693 1431 1728 διανοίας
1438 1696 1537 1723 αὐτῶν
1546 1698 1825 1734 ἐπιγράψωαῠτούςσ

1043 1734 1140 1762 αὐτίκα
1154 1735 1217 1769 γοῦν
1229 1737 1302 1769 ὅσοις
1318 1739 1427 1774 φροντίς
1447 1741 1520 1768 ἐστιν
1531 1742 1571 1774 είς
1584 1743 1670 1777 γένος
1683 1744 1826 1773 ἐκλεκτὸν

1024 1799 1028 1802 .
1042 1779 1154 1813 φθάσαι,
1167 1783 1206 1813 εἰς
1219 1783 1379 1814 ,ϐασίλειον
1395 1786 1560 1822 ἱεράτευμα,
1574 1790 1614 1820 είς
1628 1789 1715 1823 ἔθνος
1729 1790 1824 1825 ἄτιον,

1041 1826 1080 1857 είς
1091 1826 1168 1854 λαὸν
1181 1830 1363 1863 περιούσιον,
1375 1832 1473 1867 ῥᾳδίως
1485 1832 1605 1868 δέχονται
1617 1835 1646 1862 ὲν
1658 1836 1763 1868 ἑαυτοῖς
1774 1838 1824 1874 τὴν

1040 1870 1087 1897 τοῦ
1100 1871 1230 1904 ζωοποιοῦ
1241 1874 1396 1911 πνεύματος
1408 1877 1557 1919 ἐνέργειαν.
1573 1880 1664 1916 διόπερ
1679 1870 1822 1919 παρακλῆο

1040 1915 1105 1952 θητε
1128 1917 1255 1953 εὔχεσθαι
1268 1921 1298 1953 ⁸),
1314 1922 1387 1953 ὅπως
1402 1917 1612 1960 καταξιωθῶμεν
1623 1915 1674 1954 κᾶν
1684 1915 1749 1962 γοῦν
1759 1915 1824 1964 βρα-

1038 1962 1108 1995 χέως
1122 1965 1238 1991 συνεῖναι
1257 1965 1306 2001 τὴν
1327 1967 1491 2003 μονότροπον
1505 1970 1534 1996 ὲν
1553 1971 1663 2007 Χριστῷ
1684 1962 1821 2006 πολιτείας

1038 2006 1183 2042 εὐθύτητα.
1205 2010 1221 2044 ἠ
1245 2010 1298 2045 γὰρ
1318 2012 1428 2048 τοιαύτη
1445 2013 1516 2049 ψυχὴ
1538 2006 1693 2053 ἀποθεμένη
1709 2018 1758 2053 τὴν
1774 2019 1819 2046 τοῦ

1038 2052 1182 2087 προσώπου
1206 2055 1349 2091 αίσχύνην,
1377 2059 1424 2085 καὶ
1450 2060 1548 2095 μηκέτι
1568 2052 1818 2101 κατακυριευομένη

1038 2096 1090 2123 ὑπὸ
1108 2098 1156 2133 τῆς
1168 2100 1345 2137 αἱσχρότητος
1356 2104 1409 2130 τῶν
1421 2105 1569 2141 λογισμῶν,
1581 2108 1628 2134 καὶ
1638 2096 1818 2147 μοιχευομένη

1036 2143 1089 2169 ὑπὸ
1102 2144 1149 2171 τοῦ
1165 2147 1293 2183 πονηροῦ,
1310 2150 1390 2184 μόνου
1399 2151 1496 2187 δηλαδὴ
1512 2153 1559 2179 τοῦ
1574 2143 1734 2191 ἐπουρανίου
1750 2143 1819 2192 imp;

1036 2189 1098 2222 (ρίου
1108 2193 1239 2224 κοινωνεῖ,
1250 2192 1287 2225 ὡς
1296 2194 1391 2230 αὑτὴτ)
1413 2197 1586 2233 μονότροπος·
1596 2189 1753 2239 τετρωμένη
1763 2189 1817 2241 γάρ

1035 2235 1067 2269 τῇ
1079 2235 1118 2266 εἰς
1132 2236 1213 2262 αὑτὸν
1227 2238 1320 2274 ἀγάπῃ
1336 2241 1461 2268 ἐπιποθεί
1477 2243 1524 2270 καὶ
1539 2235 1816 2279 ἐκλείπειξῖνα-τολἰ

1035 2280 1125 2314 μήσας
1140 2280 1217 2314 εἴπω,
1232 2283 1281 2318 τὴν
1296 2285 1364 2320 πρὸς
1379 2286 1460 2314 αὐτὸν
1479 2287 1517 2320 ὡς
1529 2288 1633 2325 ὡραίαν
1653 2292 1752 2328 νοητὴν
1768 2293 1816 2320 καὶ

1035 2326 1169 2362 μυστικὴν
1193 2330 1335 2357 συνουσίαν
1357 2332 1428 2359 κατὰ
1446 2332 1497 2368 τὴν
1514 2335 1651 2371 ἄφθαρτον
1670 2326 1816 2372 συνάφειαν

1031 2371 1080 2405 τῆς
1097 2373 1125 2398 ἐν
1139 2373 1266 2410 ἁγιασμῷ
1282 2378 1433 2410 κοινωνίας.
1455 2381 1578 2417 μακαρία
1591 2382 1629 2415 ὡς
1643 2371 1750 2419 ἀληθῶς
1766 2384 1814 2412 καὶ

843 2433 969 2463 VARIAE
989 2437 1190 2470 LECTIONES.

240 2474 259 2509 '.)
275 2475 342 2515 βοά·
368 2486 544 2520 πιστεςῖομεν.
561 2483 825 2526 Primum'librarius
835 2491 977 2526 scripsisse
991 2495 1102 2524 videtur

240 2516 327 2526 mm...
354 2519 501 2526 Mum”
533 2525 539 2526 ,
567 2522 572 2526 .

561 2508 572 2510 ,-
583 2508 682 2511 -.,--..--
696 2508 742 2513 --νι
750 2508 825 2516 nan-uo
835 2508 873 2517 nul
881 2508 887 2517 Ι
909 2508 971 2520 διδῦὶ,

194 2508 344 2558 δόξω-ἰριῇ
353 2508 504 2558 θοι-τοξιχίεῄ
529 2522 576 2544 aut
600 2521 789 2558 πιστεύσομεν,
811 2532 826 2550 υ
838 2524 866 2551 in
882 2508 907 2558 al:
924 2532 971 2555 aut

194 2543 254 2570 cod.
275 2543 370 2578 οὐδεὶς.
389 2563 424 2568 —
435 2550 455 2585 ³)
480 2551 551 2585 Ειη.,
803 2543 981 2594 ἔτήιῐέἒξ»

192 2609 274 2639 supra
302 2606 391 2635 adscr.
421 2609 474 2637 alia
497 2619 534 2639 m.
549 2628 584 2633 —
599 2614 620 2649 °)
654 2616 715 2644 cod.
744 2605 881 2655 εὔχεσθαῗ,
897 2631 910 2649 ε
925 2631 1006 2658 supra

1119 2499 1292 2542 πιστεύομεν,
1311 2502 1416 2544 [deinde
1447 2509 1538 2544 autem
1561 2507 1670 2544 literae
1693 2515 1774 2544 supra

989 2531 1170 2577 πιστεύωμεν,
1183 2544 1218 2577 γρ
1229 2531 1255 2577 in
1269 2531 1291 2563 ω
1309 2537 1363 2573 (ὗό)
1375 2531 1674 2577 θωσῃρᾴῐιξί-ξ-ΪῘΕΧ
1690 2531 1772 2576 Emit,

999 2573 1053 2592 om.
1070 2569 1142 2600 cod.,
1157 2569 1249 2598 addidi
1269 2569 1418 2602 ex'Jei-em.
1439 2575 1534 2610 XXXI,
1553 2577 1597 2604 '55.
1614 2569 1655 2597 I—r
1668 2569 1772 2614 ’γίλῶ

1027 2626 1117 2654 adscr.
1134 2629 1194 2657 ead.
1211 2639 1247 2658 m.
1261 2647 1295 2652 ——
1313 2634 1335 2668 ⁷)
1368 2633 1458 2669 Coni.,
1483 2637 1543 2664 cod.
1562 2637 1626 2665 αὖτε
1642 2639 1685 2667 vel
1698 2639 1770 2667 οὒτε.

942 2679 1069 2709 NOTAE.

241 2716 263 2752 ι)
276 2716 317 2744 cr.
331 2718 408 2747 Rom.
422 2721 466 2752 Vl.
483 2723 526 2752 l9.

235 2752 263 2792 ξ)
277 2752 378 2792 ξξςΞΙιη.
388 2755 508 2792 3;}:an
522 2760 566 2789 18.

235 2787 262 2822 3)
277 2787 299 2822 ῃ
310 2788 372 2816 Cor.
388 2790 429 2821 Vl.
448 2792 490 2820 ιι.

237 2822 263 2858 ι)
280 2822 307 2858 γι]
323 2823 386 2851 Cor.
403 2826 448 2858 v1,
465 2828 508 2856 ιϐ.

233 2856 260 2890 5)
278 2857 300 2884 ll
314 2859 388 2887 Pctr.
405 2856 492 2894 ll,vl9.

1113 2740 1206 2769 Matth.
1220 2743 1265 2775 Vl,
1287 2744 1333 2773 24.

1109 2775 1178 2809 Eph.
1191 2778 1222 2808 V.
1236 2779 1280 2806 97.

1108 2810 1170 2838 Joh.
1187 2812 1256 2844 XIV.
1276 2815 1303 2842 6.

1067 2843 1094 2881 ill
1101 2845 1205 2881 ‘Jerem.
1220 2849 1315 2881 XXXI,
1329 2851 1372 2879 55.

1054 2878 1109 2914 (ιο)
1124 2880 1133 2907 l
1150 2882 1206 2911 Pet.
1222 2884 1253 2917 ιι,
1267 2885 1292 2912 9.
1310 2878 1412 2920 mn,
1433 2888 1475 2916 ιι.

1055 2738 1094 2843 {Si

1067 2809 1083 2834 8
