2064 3152
208 133 260 159 417

942 128 1141 160 EI'ISTOLAE.

1777 130 1830 158 M8

205 192 342 226 εὐδαίμων
358 191 374 226 ἡ
389 191 498 226 τοιαύτη
513 192 603 227 ψυχή,
618 192 677 227 ἧτις
691 192 837 228 ήττηθεῖσα
856 191 895 227 τῷ
911 201 992 219 πνευ-

1047 192 1100 219 duit
1123 200 1165 219 me
1191 191 1349 218 vestimentis
1377 190 1472 217 salutis
1501 194 1526 217 et
1547 190 1700 217 indumenta
1720 186 1836 218 iustitiae

207 237 315 273 ματικῷ
341 237 432 272 ἔρωτι,
458 237 541 270 ἀξίως
561 237 718 272 ὲνυμφεύθη
741 238 779 273 τῷ
805 237 892 272 θεῷί)
909 237 989 272 λόγῳ.

205 284 307 318 λεγέτω
322 284 412 310 τοίνυν
427 284 495 319 αὐτή
508 305 515 315 ,
533 284 645 317 λεγέτω
659 284 854 319 ἀγαλλιάσθω
870 285 888 318 ἠ
908 283 993 318 ψυχή

203 336 262 362 μου
277 328 327 354 ἐπὶ
341 327 381 355 τῶ
396 327 498 361 κυρίῳ·
516 327 642 354 ἐνέδυσε
655 327 711 362 γάρ
722 336 761 362 με
771 327 887 362 [mittor
900 335 995 361 σωτη-

202 373 282 407 ρίου,
303 374 352 400 καί
369 383 480 408 χιτωνα
499 374 691 408 εὐφροσύνης
706 373 860 407 περιέθηκέ
874 381 936 407 μοι,
954 373 995 405 ὡς

206 419 324 454 νυμφίῳ
330 420 440 453 μίτραν
450 420 485 455 ¹),
499 420 547 446 καὶ
558 420 598 452 ὡς
609 420 729 453 νύμφην
738 418 946 453 κατεκόσμησέ
957 426 996 452 με

206 464 317 498 κόσμῳ.
335 464 437 499 ταύτης
449 464 504 498 γὰρ
516 464 546 491 τὸ
556 464 652 495 κάλλος
663 463 834 499 ἐπιθυμήσας
845 465 860 489 ὁ
870 463 996 498 βασιλεὺς

205 510 255 545 τῆς
274 509 353 544 δόξης
367 509 537 545 κατηξίωσεν
549 510 634 545 αὐτὴν
646 509 862 545 χρηματίζεσθαι
872 510 902 536 οὐ
916 510 996 544 μόνον

206 556 270 583 ναὸν
282 555 355 586 θεοῦ,
369 555 438 582 ἀλλὰ
453 556 500 582 καὶ
512 555 649 590 θυγατέρα
660 555 790 590 βασιλέως
806 556 852 582 καὶ
863 555 994 590 βασιλίδα”

206 602 270 629 ναὸν
294 601 344 636 μὲν
362 601 423 628 θεοῦ
440 601 479 632 ὡς
500 601 686 628 οἰκειωθεῖσαν
704 601 743 636 τῷ
762 601 832 636 ἁγίῳ
849 601 994 636 πνεύματι·

207 648 346 683 θυγατέρα
360 647 389 674 δὲ
405 647 538 682 βασιλέως
550 648 588 679 ὼς
604 646 845 682 τεκνοποιηθεῖσαν
859 647 935 681 παρὰ
949 646 996 673 τοῦ

206 693 310 728 πατρὸς
323 693 378 718 τῶν
393 692 491 727 φώτων
504 700 510 708 ³
527 693 574 719 καὶ
587 693 710 728 βασιλίδα
721 693 758 724 ὡς
773 692 953 727 συναφθεῖσαν
963 693 996 728 τῇ

207 738 313 773 θεότητι
332 739 382 773 τῆς
395 737 474 773 δόξης
486 738 534 764 τοῦ
551 738 722 773 μονογενοῦς.
740 738 801 765 καθ’
822 738 851 765 ὂν
867 738 921 774 γὰρ
934 739 997 773 τρό-

207 793 257 811 πον
270 785 285 811 ὁ
295 784 399 819 κύριος,
418 782 459 816 εἷς
470 783 508 810 ὢν
521 784 581 811 κατ’
595 784 698 816 οὐσίαν,
715 784 890 820 πολυώνυμος
903 784 998 818 γέγονε

206 830 279 857 κατὰ
294 830 475 866 τροπολογίαν
492 829 586 857 ἕνεκεν
610 831 660 866 τῆς
680 831 837 865 οἰκονομίας
861 829 998 865 σωτηρίας

205 876 261 903 τῶν
276 864 429 912 ἀνθρώπων
443 875 497 912 (πῆ
511 877 560 912 μὲν
575 864 662 911 πέτρα
676 864 839 911 ὀνομασθεὶς
852 876 899 902 καὶ
911 864 980 911 οὖρα
989 897 998 910 ,
1014 864 1036 891 Β

206 923 246 957 πῆ
263 923 292 949 δὲ
306 923 384 957 ἀξίνη
399 923 446 949 καὶ
464 923 537 956 ὁδός,
549 923 596 950 καὶ
612 921 690 954 αὖθις
705 922 826 958 ἄμπελος
841 923 889 949 καὶ
900 923 998 958 ἄρτος,

205 966 295 1001 πέτρα
311 965 360 1000 μὲν
377 965 421 992 διὰ
433 966 462 992 τὸ
479 967 508 993 ἐν
523 968 556 1002 τῇ
574 966 653 1002 ῥώμῃ
668 967 750 993 αὑτοῦ
766 966 891 993 ἄσειστόν
907 976 936 994 τε
952 967 999 994 καὶ

207 1011 371 1046 ἀπρόσιτον
388 1011 457 1047 θύρα
474 1012 503 1039 δὲ
525 1012 569 1039 διὰ
591 1013 621 1039 τὸ
645 1013 726 1039 αὑτὸν
742 1012 813 1039 εἶναι
828 1013 931 1040 εἴσοδον
950 1014 1000 1048 τῆς

205 1057 316 1084 αἰωνίου
333 1057 406 1092 ζωῆς
417 1066 424 1072 ⁸
441 1057 519 1094 ἀξίνη
534 1058 563 1084 δὲ
578 1058 622 1084 διὰ
636 1059 667 1084 τὸ
688 1059 833 1085 ἐκκόπτειν
851 1059 931 1085 αὐτὸν
950 1059 999 1091 τὰς

206 1103 255 1138 τῆς
267 1103 366 1134 κακίας
388 1103 481 1138 ῥίζας·
498 1104 545 1130 καὶ
562 1104 620 1136 ὁδὸς
639 1103 683 1130 διὰ
703 1104 734 1130 τὺ
750 1103 826 1138 ἄγειν
841 1105 921 1131 αὑτὸν
936 1105 999 1136 τοὺς

207 1148 299 1181 ἀξίους
314 1148 360 1175 ἐπὶ
372 1148 421 1184 τὴν
433 1148 483 1182 τῆς
497 1148 626 1184 ἀληθείας
637 1149 794 1183 ὲπίγνωσιψ
807 1150 854 1177 καὶ
866 1150 996 1185 ἄμπελος,

209 1195 251 1222 ἔτι
270 1194 300 1227 ἐξ
323 1193 406 1221 αὑτοῦ
430 1194 444 1220 ὸ
460 1194 612 1229 εὐφραίνων
634 1195 746 1230 καρδίαν
767 1195 911 1231 ἀνθρώπου
926 1193 998 1228 οἶνος

207 1241 439 1275 καρποφορεῖταιο
454 1240 554 1275 ὁμοίως
572 1240 600 1267 δὲ
622 1241 670 1267 καὶ
687 1241 784 1277 ἄρτος,
802 1242 842 1268 ὅτι
862 1242 997 1276 στηρίζων

207 1285 319 1320 καρδίαν
338 1285 448 1319 λογικοῦ
473 1285 622 1321 ζώου)·τδν
642 1287 723 1314 αὑτὸν
737 1287 838 1323 τρόπον
855 1287 902 1314 καὶ
918 1288 935 1323 ὴ
956 1287 996 1314 οἰ-

207 1330 351 1357 κειωοεῖσα
366 1330 404 1365 τῷ
420 1330 474 1365 θεῷ
489 1331 511 1366 ³)
527 1331 598 1366 λόγῳ
618 1331 732 1367 ἄμωμος
746 1332 818 1367 ψυχὴ
831 1332 996 1366 μονότροπος

205 1376 378 1411 τυγχάνουσα
387 1378 457 1403 κατὰ
467 1376 569 1408 πολλὰς
583 1378 723 1412 προκοπὰς
734 1377 788 1404 τῶν
803 1377 996 1412 πνευματικῶν

206 1422 311 1457 ἀρετῶν
326 1422 373 1448 καὶ
387 1423 441 1449 τῶν
451 1421 560 1457 δωρεῶν
576 1423 769 1458 ἀξιωθήσεται.
784 1423 891 1459 εἴρηται
906 1423 934 1450 δέ
951 1432 996 1459 μοι

205 1467 293 1494 ταῦτα
318 1468 411 1494 ἕνεκεν
433 1468 481 1495 τοῦ
492 1469 514 1503 ⁸)
543 1469 573 1495 οὐ
601 1469 680 1504 μόνον
699 1470 780 1505 τριχῆ
806 1469 924 1496 νοεῖσθαι
949 1469 995 1496 τὸν

206 1514 398 1549 χρηματισμὸν
414 1514 463 1549 τῆς
484 1514 601 1549 νύμφης,
621 1515 689 1542 ἀλλὰ
708 1515 755 1541 καὶ
774 1514 994 1550 πολλαχῶς.”γί-

206 1567 294 1585 νωσκε
310 1558 347 1589 δέ,
365 1559 406 1585 ὅτι
418 1559 497 1586 τοῦτο
511 1560 595 1591 κόπος
610 1559 636 1594 ⁸)
653 1560 727 1586 ἐστὶν
744 1559 860 1586 ἐνώπιον
872 1560 950 1595 ἡμῶν
960 1560 994 1594 ⁵),

206 1604 259 1635 ἓως
280 1601 310 1631 οὗ
324 1604 489 1640 είσέλθωμεν
500 1605 523 1641 ⁷)
538 1606 578 1637 είς
596 1606 629 1631 τὸ
648 1606 842 1640 ἀγιαστήριον
856 1605 909 1632 τοῦ
928 1606 996 1633 θεοῦ

207 1650 282 1684 πρὸς
292 1650 344 1677 τὸν
349 1650 419 1677 θεὸν
428 1652 481 1677 τὸν
489 1651 690 1685 εὐφραίνοντα
698 1652 755 1685 τὴν
763 1653 888 1685 νεότητα
900 1651 995 1686 ἡμῶν.

210 1695 333 1730 βούλεται
353 1696 408 1732 γὰρ
426 1697 499 1732 ἡμᾶς
514 1697 528 1722 ὁ
541 1697 633 1732 σωτὴρ
649 1698 679 1723 ἐν
695 1698 778 1732 σαρκὶ
790 1697 870 1728 ὄντας
887 1697 934 1724 καὶ
947 1697 997 1732 τῆς

207 1742 342 1774 ἀπαθείας
365 1743 447 1769 αὑτοῦ
475 1743 694 1778 καταξιωθῆναι,
720 1744 767 1769 καὶ
787 1743 835 1770 τοῦ
860 1743 996 1778 ἁγιασμοῦ

207 1787 399 1824 πληρωθῆναι,
429 1789 472 1815 ῐνα
496 1789 660 1825 θαρροῦντες
685 1789 826 1825 λέγωμεν·
847 1789 882 1816 ἐν
907 1789 997 1823 σαρκὶ

207 1834 440 1868 περιπατοῦντες
454 1835 490 1862 οὐ
505 1834 581 1861 κατὰ
596 1834 698 1869 σάρκα
710 1835 945 1869 στρατευόμεθα·
961 1835 998 1862 τὰ

206 1881 263 1915 τὰρ
277 1880 358 1908 ὅπλα
370 1880 424 1914 τῆς
438 1881 596 1915 στρατείας
606 1880 691 1915 ἡμῶν·
704 1881 739 1907 οὐ
755 1880 898 1914 σαρκικὰ,
919 1881 999 1908 ἀλλὰ

207 1926 323 1953 δυνατὰ
345 1926 385 1958 τῷ
412 1925 467 1959 θεῷ
484 1927 559 1961 πρὸς
583 1926 757 1960 καθαίρεσιν
784 1926 996 1960 ὀχυρωμάτων·

207 1972 373 2006 λογισμοὺς
387 1972 599 2006 καθαιροῦντες
615 1971 663 1998 καὶ
679 1971 740 1998 πᾶν
752 1971 862 2006 ’ὕψωμα
879 1972 998 2005 ἐπαιρό-

204 2026 300 2053 μενον
318 2017 394 2044 κατὰ
405 2017 460 2052 τῆς
473 2017 610 2053 γνώσεως
624 2017 676 2044 τοῦ
689 2017 768 2044 θεοῦ.
785 2017 837 2052 χρὴ
850 2017 938 2044 τοίνυν
955 2019 998 2044 ὲν-

1044 237 1213 264 circumdedit
1225 245 1276 267 me,
1289 237 1365 272 quasi
1376 244 1500 272 sponsum
1519 236 1671 263 decoratum
1694 245 1790 264 corona
1812 244 1837 265 et

1044 284 1121 319 quasi
1131 292 1255 318 sponsam
1265 287 1389 310 ornatam
1402 283 1541 310 monilibus
1550 284 1604 310 suis
1615 283 1755 318 (I).Huius
1763 283 1836 310 enim

1044 329 1276 364 pulchritudinem
1297 329 1495 363 concupiscens
1513 337 1561 355 rex
1585 328 1687 363 gloriae
1710 329 1839 364 dignatus

1045 379 1087 402 est
1101 382 1161 402 eam
1182 381 1342 408 nuncupare
1361 381 1416 400 non
1435 374 1522 400 solum
1535 373 1665 408 templum
1678 373 1736 405 Dei,
1749 374 1797 400 scd
1810 379 1837 400 et

1046 421 1128 448 tiliam
1143 421 1214 455 regis
1228 425 1256 448 et
1276 421 1412 455 reginam:
1443 420 1574 454 templum
1599 419 1711 454 quidem
1735 419 1784 446 Dei
1808 424 1839 446 ut

1046 466 1285 502 2Mhahitatam
1299 473 1313 491 a
1331 465 1434 499 Spiritu
1449 468 1554 496 sancto,
1567 464 1649 491 ﬁliam
1661 469 1753 491 autem
1767 465 1839 499 regis

1047 515 1078 537 ut
1090 511 1246 545 adoptatam
1262 518 1277 537 a
1297 514 1374 544 patre
1389 509 1535 541 luminum,
1551 513 1579 535 et
1600 509 1723 544 reginam
1742 513 1773 536 ut
1788 517 1838 544 ap-

1047 562 1131 584 tatam
1148 557 1286 584 divinitati
1303 557 1405 591 gloriae
1424 555 1573 591 Unigeniti.
1593 556 1635 582 Ad
1657 563 1739 590 quem
1765 556 1839 582 enim

1047 604 1159 631 modum
1175 604 1317 634 Dominus,
1331 603 1426 638 quiest
1445 610 1518 630 unus
1534 602 1685 629 secundum
1709 602 1839 629 substan-

1048 650 1124 681 tiam,
1138 650 1222 676 multa
1240 649 1352 676 nomina
1378 648 1485 683 accepit
1514 648 1620 683 tropice
1646 652 1759 682 propter
1782 647 1840 674 dis-

1049 696 1237 730 pensationem
1269 694 1366 722 salutis
1393 695 1554 721 hominum?
1587 694 1731 727 Quomodo
1758 697 1834 728 petra

1049 742 1201 777 appellatur
1222 747 1250 769 et
1275 742 1394 769 ostium?
1417 741 1556 776 quomodo
1589 741 1694 768 securis
1722 745 1750 767 et
1775 740 1840 767 via?

1049 793 1077 815 et
1088 788 1186 816 iterum
1199 788 1265 815 vitis
1276 793 1305 815 et
1323 787 1423 823 panis?
1450 788 1531 815 Petra
1556 787 1668 822 quidem
1694 787 1730 813 ob
1757 786 1842 813 robur

1049 834 1110 861 eius
1138 834 1332 861 inconcussum
1352 838 1380 861 et
1405 832 1605 860 inaccessibile.
1629 832 1734 859 Ostium
1763 839 1840 864 vero,

1050 879 1115 915 quia
1122 879 1181 914 ipse
1192 883 1234 906 est
1243 879 1374 906 introitus
1384 883 1512 905 aeternae
1523 877 1604 904 vitae.
1615 877 1726 904 Securis
1736 880 1841 908 autem,

1050 924 1115 959 quia
1129 923 1266 952 exscindit
1279 924 1385 950 radices
1399 922 1551 958 pravitatis.
1569 922 1603 949 Et
1622 922 1677 953 via,
1693 921 1757 956 quia
1766 921 1843 949 ducit

1050 969 1147 1005 dignos
1160 969 1194 997 ad
1212 970 1337 997 veritatis
1353 968 1548 1004 cognitionem.
1573 968 1608 995 Et
1621 968 1694 1000 vitis,
1714 968 1788 1002 quod
1807 976 1841 995 ex

1050 1016 1109 1051 ipso
1120 1015 1278 1042 exhilarans
1291 1023 1339 1042 cor
1349 1014 1470 1041 hominis
1487 1014 1582 1041 vinum
1604 1014 1735 1048 carpitur.
1761 1013 1843 1041 Simi-

1048 1061 1111 1088 liter
1118 1068 1184 1088 vero
1194 1060 1275 1087 etiam
1286 1060 1375 1095 panis,
1388 1063 1483 1094 utpote
1491 1059 1657 1086 conﬁrmans
1667 1067 1714 1086 cor
1723 1059 1842 1087 rationa-

1048 1105 1111 1132 bilis
1122 1106 1255 1132 animalis.
1274 1105 1302 1132 In
1316 1105 1431 1132 eandem
1448 1104 1582 1131 rationem
1593 1104 1674 1131 etiam
1691 1104 1841 1131 inhabitata

1048 1158 1064 1177 a
1080 1150 1137 1177 Deo
1150 1150 1235 1177 verbo
1257 1149 1430 1176 immaculata
1451 1148 1553 1179 anima,
1568 1148 1685 1182 simplex
1699 1147 1779 1178 facta,
1798 1155 1841 1174 se<

1048 1194 1169 1222 cundum
1191 1194 1292 1221 multos
1318 1192 1458 1228 profectus
1477 1191 1669 1226 spiritualibus
1692 1190 1841 1218 virtutibus

1047 1241 1182 1276 donisque
1199 1239 1367 1275 dignabitur.
1382 1239 1459 1266 Dicta
1477 1242 1569 1265 autem
1585 1241 1650 1264 sunt
1666 1237 1733 1264 haec
1753 1244 1768 1263 a
1784 1244 1839 1268 me,

1047 1291 1078 1314 ut
1099 1294 1153 1314 non
1179 1286 1268 1313 solum
1291 1285 1435 1320 tripliciter
1456 1284 1625 1319 intelligatur
1646 1283 1786 1311 oraculum
1805 1283 1839 1310 de

1046 1341 1156 1368 sponsa,
1169 1332 1216 1360 sed
1229 1332 1311 1359 etiam
1325 1331 1513 1359 multifariam.
1525 1330 1666 1365 Cognosce
1676 1337 1752 1361 vero,
1766 1329 1840 1356 hunc

1046 1385 1105 1405 csse
1118 1378 1256 1412 planctum
1265 1377 1292 1404 in
1304 1380 1452 1412 conspectu
1465 1376 1658 1408 nostri,donec
1671 1375 1841 1402 introeamus

1046 1423 1081 1450 ad
1095 1423 1182 1450 altare
1197 1423 1256 1455 Dei,
1271 1423 1306 1450 ad
1315 1423 1399 1450 Deum
1413 1423 1456 1458 qui
1470 1422 1598 1456 laetiﬁcat
1613 1423 1776 1448 iuuentutem
1790 1428 1839 1446 na-

1044 1474 1127 1496 stram
1135 1469 1184 1504 (2).
1199 1469 1264 1496 Vult
1273 1469 1346 1496 enim
1356 1468 1582 1500 Salvator,etiam
1592 1475 1653 1499 nos,
1664 1467 1711 1502 qui
1721 1466 1751 1494 in
1758 1473 1841 1494 came

1045 1523 1150 1547 sumus,
1161 1522 1210 1542 sua
1220 1514 1327 1549 apathia
1339 1514 1436 1550 dignos
1447 1513 1522 1541 reddi
1535 1513 1698 1548 implerique
1711 1512 1841 1540 sanctita-

1047 1566 1083 1594 te,
1103 1565 1133 1588 ut
1147 1560 1317 1587 cenﬁdenter
1331 1559 1470 1586 dicamus:
1481 1559 1514 1586 In
1523 1567 1602 1586 carne
1612 1557 1778 1585 ambulantes
1788 1566 1841 1585 non

1046 1607 1186 1634 secundum
1202 1614 1310 1633 carnem
1330 1605 1474 1632 militamus
1484 1614 1492 1637 ;
1503 1613 1565 1631 nam
1574 1613 1651 1631 arma
1660 1603 1771 1631 militiae
1790 1611 1841 1630 κο-

1046 1658 1118 1681 ιῑναε
1129 1662 1181 1680 ηοη
1193 1652 1314 1680 carnalia
1323 1657 1393 1684 sunt,
1401 1652 1446 1679 sed
1453 1652 1568 1687 patentia
1580 1651 1634 1678 Deo
1643 1651 1677 1677 ad
1686 1650 1841 1677 destructio.

1048 1706 1106 1724 nem
1116 1694 1301 1728 munitionum,
1309 1696 1419 1723 consilia
1429 1695 1591 1721 destruente;
1603 1698 1626 1721 et
1636 1702 1738 1720 onmem
1750 1693 1842 1720 altitu-

1047 1743 1133 1770 dinem
1150 1741 1317 1769 extollentem
1329 1751 1357 1769 δε
1368 1742 1493 1769 adversus
1509 1741 1646 1767 scientiam
1658 1740 1706 1767 Dei
1715 1739 1764 1776 (5).
1775 1740 1841 1767 Inde

1049 1788 1131 1823 igitur
1149 1791 1258 1822 oportet
1274 1787 1327 1813 iam
1340 1786 1447 1821 alligcre
1463 1793 1514 1813 nos
1525 1785 1601 1812 cruci
1614 1785 1756 1820 passiones
1775 1792 1840 1819 pec-

1049 1834 1101 1862 cati
1113 1833 1263 1861 secundum
1275 1833 1425 1868 prophetae
1438 1831 1592 1858 orationem
1606 1840 1612 1857 :
1625 1829 1733 1865 Conﬁge
1747 1830 1841 1856 timore

1050 1883 1094 1906 tuo
1107 1887 1199 1906 carnes
1215 1887 1286 1905 nicas
1299 1878 1347 1914 (4).
1362 1878 1428 1905 Nam
1441 1885 1505 1904 caro
1517 1881 1544 1904 ct
1555 1876 1676 1911 sanguis,
1691 1883 1758 1910 quas
1774 1876 1842 1902 dicit

1049 1924 1197 1959 Apostolus
1208 1931 1263 1951 non
1275 1931 1354 1958 posse
1369 1931 1483 1958 regnum
1501 1923 1548 1949 Dei
1566 1921 1667 1954 sortiri,
1685 1929 1739 1948 non
1760 1921 1840 1956 205

1049 1974 1091 1997 est
1101 1970 1153 1997 hoc
1166 1969 1239 2005 quod
1250 1969 1417 2004 conspicitur
1428 1976 1536 2003 corpus,
1548 1967 1601 1994 hoc
1610 1967 1683 1994 enim
1696 1975 1710 1994 a
1720 1966 1775 1993 Deo
1786 1966 1842 1993 f0:-

1050 2021 1153 2043 matum
1163 2019 1215 2048 est,
1226 2015 1273 2043 sed
1287 2015 1426 2051 prudentia
1440 2015 1528 2041 carnis
1540 2013 1589 2049 (5),
1605 2021 1674 2048 quae
1688 2017 1815 2039 movetur
1827 2021 1842 2040 ιι

208 2061 303 2088 τεϋθεν
315 2062 366 2098 ήδη
378 2062 553 2097 προσηλῶσαι
568 2063 641 2096 ἡμᾶς
651 2061 690 2096 τῷ
702 2062 810 2097 σταυρῷ
821 2062 855 2088 τὰ
867 2062 939 2097 πάθη
950 2062 997 2097 τῆς

1050 2061 1191 2096 spiritibus
1206 2060 1355 2095 nequitiae,
1370 2060 1413 2095 qui
1430 2063 1574 2094 operantur
1590 2059 1616 2085 in
1631 2057 1699 2093 filios
1720 2058 1834 2093 cli/[iden-

209 2106 347 2141 ἁμαρτίας
357 2106 425 2133 κατὰ
433 2106 482 2142 τὴν
497 2106 544 2132 τοῦ
561 2107 702 2141 προφήτου
715 2107 807 2141 εὐχήν·
820 2106 997 2141 καθήλωσον

1051 2107 1103 2133 tiae
1114 2106 1162 2142 (6).
1175 2107 1282 2134 Etenim
1304 2114 1359 2133 non
1383 2106 1507 2133 adversus
1525 2113 1632 2132 carnem
1645 2108 1668 2131 et
1680 2105 1837 2139 sanguinem

208 2153 242 2179 ὲκ
259 2153 313 2179 τοῦ
328 2153 423 2187 φόϐου
438 2161 495 2179 σου
512 2153 565 2185 τὰς
581 2151 698 2187 σάρκας
710 2161 780 2187 μου.
798 2152 866 2187 σὰρξ
880 2153 934 2189 γὰρ
954 2154 997 2180 καὶ

1051 2154 1178 2189 perlectis
1190 2154 1217 2180 in
1230 2153 1339 2181 Christo
1351 2152 1533 2180 certatoribus
1554 2156 1591 2179 est
1612 2151 1772 2183 collurtatio,
1795 2150 1840 2176 sed

209 2195 290 2233 αἷμα,
311 2199 376 2234 ’περὶΙ
390 2195 427 2225 ὧν
447 2198 520 2232 λέγει
536 2199 550 2225 ὁ
562 2198 708 2229 ἀπόστολος
726 2198 763 2233 μὴ
776 2198 906 2225 δύνασθαι
924 2199 997 2234 βασι-

1053 2200 1175 2227 adversus
1187 2200 1277 2226 mundi
1297 2204 1407 2226 rectores
1430 2199 1595 2226 tenebrarum
1617 2199 1722 2230 harum,
1747 2201 1840 2224 contra

209 2244 283 2271 λείαν
294 2244 357 2271 Θεοῦ
377 2244 590 2280 κληρονομῆσαι,
608 2245 638 2270 οὐ
655 2243 733 2271 τοῦτό
749 2245 807 2270 ἐστι
820 2243 851 2270 τὸ
863 2244 997 2280 ὁρώμενον

1057 2246 1208 2281 ερίήιυαίὶα
1221 2247 1352 2282 nequitiae

212 2298 300 2333 σῶμα·
315 2297 394 2325 τοῦτο
406 2298 460 2334 γὰρ
473 2298 525 2325 ὑπὸ
543 2297 604 2324 θεοῦ
628 2297 767 2333 ἐπλάσθη·
787 2298 853 2324 ἀλλὰ
871 2298 904 2324 τὸ
925 2299 1063 2334 φρόνημα
1074 2301 1128 2335 τῆς
1139 2302 1252 2336 σαρκὸς
1276 2301 1307 2327 τὺ
1335 2300 1493 2335 κινούμενον
1507 2298 1558 2325 ὑπὸ
1588 2297 1642 2324 τῶν
1676 2296 1839 2330 πνευμάτων

211 2343 259 2377 τῆς
282 2344 428 2380 πονηρίας,
454 2344 513 2371 τῶν
535 2344 736 2379 ἐνεργούντων
760 2344 822 2377 τοῖς
844 2345 919 2377 υἱοῖς
939 2345 996 2380 τῆς
1013 2347 1175 2381 ἀπειθείας.
1196 2349 1233 2375 οὐ
1265 2349 1319 2382 γὰρ
1355 2347 1431 2381 πρὸς
1448 2345 1519 2380 αἷμα
1543 2345 1592 2372 καὶ
1613 2345 1712 2377 σάρκα
1734 2345 1790 2374 τοῖς
1810 2344 1839 2368 ὲν

211 2389 322 2425 Χριστῷ
353 2389 466 2421 τελείοις
485 2390 651 2424 ἀγωνισταῖς
676 2390 696 2423 ἠ
722 2389 822 2423 πάλη,
849 2390 929 2417 ἀλλὰ
961 2392 1035 2425 πρὸς
1055 2393 1126 2426 τοὺς
1152 2392 1394 2428 κοσμοκράτορας
1420 2390 1474 2418 τοῦ
1501 2390 1631 2420 σκότους
1654 2387 1707 2414 τοῦ
1732 2387 1839 2419 αἰῶνος

210 2435 328 2469 τούτου,
344 2436 419 2469 πρὸς
432 2435 468 2462 τὰ
482 2435 668 2469 πνευματικὰ
684 2435 739 2469 τῆς
753 2436 908 2469 πονηρίας.

850 2491 979 2519 VARIAE
1000 2491 1203 2519 LECTIONES.

248 2536 268 2572 ‘)
287 2536 331 2563 Sic
346 2536 419 2568 cod.,
437 2532 493 2563 non
510 2535 602 2570 θεῑκῷ.
617 2537 690 2572 ——7')
706 2536 832 2569 Emend,
852 2537 912 2564 cod.
937 2537 1052 2572 μῆτραν.
1070 2537 1138 2572 -³)
1159 2537 1203 2564 Sic
1217 2536 1290 2568 cod.,
1307 2543 1361 2572 non
1383 2533 1475 2572 θεῑκῷ.
1489 2548 1524 2553 -
1536 2532 1695 2572 ‘)_Em_end.,
1716 2532 1776 2559 cod.
1797 2532 1836 2572 ῖό,

210 2567 338 2610 —‘)_Sio
357 2572 431 2610 cod,
460 2572 530 2598 forte
553 2567 670 2610 anonég‘l
681 2567 716 2592 '—
728 2572 750 2606 θ)
860 2581 925 2610 μου,
937 2567 943 2572 ’
1026 2567 1135 2600 θιιάριι]’
1148 2580 1191 2610 m._
1209 2567 1302 2610 supra
1317 2570 1408 2610 adscr.
1419 2567 1533 2610 literato
1548 2567 1763 2610 'ﬂhsignumquc'
1782 2567 1823 2594 cir

212 2601 475 2669 curn’ﬂcxéssyllabae
491 2615 540 2642 μου
554 2601 695 2641 imposuit,
720 2601 792 2633 unde
814 2601 890 2641 ἡμῶν
907 2607 1052 2642 legendum
1071 2615 1130 2635 esse
1150 2601 1314 2634 existimavi.
1331 2620 1365 2627 ρ-
1382 2604 1404 2640 ⁷)
1417 2603 1474 2632 Cod
1510 2601 1631 2636 εἰςέλθω,
1647 2602 1694 2630 scd
1715 2601 1777 2630 ead.
1798 2610 1837 2629 m.

212 2650 319 2678 supraa
354 2649 393 2669 cr.
409 2650 484 2677 ομεν.
1550 2657 1557 2663 ,

971 2696 1096 2725 NOTAE.

248 2745 286 2781 lI)
305 2745 367 2772 Isai.
380 2745 449 2777 LXI,
467 2746 510 2772 I0.
1089 2746 1126 2781 (ἦ)
1137 2746 1216 2773 Rom.
1229 2745 1297 2775 VIII.
1317 2746 1342 2771 6.

260 2746 286 2778 I)
305 2746 367 2772 Isai.
380 2746 449 2777 LXI,
467 2746 510 2772 I0.
1089 2746 1115 2781 (ἦ
1137 2746 1216 2773 Rom.
1229 2746 1297 2775 VIII.

258 2780 285 2812 2)
302 2781 401 2807 Psalm.
415 2781 494 2812 XLII,
506 2782 532 2808 ι.
1087 2746 1126 2815 lli;
1143 2782 1211 2815 Eph.
1227 2781 1259 2810 Il.
1278 2781 1304 2807 ‘2.

261 2817 286 2852 τ)
304 2816 324 2852 u
337 2816 400 2852 cor.
421 2816 456 2852 at,
471 2817 497 2842 π.
515 2817 540 2842 ιι.
552 2816 579 2852 ,3.
1088 2813 1125 2852 (τ)
1140 2813 1207 2851 uim.
1226 2816 1268 2847 Vl,
1286 2816 1324 2842 ιε.

261 2851 287 2885 Λα)
304 2851 401 2877 Psalm.
414 2851 529 2882 CXVIII,
549 2851 607 2877 I20.
1093 2848 1097 2852 “
1118 2848 1121 2851 ’
1162 2848 1169 2851 “
1586 2848 1599 2862 ‘

333 2898 466 2929 PATROL.
490 2901 547 2930 Gn.
569 2899 699 2929 XXXIV.
1545 2891 1581 2923 14
