2067 3149
262 137 312 164 449

886 133 914 161 S.
935 133 1075 161 MACARII
1094 133 1254 160 AEGYPTII

1831 132 1884 161 ιεο

297 195 399 228 Quodsi
411 195 581 226 conlitemur,
595 201 650 221 non
664 193 815 220 naturalem
831 200 890 220 esse
906 193 1041 228 operatio-

1128 192 1160 218 Εἰ
1174 190 1220 219 οὖν
1239 192 1432 227 ὁμολογοῦμεν,
1459 191 1496 228 μὴ
1517 191 1634 227 φυσικὴν
1649 188 1718 217 εἶναι
1742 190 1791 225 τὴν
1806 191 1883 226 ὲνέρ-

261 250 323 269 nem
341 242 429 273 istam,
441 241 489 268 sed
510 241 724 268 adversariarum
732 239 1045 274 virtutum,poterimus,

260 292 370 317 accepta
396 287 527 313 adversus
549 294 596 313 eas
620 290 760 313 armatura
783 285 895 317 Christi,
920 285 1046 312 resistere

260 340 354 360 carum
367 332 523 367 insidiis“),
539 332 657 359 donante
680 331 759 359 nobis
771 335 930 366 potestatem
953 331 1046 358 Salva-

262 382 320 404 tore
338 376 457 403 colcandi
468 384 549 411 supra
560 381 691 410 serpentes
712 380 736 402 et
759 375 904 409 scorpiones
925 379 948 400 et
970 382 1047 408 super

261 430 363 448 omnem
381 422 502 447 virtutem
518 421 666 448 adversarii
677 420 733 455 (“2);
748 425 777 447 ιιι
794 419 943 446 audeamus
957 418 1047 445 dicere

261 467 327 494 dum
344 467 370 493 in
383 474 463 493 carne
479 474 573 493 sumus
585 475 591 492 :
605 466 775 501 [iniquitatem
791 466 813 492 si
822 466 910 500 aspexi
921 466 947 491 in
961 465 1046 496 corde,

262 521 314 539 non
328 512 448 539 exaudiet
459 511 583 538 Dominus
596 511 645 546 (3);
659 516 686 538 et
698 520 704 537 :
717 510 780 538 Sine
790 511 932 546 iniquitate
945 510 1048 536 cucurri

261 563 286 585 et
295 559 377 584 direxi
385 558 446 593 (4)),
456 557 482 584 id
491 562 543 589 est,
557 557 615 584 sine
626 557 723 584 allcetu
736 556 852 591 quodam
865 556 964 583 carnali
976 556 1047 582 viam

262 603 388 631 coclestis
411 602 624 630 conversationis
644 602 722 629 facile
741 601 888 636 ingredior,
915 601 949 627 ad
971 600 1048 626 desti-

262 653 355 676 natum
380 657 546 684 persequens,
572 649 606 674 ad
634 648 753 674 braeium
780 655 908 682 supernae
932 646 1048 673 vocatio-

262 695 302 721 nis
315 693 364 729 (5).
379 693 420 720 Ab
433 693 507 720 omni
519 693 591 720 enim
606 692 704 719 affectu
721 692 866 719 abalienati
887 691 1049 718 audebimus

262 739 369 766 dicere:
382 746 438 765 non
450 738 531 765 modo
540 738 618 772 ﬁdem
638 738 748 769 servavi,
773 737 821 764 sed
842 737 923 764 etiam
943 745 1048 763 cursum

261 784 439 811 consummavi
451 783 499 820 (6).
515 784 609 819 Neque
628 784 701 810 enim
719 783 830 810 credere
843 783 930 810 solum
941 787 1049 818 oportet

261 831 378 861 Christo,
397 830 444 856 sed
467 829 548 856 etiam
578 829 633 863 pati
654 836 715 855 eum
739 836 783 860 eo,
811 828 961 855 secundum
981 827 1048 854 illud

261 876 334 911 quod
350 875 453 902 dictum
472 879 514 902 est
526 884 532 901 :
547 875 620 902 Vobis
632 875 701 902 enim
714 874 841 901 donatum
852 878 888 900 est
902 881 954 900 non
963 872 1048 900 solum

262 927 290 949 ut
302 923 328 948 in
342 921 474 949 Christum
485 920 607 953 credatis,
619 921 665 947 sed
680 924 709 946 ut
726 920 805 946 etiam
826 927 874 954 pro
892 918 938 945 illo
961 919 1049 954 patia-

263 967 327 994 mini
349 967 398 1002 (7).
419 966 485 993 Nam
504 965 594 993 solum
619 965 730 992 credere
749 965 804 992 Deo
825 971 919 991 eorum
941 968 982 991 est
1001 964 1049 998 qui

263 1017 370 1039 terrena
384 1011 502 1046 sapiunt,
520 1018 554 1037 ne
579 1009 668 1037 dicam
692 1014 720 1037 et
743 1009 947 1036 immundorum
967 1009 1049 1044 spiri-

262 1060 340 1082 tuum
360 1055 407 1090 qui
431 1054 544 1081 dicunt:
565 1053 665 1081 Scimus
690 1059 714 1081 te
737 1055 780 1089 qui
795 1055 842 1086 sis,
865 1053 904 1088 [ili
928 1053 976 1081 Dei
999 1054 1047 1090 (8).

262 1101 384 1136 Utraque
396 1100 469 1128 enim
484 1108 547 1135 pars
560 1100 669 1127 inimica
682 1105 724 1127 est
736 1099 826 1127 crucis
841 1099 961 1132 Christi;
983 1108 1050 1135 quo-

262 1155 322 1174 rum
333 1146 394 1180 ﬁnis
405 1146 536 1178 interitus,
552 1153 664 1180 quorum
677 1145 746 1172 Deus
765 1149 852 1171 venter
868 1149 904 1171 est
923 1149 946 1171 et
963 1144 1050 1180 gloria

262 1193 290 1218 in
310 1191 458 1226 confusione
473 1191 590 1225 ipsorum
614 1190 659 1224 qui
682 1194 786 1216 terrena
807 1189 914 1224 sapiunt
929 1189 977 1224 (9).
1003 1189 1049 1216 Vi-

263 1236 358 1268 desne,
385 1243 440 1262 non
463 1239 568 1262 tantum
594 1234 758 1269 apostaticas
781 1234 898 1261 virtutes
925 1234 1050 1261 inimicos

263 1282 352 1310 crucis
365 1289 435 1314 esse,
448 1281 495 1308 sed
511 1285 539 1308 et
552 1288 599 1308 eos
611 1281 657 1316 qui
669 1285 779 1308 terrena
791 1281 919 1316 sapiunt?
930 1281 987 1308 Pati
1000 1289 1050 1308 au-

264 1333 317 1355 tem
330 1335 392 1354 cum
405 1327 515 1354 Christo
525 1331 553 1353 et
566 1326 765 1361 conglorilieari
787 1327 874 1353 solum
889 1334 982 1353 eorum
995 1330 1048 1358 est,

263 1373 310 1408 qui
323 1381 384 1400 sese
397 1372 591 1399 eruciﬁxerunt
615 1371 698 1398 rebus
719 1371 802 1402 huius
823 1371 928 1403 mundi,
948 1372 1050 1406 quique

265 1418 371 1446 Domini
387 1418 512 1452 stigmata
528 1418 556 1443 in
575 1417 688 1452 propriis
700 1417 850 1452 corporibus
861 1421 968 1452 portant
982 1417 1048 1452 (I0).

262 1463 377 1500 Oportet
387 1463 461 1490 enim
473 1471 532 1495 eos,
545 1462 591 1497 qui
605 1467 678 1489 recte
688 1463 875 1497 philosophari
890 1467 1000 1494 norunt,
1012 1467 1051 1489 at-

263 1517 317 1546 que
330 1508 436 1536 animas
450 1517 484 1535 ex
495 1508 614 1535 malitiae
636 1507 850 1542 inquinamentis
867 1507 1050 1538 redemerunt,

264 1558 391 1582 accurate
406 1553 476 1581 scire
493 1552 683 1588 philosophiae
699 1551 791 1584 ﬁnem,
804 1557 835 1579 ut
846 1552 954 1587 cognito
966 1557 993 1579 et
1010 1553 1053 1579 iti-

264 1599 339 1627 neris
360 1598 454 1626 labore
475 1603 503 1625 et
528 1605 625 1625 cursus
645 1597 773 1628 termino,
799 1604 895 1624 omnes
926 1597 1055 1625 deiiciant

264 1643 421 1679 superbiam
432 1647 459 1670 et
472 1642 661 1678 gloriationem
676 1641 710 1668 de
723 1641 803 1669 bonis
817 1642 898 1677 206
912 1642 1053 1677 operibus,

264 1692 345 1722 atque
358 1687 476 1714 animam
495 1694 572 1713 suam
589 1694 643 1713 una
655 1694 718 1713 cum
729 1686 785 1712 vita
798 1686 949 1713 secundum
973 1695 1054 1722 prae-

264 1737 375 1768 ceptum
390 1732 549 1767 Scripturae
563 1731 759 1767 abnegantesU
767 1731 792 1766 I)
802 1739 885 1758 unum
895 1731 1054 1759 intueantur

266 1779 441 1811 thesaurum,
469 1786 551 1812 quem
576 1777 731 1804 dilectionis
753 1777 781 1804 in
804 1777 944 1805 Christum
973 1785 1053 1812 prae-

262 1824 349 1852 mium
362 1823 541 1859 diligentibus
554 1823 697 1858 proposuit
709 1823 790 1855 Deus,
813 1831 913 1850 vocans
932 1823 966 1850 ad
989 1831 1052 1850 eum

263 1877 358 1899 omnes
375 1869 421 1906 qui
440 1873 579 1896 certamen
600 1868 751 1903 accipiendi
774 1867 906 1904 [crucem]
927 1868 1053 1896 lubenter

263 1917 383 1944 subeunt
394 1926 400 1943 :
414 1914 515 1952 quibus
525 1913 624 1943 sufﬁcit
635 1914 669 1941 ad
680 1914 813 1941 eiusmodi
822 1914 977 1941 certaminis
988 1922 1052 1941 cur-

264 1971 324 1990 sum
334 1963 463 1990 viaticum
476 1971 542 1990 crux
560 1960 674 1994 Christi,
696 1967 777 1995 quam
802 1967 864 1987 cum
883 1960 1052 1987 iucunditate

264 2011 389 2046 bonaque
405 2018 452 2045 spe
468 2014 606 2045 portantes
619 2009 695 2044 sequi
706 2014 818 2035 necesse
829 2011 871 2033 est
884 2006 1051 2033 Salvatorcm

264 2055 360 2087 Deum,
374 2055 459 2089 legem
472 2058 499 2081 et
511 2054 580 2080 riam
596 2045 667 2080 vitae
681 2053 812 2080 facientes
824 2050 897 2079 illius
908 2050 1052 2086 dispensa-

265 2101 376 2128 tionem.
393 2100 469 2127 Sicut
485 2099 553 2126 dixit
573 2099 630 2134 ipse
643 2098 805 2133 Apostolus:
829 2098 975 2124 imitatores
998 2096 1049 2124 mei

264 2150 354 2176 estote,
369 2144 435 2170 sicut
445 2147 468 2170 et
478 2151 524 2178 ego
534 2142 629 2170 Christi
638 2143 708 2177 (ιο),
721 2146 748 2168 et
758 2149 854 2168 rursus
866 2149 872 2167 :
888 2149 934 2176 per
949 2142 1051 2175 patien-

1096 246 1173 272 γειαν
1195 238 1305 273 ταύτην,
1322 238 1378 264 ἀλλ’
1395 239 1427 265 ὲκ
1444 238 1499 264 τῶν
1521 236 1885 271 ἀντικειμένωνιδυνάμεων,

1095 284 1278 319 δυνησόμεθα,
1303 285 1363 310 κατ’
1384 283 1473 310 αὐτῶν
1495 283 1673 314 ἀναλαϐόντες
1693 282 1743 317 τὴν
1766 282 1885 317 Χριστοῦ

1096 330 1277 362 πανοπλίαν,
1292 330 1448 364 ἀντιστῆναι
1462 329 1526 361 ταῖς
1538 329 1707 363 μεθοδείαις
1720 327 1820 359 αὐτῶν,
1835 328 1886 354 δω-

1098 375 1228 410 ρουμένου
1242 376 1307 410 ἡμῖν
1323 375 1436 409 δύναμιν
1450 374 1496 400 τοῦ
1511 375 1632 410 σωτῆρος
1649 373 1717 409 πρὸς
1731 373 1762 400 τὸ
1781 373 1886 400 πατεῖν

1097 421 1170 456 ἡμᾶς
1186 420 1285 447 ἐπάνω
1301 421 1397 455 ὄφεων
1416 421 1464 447 καὶ
1483 420 1637 454 σκορπίων
1653 420 1701 446 καὶ
1715 419 1764 446 ἐπὶ
1781 419 1886 446 πᾶσαν

1097 465 1155 498 τὴν
1168 465 1295 500 δύναμιν
1308 466 1354 492 τοῦ
1368 465 1564 500 ἀντικειμένου·
1580 465 1624 491 ἴνα
1638 464 1785 500 θαρρῶμεν
1796 464 1885 499 λέγειν

1097 511 1126 537 ὲν
1140 511 1221 545 σαρκὶ
1237 512 1322 542 ὄντες·
1337 511 1457 538 ἀδικίαν
1469 511 1496 537 εὶ
1509 510 1656 544 ἐθεώρουν
1666 511 1700 537 ὲν
1713 510 1829 544 καρδίᾳ,
1841 510 1885 545 μὴ

1097 555 1303 582 εἰσακουσάτω
1317 555 1427 588 κύριος.
1447 554 1505 581 καιν
1524 555 1598 582 ἄνευ
1617 555 1744 588 ἀνομίας
1758 555 1887 590 ἔδραμον

1098 600 1148 627 καὶ
1162 601 1338 627 κατεύθυνα·
1354 600 1426 627 τοῦτ’
1442 600 1524 633 ἔστιν,
1541 601 1606 628 ἄνευ
1621 601 1722 632 πάθους
1733 600 1805 632 τινος
1821 610 1887 637 σαρ-

1098 646 1176 672 κικοῦ
1193 646 1241 681 τὴν
1258 647 1287 672 ὲν
1300 646 1423 680 οὐρανοῖς
1436 645 1572 673 πολιτείαν
1587 646 1685 681 ῥᾳδίως
1701 646 1796 681 βαίνω,
1811 646 1888 674 κατὰ

1098 691 1216 718 σκοπὸν
1229 690 1342 718 διώκων
1348 691 1396 718 ἐπὶ
1407 691 1440 717 τὸ
1448 691 1591 725 βραϐεῖον
1601 691 1654 725 τῆς
1664 691 1725 718 ἅνω
1738 691 1886 726 κλήσεως.

1100 735 1200 766 παντὸς
1223 735 1278 770 γὰρ
1295 734 1397 767 πάθους
1415 735 1638 771 ἀλλοτριωθέντες
1651 735 1830 772 τολμήσωμεν
1844 736 1888 763 λέ-

1098 789 1165 816 γειν’
1183 782 1213 807 οὐ
1232 782 1311 816 μόνον
1325 781 1382 814 τὴν
1394 783 1498 808 πίστιν
1512 782 1670 816 τετήρηκα,
1688 781 1757 808 ἀλλὰ
1770 783 1817 809 καὶ
1833 782 1888 810 τὸν

1098 827 1210 862 δρόμον
1220 827 1371 854 τετέλεκα.
1379 829 1409 854 οὺ
1418 828 1472 863 γὰρ
1483 828 1620 855 πιστεύειν
1631 828 1711 864 μόνον
1720 828 1760 862 δεῖ
1766 829 1886 864 Χριστῷ,

1064 861 1085 890 Β
1099 871 1167 898 ἀλλὰ
1182 872 1228 898 καὶ
1241 872 1411 907 συμπάσχειν
1423 861 1507 908 αὐτῷ,
1522 873 1593 900 κατὰ
1604 861 1637 900 τό
1647 861 1800 916 εὶρημξνονί
1815 861 1888 909 ὑμῖν

1099 918 1154 953 γὰρ
1165 918 1309 952 ἐχαρίσθη
1323 919 1359 945 οὐ
1367 920 1463 953 μόνον
1478 919 1511 946 τὸ
1526 922 1570 952 εἰς
1582 919 1710 953 Χριστὸν
1723 920 1886 952 πιστεύειν,

1099 964 1180 991 ἀλλὰ
1192 964 1240 990 καὶ
1263 964 1297 990 τὸ
1317 964 1393 998 ὑπὲρ
1413 965 1506 992 αὐτοῦ
1524 965 1665 999 πάσχειν.
1683 964 1714 991 τὸ
1737 965 1792 1000 γὰρ
1807 965 1887 1000 μόνον

1101 1008 1240 1035 πιστεύειν
1255 1008 1308 1044 θεῷ
1319 1009 1373 1035 τῶν
1387 1009 1421 1036 τὰ
1437 1010 1546 1043 ἐπίγεια
1561 1009 1731 1044 φρονούντων
1744 1009 1828 1042 ἐστίν,
1844 1011 1888 1038 ἴνα

1102 1054 1140 1089 μὴ
1163 1054 1245 1088 λέγω,
1261 1054 1302 1081 ὅτι
1321 1054 1369 1082 καὶ
1390 1054 1444 1081 τῶν
1461 1055 1624 1090 ἀκαθάρτων
1649 1055 1810 1090 πνευμάτων
1834 1055 1888 1082 τῶν

1100 1100 1241 1134 λεγόντων·
1255 1101 1378 1135 οἴδαμέν
1387 1109 1425 1128 σε
1441 1102 1486 1134 τίς
1499 1099 1536 1134 εἶ,
1546 1101 1593 1129 υἱὲ
1607 1101 1660 1129 τοῦ
1674 1101 1753 1129 θεοῦ·
1769 1101 1889 1137 ἑκάτερα

1100 1147 1154 1182 γὰρ
1173 1147 1207 1173 τὰ
1224 1147 1294 1182 μέρη
1310 1147 1395 1184 ἐχθρὰ
1409 1148 1525 1183 ὑπάρχει
1545 1148 1593 1175 τοῦ
1612 1147 1728 1184 σταυροῦ
1740 1147 1787 1175 τοῦ
1803 1149 1888 1184 Χρισ-

1101 1192 1148 1219 τοῦ
1159 1201 1165 1207 ·
1180 1189 1224 1219 ὧν
1235 1192 1267 1219 τὸ
1276 1192 1363 1226 τέλος
1371 1193 1513 1225 ἀπώλεια,
1527 1190 1569 1220 ὧν
1582 1195 1598 1221 ὀ
1609 1194 1676 1227 θεὸς
1687 1194 1706 1227 ἡ
1717 1194 1825 1227 κοιλία,
1841 1194 1890 1221 καὶ

1100 1238 1120 1270 ἡ
1135 1237 1210 1269 δόξα
1226 1238 1262 1264 ἐν
1280 1237 1317 1271 τῇ
1327 1238 1459 1272 αἰσχύνῃ
1474 1238 1583 1270 αὐτῶν,
1599 1239 1625 1265 οὶ
1641 1239 1679 1265 τὰ
1693 1239 1808 1273 ἐπίγεια
1820 1247 1890 1273 φρο-

1100 1282 1234 1315 νοῦντες.
1249 1283 1326 1318 ὁρᾷς,
1338 1282 1379 1309 δτι
1390 1283 1419 1308 οὺ
1440 1283 1520 1317 μόνον
1532 1283 1560 1309 αἱ
1570 1284 1750 1310 ἁποστατικαὶ
1762 1283 1889 1318 δυνάμεις

1101 1327 1193 1363 ἐχθροὶ
1207 1327 1254 1354 τοῦ
1269 1328 1385 1364 σταυροῦ
1398 1329 1587 1364 τυγχάνουσιν,
1602 1329 1669 1356 ἀλλὰ
1681 1331 1730 1356 καὶ
1744 1331 1768 1356 οἱ
1782 1329 1815 1356 τὰ
1830 1330 1890 1356 ἑπι-

1101 1381 1162 1407 γειει
1176 1373 1351 1409 φρονοῦντες
1367 1374 1396 1401 τὺ
1411 1374 1439 1400 δὲ
1457 1375 1627 1409 συμπάσχειν
1644 1375 1754 1410 Χριστῷ
1767 1375 1814 1401 καὶ
1828 1383 1891 1401 συν-

1101 1419 1260 1452 δοξάζεσοαι
1284 1419 1363 1455 μόνον
1382 1420 1437 1446 τῶν
1461 1421 1574 1452 ἑαυτοὺς
1598 1421 1814 1456 σταυρωσάντων
1835 1420 1890 1447 τῶν

1101 1464 1148 1491 τοῦ
1166 1465 1268 1500 κόσμου
1282 1465 1376 1491 τούτου
1393 1465 1441 1491 καὶ
1455 1465 1490 1492 τὰ
1507 1465 1560 1492 τοῦ
1576 1466 1681 1499 κυρίου
1695 1466 1843 1500 στίγματα
1856 1466 1890 1492 ἐν

1103 1510 1165 1544 τοῖς
1174 1511 1292 1544 οἰκείοις
1302 1510 1420 1546 σώμασι
1427 1510 1641 1543 βασταζόντων
1652 1512 1671 1547 ¹)
1683 1512 1766 1539 ἐστίν.
1784 1512 1825 1538 δεῖ
1837 1511 1890 1547 γὰρ

1104 1556 1166 1587 τοὺς
1181 1555 1267 1590 ὀρθῶς
1282 1556 1436 1590 φιλοσοφεῖν
1450 1557 1615 1590 ἐγνωκότας,
1633 1557 1741 1589 καὶτὰς
1753 1557 1842 1592 ψυχὰς
1858 1558 1891 1584 ὲκ

1105 1601 1159 1627 τῶν
1173 1602 1221 1636 τῆς
1247 1602 1346 1633 κακίας
1364 1602 1509 1638 μολυσμῶν
1530 1603 1747 1638 λυτρουμένους,
1769 1604 1891 1639 ἅκριόὢς

1104 1646 1203 1673 ειδέναι
1213 1647 1258 1673 τὸν
1269 1649 1317 1682 τῆς
1327 1648 1485 1682 φιλοσοφίας
1498 1650 1606 1682 σκοπόν,
1620 1650 1693 1682 ὅπως
1703 1650 1892 1685 μεμαθηκότες

1104 1693 1152 1727 τῆς
1166 1701 1196 1719 τε
1212 1694 1324 1728 πορείας
1339 1695 1385 1721 τὸν
1403 1695 1494 1726 πόνον,
1512 1695 1559 1722 καὶ
1578 1696 1624 1723 τοῦ
1640 1696 1740 1731 δρόμου
1760 1697 1790 1723 τὸ
1805 1697 1892 1732 πέρας

1105 1739 1204 1774 ρίψωσι
1221 1740 1270 1774 μὲν
1283 1740 1382 1771 πάντες
1394 1741 1443 1776 τὴν
1454 1738 1608 1773 αὐθάδειαν,
1622 1743 1669 1769 καὶ
1683 1743 1713 1768 τὸ
1723 1744 1831 1778 φρονεῖν
1845 1742 1892 1769 ἐπὶ

1103 1785 1159 1817 τοῖς
1181 1785 1389 1821 κατορθώμασι,
1412 1787 1462 1822 τήν
1483 1795 1513 1813 τε
1527 1788 1631 1814 ἑαυτῶν
1652 1788 1740 1823 ψυχὴν
1762 1789 1831 1823 μετὰ
1845 1788 1891 1816 τοῦ

1105 1829 1164 1865 βίου
1180 1830 1252 1857 κατὰ
1270 1831 1301 1858 τὸ
1322 1832 1486 1867 πρόσταγμα
1507 1833 1556 1868 τῆς
1577 1833 1686 1868 γραφῆς
1709 1832 1892 1868 ἀρνησάμενοι

1104 1875 1172 1911 πρὸς
1196 1876 1243 1903 ἕνα
1268 1876 1386 1911 βλέπωσι
1397 1877 1418 1913 ²)
1441 1877 1564 1910 πλοῦτον,
1587 1878 1616 1905 ὃν
1641 1878 1692 1913 τῆς
1716 1880 1755 1909 εἰς
1776 1878 1893 1914 Χριστὸν

1104 1921 1214 1957 ἀγάπης
1234 1919 1315 1948 ἆθλον
1329 1923 1386 1954 τοῖς
1405 1923 1548 1957 ἀγαπῶσιν
1568 1923 1666 1959 ἔθηκεν
1684 1925 1697 1950 ὁ
1712 1924 1782 1956 θεός,
1803 1923 1894 1951 χαλῶν

1103 1968 1144 1998 εἰς
1158 1967 1239 1994 αὐτὸν
1255 1967 1358 1999 πάντας
1374 1969 1435 2000 τοὺς
1448 1969 1494 1996 τὸν
1514 1969 1608 2002 ἀγῶνα
1618 1969 1666 1996 τοῦ
1680 1969 1774 1996 λαϐεῖν
1788 1970 1892 2005 προθύ-

1105 2020 1163 2046 μως
1178 2012 1387 2047 ὑφισταμένους·
1403 2010 1444 2045 οἷς
1452 2013 1563 2048 ἐξαρκεῖ
1572 2014 1641 2049 πρὸς
1654 2015 1703 2049 τὴν
1714 2014 1762 2041 τοῦ
1772 2014 1892 2041 τοιούτου

1102 2058 1213 2091 πορείαν
1224 2057 1349 2092 ἑφόδιονὸ
1367 2060 1483 2093 σταυρὸς
1505 2060 1551 2086 τοῦ
1577 2060 1707 2094 Χριστοῦ,
1727 2060 1756 2087 ὃν
1772 2060 1814 2087 δεῖ
1833 2051 1894 2095 μετ’

1103 2102 1273 2138 εὐφροσύνης
1287 2104 1334 2129 καί
1347 2104 1451 2140 ἀγαθῆς
1465 2106 1572 2137 ἐλπίδος
1585 2105 1767 2139 βαστάζοντας
1779 2106 1893 2133 ἀκολου-

1104 2148 1161 2174 Θεῖν
1175 2148 1213 2183 τῷ
1230 2149 1332 2184 σωτῆρι
1350 2149 1418 2185 θεῷ,
1435 2151 1516 2185 νόμον
1542 2153 1590 2178 καὶ
1611 2152 1670 2178 ὁδὸν
1689 2151 1736 2178 τοῦ
1760 2151 1818 2187 βίου
1843 2152 1893 2187 τὴν

265 2190 331 2216 tiam
349 2196 477 2215 currimus
491 2189 524 2214 ad
539 2187 700 2222 propositum
718 2186 788 2212 nobis
799 2189 941 2217 certamen,
958 2185 1048 2220 adspi-

1105 2193 1208 2220 ἐκείνου
1223 2194 1378 2228 ποιούμενοι
1391 2197 1547 2231 οἰκονομίαν
1561 2203 1568 2211 ·
1580 2195 1671 2229 καθὼς
1688 2196 1764 2225 εἶπεν
1785 2198 1867 2229 αὐτὸς
1878 2199 1893 2224 ὁ

264 2234 360 2260 cientes
374 2233 402 2259 in
417 2237 549 2259 auctorem
563 2231 625 2265 ﬁdei
645 2236 669 2257 et
689 2234 927 2257 consummatorem
948 2230 1048 2262 Iesum,

265 2279 310 2313 qui
326 2278 456 2313 proposito
467 2277 515 2304 sibi
530 2276 626 2312 gaudio
640 2276 764 2303 sustinuit
778 2283 890 2307 crucem,
903 2276 1054 2310 confusione

265 2327 423 2358 contempta,
438 2327 516 2357 atque
526 2323 553 2348 in
565 2322 673 2348 dextera
686 2321 754 2348 sedis
771 2321 817 2348 Dei
827 2321 895 2348 sedet
905 2322 971 2358 (15).
985 2322 1052 2350 Nam

266 2369 444 2395 metuendum
458 2372 510 2399 est,
523 2375 557 2394 ne
567 2367 647 2394 donis
662 2375 677 2394 a
692 2366 796 2401 Spiritu
808 2367 927 2402 acceptis
939 2367 1013 2399 elati,
1026 2373 1054 2395 et

267 2418 340 2441 recte
352 2413 476 2440 iaciendo
488 2412 592 2447 aliquid
607 2421 656 2439 aer
669 2413 799 2439 virtutem
815 2413 986 2440 occasionem
1007 2421 1053 2441 ar-

1105 2239 1263 2271 ἀπόστολος·
1273 2242 1400 2274 μιμηταί
1408 2250 1468 2275 μου
1477 2243 1606 2276 γίνεσθε,
1619 2244 1716 2277 καθὼς
1731 2244 1812 2278 κάγὼ
1827 2245 1894 2277 Χρι-

1106 2283 1191 2310 στοῦ.
1208 2284 1255 2310 καὶ
1270 2285 1360 2312 πάλιν·
1373 2285 1410 2312 δι’
1429 2287 1585 2322 ὑπομονῆς
1598 2289 1741 2323 τρέχομεν
1756 2289 1809 2315 τὸν
1824 2297 1895 2323 ,προ-

1107 2327 1245 2361 κείμενον
1271 2328 1343 2362 ἡμῖν
1367 2328 1477 2363 ἀγῶνα,
1498 2330 1669 2364 ἀφορῶντες
1695 2333 1739 2364 εὶς
1761 2332 1814 2358 τὸν
1840 2332 1895 2365 τῆς

1109 2371 1239 2405 πΙστεως
1255 2373 1388 2408 ἀρχηγὸν
1400 2374 1450 2401 καὶ
1465 2376 1624 2410 τελειωτὴν
1644 2377 1775 2410 Ἰησοῦν,
1786 2377 1820 2410 ὃς
1829 2377 1895 2405 ἀντι

1107 2415 1161 2450 τῆς
1176 2418 1374 2452 προκειμένης
1391 2419 1472 2452 αὐτῷ
1487 2421 1583 2455 χαρᾶς
1597 2421 1733 2457 ὑπέμεινε
1749 2423 1893 2457 σταιφόν,

910 2491 1039 2519 VARIAE
1057 2492 1257 2524 LLCTIONES.

315 2540 334 2576 ί)
350 2540 416 2567 Cod.
428 2538 647 2571 βασταζόντων,
661 2539 708 2566 sed
721 2539 780 2566 ead.
797 2547 833 2566 in.
846 2547 918 2567 corr.
928 2540 1049 2571 ,βασταξ

1100 2550 1158 2568 των.
1172 2559 1206 2563 -
1223 2546 1232 2559 ¹
1246 2545 1372 2576 Emend,
1387 2546 1448 2573 cod.
1466 2547 1603 2581 βλέπουσι.

1025 2588 1150 2616 NOTAE.

318 2633 343 2667 ι)
359 2633 429 2667 Eph.
447 2633 491 2664 vr,
507 2633 550 2659 ιι.
566 2633 608 2659 15.

316 2667 343 2699 2)
362 2668 428 2694 Luc.
444 2667 478 2699 Χ,
494 2668 536 2695 19.

317 2703 344 2733 3)
361 2703 460 2730 Psahu.
477 2703 555 2733 LXV,
575 2703 618 2731 I8.

317 2738 343 2770 4)
360 2738 459 2764 Psalnl.
478 2738 567 2770 LVIII,
583 2739 609 2765 5.
640 2763 643 2766 .

317 2773 344 2806 5)
363 2772 433 2799 Phil.
449 2773 493 2804 Ill,
511 2773 554 2800 ιι,

317 2807 343 2839 6)
361 2807 382 2834 Il
397 2808 466 2834 Tim.
482 2809 524 2839 IV,
541 2809 566 2834 7.

319 2843 344 2874 7)
362 2843 430 2869 I’ItiI.
445 2844 463 2874 I,
481 2844 525 2870 2‘).

1149 2636 1187 2671 (8)
1208 2638 1274 2665 Luc.
1291 2639 1335 2671 IV.
1349 2641 1393 2667 54.

1158 2673 1184 2702 Ω)
1206 2673 1276 2700 Phil.
1290 2675 1335 2706 III,
1351 2675 1394 2701 19.

1162 2707 1200 2740 Itl)
1219 2708 1260 2735 (ΖΓ.
1277 2709 1336 2737 Gal.
1356 2711 1401 2741 VI,
1415 2711 1457 2737 I7.

1221 2743 1302 2781 Matii.
1317 2745 1386 2781 XVI,
1405 2746 1440 2772 24
1454 2754 1494 2781 sq.
1511 2746 1577 2774 Luc.
1590 2747 1635 2777 IX.
1651 2748 1696 2776 24.

1148 2777 1202 2811 (I2)
1220 2778 1303 2805 ICor.
1317 2780 1359 2810 IV,
1377 2781 1417 2807 ili.

1148 2811 1203 2847 (ιδ)
1223 2813 1304 2840 ιιριπ.
1327 2815 1383 2847 xu,
1406 2815 1470 2842 με.
