2064 3152
207 152 258 181 421

942 153 1141 182 ΕΗΞΤΟΙΛΕ.

1774 154 1828 182 ιτς

207 210 358 244 αἰσχύνης
372 210 615 246 καταφρονήσας,
636 211 670 238 ἐν
684 211 766 245 δεξιᾷ
777 220 808 238 τε
822 213 874 239 τοῦ
888 213 983 246 θρόνοι

1046 213 1176 247 ripientes
1186 212 1362 247 superbiendi
1375 216 1402 240 et
1415 212 1560 248 gloriandi,
1574 212 1732 247 priusquam
1745 211 1772 239 in
1793 212 1826 239 ﬁ-

206 257 259 283 τοῦ
275 256 344 283 θεοῦ
358 256 538 291 κεκάθικεἾ.
554 257 613 288 δέος
628 257 692 293 γάρ,
711 259 748 293 μὴ
772 259 827 290 τοῖς
847 259 921 294 παρᾶ
944 258 992 285 τιιῦ

206 301 361 336 πνεύματος
369 302 528 337 δωρήμασιν
535 303 721 338 ἐπαιρόμενοι,
729 304 813 331 καὶτὸ
821 304 992 338 κατορθῶσαί

204 355 231 374 τι
241 347 275 374 δι’
287 347 387 383 ἀρετὴν
400 349 527 383 ἀφορμὴν
538 348 666 380 λαὸόντες
675 350 714 380 είς
724 349 755 376 τὸ
767 351 876 384 φρονεῖν
889 350 936 376 καὶ
949 358 993 376 σε-

207 393 352 428 μνύνεσθαι
365 414 372 425 ,
386 395 450 429 πρὶν
468 395 508 425 εις
523 394 600 426 τέλος
624 394 679 420 τῶν
692 394 877 430 ἐλπιζομένων
893 395 990 428 ἐλθεῖν,

204 439 365 474 ἐκπέσωμεν
380 440 402 474 ⁸)
426 439 476 474 τῆς
501 439 600 475 ὁρμῆς,
617 440 726 476 ἀχρεῖον
747 441 854 472 ἑαυτοῖς
877 441 925 468 καὶ
946 441 991 467 τὸν

204 485 372 519 προλαὸόντα
387 485 467 511 πόνον
488 487 522 521 τῇ
545 486 673 522 αὐθαδείᾳ
691 487 862 522 ποιήσαντες,
883 488 929 514 καὶ
944 488 991 514 ἀν-

204 531 273 563 άξιοι
285 531 414 566 φανέντες
424 533 472 567 τῆς
479 533 654 567 τελειότητος,
664 534 704 564 εὶς
711 533 744 568 ἢν
756 533 826 568 ήτοῦ
838 534 992 569 πνεύματος

203 577 326 604 εἵλκυσεν
341 579 415 612 ἡμᾶς
429 578 517 613 χάρις.
536 578 577 604 δεῖ
590 576 636 605 οὖν
652 579 776 614 μτῖδαμοῦ
789 580 834 606 τὸν
848 580 895 606 τοῦ
910 581 989 607 πόνου

203 623 278 648 τόνον
301 622 417 654 ἐκλύειν,
445 623 512 658 μηδέ
536 624 693 657 ἐξίστασθαι
717 625 772 652 τῶν
802 626 990 661 προκειμένων

202 668 326 703 ἀγώνων,
344 669 411 704 μηδὲ
426 671 481 701 τοῖς
496 670 620 701 κατόπιν,
638 670 665 696 εἴ
675 679 701 697 τι
716 671 883 706 πέπρακται,
907 681 990 698 σπου-

201 714 274 740 δαῖον
289 715 422 749 κατέχειν,
440 714 501 741 ἀλλ“
516 715 628 741 ἐκείνων
650 715 699 750 μὲν
723 715 807 752 λήθην
829 711 988 751 λαμῖδάνειν,

202 760 248 785 ἐπὶ
262 759 290 786 δέ
303 759 360 786 τῶν
378 759 549 794 ἔμπροσθεν
559 761 627 787 κατὰ
637 761 683 787 τὸν
697 762 845 788 ἀπόστολον
859 762 990 789 ἐπεκτει-

200 807 316 837 νεσθαι,
334 806 381 833 καὶ
398 807 549 842 συντρίϐειν
564 808 624 838 ταῖς
637 806 691 833 τῶν
701 808 791 834 πόνων
803 808 927 843 φροντίσι
939 808 989 843 τὴν

201 850 330 885 καρδίαν,
352 850 500 886 ἀκόρεστον
529 851 640 886 ἔχοντας
667 850 716 886 τὴν
744 851 794 886 τῆς
815 851 988 884 δικαιοσύνης

1043 268 1105 287 nem
1125 265 1218 286 rerum
1240 263 1408 293 speratarum
1431 259 1646 294 pervenerimus.
1669 259 1828 286 excidemus

1043 305 1144 336 studio.
1153 304 1280 332 inutilem
1293 305 1374 332 nobis
1385 305 1466 333 etiam
1483 309 1639 340 susceptum
1649 305 1770 332 laborem
1779 312 1826 331 su-

1042 351 1136 386 perbia
1160 351 1303 382 facientes,
1328 354 1411 385 atque
1435 350 1537 386 indigni
1558 353 1718 385 apparentes
1735 350 1827 385 perfe-

1041 395 1144 427 ctione,
1159 394 1186 422 in
1202 402 1282 430 quam
1303 394 1422 430 Spiritus
1435 395 1516 421 traxit
1529 402 1578 422 nos
1599 394 1694 429 gratia.
1714 394 1828 429 Oportet

1041 441 1125 476 igitur
1136 449 1271 476 nusquam
1283 441 1385 468 laboris
1393 441 1596 468 contentionem
1605 441 1727 473 dissolvi,
1737 447 1827 475 neque

1040 495 1091 514 nos
1102 487 1244 514 discedere
1256 495 1270 514 a
1286 487 1434 522 propositis
1453 487 1659 518 certaminibus,
1681 494 1769 521 neque
1793 487 1827 514 iis

1041 541 1110 568 quae
1123 537 1197 560 retro
1218 537 1291 564 sunt,
1317 533 1339 559 si
1363 532 1428 567 quid
1452 536 1542 559 actum
1570 532 1615 564 sit,
1638 532 1757 564 studere,
1777 533 1826 559 sed

1040 587 1136 607 eorum
1159 579 1325 607 oblivionem
1347 586 1454 614 capere,
1471 578 1505 605 ad
1535 586 1567 604 ea
1593 586 1653 604 vero
1674 586 1742 613 quae
1764 583 1825 605 sunt

1040 627 1129 660 priora
1144 625 1293 652 secundum
1307 624 1466 660 Apostolnm
1479 624 1616 650 extendere
1636 631 1682 650 nos
1693 624 1762 658 ipsos
1775 623 1824 658 (l),

1040 672 1219 706 laborumque
1237 672 1310 698 curis
1325 679 1372 698 cor
1388 675 1541 702 conterere.
1560 670 1690 697 habentes
1714 670 1824 696 insatia-

1039 718 1122 745 bilem
1143 717 1262 745 iustitiae
1289 716 1478 751 cupiditatem,
1509 723 1589 750 quam
1611 715 1697 742 solam
1719 715 1826 742 esurire

1039 763 1170 797 sitireque
1187 762 1289 789 debent
1309 763 1338 794 ii,
1365 761 1412 796 qui
1436 761 1469 788 ad
1490 760 1685 796 perfectionem
1716 761 1826 798 student

1038 806 1203 841 pertingere.
1219 805 1342 833 Humiles
1357 813 1407 832 nos
1419 809 1447 832 et
1458 805 1649 832 timidissimas
1662 803 1721 832 ﬁeri
1745 812 1826 840 opor-

1039 856 1088 884 tet,
1106 856 1201 887 utpote
1217 852 1264 886 qui
1281 851 1376 886 procul
1394 851 1480 878 simus
1496 859 1510 877 a
1524 850 1668 885 promissis
1690 851 1826 886 longeque

200 896 360 931 ὲπιθυμίαν,
379 894 413 932 ἦς
432 897 516 932 μόνης
535 898 587 933 χρὴ
604 897 698 932 πεινῇν
712 897 759 923 καὶ
776 896 855 932 διψῇν
870 897 933 928 τοὺς
946 898 983 929 εἰς

1037 897 1134 923 remoti
1151 904 1166 922 a
1183 896 1304 931 perfecta
1322 896 1424 923 Christi
1446 896 1602 923 dilectione.
1629 895 1697 922 Nam
1719 895 1752 929 is,
1777 896 1824 931 qui

199 942 230 968 τὸ
241 942 343 968 τέλειον
356 942 456 976 φθάσαι
469 942 628 977 ζητοῦντας.
644 942 787 974 ταπεινοὺς
800 942 841 968 δεῖ
853 942 901 969 καὶ
913 951 988 978 περι-

202 987 271 1019 δεεῖς
290 987 446 1023 γινομένους
462 988 499 1019 ὡς
520 988 613 1023 πόρρω
628 997 679 1014 που
704 987 759 1014 τῶν
775 988 987 1023 ἐπηγγελμένων

198 1034 382 1069 τυγχάνοντας
402 1033 449 1061 καὶ
469 1033 518 1069 τῆς
539 1034 644 1066 τελείας
667 1033 713 1060 τοῦ
737 1034 855 1070 Χριστοῦ
878 1034 986 1069 μακρὰν

198 1080 407 1116 ἀπῳκισμένους
429 1080 549 1115 ἀγάπης.
562 1081 577 1106 ό
591 1081 645 1116 γὰρ
658 1080 766 1116 ἐκείνης
775 1080 854 1116 ὲρῶν,
864 1081 987 1116 καὶπρὸς

197 1127 248 1162 τὴν
261 1127 317 1154 ἄνω
330 1127 435 1162 βλέπων
448 1127 614 1162 ἐπαγγελίαν
630 1127 664 1162 ³),
681 1126 743 1154 οὔτε
757 1127 905 1162 νηστεύων,
925 1127 986 1154 οὔτε

198 1173 357 1208 ἀγρυπνῶν,
372 1173 433 1200 οὔτε
449 1173 513 1200 ἄλλο
533 1182 560 1199 τι
572 1174 626 1200 τῶν
647 1173 696 1208 τῆς
712 1173 813 1208 ἀρετῆς
828 1173 986 1206 σπουδάζων

198 1219 304 1246 [σταται
322 1221 378 1251 τοῖς
399 1219 562 1255 προλαϐοῦσι
583 1219 792 1255 κατορθώμασιν
815 1219 983 1255 ἐπηρμένος·

197 1263 266 1290 ἀλλὰ
273 1263 371 1298 μεστὸς
380 1263 416 1291 ὢν
426 1264 472 1290 τοῦ
483 1264 555 1290 θείου
567 1264 660 1297 πόθου,
669 1264 718 1290 καί¹
726 1264 793 1300 πρὸς
799 1264 843 1290 τὸν
852 1265 984 1292 καλοῦντα

197 1310 331 1341 συντόνως
345 1309 461 1345 βλέπων,
473 1310 528 1336 πᾶν
544 1311 604 1344 μὲν,
618 1310 632 1336 ὅ
645 1318 672 1335 τι
682 1309 715 1336 ἂν
725 1309 902 1345 ἀγωνίσηται,
916 1310 985 1346 πρὸς

196 1355 227 1381 τὸ
239 1356 329 1390 τυχεῖν
346 1355 449 1382 ἐκείνου
464 1356 561 1390 μικρὸν
575 1356 682 1390 ἡγεῖται
697 1355 744 1382 καὶ
758 1355 812 1381 τῶν
825 1355 924 1382 ἄθλων.
941 1364 985 1390 φι-

196 1400 311 1427 λονεικεῖ
319 1401 347 1427 δέ
360 1401 440 1437 μέχρι
452 1401 502 1436 τῆς
511 1401 559 1428 τοῦ
572 1401 629 1436 βίου
638 1400 734 1427 τούτου
744 1401 882 1436 τελευτῆς,
894 1401 984 1433 πόνοις

196 1446 305 1478 πόνους,
322 1448 370 1474 καὶ
385 1447 485 1483 ἀρετὰς
500 1448 612 1482 ἂρεταῖς
624 1447 777 1480 συνάπτων,
796 1447 891 1483 μέχρις
902 1447 936 1474 ἂν
945 1447 985 1474 τί-

198 1501 258 1527 μιον
271 1492 368 1519 ἑαυτὸν
383 1492 421 1528 τῷ
437 1492 490 1528 θεῷ
515 1494 673 1529 καταστήσῃ
689 1492 733 1519 διὰ
748 1493 802 1519 τῶν
818 1493 918 1528 ἔργων,
933 1493 983 1519 οὐκ

195 1536 265 1572 ἔχων
284 1537 313 1563 ἐν
327 1536 366 1572 τῷ
381 1537 510 1563 συνειδότι
530 1536 560 1564 τδ
582 1537 702 1572 νομίζειν
727 1537 802 1570 ἄξιον
821 1538 914 1564 ἑαυτὸν
934 1545 983 1563 πε-

195 1583 336 1618 ποιηκέναι
352 1583 417 1618 θεῷ.
434 1582 513 1609 τοῦτο
534 1583 588 1619 γάρ
604 1583 662 1610 ἐστι
677 1583 841 1618 κατόρθωμα
856 1583 982 1618 μέγιστον

196 1629 365 1663 φιλοσοφίας,
383 1627 415 1654 τι
433 1628 519 1664 μέγαν
531 1628 596 1654 δντα
608 1629 664 1659 τοῖς
683 1628 773 1663 ἔργοις
788 1628 980 1655 συστέλλεσθαι

193 1676 227 1710 τῇ
245 1674 342 1710 καρδία
356 1673 403 1700 καὶ
427 1672 641 1707 καταγινώσκειν
663 1673 710 1699 τοῦ
729 1673 803 1708 βίον,
829 1674 903 1700 κάτω
929 1682 980 1700 που

196 1720 311 1756 ῥίψαντα
326 1719 348 1754 ⁸)
362 1719 401 1755 τῷ
421 1719 489 1755 πρὸς
503 1719 548 1746 τὸν
565 1719 625 1745 θεὸν
638 1719 713 1754 φόϐῳ
728 1720 778 1754 τὴν
791 1719 889 1754 οἴησιν,
907 1720 981 1752 ὅπως

195 1766 336 1803 ἀπολαύσῃ
360 1766 409 1801 τῆς
434 1765 609 1800 ἐπαγγελίας,
636 1765 725 1797 καθὼς
748 1766 779 1793 ἂν
789 1766 811 1802 ⁵)
834 1766 982 1798 πιστεύσας

195 1813 302 1849 ἠράσθη
318 1813 429 1847 ταύτης.
442 1812 472 1839 οὐ
486 1811 576 1844 καθὼς
599 1812 632 1838 ἂν
642 1811 663 1846 ⁸)
682 1811 796 1843 πονέσας
822 1812 980 1847 είργάσατο”

196 1859 320 1894 μεγάλων
341 1859 395 1894 γὰρ
421 1858 505 1884 ὄντων
517 1857 570 1885 τῶν
593 1857 702 1892 δωρεῶν
726 1857 777 1884 οὐκ
800 1857 858 1883 ἔστι
882 1858 980 1890 πόνους

1039 941 1112 968 illam
1135 941 1265 968 ardenter
1288 940 1426 968 desiderat
1449 945 1478 967 et
1497 940 1530 967 ad
1553 947 1699 974 supernam
1720 945 1826 975 spectat

1037 987 1257 1022 promissionem,
1285 994 1336 1014 nec
1358 987 1493 1018 ieiunans,
1516 993 1567 1013 nec
1591 985 1716 1020 vigilans,
1735 994 1824 1021 neque

1037 1033 1084 1059 alii
1107 1033 1235 1067 cuiquam
1254 1033 1365 1059 virtutis
1383 1032 1532 1060 excercitio
1548 1039 1647 1059 vacans
1663 1036 1717 1059 stat
1736 1033 1825 1060 elatus

1037 1079 1071 1106 ad
1099 1079 1170 1106 bona
1195 1086 1288 1113 opera,
1312 1085 1381 1112 quae
1403 1077 1467 1105 talia
1490 1077 1650 1113 anticipant,
1673 1078 1720 1105 sed
1743 1079 1824 1114 207

1037 1124 1135 1159 plenus
1155 1124 1248 1151 divino
1265 1124 1412 1157 desiderio,
1440 1128 1469 1152 et
1492 1124 1526 1151 ad
1553 1128 1695 1151 vocantem
1720 1124 1824 1152 intente

1036 1176 1172 1205 spectans,
1188 1171 1230 1198 vel
1246 1179 1327 1198 omne
1341 1175 1491 1202 certamen,
1506 1171 1689 1205 quodcunque
1700 1175 1822 1199 certave-

1035 1217 1081 1249 rit,
1097 1217 1131 1244 ad
1146 1217 1213 1244 illud
1222 1217 1444 1252 consequendum
1465 1225 1578 1252 parvum
1598 1217 1732 1244 aestimat.
1756 1218 1823 1245 Eni-

1036 1263 1103 1290 titur
1115 1267 1206 1290 autem
1226 1263 1259 1290 ad
1277 1262 1359 1290 ﬁnem
1373 1271 1461 1298 usque
1479 1263 1562 1289 huius
1581 1262 1664 1295 vitae,
1681 1263 1823 1291 laboribus

1036 1309 1145 1336 labores
1158 1314 1186 1336 et
1203 1309 1319 1337 virtutes
1330 1309 1479 1336 virtutibus
1492 1309 1640 1344 iungendo,
1660 1309 1748 1336 donec
1761 1317 1820 1344 pre-

1035 1354 1135 1381 tiosum
1154 1361 1184 1381 se
1199 1354 1256 1381 Deo
1270 1357 1391 1388 praestet
1405 1358 1518 1388 propter
1532 1361 1627 1388 opera,
1640 1361 1692 1381 nec
1706 1353 1732 1380 in
1754 1361 1822 1381 con-

1035 1401 1149 1428 scientia
1168 1409 1217 1428 sua
1233 1401 1358 1434 credens,
1375 1401 1487 1436 dignum
1511 1401 1599 1436 ipsum
1619 1409 1647 1428 se
1671 1400 1822 1428 reddidisse

1034 1447 1100 1474 Deo.
1122 1447 1178 1475 Hoc
1194 1447 1267 1474 enim
1293 1451 1335 1474 est
1358 1454 1428 1482 opus
1449 1447 1597 1474 maximum
1621 1446 1821 1482 philosophiae,

1034 1501 1162 1529 magnum
1175 1493 1204 1520 in
1218 1493 1350 1528 Operibus
1362 1493 1502 1520 humiliari
1516 1493 1610 1525 corde,
1624 1497 1652 1520 et
1671 1493 1820 1528 reprehen-

1035 1539 1099 1567 dere
1120 1539 1216 1572 vitam,
1238 1537 1393 1574 abjiciendo
1410 1539 1508 1566 timore
1531 1537 1579 1566 Dei
1601 1539 1771 1574 opinionem,
1791 1544 1820 1566 ut

1034 1587 1170 1622 particeps
1184 1587 1229 1614 ﬁat
1243 1587 1472 1622 repromissionis,
1487 1587 1565 1622 quasi
1588 1586 1726 1614 credendo
1751 1586 1820 1612 hanc

1034 1631 1210 1666 appetiverit,
1229 1640 1284 1659 non
1295 1633 1371 1667 quasi
1386 1632 1524 1667 operando
1543 1638 1603 1659 eam
1625 1631 1748 1658 lucratus
1771 1630 1818 1658 sit.

1034 1677 1167 1710 Quoniam
1179 1677 1252 1704 enim
1262 1685 1359 1713 magna
1378 1682 1442 1704 sunt
1455 1677 1536 1709 dona.
1548 1677 1657 1704 labores
1678 1676 1752 1712 digni
1777 1676 1819 1704 in-

1033 1723 1121 1750 veniri
1139 1731 1194 1750 non
1213 1728 1328 1758 possunt
1341 1731 1348 1755 ;
1367 1730 1463 1757 magna
1480 1727 1571 1749 autem
1586 1722 1639 1749 ﬁde
1652 1726 1680 1749 et
1691 1729 1738 1757 spe
1751 1729 1819 1757 opus

1032 1772 1084 1799 est,
1105 1772 1137 1794 ut
1162 1767 1215 1799 his,
1234 1775 1289 1794 non
1319 1767 1471 1799 laboribus,
1497 1770 1727 1801 compcnsentur:
1755 1765 1818 1794 ﬁdei

1033 1818 1124 1840 autem
1141 1813 1294 1840 substantia
1313 1817 1356 1840 est
1366 1813 1479 1848 spiritus
1490 1817 1638 1848 paupertas
1650 1817 1679 1840 et
1693 1812 1818 1841 inﬁnitus

1031 1866 1095 1893 erga
1109 1859 1195 1885 Deum
1210 1866 1295 1885 amor.

194 1907 286 1940 ἀξίους
300 1907 399 1941 εὑρεῖν·
419 1906 540 1942 μεγάλης
555 1905 582 1932 δὲ
601 1905 642 1932 δεῖ
663 1905 780 1937 πίστεως
795 1905 842 1932 καὶ
855 1905 976 1938 ἐλπίδος,
997 1906 1037 1937 εἰς
1048 1907 1077 1933 τὸ
1087 1906 1198 1938 ταύταις
1209 1906 1387 1942 μετρηθῆναι,
1406 1905 1443 1942 μὴ
1456 1907 1511 1938 τοῖς
1542 1906 1643 1940 πόνοις,
1674 1907 1725 1943 τὴν
1737 1907 1813 1943 ἀμοι-

195 1954 254 1989 6ήν·
271 1953 387 1983 πίστεως
409 1952 437 1979 δὲ
458 1952 606 1982 ὑπόστασις
621 1951 774 1987 πνεύματος
791 1951 912 1986 πτωχεία
927 1951 974 1977 καὶ
992 1952 1009 1987 ὴ
1023 1952 1091 1987 πρὸς
1104 1952 1164 1978 θεὸν
1178 1952 1296 1988 ἄμετρος
1311 1951 1416 1986 ἀγάπη.

229 2000 270 2027 Τὰ
286 2001 333 2036 μὲν
345 2000 376 2036 δὴ
393 2001 463 2027 κατὰ
478 2000 527 2036 τὴν
543 2001 636 2028 ἐλπίδα
648 1999 695 2027 τοῦ
710 1998 812 2026 σκοποῦ
832 1999 889 2030 τοῖς
903 1998 978 2034 φιλο-

195 2046 284 2079 σόφως
307 2045 357 2080 ζῇν
372 2045 519 2081 ᾑρημένοις
537 2046 637 2077 ἱκανῶς
664 2044 789 2080 εἰρῆσθαι
812 2044 924 2079 νομίζω.
938 2043 979 2070 δεῖ

193 2090 221 2117 δέ
232 2090 324 2116 λοιπὸν
339 2090 493 2125 προσθεῖναι
514 2091 569 2121 τοῖς
584 2090 746 2125 εἰρημένοις,
767 2089 840 2120 ὅπως
856 2089 905 2125 μὲν
924 2088 977 2124 χρὴ

194 2136 311 2161 συνεῖναι
324 2135 379 2166 τοῖς
392 2133 522 2165 τοιούτοις
543 2134 683 2169 ἀλλήλοις,
698 2133 807 2165 ὁποίους
824 2133 852 2160 δὲ
867 2134 977 2169 ἀγαπᾷν

194 2179 301 2211 πόνους,
316 2179 390 2210 ὅπως
405 2179 444 2205 δεῖ
452 2179 474 2214 ⁷)
492 2178 599 2214 τρέχειν
616 2179 674 2214 μετ’
686 2177 820 2214 ἀλλήλων,
831 2178 882 2210 ἕως
891 2177 923 2205 ἃν
930 2179 977 2205 ἐπὶ

192 2224 242 2259 τὴν
259 2224 314 2251 ἄνω
331 2223 407 2250 πόλιν
421 2223 583 2257 ἀφίκωνται.

227 2270 274 2296 Δεῖ
286 2269 374 2295 τοίνυν
387 2269 432 2295 τὸν
443 2269 476 2296 τὰ
496 2269 544 2295 τοῦ
564 2269 620 2304 βίου
636 2269 730 2296 τούτου
747 2268 834 2304 σεμνὰ
848 2269 976 2305 καθαρῶς

193 2313 369 2348 ἀτιμάζοντα,
387 2314 432 2340 καὶ
443 2313 608 2349 ἀρνούμενον
624 2314 673 2349 μὲν
689 2314 751 2345 τοὺς
765 2315 914 2348 συγγενεῖς,
924 2314 975 2348 ἀρ-

192 2360 320 2394 νούμενον
332 2359 360 2386 δὲ
372 2361 460 2386 πᾶσαν
471 2360 519 2395 τὴν
528 2360 603 2386 κάτω
613 2360 702 2392 δόξαν,
715 2360 762 2386 καὶ
772 2359 945 2398 ὀρῶνταῘ-τὰ]
951 2360 974 2395 Ι³)

190 2405 240 2440 τῆς
258 2406 386 2441 οὐρανίας
408 2405 500 2441 τιμῆς,
529 2406 575 2432 καὶ
597 2408 655 2438 τοῖς
673 2405 744 2432 κατὰ
769 2405 829 2432 θεὸν
851 2405 975 2440 ἀδελφοῖς

191 2451 383 2484 πνευματικῶς
409 2452 619 2487 συναπτόμενον,
641 2452 812 2488 ἀρνήσασθαι
837 2452 906 2487 μετὰ
927 2452 974 2479 τοῦ

191 2497 249 2532 βίου
272 2497 320 2523 καὶ
345 2498 395 2532 τὴν
410 2497 507 2524 ἑαυτοῦ
528 2497 628 2533 ψυχήν,
653 2497 766 2534 ἄρνησις
787 2498 815 2524 δέ
836 2498 928 2532 ψυχῆς
945 2498 976 2524 τδ

192 2543 317 2579 μηδαμοῦ
327 2543 419 2579 ζητεῖν
430 2544 460 2570 τὸ
471 2543 566 2570 ἑαυτοῦ
578 2544 693 2579 θέλημα,
702 2543 863 2578 θεραπεύειν
875 2543 975 2579 μᾶλλον

188 2589 215 2615 δὲ
233 2589 330 2616 ἑαυτοῦ
347 2590 461 2625 θέλημα,
476 2591 562 2616 ποιεῖν
575 2590 620 2616 τὸν
637 2590 778 2624 ἐφεστῶτα
792 2588 837 2616 τοῦ
853 2589 914 2615 θεοῦ
928 2589 973 2616 λό-

1065 1999 1100 2026 Ει
1120 1999 1188 2026 haec
1210 1999 1332 2033 quidem,
1349 2007 1419 2034 quae
1439 1999 1472 2028 ad
1499 2008 1575 2035 spem
1595 2001 1736 2036 pertinent
1754 2001 1816 2030 ﬁnis

1030 2044 1073 2076 iis,
1093 2044 1140 2079 qui
1157 2044 1345 2080 philosophice
1368 2045 1458 2073 vivere
1481 2046 1633 2081 elegerunt,
1655 2048 1721 2075 satis
1743 2047 1815 2076 dicta

1029 2097 1089 2116 esse
1102 2097 1209 2117 censeo.
1224 2089 1337 2125 Oportet
1352 2091 1434 2126 igitur
1446 2097 1538 2119 cetera
1553 2101 1603 2120 nos
1618 2092 1729 2125 addere,
1748 2101 1814 2129 quo-

1031 2135 1112 2162 modo
1125 2135 1191 2163 tales
1207 2135 1277 2163 alius
1291 2136 1336 2163 alii
1357 2137 1452 2164 adesse
1472 2137 1599 2171 debeant,
1610 2140 1705 2173 quales
1723 2147 1815 2168 amare

1029 2181 1148 2213 labores,
1166 2181 1303 2215 quomodo
1319 2187 1443 2217 oporteat
1457 2191 1505 2211 eos
1522 2191 1576 2211 una
1589 2192 1711 2218 currere,
1727 2186 1814 2214 donec

1029 2226 1063 2253 ad
1079 2234 1224 2261 supernam
1237 2227 1374 2255 civitatem
1390 2229 1560 2263 perveniant.

1064 2271 1177 2306 Oportet
1198 2279 1264 2307 ergo
1282 2279 1356 2304 eum,
1375 2273 1423 2307 qui
1446 2273 1528 2309 hujus
1547 2274 1619 2302 vitae
1639 2276 1812 2310 splendorem

1028 2325 1097 2353 pure
1115 2322 1282 2350 contemnat,
1300 2322 1328 2345 et
1346 2319 1463 2354 abneget
1481 2325 1619 2355 cognatos,
1643 2322 1812 2357 abnegetque

1027 2364 1108 2391 etiam
1126 2371 1234 2391 omnem
1255 2368 1389 2391 terrenam
1406 2365 1530 2399 gloriam,
1551 2370 1578 2393 et
1597 2366 1736 2393 intueatur
1752 2375 1811 2394 coe-

1024 2408 1120 2435 lestem
1144 2408 1294 2440 honorem,
1318 2408 1449 2436 fratribus
1472 2411 1623 2437 secundum
1643 2411 1728 2438 Deum
1754 2411 1811 2439 suis

1025 2454 1204 2488 spiritualiter
1224 2455 1402 2488 coniunctus,
1425 2455 1562 2491 abnegare
1591 2464 1646 2483 una
1669 2464 1732 2484 cum
1756 2457 1810 2485 vita

1023 2499 1106 2525 etiam
1121 2499 1240 2526 animam
1256 2507 1344 2527 suam.
1360 2500 1513 2536 Abnegatio
1534 2505 1626 2529 autem
1644 2502 1752 2530 animae
1769 2507 1809 2530 est

1024 2551 1164 2579 nunquam
1185 2552 1316 2579 quaerere
1331 2553 1409 2573 suam
1430 2547 1608 2580 voluntatem,
1627 2547 1711 2575 immo
1733 2549 1809 2576 subi-

1023 2597 1087 2624 gere
1111 2590 1249 2625 propriam
1271 2592 1450 2625 voluntatem,
1481 2592 1571 2621 l'acere
1599 2594 1704 2622 instans
1729 2594 1809 2622 nobis

821 2648 949 2675 VARIAE
966 2648 1166 2676 LECTIONES.

224 2693 244 2733 ξ)
257 2692 324 2720 Cod.
339 2692 485 2733 κεχαρηκε.
506 2692 578 2733 -.¹)
596 2691 720 2733 Ειιιιιιιάη
739 2691 800 2733 cod:
814 2692 975 2733 Ξκπέσομεν.
1005 2693 1070 2733 τ’)
1087 2693 1292 2733 Elliend.,_cod.
1311 2694 1502 2733 ἐπαγγελείαν.
1527 2695 1808 2733 τἿΕιιιεηὰνηνθοὰ.

209 2727 319 2747 ἶν’,τιρη-
344 2742 378 2747 ._.
393 2729 402 2743 ⁵

187 2728 329 2778 fur/1.1;.
344 2742 378 2747 —
393 2728 415 2762 ⁵)
435 2728 473 2755 Ex
488 2728 572 2758 coni.,
591 2728 652 2754 end.
670 2728 707 2753 ὃν.
725 2742 759 2746 ~—
775 2728 796 2767 ξ)
815 2728 853 2754 Ex
872 2736 909 2754 co;

199 2767 208 2798 )
222 2755 299 2790 Com.
318 2762 442 2790 addimus
458 2763 502 2795 τά,
517 2763 589 2798 quod
609 2762 636 2790 in
653 2762 713 2790 cod.
730 2761 909 2790 dcsrderatur.

459 2727 652 2766 x-coniq‘cinl.
670 2727 707 2766 δερ.
725 2742 759 2766 ~_—
775 2727 804 2766 ξ).
815 2727 853 2754 Ex
872 2728 958 2760 coni.,
976 2729 1037 2755 cod.
1058 2729 1097 2755 ὃν.
1114 2744 1148 2748 —
1171 2730 1192 2763 ⁷)
1209 2730 1254 2757 Sic
1268 2729 1343 2763 c0d.,
1359 2727 1431 2758 forte
1458 2730 1512 2766 leg.
1531 2727 1589 2766 δὲ,’
1602 2732 1644 2759 vel
1655 2741 1686 2759 τε
1699 2732 1754 2760 δεῖ.
1775 2747 1807 2753 -

941 2819 1064 2847 NOTAE.

220 2862 261 2898 (ι)
279 2863 348 2890 Phil.
365 2864 409 2895 ιιι,
429 2863 469 2890 ιδ.
