2067 3149
177 208 230 238 ιεε

895 207 1096 237 EPISTOLAE.

1755 208 1808 236 4:16

177 269 193 296 ό
208 267 256 295 τοῦ
271 266 366 298 παιδὸς
381 266 493 294 ἀπαιτεῖ
504 267 615 302 τρόπος,
628 267 667 299 εἰς
677 267 708 294 τὸ
723 267 851 301 γενέσθαι
862 268 963 300 αὐτοὺς

1022 267 1132 302 ιθροείιο
1163 266 1196 293 ad
1214 266 1347 301 cuiusque
1373 267 1502 294 virtutem
1523 275 1554 295 ac
1570 271 1689 294 mentem
1704 275 1810 295 accom-
1832 252 1839 264 Γ

178 312 227 340 τοῦ
243 312 301 348 βίου
319 311 413 338 τούτου
434 311 560 347 σεμνούς.
587 311 682 348 ῖοῦτωῙ
706 312 727 347 ί)
756 313 803 339 καὶ
826 313 898 347 ἡμᾶς
914 313 968 348 χρὴ

180 359 235 385 πᾶν
249 359 327 394 μῖσος
339 358 410 384 κατά
432 357 480 384 τοῦ
504 357 618 392 ἀδελφοῦ
640 358 687 384 καὶ
713 359 803 385 πᾶσαν
824 357 968 385 αὐθάδειαν

179 402 366 437 ἀποθεμένους
380 402 448 437 πρὸς
458 401 507 438 τὴν
522 402 631 437 ἑκάστῳ
643 403 663 437 ¹)
675 401 789 437 δύναμιν
798 402 844 428 καὶ
856 401 969 436 γνώμην

180 448 310 484 ἁρμόζειν
326 448 371 475 τὺν
395 448 486 482 λόγον.
509 447 540 474 τὸ
556 448 578 483 ⁸)
597 448 646 483 μὲν
670 448 842 484 ἐπιτίμησον,
861 448 891 474 τὸ
908 447 929 484 ⁵)
941 447 969 473 δὲ

179 496 351 531 νουθέτησον,
368 495 448 522 ἀλλον
471 494 672 531 παρακάλεσον,
693 494 762 530 πρὸς
777 494 829 529 τὴν
852 493 969 520 ἑκάστου

179 543 284 578 χρείαν,
301 541 428 576 καθάπερ
441 540 534 576 ἰατρὸς
544 540 647 575 ἀγαθὸς
665 540 811 576 προσάγων
819 540 849 566 τὸ
861 539 970 575 φάρμα-

179 595 237 614 κον.
257 587 363 617 ἐκεῖνος
387 586 436 621 μὲν
453 586 519 621 γάρ,
545 586 613 621 πρὸς
633 585 667 612 τὰ
693 585 768 620 πάθη
783 585 903 618 σκοπῶν,
930 584 970 620 τῷ

181 633 231 668 μὲν
247 632 345 667 πρᾷον,
362 631 402 667 τῷ
422 631 450 658 δὲ
469 632 649 667 σφοδρότερον
674 631 793 666 ἐπέθηκε
813 632 968 666 φάρμακον,

180 678 269 706 οὐδενὶ
282 678 336 705 τῶν
354 671 504 714 aspis-itala;
511 678 647 713 δεομένων
657 677 816 713 ἀχθόμενος,
832 677 900 704 ἀλλὰ
909 678 970 709 ταῖς

181 725 300 761 πληγαῖς
318 724 368 751 καὶ
387 725 444 755 τοῖς
462 731 587 758 σωμασιν
603 723 730 759 ἁρμόζων
750 723 799 759 τὴν
811 724 918 759 τέχνην.
937 723 969 750 σὺ

181 770 210 798 δὲ
228 769 372 798 ἀκολούθει
393 771 425 806 τῇ
452 769 532 805 χρείᾳ
557 769 603 796 τοῦ
626 769 799 805 πράγματος,
827 769 901 801 ὅπως
921 769 971 805 τὴν

182 817 271 852 ψυχὴν
287 816 334 842 τοῦ
347 816 414 851 πρὸς
424 816 453 842 σὲ
472 815 617 850 βλέποντος
630 815 752 851 μαθητοῦ
774 815 863 848 καλῶς
878 817 970 843 ὲκπαι-

182 862 280 894 δεύσας
294 862 423 898 λαμπρὰν
438 862 488 897 τὴν
504 862 611 897 ἐκείνης
625 861 726 898 ἀρετὴν
742 862 920 899 προσαγάγῃς
932 862 971 898 τῷ

184 908 281 944 πατρί,
306 907 472 944 κληρονόμον
487 907 562 940 ἀξιον
584 907 634 943 τῆς
657 908 763 934 ἐκείνου
784 908 898 943 δωρεᾶς.
923 907 971 935 ἐὰν

182 954 268 986 οὕτως
290 954 369 990 ἔχητε
398 953 466 989 πρὸς
487 953 629 989 ἀλλήλους,
649 954 677 980 οῖ
704 962 733 980 τε
751 953 903 988 ἐφεστῶτες
922 954 970 981 καὶ
985 949 1006 976 Β

182 1001 208 1026 οι
229 999 333 1031 τούτοις
351 998 488 1035 χρώμενοι
506 999 685 1038 διδασκάλοις,
702 999 728 1026 οἱ
750 999 801 1035 μὲν
815 999 969 1035 πειθόμενοι

184 1045 254 1080 μετὰ
277 1045 364 1080 χαρᾶς
380 1046 436 1076 τοῖς
457 1045 687 1081 ἐπιταττομένοις,
702 1045 726 1072 οἱ
746 1045 775 1072 δὲ
797 1045 857 1081 μεθ’
872 1046 969 1081 ἡδονῆς

182 1091 246 1122 τοὺς
273 1090 405 1125 ἀδελφοὺς
429 1090 476 1117 ἐπὶ
499 1091 530 1118 τὸ
545 1091 647 1118 τέλειον
674 1092 892 1127 προσαγόμενοι.
922 1092 970 1118 καὶ

180 1139 240 1169 ταῖς
255 1138 350 1172 τιμαῖς
362 1137 497 1173 ἀλλήλους
510 1137 668 1173 προηγῆσθε
678 1138 710 1174 ⁸),
721 1138 767 1165 τὴν
778 1139 832 1165 τῶν
846 1139 969 1174 ἀγγέλων

181 1183 229 1210 ἐπὶ
245 1183 298 1218 γῆς
307 1182 423 1218 ζήσεσθε
435 1183 503 1218 βίον.
518 1184 612 1218 μηδεὶς
623 1182 669 1211 οὖν
682 1185 711 1211 ὲν
720 1184 784 1219 ὑμῖν
796 1184 970 1220 γνωριζέσθω

183 1229 280 1264 τῦφος,
296 1229 362 1256 ἀλλά
372 1229 491 1265 ἁπλότης
507 1230 555 1256 καὶ
568 1230 679 1265 ὁμόνοια
692 1230 739 1257 καὶ
748 1230 868 1262 διάθεσις
879 1230 970 1262 ἄδολος

183 1274 368 1310 συγκροτείτω
382 1274 428 1301 τὸν
443 1275 533 1310 χορόν.
552 1274 670 1301 πειθέτω
687 1275 715 1301 δὲ
731 1275 846 1307 ἕκαστος
861 1275 969 1308 ἑαυτόν,

182 1320 221 1352 ὡς
234 1321 264 1347 οὐ
283 1320 331 1347 τοῦ
344 1321 468 1353 συνόντος
476 1320 591 1355 ἀδελφοῦ
609 1320 688 1356 μόνον
701 1321 777 1348 ἐσται
793 1321 970 1348 καταδεέστε-

184 1375 240 1403 ρος,
250 1366 318 1394 ἀλλὰ
335 1367 381 1393 καὶ
394 1367 494 1398 παντὸς
504 1366 660 1402 ἀνθρώπου.
673 1366 754 1393 τοῦτο
763 1367 817 1403 γάρ
827 1366 970 1402 γινώσκων

185 1412 307 1449 μαθητὴς
324 1413 409 1444 ὅντως
426 1413 502 1440 ἔσται
513 1407 651 1449 Χριστοῦ·’
661 1414 677 1440 ό
691 1414 746 1448 γὰρ
761 1413 850 1448 ὑψῶν
862 1413 972 1440 ἑαυτὸν

183 1459 448 1492 ταπεινωθήσεται,
466 1461 516 1487 καὶ
535 1460 551 1486 ό
568 1459 716 1486 ταπεινῶν
730 1459 839 1487 ἑαυτὸν
852 1459 972 1495 ὑψωθή-

183 1515 279 1535 σεται.
296 1507 344 1533 καὶ
359 1507 440 1534 πάλιν
451 1514 457 1521 ·
477 1508 493 1534 ὁ
506 1506 601 1535 θέλων
616 1507 651 1534 ἐν
664 1506 736 1541 ὑμῖν
750 1504 828 1534 εἶναι
839 1507 971 1541 πρῶτος,

184 1553 271 1581 ἔσται
295 1552 416 1580 πάντων
435 1553 564 1588 ἔσχατος
591 1553 642 1580 καὶ
673 1553 793 1580 πάντων
821 1553 971 1587 διάκονος.

184 1598 276 1630 καθὼς
287 1598 351 1625 καῖ’
367 1600 383 1626 ό
403 1598 469 1631 υἱὸς
487 1598 541 1624 τοῦ
561 1597 721 1632 ἀνθρώπου
743 1598 800 1626 οὐκ
814 1596 889 1634 ἦλθε
910 1598 973 1625 ὃια-
986 1616 1007 1644 C

184 1643 360 1679 κονηθῆναι,
390 1644 471 1671 ἀλλὰ
495 1643 683 1677 διακονῆσαι,
708 1644 757 1671 καὶ
786 1643 892 1671 δοῦναι
915 1643 973 1679 τὴν

186 1689 294 1725 ψυχὴν
308 1690 402 1718 αὑτοῦ
413 1690 527 1724 λύτρον
541 1689 606 1717 ἀντὶ
619 1689 750 1717 πολλῶν.
767 1690 815 1716 καὶ
830 1691 844 1717 ό
858 1691 975 1717 ἀπόστορ

185 1736 230 1769 λος
241 1744 248 1751 ·
268 1737 304 1764 οὐ
320 1736 375 1771 γὰρ
392 1735 519 1769 ἑαυτοὺς
532 1736 737 1770 κηρύσσομεν,
754 1736 835 1764 ἀλλὰ
847 1738 975 1771 Χριστὸν

192 1781 320 1815 Ἰησοῦν,
336 1782 451 1816 κύριον,
466 1781 594 1814 ἑαυτοὺς
613 1780 647 1808 δὲ
666 1781 795 1815 δούλους
819 1783 903 1818 ὑμῶν
926 1783 976 1810 διὰ

192 1828 320 1862 Ἰησοῦν.
336 1828 437 1860 ιὶδότες
451 1827 497 1855 οὖν
507 1829 556 1864 τῆς
571 1838 600 1856 τε
615 1829 806 1864 ταπεινότητος
826 1830 889 1862 τοὺς
907 1839 976 1866 καρ-

185 1875 265 1906 πούς,
292 1874 340 1899 καὶ
362 1874 412 1910 τὴν
428 1875 530 1910 ζημίαν
553 1875 574 1909 ⁸)
594 1875 640 1902 τοῦ
658 1875 752 1910 τύφου,
771 1876 928 1911 μιμήσασθε
952 1877 974 1912 ⁷)

185 1919 232 1946 τὸν
246 1919 388 1954 δεσπότην,
404 1919 567 1954 ἀγαπῶντες
588 1919 728 1956 ἀλλήλους,
746 1921 793 1947 καὶ
809 1922 878 1956 μήτε
892 1921 974 1949 θάνα-

184 1972 243 1997 τον,
262 1964 330 2000 μήτε
345 1964 428 2000 ἄλλην
445 1965 506 1992 τινὰ
528 1965 664 2001 τιμωρίαν
678 1966 718 1998 εις
737 1965 839 2000 ἀγαθὸν
855 1967 914 2001 μετ’
930 1966 976 1993 άλ-

184 2010 275 2045 λήλων
287 2010 391 2037 ὀκνεῖτε
410 2011 445 2046 ⁸),
472 2011 529 2038 ἀλλ’
543 2011 576 2048 ἣν
600 2011 723 2039 ὲσόιδισεν
745 2013 774 2039 ἐν
798 2013 863 2048 ἡμῖν
889 2012 947 2040 ὁδὸν
961 2013 975 2040 ό

187 2054 292 2090 σωτήρ,
310 2054 412 2090 ταύτην
435 2055 515 2091 ὑμεῖς
540 2056 609 2092 πρὸς
632 2057 734 2084 ἐκεῖνον
759 2057 920 2092 βαδίζοντες,
947 2058 976 2085 ἐν

187 2099 295 2136 σώματι
310 2101 357 2127 καὶ
370 2101 443 2137 ψυχῇ
460 2102 508 2137 μιᾷ
520 2103 632 2138 χωρεῖτε
650 2103 716 2138 πρὸς
733 2102 781 2138 τὴν
795 2103 851 2130 ἄνω
868 2104 974 2139 κλῆσιν,

185 2145 349 2180 ἀγαπῶντες
364 2146 410 2173 τὸν
427 2147 486 2174 Θεὸν
503 2147 549 2174 καὶ
571 2147 714 2183 ἀλλήλους·
738 2148 832 2184 ἀγάπη
853 2149 907 2185 γὰρ
929 2150 976 2177 καὶ

186 2190 271 2225 φόϐος
283 2192 297 2218 ό
312 2191 380 2226 πρὸς
402 2192 449 2218 τὸν
463 2192 558 2228 κύριον
572 2193 602 2220 τὺ
622 2193 729 2229 πρῶτον
745 2194 792 2220 τοῦ
810 2195 893 2230 νόμου
918 2195 976 2222 ἐστὶ

186 2236 336 2272 πλήρωμα.
355 2237 398 2264 δεῖ
420 2235 467 2265 οὖν
488 2238 604 2266 ἕκαστον
627 2239 704 2275 ὑμῶν
720 2240 846 2276 καβάπερ
863 2242 976 2277 ἰσχυράν

1021 312 1132 340 modare
1147 312 1270 339 verbum.
1292 311 1349 338 lloc
1363 311 1496 346 vitupera,
1512 312 1580 339 illud
1594 312 1714 347 increpa,
1727 312 1810 340 alium

1020 358 1165 387 adhortare
1193 357 1343 385 secundum
1366 357 1487 385 cuiusvis
1511 358 1705 393 indigentiam,
1732 359 1810 393 quasi

1019 405 1109 432 bonus
1133 403 1256 430 medicus
1280 402 1414 429 adhibens
1438 402 1612 429 medicinam.
1632 402 1657 430 Is
1681 402 1754 429 enim
1777 402 1811 430 ad

1020 451 1161 486 passiones
1183 454 1319 485 spectans,
1344 449 1410 476 huic
1435 449 1533 481 levius,
1556 449 1595 476 illi
1620 449 1812 476 vehementius

1020 497 1148 532 proponit
1166 495 1407 526 medicamentum,
1422 495 1524 522 nemini
1545 503 1651 527 eorum,
1667 495 1714 530 qui
1733 503 1812 522 cura-

1020 543 1095 569 tione
1122 541 1255 577 indigent,
1276 541 1377 572 iratus,
1402 540 1449 567 sed
1481 540 1567 575 plagis
1596 541 1811 576 corporibusque

1020 587 1229 615 accommodans
1247 591 1344 614 artem.
1363 586 1404 614 Tu
1424 591 1514 613 autem
1533 586 1569 613 ita
1586 594 1701 621 sequere
1717 595 1810 614 rerum

1020 633 1223 665 necessitatem,
1242 636 1283 665 ut,
1300 633 1390 659 anima
1408 632 1535 666 discipuli
1551 632 1584 659 ad
1600 637 1626 659 te
1639 632 1812 667 respicientis

1020 681 1090 709 bene
1107 681 1225 712 exculta,
1240 679 1383 707 candidam
1400 680 1461 706 eius
1480 680 1609 706 virtutem
1628 677 1749 706 adducas
1766 687 1812 714 pa-

1021 728 1068 760 tri,
1085 728 1197 763 dignum
1216 727 1373 754 donationis
1393 727 1454 754 eius
1471 726 1628 754 haercdem.
1650 725 1678 753 Si
1699 726 1746 754 tali
1764 733 1813 753 vos

1021 774 1140 802 invicem
1163 774 1245 801 modo
1266 773 1388 806 habetis,
1414 778 1442 801 et
1468 773 1633 808 praepositi,
1657 776 1685 799 et
1708 772 1755 807 qui
1779 771 1814 799 iis

1022 825 1137 848 utuntur
1152 819 1298 855 magistris,
1319 819 1347 847 hi
1369 827 1432 847 cum
1454 819 1553 854 gaudio
1573 819 1655 846 iussis
1673 818 1815 852 obtempe-

1021 870 1126 899 rantes,
1147 866 1187 893 illi
1210 873 1273 893 cum
1293 867 1431 901 voluptate
1452 866 1550 893 fratres
1567 865 1600 892 ad
1617 865 1814 900 perfectionem

1022 911 1199 944 adducentes,
1209 916 1290 946 atque
1298 912 1452 938 honoribus
1461 911 1580 939 invicem
1592 910 1812 946 praevenitisU),

1020 959 1179 994 angelorum
1207 958 1236 985 in
1259 962 1333 985 terra
1351 958 1451 985 vivetis
1472 958 1567 985 vitam.
1586 957 1666 984 Nulla
1686 957 1768 992 igitur
1786 957 1814 984 in

1019 1004 1098 1031 vobis
1117 1008 1298 1039 cognoscatur
1313 1003 1453 1038 superbia,
1471 1003 1519 1031 sed
1534 1003 1695 1038 simplicitas
1709 1008 1737 1030 et
1749 1010 1815 1030 con-

1020 1048 1115 1075 cordia
1138 1053 1166 1076 et
1186 1049 1294 1076 animus
1316 1047 1372 1076 doli
1392 1056 1491 1083 expers
1516 1048 1665 1083 coniungat
1687 1047 1812 1075 chorum.

1021 1093 1123 1121 Doceat
1143 1098 1235 1121 autem
1249 1094 1366 1129 quisque
1382 1102 1410 1121 se
1427 1094 1527 1129 ipsum,
1543 1101 1597 1120 non
1614 1093 1698 1121 fratre
1713 1093 1813 1126 solum,

1020 1139 1068 1174 qui
1088 1147 1180 1167 secum
1197 1139 1288 1175 degat,
1307 1147 1336 1166 se
1357 1139 1515 1166 interiorem
1536 1138 1605 1171 fore,
1625 1138 1672 1166 sed
1692 1143 1719 1166 et
1739 1139 1815 1166 omni

1021 1185 1141 1212 homine.
1159 1185 1189 1212 ld
1209 1185 1283 1212 enim
1303 1185 1349 1220 qui
1372 1185 1523 1220 cognoscit,
1541 1184 1563 1211 is
1578 1191 1642 1211 vere
1661 1184 1714 1211 erit
1733 1183 1816 1211 disci-

1021 1231 1103 1266 pulus
1116 1231 1229 1258 Christi.
1249 1230 1316 1258 Nam
1335 1231 1379 1266 qui
1400 1238 1427 1256 se
1450 1229 1562 1262 exaltat,
1580 1228 1773 1261 humiliabitur,
1790 1232 1815 1255 et

1020 1277 1066 1311 qui
1084 1284 1111 1303 se
1132 1275 1266 1309 humiliat,
1280 1276 1442 1304 exaltabitur
1454 1275 1504 1311 (2),
1522 1280 1551 1303 et
1571 1275 1670 1302 iterum
1688 1283 1694 1302 :
1711 1274 1763 1307 Qui
1783 1283 1815 1302 ea:

1020 1323 1091 1350 vobis
1115 1322 1169 1350 vult
1195 1323 1295 1358 primus
1319 1331 1383 1355 esse,
1403 1322 1452 1348 erit
1474 1322 1591 1349 omnium
1613 1322 1767 1348 novissimus
1790 1324 1815 1348 et

1021 1370 1138 1396 omnium
1148 1369 1265 1396 minister
1272 1368 1321 1404 (5).
1332 1368 1410 1395 Sicut
1424 1367 1507 1395 etiam
1523 1376 1529 1394 :
1543 1366 1625 1393 Filius
1640 1367 1751 1394 hominis
1762 1374 1814 1393 non

1021 1416 1090 1442 venit
1107 1415 1264 1447 ministrari,
1281 1414 1326 1441 sed
1343 1415 1506 1445 ministrare,
1525 1417 1550 1440 et
1569 1413 1650 1447 210
1668 1412 1732 1440 dare
1754 1412 1815 1439 ani-

1022 1469 1094 1488 mam
1106 1469 1182 1488 suam
1196 1460 1400 1496 redemptionem
1413 1468 1460 1496 pro
1475 1459 1565 1486 multis
1580 1458 1629 1494 (4).
1650 1459 1684 1486 Et
1700 1458 1816 1493 Aposto—

1023 1506 1066 1534 lus
1082 1515 1088 1533 :
1102 1506 1161 1534 Non
1179 1507 1249 1533 enim
1269 1506 1440 1541 nosmetipsos
1456 1505 1650 1541 praedicamus,
1668 1504 1713 1531 sed
1726 1503 1817 1531 Iesum

1024 1553 1156 1582 Christum
1178 1552 1321 1580 Dominum
1340 1557 1470 1584 nostrum,
1494 1559 1540 1577 nos
1561 1555 1649 1577 autem
1667 1558 1753 1577 servos
1775 1558 1818 1577 ve-

1023 1605 1091 1627 stros
1115 1608 1161 1636 per
1183 1599 1274 1626 Iesum
1291 1597 1340 1635 (ὅ).
1359 1597 1484 1625 Scientes
1500 1595 1584 1631 igitur
1606 1601 1634 1624 et
1654 1595 1817 1623 humilitatis

1024 1644 1130 1672 fructus
1154 1649 1182 1672 et
1207 1643 1338 1671 damnum
1365 1641 1520 1677 superbiae,
1546 1642 1691 1669 imitamini
1722 1640 1818 1668 Domi-

1024 1698 1101 1722 num,
1127 1689 1272 1724 diligentes
1295 1696 1344 1715 vos
1372 1687 1509 1719 invicem,
1530 1691 1558 1715 et
1583 1695 1673 1722 neque
1698 1691 1818 1714 mortem

1024 1743 1114 1770 neque
1132 1735 1212 1762 aliam
1229 1733 1366 1769 quandam
1379 1733 1585 1769 castigationem
1600 1733 1633 1760 ad
1650 1733 1753 1760 bonum
1773 1732 1817 1759 in-

1024 1781 1112 1809 vicem
1134 1780 1238 1812 timete,
1253 1779 1302 1807 sed
1323 1787 1405 1814 quam
1425 1779 1578 1807 ambulavit
1599 1779 1627 1806 in
1646 1779 1727 1806 nobis
1743 1779 1818 1810 viam

1026 1827 1160 1859 Salvator,
1182 1834 1243 1854 eam
1265 1833 1315 1853 vos
1333 1825 1367 1852 ad
1391 1825 1468 1853 illum
1490 1825 1639 1858 ambulate,
1661 1830 1690 1853 et
1711 1824 1739 1851 in
1758 1832 1818 1851 cor-

1025 1881 1092 1909 pore
1106 1873 1251 1908 animaque
1265 1879 1320 1899 una
1331 1871 1471 1907 procedite
1484 1871 1517 1898 ad
1531 1878 1677 1906 supernam
1694 1870 1816 1897 vocatio-

1025 1926 1100 1951 nem,
1115 1918 1261 1953 diligentes
1278 1917 1366 1944 Deum
1384 1921 1412 1944 et
1429 1923 1479 1943 vos
1498 1915 1625 1943 invicem.
1641 1916 1725 1942 Amor
1742 1915 1817 1942 enim

1025 1969 1053 1993 et
1063 1965 1145 1993 timor
1156 1963 1263 1991 Domini
1276 1963 1365 1998 prima
1374 1962 1442 1997 legis
1454 1966 1497 1990 est
1509 1961 1719 1989 consummatio.
1729 1959 1816 1995 Opor-

1027 2015 1066 2038 tet
1084 2010 1169 2045 igitur
1190 2015 1326 2045 quemque
1349 2013 1471 2036 vestrum
1495 2012 1623 2043 tanquam
1642 2006 1712 2034 forte
1728 2005 1817 2041 quod-

1026 2057 1088 2085 dam
1108 2057 1273 2092 lirmumque
1290 2056 1500 2085 fundamentum
1515 2054 1642 2081 timorem
1656 2057 1684 2081 et
1697 2059 1818 2080 amorem

1026 2111 1128 2140 ponere
1147 2103 1175 2130 in
1194 2103 1284 2132 anima
1301 2111 1360 2136 sua,
1370 2107 1399 2130 et
1409 2101 1484 2128 hunc
1497 2100 1586 2136 rigare
1597 2100 1678 2127 bonis
1689 2099 1819 2134 operibus

1026 2155 1054 2177 et
1071 2149 1196 2176 oratione
1210 2148 1366 2176 suﬂicienti.
1381 2147 1476 2182 Neque
1489 2146 1563 2174 enim
1582 2145 1753 2181 simpliciter,
1771 2153 1820 2172 ne-

1027 2203 1080 2230 que
1095 2202 1143 2222 sua
1155 2198 1252 2229 sponte
1268 2201 1346 2222 amor
1355 2201 1420 2229 erga
1434 2193 1522 2220 Deum
1537 2192 1567 2219 in
1581 2191 1661 2219 nobis
1681 2190 1757 2218 nasci
1772 2197 1819 2218 so-

1027 2241 1074 2272 let,
1093 2239 1141 2267 sed
1160 2239 1256 2266 multis
1272 2238 1416 2266 laboribus
1435 2237 1620 2272 gravibusque
1639 2235 1713 2264 curis
1728 2238 1756 2263 et
1771 2243 1818 2263 co—

186 2291 247 2308 τινα
257 2282 305 2309 καὶ
319 2283 433 2319 στερεὰν
451 2284 571 2320 κρηπῖδα
585 2285 630 2312 τὸν
647 2285 729 2320 φόϐον
740 2295 769 2312 τε
784 2287 830 2313 καὶ
844 2287 894 2324 τῂν
905 2287 973 2321 ἀγά-

1028 2285 1187 2321 operatione
1206 2285 1318 2315 Christi.
1334 2284 1405 2312 sicut
1424 2283 1494 2311 dixit
1517 2282 1654 2318 Sapientia
1671 2292 1677 2309 :
1693 2281 1722 2309 Si
1745 2282 1818 2308 enim

187 2337 244 2363 πην
258 2329 288 2354 ὲν
297 2330 331 2365 τῇ
347 2329 444 2356 ἑαυτοῦ
459 2330 561 2358 τιθέναι
576 2331 660 2368 ψυχῇ,
672 2331 719 2359 καὶ
735 2332 836 2368 ταύτην
849 2333 975 2368 ἐπάρδειν

187 2373 279 2408 ἔργοις
288 2383 318 2402 τε
332 2375 445 2410 ἀγαθοῖς
463 2376 511 2402 καὶ
526 2377 591 2413 εὐχῇ
614 2377 729 2413 διαρκεῖ.
753 2379 785 2405 οὑ
800 2378 855 2414 γὰρ
872 2379 974 2413 ἁπλῶς,

187 2419 249 2445 οὐδὲ
264 2420 426 2456 αὐτομάτως
438 2421 506 2456 ἡμῖν
519 2421 536 2455 ἠ
552 2422 619 2456 πρὸς
632 2421 693 2448 θεὸν
707 2422 802 2457 ἀγάπη
819 2423 974 2456 ἐγγίνεσθαι

189 2465 320 2500 πέφυκεν,
345 2466 414 2494 ἀλλά
439 2467 484 2494 διὰ
508 2467 614 2494 πολλῶν
640 2467 744 2500 πόνων,
768 2469 815 2495 καὶ
850 2469 976 2504 μεγάλων

188 2512 348 2547 φροντίδων,
363 2514 413 2540 καὶ
437 2513 597 2548 συνεργειας
612 2514 663 2549 τῆς
679 2514 725 2541 τοῦ
739 2514 868 2551 Χριστοῦ,
886 2515 976 2549 καθὼς

1028 2332 1180 2367 quaesieras
1199 2339 1275 2363 eam,
1299 2330 1402 2365 inquit,
1426 2330 1503 2365 quasi
1526 2329 1681 2364 pecuniam,
1707 2331 1732 2353 et
1752 2327 1818 2353 sicut

1029 2379 1163 2406 thesauros
1189 2377 1306 2413 eﬂ'oderis
1330 2376 1407 2404 illam
1427 2384 1436 2404 :
1457 2380 1518 2402 tunc
1541 2374 1668 2410 intelliges
1700 2373 1819 2400 timorem

1028 2423 1145 2456 Domini,
1156 2428 1180 2451 et
1194 2423 1331 2450 scientiam
1342 2423 1390 2450 Dei
1398 2423 1513 2450 invenies
1523 2421 1571 2458 (6).
1587 2421 1634 2449 Dei
1650 2427 1716 2448 vero
1730 2419 1819 2447 scien—

1028 2471 1094 2498 tiam
1119 2469 1260 2497 ins’eniens
1284 2473 1312 2496 et
1334 2469 1462 2497 timorem
1489 2467 1659 2502 intelligens,
1685 2465 1764 2492 facile
1791 2470 1819 2492 et

1030 2515 1102 2552 quod
1121 2516 1245 2550 sequitur
1265 2520 1339 2543 recte
1352 2514 1488 2550 perﬁcies,
1503 2513 1606 2541 scilicet
1621 2517 1650 2539 ut
1663 2512 1816 2547 proximum

821 2597 949 2624 VARIAE
969 2595 1170 2624 LECTIONES.

210 2688 222 2694 _
253 2653 264 2688 )
283 2654 432 2695 coruom.
453 2655 527 2687 cod.,
555 2655 648 2684 addidi
676 2664 710 2684 ex
734 2657 805 2685 coni.
834 2673 870 2679 -—
884 2657 905 2689 ’δ
923 2658 968 2685 Sic
993 2657 1067 2690 θοὰ..
1088 2657 1159 2685 forte
1175 2657 1261 2684 mavis
1277 2657 1404 2683 ἑκάστου.
1437 2671 1472 2675 -
1487 2655 1507 2691 ³)
1523 2654 1567 2682 Sic
1583 2654 1656 2684 cod.,
1670 2653 1740 2679 forte
1763 2652 1816 2686 leg.

300 2689 320 2704 u
341 2688 386 2704 ευ.
399 2690 448 2704 ’.ΛΑ
487 2691 556 2704 ειη-ιη
572 2691 614 2704 1,...
638 2691 690 2704 -λ.-
763 2693 784 2704 ιι
800 2693 902 2704 πὼυηι
947 2693 994 2704 εει
1031 2692 1207 2704 _u,__._s_n_..
1285 2692 1296 2704 ι
1313 2691 1382 2704 ρ..--
1409 2691 1457 2704 ,υυι
1485 2690 1583 2704 r....l-..
1650 2689 1671 2704 1\
1686 2687 1742 2704 Ρη..
1775 2696 1816 2704 ν..-

187 2688 238 2723 τῷ.
251 2687 286 2709 ς-
300 2689 320 2749 ‘2
341 2688 386 2717 Sic
398 2690 472 2723 cod.,
487 2691 557 2718 forte
572 2691 624 2727 leg.
637 2691 699 2720 τὸν.
714 2708 750 2712 -
762 2693 784 2728 ⁸)
800 2687 927 2726 Emend,
945 2693 1006 2720 cod.
1029 2687 1219 2729 προηγεῖσθαι.
1236 2707 1271 2712 -—
1285 2692 1296 2707 ⁵
1313 2691 1469 2724 Corr.,cod.
1484 2687 1594 2725 ζυμίαν.
1606 2704 1640 2708 -
1650 2689 1671 2723 ⁷)
1686 2687 1754 2716 Cod.
1773 2696 1818 2722 μι-

192 2755 343 2790 μήσασθαι,
356 2763 370 2782 ε
389 2763 473 2791 supra
491 2756 582 2785 adscr.
599 2757 661 2786 ead.
689 2765 726 2786 m.
741 2758 809 2792 -⁸)
820 2758 910 2792 Corr.,
928 2759 990 2786 cod.
1006 2758 1125 2793 ἀκνῆτε.

947 2817 1073 2845 NOTAE.

242 2857 268 2920 ιζ
285 2858 364 2886 Rom.
379 2858 440 2891 XII,
454 2859 497 2887 l0.

242 2893 257 2920 Ξ
287 2893 354 2920 Luc.
367 2893 437 2920 XIV.
453 2895 496 2920 Η.

229 2893 268 2926 (2)
287 2893 354 2921 Luc.
367 2893 437 2926 XIV,
453 2895 496 2923 Η.

229 2928 268 2963 (3)
287 2928 369 2956 Marc.
383 2929 430 2963 IX,
445 2930 489 2957 54.

1056 2859 1095 2895 (ιι)
1117 2861 1211 2887 Matth.
1228 2860 1287 2891 XX,
1304 2860 1351 2886 28.

1057 2895 1096 2961 (Ξῖζ
1114 2895 1136 2922 ΙΙ
1153 2896 1215 2922 Cor.
1233 2896 1275 2925 iV,
1291 2895 1317 2921 5.

1059 2930 1085 2959 (6
1112 2930 1192 2957 Prov.
1210 2930 1241 2960 ll,
1260 2931 1288 2959 4.
1303 2930 1317 2956 5

1059 2930 1096 2960 (6)
1112 2930 1192 2957 Prov.
1210 2930 1241 2960 ll,
1260 2931 1288 2959 4.
1303 2930 1330 2956 5.
