2064 3152
265 195 317 224 427

889 195 917 222 S.
939 196 1078 224 MACARll
1097 195 1256 224 AEGYl‘Tll

1832 205 1882 232 4‘28

262 253 369 288 diligas.
383 251 475 279 Primo
488 250 561 278 enim
577 255 606 278 et
624 258 722 286 magno
735 251 827 279 labore
845 252 967 284 condito,
981 253 1049 280 alte-

1100 254 1237 289 εἴρηκενή
1254 254 1334 288 σοφία
1345 263 1351 269 ·
1367 254 1420 281 ἐὰν
1443 255 1496 292 γὰρ
1509 255 1640 290 ζητήσῃς
1663 256 1768 288 αὐτήν,
1789 266 1880 291 φησιν,

263 306 325 325 rum
344 298 404 329 hoc‘,
423 304 484 323 cum
504 296 594 323 minus
616 296 660 329 sit,
676 297 782 324 facilius
798 298 887 333 primo
904 298 1048 333 consequi-

262 348 322 375 tur;
343 342 390 370 sed
410 342 457 369 ubi
473 342 517 369 ille
537 342 720 375 desideratur,
734 351 785 370 nec
798 344 915 371 alterum
933 352 1002 379 pure
1020 349 1049 372 et

261 393 355 415 sancte
377 387 432 414 fiet.
452 387 519 414 Nam
535 387 581 422 qui
605 387 691 415 Deum
715 396 769 416 non
790 397 823 416 ex
843 394 898 416 tota
915 389 1005 417 anima
1021 395 1049 417 et

261 438 319 461 toto
343 433 424 460 eordc
445 433 545 468 diligit,
562 434 699 468 quomodo
719 434 867 462 salubriter
891 439 918 462 et
941 435 1049 464 sincere

260 480 376 507 fratrum
396 480 552 507 dilectionis
565 488 658 508 curam
676 485 763 515 gerat,
780 489 841 508 cum
856 489 976 509 amorem
994 490 1047 509 non

260 525 408 560 adimpleat
433 533 543 558 eorum,
570 533 619 561 per
647 534 717 562 quae
749 526 865 554 fratrum
893 527 1048 556 dilectionis

260 579 325 599 cura
343 572 463 607 geritur?
479 572 545 599 Nam
561 580 635 604 eum,
648 573 695 607 qui
713 573 750 600 ita
764 581 793 600 se
807 573 900 605 habet,
913 578 943 601 ut
959 582 1049 609 neque

261 621 345 645 totam
363 619 480 646 animam
493 626 570 646 suam
597 619 653 646 Deo
674 619 827 652 tradiderit,
846 628 897 648 nec
917 620 950 648 ad
974 621 1049 648 illius

261 665 387 692 trahatur
406 673 536 697 amorem,
555 666 688 695 inermem
713 666 854 694 inveniens
871 667 969 695 artifex
993 676 1049 695 ma-

260 711 336 738 litiae
357 711 435 740 facile
454 712 540 740 vincit
568 713 713 748 pravisque
738 713 950 748 cogitationibus
981 714 1047 741 sub-

259 757 363 784 vertit:
378 766 452 785 nune
468 758 578 793 quidem
599 759 729 791 elIiciens,
745 764 775 786 ut
793 760 885 795 gravia
903 759 1048 787 videantur

261 802 417 838 Scripturae
436 804 562 831 mandata
572 809 600 832 et
613 805 692 840 211
714 806 858 833 molestum
874 814 937 841 erga
951 806 1049 834 fratres

260 849 453 882 ministerium,
471 858 544 881 nunc
565 851 593 878 in
615 851 771 886 superbiant]
791 852 833 879 vel
858 856 993 879 tumorem
1014 859 1048 879 ex

260 895 319 931 ipsa
338 904 400 931 erga
419 903 567 924 conservos
586 905 651 924 cura
669 905 732 924 eum
749 898 877 929 eﬂ'erens,
892 898 971 932 eiq-ue
987 905 1048 933 per-

260 942 393 972 suadens.
423 942 578 978 implevisse
613 951 676 970 eum
715 944 843 971 mandata
869 943 992 975 Domini,
1021 948 1049 971 et

259 993 389 1021 magnum
407 994 466 1014 esse
482 987 509 1014 in
526 987 620 1014 coclis.
636 988 691 1015 Nec
710 996 792 1022 parva
812 988 879 1015 haec
900 988 1046 1023 iniquitas;

261 1032 344 1060 debet
367 1032 442 1060 enim
467 1033 570 1068 probus
595 1041 626 1060 ac
651 1033 786 1061 sollicitus
815 1041 911 1062 servus
934 1034 1049 1062 Domino

260 1078 432 1106 committere
454 1078 600 1114 probitatis
617 1079 762 1114 judicium,
780 1087 831 1106 nec
851 1079 909 1114 ipse
929 1087 978 1114 pro
997 1080 1050 1107 Do-

261 1123 337 1150 mino
353 1123 434 1150 iudex
452 1128 480 1151 et
501 1124 626 1151 laudator
645 1132 710 1151 suae
730 1124 816 1158 ipsius
833 1125 1050 1152 conversationis

261 1168 330 1196 fieri.
354 1169 381 1196 Si
402 1169 475 1196 enim
493 1169 550 1204 ipse
568 1169 614 1196 fiat
632 1169 723 1201 iudex,
739 1177 804 1196 vero
822 1169 912 1197 iudice
927 1174 1048 1201 extruso,

260 1221 313 1241 nec
331 1215 485 1243 mercedem
501 1215 564 1242 inde
581 1215 707 1250 accipiet,
724 1224 808 1250 quum
827 1220 889 1242 ante
903 1215 964 1242 eius
980 1216 1050 1242 iudi-

260 1260 335 1287 cium
359 1260 416 1295 ipse
436 1268 464 1288 se
485 1260 613 1288 laudibus
628 1269 659 1288 ac
674 1269 743 1288 vana
762 1261 796 1289 de
816 1269 844 1288 se
860 1261 988 1296 opinione
1006 1270 1049 1289 re-

261 1305 386 1342 pleverit.
409 1305 523 1341 Oportet
542 1307 615 1334 enim
637 1306 788 1334 secundum
811 1307 950 1342 eloquium
974 1307 1050 1334 Pauli

262 1349 390 1385 Spiritum
402 1351 450 1378 Dei
463 1353 640 1380 testimonium
653 1352 760 1379 reddere
782 1353 887 1388 spiritui
903 1358 990 1380 nostra
1000 1353 1050 1388 (l),

261 1404 352 1430 neque
375 1405 441 1423 vero
465 1403 559 1425 nostro
590 1398 692 1425 iudicio
720 1404 813 1426 nostra
842 1399 967 1426 iudicari.
991 1400 1051 1427 Non

262 1442 343 1474 enim,
360 1442 460 1477 inquit,
473 1443 516 1477 qui
533 1451 560 1470 se
575 1444 660 1478 ipsum
678 1444 851 1476 commendat,
868 1444 912 1471 ille
926 1445 1051 1480 probatus

261 1487 321 1518 erit,
337 1487 380 1514 sed
390 1496 465 1523 quem
476 1488 544 1515 Deus
554 1490 773 1524 continendam).
790 1490 840 1524 Qui
855 1498 919 1517 vero
935 1498 989 1517 non
1005 1499 1051 1518 ex-

262 1537 377 1567 spectat,
391 1534 438 1562 sed
453 1535 595 1568 praevenit
610 1535 683 1562 illius
702 1536 843 1568 iudicium,
860 1537 885 1563 in
905 1537 1049 1564 humanam

1098 298 1138 330 ὡς
1154 298 1305 332 ἀργύριον,
1323 298 1371 324 καὶ
1391 299 1432 331 ὡς
1448 300 1618 334 θησαυροὺς
1640 298 1844 333 ἐξερευνήσῃς
1859 298 1883 335 ⁸)

1098 342 1205 376 αὐτήν,
1220 344 1287 370 τότε
1303 343 1450 377 συνήσεις
1462 345 1556 378 φόϐον
1569 345 1673 378 κιψίου
1694 344 1744 370 καὶ
1759 343 1882 380 ἐπίγνω-

1098 397 1151 415 σιν
1169 389 1239 416 θεοῦ
1264 390 1416 424 εὑρήσεις.
1434 390 1495 417 Θεοῦ
1518 390 1546 417 δὲ
1572 390 1719 425 ἐπίγνωσιν
1732 389 1820 424 εὑρὼν
1837 393 1884 419 καὶ

1099 435 1181 469 φόϐον
1197 436 1295 468 συνείς,
1309 436 1408 471 ῥᾳδίως
1425 437 1472 463 καὶ
1488 437 1518 463 τὸ
1530 437 1629 471 ἐφεξῆς
1642 436 1836 471 κατορθώσεις,
1854 437 1885 464 τὸ

1098 482 1209 518 ἀγαπᾷν
1223 482 1295 517 λέγω
1310 483 1355 510 τὸν
1375 482 1498 518 πλησίον.
1511 482 1557 509 τοῦ
1581 482 1634 518 γὰρ
1651 481 1758 518 πρώτου
1772 482 1818 509 καὶ
1836 490 1884 517 με·

1099 528 1182 562 γάλου
1204 528 1284 555 πόνου
1311 528 1476 560 κτισθέντος,
1498 528 1529 554 τὸ
1557 527 1683 563 δεύτερον
1717 527 1826 554 ἔλαττον
1854 527 1884 554 ὃν

1098 573 1270 609 ἀπονώτερον
1284 573 1381 600 ἕπεται
1393 573 1441 600 τοῦ
1453 573 1573 609 πρώτου,
1592 574 1695 600 ἐκείνου
1709 573 1738 599 δὲ
1753 573 1790 608 μὴ
1808 573 1883 604 ὄντος

1099 621 1158 648 οὐδὲ
1171 622 1202 648 τὸ
1217 621 1344 658 δεύτερον
1360 621 1393 648 ἂν
1403 622 1508 655 γένοιτο
1521 622 1660 658 καθαρῶς.
1673 623 1687 648 ὁ
1698 622 1753 656 γὰρ
1767 622 1828 648 Θεὸν
1846 622 1884 656 μὴ

1099 667 1213 701 ἀγαπῶν
1228 667 1257 700 ἐξ
1270 667 1334 702 ὅλης
1347 667 1436 702 ψυχῆς
1447 667 1495 694 καὶ
1509 668 1539 700 ἐξ
1556 668 1619 703 ὅλης
1635 668 1757 703 καρδίας,
1775 667 1834 698 πῶς
1851 668 1884 694 ἂν

1099 712 1184 747 ὑγιῶς
1200 713 1245 739 καὶ
1257 713 1357 745 ἀδόλως
1370 713 1525 747 ἐπιμελοῖτο
1542 713 1592 748 τῆς
1606 713 1660 739 τῶν
1676 713 1798 747 ἀδελφῶν
1815 713 1885 746 ἁγά-

1099 767 1164 794 πης,
1178 759 1293 785 ἐκείνων
1311 758 1348 794 μὴ
1365 759 1476 794 πληρῶν
1490 760 1540 794 τὴν
1558 760 1680 794 ἀγάπην,
1690 759 1724 785 δι’
1739 756 1775 786 ὧν
1789 760 1886 793 ἐπιμε-

1099 803 1186 830 λεῖται
1196 803 1297 838 ταύτης
1310 804 1413 831 τούτων
1425 813 1432 836 ς
1445 805 1491 831 τὸν
1499 805 1553 839 γὰρ
1563 804 1650 836 οὕτως
1662 806 1768 840 ἔχοντα,
1781 805 1828 832 καὶ
1845 806 1882 840 μὴ

1098 849 1148 884 τὴν
1162 849 1250 884 ψυχὴν
1261 849 1325 884 ὃλην
1340 849 1472 876 ἀποδόντα
1487 849 1549 884 θεῷ,
1567 849 1635 884 μηδὲ
1643 851 1709 885 πρὸς
1718 850 1766 885 τὴν
1779 850 1884 876 ἐκείνου

1099 895 1294 930 κεκωνωμένον
1317 895 1338 930 ¹)
1354 895 1466 930 ἀγάπην
1484 894 1572 930 εὑρὼν
1589 895 1790 930 ἐξωπλισμένον
1805 896 1819 921 ὁ
1835 895 1885 930 τῆς

1099 941 1199 972 κακίας
1209 940 1334 976 τεχνίτης
1346 940 1487 976 χειροῦται
1499 940 1598 976 ῥᾳδίως
1608 940 1748 976 λογισμοῖς
1758 941 1885 975 πονηροῖς

1099 985 1295 1017 ὑποσκελίζων,
1314 985 1362 1012 νῦν
1378 986 1427 1021 μὲν
1443 985 1529 1021 βαρέα
1544 985 1687 1020 φαίνεσθαι
1699 985 1784 1012 ποιῶν
1794 986 1828 1012 τὰ
1835 985 1885 1020 τῆς

1098 1033 1207 1068 γραφῆς
1216 1032 1392 1067 ἐπιτάγματα
1403 1032 1450 1058 καὶ
1462 1032 1567 1067 ἐπαχθῆ
1574 1031 1623 1067 τὴν
1634 1032 1674 1063 είς
1686 1032 1748 1063 τοὺς
1755 1031 1886 1065 ἀδελφοὺς

1100 1078 1260 1114 Θεραπείαν,
1272 1077 1319 1104 νῦν
1329 1077 1358 1104 δὲ
1373 1077 1495 1112 ἐπαίρων
1507 1077 1546 1108 εἰς
1561 1075 1720 1108 ἀλαζονείαν
1734 1076 1750 1111 ἢ
1765 1075 1849 1111 τῦφον
1863 1077 1884 1107 ³)

1100 1124 1147 1151 ἀπ’
1159 1124 1243 1159 αὐτῆς
1258 1125 1307 1159 τῆς
1323 1123 1363 1155 είς
1378 1124 1441 1154 τοὺς
1457 1122 1621 1157 ὁμοδούλους
1633 1123 1654 1156 ι)
1668 1122 1817 1154 διακονίας,
1837 1121 1886 1148 καὶ

1100 1169 1201 1196 πείθων
1221 1170 1312 1201 αὐτόν,
1331 1169 1379 1200 ὡς,
1403 1169 1444 1195 ὃτι
1466 1168 1610 1204 ἐπλήρωσε
1632 1168 1680 1200 τὰς
1703 1167 1813 1199 ἐντολὰς
1837 1166 1885 1193 τοῦ

1100 1215 1207 1251 κυρίου,
1222 1215 1270 1241 καὶ
1285 1214 1343 1241 ἐστι
1371 1214 1458 1250 μέγας
1483 1215 1511 1241 ὲν
1531 1214 1665 1249 οὐρανοῖς.
1691 1214 1721 1240 οὐ
1739 1213 1836 1249 μικρὸν
1855 1213 1884 1240 δὲ

1100 1262 1179 1288 τοῦτο
1197 1261 1330 1296 ἁδίκημα’
1352 1261 1392 1288 δεῖ
1410 1261 1464 1296 γὰρ
1486 1260 1532 1288 τὸν
1553 1260 1647 1287 εὖνουν
1673 1260 1722 1286 καὶ
1742 1260 1886 1286 σπουδαῖον

1099 1305 1191 1331 δοῦλον
1202 1305 1240 1339 τῷ
1251 1304 1368 1340 δεσπότῃ
1382 1303 1522 1331 πιστεύειν
1537 1304 1586 1338 τῆς
1599 1302 1705 1334 εὐνοίας
1716 1302 1767 1337 τὴν
1783 1302 1886 1337 κρίσιν,

1101 1351 1168 1378 ἀλλὰ
1184 1352 1220 1387 μὴ
1245 1351 1326 1378 αὐτὸν
1338 1351 1360 1384 ⁵)
1375 1351 1436 1377 ἀντὶ
1461 1349 1510 1376 τοῦ
1535 1349 1665 1377 δεσπότου
1689 1348 1822 1382 δικαστὴν
1839 1348 1887 1374 καὶ.

1101 1398 1247 1432 ἐπαινέτην
1265 1398 1313 1432 τῆς
1334 1396 1417 1423 αὑτοῦ
1433 1396 1456 1431 ⁵)
1479 1395 1607 1430 γενέσθαι
1627 1395 1776 1426 πολιτείας.
1793 1394 1817 1420 εἰ
1831 1393 1887 1429 γὰρ

1101 1444 1181 1476 αὐτὸς
1200 1444 1307 1478 γένοιτο
1328 1444 1436 1479 κριτής,
1453 1443 1500 1470 τὸν
1525 1442 1651 1477 ἀληθινὸν
1676 1442 1887 1477 παρωσάμενος,

1101 1491 1160 1517 οὐδὲ
1175 1490 1220 1516 τὸν
1233 1490 1326 1524 μισθὸν
1338 1489 1442 1516 ἐκεῖθεν
1453 1489 1518 1521 ἔξει,
1531 1488 1584 1524 πρὸ
1594 1489 1642 1523 τῆς
1650 1488 1754 1514 ἐκείνου
1766 1488 1884 1524 κρίσεως

1102 1536 1196 1562 ἑαυτὴν
1210 1535 1231 1570 ⁷)
1249 1537 1304 1566 τοῖς
1321 1535 1442 1566 ἐπαίνοις
1458 1534 1504 1561 καὶ
1514 1536 1547 1569 τῇ
1562 1534 1649 1569 οίήσει
1670 1533 1886 1569 ἀποπληρώσας.

263 1578 361 1605 incidit
375 1579 500 1614 gloriam,
519 1580 649 1607 honorem
665 1581 717 1608 sibi
738 1581 810 1616 apud
825 1582 924 1608 fratres
939 1590 970 1608 ex
985 1590 1048 1617 pro-

1101 1580 1141 1607 δεῖ
1151 1581 1204 1616 γὰρ
1215 1580 1285 1607 κατὰ
1297 1581 1327 1607 τὺ
1341 1581 1430 1615 λόγιον
1443 1580 1548 1607 Παύλου
1571 1580 1603 1607 τὸ
1617 1580 1735 1614 ,πνεῦμα
1751 1579 1804 1606 τοῦ
1816 1578 1887 1606 θεοῦ

262 1624 330 1658 priis
350 1625 491 1652 laboribus
508 1634 654 1661 quaerens,
675 1631 703 1654 et
728 1636 810 1663 opera
838 1627 988 1654 inﬁdelium
1013 1628 1052 1655 fa-

261 1669 348 1696 ciens.
364 1670 484 1697 Inlidelis
499 1670 572 1697 enim
588 1675 638 1702 est,
655 1671 701 1706 qui
721 1672 853 1700 humanos
868 1672 985 1699 honores
1002 1681 1051 1708 pro

262 1714 427 1742 coelestibus
439 1720 566 1743 sectatur.
585 1717 619 1745 Ut
630 1717 686 1752 ipse
699 1717 797 1744 alicubi
818 1718 948 1745 Dominus
963 1719 1029 1748 dicit
1043 1728 1049 1746 ι

262 1760 397 1793 Quomodo
414 1770 456 1788 vos
469 1763 573 1797 potestis
585 1763 700 1796 credere,
713 1764 756 1799 qui
769 1763 882 1799 gloriam
895 1765 926 1791 ab
943 1765 1051 1791 invicem

262 1807 390 1842 accipitis,
407 1813 431 1834 et
449 1807 572 1843 gloriam,
591 1818 659 1844 quae
677 1819 692 1837 a
707 1810 762 1837 solo
775 1810 828 1837 Deo
843 1814 890 1842 est,
906 1819 956 1837 non
972 1819 1052 1846 quae-

263 1853 320 1880 νίιὶιι
335 1853 396 1888 (3)?
414 1853 448 1881 lis
465 1855 566 1890 quippe
583 1856 688 1883 similes
701 1864 759 1883 esse
773 1857 839 1883 mihi
852 1857 988 1889 videntur,
1004 1857 1051 1892 qui

262 1899 403 1930 inundant,
419 1903 488 1935 quod
504 1901 599 1936 deforis
609 1906 646 1928 est
663 1902 750 1929 colicis
770 1908 793 1929 et
811 1903 969 1938 paropsitlis,
982 1903 1051 1930 intus

263 1950 351 1972 (“item
370 1946 440 1981 pleni
457 1953 517 1974 sunt
533 1949 682 1976 omnimodo
700 1948 802 1976 malitia
819 1949 867 1984 (ί).
890 1949 986 1976 Videte
1003 1949 1052 1983 igi-

263 1997 320 2023 tur,
333 2000 367 2019 ne
390 1993 443 2020 tale
461 1993 527 2028 quid
548 1994 702 2029 patiamini,
722 1995 770 2022 sed
788 2003 896 2022 sursum
914 1996 1052 2024 elevantcs

262 2036 379 2067 animas,
398 2041 426 2063 et
439 2038 523 2065 solam
537 2046 630 2065 curam
647 2039 789 2071 habentes,
801 2044 832 2066 ut
843 2040 898 2066 Deo
912 2040 1051 2075 placeatis,

263 2089 353 2116 neque
373 2090 493 2118 unquam
515 2084 646 2111 memoria
666 2085 825 2111 coelestium
844 2085 987 2117 excidatis,
1005 2093 1052 2112 ne-

263 2134 316 2161 que
333 2127 403 2154 vitae
424 2128 505 2155 huius
522 2129 639 2156 honores
659 2130 808 2164 arripiatis,
826 2130 862 2157 ita
881 2131 992 2162 currite,
1004 2139 1051 2158 oc-

263 2173 400 2201 cultantes
419 2175 503 2201 verbo
520 2176 670 2202 certamina
685 2176 796 2203 virtutis
815 2184 896 2204 causa
914 2182 1051 2211 suscepta,

264 2227 299 2246 ne
322 2219 470 2254 quidquam
495 2221 617 2248 inveniat
646 2221 685 2253 is,
709 2222 756 2256 qui
788 2226 912 2249 terrenos
935 2222 1053 2250 honores

264 2265 396 2299 suggerit,
417 2267 489 2293 unde
517 2266 602 2302 rapiat
619 2268 738 2295 animam
757 2272 887 2300 vestram,
907 2273 935 2295 et
955 2276 989 2295 ex
1006 2277 1052 2295 ve-

264 2311 354 2338 ritatis
371 2311 475 2339 incuria
493 2313 525 2340 ad
544 2321 587 2340 res
607 2322 690 2340 vanas
703 2317 729 2340 et
743 2321 837 2341 errore
850 2315 945 2348 plenas
958 2314 1051 2341 detru-

262 2357 320 2384 dat.
334 2358 427 2393 Neque
442 2359 515 2387 enim
533 2359 645 2386 omnino
660 2359 802 2387 inveniens
818 2360 1051 2394 opportunitatem

263 2403 344 2437 212
370 2412 421 2430 nec
442 2404 595 2438 introitum,
611 2410 640 2432 ut
652 2414 708 2437 eos.
727 2414 842 2441 quorum
863 2406 969 2433 animae
993 2414 1053 2433 sur-

263 2457 324 2475 sum
342 2449 453 2485 degunt,
469 2451 600 2486 pelliciat,
616 2453 686 2486 perit
701 2453 823 2488 iacetque
838 2457 975 2485 mortuus;
989 2461 1052 2479 nam
1067 2484 1072 2488 _

264 2503 339 2523 mors
351 2501 393 2523 est
404 2496 516 2530 diaboli,
531 2498 664 2527 malitiam
677 2507 738 2526 esse
755 2498 872 2526 inertem
886 2503 914 2526 et
927 2499 1052 2526 otiosam.
1070 2490 1075 2520 ί

1101 1625 1325 1660 συμμαρτυρεῖν
1347 1625 1387 1657 τῷ
1411 1626 1556 1659 πνεύματι
1582 1624 1676 1659 ἡμῶν,
1703 1624 1769 1651 ἀλλὰ
1787 1624 1824 1659 μὴ
1851 1625 1886 1660 τῇ

1102 1672 1228 1708 ἡμετέρᾳ
1248 1672 1339 1707 κρίσει
1356 1671 1390 1697 τὰ
1403 1671 1526 1707 ἡμέτερα
1544 1671 1748 1705 δοκιμάζεσῦαι.
1764 1671 1799 1697 οὺ
1818 1670 1887 1704 γὰρ,

1102 1718 1195 1752 φησὶν,
1209 1719 1224 1744 ό
1237 1717 1346 1744 ἑαυτὸν
1363 1716 1518 1743 συνιστῶν
1529 1716 1614 1743 ἔσται
1627 1716 1648 1751 ⁸)
1662 1716 1794 1750 δόκιμος,
1817 1716 1888 1742 ἀλλ’

1102 1764 1138 1792 ὃν
1154 1766 1170 1791 ό
1185 1765 1285 1799 κύριος
1304 1764 1500 1798 συνίστησιν.
1521 1763 1535 1789 ὁ
1549 1763 1577 1789 δὲ
1596 1763 1632 1798 μὴ
1648 1763 1803 1798 ἀναμένων,
1820 1761 1888 1788 ἀλλὰ

1102 1811 1211 1845 φθάνων
1227 1810 1276 1846 τὴν
1292 1810 1396 1836 ἐκείνου
1412 1810 1514 1845 κρίσιν,
1535 1810 1574 1841 είς
1585 1809 1633 1841 τὰς
1650 1808 1824 1844 ἀνθρωπίνας
1843 1808 1887 1834 ὲκ-

1102 1857 1197 1883 πίπτει
1213 1856 1303 1889 δόξας,
1319 1855 1402 1891 τιμὴν
1421 1854 1510 1889 ἑαυτῷ
1532 1854 1580 1890 τὴν
1602 1855 1678 1890 παρὰ
1693 1853 1747 1880 τῶν
1765 1853 1887 1887 ἀδελφῶν

1101 1902 1134 1928 ὲκ
1146 1901 1199 1928 τῶν
1215 1901 1287 1928 ίδίων
1301 1901 1388 1927 πόνων
1404 1900 1674 1936 πραγματευόμενος,
1689 1899 1737 1926 καὶ
1760 1899 1845 1925 ποιῶν
1857 1899 1889 1925 τὸ

1101 1948 1156 1974 τῶν
1178 1948 1312 1974 ἁπίστωψ
1328 1946 1441 1977 ἄπιστος
1458 1946 1512 1982 γὰρ
1527 1947 1540 1972 ὁ
1564 1947 1613 1977 τὰς
1634 1945 1807 1981 ἀνθρωπίνας
1827 1945 1890 1971 ἀντὶ

1101 1994 1156 2021 τῶν
1173 1993 1306 2028 οὐρανίων
1322 1992 1445 2027 Θηρεύων
1455 1991 1538 2027 τιμάς
1549 2000 1555 2007 '
1567 1992 1604 2023 ὡς
1615 1991 1696 2023 αὐτός
1707 1991 1757 2018 πού
1771 1991 1792 2025 9)
1805 1999 1889 2026 φησιν

1101 2041 1116 2067 ὸ
1140 2039 1251 2075 κύριος·
1268 2038 1330 2071 πῶς
1351 2038 1482 2064 δύνασθε
1503 2037 1589 2072 ὑμεῖς
1612 2038 1775 2068 πιστεύειν,
1793 2037 1890 2068 δόξαν

1102 2085 1182 2120 παρὰ
1199 2084 1344 2119 ἀλλήλων
1356 2084 1389 2119 ¹⁰)
1405 2083 1618 2118 λαμϐάνοντες,
1641 2083 1690 2110 καί
1714 2083 1771 2117 τὴν
1795 2083 1891 2115 δόξαν

1103 2132 1160 2165 τὴν
1175 2130 1255 2165 παρὰ
1266 2130 1319 2157 τοῦ
1328 2130 1424 2164 μόνου
1438 2129 1508 2156 θεοῦ
1520 2130 1556 2156 οὺ
1570 2126 1696 2162 (Incite;
1710 2130 1779 2155 τισὶν
1791 2129 1824 2163 “)
1841 2127 1895 2155 οὖν

1103 2177 1220 2204 ἐοικέναι
1232 2185 1276 2212 μοι
1285 2175 1456 2211 ¹¹)δοκοῦσιν,
1465 2175 1490 2202 οἳ
1501 2175 1532 2211 ι’)
1546 2175 1600 2202 τοῦ
1614 2175 1758 2209 ποτηρίου
1768 2175 1817 2202 καὶ
1829 2174 1886 2208 τῆς

1104 2222 1271 2258 παροψίδος
1291 2221 1324 2248 τὸ
1343 2220 1429 2254 ἐκτὸς
1451 2221 1725 2254 περικαθαίρουσιν,
1749 2220 1836 2253 ἐντὸς
1854 2221 1891 2247 δὲ

1070 2260 1090 2287 ί)
1101 2268 1225 2303 μεστοῖς
1237 2266 1381 2299 παντοίας
1393 2263 1463 2293 οὖσι
1475 2266 1507 2299 Ι⁸)
1517 2266 1634 2298 κακίας.
1649 2266 1730 2301 ὁρᾶτε
1739 2263 1794 2293 οὖν.
1811 2266 1848 2300 μή
1863 2273 1890 2291 τι

1104 2315 1216 2341 πάθοιτε
1232 2313 1345 2342 τοιοῦτο.
1367 2312 1435 2339 ἀλλὰ
1455 2311 1512 2338 ἄνω
1531 2311 1622 2342 δόντες
1647 2311 1697 2342 τὰς
1719 2310 1816 2345 ψυχάς,
1842 2311 1891 2336 καὶ

1105 2361 1170 2396 μίαν
1189 2359 1295 2394 ἔχοντες
1326 2357 1453 2393 φροντίδα
1477 2357 1525 2383 τοῦ
1550 2357 1646 2392 ἀρέσαι
1663 2356 1702 2392 τῷ
1728 2357 1825 2392 κυρίῳ,
1843 2356 1890 2382 καὶ

1105 2405 1238 2440 μηδέποτε
1275 2404 1324 2438 τῆς
1359 2402 1413 2429 τῶν
1443 2401 1566 2437 οὐρανῶν
1592 2401 1734 2428 ἐκπίπτειν
1768 2402 1889 2436 μνήμης,

1106 2450 1173 2486 μηδὲ
1194 2451 1226 2485 ’³)
1246 2449 1373 2482 δέξασθαι
1394 2449 1443 2480 τὰς
1464 2448 1511 2474 τοῦ
1529 2447 1586 2484 βίου
1598 2447 1693 2474 τούτου
1708 2448 1802 2481 τιμάς,
1819 2447 1891 2474 οὕτω

1104 2496 1226 2532 τρέχετε,
1242 2495 1406 2532 κρύπτοντες
1419 2494 1457 2530 τῷ
1471 2495 1544 2529 λόγῳ
1560 2494 1622 2526 τοὺς
1639 2493 1709 2529 ὑπὲρ
1723 2493 1772 2529 τῆς
1789 2493 1891 2529 ἀρετῆς

901 2582 1028 2610 νΛΙὶΙΑΕ
1047 2580 1247 2608 LECTIONES.

319 2639 339 2674 ¹)
359 2640 450 2672 C0rr.,
476 2642 537 2669 eod.
566 2642 762 2678 ἑξερευνήσεις.
789 2658 822 2661 ——
846 2642 867 2673 ')
885 2642 922 2669 Ex
946 2640 1031 2671 coni.,
1053 2640 1113 2678 cod.
1146 2639 1342 2678 κεκυνωμένον.
1356 2638 1409 2678 Ἀη
1430 2640 1551 2678 praefers
1571 2639 1832 2678 κεκονισίμένονηνοξ
1850 2648 1893 2664 κε-

266 2670 429 2710 κινημένονῖ
444 2670 475 2695 ὲ-
487 2677 508 2710 ³)
521 2670 594 2704 (Ζοιίί
606 2670 714 2710 ξύων-ι.
729 2670 763 2698 4
777 2679 796 2708 ‘)
816 2670 942 2708 Euieud.,
955 2676 1016 2703 cod.
1026 2675 1178 2709 ὁμοδόλους.
1188 2689 1220 2693 —-
1233 2675 1242 2689 ⁵
1256 2670 1386 2705 Ἐιιιιιηιιὶ⁷
1403 2670 1463 2700 eod.
1481 2675 1575 2710 αὐτὴν.
1591 2689 1624 2693 ——
1637 2674 1658 2707 °)
1671 2670 1738 2700 Cod.
1752 2674 1845 2700 αὐτοῦ.
1857 2689 1893 2694 —-

265 2700 275 2724 ί
290 2700 361 2737 (Zoili
372 2700 474 2737 ἐαυτὼ.
494 2700 1116 2745 ζνῖ-έίο-ὧιίλλ-ηοιιἀοιῖτηόοό.
1133 2700 1198 2735 αὗτό
1211 2718 1290 2745 σπου.
1307 2700 1442 2745 ξηίδίιῑ
1465 2710 1492 2745 in
1506 2700 1566 2735 coll.
1588 2700 1656 2735 sine,
1668 2710 1846 2745 apostropho,
1862 2714 1893 2737 ut

266 2746 376 2780 passim.
395 2747 464 2780 —“)
484 2746 550 2774 Cod.
568 2748 649 2775 τίσιν.
664 2749 732 2782 —“)
748 2748 787 2775 Ex
800 2747 884 2779 coni.,
898 2743 959 2774 cod.
978 2746 1065 2772 ἔοικεν
1080 2745 1150 2779 ἐμοὶ.
1168 2760 1202 2763 --
1215 2745 1246 2779 ιδ)
1260 2743 1327 2771 Cod.
1346 2744 1379 2770 oi.
1393 2760 1426 2763 —-
1438 2745 1459 2760 “
1473 2744 1563 2777 Corr.,
1578 2744 1641 2772 cod.
1653 2743 1744 2779 οὔσης.
1759 2760 1792 2763 -
1805 2745 1838 2779 η)
1852 2745 1892 2772 Ea

266 2781 349 2812 t'ulli.,
369 2781 430 2808 cod.
449 2781 495 2816 μὴ.

303 2874 340 2903 (ll
363 2874 439 2900 llrnu.
458 2874 526 2903 V'lll,
547 2874 586 2900 I6.

302 2911 340 2944 (ιε)
361 2908 380 2935 ιι
396 2909 456 2937 Cor.
473 2909 505 2941 Χ,
527 2909 567 2935 ιδι

1128 2843 1174 2903 ‘(S)
1188 2871 1247 2898 Joh.
1265 2871 1297 2902 ν,
1317 2871 1358 2897 Μ.

1138 2907 1173 2941 (ι)
1193 2906 1285 2933 Matth.
1300 2906 1392 2939 χχιιι,
1411 2907 1454 2933 ~25.
