2064 3152
177 193 230 222 ‘99

882 196 1082 225 EPlSTOl.AE.

1751 192 1803 221 λιδο

179 249 299 284 ἀγῶνας.
315 249 389 281 ὅπως
403 250 500 285 μικρὸν
515 250 602 286 εὑρὼν
615 253 629 278 ὸ
643 251 686 283 τὰς
702 253 734 279 ἐκ
750 253 799 287 τ’ἠς
818 254 869 287 γῆς
884 253 967 288 τιμὰς

1025 253 1120 286 Quodsi
1143 261 1219 280 amor
1235 253 1281 280 Dei
1296 252 1374 280 vobis
1395 253 1476 284 inest,
1490 260 1600 279 necesse
1613 255 1655 278 est
1669 256 1698 278 et
1713 256 1804 279 cetera

178 293 346 326 ὕποδάλλων,
365 295 412 320 καὶ
435 295 560 321 ἐντεῦθεν
581 296 707 331 ἀρπάσας
731 297 808 332 ὑμῶν
832 298 876 324 τὸν
892 298 962 329 νοῦν,

179 339 212 365 ὲκ
226 338 275 373 τῆς
289 338 344 365 τῶν
365 338 497 374 ἀληθινῶν
518 340 644 375 ἀσχολίας
668 342 715 368 ἐπὶ
737 342 772 368 τά
801 343 902 377 μάταια
919 343 966 369 καὶ

179 383 284 418 πλάνης
308 385 394 419 μεστά
420 385 560 421 καταϐάλῃ
586 387 618 415 ί).
651 387 688 422 μὴ
713 387 801 422 εὑρὼν
821 388 848 414 δὲ
871 389 966 424 καιρὸν

178 428 246 460 ὃλως
272 429 341 464 μηδὲ
363 429 549 464 παρείσδυσιν,
567 431 608 462 είς
626 431 656 457 τὺ
678 431 802 459 δελεᾶσαι
830 434 893 465 τοὺς
910 433 966 460 ἀνω

178 475 239 505 ταῖς
262 474 363 509 ψυχαῖς
399 475 586 511 διατρίϐοντας
614 477 737 504 ἀπόλωλε
763 479 785 514 ⁸)
810 479 857 506 καὶ
878 481 966 506 κεῖται

177 519 286 555 νεκρόςο
305 521 418 554 θάνατος
432 521 486 556 γὰρ
503 521 624 549 διαϐόλου
639 523 668 550 τὺ
679 524 818 560 ἄπρακτον
835 525 906 561 ἔχειν
921 527 966 553 καὶ

178 566 359 602 ἀνενέργητον
370 567 419 603 τὴν
433 569 542 596 κακίαν.
559 570 670 605 ἀγάπης
681 569 727 597 οὖν
743 572 771 597 ὲν
788 571 851 606 ὑμῖν
864 572 968 608 παρούο

180 620 230 646 σης
242 612 289 639 τοῦ
299 612 360 638 θεοῦ
375 613 482 648 ἀνάγκη
498 614 545 640 καὶ
558 614 592 641 τὰ
605 614 686 642 λοιπὰ
695 615 782 652 ταύτῃ
793 616 966 649 συνέπεσθαι,

178 656 209 684 τδ
224 657 395 692 φιλάδελφον,
412 659 443 685 τὸ
457 660 555 695 πρᾶον,
582 660 612 687 τὸ
633 661 828 695 ἀνυπόκριτον,
849 662 881 688 τὸ
902 663 967 698 περὶ

179 703 228 735 τὰς
242 703 324 738 εὐχὰς
340 704 450 739 διαρκὲς
464 705 512 732 καὶ
533 706 687 737 σπουδαῖον,
704 707 752 733 καὶ
769 707 862 738 ἁπλῶς
877 708 967 734 πᾶσαν

179 749 294 785 ἀρετήν.
307 750 345 782 ὡς
357 743 404 777 ὀῦν
420 751 540 786 μεγάλου
550 752 597 778 τοῦ
606 753 743 788 κτήματος
754 752 830 785 ὄντος
843 754 968 789 μεγάλων

181 795 228 822 καὶ
249 795 338 822 πόνων
362 796 404 823 δεῖ
427 797 491 832 περὶ
505 797 554 832 τὴν
578 798 675 834 κτῆσιν
688 819 696 831 ,
720 799 750 825 οὐ
777 799 845 834 πρὸς
858 799 969 832 ἔνδειξιν

180 839 334 876 ἀνθρώπων
354 843 513 877 γινομένων,
530 843 588 869 ἀλλ’
601 845 640 875 εἰς
658 844 689 870 τὸ
704 844 802 880 ἀρέσαι
816 845 855 880 τῷ
882 847 969 881 κυρίῳ

181 886 221 921 τῷ
237 887 272 914 τὰ
287 887 398 923 κρυπτὰ
410 888 502 920 εἰδότι,
521 889 590 925 πρὸς
601 889 629 916 δν
641 890 681 916 δεῖ
697 890 804 926 βλέπειν
819 892 872 924 ἀεί,
882 892 929 919 καὶ
939 892 969 919 τὸ

1018 299 1094 326 illum
1118 299 1267 334 consoqui,
1294 306 1414 325 amorem
1436 299 1597 330 fraternum,
1619 296 1805 324 mansuetudi-

1017 351 1090 375 nem,
1110 344 1306 375 sinceritatem,
1328 343 1357 370 in
1377 344 1500 371 oratione
1521 342 1763 378 persevcrantiam,
1777 346 1805 369 et

1016 390 1121 422 zelum,
1141 394 1169 417 et
1194 389 1307 416 omnino
1327 397 1436 416 omnem
1467 389 1607 416 virtutem.
1639 388 1691 415 Sed
1720 396 1804 422 quum

1018 442 1132 469 magnus
1152 435 1188 462 sit
1207 435 1369 467 thesaurus,
1395 434 1484 469 magni
1500 434 1583 461 etiam
1609 433 1663 460 sint
1696 433 1806 460 labores

1016 487 1129 507 necesse
1154 485 1197 507 est
1229 480 1262 507 ad
1289 488 1351 507 eum
1382 479 1601 514 adipiscendum,
1621 478 1667 512 qui
1694 485 1747 504 non
1771 477 1805 503 ad

1017 526 1228 553 ostentationem
1250 526 1321 561 apud
1342 526 1467 552 homines
1488 526 1562 556 fiant,
1583 525 1629 551 sed
1652 529 1682 550 ut
1701 524 1806 559 placea-

1017 580 1079 600 mus
1104 573 1219 599 Domino
1237 572 1284 607 qui
1304 572 1381 599 novit
1406 570 1575 602 abscondita,
1594 578 1674 605 quem
1698 577 1806 603 semper

1017 618 1153 653 respicere
1162 618 1304 650 debemus,
1318 623 1344 645 et
1362 617 1493 644 interiora
1508 616 1592 643 animi
1608 615 1733 647 scrutari,
1747 615 1806 650 pie-

1019 665 1137 699 tatisque
1154 664 1262 691 munire
1283 663 1505 698 cogitationibus,
1519 670 1553 689 ne
1571 662 1713 688 introitum
1733 661 1807 688 inve-

1018 709 1077 736 niat
1095 717 1185 744 neque
1200 709 1289 736 locum
1304 707 1465 735 insidiarum
1481 707 1665 738 adversarius,
1679 714 1807 733 exercere

1018 760 1129 786 νει-ο,οι
1146 755 1246 781 ducere
1264 754 1297 781 ad
1319 753 1383 780 boni
1402 758 1430 781 ct
1447 753 1508 780 mali
1531 752 1714 788 cognitionem
1733 759 1809 778 mor--

1018 801 1083 829 bida
1092 800 1198 827 animae
1209 800 1340 827 membra.
1348 800 1480 827 Exercere
1494 803 1586 825 autem
1593 806 1651 825 eam
1662 797 1714 824 scit
1722 797 1808 823 Deum

1020 855 1137 882 sequens
1161 854 1237 873 mens
1259 850 1287 872 et
1312 850 1396 872 totam
1416 845 1534 872 animam
1553 844 1605 871 sibi
1626 843 1757 878 copulans
1774 842 1808 869 ad

1020 890 1097 918 illum
1114 898 1147 916 cx
1165 890 1212 916 Dei
1229 898 1330 922 amore,
1349 895 1377 918 et
1393 889 1508 916 occultis
1518 888 1629 916 virtutis
1639 887 1809 923 cogitationi—

182 932 255 959 ἔνδον
268 933 319 968 τῆς
327 934 416 968 ψυχῆς
430 933 468 960 διε
473 936 579 970 ρευνᾷν,
589 936 637 962 καὶ
645 936 814 972 περιφράσσε
819 945 842 962 ιν
853 938 909 969 τοῖς
919 938 968 973 τῆς

1025 936 1072 963 bus
1091 935 1336 970 mandatorumque
1352 935 1483 970 operibus
1500 933 1640 969 putridum
1662 940 1760 960 sanans
1782 937 1810 960 et

182 977 325 1009 εὐσεϐείας
338 977 489 1013 λογισμοῖς,
501 979 574 1010 ὅπως
589 979 627 1014 μὴ
642 980 816 1015 παρείσδυσιν
828 981 896 1018 εὕρῃ
910 982 971 1008 τινὰ

187 1023 255 1058 μηδὲ
270 1023 361 1058 χώραν
377 1024 544 1060 ἐπιϐουλῆςὸ
558 1025 703 1059 ἀντίδικος,
718 1026 868 1062 γυμνάζειν
881 1027 908 1053 δὲ
925 1028 973 1054 καὶ

183 1069 333 1104 προσάγειν
350 1070 418 1105 πρὸς
436 1070 484 1105 τὴν
498 1070 545 1097 τοῦ
562 1071 645 1098 καλοῦ
659 1072 705 1098 καὶ
723 1073 844 1108 πονηροῦ
858 1073 973 1107 διάγνω-

184 1123 227 1141 σιν
246 1115 280 1141 τὰ
297 1115 465 1151 ήσθενηκότα
484 1117 533 1151 τῆς
556 1117 646 1152 ψυχῆς
670 1117 750 1153 μέλη.
773 1118 922 1153 γυμνάζειν
944 1119 973 1146 δὲ

184 1160 268 1197 αὐτὴν
278 1159 347 1188 οἶδεν
359 1162 374 1188 ὁ
386 1161 425 1197 τῷ
436 1161 488 1197 θεῷ
497 1162 628 1198 ἑπόμενος
643 1163 664 1196 ³)
677 1163 739 1195 νοῦς
752 1164 799 1190 καὶ
813 1164 972 1195 συνοικίζων

185 1206 273 1242 ἑαυτῷ
290 1208 379 1233 πᾶσαν
405 1207 454 1243 τὴν
478 1207 567 1243 ψυχὴν
584 1208 652 1243 πρὸς
667 1209 769 1235 ἐκεῖνον
785 1209 817 1235 ἐκ
833 1209 883 1244 τῆς
904 1209 972 1244 προς

186 1252 248 1279 θεὸν
262 1252 382 1288 ἀγάπης,
407 1252 456 1279 καὶ
468 1253 522 1279 τῶν
540 1252 670 1288 κρυπτῶν
684 1255 733 1289 τῆς
748 1253 848 1289 ἀρετῆς
865 1253 974 1280 ἐννοιῶν

185 1299 233 1326 καὶ
245 1298 332 1334 ἔργων
351 1299 462 1334 ἐντολῆς
479 1298 593 1334 ἰώμενος
608 1299 637 1326 τὸ
653 1299 752 1334 σαθρὸν
767 1299 815 1326 καὶ
832 1299 975 1327 συνάπτων

185 1345 225 1380 τῷ
244 1344 358 1380 δυνατῷ.
373 1345 433 1372 ἐπεὶ
449 1342 496 1371 οὖν
513 1345 562 1380 μία
574 1345 632 1372 ἐστὶ
649 1345 754 1380 φρουρὰ
776 1345 823 1372 καὶ
842 1345 975 1381 θεραπεία

186 1390 288 1426 ψυχῆς,
313 1390 343 1417 τὺ
360 1390 514 1425 μεμνῆσθαι
534 1391 562 1417 ὲν
584 1390 660 1426 πόθῳ
681 1391 754 1423 θεοῦ,
780 1391 828 1418 καὶ
851 1391 895 1418 ἀεὶ
921 1391 975 1418 τῶν

187 1436 300 1470 ἀγαθῶν
313 1436 422 1472 ἔχεσθαι
437 1436 555 1468 ἐννοιῶν,
569 1437 605 1472 μὴ
618 1437 780 1472 ἀποστῶμεν
788 1437 838 1472 τῆς
848 1437 975 1473 τοιαύτης

190 1483 318 1519 σπουδῆς,
337 1483 386 1519 ἦτε
404 1483 549 1515 ἐσθίοντες,
561 1484 610 1519 ἦτε
625 1483 760 1515 πίνοντες.
785 1484 832 1519 ἦτε
846 1484 976 1519 ἠρεμοῦν-

190 1537 245 1561 τες,
268 1529 317 1564 ἦτε
337 1529 478 1560 ποιοῦντές
500 1538 537 1562 τι,
555 1529 572 1564 ἢ
589 1529 780 1564 φθεγγόμενοι,
799 1530 872 1562 ὅπως
888 1530 976 1557 πάντα

189 1574 226 1601 τά
239 1575 304 1610 παρ’
320 1575 385 1610 ἡμῖν
401 1575 441 1606 εἰς
456 1574 505 1609 τὴν
514 1575 561 1601 τοῦ
577 1574 637 1601 θεοῦ
652 1574 764 1610 συντελῇ
778 1574 866 1606 δόξαν,
880 1575 925 1602 καὶ
939 1575 976 1610 μὴ

190 1621 230 1652 εἰς
252 1620 300 1656 τὴν
315 1620 454 1656 ἡμετέραν
473 1619 573 1653 αὐτῶν,
596 1621 662 1656 μηδὲ
678 1620 726 1656 ἔχῃ
738 1620 832 1655 ⁸)τινά
850 1620 934 1655 ῥύπον
959 1621 976 1656 ἢ

191 1667 287 1702 κηλῖδα
301 1666 380 1702 ἡμῶν
391 1667 405 1693 ό
423 1666 480 1702 βίος
499 1668 532 1693 ὲκ
546 1668 597 1702 τῆς
609 1666 656 1693 τοῦ
678 1666 797 1702 πονηροῦ
813 1667 958 1700 ἐπιϐουλῆς
968 1673 976 1681 ·

191 1713 238 1740 καὶ
255 1713 341 1745 ἄλλως
358 1713 379 1748 ⁵)
393 1712 422 1739 δὲ
443 1714 499 1744 τοῖς
515 1713 644 1747 ἀγαπῶσι
659 1713 704 1739 τὸν
719 1712 779 1739 θεὸν
802 1712 912 1744 εὔκολος
932 1713 980 1739 καὶ

191 1759 257 1794 ἡδὺς
280 1758 335 1786 τῶν
352 1758 466 1785 ἐντολῶν
483 1759 497 1785 δ
512 1758 602 1790 πόνος,
626 1758 742 1793 ἐλαφρὸν
768 1758 815 1785 καὶ
831 1759 980 1794 ἐπέραστον

192 1804 258 1839 ⁴ἡμῖν
270 1803 316 1829 τὸν
332 1803 426 1837 ἀγῶνα
444 1803 494 1838 τῆς
514 1803 582 1839 πρὸς
597 1804 702 1830 ἐκεῖνον
715 1803 844 1838 ποιούσης
857 1803 978 1838 ἀγάπης.

192 1848 236 1875 διὰ
252 1848 331 1875 τοῦτο
346 1849 393 1875 καὶ
408 1850 422 1876 ὁ
447 1849 563 1883 πονηρὸς
588 1849 676 1875 πάντα
693 1848 855 1883 ἀγωνίζεται
869 1849 980 1884 τρόπον,

192 1894 317 1921 ἐκϐαλεῖν
328 1894 374 1920 τὸν
385 1893 431 1921 τοῦ
453 1894 549 1930 κυρίου
567 1894 649 1929 φόϐον
662 1894 716 1921 άπὸ
735 1894 789 1920 τῶν
810 1894 914 1930 ψυχῶν,
934 1895 981 1922 καὶ

190 1938 318 1966 διαλῦσαι
330 1939 379 1975 τὴν
394 1939 462 1974 πρὸς
477 1940 580 1966 ἐκεῖνον
600 1940 711 1975 ἀγάπην
733 1940 839 1975 ἡδοναῖς
864 1939 982 1975 παρανό-

192 1994 256 2022 μοις
280 1985 327 2012 καὶ
353 1986 479 2020 τερπνοῖς
502 1985 675 2021 ἀγκίστροις,
705 1985 882 2020 φιλονεικῶν,
907 1986 982 2017 ὅπως

194 2031 302 2069 γυμνὴν
323 2030 378 2057 τῶν
406 2031 597 2065 πνευματικῶν
616 2030 705 2057 ὅπλων
727 2031 748 2066 ⁸)
775 2031 823 2058 καὶ
845 2031 982 2067 ἄφρουρον

194 2076 286 2103 λαϐὼν
300 2077 351 2112 τὴν
365 2077 464 2112 ψυχήν,
482 2077 547 2108 τοὺς
560 2076 658 2108 πόνους
671 2077 750 2112 ἡμῶν
763 2077 916 2113 διαφθείρῃ,
934 2077 983 2113 τὴν

197 2123 230 2149 lx
246 2122 295 2157 τῆς
310 2122 363 2156 γῆς
383 2122 449 2157 ἡμῖν
465 2121 543 2155 δόξαν
566 2122 719 2156 ἐπεισάγων
784 2123 911 2158 οὐρανίῳ,
937 2123 983 2150 καὶ

197 2168 330 2195 ὲπιῦολῶν
346 2168 381 2195 τὰ
395 2168 479 2200 δντως
497 2167 567 2194 καλὰ
589 2169 645 2200 τοῖς
663 2168 786 2195 δοκοῦσιν
806 2167 874 2195 εἶναι
891 2169 984 2201 καλοῖς

196 2215 230 2250 τῇ
243 2214 296 2241 τῶν
310 2214 497 2249 άπατωμένων
515 2215 661 2249 φαντασίᾳ.
679 2214 765 2245 δεινὺς
777 2215 831 2250 γάρ
850 2216 908 2242 ἐστι
921 2215 982 2246 καὶ,

1022 987 1154 1018 quantum
1183 982 1247 1009 licet
1269 983 1447 1017 conjungcns.
1470 980 1558 1013 Quum
1581 984 1672 1006 autem
1696 986 1750 1005 una
1774 977 1810 1005 sit

1022 1026 1144 1053 custodia
1164 1030 1191 1052 et
1209 1033 1274 1052 cura
1291 1026 1408 1057 animae,
1425 1024 1472 1052 Dei
1493 1024 1599 1052 scilicet
1615 1031 1677 1051 cum
1700 1023 1809 1050 deside~

1023 1072 1064 1099 rio
1087 1071 1237 1104 recordari,
1252 1069 1281 1099 et
1305 1079 1413 1106 semper
1434 1071 1514 1098 bonis
1534 1069 1746 1104 cogitationibus
1769 1068 1811 1095 in-

1023 1117 1148 1149 haerere,
1164 1124 1197 1144 ne
1211 1117 1369 1144 excidamus
1385 1117 1430 1144 tali
1450 1116 1518 1148 zelo,
1537 1116 1594 1142 sive
1611 1115 1734 1146 edentes,
1753 1114 1810 1141 sive

1023 1163 1159 1195 bibentes,
1175 1162 1232 1190 sive
1249 1163 1340 1194 otiosi,
1357 1162 1414 1189 sive
1435 1166 1545 1196 agentes
1565 1160 1679 1195 aliquid,
1696 1160 1752 1186 sive
1772 1159 1811 1186 lo-

1024 1212 1149 1244 quentes,
1165 1213 1196 1235 ut
1221 1209 1322 1239 omnia,
1337 1216 1407 1242 quae
1437 1207 1561 1238 facimus,
1581 1207 1607 1233 in
1630 1204 1678 1233 Dei
1702 1205 1810 1232 laudem

1024 1255 1131 1287 cedant,
1149 1263 1204 1282 non
1229 1254 1256 1281 in
1274 1259 1393 1281 nostram
1414 1254 1545 1288 ipsorum,
1564 1260 1653 1287 neque
1669 1251 1734 1286 quid
1754 1258 1812 1277 sor—

1024 1301 1119 1329 didum
1136 1302 1178 1328 vel
1199 1301 1389 1328 immunditiae
1403 1301 1459 1328 vita
1474 1305 1567 1328 nostra
1578 1308 1611 1327 ex
1631 1299 1731 1327 diaboli
1747 1299 1812 1326 insi-

1025 1347 1078 1374 diis
1095 1347 1194 1374 trahat.
1216 1347 1360 1374 Praeterea
1379 1347 1464 1373 Deum
1486 1345 1663 1380 diligentibus
1680 1344 1766 1372 facilis
1785 1347 1813 1370 et

1025 1393 1117 1420 suavis
1139 1393 1328 1420 mandatorum
1350 1393 1438 1424 labor,
1461 1400 1546 1426 quum
1566 1392 1627 1418 leve
1649 1395 1677 1418 et
1697 1389 1813 1417 amabile

1026 1438 1106 1466 nobis
1127 1442 1266 1465 certamen
1292 1438 1388 1465 reddat
1414 1437 1487 1464 illius
1510 1444 1595 1464 amor.
1621 1436 1711 1469 Quare
1730 1435 1815 1463 etiam

1027 1484 1153 1512 diabolus
1167 1484 1241 1511 onmi
1260 1484 1340 1511 modo
1357 1483 1466 1514 nititur,
1486 1487 1515 1510 ut
1533 1483 1658 1510 timorem
1674 1480 1782 1509 Domini
1799 1487 1815 1507 e

1027 1531 1158 1558 cordibus
1182 1530 1297 1562 cvellat,
1323 1534 1351 1557 et
1377 1536 1497 1557 amorem
1523 1535 1587 1563 erga
1612 1523 1690 1555 illum
1711 1525 1816 1554 illicitis

1027 1575 1214 1611 voluptatibus
1237 1575 1421 1609 suavibusque
1444 1571 1532 1601 liamis
1546 1572 1686 1605 dissolvat,
1704 1576 1817 1599 conten-

991 1607 1012 1636 (ἶ
1030 1607 1135 1655 ditque,
1158 1624 1197 1653 ut,
1219 1627 1281 1647 cum
1304 1607 1542 1647 animam-nudam
1566 1617 1756 1652 spiritualibus
1774 1624 1817 1643 ar-

1029 1665 1081 1693 mis
1096 1669 1124 1692 et
1142 1665 1336 1692 incustoditam
1354 1663 1577 1699 deprehenderit,
1591 1666 1698 1690 nostros
1710 1662 1817 1689 labores

1029 1711 1135 1746 perdat,
1155 1715 1291 1737 terrenam
1317 1709 1397 1737 nobis
1420 1709 1533 1744 gloriam
1553 1716 1602 1743 pro
1621 1707 1732 1735 coelesti
1755 1715 1818 1742 sug-

1029 1763 1138 1791 gerens,
1152 1760 1180 1783 et
1193 1756 1343 1783 obscurans
1356 1761 1425 1790 quae
1440 1761 1504 1781 vere
1518 1753 1632 1789 pulchra
1647 1752 1727 1789 213
1743 1757 1816 1785 sunt,

1031 1802 1065 1829 iis
1086 1810 1155 1837 quae
1174 1801 1288 1836 pulchra
1307 1808 1367 1828 esse
1385 1799 1515 1827 videntur
1531 1798 1716 1834 imaginationi
1740 1797 1819 1825 dece-

1030 1853 1149 1883 ptorum.
1162 1847 1307 1875 Terribilis
1317 1847 1389 1874 enim
1399 1851 1488 1879 estet,
1499 1845 1667 1881 negligentes
1675 1845 1698 1872 si
1708 1844 1819 1871 invene-

1032 1894 1069 1920 rit
1088 1892 1224 1924 custodes,
1242 1892 1269 1919 in
1290 1892 1496 1927 opportunitate
1516 1890 1671 1927 arripienda
1686 1894 1714 1917 et
1731 1889 1819 1916 virtu-

1033 1938 1068 1966 tis
1090 1938 1231 1966 laboribus
1258 1937 1413 1972 irrependo,
1430 1940 1459 1964 et
1480 1937 1572 1964 tritico
1593 1944 1642 1963 sua
1659 1935 1763 1962 zizania
1779 1935 1821 1962 in-

1033 1984 1201 2017 terserendo,
1211 1984 1387 2012 maledictum
1399 1982 1505 2010 scilicet
1517 1986 1544 2010 et
1555 1982 1711 2017 superbiam
1721 1985 1749 2009 et
1761 1981 1820 2008 ina-

1032 2038 1094 2058 nem
1108 2030 1221 2065 gloriam
1234 2034 1262 2057 et
1271 2029 1384 2057 honoris
1399 2028 1555 2064 cupidinem
1573 2032 1601 2055 et
1617 2027 1821 2055 contentionem

1032 2081 1061 2104 et
1076 2081 1168 2104 cetera
1189 2076 1309 2104 malitiae
1328 2075 1460 2103 facinora.
1481 2073 1595 2110 Oportet
1612 2074 1695 2110 igitur
1711 2073 1821 2108 vigilem

1032 2131 1092 2151 esse
1114 2127 1143 2150 et
1158 2123 1279 2158 undique
1307 2123 1446 2150 custodire
1469 2121 1626 2157 inimicum,
1647 2124 1694 2152 ut,
1715 2119 1822 2148 etiamsi

1033 2169 1188 2197 machinam
1214 2169 1350 2204 quandam
1375 2168 1550 2204 impudenter
1574 2167 1713 2199 adhibeat,
1733 2165 1824 2201 prius-

1034 2224 1115 2250 quam
1136 2216 1254 2243 animam
1274 2215 1373 2250 capiat,
1391 2222 1454 2242 eum
1478 2214 1680 2250 propulsemus.
1705 2212 1824 2240 Memen-

199 2259 387 2294 ρᾳθυμοῦντας
397 2260 421 2285 εί
433 2260 456 2295 ⁷)
468 2259 536 2296 εὕρῃ
547 2259 609 2291 τοὺς
620 2259 754 2293 φύλακας.
769 2259 866 2294 κλέψαι
877 2259 972 2296 καιρόν

1037 2266 1091 2289 tote
1108 2270 1174 2289 vero
1190 2261 1258 2288 mihi
1279 2261 1362 2289 etiam
1383 2268 1503 2296 semper,
1521 2260 1595 2296 quod
1612 2259 1679 2287 Abel
1704 2258 1761 2286 Deo
1782 2265 1824 2284 sa-

199 2305 246 2330 καὶ
261 2305 431 2331 ἐπεισελθεῖν
445 2304 502 2335 τοῖς
518 2303 568 2339 τῆς
581 2303 682 2338 ἀρετῆς
699 2304 800 2336 πόνοις,
816 2304 863 2330 καὶ
878 2312 982 2337 συγκα-

199 2351 343 2385 τασπεῖραι
356 2349 395 2385 τῷ
408 2349 473 2384 σίτῳ
480 2349 514 2376 τὰ
524 2348 620 2376 ἑαυτοῦ
634 2348 752 2380 ζιζάνια,
767 2349 898 2385 λοιδορίαν
913 2349 984 2384 λέγω

198 2397 245 2422 καὶ
260 2395 345 2431 τῦφον
362 2396 410 2422 καὶ
433 2395 587 2427 κενοδοξίαν
607 2396 655 2421 καὶ
671 2395 753 2430 τιμῆς
772 2395 918 2430 ἐπιθυμίαν
938 2396 985 2422 καὶ

199 2442 257 2478 ἔριν
273 2443 321 2470 καὶ
333 2442 367 2469 τὰ
377 2442 459 2469 λοιπὰ
466 2442 516 2476 τῆς
526 2442 625 2474 κακίας
637 2442 876 2477 δημιουργήματα.
891 2443 931 2469 δεῖ
937 2441 984 2470 οὖν

199 2487 380 2523 ἐγρηγορέναι
396 2487 442 2514 καὶ
455 2488 548 2522 τηρεῖν
564 2486 696 2513 πάντοθεν
710 2487 755 2513 τον
770 2487 875 2523 ἐχθρόν,
899 2489 983 2521 ὃπως,

173 2544 176 2550 ν
198 2531 249 2559 κει-ι
263 2531 405 2568 προσϐάλῃ
415 2532 476 2558 τινὰ
499 2531 622 2566 μηχανὴν
637 2532 682 2557 ὑπ’
695 2532 897 2567 ἀναισχυντίας,
922 2534 986 2568 πρὶν

174 2707 184 2734 λ

199 2577 317 2612 ἅψασθαι
340 2578 391 2612 τῆς
415 2577 514 2612 ψυχῆς,
539 2577 772 2611 ἀποκρούσασθαι.
803 2579 986 2613 μνημονεύετε

198 2624 225 2650 δέ
237 2633 283 2659 μοι
298 2624 418 2659 συνεχῶς
427 2622 617 2654 κάκείνωνβτι
625 2622 706 2648 ’Ᾱϐελ
724 2623 772 2658 μὲν
784 2624 936 2658 προσέφερε
948 2625 987 2660 τῷ

199 2670 253 2705 0εῷ
265 2671 362 2697 θυσίαν
378 2670 430 2696 ἀπὸ
446 2668 629 2704 πρωτοτόκων
638 2667 782 2703 προϐάτων
794 2670 840 2695 καὶ⁴
856 2670 986 2703 στεάτων,

1035 2307 1170 2335 orificium
1193 2308 1228 2335 de
1251 2307 1382 2343 primitiis
1409 2308 1502 2334 ovium
1527 2311 1555 2334 et
1579 2306 1690 2341 adipum
1713 2303 1823 2335 obtulit,

1035 2353 1102 2381 Cain
1117 2362 1182 2381 vero
1196 2354 1229 2381 de
1245 2353 1380 2381 fructibus
1396 2357 1496 2385 terrae,
1512 2352 1560 2380 sed
1575 2360 1630 2379 non
1645 2351 1679 2378 de
1695 2349 1825 2385 primitiis

1034 2400 1183 2427 fructuum.
1195 2399 1229 2426 Et
1238 2399 1360 2435 respexit,
1372 2398 1471 2434 inquit,
1483 2398 1554 2425 Deus
1565 2397 1599 2424 ad
1607 2395 1738 2428 sacriﬁcia
1749 2393 1823 2425 Abel,

1037 2446 1071 2472 ad
1084 2453 1194 2472 munera
1206 2444 1273 2472 Cain
1287 2449 1375 2472 mitem
1390 2452 1442 2471 non
1463 2442 1635 2479 respexit“).
1648 2441 1724 2474 Quae
1742 2439 1826 2475 igitur

1038 2491 1168 2518 historiae
1184 2491 1307 2518 utilitas?
1329 2490 1459 2523 Discitur,
1476 2497 1558 2524 quam
1575 2488 1756 2523 beneplacens
1771 2487 1826 2514 Deo

1038 2544 1119 2564 omne
1143 2537 1188 2568 sit,
1208 2537 1281 2571 quod
1296 2545 1358 2564 cum
1374 2537 1471 2564 timore
1489 2540 1517 2564 et
1537 2535 1589 2562 fide
1605 2534 1645 2566 fit,
1659 2541 1749 2570 neque
1762 2541 1827 2560 vero

1038 2581 1066 2607 id
1085 2581 1158 2616 quod
1174 2586 1332 2616 sumptuose
1349 2581 1407 2608 sine
1424 2588 1516 2608 amore
1537 2580 1687 2615 perﬁcitur.
1707 2579 1763 2606 Nec
1779 2579 1828 2605 ali-

1039 2631 1081 2654 ter
1098 2627 1234 2654 Abraham
1255 2635 1270 2654 a
1291 2627 1490 2654 Melchisedech
1512 2626 1732 2654 benedictionem
1751 2632 1828 2652 acce-

1040 2672 1089 2706 pit,
1105 2673 1157 2700 nisi
1173 2673 1255 2700 etiam
1270 2673 1404 2708 primitias
1415 2677 1443 2700 et
1454 2673 1545 2708 opima
1559 2673 1677 2700 offerens
1692 2670 1827 2698 sacerdoti

831 2728 958 2759 VARIAE
977 2729 1178 2759 LECTIONES.

253 2774 262 2790 ‘
275 2771 370 2814 )_§od.
387 2771 552 2814 καταϐάλλεη.
566 2771 638 2814 '—")
651 2770 718 2798 Cod.
732 2771 876 2814 ριπὼλωλε.
889 2773 960 2814 τ-ί)
976 2773 1044 2814 C_od.
1066 2776 1249 2814 ὲπόμενος.-
1265 2776 1383 2812 ⁸)(Ξοιτ.,
1402 2776 1463 2814 cod.
1478 2777 1570 2814 ἔχειν.
1602 2792 1636 2797 -
1657 2776 1680 2812 ⁵)
1697 2775 1826 2810 Emend.,

202 2809 262 2837 cod.
278 2806 368 2839 ἄλλος.
388 2822 424 2826 -—
438 2807 458 2841 ⁸)
474 2806 541 2834 Cod;
566 2806 666 2833 ὗπλων.
685 2820 720 2825 -
732 2806 754 2841 ⁷)
779 2808 803 2833 εἰ
830 2814 884 2834 om.
906 2806 1048 2842 librarius,
1068 2806 1126 2839 sed.
1150 2806 1191 2839 mf
1206 2806 1282 2839 corr:
1300 2806 1384 2847 supra
1401 2806 1542 2839 adscr.'bl.

955 2868 1080 2898 NOTAE.

240 2903 278 2939 (l)
299 2903 397 2931 (lenes.
415 2901 457 2933 ιν,
474 2901 500 2928 ιι,
