2064 3152
259 178 313 207 ιὸὅ

904 185 932 213 S.
951 185 1093 214 MACABII
1111 187 1270 217 AEGYPTH

1842 200 1895 228 456

261 236 335 272 fuga.
354 237 469 273 Oportet
490 239 574 274 igitur
589 239 616 267 in
629 240 765 275 oratione,
786 247 817 270 ut
835 244 987 279 sapientem
1006 253 1038 280 ευ

1087 247 1210 282 χωρία,
1236 249 1457 287 ἀνυπομονησία,
1483 254 1530 280 καὶ
1555 253 1590 281 τὰ
1615 254 1697 283 λοιπά
1721 257 1771 293 τῆς
1793 259 1893 293 κακίας

229 293 232 296 ’
261 283 448 317 bernatorem,
464 285 599 313 collocare
613 286 745 320 animum,
761 295 812 316 nec
832 297 953 324 unquam
973 298 1052 318 men-

262 333 317 356 tem
332 329 537 357 turbationibus
555 331 666 367 maligni
680 333 795 368 spiritus
806 334 948 369 praebere,
963 343 1052 371 neque

261 374 336 402 illius
358 374 491 402 ﬂuctibus
516 376 700 411 circumferri,
725 379 773 406 sed
797 380 880 408 rectis
901 381 990 409 oculis
1016 382 1051 410 ad

260 424 373 454 portum
395 420 542 448 caelestem
569 423 706 458 respicere
728 429 757 452 et
777 425 895 453 animam
916 427 1050 462 integram

258 465 376 492 reddere
392 466 465 499 Deo,
480 467 526 501 qui
545 476 606 495 eam
626 469 679 504 ipsi
699 471 871 499 concredidit
892 477 920 500 et
939 474 1048 508 repetit.

257 510 352 545 Neque
371 512 445 539 enim
461 513 490 540 in
507 521 595 549 genua
617 516 798 550 procumbere
810 537 818 550 ,
838 521 866 545 et
885 518 914 545 in
937 519 1050 548 modum

256 563 353 583 eorum
367 558 414 591 qui
430 558 520 586 iacent
531 559 558 586 in
568 560 692 588 oratione
702 562 823 595 extendi,
834 569 1048 592 consentaneum

256 605 298 629 est
310 602 469 638 Scripturae
483 609 512 632 et
526 605 738 641 beneplacitum,
755 613 846 636 mente
859 610 954 644 procul
966 619 982 638 δ
991 611 1048 639 Deo

257 652 382 681 vagante,
400 656 496 676 verum
511 658 621 678 onmem
637 651 834 687 cogitationum
853 655 1046 690 negligentiam

255 696 284 719 et
313 692 446 727 injustum
472 702 584 722 sensum
609 698 796 732 expostulare,
820 703 960 736 totamque
982 709 1045 729 cum

255 746 371 773 corpore
385 740 503 767 animam
522 743 639 770 orationi
656 744 864 780 tradere.Atqui
874 747 956 774 etiam
968 756 1046 782 prae-

254 785 338 819 positi
352 785 455 814 debent
477 787 523 825 tali
543 789 684 823 opitulari,
699 795 728 818 et
742 799 805 819 cum
820 793 894 820 omni
911 794 1044 823 sollicitu-

255 830 319 857 dine
335 835 363 858 et
379 833 553 867 correptione
567 836 674 863 nutrire
693 838 797 865 orantis
815 838 851 865 ad
873 840 1044 874 propositum

253 876 407 911 fervorem,
438 884 467 907 et
498 880 644 916 diligenter
669 883 744 911 illius
770 884 889 912 animam
915 894 1041 922 purgare.

252 923 356 951 Eorum
372 925 458 958 enim,
475 926 523 961 qui
545 928 582 955 ita
603 936 632 956 se
654 929 771 963 habent,
785 931 892 960 fructus
910 933 1044 962 virtutum
1061 933 1080 961 Β

252 977 338 1004 quum
355 971 471 999 infirmis
497 974 664 1008 ostenditur,
680 983 735 1003 non
763 978 851 1004 solum
873 979 910 1011 ei,
926 981 973 1014 qui
990 981 1044 1009 iam

251 1015 379 1049 profecit,
390 1017 438 1044 sed
453 1019 535 1046 etiam
547 1021 669 1054 parvulis
680 1026 708 1048 et
721 1021 846 1050 doctrina
858 1024 1044 1061 indigentibus

253 1061 284 1088 tit
299 1062 383 1095 utilis,
397 1066 542 1093 consolans
558 1074 606 1093 eos
621 1072 649 1094 et
663 1067 698 1094 ad
718 1068 899 1098 imitationem
917 1074 1043 1102 excitans

250 1115 360 1141 eorum,
381 1118 451 1144 quae
474 1112 577 1140 vident.
597 1113 714 1142 Fructus
729 1121 820 1144 autem
838 1118 961 1148 sincerae
979 1129 1043 1148 ora-

251 1154 337 1182 tionis
362 1161 427 1183 sunt
449 1158 610 1192 simplicitas
621 1180 627 1192 ,
644 1160 756 1189 dilectio
766 1182 773 1194 ,
793 1163 933 1192 humilitas
943 1187 949 1198 ,
963 1166 1042 1195 forti—

251 1200 328 1233 tudo,
344 1201 512 1235 innoceutia,
524 1209 550 1231 el
566 1213 636 1239 quae
653 1212 718 1234 sunt
732 1208 878 1243 eiusmodi,
895 1219 964 1246 quos
979 1218 1042 1242 ante

249 1247 384 1274 welestcs
399 1248 505 1276 fructus
519 1258 568 1284 per
580 1251 652 1278 hanc
665 1253 747 1280 vitam
757 1255 866 1283 solliciti
877 1257 905 1284 in
918 1259 1042 1287 oratione

249 1292 371 1320 hominis
382 1294 460 1322 labor
476 1296 521 1323 hic
534 1299 679 1332 germinat.
697 1299 809 1329 Talibus
824 1303 912 1331 oratio
928 1310 1042 1334 ornatur

248 1338 394 1367 fructibus.
409 1342 514 1374 Quibus
534 1352 632 1371 carens
652 1345 760 1373 inanem
778 1349 893 1384 suscipit
907 1351 1039 1380 laborem.

248 1385 330 1420 217
352 1387 409 1415 Nec
421 1388 511 1416 solum
526 1391 625 1423 oratio,
642 1392 690 1419 sed
709 1393 791 1421 etiam
812 1397 901 1424 omnis
918 1399 1040 1433 philoso—

247 1432 329 1466 phiae
343 1433 397 1464 via,
413 1441 428 1460 e
442 1435 488 1461 tali
504 1437 626 1470 germine
642 1443 715 1470 nata,
732 1448 795 1468 vere
808 1441 928 1471 iustitiae
944 1451 986 1473 est
997 1447 1040 1474 via

247 1482 277 1505 et
290 1477 325 1504 ad
341 1483 446 1505 rectum
457 1481 585 1514 perducit
597 1482 688 1511 ﬁnem.
705 1485 760 1513 illis
775 1493 864 1516 autem
879 1491 924 1525 qui
939 1492 1039 1526 spolia-

247 1527 292 1550 tus
307 1528 360 1557 est,
375 1525 401 1552 ei
415 1533 516 1554 vanum
533 1536 632 1556 nomen
648 1531 824 1567 relinquitur,
844 1541 871 1563 et
891 1525 1037 1566 stultorum

246 1568 384 1605 virginum
401 1571 499 1600 similis
517 1578 568 1606 est,
592 1576 693 1610 quibus
714 1583 836 1614 tempore
864 1585 1037 1614 necessitatis

245 1621 300 1641 non
312 1614 409 1643 aderat
416 1617 507 1644 oleum
520 1618 547 1645 in
561 1619 678 1648 thalamo
687 1622 736 1659 (1).
745 1624 804 1652 Non
812 1626 885 1654 enim
895 1628 1041 1659 habebam

246 1659 273 1674 ἔ..
287 1661 384 1674 ,ιηζηιέη
400 1662 489 1674 1......η
518 1664 542 1674 ,J
564 1670 569 1674 .
597 1666 613 1674 ,η
649 1667 659 1674 η
1035 1664 1041 1674 1

245 1659 275 1686 in
287 1661 385 1688 animis
399 1662 503 1696 lumen,
518 1664 630 1694 virtutis
647 1667 778 1703 fructum,
791 1679 880 1707 neque
893 1674 1033 1703 lucernam

247 1706 367 1740 Spiritus
382 1708 410 1735 in
433 1715 534 1738 incute.
547 1712 637 1745 Quare
654 1720 682 1741 et
699 1717 796 1744 stultas
809 1706 908 1747 merito
925 1723 1034 1750 vocavit

244 1760 292 1779 eas
301 1754 451 1789 Scriptura,
468 1756 613 1787 deficiente
631 1769 725 1789 earum
747 1764 859 1797 virtute,
873 1767 1032 1803 priusquam

243 1798 351 1826 veniret
367 1808 493 1835 sponsus,
508 1808 535 1830 et
551 1811 698 1840 propterea
714 1809 827 1838 miseras
847 1811 967 1840 thalamo
982 1822 1032 1841 su-

243 1851 329 1878 perno
344 1847 470 1875 exclusit.
488 1849 547 1876 Non
561 1851 634 1878 enim
650 1852 678 1879 in
696 1853 762 1888 ipsis
782 1857 904 1884 studium
918 1859 1032 1895 Virgilii-

244 1891 308 1918 tatis
320 1893 465 1926 reputavit,
478 1903 562 1929 quum
572 1899 821 1935 operatioSpiritus
835 1903 901 1937 ipsis
913 1891 1030 1934 deesset.

245 1937 280 1964 Et
293 1939 371 1966 valde
387 1941 496 1969 merito.
513 1942 621 1970 Etenim
636 1953 706 1979 quae
734 1947 838 1976 utilitas
853 1950 917 1978 vitis
930 1952 1030 1985 cultae,

242 1985 264 2010 si
284 1984 389 2013 fructus
405 1987 515 2021 desunt,
533 1996 646 2026 propter
657 2001 726 2027 quos
736 1994 858 2022 laborem
874 1998 949 2025 subit
961 1984 1032 2034 agri;

241 2031 316 2057 cola?
332 2032 407 2064 Quae
434 2035 538 2062 utilitas
555 2036 650 2064 ieiunii
670 2043 698 2066 et
719 2041 852 2069 orationis
874 2048 901 2070 et
922 2044 1031 2079 vigilia-

241 2083 312 2108 rum,
325 2078 348 2104 si
362 2086 415 2112 pax
431 2080 508 2108 deest
520 2086 548 2108 et
562 2082 673 2111 dilectio
684 2089 711 2111 et
725 2087 809 2114 ceteri
823 2089 926 2123 gratiae
945 2078 1031 2126 Spiri-

241 2127 285 2148 tus
308 2123 433 2157 fructus,
457 2133 528 2160 quos
552 2134 663 2157 sanctus
695 2138 840 2160 enumerat
867 2123 1030 2170 Apostolus?

239 2169 354 2196 Omnem
360 2171 433 2197 enim
447 2173 560 2200 sustinet
572 2174 692 2203 laborem
703 2183 813 2213 propter
823 2187 853 2207 ea
868 2187 974 2209 amator
982 2190 1029 2210 su-

239 2223 341 2250 pernae
350 2218 464 2251 patriac,
473 2220 573 2254 quibus
582 2221 700 2256 Spiritus
709 2225 867 2253 attrahitur.
875 2228 1026 2264 Etgratiae,

1104 293 1177 328 πάθη
1195 295 1241 321 καὶ
1256 296 1441 332 ἐνεργήματα,
1455 298 1488 325 δι’
1502 299 1520 326 ἃ
1533 300 1682 328 ἀπόλλυται
1701 303 1717 338 ὴ
1734 303 1808 339 ψυχὴ
1823 306 1894 332 κατὰ

1081 352 1083 357 ·
1104 339 1186 374 μέρος
1201 341 1380 379 άρπαζομὲνη
1394 345 1441 371 καὶ
1452 345 1639 381 αὑτομολοῦσα
1655 349 1723 383 πρὸς
1737 349 1783 376 τὸν
1796 350 1893 386 ἐχθρὸν

1102 385 1211 422 ἑαυτῆς.
1231 388 1284 424 χρὴ
1303 387 1349 416 οὖν
1370 391 1517 426 ἐφεστάναι
1540 394 1571 428 τῇ
1589 397 1747 431 προσευχῇ,
1767 385 1891 434 καθάπερ

1102 432 1184 467 σοφὸν
1198 435 1367 472 κυϐερνήτην
1377 458 1384 468 ,
1398 438 1445 464 τὸν
1465 438 1612 474 λογισμόν,
1629 441 1755 477 μηδαμοῦ
1769 442 1817 478 τὴν
1833 432 1889 471 διά-

1100 488 1175 507 νοιαν
1195 481 1331 508 ἐνδιδόντα
1351 483 1421 518 πρὸς
1443 485 1494 516 τὰς
1514 485 1562 512 τοῦ
1587 487 1708 522 πονηροῦ
1733 488 1889 523 πνεύματος

1098 527 1232 562 ταραχάς,
1250 528 1317 564 μηδὲ
1331 530 1388 561 τοῖς
1403 531 1508 558 ἐκείνου
1524 531 1628 567 κύμασι
1649 535 1887 571 συμπεριφερόμε-

1098 581 1154 606 νον,
1171 574 1228 600 ἀλλ’
1245 574 1310 601 εὐθὺ
1327 575 1459 610 βλέποντα
1479 578 1547 613 πρὸς
1571 579 1616 606 τὸν
1640 580 1697 607 ἀνω
1715 580 1825 616 λιμένα,
1843 583 1887 610 καὶ

1096 619 1185 655 ψυχὴν
1201 620 1328 656 ἀκέραιον
1353 622 1373 658 ¹)
1394 623 1556 651 ἀποδιδόντα
1580 624 1619 661 τῷ
1642 628 1820 655 πιστεύσαντι
1841 630 1887 656 καὶ

1097 665 1258 694 ἀπαιτοῦντι
1272 667 1335 703 θεῷ.
1351 669 1381 695 οὐ
1395 669 1450 706 γὰρ
1464 670 1494 696 τδ
1511 673 1603 698 πεσεῖν
1617 672 1665 699 ἐπὶ
1679 673 1744 707 γόνυ
1761 675 1807 701 καὶ
1819 676 1885 711 σχή-

1098 719 1163 746 ματι
1177 712 1231 738 τῶν
1250 712 1283 739 δι’
1301 713 1383 749 εὐχὴν
1406 715 1541 750 κειμένων
1565 717 1729 745 ἐκτετάσθαι
1745 720 1887 747 σπουδαῖον

1095 757 1128 792 τῇ
1145 759 1237 793 γραφῇ
1260 759 1307 786 καὶ
1322 761 1344 794 ')
1361 760 1520 795 εὐάρεστον,
1542 762 1592 797 τῆς
1615 762 1734 796 διανοίας
1762 764 1815 797 ἔξω
1838 766 1887 793 τοῦ

1095 802 1157 830 θεοῦ
1173 804 1353 841 πλανωμένης
1366 807 1398 841 ³),
1414 807 1482 835 ἀλλά
1497 808 1527 835 τὸ
1541 810 1630 836 πᾶσαν
1646 811 1816 839 ὲκκαλοῦντα
1831 813 1887 840 τῶν

1094 849 1233 886 λογισμῶν
1246 850 1382 887 ῥαθυμίαν
1400 862 1429 880 τε
1439 854 1486 880 καὶ⁹
1500 855 1590 882 ἄδικον
1605 855 1720 889 ἔννοιαν,
1735 857 1799 893 ὅλην
1817 858 1886 893 μετά

1093 895 1142 922 τοῦ
1155 896 1281 932 σώματος
1295 898 1441 926 ἀποδοῦναι
1465 900 1514 935 τὴν
1538 901 1628 937 ψυχὴν
1641 904 1701 934 ταῖς
1717 904 1821 938 εὐχαῖς.
1838 905 1886 931 καὶ

1095 942 1157 973 τοὺς
1189 944 1366 978 προεστῶτας
1403 945 1432 971 δὲ
1463 947 1516 982 χρὴ
1552 948 1814 984 ωναντιλαμὸάνειν
1846 949 1886 986 τῷ

1093 987 1216 1024 τοιούτῳ,
1228 990 1276 1016 καὶ
1290 990 1334 1017 διὰ
1349 991 1440 1027 πάσης
1455 993 1572 1028 σπουδῆς
1588 993 1635 1021 καὶ
1658 995 1801 1027 νουθεσίας
1818 996 1885 1031 τρέ-

1094 1042 1154 1068 φειν
1166 1035 1216 1070 τὴν
1231 1036 1296 1071 περὶ
1310 1036 1340 1062 τὸ
1357 1037 1536 1073 προκείμενον
1558 1039 1604 1065 τοῦ
1627 1040 1774 1076 εὐχομένου
1788 1041 1886 1068 ἐπιθυ-

1095 1080 1170 1115 μίαν,
1185 1081 1231 1107 καὶ
1246 1081 1388 1118 καθαίρειν
1402 1083 1524 1119 ἀκρισῶς
1539 1085 1589 1121 τὴν
1603 1086 1698 1113 τούτου
1713 1087 1813 1123 ψυχήν.
1829 1087 1885 1115 τῶν

1092 1126 1147 1162 γὰρ
1160 1126 1246 1159 οὕτως
1262 1128 1400 1163 ἐχομένων
1410 1130 1424 1156 ὁ
1445 1131 1550 1166 καρπὸς
1573 1131 1626 1158 τῶν
1646 1133 1753 1168 ἀρετῶν
1768 1135 1824 1166 τοῖς
1840 1142 1885 1161 νο-

1094 1173 1185 1199 σοῦσιν
1203 1174 1424 1210 ἐπιδεικνύμενος
1438 1176 1468 1202 οὺ
1481 1175 1517 1212 τῷ
1533 1177 1700 1212 προκόψαντι
1711 1179 1803 1214 μόνον,
1814 1179 1885 1208 ἀλλὰ

1092 1219 1140 1245 καὶ
1156 1220 1213 1251 τοῖς
1232 1220 1272 1246 ἔτι
1288 1221 1398 1255 νηπίοις
1412 1221 1458 1248 καὶ
1471 1222 1610 1258 δεομένοις
1626 1224 1800 1257 διδασκαλίας
1815 1226 1885 1261 χρή-

1092 1273 1171 1300 σιμος
1183 1265 1289 1300 γίνεται
1307 1266 1343 1303 ⁸),
1360 1268 1528 1304 παρακαλῶν
1542 1270 1640 1302 αὐτοὺς
1652 1271 1699 1297 καὶ
1718 1272 1883 1308 προτρέπων

1091 1311 1131 1342 είς
1145 1311 1273 1347 μίμησιν,
1294 1309 1331 1339 ὧν
1347 1313 1441 1348 ὁρῶσι.
1457 1314 1560 1350 καρποὶ
1576 1315 1604 1342 δὲ
1620 1316 1784 1352 εἰλικρινοῦς
1797 1318 1881 1354 εὐχῆς

1092 1357 1222 1392 ἁπλότης,
1246 1358 1353 1394 ἀγάπη,
1384 1361 1633 1398 ταπεινοφροσύνη,
1651 1363 1794 1399 καρτερία,
1810 1365 1883 1391 ἀκα-

1090 1403 1148 1434 κία,
1173 1405 1221 1431 καὶ
1246 1404 1280 1431 τὰ
1305 1405 1429 1437 τοιαῦτα,
1448 1406 1466 1434 ἃ
1486 1407 1539 1442 πρὸ
1551 1407 1605 1435 τῶν
1624 1409 1740 1435 αίωνίων
1765 1411 1881 1446 καρπῶν

1091 1449 1167 1484 παρά
1183 1449 1229 1476 τὸν
1243 1450 1299 1485 βίον
1310 1452 1324 1478 ό
1337 1451 1384 1477 τοῦ
1398 1452 1541 1479 σπουδαίου
1556 1454 1620 1489 περὶ
1638 1454 1687 1489 τὴν
1702 1455 1784 1491 εὐχὴν
1799 1456 1881 1488 πόνος

1089 1496 1208 1524 ἐνταῦθα
1231 1497 1386 1532 βλαστάνει.
1408 1498 1514 1531 τούτοις
1540 1500 1607 1535 εὐχὴ
1635 1501 1834 1533 καλλωπίζεται
1856 1503 1878 1537 ⁵)

1089 1545 1144 1575 τοῖς
1157 1546 1284 1579 καρποῖς·
1297 1545 1439 1580 ἀποροῦσα
1458 1545 1486 1572 δὲ
1504 1545 1607 1572 τούτων
1628 1546 1744 1582 μάταιον
1763 1547 1880 1582 ἔχειτὸν

1091 1589 1179 1616 πόνον.
1200 1591 1246 1616 καὶ
1262 1590 1312 1617 οὐκ
1326 1591 1392 1627 εὐχὴ
1411 1592 1502 1628 μόνον,
1516 1592 1584 1619 ἀλλὰ
1600 1593 1647 1620 καὶ
1669 1595 1745 1620 πᾶσα
1770 1594 1880 1629 φιλοσο-

1087 1636 1151 1669 φίας
1168 1636 1244 1668 ὁδός,
1268 1637 1396 1672 τοιαύτην
1423 1639 1473 1674 μὲν
1497 1639 1594 1674 ἔχουσα
1610 1639 1660 1675 τὴν
1686 1639 1818 1676 βλάστην,
1833 1640 1872 1667 διε

1078 1681 1231 1722 ’καιοσύνης
1242 1681 1325 1714 ὅντως
1337 1682 1409 1708 ἐστὶν
1421 1683 1488 1716 ὁδός,
1496 1683 1543 1710 καὶ
1554 1684 1622 1719 πρὸς
1633 1684 1712 1720 ὀρθὸν
1721 1685 1876 1719 ἄγειτέλος·

1082 1726 1184 1754 τούτων
1209 1728 1237 1754 δὲ
1257 1729 1430 1764 ἐστερημένῳ
1457 1729 1535 1756 κενὸν
1557 1730 1642 1765 δνομα
1662 1731 1876 1765 καταλείπεται,

1076 1760 1131 1800 ’καὶ
1152 1775 1213 1804 ταῖς
1239 1760 1463 1809 μωραῖςμὲοικὼς
1486 1776 1651 1812 παρθένοις,
1673 1774 1719 1809 αἷς
1738 1778 1814 1814 παρά
1829 1778 1876 1806 τὸν

1083 1821 1178 1857 καιρὸν
1189 1821 1238 1856 τῆς
1253 1822 1347 1857 χρείας
1360 1823 1390 1849 οὺ
1405 1823 1495 1859 παρῆν
1505 1824 1534 1850 ὲν
1546 1823 1585 1859 τῷ
1596 1824 1720 1860 νυμφῶνι
1732 1825 1761 1851 τὸ
1773 1825 1874 1854 ἔλαιον.

1082 1866 1111 1892 οὗ
1123 1867 1177 1901 γὰρ
1190 1864 1262 1902 εἶχον
1276 1868 1306 1893 ἐν
1319 1869 1381 1899 ταῖς
1399 1868 1497 1904 ψυχαῖς
1513 1869 1543 1896 τὸ
1557 1869 1625 1904 φῶς,
1641 1870 1688 1896 τὸν
1708 1870 1758 1906 τῆς
1772 1871 1873 1906 ἀρετῆς

1084 1910 1198 1947 καρπόν,
1207 1911 1268 1937 οὐδὲ
1277 1910 1322 1937 τὸν
1335 1911 1381 1938 τοῦ
1394 1912 1548 1948 πνεύματος
1559 1914 1587 1939 ὲν
1601 1915 1634 1949 τῇ
1645 1913 1750 1950 διανοίᾳ
1762 1914 1872 1950 λύχνον.

1081 1955 1142 1982 ὅθεν
1155 1957 1202 1982 καὶ
1226 1958 1322 1992 μωρὰς
1343 1957 1457 1989 εἰκότως
1476 1958 1619 1994 ὠνόμασεν
1635 1960 1651 1995 ἡ
1669 1961 1774 1996 γραφή,
1788 1961 1874 1996 συληα

1082 2001 1192 2038 σθείσης
1200 2002 1220 2038 ⁵)
1232 2003 1320 2030 αὐτῶν
1330 2004 1380 2039 τῆς
1393 2004 1495 2040 ἀρετῆς
1507 2007 1572 2041 πρὶν
1586 2006 1674 2033 ἐλθεῖν
1686 2007 1732 2033 τδν
1744 2007 1871 2042 νυμφίον,

1081 2048 1126 2073 καὶ
1141 2048 1184 2074 διὰ
1193 2048 1271 2075 τοῦτο
1283 2048 1328 2075 τοῦ
1342 2049 1397 2076 ἄνω
1412 2051 1557 2086 νυμφῶνος
1571 2052 1619 2084 τὰς
1634 2052 1730 2085 ἀθλίας
1740 2054 1872 2081 ἀπέκλει-

1081 2102 1136 2121 σεν.
1156 2094 1186 2120 οὐ
1202 2094 1256 2130 γὰρ
1269 2095 1408 2130 ἐλογίσατο
1426 2097 1522 2128 αΰταῖς
1538 2097 1587 2133 τὴν
1605 2099 1722 2134 σπουδὴν
1737 2099 1787 2134 τῆς
1800 2109 1872 2136 παρ-

1080 2140 1170 2172 θενίας
1182 2140 1228 2166 τοῦ
1244 2141 1280 2176 μὴ
1292 2143 1420 2177 παρεῖναι
1430 2143 1480 2179 τὴν
1492 2143 1538 2170 τοῦ
1556 2144 1708 2180 πνεύματος
1718 2146 1870 2183 ἐνέργειαν.

1079 2186 1126 2212 καὶ
1143 2186 1214 2212 πάνυ
1232 2186 1355 2219 δικαίως.
1376 2189 1402 2215 τί
1425 2189 1480 2224 γὰρ
1495 2189 1590 2224 ὄφελος
1607 2190 1730 2225 ἀμπέλου
1749 2201 1871 2229 πεπονη-

1080 2233 1174 2268 μένης,
1185 2233 1299 2270 καρπῶν
1315 2235 1352 2270 μὴ
1366 2236 1518 2272 παρόντων,
1530 2233 1566 2263 ὦν
1577 2236 1668 2263 ἕνεκεν
1682 2238 1811 2273 ὑπομένει
1823 2239 1870 2266 τὸν

238 2269 308 2295 quae
320 2261 382 2289 inde
393 2265 524 2298 nascitur,
537 2268 674 2303 particeps
684 2269 772 2298 factus
783 2272 899 2300 fructum
909 2261 988 2302 all‘ert
999 2281 1027 2303 et

317 2309 410 2319 “mn,
430 2310 441 2319 ,.
476 2311 492 2319 ..
584 2314 600 2319 ..
722 2316 727 2319 .

1087 2261 1186 2305 τόνονό
1200 2261 1322 2316 γὲωργάξ
1332 2261 1381 2313 ;¹τί
1401 2261 1496 2316 κέρδος
1510 2261 1637 2316 νηστείας
1653 2283 1699 2308 καὶ
1715 2261 1869 2319 προσευχῆς

230 2315 299 2340 ,ευιιι
315 2309 414 2343 gaudio
429 2310 531 2338 fruitur
548 2314 655 2341 cultura
672 2316 739 2351 agri,
756 2325 836 2352 quam
859 2320 886 2347 in
909 2320 1023 2349 humili—

237 2357 292 2380 tate
312 2361 360 2381 sua
384 2359 411 2382 et
435 2357 526 2384 studio
543 2366 656 2393 operum
678 2361 797 2396 Spiritus
820 2365 905 2393 coluit
924 2367 1020 2401 gratia.

235 2398 349 2433 Oportet
363 2401 445 2436 igitur
460 2402 569 2431 labores
584 2406 715 2434 orationis
728 2413 756 2435 et
773 2409 868 2438 ieiunii
881 2417 908 2439 et
919 2419 1024 2441 cetero-

236 2451 296 2471 rum
312 2453 425 2480 operum
445 2455 506 2474 cum
521 2450 606 2476 multo
616 2452 713 2486 gaudio
726 2458 754 2480 et
766 2454 837 2482 bona
853 2464 900 2491 spe
917 2458 1021 2491 subire,

234 2489 315 2517 liores
332 2499 398 2519 vero
428 2493 553 2521 laborum
578 2500 606 2522 et
630 2497 737 2526 fructus
766 2489 880 2529 credere
902 2503 1021 2538 Spiritus

234 2542 293 2562 esse
306 2538 488 2571 operationes.
498 2539 572 2573 Quae
579 2542 602 2569 si
610 2543 672 2577 quis
681 2544 733 2572 sibi
742 2546 914 2576 adscribatet
925 2551 1019 2579 omnia

233 2580 290 2608 suis
303 2581 443 2611 laboribus
459 2585 603 2620 attribuat,
613 2596 663 2623 pro
677 2590 952 2623 immaroescibilibus
963 2595 1024 2624 fru-

1077 2326 1124 2351 καὶ
1141 2326 1295 2361 ἀγρυπνίας
1303 2347 1310 2358 ,
1325 2327 1436 2362 εἰρήνης
1446 2327 1568 2363 ἀπούσης
1582 2329 1628 2354 καὶ
1636 2328 1746 2364 ἀγάπης
1755 2329 1869 2356 καὶτῶν

1076 2370 1177 2398 λοιπῶν
1188 2372 1235 2406 τῆς
1244 2372 1290 2398 τοῦ
1300 2372 1455 2407 πνεύματος
1462 2372 1573 2409 χάριτος
1581 2374 1705 2409 καρπῶν.
1714 2374 1760 2406 οὓς
1768 2376 1782 2401 ό
1791 2375 1868 2410 ἅγιος

1076 2416 1273 2452 ἀπαριθμεῖται
1294 2418 1457 2452 ἀπόστολος;
1476 2419 1565 2446 πάντα
1581 2420 1635 2455 γὰρ
1652 2420 1797 2454 ὑφίσταται
1817 2421 1868 2448 πό-

1076 2470 1120 2488 νον
1138 2463 1240 2490 τούτων
1250 2463 1343 2491 ἕνεκεν
1366 2465 1380 2491 ὁ
1390 2464 1439 2500 τῆς
1454 2465 1510 2492 ἄνω
1524 2465 1616 2501 χώρας
1634 2467 1761 2503 ἐραστής,
1779 2468 1812 2494 δι’
1827 2465 1866 2494 ὧν

1075 2507 1218 2541 ἐφέλκεται
1234 2508 1264 2535 τὺ
1277 2508 1396 2544 πνεῦμα.
1406 2509 1453 2536 καὶ
1468 2510 1516 2545 τῆς
1532 2510 1636 2537 ἐκεῖθεν
1648 2511 1866 2546 μεταλαμϐάνων

1074 2553 1183 2588 χάριτος
1194 2556 1364 2590 καρποφορεῖ
1373 2555 1420 2582 καὶ
1429 2555 1560 2582 ἀπολαύει
1573 2556 1630 2592 μετ’
1638 2557 1807 2592 εὐφροσύνης
1815 2558 1866 2592 τῆς

1073 2599 1221 2634 γεωργίας,
1238 2599 1272 2636 ἢν
1285 2601 1314 2627 ὲν
1324 2601 1358 2636 τῇ
1374 2601 1471 2628 ἑαυτοῦ
1486 2603 1721 2638 ταπεινοφροσύνῃ
1739 2602 1786 2628 καὶ
1803 2603 1864 2628 ὲπι-

876 2663 1004 2693 νΑΒιΑΕ
1023 2665 1226 2696 LECTIONES.

268 2721 288 2774 ρ
301 2722 427 2774 Emend?
446 2723 512 2774 cod;
526 2724 679 2774 ἀκαίραιον.
709 2743 743 2747 --
757 2727 777 2763 ’)
859 2730 886 2758 in
907 2732 968 2774 cod.
989 2733 1207 2774 delere_studuit
1220 2746 1275 2766 rec.
1290 2747 1327 2766 m.
1359 2755 1395 2760 —
1408 2740 1428 2774 ‘)

1456 2740 1583 2776 Emend,
1600 2741 1661 2768 cod.
1677 2741 1861 2776 πλανομένης.

594 2756 599 2760 ,
769 2756 774 2763 ,
860 2756 886 2758 η-
910 2756 968 2759 ν‹--
991 2756 1082 2762 "Vnus;
1102 2756 1207 2765 ..τινα-ιιι.
1221 2756 1275 2766 ιιιυ.
1290 2756 1327 2766 ιιι.
1359 2756 1395 2760 —-
1420 2756 1428 2774 Ῑ
1456 2756 1583 2772 ululans”,
1600 2756 1661 2768 ι-υυ-
1677 2756 1861 2781 Ἃιιιυξνυμινιλςο

231 2756 512 2812 Ellum:
527 2759 587 2800 Cod.
606 2762 727 2812 γρῖηήῇαι.
745 2765 809 2799 --⁵)
826 2765 952 2801 Emend.,
964 2769 1026 2796 cod.
1042 2771 1242 2806 καλλοπίζεται.
1256 2775 1320 2810 -⁶)
1332 2774 1422 2808 Corn,
1442 2775 1503 2803 cod.
1524 2776 1693 2812 σ..εσθήσης,
1716 2777 1812 2805 literas
1827 2777 1862 2806 υλ

262 2801 266 2812 Ζ
311 2801 323 2812 Ε
344 2801 351 2810 \
364 2802 384 2812 ἐ
410 2803 441 2812 ΙΙΙ¹
456 2803 460 2808 ”
504 2803 564 2812 ΙδιὶΙΙΙ
596 2803 618 2812 η.
632 2806 637 2812 ι
652 2805 666 2812 ιι
683 2806 687 2812 ι

232 2792 324 2820 blattis
336 2792 485 2820 exstinctas
504 2795 576 2821 coni.
595 2792 699 2824 addidi.

975 2861 1101 2890 NOTAE.

267 2893 305 2928 (l)
321 2894 413 2922 Matth.
431 2896 511 2929 XXV,
533 2898 542 2924 l
562 2907 620 2934 sqq.
