  <div class='ocr_page' id='page_1' title='image "/cluster/home/n/w/nwhite01/storage/ocr_20150623/34/njp.32101077772547/240.png"; bbox 0 0 2064 3152; ppageno 0'>
   <div class='ocr_carea' id='block_1_1' title="bbox 195 202 248 230">
    <p class='ocr_par' dir='ltr' id='par_1_1' title="bbox 195 202 248 230">
     <span class='ocr_line' id='line_1_1' title="bbox 195 202 248 230; baseline 0 0"><span class='ocrx_word' id='word_1_1' title='bbox 195 202 248 230; x_wconf 63' lang='grc'><strong>157</strong></span> 
     </span>
    </p>
   </div>
   <div class='ocr_carea' id='block_1_2' title="bbox 900 203 1102 232">
    <p class='ocr_par' dir='ltr' id='par_1_2' title="bbox 900 203 1102 232">
     <span class='ocr_line' id='line_1_2' title="bbox 900 203 1102 232; baseline -0.005 0"><span class='ocrx_word' id='word_1_2' title='bbox 900 203 1102 232; x_wconf 83' lang='lat' dir='ltr'><strong>EPISTOLAE.</strong></span> 
     </span>
    </p>
   </div>
   <div class='ocr_carea' id='block_1_3' title="bbox 1769 204 1822 232">
    <p class='ocr_par' dir='ltr' id='par_1_3' title="bbox 1769 204 1822 232">
     <span class='ocr_line' id='line_1_3' title="bbox 1769 204 1822 232; baseline 0.019 -1"><span class='ocrx_word' id='word_1_3' title='bbox 1769 204 1822 232; x_wconf 63' lang='grc' dir='ltr'>ιτς</span> 
     </span>
    </p>
   </div>
   <div class='ocr_carea' id='block_1_4' title="bbox 198 257 983 296">
    <p class='ocr_par' dir='ltr' id='par_1_4' title="bbox 198 259 981 296">
     <span class='ocr_line' id='line_1_4' title="bbox 198 259 981 296; baseline 0.001 -11"><span class='ocrx_word' id='word_1_4' title='bbox 198 259 295 296; x_wconf 77' lang='grc' dir='ltr'>μελεὶᾳ</span> <span class='ocrx_word' id='word_1_5' title='bbox 305 259 359 285; x_wconf 82' lang='grc' dir='ltr'><strong>τῶν</strong></span> <span class='ocrx_word' id='word_1_6' title='bbox 369 259 458 294; x_wconf 78' lang='grc' dir='ltr'>ἔργων</span> <span class='ocrx_word' id='word_1_7' title='bbox 472 261 488 295; x_wconf 88' lang='grc' dir='ltr'>ἠ</span> <span class='ocrx_word' id='word_1_8' title='bbox 499 260 546 287; x_wconf 89' lang='grc' dir='ltr'><strong>τοῦ</strong></span> <span class='ocrx_word' id='word_1_9' title='bbox 557 260 710 295; x_wconf 82' lang='grc' dir='ltr'>πνεύματος</span> <span class='ocrx_word' id='word_1_10' title='bbox 724 259 880 296; x_wconf 83' lang='grc' dir='ltr'>ὲγεὼργησε</span> <span class='ocrx_word' id='word_1_11' title='bbox 891 259 981 296; x_wconf 83' lang='grc' dir='ltr'>χάρις.</span> 
     </span>
    </p>
   </div>
   <div class='ocr_carea' id='block_1_5' title="bbox 1034 257 1820 296">
    <p class='ocr_par' dir='ltr' id='par_1_5' title="bbox 1034 257 1820 295">
     <span class='ocr_line' id='line_1_5' title="bbox 1034 257 1820 295; baseline 0 -9"><span class='ocrx_word' id='word_1_12' title='bbox 1034 259 1123 286; x_wconf 89' lang='lat' dir='ltr'><strong>ctibus</strong></span> <span class='ocrx_word' id='word_1_13' title='bbox 1134 258 1188 286; x_wconf 87' lang='lat' dir='ltr'><strong>illis</strong></span> <span class='ocrx_word' id='word_1_14' title='bbox 1198 257 1285 286; x_wconf 86' lang='lat' dir='ltr'><strong>fastus</strong></span> <span class='ocrx_word' id='word_1_15' title='bbox 1296 258 1342 285; x_wconf 90' lang='lat' dir='ltr'><strong>tali</strong></span> <span class='ocrx_word' id='word_1_16' title='bbox 1359 264 1387 286; x_wconf 90' lang='lat' dir='ltr'><strong>et</strong></span> <span class='ocrx_word' id='word_1_17' title='bbox 1400 259 1528 293; x_wconf 89' lang='lat' dir='ltr'><strong>superbia</strong></span> <span class='ocrx_word' id='word_1_18' title='bbox 1543 259 1674 294; x_wconf 78' lang='lat' dir='ltr'><strong>quaedam</strong></span> <span class='ocrx_word' id='word_1_19' title='bbox 1691 259 1820 295; x_wconf 81' lang='lat' dir='ltr'><strong>gignitur.</strong></span> 
     </span>
    </p>
   </div>
   <div class='ocr_carea' id='block_1_6' title="bbox 198 303 983 342">
    <p class='ocr_par' dir='ltr' id='par_1_6' title="bbox 198 303 983 342">
     <span class='ocr_line' id='line_1_6' title="bbox 198 303 983 342; baseline -0.001 -9"><span class='ocrx_word' id='word_1_20' title='bbox 198 307 240 333; x_wconf 82' lang='grc' dir='ltr'>δεῖ</span> <span class='ocrx_word' id='word_1_21' title='bbox 252 303 299 332; x_wconf 78' lang='grc' dir='ltr'>οὖν</span> <span class='ocrx_word' id='word_1_22' title='bbox 315 306 379 337; x_wconf 78' lang='grc' dir='ltr'>τοὺς</span> <span class='ocrx_word' id='word_1_23' title='bbox 394 306 444 340; x_wconf 84' lang='grc' dir='ltr'>μὲν</span> <span class='ocrx_word' id='word_1_24' title='bbox 459 306 556 338; x_wconf 78' lang='grc' dir='ltr'>πόνους</span> <span class='ocrx_word' id='word_1_25' title='bbox 570 306 620 341; x_wconf 80' lang='grc' dir='ltr'>τῆς</span> <span class='ocrx_word' id='word_1_26' title='bbox 635 306 717 342; x_wconf 78' lang='grc' dir='ltr'>εὐχῆς</span> <span class='ocrx_word' id='word_1_27' title='bbox 731 306 779 332; x_wconf 83' lang='grc' dir='ltr'>καὶ</span> <span class='ocrx_word' id='word_1_28' title='bbox 791 306 918 341; x_wconf 80' lang='grc' dir='ltr'><strong>νηστείας</strong></span> <span class='ocrx_word' id='word_1_29' title='bbox 936 305 983 332; x_wconf 78' lang='grc' dir='ltr'>καὶ</span> 
     </span>
    </p>
   </div>
   <div class='ocr_carea' id='block_1_7' title="bbox 195 351 984 388">
    <p class='ocr_par' dir='ltr' id='par_1_7' title="bbox 195 351 984 388">
     <span class='ocr_line' id='line_1_7' title="bbox 195 351 984 388; baseline 0.001 -11"><span class='ocrx_word' id='word_1_30' title='bbox 195 351 249 378; x_wconf 87' lang='grc' dir='ltr'><strong>τῶν</strong></span> <span class='ocrx_word' id='word_1_31' title='bbox 262 351 364 377; x_wconf 83' lang='grc' dir='ltr'>λοιπῶν</span> <span class='ocrx_word' id='word_1_32' title='bbox 385 351 473 387; x_wconf 71' lang='grc' dir='ltr'>ἔργων</span> <span class='ocrx_word' id='word_1_33' title='bbox 488 351 556 386; x_wconf 83' lang='grc' dir='ltr'>μετὰ</span> <span class='ocrx_word' id='word_1_34' title='bbox 577 352 677 386; x_wconf 77' lang='grc' dir='ltr'>πολλῆς</span> <span class='ocrx_word' id='word_1_35' title='bbox 691 352 787 388; x_wconf 82' lang='grc' dir='ltr'><strong>ἡδονῆς</strong></span> <span class='ocrx_word' id='word_1_36' title='bbox 813 353 859 378; x_wconf 73' lang='grc' dir='ltr'>καὶ</span> <span class='ocrx_word' id='word_1_37' title='bbox 878 352 984 387; x_wconf 78' lang='grc' dir='ltr'>ἀγαθῆς</span> 
     </span>
    </p>
   </div>
   <div class='ocr_carea' id='block_1_8' title="bbox 197 396 984 432">
    <p class='ocr_par' dir='ltr' id='par_1_8' title="bbox 197 396 984 432">
     <span class='ocr_line' id='line_1_8' title="bbox 197 396 984 432; baseline 0.003 -10"><span class='ocrx_word' id='word_1_38' title='bbox 197 396 306 427; x_wconf 77' lang='grc' dir='ltr'><strong>ἐλπίδος</strong></span> <span class='ocrx_word' id='word_1_39' title='bbox 323 396 499 430; x_wconf 78' lang='grc' dir='ltr'><strong>ὑφίστασθαι,</strong></span> <span class='ocrx_word' id='word_1_40' title='bbox 514 397 549 424; x_wconf 67' lang='grc' dir='ltr'>τὰ</span> <span class='ocrx_word' id='word_1_41' title='bbox 565 397 592 424; x_wconf 85' lang='grc' dir='ltr'>δὲ</span> <span class='ocrx_word' id='word_1_42' title='bbox 609 397 676 432; x_wconf 74' lang='grc' dir='ltr'>ἄνθη</span> <span class='ocrx_word' id='word_1_43' title='bbox 687 398 740 424; x_wconf 88' lang='grc' dir='ltr'><strong>τῶν</strong></span> <span class='ocrx_word' id='word_1_44' title='bbox 755 398 854 429; x_wconf 84' lang='grc' dir='ltr'>πόνων,</span> <span class='ocrx_word' id='word_1_45' title='bbox 865 398 984 430; x_wconf 74' lang='grc' dir='ltr'>καὶτοὺς</span> 
     </span>
    </p>
   </div>
   <div class='ocr_carea' id='block_1_9' title="bbox 196 440 981 478">
    <p class='ocr_par' dir='ltr' id='par_1_9' title="bbox 196 440 981 478">
     <span class='ocr_line' id='line_1_9' title="bbox 196 440 981 478; baseline 0.003 -11"><span class='ocrx_word' id='word_1_46' title='bbox 196 441 320 477; x_wconf 86' lang='grc' dir='ltr'>καρπούς</span> <span class='ocrx_word' id='word_1_47' title='bbox 332 463 339 473; x_wconf 83' lang='grc'><strong>,</strong></span> <span class='ocrx_word' id='word_1_48' title='bbox 353 441 400 467; x_wconf 80' lang='grc' dir='ltr'><strong>τοῦ</strong></span> <span class='ocrx_word' id='word_1_49' title='bbox 418 442 572 477; x_wconf 84' lang='grc' dir='ltr'>πνεύματος</span> <span class='ocrx_word' id='word_1_50' title='bbox 585 440 654 469; x_wconf 73' lang='grc' dir='ltr'>εἶναι</span> <span class='ocrx_word' id='word_1_51' title='bbox 675 442 812 469; x_wconf 80' lang='grc' dir='ltr'><strong>πιστεύειν</strong></span> <span class='ocrx_word' id='word_1_52' title='bbox 831 443 981 478; x_wconf 69' lang='grc' dir='ltr'>ἐνεργείας.</span> 
     </span>
    </p>
   </div>
   <div class='ocr_carea' id='block_1_10' title="bbox 196 487 984 522">
    <p class='ocr_par' dir='ltr' id='par_1_10' title="bbox 196 487 984 522">
     <span class='ocr_line' id='line_1_10' title="bbox 196 487 984 522; baseline 0.001 -9"><span class='ocrx_word' id='word_1_53' title='bbox 196 488 222 514; x_wconf 82' lang='grc' dir='ltr'><strong>εί</strong></span> <span class='ocrx_word' id='word_1_54' title='bbox 237 488 290 522; x_wconf 81' lang='grc' dir='ltr'>γὰρ</span> <span class='ocrx_word' id='word_1_55' title='bbox 314 487 403 522; x_wconf 80' lang='grc' dir='ltr'>ἑαυτῷ</span> <span class='ocrx_word' id='word_1_56' title='bbox 419 496 460 519; x_wconf 86' lang='grc' dir='ltr'><strong>τις</strong></span> <span class='ocrx_word' id='word_1_57' title='bbox 474 488 606 522; x_wconf 73' lang='grc' dir='ltr'>λογίζοιτο</span> <span class='ocrx_word' id='word_1_58' title='bbox 623 488 723 519; x_wconf 83' lang='grc' dir='ltr'>ταῦτα,</span> <span class='ocrx_word' id='word_1_59' title='bbox 736 489 782 515; x_wconf 82' lang='grc' dir='ltr'>καὶ</span> <span class='ocrx_word' id='word_1_60' title='bbox 799 488 830 514; x_wconf 81' lang='grc' dir='ltr'>τὸ</span> <span class='ocrx_word' id='word_1_61' title='bbox 850 489 904 515; x_wconf 81' lang='grc' dir='ltr'>πᾶν</span> <span class='ocrx_word' id='word_1_62' title='bbox 918 488 984 514; x_wconf 84' lang='grc' dir='ltr'>ἀνα-</span> 
     </span>
    </p>
   </div>
   <div class='ocr_carea' id='block_1_11' title="bbox 197 533 984 570">
    <p class='ocr_par' dir='ltr' id='par_1_11' title="bbox 197 533 984 570">
     <span class='ocr_line' id='line_1_11' title="bbox 197 533 984 570; baseline 0 -10"><span class='ocrx_word' id='word_1_63' title='bbox 197 533 257 568; x_wconf 83' lang='grc' dir='ltr'>θείη</span> <span class='ocrx_word' id='word_1_64' title='bbox 269 535 326 565; x_wconf 81' lang='grc' dir='ltr'>τοῖς</span> <span class='ocrx_word' id='word_1_65' title='bbox 338 534 440 565; x_wconf 82' lang='grc' dir='ltr'>πόνοις,</span> <span class='ocrx_word' id='word_1_66' title='bbox 451 534 511 561; x_wconf 74' lang='grc' dir='ltr'>ἀντὶ</span> <span class='ocrx_word' id='word_1_67' title='bbox 523 534 576 560; x_wconf 87' lang='grc' dir='ltr'><strong>τῶν</strong></span> <span class='ocrx_word' id='word_1_68' title='bbox 587 535 733 570; x_wconf 79' lang='grc' dir='ltr'><strong>ἀκηράτων</strong></span> <span class='ocrx_word' id='word_1_69' title='bbox 743 535 855 561; x_wconf 78' lang='grc' dir='ltr'><strong>ἐκείνων</strong></span> <span class='ocrx_word' id='word_1_70' title='bbox 868 534 984 569; x_wconf 80' lang='grc' dir='ltr'>καρπῶν</span> 
     </span>
    </p>
   </div>
   <div class='ocr_carea' id='block_1_12' title="bbox 196 577 981 614">
    <p class='ocr_par' dir='ltr' id='par_1_12' title="bbox 196 577 981 614">
     <span class='ocr_line' id='line_1_12' title="bbox 196 577 981 614; baseline 0 -8"><span class='ocrx_word' id='word_1_71' title='bbox 196 577 341 610; x_wconf 76' lang='grc' dir='ltr'>ἀλαζονεία</span> <span class='ocrx_word' id='word_1_72' title='bbox 366 579 406 614; x_wconf 82' lang='grc' dir='ltr'>τῷ</span> <span class='ocrx_word' id='word_1_73' title='bbox 424 578 536 614; x_wconf 75' lang='grc' dir='ltr'>τοιούτῳ</span> <span class='ocrx_word' id='word_1_74' title='bbox 563 579 611 606; x_wconf 74' lang='grc' dir='ltr'>καὶ</span> <span class='ocrx_word' id='word_1_75' title='bbox 634 579 763 614; x_wconf 79' lang='grc' dir='ltr'>φρόνημά</span> <span class='ocrx_word' id='word_1_76' title='bbox 776 588 802 606; x_wconf 92' lang='grc' dir='ltr'><strong>τι</strong></span> <span class='ocrx_word' id='word_1_77' title='bbox 824 580 844 613; x_wconf 89' lang='grc'><strong>¹)</strong></span> <span class='ocrx_word' id='word_1_78' title='bbox 873 578 981 613; x_wconf 84' lang='grc' dir='ltr'>φύεται.</span> 
     </span>
    </p>
   </div>
   <div class='ocr_carea' id='block_1_13' title="bbox 198 624 984 660">
    <p class='ocr_par' dir='ltr' id='par_1_13' title="bbox 198 624 984 660">
     <span class='ocr_line' id='line_1_13' title="bbox 198 624 984 660; baseline 0 -9"><span class='ocrx_word' id='word_1_79' title='bbox 198 624 285 652; x_wconf 83' lang='grc' dir='ltr'>ταῦτα</span> <span class='ocrx_word' id='word_1_80' title='bbox 299 625 329 651; x_wconf 73' lang='grc' dir='ltr'>δὲ</span> <span class='ocrx_word' id='word_1_81' title='bbox 350 624 385 651; x_wconf 78' lang='grc' dir='ltr'><strong>τὰ</strong></span> <span class='ocrx_word' id='word_1_82' title='bbox 399 624 471 658; x_wconf 81' lang='grc' dir='ltr'>πάθη</span> <span class='ocrx_word' id='word_1_83' title='bbox 485 624 611 660; x_wconf 82' lang='grc' dir='ltr'>καθάπερ</span> <span class='ocrx_word' id='word_1_84' title='bbox 629 633 672 656; x_wconf 90' lang='grc' dir='ltr'><strong>τις</strong></span> <span class='ocrx_word' id='word_1_85' title='bbox 685 624 809 660; x_wconf 79' lang='grc' dir='ltr'><strong>σηπεδὼν</strong></span> <span class='ocrx_word' id='word_1_86' title='bbox 823 625 845 659; x_wconf 84' lang='grc'><strong>’)</strong></span> <span class='ocrx_word' id='word_1_87' title='bbox 857 626 915 656; x_wconf 80' lang='grc' dir='ltr'>ταῖς</span> <span class='ocrx_word' id='word_1_88' title='bbox 929 624 984 651; x_wconf 87' lang='grc' dir='ltr'><strong>τῶν</strong></span> 
     </span>
    </p>
   </div>
   <div class='ocr_carea' id='block_1_14' title="bbox 197 669 982 705">
    <p class='ocr_par' dir='ltr' id='par_1_14' title="bbox 197 669 982 705">
     <span class='ocr_line' id='line_1_14' title="bbox 197 669 982 705; baseline -0.001 -8"><span class='ocrx_word' id='word_1_89' title='bbox 197 670 316 697; x_wconf 74' lang='grc' dir='ltr'>εὐχύλων</span> <span class='ocrx_word' id='word_1_90' title='bbox 326 670 425 705; x_wconf 78' lang='grc' dir='ltr'><strong>ψυχαῖς</strong></span> <span class='ocrx_word' id='word_1_91' title='bbox 445 670 603 705; x_wconf 72' lang='grc' dir='ltr'><strong>ἐμφυόμενα</strong></span> <span class='ocrx_word' id='word_1_92' title='bbox 617 669 767 704; x_wconf 80' lang='grc' dir='ltr'>διαφθείρει</span> <span class='ocrx_word' id='word_1_93' title='bbox 783 670 830 696; x_wconf 74' lang='grc' dir='ltr'><strong>καὶ</strong></span> <span class='ocrx_word' id='word_1_94' title='bbox 847 669 982 696; x_wconf 84' lang='grc' dir='ltr'>ἀπόλλυσι</span> 
     </span>
    </p>
   </div>
   <div class='ocr_carea' id='block_1_15' title="bbox 195 711 982 749">
    <p class='ocr_par' dir='ltr' id='par_1_15' title="bbox 195 711 982 749">
     <span class='ocr_line' id='line_1_15' title="bbox 195 711 982 749; baseline -0.004 -8"><span class='ocrx_word' id='word_1_95' title='bbox 195 715 258 746; x_wconf 80' lang='grc' dir='ltr'>τοὺς</span> <span class='ocrx_word' id='word_1_96' title='bbox 279 715 387 746; x_wconf 82' lang='grc' dir='ltr'>πόνους.</span> <span class='ocrx_word' id='word_1_97' title='bbox 409 715 436 741; x_wconf 90' lang='grc' dir='ltr'><strong>τί</strong></span> <span class='ocrx_word' id='word_1_98' title='bbox 457 711 504 741; x_wconf 86' lang='grc' dir='ltr'>οὖν</span> <span class='ocrx_word' id='word_1_99' title='bbox 523 713 578 749; x_wconf 74' lang='grc' dir='ltr'><strong>χρὴ</strong></span> <span class='ocrx_word' id='word_1_100' title='bbox 591 715 677 741; x_wconf 80' lang='grc' dir='ltr'>ποιεῖν</span> <span class='ocrx_word' id='word_1_101' title='bbox 691 713 737 739; x_wconf 80' lang='grc' dir='ltr'>τὸν</span> <span class='ocrx_word' id='word_1_102' title='bbox 755 713 794 748; x_wconf 86' lang='grc' dir='ltr'>τῷ</span> <span class='ocrx_word' id='word_1_103' title='bbox 812 712 865 748; x_wconf 87' lang='grc' dir='ltr'>θεῷ</span> <span class='ocrx_word' id='word_1_104' title='bbox 888 712 936 739; x_wconf 81' lang='grc' dir='ltr'>καὶ</span> <span class='ocrx_word' id='word_1_105' title='bbox 949 713 982 748; x_wconf 81' lang='grc' dir='ltr'>τῇ</span> 
     </span>
    </p>
   </div>
   <div class='ocr_carea' id='block_1_16' title="bbox 196 757 983 794">
    <p class='ocr_par' dir='ltr' id='par_1_16' title="bbox 196 757 983 794">
     <span class='ocr_line' id='line_1_16' title="bbox 196 757 983 794; baseline -0.005 -7"><span class='ocrx_word' id='word_1_106' title='bbox 196 759 299 787; x_wconf 75' lang='grc' dir='ltr'>ἐκείνου</span> <span class='ocrx_word' id='word_1_107' title='bbox 324 759 414 792; x_wconf 76' lang='grc' dir='ltr'>ζῶντα.</span> <span class='ocrx_word' id='word_1_108' title='bbox 434 759 538 792; x_wconf 59' lang='lat' dir='ltr'><strong>etiam;</strong></span> <span class='ocrx_word' id='word_1_109' title='bbox 564 759 628 790; x_wconf 82' lang='grc' dir='ltr'>τοὺς</span> <span class='ocrx_word' id='word_1_110' title='bbox 654 759 703 794; x_wconf 84' lang='grc' dir='ltr'>μὲν</span> <span class='ocrx_word' id='word_1_111' title='bbox 719 758 789 794; x_wconf 84' lang='grc' dir='ltr'>ὑπὲρ</span> <span class='ocrx_word' id='word_1_112' title='bbox 810 757 859 793; x_wconf 84' lang='grc' dir='ltr'><strong>τῆς</strong></span> <span class='ocrx_word' id='word_1_113' title='bbox 883 757 983 794; x_wconf 80' lang='grc' dir='ltr'>ἀρετῆς</span> 
     </span>
    </p>
   </div>
   <div class='ocr_carea' id='block_1_17' title="bbox 196 803 982 840">
    <p class='ocr_par' dir='ltr' id='par_1_17' title="bbox 196 803 982 840">
     <span class='ocr_line' id='line_1_17' title="bbox 196 803 982 840; baseline -0.005 -7"><span class='ocrx_word' id='word_1_114' title='bbox 196 806 306 840; x_wconf 86' lang='grc' dir='ltr'>ἀγῶνας</span> <span class='ocrx_word' id='word_1_115' title='bbox 332 805 391 840; x_wconf 73' lang='grc' dir='ltr'>μεθ’</span> <span class='ocrx_word' id='word_1_116' title='bbox 415 804 512 840; x_wconf 75' lang='grc' dir='ltr'>ἡδονῆς</span> <span class='ocrx_word' id='word_1_117' title='bbox 536 804 700 840; x_wconf 81' lang='grc' dir='ltr'>ὑπομένειν,</span> <span class='ocrx_word' id='word_1_118' title='bbox 718 803 766 839; x_wconf 83' lang='grc' dir='ltr'>τὴν</span> <span class='ocrx_word' id='word_1_119' title='bbox 785 803 918 839; x_wconf 83' lang='grc' dir='ltr'><strong>λύτρωσιν</strong></span> <span class='ocrx_word' id='word_1_120' title='bbox 935 803 982 838; x_wconf 82' lang='grc' dir='ltr'>τῆς</span> 
     </span>
    </p>
   </div>
   <div class='ocr_carea' id='block_1_18' title="bbox 196 847 982 886">
    <p class='ocr_par' dir='ltr' id='par_1_18' title="bbox 196 847 982 886">
     <span class='ocr_line' id='line_1_18' title="bbox 196 847 982 886; baseline -0.005 -8"><span class='ocrx_word' id='word_1_121' title='bbox 196 851 288 886; x_wconf 76' lang='grc' dir='ltr'>ψυχῆς</span> <span class='ocrx_word' id='word_1_122' title='bbox 304 853 336 878; x_wconf 81' lang='grc' dir='ltr'>ὲκ</span> <span class='ocrx_word' id='word_1_123' title='bbox 360 850 415 877; x_wconf 86' lang='grc' dir='ltr'><strong>τῶν</strong></span> <span class='ocrx_word' id='word_1_124' title='bbox 432 849 544 881; x_wconf 85' lang='grc' dir='ltr'>παθῶν,</span> <span class='ocrx_word' id='word_1_125' title='bbox 561 850 608 876; x_wconf 80' lang='grc' dir='ltr'>καὶ</span> <span class='ocrx_word' id='word_1_126' title='bbox 624 848 692 884; x_wconf 78' lang='grc' dir='ltr'>πρὸς</span> <span class='ocrx_word' id='word_1_127' title='bbox 717 848 766 883; x_wconf 84' lang='grc' dir='ltr'>τὴν</span> <span class='ocrx_word' id='word_1_128' title='bbox 792 848 946 884; x_wconf 77' lang='grc' dir='ltr'>ἀκροτάτην</span> <span class='ocrx_word' id='word_1_129' title='bbox 960 847 982 882; x_wconf 84' lang='grc'><strong>⁸)</strong></span> 
     </span>
    </p>
   </div>
   <div class='ocr_carea' id='block_1_19' title="bbox 195 893 983 932">
    <p class='ocr_par' dir='ltr' id='par_1_19' title="bbox 195 893 983 932">
     <span class='ocr_line' id='line_1_19' title="bbox 195 893 983 932; baseline -0.006 -8"><span class='ocrx_word' id='word_1_130' title='bbox 195 898 250 924; x_wconf 83' lang='grc' dir='ltr'><strong>τῶν</strong></span> <span class='ocrx_word' id='word_1_131' title='bbox 278 896 385 932; x_wconf 83' lang='grc' dir='ltr'>ἀρετῶν</span> <span class='ocrx_word' id='word_1_132' title='bbox 407 896 500 923; x_wconf 79' lang='grc' dir='ltr'>ἄνοδον</span> <span class='ocrx_word' id='word_1_133' title='bbox 529 895 579 930; x_wconf 84' lang='grc' dir='ltr'>τῆς</span> <span class='ocrx_word' id='word_1_134' title='bbox 603 894 790 928; x_wconf 81' lang='grc' dir='ltr'>τελειότητος,</span> <span class='ocrx_word' id='word_1_135' title='bbox 816 893 859 920; x_wconf 76' lang='grc' dir='ltr'><strong>ἐπ’</strong></span> <span class='ocrx_word' id='word_1_136' title='bbox 885 893 983 928; x_wconf 83' lang='grc' dir='ltr'>ὲκείνῳ</span> 
     </span>
    </p>
   </div>
   <div class='ocr_carea' id='block_1_20' title="bbox 1033 305 1823 341">
    <p class='ocr_par' dir='ltr' id='par_1_20' title="bbox 1033 305 1823 341">
     <span class='ocr_line' id='line_1_20' title="bbox 1033 305 1823 341; baseline 0.005 -10"><span class='ocrx_word' id='word_1_137' title='bbox 1033 305 1113 332; x_wconf 85' lang='lat' dir='ltr'><strong>Tales</strong></span> <span class='ocrx_word' id='word_1_138' title='bbox 1137 310 1228 332; x_wconf 89' lang='lat' dir='ltr'><strong>autem</strong></span> <span class='ocrx_word' id='word_1_139' title='bbox 1244 305 1385 339; x_wconf 83' lang='lat' dir='ltr'><strong>passiones</strong></span> <span class='ocrx_word' id='word_1_140' title='bbox 1396 311 1427 333; x_wconf 92' lang='lat' dir='ltr'><strong>ut</strong></span> <span class='ocrx_word' id='word_1_141' title='bbox 1444 306 1561 340; x_wconf 76' lang='lat' dir='ltr'><strong>putredo</strong></span> <span class='ocrx_word' id='word_1_142' title='bbox 1577 307 1711 341; x_wconf 76' lang='lat' dir='ltr'><strong>quaedam</strong></span> <span class='ocrx_word' id='word_1_143' title='bbox 1733 307 1760 334; x_wconf 93' lang='lat' dir='ltr'><strong>in</strong></span> <span class='ocrx_word' id='word_1_144' title='bbox 1776 315 1823 334; x_wconf 90' lang='lat' dir='ltr'><strong>so-</strong></span> 
     </span>
    </p>
   </div>
   <div class='ocr_carea' id='block_1_21' title="bbox 1034 350 1822 387">
    <p class='ocr_par' dir='ltr' id='par_1_21' title="bbox 1034 350 1822 387">
     <span class='ocr_line' id='line_1_21' title="bbox 1034 350 1822 387; baseline 0.003 -10"><span class='ocrx_word' id='word_1_145' title='bbox 1034 351 1163 378; x_wconf 84' lang='lat' dir='ltr'><strong>cordibus</strong></span> <span class='ocrx_word' id='word_1_146' title='bbox 1184 351 1284 378; x_wconf 90' lang='lat' dir='ltr'><strong>animis</strong></span> <span class='ocrx_word' id='word_1_147' title='bbox 1304 350 1385 377; x_wconf 90' lang='lat' dir='ltr'><strong>insita</strong></span> <span class='ocrx_word' id='word_1_148' title='bbox 1402 351 1509 379; x_wconf 83' lang='lat' dir='ltr'><strong>labores</strong></span> <span class='ocrx_word' id='word_1_149' title='bbox 1525 352 1689 387; x_wconf 72' lang='lat' dir='ltr'><strong>dispertiunt</strong></span> <span class='ocrx_word' id='word_1_150' title='bbox 1712 357 1740 380; x_wconf 90' lang='lat' dir='ltr'><strong>et</strong></span> <span class='ocrx_word' id='word_1_151' title='bbox 1761 360 1822 380; x_wconf 86' lang='lat' dir='ltr'><strong>cor-</strong></span> 
     </span>
    </p>
   </div>
   <div class='ocr_carea' id='block_1_22' title="bbox 1033 397 1823 433">
    <p class='ocr_par' dir='ltr' id='par_1_22' title="bbox 1033 397 1823 433">
     <span class='ocr_line' id='line_1_22' title="bbox 1033 397 1823 433; baseline 0.003 -10"><span class='ocrx_word' id='word_1_152' title='bbox 1033 401 1173 432; x_wconf 89' lang='lat' dir='ltr'><strong>rumpunt.</strong></span> <span class='ocrx_word' id='word_1_153' title='bbox 1190 397 1323 429; x_wconf 80' lang='lat' dir='ltr'><strong>Quidnam</strong></span> <span class='ocrx_word' id='word_1_154' title='bbox 1337 397 1420 432; x_wconf 78' lang='lat' dir='ltr'><strong>igitur</strong></span> <span class='ocrx_word' id='word_1_155' title='bbox 1433 398 1521 425; x_wconf 86' lang='lat' dir='ltr'><strong>facere</strong></span> <span class='ocrx_word' id='word_1_156' title='bbox 1537 398 1620 426; x_wconf 84' lang='lat' dir='ltr'><strong>debet</strong></span> <span class='ocrx_word' id='word_1_157' title='bbox 1633 399 1656 425; x_wconf 93' lang='lat' dir='ltr'><strong>is</strong></span> <span class='ocrx_word' id='word_1_158' title='bbox 1671 398 1718 433; x_wconf 86' lang='lat' dir='ltr'><strong>qui</strong></span> <span class='ocrx_word' id='word_1_159' title='bbox 1729 399 1783 425; x_wconf 88' lang='lat' dir='ltr'><strong>Deo</strong></span> <span class='ocrx_word' id='word_1_160' title='bbox 1794 402 1823 425; x_wconf 86' lang='lat' dir='ltr'><strong>et</strong></span> 
     </span>
    </p>
   </div>
   <div class='ocr_carea' id='block_1_23' title="bbox 1033 442 1822 479">
    <p class='ocr_par' dir='ltr' id='par_1_23' title="bbox 1033 442 1822 479">
     <span class='ocr_line' id='line_1_23' title="bbox 1033 442 1822 479; baseline 0.001 -9"><span class='ocrx_word' id='word_1_161' title='bbox 1033 443 1090 477; x_wconf 91' lang='lat' dir='ltr'><strong>spei</strong></span> <span class='ocrx_word' id='word_1_162' title='bbox 1105 443 1166 470; x_wconf 89' lang='lat' dir='ltr'><strong>eius</strong></span> <span class='ocrx_word' id='word_1_163' title='bbox 1178 442 1424 471; x_wconf 85' lang='lat' dir='ltr'><strong>vivit?Certamina</strong></span> <span class='ocrx_word' id='word_1_164' title='bbox 1436 444 1546 471; x_wconf 88' lang='lat' dir='ltr'><strong>virtutis</strong></span> <span class='ocrx_word' id='word_1_165' title='bbox 1564 452 1627 471; x_wconf 90' lang='lat' dir='ltr'><strong>cum</strong></span> <span class='ocrx_word' id='word_1_166' title='bbox 1643 445 1743 479; x_wconf 83' lang='lat' dir='ltr'><strong>gaudio</strong></span> <span class='ocrx_word' id='word_1_167' title='bbox 1758 452 1822 472; x_wconf 91' lang='lat' dir='ltr'><strong>sus—</strong></span> 
     </span>
    </p>
   </div>
   <div class='ocr_carea' id='block_1_24' title="bbox 1033 487 1822 524">
    <p class='ocr_par' dir='ltr' id='par_1_24' title="bbox 1033 487 1822 524">
     <span class='ocr_line' id='line_1_24' title="bbox 1033 487 1822 524; baseline 0.003 -10"><span class='ocrx_word' id='word_1_168' title='bbox 1033 487 1131 519; x_wconf 86' lang='lat' dir='ltr'><strong>tinere,</strong></span> <span class='ocrx_word' id='word_1_169' title='bbox 1149 488 1339 523; x_wconf 80' lang='lat' dir='ltr'><strong>purgationem</strong></span> <span class='ocrx_word' id='word_1_170' title='bbox 1370 490 1476 517; x_wconf 85' lang='lat' dir='ltr'><strong>animae</strong></span> <span class='ocrx_word' id='word_1_171' title='bbox 1500 497 1514 516; x_wconf 90' lang='lat' dir='ltr'><strong>a</strong></span> <span class='ocrx_word' id='word_1_172' title='bbox 1537 490 1719 524; x_wconf 86' lang='lat' dir='ltr'><strong>passionibus,</strong></span> <span class='ocrx_word' id='word_1_173' title='bbox 1739 494 1767 517; x_wconf 89' lang='lat' dir='ltr'><strong>et</strong></span> <span class='ocrx_word' id='word_1_174' title='bbox 1787 489 1822 516; x_wconf 91' lang='lat' dir='ltr'><strong>ad</strong></span> 
     </span>
    </p>
   </div>
   <div class='ocr_carea' id='block_1_25' title="bbox 1033 534 1822 571">
    <p class='ocr_par' dir='ltr' id='par_1_25' title="bbox 1033 534 1822 571">
     <span class='ocr_line' id='line_1_25' title="bbox 1033 534 1822 571; baseline 0.004 -11"><span class='ocrx_word' id='word_1_175' title='bbox 1033 541 1170 561; x_wconf 85' lang='lat' dir='ltr'><strong>summum</strong></span> <span class='ocrx_word' id='word_1_176' title='bbox 1192 534 1325 562; x_wconf 86' lang='lat' dir='ltr'><strong>virtutum</strong></span> <span class='ocrx_word' id='word_1_177' title='bbox 1350 535 1464 570; x_wconf 85' lang='lat' dir='ltr'><strong>gradum</strong></span> <span class='ocrx_word' id='word_1_178' title='bbox 1483 535 1670 570; x_wconf 86' lang='lat' dir='ltr'><strong>perfectionis,</strong></span> <span class='ocrx_word' id='word_1_179' title='bbox 1692 536 1775 571; x_wconf 71' lang='lat'><strong>218</strong></span> <span class='ocrx_word' id='word_1_180' title='bbox 1793 536 1822 563; x_wconf 87' lang='lat' dir='ltr'><strong>in</strong></span> 
     </span>
    </p>
   </div>
   <div class='ocr_carea' id='block_1_26' title="bbox 1033 579 1823 616">
    <p class='ocr_par' dir='ltr' id='par_1_26' title="bbox 1033 579 1823 616">
     <span class='ocr_line' id='line_1_26' title="bbox 1033 579 1823 616; baseline 0.003 -10"><span class='ocrx_word' id='word_1_181' title='bbox 1033 579 1093 614; x_wconf 91' lang='lat' dir='ltr'><strong>ipso</strong></span> <span class='ocrx_word' id='word_1_182' title='bbox 1107 587 1182 613; x_wconf 85' lang='lat' dir='ltr'><strong>spem</strong></span> <span class='ocrx_word' id='word_1_183' title='bbox 1193 587 1305 614; x_wconf 87' lang='lat' dir='ltr'><strong>ponere,</strong></span> <span class='ocrx_word' id='word_1_184' title='bbox 1322 585 1350 607; x_wconf 90' lang='lat' dir='ltr'><strong>et</strong></span> <span class='ocrx_word' id='word_1_185' title='bbox 1363 580 1437 607; x_wconf 90' lang='lat' dir='ltr'><strong>illius</strong></span> <span class='ocrx_word' id='word_1_186' title='bbox 1450 580 1612 616; x_wconf 84' lang='lat' dir='ltr'><strong>benignitati</strong></span> <span class='ocrx_word' id='word_1_187' title='bbox 1622 581 1770 608; x_wconf 81' lang='lat' dir='ltr'><strong>conlidere.</strong></span> <span class='ocrx_word' id='word_1_188' title='bbox 1783 582 1823 609; x_wconf 82' lang='lat' dir='ltr'><strong>lla</strong></span> 
     </span>
    </p>
   </div>
   <div class='ocr_carea' id='block_1_27' title="bbox 1033 625 1821 662">
    <p class='ocr_par' dir='ltr' id='par_1_27' title="bbox 1033 625 1821 662">
     <span class='ocr_line' id='line_1_27' title="bbox 1033 625 1821 662; baseline 0.004 -11"><span class='ocrx_word' id='word_1_189' title='bbox 1033 625 1107 652; x_wconf 89' lang='lat' dir='ltr'><strong>enim</strong></span> <span class='ocrx_word' id='word_1_190' title='bbox 1122 630 1233 659; x_wconf 87' lang='lat' dir='ltr'><strong>paratus</strong></span> <span class='ocrx_word' id='word_1_191' title='bbox 1253 629 1282 652; x_wconf 88' lang='lat' dir='ltr'><strong>et</strong></span> <span class='ocrx_word' id='word_1_192' title='bbox 1301 625 1396 654; x_wconf 87' lang='lat' dir='ltr'><strong>fruens</strong></span> <span class='ocrx_word' id='word_1_193' title='bbox 1415 634 1458 659; x_wconf 90' lang='lat' dir='ltr'><strong>ea,</strong></span> <span class='ocrx_word' id='word_1_194' title='bbox 1473 635 1554 662; x_wconf 89' lang='lat' dir='ltr'><strong>quam</strong></span> <span class='ocrx_word' id='word_1_195' title='bbox 1577 627 1710 660; x_wconf 78' lang='lat' dir='ltr'><strong>credidit,</strong></span> <span class='ocrx_word' id='word_1_196' title='bbox 1723 628 1821 662; x_wconf 79' lang='lat' dir='ltr'><strong>gratia,</strong></span> 
     </span>
    </p>
   </div>
   <div class='ocr_carea' id='block_1_28' title="bbox 1033 670 1822 707">
    <p class='ocr_par' dir='ltr' id='par_1_28' title="bbox 1033 670 1822 707">
     <span class='ocr_line' id='line_1_28' title="bbox 1033 670 1822 707; baseline 0.004 -10"><span class='ocrx_word' id='word_1_197' title='bbox 1033 670 1092 697; x_wconf 86' lang='lat' dir='ltr'><strong>sine</strong></span> <span class='ocrx_word' id='word_1_198' title='bbox 1107 670 1201 697; x_wconf 87' lang='lat' dir='ltr'><strong>labore</strong></span> <span class='ocrx_word' id='word_1_199' title='bbox 1217 670 1314 703; x_wconf 87' lang='lat' dir='ltr'><strong>currit,</strong></span> <span class='ocrx_word' id='word_1_200' title='bbox 1333 671 1488 706; x_wconf 86' lang='lat' dir='ltr'><strong>despiciens</strong></span> <span class='ocrx_word' id='word_1_201' title='bbox 1503 672 1654 700; x_wconf 84' lang='lat' dir='ltr'><strong>adversarii</strong></span> <span class='ocrx_word' id='word_1_202' title='bbox 1676 673 1822 707; x_wconf 84' lang='lat' dir='ltr'><strong>malitiam,</strong></span> 
     </span>
    </p>
   </div>
   <div class='ocr_carea' id='block_1_29' title="bbox 1033 715 1824 753">
    <p class='ocr_par' dir='ltr' id='par_1_29' title="bbox 1033 715 1824 753">
     <span class='ocr_line' id='line_1_29' title="bbox 1033 715 1824 753; baseline 0.006 -11"><span class='ocrx_word' id='word_1_203' title='bbox 1033 715 1135 750; x_wconf 87' lang='lat' dir='ltr'><strong>quippe</strong></span> <span class='ocrx_word' id='word_1_204' title='bbox 1152 724 1237 751; x_wconf 87' lang='lat' dir='ltr'><strong>quum</strong></span> <span class='ocrx_word' id='word_1_205' title='bbox 1253 716 1306 744; x_wconf 87' lang='lat' dir='ltr'><strong>iam</strong></span> <span class='ocrx_word' id='word_1_206' title='bbox 1326 717 1362 744; x_wconf 89' lang='lat' dir='ltr'><strong>sit</strong></span> <span class='ocrx_word' id='word_1_207' title='bbox 1375 718 1536 753; x_wconf 89' lang='lat' dir='ltr'><strong>peregrinus</strong></span> <span class='ocrx_word' id='word_1_208' title='bbox 1562 718 1608 746; x_wconf 92' lang='lat' dir='ltr'><strong>ille</strong></span> <span class='ocrx_word' id='word_1_209' title='bbox 1633 723 1662 746; x_wconf 90' lang='lat' dir='ltr'><strong>et</strong></span> <span class='ocrx_word' id='word_1_210' title='bbox 1685 719 1792 746; x_wconf 88' lang='lat' dir='ltr'><strong>solutus</strong></span> <span class='ocrx_word' id='word_1_211' title='bbox 1807 727 1824 747; x_wconf 83' lang='lat' dir='ltr'><strong>a</strong></span> 
     </span>
    </p>
   </div>
   <div class='ocr_carea' id='block_1_30' title="bbox 1032 761 1824 799">
    <p class='ocr_par' dir='ltr' id='par_1_30' title="bbox 1032 761 1824 799">
     <span class='ocr_line' id='line_1_30' title="bbox 1032 761 1824 799; baseline 0.005 -11"><span class='ocrx_word' id='word_1_212' title='bbox 1032 761 1206 796; x_wconf 86' lang='lat' dir='ltr'><strong>passionibus</strong></span> <span class='ocrx_word' id='word_1_213' title='bbox 1222 762 1307 797; x_wconf 86' lang='lat' dir='ltr'><strong>gratia</strong></span> <span class='ocrx_word' id='word_1_214' title='bbox 1318 762 1432 791; x_wconf 85' lang='lat' dir='ltr'><strong>Christi.</strong></span> <span class='ocrx_word' id='word_1_215' title='bbox 1451 764 1528 792; x_wconf 86' lang='lat' dir='ltr'><strong>Sicut</strong></span> <span class='ocrx_word' id='word_1_216' title='bbox 1544 765 1618 792; x_wconf 91' lang='lat' dir='ltr'><strong>enim</strong></span> <span class='ocrx_word' id='word_1_217' title='bbox 1631 785 1638 797; x_wconf 93' lang='lat'><strong>,</strong></span> <span class='ocrx_word' id='word_1_218' title='bbox 1654 764 1702 799; x_wconf 88' lang='lat' dir='ltr'><strong>qui</strong></span> <span class='ocrx_word' id='word_1_219' title='bbox 1715 764 1824 799; x_wconf 84' lang='lat' dir='ltr'><strong>iniquas</strong></span> 
     </span>
    </p>
   </div>
   <div class='ocr_carea' id='block_1_31' title="bbox 1032 807 1825 845">
    <p class='ocr_par' dir='ltr' id='par_1_31' title="bbox 1032 807 1825 845">
     <span class='ocr_line' id='line_1_31' title="bbox 1032 807 1825 845; baseline 0.006 -12"><span class='ocrx_word' id='word_1_220' title='bbox 1032 807 1174 841; x_wconf 84' lang='lat' dir='ltr'><strong>passiones</strong></span> <span class='ocrx_word' id='word_1_221' title='bbox 1184 815 1233 842; x_wconf 88' lang='lat' dir='ltr'><strong>per</strong></span> <span class='ocrx_word' id='word_1_222' title='bbox 1248 809 1401 844; x_wconf 88' lang='lat' dir='ltr'><strong>neglectum</strong></span> <span class='ocrx_word' id='word_1_223' title='bbox 1412 810 1547 837; x_wconf 87' lang='lat' dir='ltr'><strong>bonorum</strong></span> <span class='ocrx_word' id='word_1_224' title='bbox 1559 810 1586 837; x_wconf 93' lang='lat' dir='ltr'><strong>in</strong></span> <span class='ocrx_word' id='word_1_225' title='bbox 1605 810 1727 845; x_wconf 88' lang='lat' dir='ltr'><strong>ipsarum</strong></span> <span class='ocrx_word' id='word_1_226' title='bbox 1741 817 1825 838; x_wconf 80' lang='lat' dir='ltr'><strong>natu-</strong></span> 
     </span>
    </p>
   </div>
   <div class='ocr_carea' id='block_1_32' title="bbox 1034 851 1809 889">
    <p class='ocr_par' dir='ltr' id='par_1_32' title="bbox 1034 851 1809 889">
     <span class='ocr_line' id='line_1_32' title="bbox 1034 851 1809 889; baseline 0.006 -12"><span class='ocrx_word' id='word_1_227' title='bbox 1034 859 1091 878; x_wconf 88' lang='lat' dir='ltr'><strong>ram</strong></span> <span class='ocrx_word' id='word_1_228' title='bbox 1110 851 1298 885; x_wconf 85' lang='lat' dir='ltr'><strong>introducunt,</strong></span> <span class='ocrx_word' id='word_1_229' title='bbox 1313 857 1341 881; x_wconf 86' lang='lat' dir='ltr'><strong>et</strong></span> <span class='ocrx_word' id='word_1_230' title='bbox 1355 854 1381 881; x_wconf 94' lang='lat' dir='ltr'><strong>in</strong></span> <span class='ocrx_word' id='word_1_231' title='bbox 1394 854 1460 889; x_wconf 89' lang='lat' dir='ltr'><strong>ipsis</strong></span> <span class='ocrx_word' id='word_1_232' title='bbox 1478 862 1540 882; x_wconf 91' lang='lat' dir='ltr'><strong>cum</strong></span> <span class='ocrx_word' id='word_1_233' title='bbox 1560 855 1743 885; x_wconf 86' lang='lat' dir='ltr'><strong>delectatione</strong></span> <span class='ocrx_word' id='word_1_234' title='bbox 1759 863 1809 882; x_wconf 84' lang='lat' dir='ltr'><strong>ver</strong></span> 
     </span>
    </p>
   </div>
   <div class='ocr_carea' id='block_1_33' title="bbox 1034 897 1824 935">
    <p class='ocr_par' dir='ltr' id='par_1_33' title="bbox 1034 897 1824 935">
     <span class='ocr_line' id='line_1_33' title="bbox 1034 897 1824 935; baseline 0.005 -12"><span class='ocrx_word' id='word_1_235' title='bbox 1034 902 1138 930; x_wconf 91' lang='lat' dir='ltr'><strong>santur,</strong></span> <span class='ocrx_word' id='word_1_236' title='bbox 1147 897 1226 925; x_wconf 80' lang='lat' dir='ltr'><strong>facile</strong></span> <span class='ocrx_word' id='word_1_237' title='bbox 1241 899 1318 933; x_wconf 88' lang='lat' dir='ltr'><strong>quasi</strong></span> <span class='ocrx_word' id='word_1_238' title='bbox 1330 899 1450 926; x_wconf 90' lang='lat' dir='ltr'><strong>innatam</strong></span> <span class='ocrx_word' id='word_1_239' title='bbox 1462 904 1490 927; x_wconf 90' lang='lat' dir='ltr'><strong>et</strong></span> <span class='ocrx_word' id='word_1_240' title='bbox 1506 900 1645 935; x_wconf 85' lang='lat' dir='ltr'><strong>propriam</strong></span> <span class='ocrx_word' id='word_1_241' title='bbox 1655 900 1824 935; x_wconf 78' lang='lat' dir='ltr'><strong>voluptatem</strong></span> 
     </span>
    </p>
   </div>
   <div class='ocr_carea' id='block_1_34' title="bbox 196 938 983 978">
    <p class='ocr_par' dir='ltr' id='par_1_34' title="bbox 196 938 983 978">
     <span class='ocr_line' id='line_1_34' title="bbox 196 938 983 978; baseline -0.005 -10"><span class='ocrx_word' id='word_1_242' title='bbox 196 941 381 978; x_wconf 80' lang='grc' dir='ltr'>παρίστασθαι</span> <span class='ocrx_word' id='word_1_243' title='bbox 394 941 443 976; x_wconf 83' lang='grc' dir='ltr'>τὴν</span> <span class='ocrx_word' id='word_1_244' title='bbox 458 940 564 972; x_wconf 78' lang='grc' dir='ltr'>ἐλπίδα,</span> <span class='ocrx_word' id='word_1_245' title='bbox 581 940 628 967; x_wconf 76' lang='grc' dir='ltr'>καὶ</span> <span class='ocrx_word' id='word_1_246' title='bbox 643 941 676 975; x_wconf 84' lang='grc' dir='ltr'>τῇ</span> <span class='ocrx_word' id='word_1_247' title='bbox 693 940 756 974; x_wconf 82' lang='grc' dir='ltr'>παρ’</span> <span class='ocrx_word' id='word_1_248' title='bbox 771 939 875 966; x_wconf 77' lang='grc' dir='ltr'>ἐκείνου</span> <span class='ocrx_word' id='word_1_249' title='bbox 890 938 983 973; x_wconf 86' lang='grc' dir='ltr'>φιλαν-</span> 
     </span>
    </p>
   </div>
   <div class='ocr_carea' id='block_1_35' title="bbox 1034 938 1825 978">
    <p class='ocr_par' dir='ltr' id='par_1_35' title="bbox 1035 943 1825 978">
     <span class='ocr_line' id='line_1_35' title="bbox 1035 943 1825 978; baseline 0.004 -8"><span class='ocrx_word' id='word_1_250' title='bbox 1035 943 1063 970; x_wconf 92' lang='lat' dir='ltr'><strong>in</strong></span> <span class='ocrx_word' id='word_1_251' title='bbox 1074 951 1102 970; x_wconf 85' lang='lat' dir='ltr'><strong>se</strong></span> <span class='ocrx_word' id='word_1_252' title='bbox 1113 943 1275 978; x_wconf 85' lang='lat' dir='ltr'><strong>suscipiunt,</strong></span> <span class='ocrx_word' id='word_1_253' title='bbox 1293 944 1489 972; x_wconf 87' lang='lat' dir='ltr'><strong>fructificantes</strong></span> <span class='ocrx_word' id='word_1_254' title='bbox 1499 946 1641 973; x_wconf 77' lang='lat' dir='ltr'><strong>avaritiam</strong></span> <span class='ocrx_word' id='word_1_255' title='bbox 1652 951 1680 973; x_wconf 84' lang='lat' dir='ltr'><strong>et</strong></span> <span class='ocrx_word' id='word_1_256' title='bbox 1694 946 1825 975; x_wconf 84' lang='lat' dir='ltr'><strong>invidiam</strong></span> 
     </span>
    </p>
   </div>
   <div class='ocr_carea' id='block_1_36' title="bbox 197 985 982 1024">
    <p class='ocr_par' dir='ltr' id='par_1_36' title="bbox 197 985 982 1024">
     <span class='ocr_line' id='line_1_36' title="bbox 197 985 982 1024; baseline -0.005 -9"><span class='ocrx_word' id='word_1_257' title='bbox 197 988 306 1024; x_wconf 78' lang='grc' dir='ltr'>θρωπίᾳ</span> <span class='ocrx_word' id='word_1_258' title='bbox 329 987 479 1015; x_wconf 79' lang='grc' dir='ltr'>πιστεύειν.</span> <span class='ocrx_word' id='word_1_259' title='bbox 507 986 593 1018; x_wconf 81' lang='grc' dir='ltr'>οὕτως</span> <span class='ocrx_word' id='word_1_260' title='bbox 616 986 671 1021; x_wconf 83' lang='grc' dir='ltr'><strong>γὰρ</strong></span> <span class='ocrx_word' id='word_1_261' title='bbox 687 985 946 1021; x_wconf 76' lang='grc' dir='ltr'>παρεσκευασμένος</span> <span class='ocrx_word' id='word_1_262' title='bbox 960 985 982 1020; x_wconf 71' lang='grc' dir='ltr'>δ)</span> 
     </span>
    </p>
   </div>
   <div class='ocr_carea' id='block_1_37' title="bbox 196 1030 982 1068">
    <p class='ocr_par' dir='ltr' id='par_1_37' title="bbox 196 1030 982 1068">
     <span class='ocr_line' id='line_1_37' title="bbox 196 1030 982 1068; baseline -0.006 -6"><span class='ocrx_word' id='word_1_263' title='bbox 196 1035 244 1062; x_wconf 78' lang='grc' dir='ltr'>καὶ</span> <span class='ocrx_word' id='word_1_264' title='bbox 260 1033 417 1065; x_wconf 83' lang='grc' dir='ltr'>ἀπολαύσας</span> <span class='ocrx_word' id='word_1_265' title='bbox 434 1034 493 1068; x_wconf 84' lang='grc' dir='ltr'>τῆς,</span> <span class='ocrx_word' id='word_1_266' title='bbox 509 1033 524 1059; x_wconf 80' lang='grc' dir='ltr'><strong>ὃ</strong></span> <span class='ocrx_word' id='word_1_267' title='bbox 536 1033 558 1067; x_wconf 87' lang='grc'><strong>⁸)</strong></span> <span class='ocrx_word' id='word_1_268' title='bbox 578 1033 743 1059; x_wconf 81' lang='grc' dir='ltr'>πεπίστευκε</span> <span class='ocrx_word' id='word_1_269' title='bbox 754 1052 761 1063; x_wconf 85' lang='grc'><strong>,</strong></span> <span class='ocrx_word' id='word_1_270' title='bbox 776 1032 898 1068; x_wconf 81' lang='grc' dir='ltr'>χάριτος,</span> <span class='ocrx_word' id='word_1_271' title='bbox 914 1030 982 1058; x_wconf 85' lang='grc' dir='ltr'>ἀπό-</span> 
     </span>
    </p>
   </div>
   <div class='ocr_carea' id='block_1_38' title="bbox 196 1077 982 1116">
    <p class='ocr_par' dir='ltr' id='par_1_38' title="bbox 196 1077 982 1116">
     <span class='ocr_line' id='line_1_38' title="bbox 196 1077 982 1116; baseline -0.004 -10"><span class='ocrx_word' id='word_1_272' title='bbox 196 1090 250 1112; x_wconf 87' lang='grc' dir='ltr'><strong>νως</strong></span> <span class='ocrx_word' id='word_1_273' title='bbox 265 1080 367 1116; x_wconf 83' lang='grc' dir='ltr'>τρέχει,</span> <span class='ocrx_word' id='word_1_274' title='bbox 382 1079 560 1114; x_wconf 78' lang='grc' dir='ltr'>καταφρονῶν</span> <span class='ocrx_word' id='word_1_275' title='bbox 577 1080 628 1113; x_wconf 85' lang='grc' dir='ltr'>τῆς</span> <span class='ocrx_word' id='word_1_276' title='bbox 638 1077 685 1105; x_wconf 88' lang='grc' dir='ltr'><strong>τοῦ</strong></span> <span class='ocrx_word' id='word_1_277' title='bbox 699 1078 744 1113; x_wconf 82' lang='grc' dir='ltr'>ὲχθ</span> <span class='ocrx_word' id='word_1_278' title='bbox 750 1078 796 1113; x_wconf 88' lang='grc' dir='ltr'><strong>ροῦ</strong></span> <span class='ocrx_word' id='word_1_279' title='bbox 807 1077 906 1108; x_wconf 81' lang='grc' dir='ltr'>κακίας</span> <span class='ocrx_word' id='word_1_280' title='bbox 915 1096 923 1108; x_wconf 82' lang='grc'><strong>,</strong></span> <span class='ocrx_word' id='word_1_281' title='bbox 935 1077 982 1103; x_wconf 81' lang='grc' dir='ltr'>ἆτε</span> 
     </span>
    </p>
   </div>
   <div class='ocr_carea' id='block_1_39' title="bbox 195 1121 982 1161">
    <p class='ocr_par' dir='ltr' id='par_1_39' title="bbox 195 1121 982 1161">
     <span class='ocr_line' id='line_1_39' title="bbox 195 1121 982 1161; baseline -0.006 -9"><span class='ocrx_word' id='word_1_282' title='bbox 195 1125 228 1161; x_wconf 79' lang='grc' dir='ltr'>δὴ</span> <span class='ocrx_word' id='word_1_283' title='bbox 253 1124 327 1157; x_wconf 79' lang='grc' dir='ltr'>ξένος</span> <span class='ocrx_word' id='word_1_284' title='bbox 344 1125 446 1155; x_wconf 80' lang='grc' dir='ltr'>ἐκεῖνος</span> <span class='ocrx_word' id='word_1_285' title='bbox 461 1124 509 1150; x_wconf 77' lang='grc' dir='ltr'><strong>καὶ</strong></span> <span class='ocrx_word' id='word_1_286' title='bbox 529 1122 731 1158; x_wconf 85' lang='grc' dir='ltr'>λελυτρωμένος</span> <span class='ocrx_word' id='word_1_287' title='bbox 752 1121 806 1148; x_wconf 87' lang='grc' dir='ltr'><strong>τῶν</strong></span> <span class='ocrx_word' id='word_1_288' title='bbox 831 1121 926 1148; x_wconf 85' lang='grc' dir='ltr'>παθῶν</span> <span class='ocrx_word' id='word_1_289' title='bbox 949 1122 982 1156; x_wconf 81' lang='grc' dir='ltr'><strong>τῇ</strong></span> 
     </span>
    </p>
   </div>
   <div class='ocr_carea' id='block_1_40' title="bbox 195 1167 981 1206">
    <p class='ocr_par' dir='ltr' id='par_1_40' title="bbox 195 1167 981 1206">
     <span class='ocr_line' id='line_1_40' title="bbox 195 1167 981 1206; baseline -0.005 -8"><span class='ocrx_word' id='word_1_290' title='bbox 195 1170 243 1198; x_wconf 86' lang='grc' dir='ltr'><strong>τοῦ</strong></span> <span class='ocrx_word' id='word_1_291' title='bbox 258 1169 377 1206; x_wconf 83' lang='grc' dir='ltr'>Χριστοῦ</span> <span class='ocrx_word' id='word_1_292' title='bbox 391 1170 492 1206; x_wconf 87' lang='grc' dir='ltr'>χάριτι.</span> <span class='ocrx_word' id='word_1_293' title='bbox 517 1169 611 1204; x_wconf 83' lang='grc' dir='ltr'>ὥσπερ</span> <span class='ocrx_word' id='word_1_294' title='bbox 626 1170 680 1205; x_wconf 84' lang='grc' dir='ltr'>γὰρ</span> <span class='ocrx_word' id='word_1_295' title='bbox 694 1169 719 1194; x_wconf 87' lang='grc' dir='ltr'><strong>οί</strong></span> <span class='ocrx_word' id='word_1_296' title='bbox 736 1169 770 1196; x_wconf 80' lang='grc' dir='ltr'><strong>τὰ</strong></span> <span class='ocrx_word' id='word_1_297' title='bbox 783 1167 887 1204; x_wconf 84' lang='grc' dir='ltr'>πονηρὰ</span> <span class='ocrx_word' id='word_1_298' title='bbox 909 1167 981 1202; x_wconf 83' lang='grc' dir='ltr'>πάθη</span> 
     </span>
    </p>
   </div>
   <div class='ocr_carea' id='block_1_41' title="bbox 195 1214 983 1252">
    <p class='ocr_par' dir='ltr' id='par_1_41' title="bbox 195 1214 983 1252">
     <span class='ocr_line' id='line_1_41' title="bbox 195 1214 983 1252; baseline -0.005 -8"><span class='ocrx_word' id='word_1_299' title='bbox 195 1217 240 1244; x_wconf 81' lang='grc' dir='ltr'>διὰ</span> <span class='ocrx_word' id='word_1_300' title='bbox 253 1218 302 1250; x_wconf 84' lang='grc' dir='ltr'>τῆς</span> <span class='ocrx_word' id='word_1_301' title='bbox 317 1217 371 1244; x_wconf 84' lang='grc' dir='ltr'><strong>τῶν</strong></span> <span class='ocrx_word' id='word_1_302' title='bbox 389 1216 478 1242; x_wconf 87' lang='grc' dir='ltr'>καλῶν</span> <span class='ocrx_word' id='word_1_303' title='bbox 500 1216 636 1252; x_wconf 78' lang='grc' dir='ltr'>ῥαθυμίας</span> <span class='ocrx_word' id='word_1_304' title='bbox 649 1215 682 1250; x_wconf 84' lang='grc' dir='ltr'><strong>τῇ</strong></span> <span class='ocrx_word' id='word_1_305' title='bbox 699 1214 803 1242; x_wconf 79' lang='grc' dir='ltr'>ἑαυτῶν</span> <span class='ocrx_word' id='word_1_306' title='bbox 823 1214 983 1248; x_wconf 71' lang='grc' dir='ltr'>ἐπεισάγον-</span> 
     </span>
    </p>
   </div>
   <div class='ocr_carea' id='block_1_42' title="bbox 195 1260 980 1299">
    <p class='ocr_par' dir='ltr' id='par_1_42' title="bbox 195 1260 980 1299">
     <span class='ocr_line' id='line_1_42' title="bbox 195 1260 980 1299; baseline -0.004 -9"><span class='ocrx_word' id='word_1_307' title='bbox 195 1272 242 1297; x_wconf 75' lang='grc' dir='ltr'><strong>τες</strong></span> <span class='ocrx_word' id='word_1_308' title='bbox 254 1264 275 1299; x_wconf 85' lang='grc'><strong>⁸)</strong></span> <span class='ocrx_word' id='word_1_309' title='bbox 288 1263 378 1298; x_wconf 65' lang='grc' dir='ltr'>φύσει,</span> <span class='ocrx_word' id='word_1_310' title='bbox 395 1263 442 1290; x_wconf 76' lang='grc' dir='ltr'>καὶ</span> <span class='ocrx_word' id='word_1_311' title='bbox 454 1262 638 1297; x_wconf 80' lang='grc' dir='ltr'>διατρίὸοντες</span> <span class='ocrx_word' id='word_1_312' title='bbox 652 1262 682 1288; x_wconf 89' lang='grc' dir='ltr'>ὲν</span> <span class='ocrx_word' id='word_1_313' title='bbox 695 1262 786 1292; x_wconf 83' lang='grc' dir='ltr'>αὐτοῖς</span> <span class='ocrx_word' id='word_1_314' title='bbox 805 1260 874 1296; x_wconf 85' lang='grc' dir='ltr'>μετὰ</span> <span class='ocrx_word' id='word_1_315' title='bbox 883 1261 980 1296; x_wconf 83' lang='grc' dir='ltr'>χαρᾶς,</span> 
     </span>
    </p>
   </div>
   <div class='ocr_carea' id='block_1_43' title="bbox 195 1306 982 1344">
    <p class='ocr_par' dir='ltr' id='par_1_43' title="bbox 195 1306 982 1344">
     <span class='ocr_line' id='line_1_43' title="bbox 195 1306 982 1344; baseline -0.003 -10"><span class='ocrx_word' id='word_1_316' title='bbox 195 1306 348 1336; x_wconf 75' lang='grc' dir='ltr'>ἐπιτελοῦσι</span> <span class='ocrx_word' id='word_1_317' title='bbox 373 1308 471 1344; x_wconf 78' lang='grc' dir='ltr'>ῥᾳδίως</span> <span class='ocrx_word' id='word_1_318' title='bbox 495 1307 590 1343; x_wconf 84' lang='grc' dir='ltr'>ὥσπερ</span> <span class='ocrx_word' id='word_1_319' title='bbox 606 1308 667 1334; x_wconf 85' lang='grc' dir='ltr'>τινὰ</span> <span class='ocrx_word' id='word_1_320' title='bbox 682 1307 800 1342; x_wconf 72' lang='grc' dir='ltr'>ἔμφυτον</span> <span class='ocrx_word' id='word_1_321' title='bbox 818 1307 916 1342; x_wconf 79' lang='grc' dir='ltr'>ἡδονὴν</span> <span class='ocrx_word' id='word_1_322' title='bbox 935 1306 982 1333; x_wconf 76' lang='grc' dir='ltr'>καὶ</span> 
     </span>
    </p>
   </div>
   <div class='ocr_carea' id='block_1_44' title="bbox 196 1352 982 1389">
    <p class='ocr_par' dir='ltr' id='par_1_44' title="bbox 196 1352 982 1389">
     <span class='ocr_line' id='line_1_44' title="bbox 196 1352 982 1389; baseline -0.004 -8"><span class='ocrx_word' id='word_1_323' title='bbox 196 1355 312 1388; x_wconf 79' lang='grc' dir='ltr'>οἰκείαν,</span> <span class='ocrx_word' id='word_1_324' title='bbox 325 1353 508 1389; x_wconf 86' lang='grc' dir='ltr'>καρπούμενοι</span> <span class='ocrx_word' id='word_1_325' title='bbox 525 1353 682 1385; x_wconf 78' lang='grc' dir='ltr'>πλεονεξίαν</span> <span class='ocrx_word' id='word_1_326' title='bbox 699 1352 745 1379; x_wconf 79' lang='grc' dir='ltr'><strong>καὶ</strong></span> <span class='ocrx_word' id='word_1_327' title='bbox 761 1353 807 1379; x_wconf 73' lang='grc' dir='ltr'><strong>τὸν</strong></span> <span class='ocrx_word' id='word_1_328' title='bbox 823 1352 920 1387; x_wconf 82' lang='grc' dir='ltr'>φθόνον</span> <span class='ocrx_word' id='word_1_329' title='bbox 934 1352 982 1379; x_wconf 73' lang='grc' dir='ltr'>καὶ</span> 
     </span>
    </p>
   </div>
   <div class='ocr_carea' id='block_1_45' title="bbox 196 1398 983 1437">
    <p class='ocr_par' dir='ltr' id='par_1_45' title="bbox 196 1398 983 1437">
     <span class='ocr_line' id='line_1_45' title="bbox 196 1398 983 1437; baseline -0.005 -9"><span class='ocrx_word' id='word_1_330' title='bbox 196 1401 245 1437; x_wconf 79' lang='grc' dir='ltr'>τὴν</span> <span class='ocrx_word' id='word_1_331' title='bbox 260 1401 392 1436; x_wconf 73' lang='grc' dir='ltr'>πονηρίαν</span> <span class='ocrx_word' id='word_1_332' title='bbox 407 1400 455 1427; x_wconf 79' lang='grc' dir='ltr'>καὶ</span> <span class='ocrx_word' id='word_1_333' title='bbox 476 1400 511 1426; x_wconf 84' lang='grc' dir='ltr'>τὰ</span> <span class='ocrx_word' id='word_1_334' title='bbox 535 1399 617 1426; x_wconf 79' lang='grc' dir='ltr'>λοιπὰ</span> <span class='ocrx_word' id='word_1_335' title='bbox 634 1399 704 1435; x_wconf 81' lang='grc' dir='ltr'>μέρη</span> <span class='ocrx_word' id='word_1_336' title='bbox 720 1399 769 1434; x_wconf 86' lang='grc' dir='ltr'>τῆς</span> <span class='ocrx_word' id='word_1_337' title='bbox 793 1398 983 1433; x_wconf 76' lang='grc' dir='ltr'>ἀντικειμένης</span> 
     </span>
    </p>
   </div>
   <div class='ocr_carea' id='block_1_46' title="bbox 196 1444 983 1480">
    <p class='ocr_par' dir='ltr' id='par_1_46' title="bbox 196 1444 983 1480">
     <span class='ocr_line' id='line_1_46' title="bbox 196 1444 983 1480; baseline -0.005 -6"><span class='ocrx_word' id='word_1_338' title='bbox 196 1447 306 1479; x_wconf 76' lang='grc' dir='ltr'>κακίας,</span> <span class='ocrx_word' id='word_1_339' title='bbox 323 1446 410 1478; x_wconf 84' lang='grc' dir='ltr'>οὓτως</span> <span class='ocrx_word' id='word_1_340' title='bbox 425 1445 474 1473; x_wconf 56' lang='grc' dir='ltr'><strong>καὶ⁸</strong></span> <span class='ocrx_word' id='word_1_341' title='bbox 490 1446 515 1472; x_wconf 81' lang='grc' dir='ltr'><strong>οι</strong></span> <span class='ocrx_word' id='word_1_342' title='bbox 533 1444 581 1472; x_wconf 83' lang='grc' dir='ltr'><strong>τοῦ</strong></span> <span class='ocrx_word' id='word_1_343' title='bbox 595 1445 714 1480; x_wconf 85' lang='grc' dir='ltr'>Χριστοῦ</span> <span class='ocrx_word' id='word_1_344' title='bbox 730 1445 778 1471; x_wconf 79' lang='grc' dir='ltr'>καὶ</span> <span class='ocrx_word' id='word_1_345' title='bbox 791 1446 841 1479; x_wconf 84' lang='grc' dir='ltr'>τῆς</span> <span class='ocrx_word' id='word_1_346' title='bbox 853 1444 983 1479; x_wconf 81' lang='grc' dir='ltr'>ἀληθείας</span> 
     </span>
    </p>
   </div>
   <div class='ocr_carea' id='block_1_47' title="bbox 197 1488 983 1526">
    <p class='ocr_par' dir='ltr' id='par_1_47' title="bbox 197 1488 983 1526">
     <span class='ocr_line' id='line_1_47' title="bbox 197 1488 983 1526; baseline -0.005 -8"><span class='ocrx_word' id='word_1_347' title='bbox 197 1491 311 1526; x_wconf 67' lang='grc' dir='ltr'>ἐργάται</span> <span class='ocrx_word' id='word_1_348' title='bbox 324 1491 369 1518; x_wconf 82' lang='grc' dir='ltr'>διά</span> <span class='ocrx_word' id='word_1_349' title='bbox 380 1499 410 1517; x_wconf 89' lang='grc' dir='ltr'><strong>τε</strong></span> <span class='ocrx_word' id='word_1_350' title='bbox 427 1491 476 1525; x_wconf 88' lang='grc' dir='ltr'>τῆς</span> <span class='ocrx_word' id='word_1_351' title='bbox 487 1490 605 1521; x_wconf 85' lang='grc' dir='ltr'>πίστεως</span> <span class='ocrx_word' id='word_1_352' title='bbox 626 1489 673 1516; x_wconf 75' lang='grc' dir='ltr'>καὶ</span> <span class='ocrx_word' id='word_1_353' title='bbox 686 1489 740 1515; x_wconf 87' lang='grc' dir='ltr'><strong>τῶν</strong></span> <span class='ocrx_word' id='word_1_354' title='bbox 757 1489 806 1524; x_wconf 79' lang='grc' dir='ltr'>τῆς</span> <span class='ocrx_word' id='word_1_355' title='bbox 820 1489 920 1524; x_wconf 79' lang='grc' dir='ltr'>ἀρετῆς</span> <span class='ocrx_word' id='word_1_356' title='bbox 935 1488 983 1514; x_wconf 81' lang='grc' dir='ltr'><strong>πό-</strong></span> 
     </span>
    </p>
   </div>
   <div class='ocr_carea' id='block_1_48' title="bbox 197 1533 982 1573">
    <p class='ocr_par' dir='ltr' id='par_1_48' title="bbox 197 1533 982 1573">
     <span class='ocr_line' id='line_1_48' title="bbox 197 1533 982 1573; baseline -0.005 -9"><span class='ocrx_word' id='word_1_357' title='bbox 197 1547 251 1564; x_wconf 89' lang='grc' dir='ltr'><strong>νων</strong></span> <span class='ocrx_word' id='word_1_358' title='bbox 262 1537 297 1564; x_wconf 85' lang='grc' dir='ltr'><strong>τὰ</strong></span> <span class='ocrx_word' id='word_1_359' title='bbox 320 1537 391 1573; x_wconf 77' lang='grc' dir='ltr'>ὑπὲρ</span> <span class='ocrx_word' id='word_1_360' title='bbox 413 1537 462 1572; x_wconf 81' lang='grc' dir='ltr'>τὴν</span> <span class='ocrx_word' id='word_1_361' title='bbox 477 1536 557 1571; x_wconf 80' lang='grc' dir='ltr'>φύσιν</span> <span class='ocrx_word' id='word_1_362' title='bbox 572 1536 661 1563; x_wconf 83' lang='grc' dir='ltr'>αὐτῶν</span> <span class='ocrx_word' id='word_1_363' title='bbox 678 1535 769 1569; x_wconf 78' lang='grc' dir='ltr'>ἀγαθὰ</span> <span class='ocrx_word' id='word_1_364' title='bbox 783 1535 860 1570; x_wconf 77' lang='grc' dir='ltr'>παρὰ</span> <span class='ocrx_word' id='word_1_365' title='bbox 871 1535 920 1570; x_wconf 79' lang='grc' dir='ltr'>τῆς</span> <span class='ocrx_word' id='word_1_366' title='bbox 935 1533 982 1561; x_wconf 86' lang='grc' dir='ltr'><strong>τοῦ</strong></span> 
     </span>
    </p>
   </div>
   <div class='ocr_carea' id='block_1_49' title="bbox 198 1580 981 1618">
    <p class='ocr_par' dir='ltr' id='par_1_49' title="bbox 198 1580 981 1618">
     <span class='ocr_line' id='line_1_49' title="bbox 198 1580 981 1618; baseline -0.004 -9"><span class='ocrx_word' id='word_1_367' title='bbox 198 1584 351 1618; x_wconf 77' lang='grc' dir='ltr'>πνεύματος</span> <span class='ocrx_word' id='word_1_368' title='bbox 367 1582 476 1618; x_wconf 83' lang='grc' dir='ltr'>χάριτος</span> <span class='ocrx_word' id='word_1_369' title='bbox 489 1581 547 1617; x_wconf 78' lang='grc' dir='ltr'>μεθ’</span> <span class='ocrx_word' id='word_1_370' title='bbox 559 1581 655 1617; x_wconf 81' lang='grc' dir='ltr'>ὴδονῆς</span> <span class='ocrx_word' id='word_1_371' title='bbox 671 1581 792 1616; x_wconf 76' lang='grc' dir='ltr'>ἀρρήτου</span> <span class='ocrx_word' id='word_1_372' title='bbox 804 1580 981 1616; x_wconf 78' lang='grc' dir='ltr'>καρποῦνται,</span> 
     </span>
    </p>
   </div>
   <div class='ocr_carea' id='block_1_50' title="bbox 197 1626 983 1662">
    <p class='ocr_par' dir='ltr' id='par_1_50' title="bbox 197 1626 983 1662">
     <span class='ocr_line' id='line_1_50' title="bbox 197 1626 983 1662; baseline -0.003 -8"><span class='ocrx_word' id='word_1_373' title='bbox 197 1628 245 1655; x_wconf 79' lang='grc' dir='ltr'>καὶ</span> <span class='ocrx_word' id='word_1_374' title='bbox 266 1628 373 1660; x_wconf 75' lang='grc' dir='ltr'>ἀπόνως</span> <span class='ocrx_word' id='word_1_375' title='bbox 402 1627 557 1654; x_wconf 79' lang='grc' dir='ltr'>ἐπιτελοῦσι</span> <span class='ocrx_word' id='word_1_376' title='bbox 581 1627 631 1662; x_wconf 85' lang='grc' dir='ltr'>τὴν</span> <span class='ocrx_word' id='word_1_377' title='bbox 656 1626 749 1654; x_wconf 77' lang='grc' dir='ltr'>ἄδολον</span> <span class='ocrx_word' id='word_1_378' title='bbox 775 1627 822 1653; x_wconf 74' lang='grc' dir='ltr'>καὶ</span> <span class='ocrx_word' id='word_1_379' title='bbox 850 1626 983 1662; x_wconf 76' lang='grc' dir='ltr'>ἄτρεπτον</span> 
     </span>
    </p>
   </div>
   <div class='ocr_carea' id='block_1_51' title="bbox 198 1671 985 1710">
    <p class='ocr_par' dir='ltr' id='par_1_51' title="bbox 198 1671 985 1710">
     <span class='ocr_line' id='line_1_51' title="bbox 198 1671 985 1710; baseline -0.003 -10"><span class='ocrx_word' id='word_1_380' title='bbox 198 1674 298 1705; x_wconf 77' lang='grc' dir='ltr'>πίστιν,</span> <span class='ocrx_word' id='word_1_381' title='bbox 306 1674 357 1710; x_wconf 80' lang='grc' dir='ltr'>τὴν</span> <span class='ocrx_word' id='word_1_382' title='bbox 371 1673 569 1700; x_wconf 71' lang='grc' dir='ltr'>ἀμετάπτωτον</span> <span class='ocrx_word' id='word_1_383' title='bbox 582 1673 703 1708; x_wconf 86' lang='grc' dir='ltr'>είρήνην,</span> <span class='ocrx_word' id='word_1_384' title='bbox 721 1672 771 1708; x_wconf 81' lang='grc' dir='ltr'>τὴν</span> <span class='ocrx_word' id='word_1_385' title='bbox 786 1672 870 1703; x_wconf 76' lang='grc' dir='ltr'>ὅντως</span> <span class='ocrx_word' id='word_1_386' title='bbox 885 1671 985 1705; x_wconf 71' lang='grc' dir='ltr'>ἀγαθῶ</span> 
     </span>
    </p>
   </div>
   <div class='ocr_carea' id='block_1_52' title="bbox 197 1715 984 1756">
    <p class='ocr_par' dir='ltr' id='par_1_52' title="bbox 197 1715 984 1756">
     <span class='ocr_line' id='line_1_52' title="bbox 197 1715 984 1756; baseline -0.005 -9"><span class='ocrx_word' id='word_1_387' title='bbox 197 1729 276 1756; x_wconf 86' lang='grc' dir='ltr'>τητα,</span> <span class='ocrx_word' id='word_1_388' title='bbox 299 1721 335 1747; x_wconf 81' lang='grc' dir='ltr'>τά</span> <span class='ocrx_word' id='word_1_389' title='bbox 355 1728 385 1746; x_wconf 85' lang='grc' dir='ltr'><strong>τε</strong></span> <span class='ocrx_word' id='word_1_390' title='bbox 409 1719 491 1746; x_wconf 77' lang='grc' dir='ltr'>λοιπὰ</span> <span class='ocrx_word' id='word_1_391' title='bbox 511 1719 618 1750; x_wconf 84' lang='grc' dir='ltr'>πάντα,</span> <span class='ocrx_word' id='word_1_392' title='bbox 643 1719 678 1745; x_wconf 78' lang='grc' dir='ltr'>δι’</span> <span class='ocrx_word' id='word_1_393' title='bbox 694 1715 731 1744; x_wconf 81' lang='grc' dir='ltr'>ὦν</span> <span class='ocrx_word' id='word_1_394' title='bbox 754 1717 826 1753; x_wconf 79' lang='grc' dir='ltr'>ψυχὴ</span> <span class='ocrx_word' id='word_1_395' title='bbox 852 1717 984 1753; x_wconf 84' lang='grc' dir='ltr'>κρείττων</span> 
     </span>
    </p>
   </div>
   <div class='ocr_carea' id='block_1_53' title="bbox 198 1762 982 1801">
    <p class='ocr_par' dir='ltr' id='par_1_53' title="bbox 198 1762 982 1801">
     <span class='ocr_line' id='line_1_53' title="bbox 198 1762 982 1801; baseline -0.006 -8"><span class='ocrx_word' id='word_1_396' title='bbox 198 1767 297 1801; x_wconf 85' lang='grc' dir='ltr'>ἑαυτῆς</span> <span class='ocrx_word' id='word_1_397' title='bbox 322 1765 451 1800; x_wconf 79' lang='grc' dir='ltr'>γινομένη</span> <span class='ocrx_word' id='word_1_398' title='bbox 474 1764 588 1798; x_wconf 73' lang='grc' dir='ltr'>καὶτῆς</span> <span class='ocrx_word' id='word_1_399' title='bbox 610 1763 658 1790; x_wconf 83' lang='grc' dir='ltr'><strong>τοῦ</strong></span> <span class='ocrx_word' id='word_1_400' title='bbox 683 1762 781 1798; x_wconf 75' lang='grc' dir='ltr'>ἐχθροῦ</span> <span class='ocrx_word' id='word_1_401' title='bbox 807 1762 982 1798; x_wconf 82' lang='grc' dir='ltr'>δυνατωτέρα</span> 
     </span>
    </p>
   </div>
   <div class='ocr_carea' id='block_1_54' title="bbox 199 1806 985 1845">
    <p class='ocr_par' dir='ltr' id='par_1_54' title="bbox 199 1806 985 1845">
     <span class='ocr_line' id='line_1_54' title="bbox 199 1806 985 1845; baseline -0.008 -7"><span class='ocrx_word' id='word_1_402' title='bbox 199 1811 314 1843; x_wconf 84' lang='grc' dir='ltr'>κακίας,</span> <span class='ocrx_word' id='word_1_403' title='bbox 339 1810 496 1845; x_wconf 72' lang='grc' dir='ltr'>οἰκητήριον</span> <span class='ocrx_word' id='word_1_404' title='bbox 522 1808 641 1844; x_wconf 80' lang='grc' dir='ltr'>καθαρὸν</span> <span class='ocrx_word' id='word_1_405' title='bbox 667 1808 766 1844; x_wconf 72' lang='grc' dir='ltr'>ἑαυτὴν</span> <span class='ocrx_word' id='word_1_406' title='bbox 799 1807 914 1843; x_wconf 78' lang='grc' dir='ltr'>παρέχει</span> <span class='ocrx_word' id='word_1_407' title='bbox 946 1806 985 1841; x_wconf 85' lang='grc' dir='ltr'><strong>τῷ</strong></span> 
     </span>
    </p>
   </div>
   <div class='ocr_carea' id='block_1_55' title="bbox 198 1850 985 1893">
    <p class='ocr_par' dir='ltr' id='par_1_55' title="bbox 198 1850 985 1893">
     <span class='ocr_line' id='line_1_55' title="bbox 198 1850 985 1893; baseline -0.008 -9"><span class='ocrx_word' id='word_1_408' title='bbox 198 1856 380 1893; x_wconf 83' lang='grc' dir='ltr'>προσκυνητῷ</span> <span class='ocrx_word' id='word_1_409' title='bbox 395 1856 442 1882; x_wconf 75' lang='grc' dir='ltr'>καὶ</span> <span class='ocrx_word' id='word_1_410' title='bbox 453 1855 523 1890; x_wconf 79' lang='grc' dir='ltr'>ἁγίῳ</span> <span class='ocrx_word' id='word_1_411' title='bbox 540 1855 685 1890; x_wconf 78' lang='grc' dir='ltr'>πνεύματι,</span> <span class='ocrx_word' id='word_1_412' title='bbox 701 1854 765 1888; x_wconf 81' lang='grc' dir='ltr'>παρ’</span> <span class='ocrx_word' id='word_1_413' title='bbox 782 1850 813 1880; x_wconf 75' lang='grc' dir='ltr'>οὗ</span> <span class='ocrx_word' id='word_1_414' title='bbox 825 1853 874 1888; x_wconf 79' lang='grc' dir='ltr'>τὴν</span> <span class='ocrx_word' id='word_1_415' title='bbox 889 1852 985 1879; x_wconf 85' lang='grc' dir='ltr'>ἀθάνα-</span> 
     </span>
    </p>
   </div>
   <div class='ocr_carea' id='block_1_56' title="bbox 197 1898 984 1938">
    <p class='ocr_par' dir='ltr' id='par_1_56' title="bbox 197 1898 984 1938">
     <span class='ocr_line' id='line_1_56' title="bbox 197 1898 984 1938; baseline -0.006 -8"><span class='ocrx_word' id='word_1_416' title='bbox 197 1912 244 1930; x_wconf 86' lang='grc' dir='ltr'><strong>τον</strong></span> <span class='ocrx_word' id='word_1_417' title='bbox 267 1902 314 1930; x_wconf 90' lang='grc' dir='ltr'><strong>τοῦ</strong></span> <span class='ocrx_word' id='word_1_418' title='bbox 340 1901 458 1938; x_wconf 82' lang='grc' dir='ltr'>Χριστοῦ</span> <span class='ocrx_word' id='word_1_419' title='bbox 477 1901 597 1928; x_wconf 73' lang='grc' dir='ltr'>λαϐοῦσα</span> <span class='ocrx_word' id='word_1_420' title='bbox 619 1900 748 1936; x_wconf 84' lang='grc' dir='ltr'>εἰρήνην,</span> <span class='ocrx_word' id='word_1_421' title='bbox 768 1899 931 1926; x_wconf 83' lang='grc' dir='ltr'>συνάπτεται</span> <span class='ocrx_word' id='word_1_422' title='bbox 950 1898 984 1925; x_wconf 82' lang='grc' dir='ltr'>δι’</span> 
     </span>
    </p>
   </div>
   <div class='ocr_carea' id='block_1_57' title="bbox 197 1945 984 1985">
    <p class='ocr_par' dir='ltr' id='par_1_57' title="bbox 197 1945 984 1985">
     <span class='ocr_line' id='line_1_57' title="bbox 197 1945 984 1985; baseline -0.006 -9"><span class='ocrx_word' id='word_1_423' title='bbox 197 1950 285 1985; x_wconf 81' lang='grc' dir='ltr'>αὐτῆς</span> <span class='ocrx_word' id='word_1_424' title='bbox 304 1949 351 1976; x_wconf 78' lang='grc' dir='ltr'>καὶ</span> <span class='ocrx_word' id='word_1_425' title='bbox 368 1948 567 1984; x_wconf 85' lang='grc' dir='ltr'>προσκολλᾱται</span> <span class='ocrx_word' id='word_1_426' title='bbox 586 1947 625 1982; x_wconf 86' lang='grc' dir='ltr'>τῷ</span> <span class='ocrx_word' id='word_1_427' title='bbox 640 1947 744 1983; x_wconf 84' lang='grc' dir='ltr'>κυρίῳ.</span> <span class='ocrx_word' id='word_1_428' title='bbox 761 1945 881 1973; x_wconf 73' lang='grc' dir='ltr'>λαϐοῦσα</span> <span class='ocrx_word' id='word_1_429' title='bbox 893 1945 922 1972; x_wconf 78' lang='grc' dir='ltr'>δὲ</span> <span class='ocrx_word' id='word_1_430' title='bbox 935 1945 984 1980; x_wconf 86' lang='grc' dir='ltr'>τὴν</span> 
     </span>
    </p>
   </div>
   <div class='ocr_carea' id='block_1_58' title="bbox 197 1991 985 2030">
    <p class='ocr_par' dir='ltr' id='par_1_58' title="bbox 197 1991 985 2030">
     <span class='ocr_line' id='line_1_58' title="bbox 197 1991 985 2030; baseline -0.006 -8"><span class='ocrx_word' id='word_1_431' title='bbox 197 1997 246 2023; x_wconf 81' lang='grc' dir='ltr'><strong>τοῦ</strong></span> <span class='ocrx_word' id='word_1_432' title='bbox 261 1995 415 2030; x_wconf 83' lang='grc' dir='ltr'>πνεύματος</span> <span class='ocrx_word' id='word_1_433' title='bbox 430 1995 510 2030; x_wconf 83' lang='grc' dir='ltr'>χάριν</span> <span class='ocrx_word' id='word_1_434' title='bbox 525 1994 573 2021; x_wconf 81' lang='grc' dir='ltr'>καὶ</span> <span class='ocrx_word' id='word_1_435' title='bbox 584 1993 744 2028; x_wconf 80' lang='grc' dir='ltr'>κολληθεῖσα</span> <span class='ocrx_word' id='word_1_436' title='bbox 757 1991 796 2028; x_wconf 82' lang='grc' dir='ltr'>τῷ</span> <span class='ocrx_word' id='word_1_437' title='bbox 808 1991 872 2028; x_wconf 81' lang='grc' dir='ltr'>θεῷ,</span> <span class='ocrx_word' id='word_1_438' title='bbox 886 1991 933 2018; x_wconf 80' lang='grc' dir='ltr'>καὶ</span> <span class='ocrx_word' id='word_1_439' title='bbox 944 1991 985 2023; x_wconf 77' lang='grc' dir='ltr'>εἰς</span> 
     </span>
    </p>
   </div>
   <div class='ocr_carea' id='block_1_59' title="bbox 199 2037 985 2075">
    <p class='ocr_par' dir='ltr' id='par_1_59' title="bbox 199 2037 985 2075">
     <span class='ocr_line' id='line_1_59' title="bbox 199 2037 985 2075; baseline -0.006 -7"><span class='ocrx_word' id='word_1_440' title='bbox 199 2042 228 2068; x_wconf 78' lang='grc' dir='ltr'>ἓν</span> <span class='ocrx_word' id='word_1_441' title='bbox 244 2043 354 2075; x_wconf 85' lang='grc' dir='ltr'>πνεῦμα</span> <span class='ocrx_word' id='word_1_442' title='bbox 377 2041 434 2075; x_wconf 82' lang='grc' dir='ltr'>μετ’</span> <span class='ocrx_word' id='word_1_443' title='bbox 457 2040 540 2068; x_wconf 87' lang='grc' dir='ltr'>αὐτοῦ</span> <span class='ocrx_word' id='word_1_444' title='bbox 562 2039 714 2074; x_wconf 84' lang='grc' dir='ltr'>γενομένη,</span> <span class='ocrx_word' id='word_1_445' title='bbox 739 2039 770 2065; x_wconf 79' lang='grc' dir='ltr'>οὐ</span> <span class='ocrx_word' id='word_1_446' title='bbox 788 2038 868 2073; x_wconf 82' lang='grc' dir='ltr'>μόνον</span> <span class='ocrx_word' id='word_1_447' title='bbox 881 2040 916 2064; x_wconf 77' lang='grc' dir='ltr'>τὰ</span> <span class='ocrx_word' id='word_1_448' title='bbox 935 2037 985 2072; x_wconf 87' lang='grc' dir='ltr'>τῆς</span> 
     </span>
    </p>
   </div>
   <div class='ocr_carea' id='block_1_60' title="bbox 198 2084 986 2122">
    <p class='ocr_par' dir='ltr' id='par_1_60' title="bbox 198 2084 986 2122">
     <span class='ocr_line' id='line_1_60' title="bbox 198 2084 986 2122; baseline -0.005 -8"><span class='ocrx_word' id='word_1_449' title='bbox 198 2088 300 2119; x_wconf 75' lang='grc' dir='ltr'>οἰκείας</span> <span class='ocrx_word' id='word_1_450' title='bbox 314 2088 415 2122; x_wconf 83' lang='grc' dir='ltr'>ἀρετῆς</span> <span class='ocrx_word' id='word_1_451' title='bbox 434 2087 501 2121; x_wconf 78' lang='grc' dir='ltr'>ἔργα</span> <span class='ocrx_word' id='word_1_452' title='bbox 521 2086 619 2121; x_wconf 66' lang='grc' dir='ltr'>ῥᾳδίως</span> <span class='ocrx_word' id='word_1_453' title='bbox 633 2086 766 2117; x_wconf 79' lang='grc' dir='ltr'>ἐπιτελεῖ,</span> <span class='ocrx_word' id='word_1_454' title='bbox 787 2084 869 2120; x_wconf 80' lang='grc' dir='ltr'>μηδὲν</span> <span class='ocrx_word' id='word_1_455' title='bbox 886 2085 986 2118; x_wconf 79' lang='grc' dir='ltr'>ἀγωνιο</span> 
     </span>
    </p>
   </div>
   <div class='ocr_carea' id='block_1_61' title="bbox 200 2129 985 2169">
    <p class='ocr_par' dir='ltr' id='par_1_61' title="bbox 200 2129 985 2169">
     <span class='ocr_line' id='line_1_61' title="bbox 200 2129 985 2169; baseline -0.006 -9"><span class='ocrx_word' id='word_1_456' title='bbox 200 2134 303 2169; x_wconf 80' lang='grc' dir='ltr'>ζομένη</span> <span class='ocrx_word' id='word_1_457' title='bbox 321 2133 390 2168; x_wconf 77' lang='grc' dir='ltr'>πρὸς</span> <span class='ocrx_word' id='word_1_458' title='bbox 408 2133 454 2160; x_wconf 74' lang='grc' dir='ltr'><strong>τὸν</strong></span> <span class='ocrx_word' id='word_1_459' title='bbox 476 2132 572 2168; x_wconf 77' lang='grc' dir='ltr'>ἐχθρὸν</span> <span class='ocrx_word' id='word_1_460' title='bbox 594 2131 640 2159; x_wconf 85' lang='grc' dir='ltr'><strong>τοῦ</strong></span> <span class='ocrx_word' id='word_1_461' title='bbox 663 2131 795 2167; x_wconf 80' lang='grc' dir='ltr'>κρείττων</span> <span class='ocrx_word' id='word_1_462' title='bbox 812 2130 861 2166; x_wconf 86' lang='grc' dir='ltr'>τῆς</span> <span class='ocrx_word' id='word_1_463' title='bbox 879 2129 985 2156; x_wconf 76' lang='grc' dir='ltr'>ἐκείνου</span> 
     </span>
    </p>
   </div>
   <div class='ocr_carea' id='block_1_62' title="bbox 198 2175 986 2214">
    <p class='ocr_par' dir='ltr' id='par_1_62' title="bbox 198 2175 986 2214">
     <span class='ocr_line' id='line_1_62' title="bbox 198 2175 986 2214; baseline -0.005 -8"><span class='ocrx_word' id='word_1_464' title='bbox 198 2179 343 2214; x_wconf 79' lang='grc' dir='ltr'>τυγχάνειν</span> <span class='ocrx_word' id='word_1_465' title='bbox 362 2178 525 2214; x_wconf 75' lang='grc' dir='ltr'>ἐπιϐουλῆς,</span> <span class='ocrx_word' id='word_1_466' title='bbox 551 2177 620 2204; x_wconf 82' lang='grc' dir='ltr'>ἀλλὰ</span> <span class='ocrx_word' id='word_1_467' title='bbox 639 2177 669 2204; x_wconf 79' lang='grc' dir='ltr'>τὸ</span> <span class='ocrx_word' id='word_1_468' title='bbox 692 2177 800 2204; x_wconf 85' lang='grc' dir='ltr'>πάντων</span> <span class='ocrx_word' id='word_1_469' title='bbox 820 2175 930 2211; x_wconf 79' lang='grc' dir='ltr'>μεῖζον,</span> <span class='ocrx_word' id='word_1_470' title='bbox 951 2175 986 2202; x_wconf 79' lang='grc' dir='ltr'>τὰ</span> 
     </span>
    </p>
   </div>
   <div class='ocr_carea' id='block_1_63' title="bbox 198 2221 987 2260">
    <p class='ocr_par' dir='ltr' id='par_1_63' title="bbox 198 2221 987 2260">
     <span class='ocr_line' id='line_1_63' title="bbox 198 2221 987 2260; baseline -0.008 -7"><span class='ocrx_word' id='word_1_471' title='bbox 198 2226 246 2253; x_wconf 76' lang='grc' dir='ltr'><strong>τοῦ</strong></span> <span class='ocrx_word' id='word_1_472' title='bbox 262 2225 385 2260; x_wconf 79' lang='grc' dir='ltr'>σωτῆρος</span> <span class='ocrx_word' id='word_1_473' title='bbox 407 2225 446 2256; x_wconf 80' lang='grc' dir='ltr'>εἰς</span> <span class='ocrx_word' id='word_1_474' title='bbox 471 2223 570 2257; x_wconf 77' lang='grc' dir='ltr'>ἑαυτὴν</span> <span class='ocrx_word' id='word_1_475' title='bbox 590 2222 749 2257; x_wconf 81' lang='grc' dir='ltr'>ἀναδέχεται</span> <span class='ocrx_word' id='word_1_476' title='bbox 770 2221 862 2257; x_wconf 76' lang='grc' dir='ltr'>πάθη,</span> <span class='ocrx_word' id='word_1_477' title='bbox 877 2221 924 2248; x_wconf 79' lang='grc' dir='ltr'><strong>καὶ</strong></span> <span class='ocrx_word' id='word_1_478' title='bbox 943 2222 987 2248; x_wconf 72' lang='grc' dir='ltr'><strong>ἑν-</strong></span> 
     </span>
    </p>
   </div>
   <div class='ocr_carea' id='block_1_64' title="bbox 198 2265 986 2306">
    <p class='ocr_par' dir='ltr' id='par_1_64' title="bbox 198 2265 986 2306">
     <span class='ocr_line' id='line_1_64' title="bbox 198 2265 986 2306; baseline -0.009 -7"><span class='ocrx_word' id='word_1_479' title='bbox 198 2271 289 2306; x_wconf 60' lang='grc' dir='ltr'>τρυψᾷ</span> <span class='ocrx_word' id='word_1_480' title='bbox 307 2270 412 2302; x_wconf 84' lang='grc' dir='ltr'>τούτοις</span> <span class='ocrx_word' id='word_1_481' title='bbox 432 2269 511 2295; x_wconf 74' lang='grc' dir='ltr'>πλέον</span> <span class='ocrx_word' id='word_1_482' title='bbox 530 2269 546 2305; x_wconf 85' lang='grc' dir='ltr'>ἢ</span> <span class='ocrx_word' id='word_1_483' title='bbox 568 2270 593 2295; x_wconf 71' lang='grc' dir='ltr'>οἱ</span> <span class='ocrx_word' id='word_1_484' title='bbox 609 2268 722 2304; x_wconf 75' lang='grc' dir='ltr'>ἐρασταὶ</span> <span class='ocrx_word' id='word_1_485' title='bbox 742 2267 790 2294; x_wconf 87' lang='grc' dir='ltr'><strong>τοῦ</strong></span> <span class='ocrx_word' id='word_1_486' title='bbox 807 2266 863 2302; x_wconf 86' lang='grc' dir='ltr'>βίου</span> <span class='ocrx_word' id='word_1_487' title='bbox 890 2265 986 2293; x_wconf 86' lang='grc' dir='ltr'>τούτου</span> 
     </span>
    </p>
   </div>
   <div class='ocr_carea' id='block_1_65' title="bbox 198 2311 986 2352">
    <p class='ocr_par' dir='ltr' id='par_1_65' title="bbox 198 2311 986 2352">
     <span class='ocr_line' id='line_1_65' title="bbox 198 2311 986 2352; baseline -0.006 -9"><span class='ocrx_word' id='word_1_488' title='bbox 198 2318 259 2348; x_wconf 77' lang='grc' dir='ltr'>ταῖς</span> <span class='ocrx_word' id='word_1_489' title='bbox 272 2316 350 2352; x_wconf 84' lang='grc' dir='ltr'>παρὰ</span> <span class='ocrx_word' id='word_1_490' title='bbox 362 2315 416 2342; x_wconf 89' lang='grc' dir='ltr'><strong>τῶν</strong></span> <span class='ocrx_word' id='word_1_491' title='bbox 434 2314 587 2350; x_wconf 80' lang='grc' dir='ltr'>ἀνθρώπων</span> <span class='ocrx_word' id='word_1_492' title='bbox 605 2315 699 2349; x_wconf 85' lang='grc' dir='ltr'>τιμαῖς</span> <span class='ocrx_word' id='word_1_493' title='bbox 714 2314 760 2340; x_wconf 78' lang='grc' dir='ltr'>καὶ</span> <span class='ocrx_word' id='word_1_494' title='bbox 772 2312 862 2344; x_wconf 83' lang='grc' dir='ltr'>δόξαις</span> <span class='ocrx_word' id='word_1_495' title='bbox 881 2311 929 2339; x_wconf 73' lang='grc' dir='ltr'>καὶ</span> <span class='ocrx_word' id='word_1_496' title='bbox 941 2311 986 2338; x_wconf 85' lang='grc' dir='ltr'>δυ-</span> 
     </span>
    </p>
   </div>
   <div class='ocr_carea' id='block_1_66' title="bbox 200 2357 986 2397">
    <p class='ocr_par' dir='ltr' id='par_1_66' title="bbox 200 2357 986 2397">
     <span class='ocr_line' id='line_1_66' title="bbox 200 2357 986 2397; baseline -0.008 -7"><span class='ocrx_word' id='word_1_497' title='bbox 200 2363 349 2394; x_wconf 77' lang='grc' dir='ltr'>ναστείαις.</span> <span class='ocrx_word' id='word_1_498' title='bbox 379 2361 543 2397; x_wconf 87' lang='grc' dir='ltr'>χριστιανῶν</span> <span class='ocrx_word' id='word_1_499' title='bbox 565 2360 620 2396; x_wconf 82' lang='grc' dir='ltr'><strong>γὰρ</strong></span> <span class='ocrx_word' id='word_1_500' title='bbox 644 2359 689 2386; x_wconf 80' lang='grc' dir='ltr'><strong>διὰ</strong></span> <span class='ocrx_word' id='word_1_501' title='bbox 713 2359 852 2390; x_wconf 79' lang='grc' dir='ltr'>πολιτείας</span> <span class='ocrx_word' id='word_1_502' title='bbox 880 2357 986 2393; x_wconf 85' lang='grc' dir='ltr'>ἀγαθῆς</span> 
     </span>
    </p>
   </div>
   <div class='ocr_carea' id='block_1_67' title="bbox 202 2404 987 2444">
    <p class='ocr_par' dir='ltr' id='par_1_67' title="bbox 202 2404 987 2444">
     <span class='ocr_line' id='line_1_67' title="bbox 202 2404 987 2444; baseline -0.006 -9"><span class='ocrx_word' id='word_1_503' title='bbox 202 2409 247 2435; x_wconf 78' lang='grc' dir='ltr'>καὶ</span> <span class='ocrx_word' id='word_1_504' title='bbox 269 2410 319 2444; x_wconf 82' lang='grc' dir='ltr'>τῆς</span> <span class='ocrx_word' id='word_1_505' title='bbox 334 2407 382 2434; x_wconf 85' lang='grc' dir='ltr'><strong>τοῦ</strong></span> <span class='ocrx_word' id='word_1_506' title='bbox 403 2407 559 2442; x_wconf 82' lang='grc' dir='ltr'>πνεύματος</span> <span class='ocrx_word' id='word_1_507' title='bbox 580 2406 698 2441; x_wconf 82' lang='grc' dir='ltr'>δωρεᾶς,</span> <span class='ocrx_word' id='word_1_508' title='bbox 715 2407 755 2437; x_wconf 81' lang='grc' dir='ltr'><strong>είς</strong></span> <span class='ocrx_word' id='word_1_509' title='bbox 775 2405 806 2431; x_wconf 80' lang='grc' dir='ltr'>τὸ</span> <span class='ocrx_word' id='word_1_510' title='bbox 820 2404 870 2440; x_wconf 85' lang='grc' dir='ltr'>τῆς</span> <span class='ocrx_word' id='word_1_511' title='bbox 889 2404 987 2440; x_wconf 84' lang='grc' dir='ltr'>νοητῆς</span> 
     </span>
    </p>
   </div>
   <div class='ocr_carea' id='block_1_68' title="bbox 200 2452 988 2490">
    <p class='ocr_par' dir='ltr' id='par_1_68' title="bbox 200 2452 988 2490">
     <span class='ocr_line' id='line_1_68' title="bbox 200 2452 988 2490; baseline -0.005 -9"><span class='ocrx_word' id='word_1_512' title='bbox 200 2454 307 2489; x_wconf 82' lang='grc' dir='ltr'>ἡλικίας</span> <span class='ocrx_word' id='word_1_513' title='bbox 322 2454 437 2490; x_wconf 78' lang='grc' dir='ltr'>μέτρον,</span> <span class='ocrx_word' id='word_1_514' title='bbox 450 2454 500 2489; x_wconf 85' lang='grc' dir='ltr'>τῆς</span> <span class='ocrx_word' id='word_1_515' title='bbox 510 2453 657 2488; x_wconf 82' lang='grc' dir='ltr'>δεδομένης</span> <span class='ocrx_word' id='word_1_516' title='bbox 673 2452 759 2487; x_wconf 80' lang='grc' dir='ltr'>αὐτῆς</span> <span class='ocrx_word' id='word_1_517' title='bbox 781 2452 907 2488; x_wconf 84' lang='grc' dir='ltr'>χάριτος,</span> <span class='ocrx_word' id='word_1_518' title='bbox 921 2459 988 2486; x_wconf 82' lang='grc' dir='ltr'>προ-</span> 
     </span>
    </p>
   </div>
   <div class='ocr_carea' id='block_1_69' title="bbox 201 2497 988 2534">
    <p class='ocr_par' dir='ltr' id='par_1_69' title="bbox 201 2497 988 2534">
     <span class='ocr_line' id='line_1_69' title="bbox 201 2497 988 2534; baseline -0.003 -8"><span class='ocrx_word' id='word_1_519' title='bbox 201 2499 333 2526; x_wconf 81' lang='grc' dir='ltr'>ελθόντων</span> <span class='ocrx_word' id='word_1_520' title='bbox 347 2500 411 2532; x_wconf 81' lang='grc' dir='ltr'>δόξα</span> <span class='ocrx_word' id='word_1_521' title='bbox 422 2500 468 2526; x_wconf 79' lang='grc' dir='ltr'><strong>καὶ</strong></span> <span class='ocrx_word' id='word_1_522' title='bbox 481 2499 572 2534; x_wconf 73' lang='grc' dir='ltr'>τρυφὴ</span> <span class='ocrx_word' id='word_1_523' title='bbox 583 2499 630 2526; x_wconf 76' lang='grc' dir='ltr'>καὶ</span> <span class='ocrx_word' id='word_1_524' title='bbox 643 2498 734 2534; x_wconf 82' lang='grc' dir='ltr'>πάσης</span> <span class='ocrx_word' id='word_1_525' title='bbox 747 2498 842 2534; x_wconf 83' lang='grc' dir='ltr'>ἡδονῆς</span> <span class='ocrx_word' id='word_1_526' title='bbox 856 2497 988 2533; x_wconf 86' lang='grc' dir='ltr'>κρείττων</span> 
     </span>
    </p>
   </div>
   <div class='ocr_carea' id='block_1_70' title="bbox 201 2543 987 2580">
    <p class='ocr_par' dir='ltr' id='par_1_70' title="bbox 201 2543 987 2580">
     <span class='ocr_line' id='line_1_70' title="bbox 201 2543 987 2580; baseline -0.004 -8"><span class='ocrx_word' id='word_1_527' title='bbox 201 2545 351 2577; x_wconf 74' lang='grc' dir='ltr'>ἀπόλαυσις</span> <span class='ocrx_word' id='word_1_528' title='bbox 365 2546 396 2572; x_wconf 78' lang='grc' dir='ltr'>τὸ</span> <span class='ocrx_word' id='word_1_529' title='bbox 412 2544 549 2580; x_wconf 81' lang='grc' dir='ltr'>μισεῖσθαι</span> <span class='ocrx_word' id='word_1_530' title='bbox 565 2545 610 2571; x_wconf 83' lang='grc' dir='ltr'>διὰ</span> <span class='ocrx_word' id='word_1_531' title='bbox 622 2544 752 2580; x_wconf 75' lang='grc' dir='ltr'>Χριστόν,</span> <span class='ocrx_word' id='word_1_532' title='bbox 771 2544 801 2570; x_wconf 82' lang='grc' dir='ltr'>τὸ</span> <span class='ocrx_word' id='word_1_533' title='bbox 812 2543 987 2574; x_wconf 73' lang='grc' dir='ltr'>ἐλαύνεσθαι,</span> 
     </span>
    </p>
   </div>
   <div class='ocr_carea' id='block_1_71' title="bbox 201 2587 986 2626">
    <p class='ocr_par' dir='ltr' id='par_1_71' title="bbox 201 2587 986 2626">
     <span class='ocr_line' id='line_1_71' title="bbox 201 2587 986 2626; baseline -0.004 -9"><span class='ocrx_word' id='word_1_534' title='bbox 201 2592 232 2617; x_wconf 74' lang='grc' dir='ltr'>τὸ</span> <span class='ocrx_word' id='word_1_535' title='bbox 241 2592 332 2618; x_wconf 76' lang='grc' dir='ltr'>πᾶσαν</span> <span class='ocrx_word' id='word_1_536' title='bbox 348 2591 427 2626; x_wconf 75' lang='grc' dir='ltr'>ὓϐριν</span> <span class='ocrx_word' id='word_1_537' title='bbox 445 2591 491 2617; x_wconf 69' lang='grc' dir='ltr'>καὶ</span> <span class='ocrx_word' id='word_1_538' title='bbox 509 2589 638 2625; x_wconf 81' lang='grc' dir='ltr'>αἰσχύνην</span> <span class='ocrx_word' id='word_1_539' title='bbox 655 2589 725 2624; x_wconf 82' lang='grc' dir='ltr'>ὑπὲρ</span> <span class='ocrx_word' id='word_1_540' title='bbox 740 2590 790 2624; x_wconf 79' lang='grc' dir='ltr'>τῆς</span> <span class='ocrx_word' id='word_1_541' title='bbox 805 2590 845 2621; x_wconf 87' lang='grc' dir='ltr'><strong>είς</strong></span> <span class='ocrx_word' id='word_1_542' title='bbox 862 2589 923 2615; x_wconf 79' lang='grc' dir='ltr'>θεὸν</span> <span class='ocrx_word' id='word_1_543' title='bbox 940 2587 986 2614; x_wconf 89' lang='grc' dir='ltr'>πί-</span> 
     </span>
    </p>
   </div>
   <div class='ocr_carea' id='block_1_72' title="bbox 203 2633 988 2673">
    <p class='ocr_par' dir='ltr' id='par_1_72' title="bbox 203 2633 988 2673">
     <span class='ocr_line' id='line_1_72' title="bbox 203 2633 988 2673; baseline -0.001 -11"><span class='ocrx_word' id='word_1_544' title='bbox 203 2645 289 2669; x_wconf 83' lang='grc' dir='ltr'>στεως</span> <span class='ocrx_word' id='word_1_545' title='bbox 308 2637 463 2673; x_wconf 79' lang='grc' dir='ltr'>ὑπομένειν.</span> <span class='ocrx_word' id='word_1_546' title='bbox 481 2635 532 2671; x_wconf 74' lang='grc' dir='ltr'>τῆς</span> <span class='ocrx_word' id='word_1_547' title='bbox 557 2635 611 2670; x_wconf 84' lang='grc' dir='ltr'>γὰρ</span> <span class='ocrx_word' id='word_1_548' title='bbox 634 2634 739 2667; x_wconf 79' lang='grc' dir='ltr'>ἐλπίδος</span> <span class='ocrx_word' id='word_1_549' title='bbox 761 2635 825 2671; x_wconf 76' lang='grc' dir='ltr'>ὅλης</span> <span class='ocrx_word' id='word_1_550' title='bbox 843 2634 927 2670; x_wconf 74' lang='grc' dir='ltr'>οὔσης</span> <span class='ocrx_word' id='word_1_551' title='bbox 949 2633 988 2669; x_wconf 84' lang='grc' dir='ltr'>τῷ</span> 
     </span>
    </p>
   </div>
   <div class='ocr_carea' id='block_1_73' title="bbox 1033 989 1824 1031">
    <p class='ocr_par' dir='ltr' id='par_1_73' title="bbox 1033 989 1824 1031">
     <span class='ocr_line' id='line_1_73' title="bbox 1033 989 1824 1031; baseline 0.004 -15"><span class='ocrx_word' id='word_1_552' title='bbox 1033 993 1061 1016; x_wconf 86' lang='lat' dir='ltr'><strong>et</strong></span> <span class='ocrx_word' id='word_1_553' title='bbox 1074 989 1204 1017; x_wconf 85' lang='lat' dir='ltr'><strong>malitiam</strong></span> <span class='ocrx_word' id='word_1_554' title='bbox 1215 995 1243 1018; x_wconf 92' lang='lat' dir='ltr'><strong>et</strong></span> <span class='ocrx_word' id='word_1_555' title='bbox 1254 995 1359 1018; x_wconf 87' lang='lat' dir='ltr'><strong>ceteras</strong></span> <span class='ocrx_word' id='word_1_556' title='bbox 1369 996 1462 1026; x_wconf 90' lang='lat' dir='ltr'><strong>partes</strong></span> <span class='ocrx_word' id='word_1_557' title='bbox 1478 991 1649 1019; x_wconf 84' lang='lat' dir='ltr'><strong>adversariae</strong></span> <span class='ocrx_word' id='word_1_558' title='bbox 1665 992 1824 1031; x_wconf 70' lang='lat' dir='ltr'><strong>pravitatis;</strong></span> 
     </span>
    </p>
   </div>
   <div class='ocr_carea' id='block_1_74' title="bbox 1034 1033 1824 1070">
    <p class='ocr_par' dir='ltr' id='par_1_74' title="bbox 1034 1033 1824 1070">
     <span class='ocr_line' id='line_1_74' title="bbox 1034 1033 1824 1070; baseline 0.005 -10"><span class='ocrx_word' id='word_1_559' title='bbox 1034 1034 1071 1061; x_wconf 81' lang='lat' dir='ltr'><strong>ita</strong></span> <span class='ocrx_word' id='word_1_560' title='bbox 1082 1038 1110 1061; x_wconf 90' lang='lat' dir='ltr'><strong>et</strong></span> <span class='ocrx_word' id='word_1_561' title='bbox 1120 1033 1222 1061; x_wconf 86' lang='lat' dir='ltr'><strong>Christi</strong></span> <span class='ocrx_word' id='word_1_562' title='bbox 1233 1039 1260 1062; x_wconf 88' lang='lat' dir='ltr'><strong>et</strong></span> <span class='ocrx_word' id='word_1_563' title='bbox 1273 1035 1399 1062; x_wconf 87' lang='lat' dir='ltr'><strong>veritatis</strong></span> <span class='ocrx_word' id='word_1_564' title='bbox 1410 1036 1531 1063; x_wconf 87' lang='lat' dir='ltr'><strong>cultores</strong></span> <span class='ocrx_word' id='word_1_565' title='bbox 1542 1044 1591 1070; x_wconf 92' lang='lat' dir='ltr'><strong>per</strong></span> <span class='ocrx_word' id='word_1_566' title='bbox 1603 1036 1683 1063; x_wconf 88' lang='lat' dir='ltr'><strong>ﬁdem</strong></span> <span class='ocrx_word' id='word_1_567' title='bbox 1693 1041 1720 1064; x_wconf 90' lang='lat' dir='ltr'><strong>et</strong></span> <span class='ocrx_word' id='word_1_568' title='bbox 1735 1037 1824 1064; x_wconf 82' lang='lat' dir='ltr'><strong>virtu-</strong></span> 
     </span>
    </p>
   </div>
   <div class='ocr_carea' id='block_1_75' title="bbox 1034 1080 1824 1116">
    <p class='ocr_par' dir='ltr' id='par_1_75' title="bbox 1034 1080 1824 1116">
     <span class='ocr_line' id='line_1_75' title="bbox 1034 1080 1824 1116; baseline 0.004 -9"><span class='ocrx_word' id='word_1_569' title='bbox 1034 1080 1069 1108; x_wconf 87' lang='lat' dir='ltr'><strong>tis</strong></span> <span class='ocrx_word' id='word_1_570' title='bbox 1085 1080 1192 1107; x_wconf 88' lang='lat' dir='ltr'><strong>labores</strong></span> <span class='ocrx_word' id='word_1_571' title='bbox 1207 1081 1280 1108; x_wconf 84' lang='lat' dir='ltr'><strong>bona</strong></span> <span class='ocrx_word' id='word_1_572' title='bbox 1301 1089 1350 1108; x_wconf 85' lang='lat' dir='ltr'><strong>sua</strong></span> <span class='ocrx_word' id='word_1_573' title='bbox 1374 1082 1593 1116; x_wconf 86' lang='lat' dir='ltr'><strong>supernaturalia</strong></span> <span class='ocrx_word' id='word_1_574' title='bbox 1611 1090 1673 1109; x_wconf 90' lang='lat' dir='ltr'><strong>cum</strong></span> <span class='ocrx_word' id='word_1_575' title='bbox 1692 1083 1824 1110; x_wconf 74' lang='lat' dir='ltr'><strong>ineﬂ‘abili</strong></span> 
     </span>
    </p>
   </div>
   <div class='ocr_carea' id='block_1_76' title="bbox 1034 1124 1827 1160">
    <p class='ocr_par' dir='ltr' id='par_1_76' title="bbox 1034 1124 1827 1160">
     <span class='ocr_line' id='line_1_76' title="bbox 1034 1124 1827 1160; baseline 0.005 -9"><span class='ocrx_word' id='word_1_576' title='bbox 1034 1125 1136 1160; x_wconf 87' lang='lat' dir='ltr'><strong>gaudio</strong></span> <span class='ocrx_word' id='word_1_577' title='bbox 1156 1124 1333 1158; x_wconf 80' lang='lat' dir='ltr'><strong>frnctilicant,</strong></span> <span class='ocrx_word' id='word_1_578' title='bbox 1349 1131 1377 1154; x_wconf 89' lang='lat' dir='ltr'><strong>et</strong></span> <span class='ocrx_word' id='word_1_579' title='bbox 1396 1126 1455 1154; x_wconf 88' lang='lat' dir='ltr'><strong>sine</strong></span> <span class='ocrx_word' id='word_1_580' title='bbox 1471 1127 1565 1154; x_wconf 87' lang='lat' dir='ltr'><strong>labore</strong></span> <span class='ocrx_word' id='word_1_581' title='bbox 1583 1127 1717 1154; x_wconf 88' lang='lat' dir='ltr'><strong>sinceram</strong></span> <span class='ocrx_word' id='word_1_582' title='bbox 1731 1132 1759 1155; x_wconf 87' lang='lat' dir='ltr'><strong>et</strong></span> <span class='ocrx_word' id='word_1_583' title='bbox 1775 1128 1827 1155; x_wconf 89' lang='lat' dir='ltr'><strong>im-</strong></span> 
     </span>
    </p>
   </div>
   <div class='ocr_carea' id='block_1_77' title="bbox 1032 1171 1823 1207">
    <p class='ocr_par' dir='ltr' id='par_1_77' title="bbox 1032 1171 1823 1207">
     <span class='ocr_line' id='line_1_77' title="bbox 1032 1171 1823 1207; baseline 0.004 -10"><span class='ocrx_word' id='word_1_584' title='bbox 1032 1171 1161 1197; x_wconf 91' lang='lat' dir='ltr'><strong>mobilem</strong></span> <span class='ocrx_word' id='word_1_585' title='bbox 1175 1171 1255 1198; x_wconf 83' lang='lat' dir='ltr'><strong>iidem</strong></span> <span class='ocrx_word' id='word_1_586' title='bbox 1269 1171 1425 1206; x_wconf 84' lang='lat' dir='ltr'><strong>perﬁciunt,</strong></span> <span class='ocrx_word' id='word_1_587' title='bbox 1437 1172 1636 1205; x_wconf 80' lang='lat' dir='ltr'><strong>immutabilem</strong></span> <span class='ocrx_word' id='word_1_588' title='bbox 1649 1181 1754 1207; x_wconf 84' lang='lat' dir='ltr'><strong>pacem,</strong></span> <span class='ocrx_word' id='word_1_589' title='bbox 1773 1181 1823 1200; x_wconf 83' lang='lat' dir='ltr'><strong>ve-</strong></span> 
     </span>
    </p>
   </div>
   <div class='ocr_carea' id='block_1_78' title="bbox 1033 1217 1825 1254">
    <p class='ocr_par' dir='ltr' id='par_1_78' title="bbox 1033 1217 1825 1254">
     <span class='ocr_line' id='line_1_78' title="bbox 1033 1217 1825 1254; baseline 0.004 -10"><span class='ocrx_word' id='word_1_590' title='bbox 1033 1225 1091 1244; x_wconf 88' lang='lat' dir='ltr'><strong>ram</strong></span> <span class='ocrx_word' id='word_1_591' title='bbox 1109 1217 1258 1244; x_wconf 89' lang='lat' dir='ltr'><strong>bonitatem</strong></span> <span class='ocrx_word' id='word_1_592' title='bbox 1270 1238 1277 1249; x_wconf 92' lang='lat'><strong>,</strong></span> <span class='ocrx_word' id='word_1_593' title='bbox 1298 1222 1326 1245; x_wconf 88' lang='lat' dir='ltr'><strong>et</strong></span> <span class='ocrx_word' id='word_1_594' title='bbox 1340 1223 1433 1245; x_wconf 85' lang='lat' dir='ltr'><strong>cetera</strong></span> <span class='ocrx_word' id='word_1_595' title='bbox 1450 1218 1556 1251; x_wconf 86' lang='lat' dir='ltr'><strong>omnia,</strong></span> <span class='ocrx_word' id='word_1_596' title='bbox 1571 1219 1672 1254; x_wconf 80' lang='lat' dir='ltr'><strong>quibus</strong></span> <span class='ocrx_word' id='word_1_597' title='bbox 1686 1219 1775 1246; x_wconf 85' lang='lat' dir='ltr'><strong>anima</strong></span> <span class='ocrx_word' id='word_1_598' title='bbox 1794 1228 1825 1248; x_wconf 78' lang='lat' dir='ltr'><strong>se</strong></span> 
     </span>
    </p>
   </div>
   <div class='ocr_carea' id='block_1_79' title="bbox 1033 1263 1824 1298">
    <p class='ocr_par' dir='ltr' id='par_1_79' title="bbox 1033 1263 1824 1298">
     <span class='ocr_line' id='line_1_79' title="bbox 1033 1263 1824 1298; baseline 0.003 -8"><span class='ocrx_word' id='word_1_599' title='bbox 1033 1264 1091 1298; x_wconf 82' lang='lat' dir='ltr'><strong>ipsa</strong></span> <span class='ocrx_word' id='word_1_600' title='bbox 1107 1264 1205 1290; x_wconf 91' lang='lat' dir='ltr'><strong>melior</strong></span> <span class='ocrx_word' id='word_1_601' title='bbox 1216 1264 1297 1295; x_wconf 87' lang='lat' dir='ltr'><strong>facta,</strong></span> <span class='ocrx_word' id='word_1_602' title='bbox 1305 1268 1333 1291; x_wconf 90' lang='lat' dir='ltr'><strong>et</strong></span> <span class='ocrx_word' id='word_1_603' title='bbox 1342 1263 1439 1291; x_wconf 79' lang='lat' dir='ltr'><strong>fortior</strong></span> <span class='ocrx_word' id='word_1_604' title='bbox 1450 1264 1599 1292; x_wconf 88' lang='lat' dir='ltr'><strong>adversarii</strong></span> <span class='ocrx_word' id='word_1_605' title='bbox 1609 1265 1720 1297; x_wconf 89' lang='lat' dir='ltr'><strong>malitia,</strong></span> <span class='ocrx_word' id='word_1_606' title='bbox 1732 1266 1824 1292; x_wconf 84' lang='lat' dir='ltr'><strong>taber—</strong></span> 
     </span>
    </p>
   </div>
   <div class='ocr_carea' id='block_1_80' title="bbox 1032 1310 1826 1345">
    <p class='ocr_par' dir='ltr' id='par_1_80' title="bbox 1032 1310 1826 1345">
     <span class='ocr_line' id='line_1_80' title="bbox 1032 1310 1826 1345; baseline 0.004 -9"><span class='ocrx_word' id='word_1_607' title='bbox 1032 1310 1160 1336; x_wconf 89' lang='lat' dir='ltr'><strong>naculum</strong></span> <span class='ocrx_word' id='word_1_608' title='bbox 1171 1317 1269 1344; x_wconf 93' lang='lat' dir='ltr'><strong>purum</strong></span> <span class='ocrx_word' id='word_1_609' title='bbox 1281 1317 1310 1337; x_wconf 88' lang='lat' dir='ltr'><strong>se</strong></span> <span class='ocrx_word' id='word_1_610' title='bbox 1324 1310 1409 1345; x_wconf 88' lang='lat' dir='ltr'><strong>ipsam</strong></span> <span class='ocrx_word' id='word_1_611' title='bbox 1419 1310 1668 1338; x_wconf 79' lang='lat' dir='ltr'><strong>cxhibetadorabili</strong></span> <span class='ocrx_word' id='word_1_612' title='bbox 1683 1317 1711 1338; x_wconf 91' lang='lat' dir='ltr'><strong>et</strong></span> <span class='ocrx_word' id='word_1_613' title='bbox 1730 1316 1826 1339; x_wconf 81' lang='lat' dir='ltr'><strong>sancto</strong></span> 
     </span>
    </p>
   </div>
   <div class='ocr_carea' id='block_1_81' title="bbox 1033 1355 1822 1392">
    <p class='ocr_par' dir='ltr' id='par_1_81' title="bbox 1033 1355 1822 1392">
     <span class='ocr_line' id='line_1_81' title="bbox 1033 1355 1822 1392; baseline 0.003 -10"><span class='ocrx_word' id='word_1_614' title='bbox 1033 1355 1157 1390; x_wconf 88' lang='lat' dir='ltr'><strong>Spiritui,</strong></span> <span class='ocrx_word' id='word_1_615' title='bbox 1172 1364 1186 1382; x_wconf 90' lang='lat' dir='ltr'><strong>a</strong></span> <span class='ocrx_word' id='word_1_616' title='bbox 1203 1363 1257 1390; x_wconf 87' lang='lat' dir='ltr'><strong>quo</strong></span> <span class='ocrx_word' id='word_1_617' title='bbox 1275 1356 1456 1383; x_wconf 83' lang='lat' dir='ltr'><strong>immortalem</strong></span> <span class='ocrx_word' id='word_1_618' title='bbox 1472 1356 1573 1384; x_wconf 86' lang='lat' dir='ltr'><strong>Christi</strong></span> <span class='ocrx_word' id='word_1_619' title='bbox 1599 1365 1693 1392; x_wconf 91' lang='lat' dir='ltr'><strong>pacem</strong></span> <span class='ocrx_word' id='word_1_620' title='bbox 1707 1358 1822 1392; x_wconf 67' lang='lat' dir='ltr'><strong>accipit,</strong></span> 
     </span>
    </p>
   </div>
   <div class='ocr_carea' id='block_1_82' title="bbox 1032 1401 1826 1438">
    <p class='ocr_par' dir='ltr' id='par_1_82' title="bbox 1032 1401 1826 1438">
     <span class='ocr_line' id='line_1_82' title="bbox 1032 1401 1826 1438; baseline 0.004 -10"><span class='ocrx_word' id='word_1_621' title='bbox 1032 1409 1081 1437; x_wconf 86' lang='lat' dir='ltr'><strong>per</strong></span> <span class='ocrx_word' id='word_1_622' title='bbox 1106 1409 1189 1437; x_wconf 81' lang='lat' dir='ltr'><strong>quam</strong></span> <span class='ocrx_word' id='word_1_623' title='bbox 1216 1401 1339 1437; x_wconf 78' lang='lat' dir='ltr'><strong>iungitur</strong></span> <span class='ocrx_word' id='word_1_624' title='bbox 1356 1406 1384 1429; x_wconf 88' lang='lat' dir='ltr'><strong>et</strong></span> <span class='ocrx_word' id='word_1_625' title='bbox 1402 1403 1546 1437; x_wconf 87' lang='lat' dir='ltr'><strong>copulatur</strong></span> <span class='ocrx_word' id='word_1_626' title='bbox 1564 1403 1688 1430; x_wconf 88' lang='lat' dir='ltr'><strong>Domino.</strong></span> <span class='ocrx_word' id='word_1_627' title='bbox 1708 1403 1826 1438; x_wconf 80' lang='lat' dir='ltr'><strong>Accepta</strong></span> 
     </span>
    </p>
   </div>
   <div class='ocr_carea' id='block_1_83' title="bbox 1032 1447 1824 1482">
    <p class='ocr_par' dir='ltr' id='par_1_83' title="bbox 1032 1447 1824 1482">
     <span class='ocr_line' id='line_1_83' title="bbox 1032 1447 1824 1482; baseline 0.003 -9"><span class='ocrx_word' id='word_1_628' title='bbox 1032 1451 1122 1474; x_wconf 80' lang='lat' dir='ltr'><strong>autem</strong></span> <span class='ocrx_word' id='word_1_629' title='bbox 1142 1447 1260 1481; x_wconf 84' lang='lat' dir='ltr'><strong>Spiritus</strong></span> <span class='ocrx_word' id='word_1_630' title='bbox 1282 1447 1383 1482; x_wconf 86' lang='lat' dir='ltr'><strong>gratia,</strong></span> <span class='ocrx_word' id='word_1_631' title='bbox 1403 1452 1431 1474; x_wconf 89' lang='lat' dir='ltr'><strong>et</strong></span> <span class='ocrx_word' id='word_1_632' title='bbox 1455 1448 1510 1475; x_wconf 85' lang='lat' dir='ltr'><strong>Deo</strong></span> <span class='ocrx_word' id='word_1_633' title='bbox 1530 1449 1676 1475; x_wconf 86' lang='lat' dir='ltr'><strong>coniuncta</strong></span> <span class='ocrx_word' id='word_1_634' title='bbox 1702 1452 1730 1475; x_wconf 87' lang='lat' dir='ltr'><strong>et</strong></span> <span class='ocrx_word' id='word_1_635' title='bbox 1752 1457 1824 1476; x_wconf 87' lang='lat' dir='ltr'><strong>unus</strong></span> 
     </span>
    </p>
   </div>
   <div class='ocr_carea' id='block_1_84' title="bbox 1033 1491 1824 1527">
    <p class='ocr_par' dir='ltr' id='par_1_84' title="bbox 1033 1491 1824 1527">
     <span class='ocr_line' id='line_1_84' title="bbox 1033 1491 1824 1527; baseline 0.003 -9"><span class='ocrx_word' id='word_1_636' title='bbox 1033 1491 1151 1526; x_wconf 87' lang='lat' dir='ltr'><strong>Spiritus</strong></span> <span class='ocrx_word' id='word_1_637' title='bbox 1164 1500 1226 1518; x_wconf 91' lang='lat' dir='ltr'><strong>cum</strong></span> <span class='ocrx_word' id='word_1_638' title='bbox 1239 1499 1272 1518; x_wconf 88' lang='lat' dir='ltr'><strong>eo</strong></span> <span class='ocrx_word' id='word_1_639' title='bbox 1285 1492 1364 1523; x_wconf 83' lang='lat' dir='ltr'><strong>facta,</strong></span> <span class='ocrx_word' id='word_1_640' title='bbox 1382 1499 1437 1518; x_wconf 90' lang='lat' dir='ltr'><strong>non</strong></span> <span class='ocrx_word' id='word_1_641' title='bbox 1453 1492 1541 1519; x_wconf 89' lang='lat' dir='ltr'><strong>solum</strong></span> <span class='ocrx_word' id='word_1_642' title='bbox 1562 1493 1692 1527; x_wconf 81' lang='lat' dir='ltr'><strong>propriae</strong></span> <span class='ocrx_word' id='word_1_643' title='bbox 1710 1493 1824 1521; x_wconf 83' lang='lat' dir='ltr'><strong>virtutis</strong></span> 
     </span>
    </p>
   </div>
   <div class='ocr_carea' id='block_1_85' title="bbox 1033 1537 1826 1572">
    <p class='ocr_par' dir='ltr' id='par_1_85' title="bbox 1033 1537 1826 1572">
     <span class='ocr_line' id='line_1_85' title="bbox 1033 1537 1826 1572; baseline 0.001 -8"><span class='ocrx_word' id='word_1_644' title='bbox 1033 1545 1118 1572; x_wconf 90' lang='lat' dir='ltr'><strong>opera</strong></span> <span class='ocrx_word' id='word_1_645' title='bbox 1131 1537 1211 1565; x_wconf 80' lang='lat' dir='ltr'><strong>facile</strong></span> <span class='ocrx_word' id='word_1_646' title='bbox 1226 1537 1345 1572; x_wconf 85' lang='lat' dir='ltr'><strong>perﬁcit,</strong></span> <span class='ocrx_word' id='word_1_647' title='bbox 1365 1537 1433 1564; x_wconf 88' lang='lat' dir='ltr'><strong>nihil</strong></span> <span class='ocrx_word' id='word_1_648' title='bbox 1449 1542 1558 1565; x_wconf 83' lang='lat' dir='ltr'><strong>certans</strong></span> <span class='ocrx_word' id='word_1_649' title='bbox 1572 1543 1667 1565; x_wconf 90' lang='lat' dir='ltr'><strong>contra</strong></span> <span class='ocrx_word' id='word_1_650' title='bbox 1683 1538 1826 1566; x_wconf 90' lang='lat' dir='ltr'><strong>inimicum</strong></span> 
     </span>
    </p>
   </div>
   <div class='ocr_carea' id='block_1_86' title="bbox 1038 1582 1827 1618">
    <p class='ocr_par' dir='ltr' id='par_1_86' title="bbox 1038 1582 1827 1618">
     <span class='ocr_line' id='line_1_86' title="bbox 1038 1582 1827 1618; baseline 0 -9"><span class='ocrx_word' id='word_1_651' title='bbox 1038 1587 1070 1610; x_wconf 90' lang='lat' dir='ltr'><strong>ut</strong></span> <span class='ocrx_word' id='word_1_652' title='bbox 1090 1582 1188 1610; x_wconf 87' lang='lat' dir='ltr'><strong>fortior</strong></span> <span class='ocrx_word' id='word_1_653' title='bbox 1210 1582 1256 1610; x_wconf 83' lang='lat' dir='ltr'><strong>ﬁat</strong></span> <span class='ocrx_word' id='word_1_654' title='bbox 1275 1583 1349 1610; x_wconf 88' lang='lat' dir='ltr'><strong>illius</strong></span> <span class='ocrx_word' id='word_1_655' title='bbox 1377 1582 1500 1615; x_wconf 87' lang='lat' dir='ltr'><strong>insidiis,</strong></span> <span class='ocrx_word' id='word_1_656' title='bbox 1518 1583 1577 1615; x_wconf 81' lang='lat' dir='ltr'><strong>sed,</strong></span> <span class='ocrx_word' id='word_1_657' title='bbox 1605 1583 1677 1618; x_wconf 90' lang='lat' dir='ltr'><strong>quod</strong></span> <span class='ocrx_word' id='word_1_658' title='bbox 1703 1583 1827 1610; x_wconf 77' lang='lat' dir='ltr'><strong>omnium</strong></span> 
     </span>
    </p>
   </div>
   <div class='ocr_carea' id='block_1_87' title="bbox 1036 1628 1827 1664">
    <p class='ocr_par' dir='ltr' id='par_1_87' title="bbox 1036 1628 1827 1664">
     <span class='ocr_line' id='line_1_87' title="bbox 1036 1628 1827 1664; baseline 0.001 -9"><span class='ocrx_word' id='word_1_659' title='bbox 1036 1629 1184 1655; x_wconf 75' lang='lat' dir='ltr'><strong>maximum</strong></span> <span class='ocrx_word' id='word_1_660' title='bbox 1212 1632 1264 1661; x_wconf 89' lang='lat' dir='ltr'><strong>est,</strong></span> <span class='ocrx_word' id='word_1_661' title='bbox 1290 1628 1440 1656; x_wconf 87' lang='lat' dir='ltr'><strong>Salvatoris</strong></span> <span class='ocrx_word' id='word_1_662' title='bbox 1467 1629 1610 1664; x_wconf 88' lang='lat' dir='ltr'><strong>passiones</strong></span> <span class='ocrx_word' id='word_1_663' title='bbox 1634 1629 1663 1656; x_wconf 87' lang='lat' dir='ltr'><strong>in</strong></span> <span class='ocrx_word' id='word_1_664' title='bbox 1686 1637 1716 1656; x_wconf 89' lang='lat' dir='ltr'><strong>se</strong></span> <span class='ocrx_word' id='word_1_665' title='bbox 1740 1630 1827 1664; x_wconf 88' lang='lat' dir='ltr'><strong>ipsam</strong></span> 
     </span>
    </p>
   </div>
   <div class='ocr_carea' id='block_1_88' title="bbox 1034 1674 1828 1710">
    <p class='ocr_par' dir='ltr' id='par_1_88' title="bbox 1034 1674 1828 1710">
     <span class='ocr_line' id='line_1_88' title="bbox 1034 1674 1828 1710; baseline 0.003 -9"><span class='ocrx_word' id='word_1_666' title='bbox 1034 1674 1159 1709; x_wconf 85' lang='lat' dir='ltr'><strong>suscipit,</strong></span> <span class='ocrx_word' id='word_1_667' title='bbox 1172 1678 1201 1701; x_wconf 86' lang='lat' dir='ltr'><strong>et</strong></span> <span class='ocrx_word' id='word_1_668' title='bbox 1213 1674 1242 1701; x_wconf 91' lang='lat' dir='ltr'><strong>in</strong></span> <span class='ocrx_word' id='word_1_669' title='bbox 1256 1674 1310 1701; x_wconf 85' lang='lat' dir='ltr'><strong>illis</strong></span> <span class='ocrx_word' id='word_1_670' title='bbox 1322 1674 1409 1710; x_wconf 84' lang='lat' dir='ltr'><strong>magis</strong></span> <span class='ocrx_word' id='word_1_671' title='bbox 1423 1674 1586 1707; x_wconf 87' lang='lat' dir='ltr'><strong>delectatur,</strong></span> <span class='ocrx_word' id='word_1_672' title='bbox 1595 1683 1677 1709; x_wconf 89' lang='lat' dir='ltr'><strong>quam</strong></span> <span class='ocrx_word' id='word_1_673' title='bbox 1691 1679 1828 1703; x_wconf 87' lang='lat' dir='ltr'><strong>amatores</strong></span> 
     </span>
    </p>
   </div>
   <div class='ocr_carea' id='block_1_89' title="bbox 1034 1719 1826 1756">
    <p class='ocr_par' dir='ltr' id='par_1_89' title="bbox 1034 1719 1826 1756">
     <span class='ocr_line' id='line_1_89' title="bbox 1034 1719 1826 1756; baseline 0.004 -10"><span class='ocrx_word' id='word_1_674' title='bbox 1034 1719 1106 1747; x_wconf 78' lang='lat' dir='ltr'><strong>vitae</strong></span> <span class='ocrx_word' id='word_1_675' title='bbox 1122 1719 1206 1746; x_wconf 83' lang='lat' dir='ltr'><strong>huius</strong></span> <span class='ocrx_word' id='word_1_676' title='bbox 1223 1719 1352 1747; x_wconf 87' lang='lat' dir='ltr'><strong>humanis</strong></span> <span class='ocrx_word' id='word_1_677' title='bbox 1366 1720 1519 1748; x_wconf 89' lang='lat' dir='ltr'><strong>honoribus</strong></span> <span class='ocrx_word' id='word_1_678' title='bbox 1540 1725 1568 1747; x_wconf 92' lang='lat' dir='ltr'><strong>et</strong></span> <span class='ocrx_word' id='word_1_679' title='bbox 1585 1720 1672 1755; x_wconf 85' lang='lat' dir='ltr'><strong>gloria</strong></span> <span class='ocrx_word' id='word_1_680' title='bbox 1683 1725 1711 1748; x_wconf 88' lang='lat' dir='ltr'><strong>et</strong></span> <span class='ocrx_word' id='word_1_681' title='bbox 1725 1721 1826 1756; x_wconf 78' lang='lat' dir='ltr'><strong>regnis.</strong></span> 
     </span>
    </p>
   </div>
   <div class='ocr_carea' id='block_1_90' title="bbox 1033 1765 1826 1800">
    <p class='ocr_par' dir='ltr' id='par_1_90' title="bbox 1033 1765 1826 1800">
     <span class='ocr_line' id='line_1_90' title="bbox 1033 1765 1826 1800; baseline 0.001 -8"><span class='ocrx_word' id='word_1_682' title='bbox 1033 1765 1197 1793; x_wconf 85' lang='lat' dir='ltr'><strong>Christianis</strong></span> <span class='ocrx_word' id='word_1_683' title='bbox 1208 1765 1282 1792; x_wconf 90' lang='lat' dir='ltr'><strong>enim</strong></span> <span class='ocrx_word' id='word_1_684' title='bbox 1299 1774 1349 1800; x_wconf 85' lang='lat' dir='ltr'><strong>per</strong></span> <span class='ocrx_word' id='word_1_685' title='bbox 1361 1765 1460 1793; x_wconf 90' lang='lat' dir='ltr'><strong>bonam</strong></span> <span class='ocrx_word' id='word_1_686' title='bbox 1481 1766 1717 1793; x_wconf 88' lang='lat' dir='ltr'><strong>conversationem</strong></span> <span class='ocrx_word' id='word_1_687' title='bbox 1732 1769 1760 1793; x_wconf 90' lang='lat' dir='ltr'><strong>et</strong></span> <span class='ocrx_word' id='word_1_688' title='bbox 1774 1766 1826 1794; x_wconf 91' lang='lat' dir='ltr'><strong>do-</strong></span> 
     </span>
    </p>
   </div>
   <div class='ocr_carea' id='block_1_91' title="bbox 1033 1809 1828 1845">
    <p class='ocr_par' dir='ltr' id='par_1_91' title="bbox 1033 1809 1828 1845">
     <span class='ocr_line' id='line_1_91' title="bbox 1033 1809 1828 1845; baseline 0.001 -8"><span class='ocrx_word' id='word_1_689' title='bbox 1033 1818 1099 1837; x_wconf 91' lang='lat' dir='ltr'><strong>num</strong></span> <span class='ocrx_word' id='word_1_690' title='bbox 1115 1809 1232 1845; x_wconf 86' lang='lat' dir='ltr'><strong>Spiritus</strong></span> <span class='ocrx_word' id='word_1_691' title='bbox 1250 1810 1337 1837; x_wconf 86' lang='lat' dir='ltr'><strong>sancti</strong></span> <span class='ocrx_word' id='word_1_692' title='bbox 1352 1810 1380 1837; x_wconf 92' lang='lat' dir='ltr'><strong>in</strong></span> <span class='ocrx_word' id='word_1_693' title='bbox 1398 1810 1596 1838; x_wconf 85' lang='lat' dir='ltr'><strong>intellectualis</strong></span> <span class='ocrx_word' id='word_1_694' title='bbox 1606 1810 1702 1837; x_wconf 87' lang='lat' dir='ltr'><strong>aetatis</strong></span> <span class='ocrx_word' id='word_1_695' title='bbox 1716 1818 1828 1838; x_wconf 88' lang='lat' dir='ltr'><strong>mensu-</strong></span> 
     </span>
    </p>
   </div>
   <div class='ocr_carea' id='block_1_92' title="bbox 1035 1856 1830 1892">
    <p class='ocr_par' dir='ltr' id='par_1_92' title="bbox 1035 1856 1830 1892">
     <span class='ocr_line' id='line_1_92' title="bbox 1035 1856 1830 1892; baseline 0.003 -9"><span class='ocrx_word' id='word_1_696' title='bbox 1035 1864 1103 1888; x_wconf 86' lang='lat' dir='ltr'><strong>ram,</strong></span> <span class='ocrx_word' id='word_1_697' title='bbox 1114 1856 1238 1892; x_wconf 85' lang='lat' dir='ltr'><strong>gratiam,</strong></span> <span class='ocrx_word' id='word_1_698' title='bbox 1247 1857 1370 1891; x_wconf 87' lang='lat' dir='ltr'><strong>inquam,</strong></span> <span class='ocrx_word' id='word_1_699' title='bbox 1381 1856 1447 1891; x_wconf 89' lang='lat' dir='ltr'><strong>ipsis</strong></span> <span class='ocrx_word' id='word_1_700' title='bbox 1456 1856 1557 1888; x_wconf 85' lang='lat' dir='ltr'><strong>datam,</strong></span> <span class='ocrx_word' id='word_1_701' title='bbox 1567 1856 1703 1891; x_wconf 77' lang='lat' dir='ltr'><strong>provectis</strong></span> <span class='ocrx_word' id='word_1_702' title='bbox 1710 1857 1794 1892; x_wconf 79' lang='lat' dir='ltr'><strong>gloria</strong></span> <span class='ocrx_word' id='word_1_703' title='bbox 1800 1861 1830 1885; x_wconf 86' lang='lat' dir='ltr'><strong>et</strong></span> 
     </span>
    </p>
   </div>
   <div class='ocr_carea' id='block_1_93' title="bbox 1034 1902 1829 1937">
    <p class='ocr_par' dir='ltr' id='par_1_93' title="bbox 1034 1902 1829 1937">
     <span class='ocr_line' id='line_1_93' title="bbox 1034 1902 1829 1937; baseline 0 -8"><span class='ocrx_word' id='word_1_704' title='bbox 1034 1902 1148 1930; x_wconf 90' lang='lat' dir='ltr'><strong>deliciae</strong></span> <span class='ocrx_word' id='word_1_705' title='bbox 1156 1907 1184 1930; x_wconf 92' lang='lat' dir='ltr'><strong>et</strong></span> <span class='ocrx_word' id='word_1_706' title='bbox 1194 1902 1268 1929; x_wconf 90' lang='lat' dir='ltr'><strong>omni</strong></span> <span class='ocrx_word' id='word_1_707' title='bbox 1282 1902 1453 1929; x_wconf 85' lang='lat' dir='ltr'><strong>iucunditate</strong></span> <span class='ocrx_word' id='word_1_708' title='bbox 1465 1902 1565 1929; x_wconf 88' lang='lat' dir='ltr'><strong>melior</strong></span> <span class='ocrx_word' id='word_1_709' title='bbox 1579 1903 1705 1937; x_wconf 86' lang='lat' dir='ltr'><strong>voluptas</strong></span> <span class='ocrx_word' id='word_1_710' title='bbox 1715 1907 1757 1929; x_wconf 83' lang='lat' dir='ltr'><strong>est</strong></span> <span class='ocrx_word' id='word_1_711' title='bbox 1765 1902 1829 1929; x_wconf 80' lang='lat' dir='ltr'><strong>odio</strong></span> 
     </span>
    </p>
   </div>
   <div class='ocr_carea' id='block_1_94' title="bbox 1034 1947 1828 1982">
    <p class='ocr_par' dir='ltr' id='par_1_94' title="bbox 1034 1947 1828 1982">
     <span class='ocr_line' id='line_1_94' title="bbox 1034 1947 1828 1982; baseline 0 -8"><span class='ocrx_word' id='word_1_712' title='bbox 1034 1947 1130 1974; x_wconf 89' lang='lat' dir='ltr'><strong>haberi</strong></span> <span class='ocrx_word' id='word_1_713' title='bbox 1141 1951 1252 1982; x_wconf 89' lang='lat' dir='ltr'><strong>propter</strong></span> <span class='ocrx_word' id='word_1_714' title='bbox 1259 1947 1408 1979; x_wconf 87' lang='lat' dir='ltr'><strong>Christum,</strong></span> <span class='ocrx_word' id='word_1_715' title='bbox 1418 1947 1506 1979; x_wconf 88' lang='lat' dir='ltr'><strong>tundi,</strong></span> <span class='ocrx_word' id='word_1_716' title='bbox 1519 1955 1627 1975; x_wconf 85' lang='lat' dir='ltr'><strong>omnem</strong></span> <span class='ocrx_word' id='word_1_717' title='bbox 1637 1947 1828 1975; x_wconf 83' lang='lat' dir='ltr'><strong>contumeliam</strong></span> 
     </span>
    </p>
   </div>
   <div class='ocr_carea' id='block_1_95' title="bbox 1034 1993 1827 2029">
    <p class='ocr_par' dir='ltr' id='par_1_95' title="bbox 1034 1993 1827 2029">
     <span class='ocr_line' id='line_1_95' title="bbox 1034 1993 1827 2029; baseline 0 -9"><span class='ocrx_word' id='word_1_718' title='bbox 1034 1998 1063 2021; x_wconf 91' lang='lat' dir='ltr'><strong>et</strong></span> <span class='ocrx_word' id='word_1_719' title='bbox 1086 1993 1265 2029; x_wconf 74' lang='lat' dir='ltr'><strong>ignominiam</strong></span> <span class='ocrx_word' id='word_1_720' title='bbox 1286 1998 1399 2028; x_wconf 90' lang='lat' dir='ltr'><strong>propter</strong></span> <span class='ocrx_word' id='word_1_721' title='bbox 1413 1993 1494 2021; x_wconf 82' lang='lat' dir='ltr'><strong>[idem</strong></span> <span class='ocrx_word' id='word_1_722' title='bbox 1517 1994 1545 2020; x_wconf 94' lang='lat' dir='ltr'><strong>in</strong></span> <span class='ocrx_word' id='word_1_723' title='bbox 1571 1995 1657 2021; x_wconf 89' lang='lat' dir='ltr'><strong>Deum</strong></span> <span class='ocrx_word' id='word_1_724' title='bbox 1679 1994 1827 2021; x_wconf 86' lang='lat' dir='ltr'><strong>sustinere.</strong></span> 
     </span>
    </p>
   </div>
   <div class='ocr_carea' id='block_1_96' title="bbox 1035 2039 1829 2075">
    <p class='ocr_par' dir='ltr' id='par_1_96' title="bbox 1035 2039 1829 2075">
     <span class='ocr_line' id='line_1_96' title="bbox 1035 2039 1829 2075; baseline -0.001 -8"><span class='ocrx_word' id='word_1_725' title='bbox 1035 2039 1124 2073; x_wconf 89' lang='lat' dir='ltr'><strong>Quum</strong></span> <span class='ocrx_word' id='word_1_726' title='bbox 1137 2040 1211 2067; x_wconf 90' lang='lat' dir='ltr'><strong>enim</strong></span> <span class='ocrx_word' id='word_1_727' title='bbox 1227 2048 1290 2075; x_wconf 90' lang='lat' dir='ltr'><strong>spes</strong></span> <span class='ocrx_word' id='word_1_728' title='bbox 1302 2040 1391 2068; x_wconf 88' lang='lat' dir='ltr'><strong>omnis</strong></span> <span class='ocrx_word' id='word_1_729' title='bbox 1406 2040 1472 2068; x_wconf 91' lang='lat' dir='ltr'><strong>huic</strong></span> <span class='ocrx_word' id='word_1_730' title='bbox 1485 2040 1521 2067; x_wconf 88' lang='lat' dir='ltr'><strong>sit</strong></span> <span class='ocrx_word' id='word_1_731' title='bbox 1537 2040 1564 2067; x_wconf 92' lang='lat' dir='ltr'><strong>in</strong></span> <span class='ocrx_word' id='word_1_732' title='bbox 1580 2040 1783 2068; x_wconf 85' lang='lat' dir='ltr'><strong>resurrectione</strong></span> <span class='ocrx_word' id='word_1_733' title='bbox 1798 2043 1829 2067; x_wconf 84' lang='lat' dir='ltr'><strong>et</strong></span> 
     </span>
    </p>
   </div>
   <div class='ocr_carea' id='block_1_97' title="bbox 1035 2086 1827 2122">
    <p class='ocr_par' dir='ltr' id='par_1_97' title="bbox 1035 2086 1827 2122">
     <span class='ocr_line' id='line_1_97' title="bbox 1035 2086 1827 2122; baseline 0.001 -9"><span class='ocrx_word' id='word_1_734' title='bbox 1035 2086 1136 2114; x_wconf 86' lang='lat' dir='ltr'><strong>futuris</strong></span> <span class='ocrx_word' id='word_1_735' title='bbox 1148 2086 1229 2114; x_wconf 89' lang='lat' dir='ltr'><strong>bonis</strong></span> <span class='ocrx_word' id='word_1_736' title='bbox 1245 2087 1342 2122; x_wconf 85' lang='lat' dir='ltr'><strong>posita,</strong></span> <span class='ocrx_word' id='word_1_737' title='bbox 1356 2087 1522 2114; x_wconf 87' lang='lat' dir='ltr'><strong>contumelia</strong></span> <span class='ocrx_word' id='word_1_738' title='bbox 1536 2087 1626 2114; x_wconf 90' lang='lat' dir='ltr'><strong>omnis</strong></span> <span class='ocrx_word' id='word_1_739' title='bbox 1642 2093 1670 2114; x_wconf 88' lang='lat' dir='ltr'><strong>et</strong></span> <span class='ocrx_word' id='word_1_740' title='bbox 1682 2087 1786 2122; x_wconf 85' lang='lat' dir='ltr'><strong>ﬂagella</strong></span> <span class='ocrx_word' id='word_1_741' title='bbox 1798 2091 1827 2114; x_wconf 86' lang='lat' dir='ltr'><strong>et</strong></span> 
     </span>
    </p>
   </div>
   <div class='ocr_carea' id='block_1_98' title="bbox 1036 2132 1829 2168">
    <p class='ocr_par' dir='ltr' id='par_1_98' title="bbox 1036 2132 1829 2168">
     <span class='ocr_line' id='line_1_98' title="bbox 1036 2132 1829 2168; baseline 0.003 -10"><span class='ocrx_word' id='word_1_742' title='bbox 1036 2132 1118 2167; x_wconf 71' lang='lat'><strong>219</strong></span> <span class='ocrx_word' id='word_1_743' title='bbox 1134 2133 1341 2167; x_wconf 89' lang='lat' dir='ltr'><strong>persecutiones</strong></span> <span class='ocrx_word' id='word_1_744' title='bbox 1354 2137 1382 2159; x_wconf 89' lang='lat' dir='ltr'><strong>et</strong></span> <span class='ocrx_word' id='word_1_745' title='bbox 1402 2137 1510 2160; x_wconf 78' lang='lat' dir='ltr'><strong>ceterae</strong></span> <span class='ocrx_word' id='word_1_746' title='bbox 1526 2133 1668 2168; x_wconf 89' lang='lat' dir='ltr'><strong>passiones</strong></span> <span class='ocrx_word' id='word_1_747' title='bbox 1687 2141 1773 2167; x_wconf 88' lang='lat' dir='ltr'><strong>usque</strong></span> <span class='ocrx_word' id='word_1_748' title='bbox 1794 2133 1829 2160; x_wconf 85' lang='lat' dir='ltr'><strong>ad</strong></span> 
     </span>
    </p>
   </div>
   <div class='ocr_carea' id='block_1_99' title="bbox 1037 2178 1830 2214">
    <p class='ocr_par' dir='ltr' id='par_1_99' title="bbox 1037 2178 1830 2214">
     <span class='ocr_line' id='line_1_99' title="bbox 1037 2178 1830 2214; baseline 0 -9"><span class='ocrx_word' id='word_1_749' title='bbox 1037 2186 1146 2205; x_wconf 86' lang='lat' dir='ltr'><strong>crucem</strong></span> <span class='ocrx_word' id='word_1_750' title='bbox 1162 2186 1257 2206; x_wconf 89' lang='lat' dir='ltr'><strong>omnes</strong></span> <span class='ocrx_word' id='word_1_751' title='bbox 1275 2178 1391 2206; x_wconf 88' lang='lat' dir='ltr'><strong>deliciae</strong></span> <span class='ocrx_word' id='word_1_752' title='bbox 1410 2183 1439 2206; x_wconf 91' lang='lat' dir='ltr'><strong>et</strong></span> <span class='ocrx_word' id='word_1_753' title='bbox 1458 2179 1569 2214; x_wconf 86' lang='lat' dir='ltr'><strong>requies</strong></span> <span class='ocrx_word' id='word_1_754' title='bbox 1585 2183 1614 2206; x_wconf 85' lang='lat' dir='ltr'><strong>et</strong></span> <span class='ocrx_word' id='word_1_755' title='bbox 1634 2179 1748 2214; x_wconf 81' lang='lat' dir='ltr'><strong>pignora</strong></span> <span class='ocrx_word' id='word_1_756' title='bbox 1765 2182 1830 2206; x_wconf 90' lang='lat' dir='ltr'><strong>sunt</strong></span> 
     </span>
    </p>
   </div>
   <div class='ocr_carea' id='block_1_100' title="bbox 1036 2222 1828 2257">
    <p class='ocr_par' dir='ltr' id='par_1_100' title="bbox 1036 2222 1828 2257">
     <span class='ocr_line' id='line_1_100' title="bbox 1036 2222 1828 2257; baseline -0.003 -7"><span class='ocrx_word' id='word_1_757' title='bbox 1036 2222 1196 2250; x_wconf 87' lang='lat' dir='ltr'><strong>coelestium</strong></span> <span class='ocrx_word' id='word_1_758' title='bbox 1212 2223 1416 2250; x_wconf 85' lang='lat' dir='ltr'><strong>thesaurorum.</strong></span> <span class='ocrx_word' id='word_1_759' title='bbox 1435 2223 1513 2250; x_wconf 79' lang='lat' dir='ltr'><strong>Beati</strong></span> <span class='ocrx_word' id='word_1_760' title='bbox 1537 2223 1611 2250; x_wconf 88' lang='lat' dir='ltr'><strong>enim</strong></span> <span class='ocrx_word' id='word_1_761' title='bbox 1631 2223 1702 2255; x_wconf 73' lang='lat' dir='ltr'><strong>estis,</strong></span> <span class='ocrx_word' id='word_1_762' title='bbox 1728 2222 1828 2257; x_wconf 86' lang='lat' dir='ltr'><strong>inquit,</strong></span> 
     </span>
    </p>
   </div>
   <div class='ocr_carea' id='block_1_101' title="bbox 1038 2267 1830 2303">
    <p class='ocr_par' dir='ltr' id='par_1_101' title="bbox 1038 2267 1830 2303">
     <span class='ocr_line' id='line_1_101' title="bbox 1038 2267 1830 2303; baseline -0.001 -9"><span class='ocrx_word' id='word_1_763' title='bbox 1038 2276 1097 2294; x_wconf 87' lang='lat' dir='ltr'><strong>cum</strong></span> <span class='ocrx_word' id='word_1_764' title='bbox 1107 2267 1294 2295; x_wconf 69' lang='lat' dir='ltr'><strong>maledixerint</strong></span> <span class='ocrx_word' id='word_1_765' title='bbox 1305 2268 1375 2296; x_wconf 73' lang='lat' dir='ltr'><strong>vobis</strong></span> <span class='ocrx_word' id='word_1_766' title='bbox 1385 2272 1408 2295; x_wconf 86' lang='lat' dir='ltr'><strong>et</strong></span> <span class='ocrx_word' id='word_1_767' title='bbox 1421 2269 1549 2303; x_wconf 73' lang='lat' dir='ltr'><strong>persecuti</strong></span> <span class='ocrx_word' id='word_1_768' title='bbox 1561 2276 1604 2295; x_wconf 79' lang='lat' dir='ltr'><strong>vos</strong></span> <span class='ocrx_word' id='word_1_769' title='bbox 1616 2268 1713 2302; x_wconf 77' lang='lat' dir='ltr'><strong>fuerint</strong></span> <span class='ocrx_word' id='word_1_770' title='bbox 1735 2275 1830 2294; x_wconf 74' lang='lat' dir='ltr'><strong>clunes</strong></span> 
     </span>
    </p>
   </div>
   <div class='ocr_carea' id='block_1_102' title="bbox 1038 2313 1829 2341">
    <p class='ocr_par' dir='ltr' id='par_1_102' title="bbox 1038 2313 1829 2341">
     <span class='ocr_line' id='line_1_102' title="bbox 1038 2313 1829 2341; baseline -0.004 0"><span class='ocrx_word' id='word_1_771' title='bbox 1038 2313 1164 2341; x_wconf 86' lang='lat' dir='ltr'><strong>homines</strong></span> <span class='ocrx_word' id='word_1_772' title='bbox 1177 2318 1201 2340; x_wconf 85' lang='lat' dir='ltr'><strong>et</strong></span> <span class='ocrx_word' id='word_1_773' title='bbox 1215 2314 1329 2340; x_wconf 77' lang='lat' dir='ltr'><strong>dixerint</strong></span> <span class='ocrx_word' id='word_1_774' title='bbox 1340 2322 1416 2340; x_wconf 87' lang='lat' dir='ltr'><strong>omne</strong></span> <span class='ocrx_word' id='word_1_775' title='bbox 1431 2313 1533 2340; x_wconf 84' lang='lat' dir='ltr'><strong>malum</strong></span> <span class='ocrx_word' id='word_1_776' title='bbox 1549 2313 1688 2340; x_wconf 74' lang='lat' dir='ltr'><strong>adversarii</strong></span> <span class='ocrx_word' id='word_1_777' title='bbox 1699 2321 1743 2339; x_wconf 77' lang='lat' dir='ltr'><strong>vos</strong></span> <span class='ocrx_word' id='word_1_778' title='bbox 1756 2320 1829 2338; x_wconf 86' lang='lat' dir='ltr'><strong>meu-</strong></span> 
     </span>
    </p>
   </div>
   <div class='ocr_carea' id='block_1_103' title="bbox 1035 2358 1830 2394">
    <p class='ocr_par' dir='ltr' id='par_1_103' title="bbox 1035 2358 1830 2394">
     <span class='ocr_line' id='line_1_103' title="bbox 1035 2358 1830 2394; baseline -0.004 -8"><span class='ocrx_word' id='word_1_779' title='bbox 1035 2360 1140 2391; x_wconf 72' lang='lat' dir='ltr'><strong>tientes,</strong></span> <span class='ocrx_word' id='word_1_780' title='bbox 1150 2363 1256 2394; x_wconf 77' lang='lat' dir='ltr'><strong>propter</strong></span> <span class='ocrx_word' id='word_1_781' title='bbox 1266 2367 1321 2391; x_wconf 90' lang='lat' dir='ltr'><strong>me;</strong></span> <span class='ocrx_word' id='word_1_782' title='bbox 1331 2359 1444 2394; x_wconf 84' lang='lat' dir='ltr'><strong>gaudete</strong></span> <span class='ocrx_word' id='word_1_783' title='bbox 1454 2363 1479 2385; x_wconf 91' lang='lat' dir='ltr'><strong>et</strong></span> <span class='ocrx_word' id='word_1_784' title='bbox 1489 2358 1617 2390; x_wconf 75' lang='lat' dir='ltr'><strong>exultate,</strong></span> <span class='ocrx_word' id='word_1_785' title='bbox 1628 2359 1754 2393; x_wconf 86' lang='lat' dir='ltr'><strong>quoniam</strong></span> <span class='ocrx_word' id='word_1_786' title='bbox 1763 2365 1830 2384; x_wconf 87' lang='lat' dir='ltr'><strong>mer-</strong></span> 
     </span>
    </p>
   </div>
   <div class='ocr_carea' id='block_1_104' title="bbox 1035 2402 1829 2440">
    <p class='ocr_par' dir='ltr' id='par_1_104' title="bbox 1035 2402 1829 2440">
     <span class='ocr_line' id='line_1_104' title="bbox 1035 2402 1829 2440; baseline -0.004 -9"><span class='ocrx_word' id='word_1_787' title='bbox 1035 2412 1075 2431; x_wconf 71' lang='lat' dir='ltr'><strong>ces</strong></span> <span class='ocrx_word' id='word_1_788' title='bbox 1086 2408 1173 2431; x_wconf 72' lang='lat' dir='ltr'><strong>vestra</strong></span> <span class='ocrx_word' id='word_1_789' title='bbox 1182 2405 1288 2439; x_wconf 67' lang='lat' dir='ltr'><strong>copiosa</strong></span> <span class='ocrx_word' id='word_1_790' title='bbox 1305 2409 1341 2431; x_wconf 77' lang='lat' dir='ltr'><strong>est</strong></span> <span class='ocrx_word' id='word_1_791' title='bbox 1356 2405 1384 2431; x_wconf 86' lang='lat' dir='ltr'><strong>in</strong></span> <span class='ocrx_word' id='word_1_792' title='bbox 1394 2404 1472 2431; x_wconf 74' lang='lat' dir='ltr'><strong>caelis</strong></span> <span class='ocrx_word' id='word_1_793' title='bbox 1481 2403 1530 2440; x_wconf 81' lang='grc' dir='ltr'><strong>(ί).</strong></span> <span class='ocrx_word' id='word_1_794' title='bbox 1540 2404 1575 2431; x_wconf 86' lang='lat' dir='ltr'><strong>Et</strong></span> <span class='ocrx_word' id='word_1_795' title='bbox 1590 2403 1739 2438; x_wconf 85' lang='lat' dir='ltr'><strong>Apostolus</strong></span> <span class='ocrx_word' id='word_1_796' title='bbox 1751 2411 1757 2428; x_wconf 88' lang='lat'>:</span> <span class='ocrx_word' id='word_1_797' title='bbox 1770 2402 1829 2429; x_wconf 84' lang='lat' dir='ltr'><strong>Non</strong></span> 
     </span>
    </p>
   </div>
   <div class='ocr_carea' id='block_1_105' title="bbox 1035 2448 1828 2485">
    <p class='ocr_par' dir='ltr' id='par_1_105' title="bbox 1035 2448 1828 2485">
     <span class='ocr_line' id='line_1_105' title="bbox 1035 2448 1828 2485; baseline -0.004 -8"><span class='ocrx_word' id='word_1_798' title='bbox 1035 2450 1122 2477; x_wconf 74' lang='lat' dir='ltr'><strong>solum</strong></span> <span class='ocrx_word' id='word_1_799' title='bbox 1134 2455 1234 2481; x_wconf 85' lang='lat' dir='ltr'><strong>autem,</strong></span> <span class='ocrx_word' id='word_1_800' title='bbox 1251 2450 1297 2477; x_wconf 70' lang='lat' dir='ltr'><strong>sed</strong></span> <span class='ocrx_word' id='word_1_801' title='bbox 1313 2454 1337 2477; x_wconf 88' lang='lat' dir='ltr'><strong>et</strong></span> <span class='ocrx_word' id='word_1_802' title='bbox 1350 2450 1494 2485; x_wconf 73' lang='lat' dir='ltr'><strong>gloriantes</strong></span> <span class='ocrx_word' id='word_1_803' title='bbox 1507 2451 1535 2476; x_wconf 82' lang='lat' dir='ltr'><strong>in</strong></span> <span class='ocrx_word' id='word_1_804' title='bbox 1547 2449 1758 2476; x_wconf 76' lang='lat' dir='ltr'><strong>tribulationibus</strong></span> <span class='ocrx_word' id='word_1_805' title='bbox 1774 2448 1810 2484; x_wconf 68' lang='grc' dir='ltr'><strong>(Ξ)</strong></span> <span class='ocrx_word' id='word_1_806' title='bbox 1821 2457 1828 2480; x_wconf 91' lang='grc'>;</span> 
     </span>
    </p>
   </div>
   <div class='ocr_carea' id='block_1_106' title="bbox 1036 2494 1830 2531">
    <p class='ocr_par' dir='ltr' id='par_1_106' title="bbox 1036 2494 1830 2531">
     <span class='ocr_line' id='line_1_106' title="bbox 1036 2494 1830 2531; baseline -0.004 -8"><span class='ocrx_word' id='word_1_807' title='bbox 1036 2500 1066 2523; x_wconf 85' lang='lat' dir='ltr'><strong>et</strong></span> <span class='ocrx_word' id='word_1_808' title='bbox 1082 2496 1162 2523; x_wconf 84' lang='lat' dir='ltr'><strong>alibi:</strong></span> <span class='ocrx_word' id='word_1_809' title='bbox 1186 2496 1308 2523; x_wconf 84' lang='lat' dir='ltr'><strong>Libenter</strong></span> <span class='ocrx_word' id='word_1_810' title='bbox 1329 2497 1411 2531; x_wconf 84' lang='lat' dir='ltr'><strong>igitur</strong></span> <span class='ocrx_word' id='word_1_811' title='bbox 1431 2495 1566 2531; x_wconf 77' lang='lat' dir='ltr'><strong>gloriabor</strong></span> <span class='ocrx_word' id='word_1_812' title='bbox 1587 2496 1616 2522; x_wconf 84' lang='lat' dir='ltr'><strong>in</strong></span> <span class='ocrx_word' id='word_1_813' title='bbox 1632 2494 1830 2528; x_wconf 72' lang='lat' dir='ltr'><strong>infirmitatibus</strong></span> 
     </span>
    </p>
   </div>
   <div class='ocr_carea' id='block_1_107' title="bbox 1038 2539 1831 2575">
    <p class='ocr_par' dir='ltr' id='par_1_107' title="bbox 1038 2539 1831 2575">
     <span class='ocr_line' id='line_1_107' title="bbox 1038 2539 1831 2575; baseline -0.004 -6"><span class='ocrx_word' id='word_1_814' title='bbox 1038 2542 1112 2573; x_wconf 74' lang='lat' dir='ltr'><strong>meis,</strong></span> <span class='ocrx_word' id='word_1_815' title='bbox 1130 2545 1157 2567; x_wconf 89' lang='lat' dir='ltr'><strong>ut</strong></span> <span class='ocrx_word' id='word_1_816' title='bbox 1175 2542 1301 2569; x_wconf 83' lang='lat' dir='ltr'><strong>inhabitet</strong></span> <span class='ocrx_word' id='word_1_817' title='bbox 1316 2542 1343 2568; x_wconf 81' lang='lat' dir='ltr'><strong>in</strong></span> <span class='ocrx_word' id='word_1_818' title='bbox 1361 2550 1402 2569; x_wconf 87' lang='lat' dir='ltr'><strong>me</strong></span> <span class='ocrx_word' id='word_1_819' title='bbox 1415 2542 1497 2568; x_wconf 72' lang='lat' dir='ltr'><strong>virtus</strong></span> <span class='ocrx_word' id='word_1_820' title='bbox 1512 2540 1619 2568; x_wconf 70' lang='lat' dir='ltr'><strong>Christi.</strong></span> <span class='ocrx_word' id='word_1_821' title='bbox 1639 2539 1750 2575; x_wconf 84' lang='lat' dir='ltr'><strong>Propter</strong></span> <span class='ocrx_word' id='word_1_822' title='bbox 1761 2539 1831 2575; x_wconf 86' lang='lat' dir='ltr'><strong>quod</strong></span> 
     </span>
    </p>
   </div>
   <div class='ocr_carea' id='block_1_108' title="bbox 1042 2585 1830 2622">
    <p class='ocr_par' dir='ltr' id='par_1_108' title="bbox 1042 2585 1830 2622">
     <span class='ocr_line' id='line_1_108' title="bbox 1042 2585 1830 2622; baseline -0.003 -8"><span class='ocrx_word' id='word_1_823' title='bbox 1042 2587 1131 2622; x_wconf 80' lang='lat' dir='ltr'><strong>placeo</strong></span> <span class='ocrx_word' id='word_1_824' title='bbox 1154 2587 1217 2614; x_wconf 77' lang='lat' dir='ltr'><strong>mihi</strong></span> <span class='ocrx_word' id='word_1_825' title='bbox 1231 2588 1258 2614; x_wconf 86' lang='lat' dir='ltr'><strong>in</strong></span> <span class='ocrx_word' id='word_1_826' title='bbox 1272 2587 1483 2620; x_wconf 75' lang='lat' dir='ltr'><strong>inﬁrmitatibus,</strong></span> <span class='ocrx_word' id='word_1_827' title='bbox 1501 2588 1530 2614; x_wconf 87' lang='lat' dir='ltr'><strong>in</strong></span> <span class='ocrx_word' id='word_1_828' title='bbox 1546 2585 1725 2619; x_wconf 68' lang='lat' dir='ltr'><strong>contumeliis,</strong></span> <span class='ocrx_word' id='word_1_829' title='bbox 1739 2586 1767 2612; x_wconf 89' lang='lat' dir='ltr'><strong>in</strong></span> <span class='ocrx_word' id='word_1_830' title='bbox 1784 2594 1830 2613; x_wconf 88' lang='lat' dir='ltr'><strong>ne-</strong></span> 
     </span>
    </p>
   </div>
   <div class='ocr_carea' id='block_1_109' title="bbox 1041 2631 1832 2667">
    <p class='ocr_par' dir='ltr' id='par_1_109' title="bbox 1041 2631 1832 2667">
     <span class='ocr_line' id='line_1_109' title="bbox 1041 2631 1832 2667; baseline 0.001 -8"><span class='ocrx_word' id='word_1_831' title='bbox 1041 2633 1212 2666; x_wconf 70' lang='lat' dir='ltr'><strong>cessitatibus,</strong></span> <span class='ocrx_word' id='word_1_832' title='bbox 1227 2634 1256 2661; x_wconf 87' lang='lat' dir='ltr'><strong>in</strong></span> <span class='ocrx_word' id='word_1_833' title='bbox 1269 2634 1434 2667; x_wconf 74' lang='lat' dir='ltr'><strong>carceribus;</strong></span> <span class='ocrx_word' id='word_1_834' title='bbox 1454 2641 1513 2661; x_wconf 85' lang='lat' dir='ltr'><strong>cum</strong></span> <span class='ocrx_word' id='word_1_835' title='bbox 1530 2633 1600 2660; x_wconf 83' lang='lat' dir='ltr'><strong>enim</strong></span> <span class='ocrx_word' id='word_1_836' title='bbox 1621 2631 1753 2667; x_wconf 76' lang='lat' dir='ltr'><strong>infirmor,</strong></span> <span class='ocrx_word' id='word_1_837' title='bbox 1770 2636 1832 2660; x_wconf 71' lang='lat' dir='ltr'><strong>tunc</strong></span> 
     </span>
    </p>
   </div>
   <div class='ocr_carea' id='block_1_110' title="bbox 853 2712 1202 2741">
    <p class='ocr_par' dir='ltr' id='par_1_110' title="bbox 853 2712 1202 2741">
     <span class='ocr_line' id='line_1_110' title="bbox 853 2712 1202 2741; baseline 0 -2"><span class='ocrx_word' id='word_1_838' title='bbox 853 2712 981 2740; x_wconf 79' lang='lat' dir='ltr'><strong>VARIAE</strong></span> <span class='ocrx_word' id='word_1_839' title='bbox 1000 2713 1202 2741; x_wconf 76' lang='lat' dir='ltr'><strong>LECTIONES.</strong></span> 
     </span>
    </p>
   </div>
   <div class='ocr_carea' id='block_1_111' title="bbox 257 2766 1830 2806">
    <p class='ocr_par' dir='ltr' id='par_1_111' title="bbox 257 2766 1830 2806">
     <span class='ocr_line' id='line_1_111' title="bbox 257 2766 1830 2806; baseline 0.001 -11"><span class='ocrx_word' id='word_1_840' title='bbox 257 2769 265 2784; x_wconf 93' lang='grc'>¹</span> <span class='ocrx_word' id='word_1_841' title='bbox 295 2769 362 2796; x_wconf 83' lang='lat' dir='ltr'><strong>Cod.</strong></span> <span class='ocrx_word' id='word_1_842' title='bbox 381 2772 542 2806; x_wconf 73' lang='grc' dir='ltr'>φρονήματι.</span> <span class='ocrx_word' id='word_1_843' title='bbox 573 2787 607 2791; x_wconf 92' lang='grc'><strong><em>-</em></strong></span> <span class='ocrx_word' id='word_1_844' title='bbox 620 2771 641 2798; x_wconf 84' lang='lat' dir='ltr'><strong>&#39;l</strong></span> <span class='ocrx_word' id='word_1_845' title='bbox 661 2770 788 2800; x_wconf 63' lang='lat' dir='ltr'><strong>Emend,</strong></span> <span class='ocrx_word' id='word_1_846' title='bbox 807 2770 868 2796; x_wconf 80' lang='lat' dir='ltr'><strong>cod.</strong></span> <span class='ocrx_word' id='word_1_847' title='bbox 890 2770 1052 2806; x_wconf 74' lang='grc' dir='ltr'>τισηπεδὼν.</span> <span class='ocrx_word' id='word_1_848' title='bbox 1075 2786 1110 2790; x_wconf 84' lang='grc'><strong><em>-</em></strong></span> <span class='ocrx_word' id='word_1_849' title='bbox 1127 2769 1147 2803; x_wconf 85' lang='grc'><strong>³)</strong></span> <span class='ocrx_word' id='word_1_850' title='bbox 1168 2770 1296 2802; x_wconf 72' lang='lat' dir='ltr'><strong>Emend,</strong></span> <span class='ocrx_word' id='word_1_851' title='bbox 1313 2769 1375 2798; x_wconf 88' lang='lat' dir='ltr'><strong>cod.</strong></span> <span class='ocrx_word' id='word_1_852' title='bbox 1396 2769 1556 2805; x_wconf 78' lang='grc' dir='ltr'>ἀκρότατον.</span> <span class='ocrx_word' id='word_1_853' title='bbox 1575 2783 1609 2789; x_wconf 91' lang='grc'><strong>-</strong></span> <span class='ocrx_word' id='word_1_854' title='bbox 1623 2767 1645 2804; x_wconf 78' lang='grc'><strong>⁸)</strong></span> <span class='ocrx_word' id='word_1_855' title='bbox 1659 2767 1749 2802; x_wconf 68' lang='lat' dir='ltr'><strong>Corn,</strong></span> <span class='ocrx_word' id='word_1_856' title='bbox 1769 2766 1830 2796; x_wconf 78' lang='lat' dir='ltr'><strong>cod.</strong></span> 
     </span>
    </p>
   </div>
   <div class='ocr_carea' id='block_1_112' title="bbox 205 2805 1179 2842">
    <p class='ocr_par' dir='ltr' id='par_1_112' title="bbox 205 2805 1179 2842">
     <span class='ocr_line' id='line_1_112' title="bbox 205 2805 1179 2842; baseline 0.004 -14"><span class='ocrx_word' id='word_1_857' title='bbox 205 2805 474 2841; x_wconf 65' lang='grc' dir='ltr'>παρασκευασμένοςζ</span> <span class='ocrx_word' id='word_1_858' title='bbox 488 2822 522 2826; x_wconf 84' lang='grc'><strong><em>-</em></strong></span> <span class='ocrx_word' id='word_1_859' title='bbox 534 2807 555 2842; x_wconf 81' lang='grc'><strong>⁵)</strong></span> <span class='ocrx_word' id='word_1_860' title='bbox 569 2807 613 2834; x_wconf 85' lang='lat' dir='ltr'><strong>Sic</strong></span> <span class='ocrx_word' id='word_1_861' title='bbox 632 2806 693 2834; x_wconf 88' lang='lat' dir='ltr'><strong>cod.</strong></span> <span class='ocrx_word' id='word_1_862' title='bbox 703 2821 736 2826; x_wconf 92' lang='lat'><strong>-—</strong></span> <span class='ocrx_word' id='word_1_863' title='bbox 748 2806 768 2840; x_wconf 71' lang='grc' dir='ltr'>ί)</span> <span class='ocrx_word' id='word_1_864' title='bbox 785 2805 875 2837; x_wconf 60' lang='grc' dir='ltr'>(Σίπτη</span> <span class='ocrx_word' id='word_1_865' title='bbox 894 2805 955 2832; x_wconf 77' lang='lat' dir='ltr'><strong>cod.</strong></span> <span class='ocrx_word' id='word_1_866' title='bbox 978 2806 1179 2840; x_wconf 77' lang='grc' dir='ltr'>ἐπεισάγονται.</span> 
     </span>
    </p>
   </div>
   <div class='ocr_carea' id='block_1_113' title="bbox 952 2861 1077 2888">
    <p class='ocr_par' dir='ltr' id='par_1_113' title="bbox 952 2861 1077 2888">
     <span class='ocr_line' id='line_1_113' title="bbox 952 2861 1077 2888; baseline 0 0"><span class='ocrx_word' id='word_1_867' title='bbox 952 2861 1077 2888; x_wconf 60' lang='lat' dir='ltr'><strong>NOTAE.</strong></span> 
     </span>
    </p>
   </div>
   <div class='ocr_carea' id='block_1_114' title="bbox 242 2915 493 2951">
    <p class='ocr_par' dir='ltr' id='par_1_114' title="bbox 242 2915 493 2951">
     <span class='ocr_line' id='line_1_114' title="bbox 242 2915 493 2951; baseline 0 -8"><span class='ocrx_word' id='word_1_868' title='bbox 242 2915 279 2951; x_wconf 74' lang='grc' dir='ltr'><strong>(ί)</strong></span> <span class='ocrx_word' id='word_1_869' title='bbox 300 2915 393 2944; x_wconf 77' lang='lat' dir='ltr'><strong>Matth.</strong></span> <span class='ocrx_word' id='word_1_870' title='bbox 408 2917 438 2950; x_wconf 73' lang='grc' dir='ltr'>γ,</span> <span class='ocrx_word' id='word_1_871' title='bbox 454 2917 493 2943; x_wconf 88' lang='lat' dir='ltr'><strong>li.</strong></span> 
     </span>
    </p>
   </div>
   <div class='ocr_carea' id='block_1_115' title="bbox 1079 2917 1299 2952">
    <p class='ocr_par' dir='ltr' id='par_1_115' title="bbox 1079 2917 1299 2952">
     <span class='ocr_line' id='line_1_115' title="bbox 1079 2917 1299 2952; baseline -0.009 -7"><span class='ocrx_word' id='word_1_872' title='bbox 1079 2918 1116 2952; x_wconf 62' lang='lat'><strong>(&#39;2)</strong></span> <span class='ocrx_word' id='word_1_873' title='bbox 1139 2918 1215 2945; x_wconf 70' lang='lat' dir='ltr'><strong>limn.</strong></span> <span class='ocrx_word' id='word_1_874' title='bbox 1230 2917 1261 2949; x_wconf 59' lang='grc' dir='ltr'><strong>ν,</strong></span> <span class='ocrx_word' id='word_1_875' title='bbox 1274 2917 1299 2944; x_wconf 70' lang='grc' dir='ltr'><strong>ὖ.</strong></span> 
     </span>
    </p>
   </div>
  </div>
