  <div class='ocr_page' id='page_1' title='image "/cluster/home/n/w/nwhite01/storage/ocr_20150623/34/njp.32101077772547/241.png"; bbox 0 0 2064 3152; ppageno 0'>
   <div class='ocr_carea' id='block_1_1' title="bbox 246 182 301 212">
    <p class='ocr_par' dir='ltr' id='par_1_1' title="bbox 246 182 301 212">
     <span class='ocr_line' id='line_1_1' title="bbox 246 182 301 212; baseline 0 0"><span class='ocrx_word' id='word_1_1' title='bbox 246 182 301 212; x_wconf 69' lang='grc' dir='ltr'>ιδο</span> 
     </span>
    </p>
   </div>
   <div class='ocr_carea' id='block_1_2' title="bbox 894 179 1263 209">
    <p class='ocr_par' dir='ltr' id='par_1_2' title="bbox 894 179 1263 209">
     <span class='ocr_line' id='line_1_2' title="bbox 894 179 1263 209; baseline -0.005 0"><span class='ocrx_word' id='word_1_2' title='bbox 894 181 922 209; x_wconf 80' lang='lat' dir='ltr'><strong>S.</strong></span> <span class='ocrx_word' id='word_1_3' title='bbox 945 180 1087 209; x_wconf 73' lang='lat' dir='ltr'><strong>MACARII</strong></span> <span class='ocrx_word' id='word_1_4' title='bbox 1105 179 1263 207; x_wconf 80' lang='lat' dir='ltr'><strong>AEGYPTII</strong></span> 
     </span>
    </p>
   </div>
   <div class='ocr_carea' id='block_1_3' title="bbox 1823 180 1875 210">
    <p class='ocr_par' dir='ltr' id='par_1_3' title="bbox 1823 180 1875 210">
     <span class='ocr_line' id='line_1_3' title="bbox 1823 180 1875 210; baseline 0 0"><span class='ocrx_word' id='word_1_5' title='bbox 1823 180 1875 210; x_wconf 73' lang='grc' dir='ltr'>ιω</span> 
     </span>
    </p>
   </div>
   <div class='ocr_carea' id='block_1_4' title="bbox 248 237 1032 277">
    <p class='ocr_par' dir='ltr' id='par_1_4' title="bbox 248 238 1032 277">
     <span class='ocr_line' id='line_1_4' title="bbox 248 238 1032 277; baseline -0.003 -8"><span class='ocrx_word' id='word_1_6' title='bbox 248 247 339 277; x_wconf 74' lang='lat' dir='ltr'><strong>potens</strong></span> <span class='ocrx_word' id='word_1_7' title='bbox 348 240 458 277; x_wconf 64' lang='lat' dir='ltr'><strong>sum“).</strong></span> <span class='ocrx_word' id='word_1_8' title='bbox 467 240 502 267; x_wconf 86' lang='lat' dir='ltr'><strong>Et</strong></span> <span class='ocrx_word' id='word_1_9' title='bbox 513 240 612 267; x_wconf 77' lang='lat' dir='ltr'><strong>iterum</strong></span> <span class='ocrx_word' id='word_1_10' title='bbox 623 249 629 266; x_wconf 90' lang='lat'><strong>:</strong></span> <span class='ocrx_word' id='word_1_11' title='bbox 642 238 715 267; x_wconf 81' lang='lat' dir='ltr'><strong>Sicut</strong></span> <span class='ocrx_word' id='word_1_12' title='bbox 728 239 776 267; x_wconf 86' lang='lat' dir='ltr'><strong>Dei</strong></span> <span class='ocrx_word' id='word_1_13' title='bbox 788 241 901 267; x_wconf 74' lang='lat' dir='ltr'><strong>ministri</strong></span> <span class='ocrx_word' id='word_1_14' title='bbox 909 241 937 267; x_wconf 85' lang='lat' dir='ltr'><strong>in</strong></span> <span class='ocrx_word' id='word_1_15' title='bbox 950 239 1032 267; x_wconf 86' lang='lat' dir='ltr'><strong>multa</strong></span> 
     </span>
    </p>
   </div>
   <div class='ocr_carea' id='block_1_5' title="bbox 1081 237 1874 277">
    <p class='ocr_par' dir='ltr' id='par_1_5' title="bbox 1084 237 1874 274">
     <span class='ocr_line' id='line_1_5' title="bbox 1084 237 1874 274; baseline 0.004 -10"><span class='ocrx_word' id='word_1_16' title='bbox 1084 238 1197 273; x_wconf 82' lang='grc' dir='ltr'>τοιούτῳ</span> <span class='ocrx_word' id='word_1_17' title='bbox 1211 238 1279 273; x_wconf 81' lang='grc' dir='ltr'>πρὸς</span> <span class='ocrx_word' id='word_1_18' title='bbox 1293 239 1326 274; x_wconf 83' lang='grc' dir='ltr'>τῇ</span> <span class='ocrx_word' id='word_1_19' title='bbox 1340 237 1487 265; x_wconf 70' lang='grc' dir='ltr'><strong>ἀναστάσει</strong></span> <span class='ocrx_word' id='word_1_20' title='bbox 1509 237 1557 265; x_wconf 84' lang='grc' dir='ltr'>καὶ</span> <span class='ocrx_word' id='word_1_21' title='bbox 1577 238 1632 270; x_wconf 79' lang='grc' dir='ltr'>τοῖς</span> <span class='ocrx_word' id='word_1_22' title='bbox 1649 237 1793 273; x_wconf 73' lang='grc' dir='ltr'><strong>μέλλωσιν</strong></span> <span class='ocrx_word' id='word_1_23' title='bbox 1807 239 1874 274; x_wconf 74' lang='grc' dir='ltr'>άγαυ</span> 
     </span>
    </p>
   </div>
   <div class='ocr_carea' id='block_1_6' title="bbox 247 286 1036 324">
    <p class='ocr_par' dir='ltr' id='par_1_6' title="bbox 247 286 1036 324">
     <span class='ocr_line' id='line_1_6' title="bbox 247 286 1036 324; baseline -0.003 -10"><span class='ocrx_word' id='word_1_24' title='bbox 247 287 428 324; x_wconf 75' lang='lat' dir='ltr'><strong>patientia(2).</strong></span> <span class='ocrx_word' id='word_1_25' title='bbox 440 287 512 313; x_wconf 87' lang='lat' dir='ltr'><strong>Haec</strong></span> <span class='ocrx_word' id='word_1_26' title='bbox 519 286 593 313; x_wconf 89' lang='lat' dir='ltr'><strong>enim</strong></span> <span class='ocrx_word' id='word_1_27' title='bbox 603 286 689 322; x_wconf 88' lang='lat' dir='ltr'><strong>gratia</strong></span> <span class='ocrx_word' id='word_1_28' title='bbox 700 286 818 321; x_wconf 76' lang='lat' dir='ltr'><strong>Spiritus</strong></span> <span class='ocrx_word' id='word_1_29' title='bbox 826 290 910 313; x_wconf 85' lang='lat' dir='ltr'><strong>totam</strong></span> <span class='ocrx_word' id='word_1_30' title='bbox 917 286 1036 313; x_wconf 83' lang='lat' dir='ltr'><strong>animam</strong></span> 
     </span>
    </p>
   </div>
   <div class='ocr_carea' id='block_1_7' title="bbox 247 331 1036 368">
    <p class='ocr_par' dir='ltr' id='par_1_7' title="bbox 247 331 1036 368">
     <span class='ocr_line' id='line_1_7' title="bbox 247 331 1036 368; baseline -0.004 -7"><span class='ocrx_word' id='word_1_31' title='bbox 247 341 394 368; x_wconf 85' lang='lat' dir='ltr'><strong>occupans,</strong></span> <span class='ocrx_word' id='word_1_32' title='bbox 412 337 440 360; x_wconf 91' lang='lat' dir='ltr'><strong>et</strong></span> <span class='ocrx_word' id='word_1_33' title='bbox 459 332 574 366; x_wconf 85' lang='lat' dir='ltr'><strong>implens</strong></span> <span class='ocrx_word' id='word_1_34' title='bbox 594 332 793 359; x_wconf 87' lang='lat' dir='ltr'><strong>habitationem</strong></span> <span class='ocrx_word' id='word_1_35' title='bbox 810 331 910 367; x_wconf 87' lang='lat' dir='ltr'><strong>gaudio</strong></span> <span class='ocrx_word' id='word_1_36' title='bbox 933 335 961 358; x_wconf 91' lang='lat' dir='ltr'><strong>et</strong></span> <span class='ocrx_word' id='word_1_37' title='bbox 979 331 1036 358; x_wconf 90' lang='lat' dir='ltr'><strong>vir-</strong></span> 
     </span>
    </p>
   </div>
   <div class='ocr_carea' id='block_1_8' title="bbox 248 377 1036 413">
    <p class='ocr_par' dir='ltr' id='par_1_8' title="bbox 248 377 1036 413">
     <span class='ocr_line' id='line_1_8' title="bbox 248 377 1036 413; baseline 0.001 -10"><span class='ocrx_word' id='word_1_38' title='bbox 248 383 316 410; x_wconf 82' lang='lat' dir='ltr'><strong>tute,</strong></span> <span class='ocrx_word' id='word_1_39' title='bbox 334 378 428 405; x_wconf 81' lang='lat' dir='ltr'><strong>dulces</strong></span> <span class='ocrx_word' id='word_1_40' title='bbox 452 377 543 405; x_wconf 90' lang='lat' dir='ltr'><strong>reddit</strong></span> <span class='ocrx_word' id='word_1_41' title='bbox 562 380 669 405; x_wconf 88' lang='lat' dir='ltr'><strong>animae</strong></span> <span class='ocrx_word' id='word_1_42' title='bbox 689 378 798 405; x_wconf 86' lang='lat' dir='ltr'><strong>Domini</strong></span> <span class='ocrx_word' id='word_1_43' title='bbox 819 377 976 413; x_wconf 78' lang='lat' dir='ltr'><strong>passiones,</strong></span> <span class='ocrx_word' id='word_1_44' title='bbox 988 384 1036 412; x_wconf 87' lang='lat' dir='ltr'><strong>spe</strong></span> 
     </span>
    </p>
   </div>
   <div class='ocr_carea' id='block_1_9' title="bbox 245 423 1034 458">
    <p class='ocr_par' dir='ltr' id='par_1_9' title="bbox 245 423 1034 458">
     <span class='ocr_line' id='line_1_9' title="bbox 245 423 1034 458; baseline -0.001 -7"><span class='ocrx_word' id='word_1_45' title='bbox 245 425 401 452; x_wconf 79' lang='lat' dir='ltr'><strong>futurorum</strong></span> <span class='ocrx_word' id='word_1_46' title='bbox 422 423 574 458; x_wconf 73' lang='lat' dir='ltr'><strong>praesentis</strong></span> <span class='ocrx_word' id='word_1_47' title='bbox 591 424 695 451; x_wconf 84' lang='lat' dir='ltr'><strong>doloris</strong></span> <span class='ocrx_word' id='word_1_48' title='bbox 716 432 826 451; x_wconf 82' lang='lat' dir='ltr'><strong>sensum</strong></span> <span class='ocrx_word' id='word_1_49' title='bbox 845 423 1034 458; x_wconf 78' lang='lat' dir='ltr'><strong>exstinguens.</strong></span> 
     </span>
    </p>
   </div>
   <div class='ocr_carea' id='block_1_10' title="bbox 245 468 1036 504">
    <p class='ocr_par' dir='ltr' id='par_1_10' title="bbox 245 468 1036 504">
     <span class='ocr_line' id='line_1_10' title="bbox 245 468 1036 504; baseline 0 -8"><span class='ocrx_word' id='word_1_50' title='bbox 245 469 276 497; x_wconf 92' lang='lat' dir='ltr'><strong>In</strong></span> <span class='ocrx_word' id='word_1_51' title='bbox 295 474 349 496; x_wconf 86' lang='lat' dir='ltr'><strong>tam</strong></span> <span class='ocrx_word' id='word_1_52' title='bbox 360 469 496 496; x_wconf 80' lang='lat' dir='ltr'><strong>excelsam</strong></span> <span class='ocrx_word' id='word_1_53' title='bbox 512 468 596 504; x_wconf 78' lang='lat' dir='ltr'><strong>igitur</strong></span> <span class='ocrx_word' id='word_1_54' title='bbox 606 470 735 496; x_wconf 88' lang='lat' dir='ltr'><strong>virtutem</strong></span> <span class='ocrx_word' id='word_1_55' title='bbox 746 473 774 496; x_wconf 88' lang='lat' dir='ltr'><strong>et</strong></span> <span class='ocrx_word' id='word_1_56' title='bbox 789 469 921 496; x_wconf 87' lang='lat' dir='ltr'><strong>honorem</strong></span> <span class='ocrx_word' id='word_1_57' title='bbox 933 476 1036 503; x_wconf 85' lang='lat' dir='ltr'><strong>coope-</strong></span> 
     </span>
    </p>
   </div>
   <div class='ocr_carea' id='block_1_11' title="bbox 245 514 1035 550">
    <p class='ocr_par' dir='ltr' id='par_1_11' title="bbox 245 514 1035 550">
     <span class='ocr_line' id='line_1_11' title="bbox 245 514 1035 550; baseline 0.003 -10"><span class='ocrx_word' id='word_1_58' title='bbox 245 514 351 541; x_wconf 84' lang='lat' dir='ltr'><strong>ratione</strong></span> <span class='ocrx_word' id='word_1_59' title='bbox 372 514 490 549; x_wconf 79' lang='lat' dir='ltr'><strong>Spiritus</strong></span> <span class='ocrx_word' id='word_1_60' title='bbox 513 515 657 550; x_wconf 84' lang='lat' dir='ltr'><strong>pervenire</strong></span> <span class='ocrx_word' id='word_1_61' title='bbox 671 515 812 550; x_wconf 80' lang='lat' dir='ltr'><strong>cupientes</strong></span> <span class='ocrx_word' id='word_1_62' title='bbox 829 514 866 542; x_wconf 90' lang='lat' dir='ltr'><strong>ita</strong></span> <span class='ocrx_word' id='word_1_63' title='bbox 888 522 1035 542; x_wconf 79' lang='lat' dir='ltr'><strong>conversa-</strong></span> 
     </span>
    </p>
   </div>
   <div class='ocr_carea' id='block_1_12' title="bbox 243 548 1035 595">
    <p class='ocr_par' dir='ltr' id='par_1_12' title="bbox 243 548 1035 595">
     <span class='ocr_line' id='line_1_12' title="bbox 243 548 1035 595; baseline 0 -9"><span class='ocrx_word' id='word_1_64' title='bbox 243 559 324 591; x_wconf 87' lang='lat' dir='ltr'><strong>mini,</strong></span> <span class='ocrx_word' id='word_1_65' title='bbox 352 567 461 586; x_wconf 88' lang='lat' dir='ltr'><strong>omnem</strong></span> <span class='ocrx_word' id='word_1_66' title='bbox 478 559 600 587; x_wconf 86' lang='lat' dir='ltr'><strong>laborem</strong></span> <span class='ocrx_word' id='word_1_67' title='bbox 627 563 655 586; x_wconf 92' lang='lat' dir='ltr'><strong>et</strong></span> <span class='ocrx_word' id='word_1_68' title='bbox 679 548 818 587; x_wconf 71' lang='lat' dir='ltr'><strong>certamen</strong></span> <span class='ocrx_word' id='word_1_69' title='bbox 843 567 906 587; x_wconf 92' lang='lat' dir='ltr'><strong>cum</strong></span> <span class='ocrx_word' id='word_1_70' title='bbox 935 559 1035 595; x_wconf 89' lang='lat' dir='ltr'><strong>gaudio</strong></span> 
     </span>
    </p>
   </div>
   <div class='ocr_carea' id='block_1_13' title="bbox 243 604 1035 640">
    <p class='ocr_par' dir='ltr' id='par_1_13' title="bbox 243 604 1035 640">
     <span class='ocr_line' id='line_1_13' title="bbox 243 604 1035 640; baseline 0.001 -9"><span class='ocrx_word' id='word_1_71' title='bbox 243 605 406 636; x_wconf 73' lang='lat' dir='ltr'><strong>subeuntes,</strong></span> <span class='ocrx_word' id='word_1_72' title='bbox 419 609 449 631; x_wconf 92' lang='lat' dir='ltr'><strong>ut</strong></span> <span class='ocrx_word' id='word_1_73' title='bbox 460 604 534 640; x_wconf 81' lang='lat' dir='ltr'><strong>digni</strong></span> <span class='ocrx_word' id='word_1_74' title='bbox 547 604 694 632; x_wconf 82' lang='lat' dir='ltr'><strong>videamini</strong></span> <span class='ocrx_word' id='word_1_75' title='bbox 709 604 906 631; x_wconf 88' lang='lat' dir='ltr'><strong>inhabitatione</strong></span> <span class='ocrx_word' id='word_1_76' title='bbox 917 604 1035 639; x_wconf 83' lang='lat' dir='ltr'><strong>Spiritus</strong></span> 
     </span>
    </p>
   </div>
   <div class='ocr_carea' id='block_1_14' title="bbox 243 648 1034 685">
    <p class='ocr_par' dir='ltr' id='par_1_14' title="bbox 243 648 1034 685">
     <span class='ocr_line' id='line_1_14' title="bbox 243 648 1034 685; baseline 0.001 -9"><span class='ocrx_word' id='word_1_77' title='bbox 243 648 274 676; x_wconf 90' lang='lat' dir='ltr'><strong>in</strong></span> <span class='ocrx_word' id='word_1_78' title='bbox 287 649 376 681; x_wconf 90' lang='lat' dir='ltr'><strong>nobis,</strong></span> <span class='ocrx_word' id='word_1_79' title='bbox 391 654 419 676; x_wconf 92' lang='lat' dir='ltr'><strong>et</strong></span> <span class='ocrx_word' id='word_1_80' title='bbox 430 649 582 678; x_wconf 83' lang='lat' dir='ltr'><strong>hereditate</strong></span> <span class='ocrx_word' id='word_1_81' title='bbox 597 658 658 677; x_wconf 91' lang='lat' dir='ltr'><strong>cum</strong></span> <span class='ocrx_word' id='word_1_82' title='bbox 669 650 778 678; x_wconf 87' lang='lat' dir='ltr'><strong>Christo</strong></span> <span class='ocrx_word' id='word_1_83' title='bbox 786 658 958 685; x_wconf 88' lang='lat' dir='ltr'><strong>nequaquam</strong></span> <span class='ocrx_word' id='word_1_84' title='bbox 969 650 1034 677; x_wconf 88' lang='lat' dir='ltr'><strong>elati</strong></span> 
     </span>
    </p>
   </div>
   <div class='ocr_carea' id='block_1_15' title="bbox 245 694 1034 732">
    <p class='ocr_par' dir='ltr' id='par_1_15' title="bbox 245 694 1034 732">
     <span class='ocr_line' id='line_1_15' title="bbox 245 694 1034 732; baseline 0.004 -11"><span class='ocrx_word' id='word_1_85' title='bbox 245 702 334 729; x_wconf 91' lang='lat' dir='ltr'><strong>neque</strong></span> <span class='ocrx_word' id='word_1_86' title='bbox 347 694 456 722; x_wconf 85' lang='lat' dir='ltr'><strong>levitate</strong></span> <span class='ocrx_word' id='word_1_87' title='bbox 469 695 605 728; x_wconf 86' lang='lat' dir='ltr'><strong>dissoluti,</strong></span> <span class='ocrx_word' id='word_1_88' title='bbox 617 701 647 723; x_wconf 93' lang='lat' dir='ltr'><strong>ut</strong></span> <span class='ocrx_word' id='word_1_89' title='bbox 657 704 745 731; x_wconf 90' lang='lat' dir='ltr'><strong>neque</strong></span> <span class='ocrx_word' id='word_1_90' title='bbox 760 696 811 731; x_wconf 92' lang='lat' dir='ltr'><strong>ipsi</strong></span> <span class='ocrx_word' id='word_1_91' title='bbox 824 696 937 728; x_wconf 81' lang='lat' dir='ltr'><strong>cadatis,</strong></span> <span class='ocrx_word' id='word_1_92' title='bbox 946 705 1034 732; x_wconf 88' lang='lat' dir='ltr'><strong>neque</strong></span> 
     </span>
    </p>
   </div>
   <div class='ocr_carea' id='block_1_16' title="bbox 245 740 1034 777">
    <p class='ocr_par' dir='ltr' id='par_1_16' title="bbox 245 740 1034 777">
     <span class='ocr_line' id='line_1_16' title="bbox 245 740 1034 777; baseline 0.003 -10"><span class='ocrx_word' id='word_1_93' title='bbox 245 740 306 768; x_wconf 85' lang='lat' dir='ltr'><strong>aliis</strong></span> <span class='ocrx_word' id='word_1_94' title='bbox 324 745 450 768; x_wconf 86' lang='lat' dir='ltr'><strong>auctores</strong></span> <span class='ocrx_word' id='word_1_95' title='bbox 475 741 579 776; x_wconf 86' lang='lat' dir='ltr'><strong>peccati</strong></span> <span class='ocrx_word' id='word_1_96' title='bbox 603 741 682 769; x_wconf 82' lang='lat' dir='ltr'><strong>ﬁatis.</strong></span> <span class='ocrx_word' id='word_1_97' title='bbox 705 742 734 769; x_wconf 91' lang='lat' dir='ltr'><strong>Si</strong></span> <span class='ocrx_word' id='word_1_98' title='bbox 759 743 806 777; x_wconf 91' lang='lat' dir='ltr'><strong>qui</strong></span> <span class='ocrx_word' id='word_1_99' title='bbox 827 750 893 770; x_wconf 85' lang='lat' dir='ltr'><strong>vero</strong></span> <span class='ocrx_word' id='word_1_100' title='bbox 911 742 1034 770; x_wconf 90' lang='lat' dir='ltr'><strong>nondum</strong></span> 
     </span>
    </p>
   </div>
   <div class='ocr_carea' id='block_1_17' title="bbox 245 786 1034 823">
    <p class='ocr_par' dir='ltr' id='par_1_17' title="bbox 245 786 1034 823">
     <span class='ocr_line' id='line_1_17' title="bbox 245 786 1034 823; baseline 0.005 -11"><span class='ocrx_word' id='word_1_101' title='bbox 245 793 367 813; x_wconf 86' lang='lat' dir='ltr'><strong>summae</strong></span> <span class='ocrx_word' id='word_1_102' title='bbox 384 786 516 814; x_wconf 87' lang='lat' dir='ltr'><strong>orationis</strong></span> <span class='ocrx_word' id='word_1_103' title='bbox 532 787 665 815; x_wconf 88' lang='lat' dir='ltr'><strong>habentes</strong></span> <span class='ocrx_word' id='word_1_104' title='bbox 683 792 806 816; x_wconf 89' lang='lat' dir='ltr'><strong>tenorem</strong></span> <span class='ocrx_word' id='word_1_105' title='bbox 820 809 827 821; x_wconf 93' lang='lat'><strong>,</strong></span> <span class='ocrx_word' id='word_1_106' title='bbox 844 796 934 823; x_wconf 85' lang='lat' dir='ltr'><strong>neque</strong></span> <span class='ocrx_word' id='word_1_107' title='bbox 954 788 1034 816; x_wconf 89' lang='lat' dir='ltr'><strong>debi-</strong></span> 
     </span>
    </p>
   </div>
   <div class='ocr_carea' id='block_1_18' title="bbox 246 831 1034 868">
    <p class='ocr_par' dir='ltr' id='par_1_18' title="bbox 246 831 1034 868">
     <span class='ocr_line' id='line_1_18' title="bbox 246 831 1034 868; baseline 0.005 -11"><span class='ocrx_word' id='word_1_108' title='bbox 246 835 301 858; x_wconf 83' lang='lat' dir='ltr'><strong>tam</strong></span> <span class='ocrx_word' id='word_1_109' title='bbox 317 831 382 858; x_wconf 90' lang='lat' dir='ltr'><strong>huic</strong></span> <span class='ocrx_word' id='word_1_110' title='bbox 395 832 471 867; x_wconf 91' lang='lat' dir='ltr'><strong>operi</strong></span> <span class='ocrx_word' id='word_1_111' title='bbox 486 832 654 868; x_wconf 80' lang='lat' dir='ltr'><strong>diligentiam</strong></span> <span class='ocrx_word' id='word_1_112' title='bbox 666 838 694 860; x_wconf 89' lang='lat' dir='ltr'><strong>et</strong></span> <span class='ocrx_word' id='word_1_113' title='bbox 706 833 846 865; x_wconf 80' lang='lat' dir='ltr'><strong>virtutem,</strong></span> <span class='ocrx_word' id='word_1_114' title='bbox 864 834 915 861; x_wconf 89' lang='lat' dir='ltr'><strong>hac</strong></span> <span class='ocrx_word' id='word_1_115' title='bbox 931 834 1034 861; x_wconf 82' lang='lat' dir='ltr'><strong>virtute</strong></span> 
     </span>
    </p>
   </div>
   <div class='ocr_carea' id='block_1_19' title="bbox 245 877 1033 915">
    <p class='ocr_par' dir='ltr' id='par_1_19' title="bbox 245 877 1033 915">
     <span class='ocr_line' id='line_1_19' title="bbox 245 877 1033 915; baseline 0.005 -12"><span class='ocrx_word' id='word_1_116' title='bbox 245 877 452 905; x_wconf 83' lang='lat' dir='ltr'><strong>destituuntur:</strong></span> <span class='ocrx_word' id='word_1_117' title='bbox 470 878 497 905; x_wconf 89' lang='lat' dir='ltr'><strong>in</strong></span> <span class='ocrx_word' id='word_1_118' title='bbox 511 879 612 906; x_wconf 87' lang='lat' dir='ltr'><strong>ceteris</strong></span> <span class='ocrx_word' id='word_1_119' title='bbox 630 880 759 914; x_wconf 83' lang='lat' dir='ltr'><strong>impleant</strong></span> <span class='ocrx_word' id='word_1_120' title='bbox 775 880 970 911; x_wconf 83' lang='lat' dir='ltr'><strong>obedientiam.</strong></span> <span class='ocrx_word' id='word_1_121' title='bbox 985 888 1033 915; x_wconf 93' lang='lat' dir='ltr'><strong>pro</strong></span> 
     </span>
    </p>
   </div>
   <div class='ocr_carea' id='block_1_20' title="bbox 245 923 1034 961">
    <p class='ocr_par' dir='ltr' id='par_1_20' title="bbox 245 923 1034 961">
     <span class='ocr_line' id='line_1_20' title="bbox 245 923 1034 961; baseline 0.004 -11"><span class='ocrx_word' id='word_1_122' title='bbox 245 923 351 950; x_wconf 87' lang='lat' dir='ltr'><strong>viribus</strong></span> <span class='ocrx_word' id='word_1_123' title='bbox 376 924 545 956; x_wconf 80' lang='lat' dir='ltr'><strong>servientes,</strong></span> <span class='ocrx_word' id='word_1_124' title='bbox 559 925 687 953; x_wconf 86' lang='lat' dir='ltr'><strong>lubenter</strong></span> <span class='ocrx_word' id='word_1_125' title='bbox 711 930 866 961; x_wconf 86' lang='lat' dir='ltr'><strong>operantes,</strong></span> <span class='ocrx_word' id='word_1_126' title='bbox 889 926 1034 961; x_wconf 81' lang='lat' dir='ltr'><strong>diligenter</strong></span> 
     </span>
    </p>
   </div>
   <div class='ocr_carea' id='block_1_21' title="bbox 245 968 1030 1005">
    <p class='ocr_par' dir='ltr' id='par_1_21' title="bbox 245 968 1030 1005">
     <span class='ocr_line' id='line_1_21' title="bbox 245 968 1030 1005; baseline 0.005 -11"><span class='ocrx_word' id='word_1_127' title='bbox 245 968 433 996; x_wconf 87' lang='lat' dir='ltr'><strong>ministrantes</strong></span> <span class='ocrx_word' id='word_1_128' title='bbox 459 978 521 996; x_wconf 91' lang='lat' dir='ltr'><strong>cum</strong></span> <span class='ocrx_word' id='word_1_129' title='bbox 549 970 658 1005; x_wconf 88' lang='lat' dir='ltr'><strong>gaudio,</strong></span> <span class='ocrx_word' id='word_1_130' title='bbox 680 979 735 998; x_wconf 91' lang='lat' dir='ltr'><strong>non</strong></span> <span class='ocrx_word' id='word_1_131' title='bbox 753 971 880 998; x_wconf 88' lang='lat' dir='ltr'><strong>mercede</strong></span> <span class='ocrx_word' id='word_1_132' title='bbox 908 971 1030 1003; x_wconf 86' lang='lat' dir='ltr'><strong>honoris.</strong></span> 
     </span>
    </p>
   </div>
   <div class='ocr_carea' id='block_1_22' title="bbox 249 1015 1033 1052">
    <p class='ocr_par' dir='ltr' id='par_1_22' title="bbox 249 1015 1033 1052">
     <span class='ocr_line' id='line_1_22' title="bbox 249 1015 1033 1052; baseline 0.005 -12"><span class='ocrx_word' id='word_1_133' title='bbox 249 1022 338 1049; x_wconf 86' lang='lat' dir='ltr'><strong>neque</strong></span> <span class='ocrx_word' id='word_1_134' title='bbox 359 1020 471 1050; x_wconf 84' lang='lat' dir='ltr'><strong>propter</strong></span> <span class='ocrx_word' id='word_1_135' title='bbox 496 1015 643 1043; x_wconf 87' lang='lat' dir='ltr'><strong>humanam</strong></span> <span class='ocrx_word' id='word_1_136' title='bbox 665 1016 796 1051; x_wconf 77' lang='lat' dir='ltr'><strong>gloriam,</strong></span> <span class='ocrx_word' id='word_1_137' title='bbox 811 1024 900 1051; x_wconf 90' lang='lat' dir='ltr'><strong>neque</strong></span> <span class='ocrx_word' id='word_1_138' title='bbox 922 1021 1033 1052; x_wconf 84' lang='lat' dir='ltr'><strong>propter</strong></span> 
     </span>
    </p>
   </div>
   <div class='ocr_carea' id='block_1_23' title="bbox 246 1059 1032 1098">
    <p class='ocr_par' dir='ltr' id='par_1_23' title="bbox 246 1059 1032 1098">
     <span class='ocr_line' id='line_1_23' title="bbox 246 1059 1032 1098; baseline 0.005 -12"><span class='ocrx_word' id='word_1_139' title='bbox 246 1059 389 1087; x_wconf 84' lang='lat' dir='ltr'><strong>mollitiam</strong></span> <span class='ocrx_word' id='word_1_140' title='bbox 403 1061 444 1087; x_wconf 90' lang='lat' dir='ltr'><strong>vel</strong></span> <span class='ocrx_word' id='word_1_141' title='bbox 464 1061 616 1088; x_wconf 87' lang='lat' dir='ltr'><strong>socordiam</strong></span> <span class='ocrx_word' id='word_1_142' title='bbox 630 1062 738 1090; x_wconf 87' lang='lat' dir='ltr'><strong>labores</strong></span> <span class='ocrx_word' id='word_1_143' title='bbox 753 1062 934 1094; x_wconf 85' lang='lat' dir='ltr'><strong>remittentes.</strong></span> <span class='ocrx_word' id='word_1_144' title='bbox 944 1071 1032 1098; x_wconf 88' lang='lat' dir='ltr'><strong>neque</strong></span> 
     </span>
    </p>
   </div>
   <div class='ocr_carea' id='block_1_24' title="bbox 245 1105 1032 1142">
    <p class='ocr_par' dir='ltr' id='par_1_24' title="bbox 245 1105 1032 1142">
     <span class='ocr_line' id='line_1_24' title="bbox 245 1105 1032 1142; baseline 0.008 -12"><span class='ocrx_word' id='word_1_145' title='bbox 245 1108 277 1131; x_wconf 90' lang='lat' dir='ltr'><strong>ut</strong></span> <span class='ocrx_word' id='word_1_146' title='bbox 286 1105 383 1134; x_wconf 84' lang='lat' dir='ltr'><strong>alienis</strong></span> <span class='ocrx_word' id='word_1_147' title='bbox 398 1106 561 1140; x_wconf 85' lang='lat' dir='ltr'><strong>corporibus</strong></span> <span class='ocrx_word' id='word_1_148' title='bbox 572 1111 600 1134; x_wconf 93' lang='lat' dir='ltr'><strong>et</strong></span> <span class='ocrx_word' id='word_1_149' title='bbox 617 1107 760 1135; x_wconf 88' lang='lat' dir='ltr'><strong>animabus</strong></span> <span class='ocrx_word' id='word_1_150' title='bbox 771 1108 853 1142; x_wconf 66' lang='lat'><strong>220</strong></span> <span class='ocrx_word' id='word_1_151' title='bbox 869 1108 1032 1141; x_wconf 84' lang='lat' dir='ltr'><strong>servientes,</strong></span> 
     </span>
    </p>
   </div>
   <div class='ocr_carea' id='block_1_25' title="bbox 243 1149 1033 1189">
    <p class='ocr_par' dir='ltr' id='par_1_25' title="bbox 243 1149 1033 1189">
     <span class='ocr_line' id='line_1_25' title="bbox 243 1149 1033 1189; baseline 0.006 -13"><span class='ocrx_word' id='word_1_152' title='bbox 243 1149 292 1177; x_wconf 78' lang='lat' dir='ltr'><strong>sed</strong></span> <span class='ocrx_word' id='word_1_153' title='bbox 310 1155 339 1176; x_wconf 92' lang='lat' dir='ltr'><strong>ut</strong></span> <span class='ocrx_word' id='word_1_154' title='bbox 351 1150 453 1177; x_wconf 83' lang='lat' dir='ltr'><strong>Christi</strong></span> <span class='ocrx_word' id='word_1_155' title='bbox 468 1151 564 1183; x_wconf 88' lang='lat' dir='ltr'><strong>servis,</strong></span> <span class='ocrx_word' id='word_1_156' title='bbox 583 1156 613 1178; x_wconf 94' lang='lat' dir='ltr'><strong>ut</strong></span> <span class='ocrx_word' id='word_1_157' title='bbox 632 1153 734 1180; x_wconf 89' lang='lat' dir='ltr'><strong>nostris</strong></span> <span class='ocrx_word' id='word_1_158' title='bbox 749 1153 918 1186; x_wconf 81' lang='lat' dir='ltr'><strong>visceribus,</strong></span> <span class='ocrx_word' id='word_1_159' title='bbox 937 1158 967 1181; x_wconf 91' lang='lat' dir='ltr'><strong>ut</strong></span> <span class='ocrx_word' id='word_1_160' title='bbox 983 1162 1033 1189; x_wconf 89' lang='lat' dir='ltr'><strong>pu-</strong></span> 
     </span>
    </p>
   </div>
   <div class='ocr_carea' id='block_1_26' title="bbox 243 1196 1032 1234">
    <p class='ocr_par' dir='ltr' id='par_1_26' title="bbox 243 1196 1032 1234">
     <span class='ocr_line' id='line_1_26' title="bbox 243 1196 1032 1234; baseline 0.006 -12"><span class='ocrx_word' id='word_1_161' title='bbox 243 1203 306 1222; x_wconf 89' lang='lat' dir='ltr'><strong>rum</strong></span> <span class='ocrx_word' id='word_1_162' title='bbox 331 1200 360 1222; x_wconf 89' lang='lat' dir='ltr'><strong>et</strong></span> <span class='ocrx_word' id='word_1_163' title='bbox 379 1196 517 1224; x_wconf 85' lang='lat' dir='ltr'><strong>sincerum</strong></span> <span class='ocrx_word' id='word_1_164' title='bbox 543 1205 612 1232; x_wconf 89' lang='lat' dir='ltr'><strong>opus</strong></span> <span class='ocrx_word' id='word_1_165' title='bbox 637 1202 760 1225; x_wconf 84' lang='lat' dir='ltr'><strong>vestrum</strong></span> <span class='ocrx_word' id='word_1_166' title='bbox 783 1204 913 1234; x_wconf 86' lang='lat' dir='ltr'><strong>appareat</strong></span> <span class='ocrx_word' id='word_1_167' title='bbox 940 1207 1032 1227; x_wconf 86' lang='lat' dir='ltr'><strong>coram</strong></span> 
     </span>
    </p>
   </div>
   <div class='ocr_carea' id='block_1_27' title="bbox 243 1241 1031 1279">
    <p class='ocr_par' dir='ltr' id='par_1_27' title="bbox 243 1241 1031 1279">
     <span class='ocr_line' id='line_1_27' title="bbox 243 1241 1031 1279; baseline 0.006 -11"><span class='ocrx_word' id='word_1_168' title='bbox 243 1241 309 1269; x_wconf 82' lang='lat' dir='ltr'><strong>Deo.</strong></span> <span class='ocrx_word' id='word_1_169' title='bbox 318 1242 403 1270; x_wconf 84' lang='lat' dir='ltr'><strong>Nemo</strong></span> <span class='ocrx_word' id='word_1_170' title='bbox 417 1251 482 1270; x_wconf 92' lang='lat' dir='ltr'><strong>vero</strong></span> <span class='ocrx_word' id='word_1_171' title='bbox 494 1243 528 1270; x_wconf 90' lang='lat' dir='ltr'><strong>de</strong></span> <span class='ocrx_word' id='word_1_172' title='bbox 539 1244 673 1271; x_wconf 82' lang='lat' dir='ltr'><strong>bonorum</strong></span> <span class='ocrx_word' id='word_1_173' title='bbox 685 1251 797 1279; x_wconf 90' lang='lat' dir='ltr'><strong>operum</strong></span> <span class='ocrx_word' id='word_1_174' title='bbox 808 1245 899 1272; x_wconf 87' lang='lat' dir='ltr'><strong>studio</strong></span> <span class='ocrx_word' id='word_1_175' title='bbox 914 1245 1031 1279; x_wconf 83' lang='lat' dir='ltr'><strong>dictitet,</strong></span> 
     </span>
    </p>
   </div>
   <div class='ocr_carea' id='block_1_28' title="bbox 243 1289 1031 1325">
    <p class='ocr_par' dir='ltr' id='par_1_28' title="bbox 243 1289 1031 1325">
     <span class='ocr_line' id='line_1_28' title="bbox 243 1289 1031 1325; baseline 0.005 -11"><span class='ocrx_word' id='word_1_176' title='bbox 243 1295 298 1314; x_wconf 92' lang='lat' dir='ltr'><strong>non</strong></span> <span class='ocrx_word' id='word_1_177' title='bbox 321 1295 401 1322; x_wconf 86' lang='lat' dir='ltr'><strong>posse</strong></span> <span class='ocrx_word' id='word_1_178' title='bbox 420 1296 449 1316; x_wconf 91' lang='lat' dir='ltr'><strong>se</strong></span> <span class='ocrx_word' id='word_1_179' title='bbox 472 1289 604 1324; x_wconf 84' lang='lat' dir='ltr'><strong>perlicere</strong></span> <span class='ocrx_word' id='word_1_180' title='bbox 627 1297 660 1317; x_wconf 85' lang='lat' dir='ltr'><strong>ea</strong></span> <span class='ocrx_word' id='word_1_181' title='bbox 687 1298 756 1325; x_wconf 88' lang='lat' dir='ltr'><strong>quae</strong></span> <span class='ocrx_word' id='word_1_182' title='bbox 779 1290 898 1318; x_wconf 88' lang='lat' dir='ltr'><strong>animam</strong></span> <span class='ocrx_word' id='word_1_183' title='bbox 916 1291 1031 1319; x_wconf 86' lang='lat' dir='ltr'><strong>salvent.</strong></span> 
     </span>
    </p>
   </div>
   <div class='ocr_carea' id='block_1_29' title="bbox 243 1332 1032 1370">
    <p class='ocr_par' dir='ltr' id='par_1_29' title="bbox 243 1332 1032 1370">
     <span class='ocr_line' id='line_1_29' title="bbox 243 1332 1032 1370; baseline 0.004 -10"><span class='ocrx_word' id='word_1_184' title='bbox 243 1332 338 1368; x_wconf 81' lang='lat' dir='ltr'><strong>Neque</strong></span> <span class='ocrx_word' id='word_1_185' title='bbox 353 1334 425 1361; x_wconf 88' lang='lat' dir='ltr'><strong>enim</strong></span> <span class='ocrx_word' id='word_1_186' title='bbox 448 1334 520 1361; x_wconf 89' lang='lat' dir='ltr'><strong>Deus</strong></span> <span class='ocrx_word' id='word_1_187' title='bbox 537 1334 716 1369; x_wconf 83' lang='lat' dir='ltr'><strong>impossibilia</strong></span> <span class='ocrx_word' id='word_1_188' title='bbox 738 1334 855 1370; x_wconf 75' lang='lat' dir='ltr'><strong>iniungit</strong></span> <span class='ocrx_word' id='word_1_189' title='bbox 868 1336 955 1363; x_wconf 87' lang='lat' dir='ltr'><strong>servis</strong></span> <span class='ocrx_word' id='word_1_190' title='bbox 965 1355 972 1368; x_wconf 89' lang='lat'><strong>,</strong></span> <span class='ocrx_word' id='word_1_191' title='bbox 984 1336 1032 1363; x_wconf 86' lang='lat' dir='ltr'><strong>sed</strong></span> 
     </span>
    </p>
   </div>
   <div class='ocr_carea' id='block_1_30' title="bbox 243 1379 1032 1414">
    <p class='ocr_par' dir='ltr' id='par_1_30' title="bbox 243 1379 1032 1414">
     <span class='ocr_line' id='line_1_30' title="bbox 243 1379 1032 1414; baseline 0.005 -9"><span class='ocrx_word' id='word_1_192' title='bbox 243 1381 298 1406; x_wconf 82' lang='lat' dir='ltr'><strong>tam</strong></span> <span class='ocrx_word' id='word_1_193' title='bbox 316 1379 502 1407; x_wconf 85' lang='lat' dir='ltr'><strong>abundantem</strong></span> <span class='ocrx_word' id='word_1_194' title='bbox 516 1385 544 1408; x_wconf 92' lang='lat' dir='ltr'><strong>et</strong></span> <span class='ocrx_word' id='word_1_195' title='bbox 557 1381 661 1414; x_wconf 76' lang='lat' dir='ltr'><strong>largum</strong></span> <span class='ocrx_word' id='word_1_196' title='bbox 675 1381 796 1408; x_wconf 84' lang='lat' dir='ltr'><strong>ostendit</strong></span> <span class='ocrx_word' id='word_1_197' title='bbox 809 1389 930 1409; x_wconf 88' lang='lat' dir='ltr'><strong>amorem</strong></span> <span class='ocrx_word' id='word_1_198' title='bbox 945 1387 973 1409; x_wconf 92' lang='lat' dir='ltr'><strong>et</strong></span> <span class='ocrx_word' id='word_1_199' title='bbox 984 1382 1032 1409; x_wconf 91' lang='lat' dir='ltr'><strong>bo-</strong></span> 
     </span>
    </p>
   </div>
   <div class='ocr_carea' id='block_1_31' title="bbox 242 1422 1032 1460">
    <p class='ocr_par' dir='ltr' id='par_1_31' title="bbox 242 1422 1032 1460">
     <span class='ocr_line' id='line_1_31' title="bbox 242 1422 1032 1460; baseline 0.005 -10"><span class='ocrx_word' id='word_1_200' title='bbox 242 1422 356 1450; x_wconf 84' lang='lat' dir='ltr'><strong>nitatem</strong></span> <span class='ocrx_word' id='word_1_201' title='bbox 379 1423 502 1456; x_wconf 85' lang='lat' dir='ltr'><strong>Deitatis,</strong></span> <span class='ocrx_word' id='word_1_202' title='bbox 521 1429 551 1452; x_wconf 91' lang='lat' dir='ltr'><strong>ut</strong></span> <span class='ocrx_word' id='word_1_203' title='bbox 569 1425 720 1460; x_wconf 85' lang='lat' dir='ltr'><strong>unicuique</strong></span> <span class='ocrx_word' id='word_1_204' title='bbox 743 1433 794 1460; x_wconf 88' lang='lat' dir='ltr'><strong>pro</strong></span> <span class='ocrx_word' id='word_1_205' title='bbox 817 1426 958 1454; x_wconf 86' lang='lat' dir='ltr'><strong>voluntate</strong></span> <span class='ocrx_word' id='word_1_206' title='bbox 982 1434 1032 1454; x_wconf 85' lang='lat' dir='ltr'><strong>sua</strong></span> 
     </span>
    </p>
   </div>
   <div class='ocr_carea' id='block_1_32' title="bbox 242 1468 1033 1507">
    <p class='ocr_par' dir='ltr' id='par_1_32' title="bbox 242 1468 1033 1507">
     <span class='ocr_line' id='line_1_32' title="bbox 242 1468 1033 1507; baseline 0.008 -13"><span class='ocrx_word' id='word_1_207' title='bbox 242 1468 347 1496; x_wconf 84' lang='lat' dir='ltr'><strong>tribuat</strong></span> <span class='ocrx_word' id='word_1_208' title='bbox 359 1469 424 1497; x_wconf 89' lang='lat' dir='ltr'><strong>boni</strong></span> <span class='ocrx_word' id='word_1_209' title='bbox 436 1470 541 1505; x_wconf 87' lang='lat' dir='ltr'><strong>aliquid</strong></span> <span class='ocrx_word' id='word_1_210' title='bbox 552 1471 643 1498; x_wconf 82' lang='lat' dir='ltr'><strong>facere</strong></span> <span class='ocrx_word' id='word_1_211' title='bbox 659 1479 749 1506; x_wconf 87' lang='lat' dir='ltr'><strong>posse,</strong></span> <span class='ocrx_word' id='word_1_212' title='bbox 767 1476 796 1499; x_wconf 91' lang='lat' dir='ltr'><strong>et</strong></span> <span class='ocrx_word' id='word_1_213' title='bbox 814 1480 905 1505; x_wconf 89' lang='lat' dir='ltr'><strong>nemo,</strong></span> <span class='ocrx_word' id='word_1_214' title='bbox 917 1473 964 1507; x_wconf 91' lang='lat' dir='ltr'><strong>qui</strong></span> <span class='ocrx_word' id='word_1_215' title='bbox 975 1478 1033 1500; x_wconf 90' lang='lat' dir='ltr'><strong>stu-</strong></span> 
     </span>
    </p>
   </div>
   <div class='ocr_carea' id='block_1_33' title="bbox 242 1512 1030 1554">
    <p class='ocr_par' dir='ltr' id='par_1_33' title="bbox 242 1512 1030 1554">
     <span class='ocr_line' id='line_1_33' title="bbox 242 1512 1030 1554; baseline 0.006 -14"><span class='ocrx_word' id='word_1_216' title='bbox 242 1512 321 1540; x_wconf 85' lang='lat' dir='ltr'><strong>dium</strong></span> <span class='ocrx_word' id='word_1_217' title='bbox 348 1514 433 1542; x_wconf 84' lang='lat' dir='ltr'><strong>habet</strong></span> <span class='ocrx_word' id='word_1_218' title='bbox 457 1516 564 1549; x_wconf 90' lang='lat' dir='ltr'><strong>salutis,</strong></span> <span class='ocrx_word' id='word_1_219' title='bbox 589 1521 725 1551; x_wconf 84' lang='lat' dir='ltr'><strong>potestate</strong></span> <span class='ocrx_word' id='word_1_220' title='bbox 745 1521 845 1544; x_wconf 88' lang='lat' dir='ltr'><strong>careat.</strong></span> <span class='ocrx_word' id='word_1_221' title='bbox 868 1517 1030 1554; x_wconf 79' lang='lat' dir='ltr'><strong>Quicunque,</strong></span> 
     </span>
    </p>
   </div>
   <div class='ocr_carea' id='block_1_34' title="bbox 242 1559 1031 1599">
    <p class='ocr_par' dir='ltr' id='par_1_34' title="bbox 242 1559 1031 1599">
     <span class='ocr_line' id='line_1_34' title="bbox 242 1559 1031 1599; baseline 0.005 -12"><span class='ocrx_word' id='word_1_222' title='bbox 242 1559 342 1596; x_wconf 77' lang='lat' dir='ltr'><strong>inquit,</strong></span> <span class='ocrx_word' id='word_1_223' title='bbox 353 1567 444 1597; x_wconf 87' lang='lat' dir='ltr'><strong>potum</strong></span> <span class='ocrx_word' id='word_1_224' title='bbox 455 1563 555 1590; x_wconf 81' lang='lat' dir='ltr'><strong>dederit</strong></span> <span class='ocrx_word' id='word_1_225' title='bbox 568 1572 654 1599; x_wconf 83' lang='lat' dir='ltr'><strong>aquae</strong></span> <span class='ocrx_word' id='word_1_226' title='bbox 665 1564 778 1599; x_wconf 80' lang='lat' dir='ltr'><strong>[rigidae</strong></span> <span class='ocrx_word' id='word_1_227' title='bbox 791 1565 819 1591; x_wconf 84' lang='lat' dir='ltr'><strong>in</strong></span> <span class='ocrx_word' id='word_1_228' title='bbox 832 1565 939 1591; x_wconf 83' lang='lat' dir='ltr'><strong>nomine</strong></span> <span class='ocrx_word' id='word_1_229' title='bbox 951 1564 1031 1591; x_wconf 71' lang='lat' dir='ltr'><strong>disci-</strong></span> 
     </span>
    </p>
   </div>
   <div class='ocr_carea' id='block_1_35' title="bbox 244 1607 1028 1645">
    <p class='ocr_par' dir='ltr' id='par_1_35' title="bbox 244 1607 1028 1645">
     <span class='ocr_line' id='line_1_35' title="bbox 244 1607 1028 1645; baseline 0.005 -12"><span class='ocrx_word' id='word_1_230' title='bbox 244 1607 312 1642; x_wconf 74' lang='lat' dir='ltr'><strong>puli,</strong></span> <span class='ocrx_word' id='word_1_231' title='bbox 322 1616 399 1635; x_wconf 85' lang='lat' dir='ltr'><strong>amen</strong></span> <span class='ocrx_word' id='word_1_232' title='bbox 414 1609 470 1635; x_wconf 84' lang='lat' dir='ltr'><strong>dico</strong></span> <span class='ocrx_word' id='word_1_233' title='bbox 485 1609 564 1641; x_wconf 74' lang='lat' dir='ltr'><strong>vobis,</strong></span> <span class='ocrx_word' id='word_1_234' title='bbox 576 1618 627 1636; x_wconf 84' lang='lat' dir='ltr'><strong>non</strong></span> <span class='ocrx_word' id='word_1_235' title='bbox 637 1609 725 1645; x_wconf 83' lang='lat' dir='ltr'><strong>perdet</strong></span> <span class='ocrx_word' id='word_1_236' title='bbox 737 1610 881 1637; x_wconf 83' lang='lat' dir='ltr'><strong>mercedem</strong></span> <span class='ocrx_word' id='word_1_237' title='bbox 892 1618 968 1637; x_wconf 79' lang='lat' dir='ltr'><strong>suam</strong></span> <span class='ocrx_word' id='word_1_238' title='bbox 979 1610 1028 1645; x_wconf 69' lang='grc' dir='ltr'><strong>(ὅ).</strong></span> 
     </span>
    </p>
   </div>
   <div class='ocr_carea' id='block_1_36' title="bbox 241 1652 1033 1692">
    <p class='ocr_par' dir='ltr' id='par_1_36' title="bbox 241 1652 1033 1692">
     <span class='ocr_line' id='line_1_36' title="bbox 241 1652 1033 1692; baseline 0.004 -12"><span class='ocrx_word' id='word_1_239' title='bbox 241 1652 313 1687; x_wconf 83' lang='lat' dir='ltr'><strong>Quid</strong></span> <span class='ocrx_word' id='word_1_240' title='bbox 330 1654 382 1681; x_wconf 93' lang='lat' dir='ltr'><strong>hoc</strong></span> <span class='ocrx_word' id='word_1_241' title='bbox 393 1655 520 1682; x_wconf 88' lang='lat' dir='ltr'><strong>mandato</strong></span> <span class='ocrx_word' id='word_1_242' title='bbox 536 1656 839 1691; x_wconf 84' lang='lat' dir='ltr'><strong>potentius?Frigidum</strong></span> <span class='ocrx_word' id='word_1_243' title='bbox 853 1661 946 1692; x_wconf 92' lang='lat' dir='ltr'><strong>potum</strong></span> <span class='ocrx_word' id='word_1_244' title='bbox 961 1664 1033 1684; x_wconf 91' lang='lat' dir='ltr'><strong>mer-</strong></span> 
     </span>
    </p>
   </div>
   <div class='ocr_carea' id='block_1_37' title="bbox 242 1700 1032 1736">
    <p class='ocr_par' dir='ltr' id='par_1_37' title="bbox 242 1700 1032 1736">
     <span class='ocr_line' id='line_1_37' title="bbox 242 1700 1032 1736; baseline 0.004 -9"><span class='ocrx_word' id='word_1_245' title='bbox 242 1706 289 1727; x_wconf 88' lang='lat' dir='ltr'><strong>ces</strong></span> <span class='ocrx_word' id='word_1_246' title='bbox 305 1700 434 1728; x_wconf 70' lang='lat' dir='ltr'><strong>coelestia</strong></span> <span class='ocrx_word' id='word_1_247' title='bbox 455 1702 589 1736; x_wconf 84' lang='lat' dir='ltr'><strong>sequitur.</strong></span> <span class='ocrx_word' id='word_1_248' title='bbox 614 1702 648 1729; x_wconf 85' lang='lat' dir='ltr'><strong>Et</strong></span> <span class='ocrx_word' id='word_1_249' title='bbox 662 1701 724 1729; x_wconf 80' lang='lat' dir='ltr'><strong>vide</strong></span> <span class='ocrx_word' id='word_1_250' title='bbox 742 1702 808 1729; x_wconf 90' lang='lat' dir='ltr'><strong>mihi</strong></span> <span class='ocrx_word' id='word_1_251' title='bbox 828 1702 928 1730; x_wconf 87' lang='lat' dir='ltr'><strong>amoris</strong></span> <span class='ocrx_word' id='word_1_252' title='bbox 944 1703 1032 1730; x_wconf 91' lang='lat' dir='ltr'><strong>homi-</strong></span> 
     </span>
    </p>
   </div>
   <div class='ocr_carea' id='block_1_38' title="bbox 241 1743 1032 1782">
    <p class='ocr_par' dir='ltr' id='par_1_38' title="bbox 241 1743 1032 1782">
     <span class='ocr_line' id='line_1_38' title="bbox 241 1743 1032 1782; baseline 0.005 -12"><span class='ocrx_word' id='word_1_253' title='bbox 241 1751 308 1771; x_wconf 90' lang='lat' dir='ltr'><strong>num</strong></span> <span class='ocrx_word' id='word_1_254' title='bbox 332 1743 506 1772; x_wconf 89' lang='lat' dir='ltr'><strong>immcnsum.</strong></span> <span class='ocrx_word' id='word_1_255' title='bbox 523 1745 675 1779; x_wconf 83' lang='lat' dir='ltr'><strong>Quamdiu,</strong></span> <span class='ocrx_word' id='word_1_256' title='bbox 696 1747 800 1781; x_wconf 85' lang='lat' dir='ltr'><strong>inquit,</strong></span> <span class='ocrx_word' id='word_1_257' title='bbox 816 1747 911 1782; x_wconf 76' lang='lat' dir='ltr'><strong>fecistis</strong></span> <span class='ocrx_word' id='word_1_258' title='bbox 929 1748 974 1774; x_wconf 83' lang='lat' dir='ltr'><strong>uni</strong></span> <span class='ocrx_word' id='word_1_259' title='bbox 999 1755 1032 1774; x_wconf 75' lang='lat' dir='ltr'><strong>ea:</strong></span> 
     </span>
    </p>
   </div>
   <div class='ocr_carea' id='block_1_39' title="bbox 241 1789 1030 1827">
    <p class='ocr_par' dir='ltr' id='par_1_39' title="bbox 241 1789 1030 1827">
     <span class='ocr_line' id='line_1_39' title="bbox 241 1789 1030 1827; baseline 0.008 -12"><span class='ocrx_word' id='word_1_260' title='bbox 241 1789 291 1822; x_wconf 54' lang='lat' dir='ltr'><strong>Itis,</strong></span> <span class='ocrx_word' id='word_1_261' title='bbox 305 1791 367 1816; x_wconf 87' lang='lat' dir='ltr'><strong>mihi</strong></span> <span class='ocrx_word' id='word_1_262' title='bbox 379 1790 475 1824; x_wconf 73' lang='lat' dir='ltr'><strong>fecistis</strong></span> <span class='ocrx_word' id='word_1_263' title='bbox 488 1791 536 1827; x_wconf 82' lang='grc'><strong>(4).</strong></span> <span class='ocrx_word' id='word_1_264' title='bbox 550 1791 705 1819; x_wconf 82' lang='lat' dir='ltr'><strong>Mandatum</strong></span> <span class='ocrx_word' id='word_1_265' title='bbox 717 1792 828 1827; x_wconf 90' lang='lat' dir='ltr'><strong>quidem</strong></span> <span class='ocrx_word' id='word_1_266' title='bbox 842 1801 965 1827; x_wconf 89' lang='lat' dir='ltr'><strong>parvum,</strong></span> <span class='ocrx_word' id='word_1_267' title='bbox 982 1793 1030 1821; x_wconf 85' lang='lat' dir='ltr'><strong>sed</strong></span> 
     </span>
    </p>
   </div>
   <div class='ocr_carea' id='block_1_40' title="bbox 241 1834 1031 1873">
    <p class='ocr_par' dir='ltr' id='par_1_40' title="bbox 241 1834 1031 1873">
     <span class='ocr_line' id='line_1_40' title="bbox 241 1834 1031 1873; baseline 0.005 -11"><span class='ocrx_word' id='word_1_268' title='bbox 241 1834 415 1864; x_wconf 88' lang='lat' dir='ltr'><strong>obedientiae</strong></span> <span class='ocrx_word' id='word_1_269' title='bbox 429 1837 533 1864; x_wconf 85' lang='lat' dir='ltr'><strong>utilitas</strong></span> <span class='ocrx_word' id='word_1_270' title='bbox 547 1845 655 1872; x_wconf 79' lang='lat' dir='ltr'><strong>magna,</strong></span> <span class='ocrx_word' id='word_1_271' title='bbox 668 1845 738 1873; x_wconf 87' lang='lat' dir='ltr'><strong>quae</strong></span> <span class='ocrx_word' id='word_1_272' title='bbox 752 1846 768 1865; x_wconf 91' lang='lat' dir='ltr'><strong>a</strong></span> <span class='ocrx_word' id='word_1_273' title='bbox 784 1838 840 1865; x_wconf 90' lang='lat' dir='ltr'><strong>Deo</strong></span> <span class='ocrx_word' id='word_1_274' title='bbox 859 1839 1031 1866; x_wconf 89' lang='lat' dir='ltr'><strong>abundanter</strong></span> 
     </span>
    </p>
   </div>
   <div class='ocr_carea' id='block_1_41' title="bbox 241 1881 1030 1919">
    <p class='ocr_par' dir='ltr' id='par_1_41' title="bbox 241 1881 1030 1919">
     <span class='ocr_line' id='line_1_41' title="bbox 241 1881 1030 1919; baseline 0.008 -12"><span class='ocrx_word' id='word_1_275' title='bbox 241 1881 375 1908; x_wconf 88' lang='lat' dir='ltr'><strong>redditur.</strong></span> <span class='ocrx_word' id='word_1_276' title='bbox 392 1882 486 1918; x_wconf 88' lang='lat' dir='ltr'><strong>Itaque</strong></span> <span class='ocrx_word' id='word_1_277' title='bbox 498 1883 568 1910; x_wconf 91' lang='lat' dir='ltr'><strong>nihil</strong></span> <span class='ocrx_word' id='word_1_278' title='bbox 589 1884 661 1911; x_wconf 89' lang='lat' dir='ltr'><strong>ultra</strong></span> <span class='ocrx_word' id='word_1_279' title='bbox 673 1884 747 1912; x_wconf 89' lang='lat' dir='ltr'><strong>vires</strong></span> <span class='ocrx_word' id='word_1_280' title='bbox 763 1885 892 1919; x_wconf 85' lang='lat' dir='ltr'><strong>postulat.</strong></span> <span class='ocrx_word' id='word_1_281' title='bbox 907 1885 961 1912; x_wconf 90' lang='lat' dir='ltr'><strong>Sed</strong></span> <span class='ocrx_word' id='word_1_282' title='bbox 973 1886 1030 1914; x_wconf 90' lang='lat' dir='ltr'><strong>sive</strong></span> 
     </span>
    </p>
   </div>
   <div class='ocr_carea' id='block_1_42' title="bbox 241 1928 1030 1965">
    <p class='ocr_par' dir='ltr' id='par_1_42' title="bbox 241 1928 1030 1965">
     <span class='ocr_line' id='line_1_42' title="bbox 241 1928 1030 1965; baseline 0.005 -11"><span class='ocrx_word' id='word_1_283' title='bbox 241 1933 356 1962; x_wconf 75' lang='lat' dir='ltr'><strong>parvum</strong></span> <span class='ocrx_word' id='word_1_284' title='bbox 370 1928 428 1956; x_wconf 89' lang='lat' dir='ltr'><strong>sive</strong></span> <span class='ocrx_word' id='word_1_285' title='bbox 445 1937 572 1964; x_wconf 82' lang='lat' dir='ltr'><strong>magnum</strong></span> <span class='ocrx_word' id='word_1_286' title='bbox 587 1929 655 1957; x_wconf 80' lang='lat' dir='ltr'><strong>lacis</strong></span> <span class='ocrx_word' id='word_1_287' title='bbox 666 1950 672 1961; x_wconf 88' lang='lat'><strong>,</strong></span> <span class='ocrx_word' id='word_1_288' title='bbox 684 1933 711 1957; x_wconf 87' lang='lat' dir='ltr'><strong>te</strong></span> <span class='ocrx_word' id='word_1_289' title='bbox 729 1931 855 1965; x_wconf 87' lang='lat' dir='ltr'><strong>sequitur</strong></span> <span class='ocrx_word' id='word_1_290' title='bbox 869 1938 919 1965; x_wconf 92' lang='lat' dir='ltr'><strong>pro</strong></span> <span class='ocrx_word' id='word_1_291' title='bbox 931 1931 1030 1958; x_wconf 90' lang='lat' dir='ltr'><strong>volun-</strong></span> 
     </span>
    </p>
   </div>
   <div class='ocr_carea' id='block_1_43' title="bbox 242 1974 1030 2012">
    <p class='ocr_par' dir='ltr' id='par_1_43' title="bbox 242 1974 1030 2012">
     <span class='ocr_line' id='line_1_43' title="bbox 242 1974 1030 2012; baseline 0.005 -11"><span class='ocrx_word' id='word_1_292' title='bbox 242 1976 297 2002; x_wconf 79' lang='lat' dir='ltr'><strong>tate</strong></span> <span class='ocrx_word' id='word_1_293' title='bbox 311 1982 426 2002; x_wconf 83' lang='lat' dir='ltr'><strong>merces.</strong></span> <span class='ocrx_word' id='word_1_294' title='bbox 444 1974 471 2002; x_wconf 92' lang='lat' dir='ltr'><strong>Si</strong></span> <span class='ocrx_word' id='word_1_295' title='bbox 497 1975 525 2002; x_wconf 88' lang='lat' dir='ltr'><strong>in</strong></span> <span class='ocrx_word' id='word_1_296' title='bbox 539 1976 650 2004; x_wconf 88' lang='lat' dir='ltr'><strong>nomine</strong></span> <span class='ocrx_word' id='word_1_297' title='bbox 662 1984 694 2004; x_wconf 88' lang='lat' dir='ltr'><strong>ac</strong></span> <span class='ocrx_word' id='word_1_298' title='bbox 714 1978 812 2004; x_wconf 88' lang='lat' dir='ltr'><strong>timore</strong></span> <span class='ocrx_word' id='word_1_299' title='bbox 828 1977 887 2009; x_wconf 86' lang='lat' dir='ltr'><strong>Dei,</strong></span> <span class='ocrx_word' id='word_1_300' title='bbox 908 1978 1030 2012; x_wconf 91' lang='lat' dir='ltr'><strong>splendi-</strong></span> 
     </span>
    </p>
   </div>
   <div class='ocr_carea' id='block_1_44' title="bbox 241 2019 1030 2057">
    <p class='ocr_par' dir='ltr' id='par_1_44' title="bbox 241 2019 1030 2057">
     <span class='ocr_line' id='line_1_44' title="bbox 241 2019 1030 2057; baseline 0.005 -10"><span class='ocrx_word' id='word_1_301' title='bbox 241 2019 308 2048; x_wconf 90' lang='lat' dir='ltr'><strong>dum</strong></span> <span class='ocrx_word' id='word_1_302' title='bbox 320 2025 403 2055; x_wconf 89' lang='lat' dir='ltr'><strong>atque</strong></span> <span class='ocrx_word' id='word_1_303' title='bbox 415 2021 594 2050; x_wconf 88' lang='lat' dir='ltr'><strong>inamissibile</strong></span> <span class='ocrx_word' id='word_1_304' title='bbox 607 2023 719 2051; x_wconf 88' lang='lat' dir='ltr'><strong>advenit</strong></span> <span class='ocrx_word' id='word_1_305' title='bbox 731 2023 848 2057; x_wconf 84' lang='lat' dir='ltr'><strong>donum;</strong></span> <span class='ocrx_word' id='word_1_306' title='bbox 863 2023 905 2050; x_wconf 91' lang='lat' dir='ltr'><strong>sin</strong></span> <span class='ocrx_word' id='word_1_307' title='bbox 916 2032 982 2052; x_wconf 89' lang='lat' dir='ltr'><strong>vero</strong></span> <span class='ocrx_word' id='word_1_308' title='bbox 996 2024 1030 2052; x_wconf 81' lang='lat' dir='ltr'><strong>ad</strong></span> 
     </span>
    </p>
   </div>
   <div class='ocr_carea' id='block_1_45' title="bbox 241 2065 1030 2104">
    <p class='ocr_par' dir='ltr' id='par_1_45' title="bbox 241 2065 1030 2104">
     <span class='ocr_line' id='line_1_45' title="bbox 241 2065 1030 2104; baseline 0.008 -13"><span class='ocrx_word' id='word_1_309' title='bbox 241 2065 453 2093; x_wconf 85' lang='lat' dir='ltr'><strong>ostentationem</strong></span> <span class='ocrx_word' id='word_1_310' title='bbox 476 2071 504 2094; x_wconf 90' lang='lat' dir='ltr'><strong>et</strong></span> <span class='ocrx_word' id='word_1_311' title='bbox 533 2067 648 2102; x_wconf 79' lang='lat' dir='ltr'><strong>gloriam</strong></span> <span class='ocrx_word' id='word_1_312' title='bbox 674 2068 829 2102; x_wconf 84' lang='lat' dir='ltr'><strong>hominum,</strong></span> <span class='ocrx_word' id='word_1_313' title='bbox 856 2069 920 2096; x_wconf 88' lang='lat' dir='ltr'><strong>audi</strong></span> <span class='ocrx_word' id='word_1_314' title='bbox 940 2069 1030 2104; x_wconf 85' lang='lat' dir='ltr'><strong>ipsum</strong></span> 
     </span>
    </p>
   </div>
   <div class='ocr_carea' id='block_1_46' title="bbox 241 2109 1030 2150">
    <p class='ocr_par' dir='ltr' id='par_1_46' title="bbox 241 2109 1030 2150">
     <span class='ocr_line' id='line_1_46' title="bbox 241 2109 1030 2150; baseline 0.009 -15"><span class='ocrx_word' id='word_1_315' title='bbox 241 2109 388 2137; x_wconf 88' lang='lat' dir='ltr'><strong>Dominum</strong></span> <span class='ocrx_word' id='word_1_316' title='bbox 411 2111 560 2138; x_wconf 87' lang='lat' dir='ltr'><strong>iurantem:</strong></span> <span class='ocrx_word' id='word_1_317' title='bbox 575 2113 660 2139; x_wconf 79' lang='lat' dir='ltr'><strong>Amen</strong></span> <span class='ocrx_word' id='word_1_318' title='bbox 689 2114 747 2140; x_wconf 70' lang='lat' dir='ltr'><strong>dico</strong></span> <span class='ocrx_word' id='word_1_319' title='bbox 767 2114 852 2146; x_wconf 79' lang='lat' dir='ltr'><strong>vobis,</strong></span> <span class='ocrx_word' id='word_1_320' title='bbox 877 2119 1030 2150; x_wconf 82' lang='lat' dir='ltr'><strong>receperunt</strong></span> 
     </span>
    </p>
   </div>
   <div class='ocr_carea' id='block_1_47' title="bbox 241 2155 1030 2194">
    <p class='ocr_par' dir='ltr' id='par_1_47' title="bbox 241 2155 1030 2194">
     <span class='ocr_line' id='line_1_47' title="bbox 241 2155 1030 2194; baseline 0.009 -14"><span class='ocrx_word' id='word_1_321' title='bbox 241 2155 386 2182; x_wconf 82' lang='lat' dir='ltr'><strong>mercedem</strong></span> <span class='ocrx_word' id='word_1_322' title='bbox 401 2165 478 2183; x_wconf 71' lang='lat' dir='ltr'><strong>suam</strong></span> <span class='ocrx_word' id='word_1_323' title='bbox 491 2158 539 2193; x_wconf 80' lang='grc'><strong>(5).</strong></span> <span class='ocrx_word' id='word_1_324' title='bbox 549 2158 588 2186; x_wconf 85' lang='lat' dir='ltr'><strong>Ne</strong></span> <span class='ocrx_word' id='word_1_325' title='bbox 602 2158 685 2193; x_wconf 83' lang='lat' dir='ltr'><strong>igitur</strong></span> <span class='ocrx_word' id='word_1_326' title='bbox 693 2158 745 2186; x_wconf 91' lang='lat' dir='ltr'><strong>hoc</strong></span> <span class='ocrx_word' id='word_1_327' title='bbox 755 2159 902 2194; x_wconf 86' lang='lat' dir='ltr'><strong>patiamur,</strong></span> <span class='ocrx_word' id='word_1_328' title='bbox 919 2160 1030 2187; x_wconf 86' lang='lat' dir='ltr'><strong>mandat</strong></span> 
     </span>
    </p>
   </div>
   <div class='ocr_carea' id='block_1_48' title="bbox 241 2199 1029 2238">
    <p class='ocr_par' dir='ltr' id='par_1_48' title="bbox 241 2199 1029 2238">
     <span class='ocr_line' id='line_1_48' title="bbox 241 2199 1029 2238; baseline 0.01 -12"><span class='ocrx_word' id='word_1_329' title='bbox 241 2199 383 2236; x_wconf 87' lang='lat' dir='ltr'><strong>discipulis</strong></span> <span class='ocrx_word' id='word_1_330' title='bbox 394 2202 452 2229; x_wconf 87' lang='lat' dir='ltr'><strong>suis</strong></span> <span class='ocrx_word' id='word_1_331' title='bbox 468 2207 495 2230; x_wconf 90' lang='lat' dir='ltr'><strong>et</strong></span> <span class='ocrx_word' id='word_1_332' title='bbox 511 2203 590 2231; x_wconf 91' lang='lat' dir='ltr'><strong>nobis</strong></span> <span class='ocrx_word' id='word_1_333' title='bbox 607 2212 656 2238; x_wconf 90' lang='lat' dir='ltr'><strong>per</strong></span> <span class='ocrx_word' id='word_1_334' title='bbox 669 2204 747 2232; x_wconf 90' lang='lat' dir='ltr'><strong>illos:</strong></span> <span class='ocrx_word' id='word_1_335' title='bbox 766 2206 905 2233; x_wconf 79' lang='lat' dir='ltr'><strong>Attendite</strong></span> <span class='ocrx_word' id='word_1_336' title='bbox 916 2226 922 2238; x_wconf 91' lang='lat'><strong>,</strong></span> <span class='ocrx_word' id='word_1_337' title='bbox 938 2214 972 2233; x_wconf 89' lang='lat' dir='ltr'><strong>ne</strong></span> <span class='ocrx_word' id='word_1_338' title='bbox 986 2206 1029 2233; x_wconf 80' lang='lat' dir='ltr'><strong>fa-</strong></span> 
     </span>
    </p>
   </div>
   <div class='ocr_carea' id='block_1_49' title="bbox 1087 282 1874 319">
    <p class='ocr_par' dir='ltr' id='par_1_49' title="bbox 1087 282 1874 319">
     <span class='ocr_line' id='line_1_49' title="bbox 1087 282 1874 319; baseline 0.004 -10"><span class='ocrx_word' id='word_1_339' title='bbox 1087 284 1153 316; x_wconf 80' lang='grc' dir='ltr'>θοτς,</span> <span class='ocrx_word' id='word_1_340' title='bbox 1169 282 1246 318; x_wconf 81' lang='grc' dir='ltr'>ῦσρις</span> <span class='ocrx_word' id='word_1_341' title='bbox 1269 284 1344 310; x_wconf 80' lang='grc' dir='ltr'>πᾶσα</span> <span class='ocrx_word' id='word_1_342' title='bbox 1363 283 1410 310; x_wconf 80' lang='grc' dir='ltr'>καὶ</span> <span class='ocrx_word' id='word_1_343' title='bbox 1431 283 1563 318; x_wconf 81' lang='grc' dir='ltr'><strong>μάστιγες</strong></span> <span class='ocrx_word' id='word_1_344' title='bbox 1576 284 1624 311; x_wconf 83' lang='grc' dir='ltr'>καὶ</span> <span class='ocrx_word' id='word_1_345' title='bbox 1637 283 1752 319; x_wconf 73' lang='grc' dir='ltr'>διωγμοὶ</span> <span class='ocrx_word' id='word_1_346' title='bbox 1773 285 1821 312; x_wconf 74' lang='grc' dir='ltr'>καὶ</span> <span class='ocrx_word' id='word_1_347' title='bbox 1839 286 1874 313; x_wconf 81' lang='grc' dir='ltr'>τὰ</span> 
     </span>
    </p>
   </div>
   <div class='ocr_carea' id='block_1_50' title="bbox 1086 327 1875 364">
    <p class='ocr_par' dir='ltr' id='par_1_50' title="bbox 1086 327 1875 364">
     <span class='ocr_line' id='line_1_50' title="bbox 1086 327 1875 364; baseline 0.005 -10"><span class='ocrx_word' id='word_1_348' title='bbox 1086 328 1167 355; x_wconf 84' lang='grc' dir='ltr'>λοιπά</span> <span class='ocrx_word' id='word_1_349' title='bbox 1176 328 1249 364; x_wconf 77' lang='grc' dir='ltr'>πάθη</span> <span class='ocrx_word' id='word_1_350' title='bbox 1265 328 1345 364; x_wconf 79' lang='grc' dir='ltr'>μέχρι</span> <span class='ocrx_word' id='word_1_351' title='bbox 1358 327 1405 355; x_wconf 86' lang='grc' dir='ltr'><strong>τοῦ</strong></span> <span class='ocrx_word' id='word_1_352' title='bbox 1419 328 1537 364; x_wconf 74' lang='grc' dir='ltr'>σταυροῦ</span> <span class='ocrx_word' id='word_1_353' title='bbox 1550 329 1638 355; x_wconf 79' lang='grc' dir='ltr'>πάντα</span> <span class='ocrx_word' id='word_1_354' title='bbox 1650 329 1739 364; x_wconf 83' lang='grc' dir='ltr'>τρυφὴ</span> <span class='ocrx_word' id='word_1_355' title='bbox 1752 330 1799 357; x_wconf 79' lang='grc' dir='ltr'><strong>καὶ</strong></span> <span class='ocrx_word' id='word_1_356' title='bbox 1812 331 1875 358; x_wconf 89' lang='grc' dir='ltr'>ἀνά-</span> 
     </span>
    </p>
   </div>
   <div class='ocr_carea' id='block_1_51' title="bbox 1087 374 1874 410">
    <p class='ocr_par' dir='ltr' id='par_1_51' title="bbox 1087 374 1874 410">
     <span class='ocr_line' id='line_1_51' title="bbox 1087 374 1874 410; baseline 0.003 -9"><span class='ocrx_word' id='word_1_357' title='bbox 1087 383 1187 406; x_wconf 67' lang='grc' dir='ltr'>παυσις</span> <span class='ocrx_word' id='word_1_358' title='bbox 1200 375 1247 401; x_wconf 76' lang='grc' dir='ltr'>καὶ</span> <span class='ocrx_word' id='word_1_359' title='bbox 1261 374 1315 401; x_wconf 85' lang='grc' dir='ltr'>τῶν</span> <span class='ocrx_word' id='word_1_360' title='bbox 1328 374 1461 409; x_wconf 80' lang='grc' dir='ltr'>οὐρανίων</span> <span class='ocrx_word' id='word_1_361' title='bbox 1475 374 1591 410; x_wconf 72' lang='grc' dir='ltr'>ἐνέχυρα</span> <span class='ocrx_word' id='word_1_362' title='bbox 1603 374 1746 410; x_wconf 83' lang='grc' dir='ltr'><strong>θησαυρῶν</strong></span> <span class='ocrx_word' id='word_1_363' title='bbox 1756 383 1763 391; x_wconf 92' lang='grc'><strong>·</strong></span> <span class='ocrx_word' id='word_1_364' title='bbox 1779 376 1874 410; x_wconf 53' lang='lat' dir='ltr'><strong>[iuxti-</strong></span> 
     </span>
    </p>
   </div>
   <div class='ocr_carea' id='block_1_52' title="bbox 1082 420 1875 456">
    <p class='ocr_par' dir='ltr' id='par_1_52' title="bbox 1082 420 1875 456">
     <span class='ocr_line' id='line_1_52' title="bbox 1082 420 1875 456; baseline 0.003 -9"><span class='ocrx_word' id='word_1_365' title='bbox 1082 429 1143 455; x_wconf 77' lang='lat' dir='ltr'><strong>plot</strong></span> <span class='ocrx_word' id='word_1_366' title='bbox 1156 421 1213 456; x_wconf 84' lang='grc' dir='ltr'><strong>γάρ</strong></span> <span class='ocrx_word' id='word_1_367' title='bbox 1227 421 1307 452; x_wconf 79' lang='grc' dir='ltr'>ἐστε,</span> <span class='ocrx_word' id='word_1_368' title='bbox 1321 420 1402 455; x_wconf 86' lang='grc' dir='ltr'>φησιν</span> <span class='ocrx_word' id='word_1_369' title='bbox 1413 441 1420 453; x_wconf 87' lang='grc'><strong>,</strong></span> <span class='ocrx_word' id='word_1_370' title='bbox 1434 420 1506 447; x_wconf 83' lang='grc' dir='ltr'>ὅταν</span> <span class='ocrx_word' id='word_1_371' title='bbox 1522 421 1713 448; x_wconf 75' lang='grc' dir='ltr'><strong>ὀνειδίσωσιν</strong></span> <span class='ocrx_word' id='word_1_372' title='bbox 1731 421 1809 456; x_wconf 84' lang='grc' dir='ltr'>ὑμᾶς</span> <span class='ocrx_word' id='word_1_373' title='bbox 1825 423 1875 449; x_wconf 79' lang='grc' dir='ltr'><strong>και</strong></span> 
     </span>
    </p>
   </div>
   <div class='ocr_carea' id='block_1_53' title="bbox 1086 467 1876 502">
    <p class='ocr_par' dir='ltr' id='par_1_53' title="bbox 1086 467 1876 502">
     <span class='ocr_line' id='line_1_53' title="bbox 1086 467 1876 502; baseline 0.001 -8"><span class='ocrx_word' id='word_1_374' title='bbox 1086 467 1214 500; x_wconf 81' lang='grc' dir='ltr'>διώξωσι</span> <span class='ocrx_word' id='word_1_375' title='bbox 1230 467 1330 499; x_wconf 79' lang='grc' dir='ltr'>πάντες</span> <span class='ocrx_word' id='word_1_376' title='bbox 1351 468 1377 493; x_wconf 80' lang='grc' dir='ltr'>οἱ</span> <span class='ocrx_word' id='word_1_377' title='bbox 1391 467 1540 502; x_wconf 77' lang='grc' dir='ltr'>ἄνθρωποι.</span> <span class='ocrx_word' id='word_1_378' title='bbox 1558 467 1607 493; x_wconf 76' lang='grc' dir='ltr'>καὶ</span> <span class='ocrx_word' id='word_1_379' title='bbox 1622 468 1728 494; x_wconf 68' lang='lat' dir='ltr'><strong>almum</strong></span> <span class='ocrx_word' id='word_1_380' title='bbox 1742 467 1804 494; x_wconf 77' lang='grc' dir='ltr'>πᾶν</span> <span class='ocrx_word' id='word_1_381' title='bbox 1822 476 1876 495; x_wconf 77' lang='grc' dir='ltr'><strong>πο-</strong></span> 
     </span>
    </p>
   </div>
   <div class='ocr_carea' id='block_1_54' title="bbox 1085 513 1875 549">
    <p class='ocr_par' dir='ltr' id='par_1_54' title="bbox 1085 513 1875 549">
     <span class='ocr_line' id='line_1_54' title="bbox 1085 513 1875 549; baseline 0.001 -9"><span class='ocrx_word' id='word_1_382' title='bbox 1085 514 1180 548; x_wconf 79' lang='grc' dir='ltr'>νηρὸν</span> <span class='ocrx_word' id='word_1_383' title='bbox 1201 513 1284 548; x_wconf 79' lang='grc' dir='ltr'>ῥῆμα</span> <span class='ocrx_word' id='word_1_384' title='bbox 1317 514 1382 541; x_wconf 77' lang='grc' dir='ltr'>καθ’</span> <span class='ocrx_word' id='word_1_385' title='bbox 1408 513 1507 548; x_wconf 80' lang='grc' dir='ltr'>ὑμῶν,</span> <span class='ocrx_word' id='word_1_386' title='bbox 1535 513 1745 549; x_wconf 59' lang='grc' dir='ltr'>ψευδόμεήοι,</span> <span class='ocrx_word' id='word_1_387' title='bbox 1771 514 1875 541; x_wconf 77' lang='grc' dir='ltr'><strong>ἕνεκεν</strong></span> 
     </span>
    </p>
   </div>
   <div class='ocr_carea' id='block_1_55' title="bbox 1085 557 1874 594">
    <p class='ocr_par' dir='ltr' id='par_1_55' title="bbox 1085 557 1874 594">
     <span class='ocr_line' id='line_1_55' title="bbox 1085 557 1874 594; baseline -0.001 -8"><span class='ocrx_word' id='word_1_388' title='bbox 1085 559 1172 594; x_wconf 61' lang='lat' dir='ltr'><strong>eluci)</strong></span> <span class='ocrx_word' id='word_1_389' title='bbox 1191 560 1212 594; x_wconf 90' lang='grc'><strong>¹)</strong></span> <span class='ocrx_word' id='word_1_390' title='bbox 1222 566 1230 574; x_wconf 89' lang='grc'><strong>·</strong></span> <span class='ocrx_word' id='word_1_391' title='bbox 1243 559 1360 594; x_wconf 76' lang='grc' dir='ltr'><strong>χαίρετε</strong></span> <span class='ocrx_word' id='word_1_392' title='bbox 1371 559 1392 591; x_wconf 88' lang='grc'><strong>¹)</strong></span> <span class='ocrx_word' id='word_1_393' title='bbox 1408 558 1457 585; x_wconf 74' lang='grc' dir='ltr'>καὶ</span> <span class='ocrx_word' id='word_1_394' title='bbox 1472 557 1724 593; x_wconf 73' lang='grc' dir='ltr'>ἀγολλιᾶσθε,ὂτι</span> <span class='ocrx_word' id='word_1_395' title='bbox 1739 560 1755 586; x_wconf 82' lang='lat' dir='ltr'><strong>d</strong></span> <span class='ocrx_word' id='word_1_396' title='bbox 1763 559 1874 593; x_wconf 84' lang='grc' dir='ltr'>μισθὸς</span> 
     </span>
    </p>
   </div>
   <div class='ocr_carea' id='block_1_56' title="bbox 1085 603 1872 638">
    <p class='ocr_par' dir='ltr' id='par_1_56' title="bbox 1085 603 1872 638">
     <span class='ocr_line' id='line_1_56' title="bbox 1085 603 1872 638; baseline -0.001 -7"><span class='ocrx_word' id='word_1_397' title='bbox 1085 603 1170 638; x_wconf 73' lang='grc' dir='ltr'>ὑμῶν·</span> <span class='ocrx_word' id='word_1_398' title='bbox 1188 603 1286 636; x_wconf 70' lang='grc' dir='ltr'>πολὺς</span> <span class='ocrx_word' id='word_1_399' title='bbox 1303 604 1338 630; x_wconf 77' lang='grc' dir='ltr'><strong>ἐν</strong></span> <span class='ocrx_word' id='word_1_400' title='bbox 1356 603 1418 636; x_wconf 80' lang='grc' dir='ltr'>τοῖς</span> <span class='ocrx_word' id='word_1_401' title='bbox 1434 603 1582 638; x_wconf 80' lang='grc' dir='ltr'><strong>οὐρανοῖς.</strong></span> <span class='ocrx_word' id='word_1_402' title='bbox 1604 604 1650 630; x_wconf 73' lang='grc' dir='ltr'>καὶ</span> <span class='ocrx_word' id='word_1_403' title='bbox 1670 604 1684 630; x_wconf 81' lang='grc' dir='ltr'><strong>ό</strong></span> <span class='ocrx_word' id='word_1_404' title='bbox 1706 604 1872 636; x_wconf 51' lang='grc' dir='ltr'>ἀπόστολος</span> 
     </span>
    </p>
   </div>
   <div class='ocr_carea' id='block_1_57' title="bbox 1085 647 1874 683">
    <p class='ocr_par' dir='ltr' id='par_1_57' title="bbox 1085 647 1874 683">
     <span class='ocr_line' id='line_1_57' title="bbox 1085 647 1874 683; baseline 0 -7"><span class='ocrx_word' id='word_1_405' title='bbox 1085 650 1122 676; x_wconf 88' lang='grc' dir='ltr'>οὐ</span> <span class='ocrx_word' id='word_1_406' title='bbox 1131 650 1228 683; x_wconf 82' lang='grc' dir='ltr'>μόνον</span> <span class='ocrx_word' id='word_1_407' title='bbox 1240 648 1274 676; x_wconf 82' lang='grc' dir='ltr'>δέ</span> <span class='ocrx_word' id='word_1_408' title='bbox 1285 669 1292 680; x_wconf 83' lang='grc'><em>.</em></span> <span class='ocrx_word' id='word_1_409' title='bbox 1307 649 1387 676; x_wconf 69' lang='grc' dir='ltr'>ἀλλὰ</span> <span class='ocrx_word' id='word_1_410' title='bbox 1403 648 1452 675; x_wconf 76' lang='grc' dir='ltr'>καὶ</span> <span class='ocrx_word' id='word_1_411' title='bbox 1474 647 1660 683; x_wconf 77' lang='grc' dir='ltr'><strong>καυχώμενοι</strong></span> <span class='ocrx_word' id='word_1_412' title='bbox 1674 649 1709 675; x_wconf 76' lang='grc' dir='ltr'>ἐν</span> <span class='ocrx_word' id='word_1_413' title='bbox 1722 649 1788 682; x_wconf 79' lang='grc' dir='ltr'>τοῖς</span> <span class='ocrx_word' id='word_1_414' title='bbox 1809 649 1874 676; x_wconf 79' lang='grc' dir='ltr'><strong>θλί-</strong></span> 
     </span>
    </p>
   </div>
   <div class='ocr_carea' id='block_1_58' title="bbox 1085 693 1874 731">
    <p class='ocr_par' dir='ltr' id='par_1_58' title="bbox 1085 693 1874 731">
     <span class='ocr_line' id='line_1_58' title="bbox 1085 693 1874 731; baseline 0.001 -9"><span class='ocrx_word' id='word_1_415' title='bbox 1085 696 1169 729; x_wconf 68' lang='grc' dir='ltr'>ψεσι.</span> <span class='ocrx_word' id='word_1_416' title='bbox 1192 696 1239 722; x_wconf 76' lang='grc' dir='ltr'>καὶ</span> <span class='ocrx_word' id='word_1_417' title='bbox 1261 695 1395 730; x_wconf 82' lang='grc' dir='ltr'><strong>ἀλλαχοῦ·</strong></span> <span class='ocrx_word' id='word_1_418' title='bbox 1420 694 1529 728; x_wconf 78' lang='grc' dir='ltr'>ἥδιστα</span> <span class='ocrx_word' id='word_1_419' title='bbox 1548 693 1605 723; x_wconf 86' lang='grc' dir='ltr'><strong>οὖν</strong></span> <span class='ocrx_word' id='word_1_420' title='bbox 1628 695 1820 731; x_wconf 80' lang='grc' dir='ltr'><strong>καυχήσομαι</strong></span> <span class='ocrx_word' id='word_1_421' title='bbox 1839 696 1874 723; x_wconf 78' lang='grc' dir='ltr'><strong>ἐν</strong></span> 
     </span>
    </p>
   </div>
   <div class='ocr_carea' id='block_1_59' title="bbox 1085 741 1872 776">
    <p class='ocr_par' dir='ltr' id='par_1_59' title="bbox 1085 741 1872 776">
     <span class='ocr_line' id='line_1_59' title="bbox 1085 741 1872 776; baseline 0.001 -9"><span class='ocrx_word' id='word_1_422' title='bbox 1085 741 1150 774; x_wconf 80' lang='grc' dir='ltr'>τοῖς</span> <span class='ocrx_word' id='word_1_423' title='bbox 1163 741 1332 773; x_wconf 76' lang='grc' dir='ltr'><strong>ἀσθενείαις</strong></span> <span class='ocrx_word' id='word_1_424' title='bbox 1350 749 1425 776; x_wconf 83' lang='grc' dir='ltr'><strong>μου,</strong></span> <span class='ocrx_word' id='word_1_425' title='bbox 1443 741 1494 768; x_wconf 80' lang='grc' dir='ltr'><strong>ἵνα</strong></span> <span class='ocrx_word' id='word_1_426' title='bbox 1506 741 1702 775; x_wconf 79' lang='grc' dir='ltr'><strong>ἐπισκηνώσῃ</strong></span> <span class='ocrx_word' id='word_1_427' title='bbox 1718 741 1764 768; x_wconf 78' lang='grc' dir='ltr'><strong>ἐπ’</strong></span> <span class='ocrx_word' id='word_1_428' title='bbox 1782 741 1834 776; x_wconf 77' lang='grc' dir='ltr'><strong>ἐμὲ</strong></span> <span class='ocrx_word' id='word_1_429' title='bbox 1851 742 1872 776; x_wconf 81' lang='grc' dir='ltr'><strong><em>ἠ</em></strong></span> 
     </span>
    </p>
   </div>
   <div class='ocr_carea' id='block_1_60' title="bbox 1085 785 1872 820">
    <p class='ocr_par' dir='ltr' id='par_1_60' title="bbox 1085 785 1872 820">
     <span class='ocr_line' id='line_1_60' title="bbox 1085 785 1872 820; baseline 0.001 -8"><span class='ocrx_word' id='word_1_430' title='bbox 1085 786 1210 820; x_wconf 82' lang='grc' dir='ltr'>δύναμις</span> <span class='ocrx_word' id='word_1_431' title='bbox 1221 786 1273 813; x_wconf 83' lang='grc' dir='ltr'><strong>τοῦ</strong></span> <span class='ocrx_word' id='word_1_432' title='bbox 1291 786 1435 820; x_wconf 79' lang='grc' dir='ltr'>Χριστοῦ·</span> <span class='ocrx_word' id='word_1_433' title='bbox 1450 785 1496 812; x_wconf 85' lang='grc' dir='ltr'>διὸ</span> <span class='ocrx_word' id='word_1_434' title='bbox 1509 785 1622 813; x_wconf 73' lang='grc' dir='ltr'>εὐδοκῶ</span> <span class='ocrx_word' id='word_1_435' title='bbox 1637 786 1672 812; x_wconf 83' lang='grc' dir='ltr'><strong>ἐν</strong></span> <span class='ocrx_word' id='word_1_436' title='bbox 1689 786 1872 819; x_wconf 78' lang='grc' dir='ltr'>ἀσθενείαις,</span> 
     </span>
    </p>
   </div>
   <div class='ocr_carea' id='block_1_61' title="bbox 1085 831 1874 867">
    <p class='ocr_par' dir='ltr' id='par_1_61' title="bbox 1085 831 1874 867">
     <span class='ocr_line' id='line_1_61' title="bbox 1085 831 1874 867; baseline -0.001 -8"><span class='ocrx_word' id='word_1_437' title='bbox 1085 833 1120 860; x_wconf 75' lang='grc' dir='ltr'>ἐν</span> <span class='ocrx_word' id='word_1_438' title='bbox 1129 833 1267 867; x_wconf 78' lang='grc' dir='ltr'>ὕϐρεσιν,</span> <span class='ocrx_word' id='word_1_439' title='bbox 1281 832 1317 860; x_wconf 79' lang='grc' dir='ltr'><strong>ἐν</strong></span> <span class='ocrx_word' id='word_1_440' title='bbox 1332 832 1489 867; x_wconf 75' lang='grc' dir='ltr'>ἀνάγκαις.</span> <span class='ocrx_word' id='word_1_441' title='bbox 1504 832 1540 859; x_wconf 83' lang='grc' dir='ltr'><strong>ἐν</strong></span> <span class='ocrx_word' id='word_1_442' title='bbox 1549 831 1711 866; x_wconf 72' lang='grc' dir='ltr'>φυλακαῖςο</span> <span class='ocrx_word' id='word_1_443' title='bbox 1728 831 1802 858; x_wconf 79' lang='grc' dir='ltr'>ὅταν</span> <span class='ocrx_word' id='word_1_444' title='bbox 1817 831 1874 866; x_wconf 71' lang='grc' dir='ltr'>γὰρ</span> 
     </span>
    </p>
   </div>
   <div class='ocr_carea' id='block_1_62' title="bbox 1085 877 1873 912">
    <p class='ocr_par' dir='ltr' id='par_1_62' title="bbox 1085 877 1873 912">
     <span class='ocr_line' id='line_1_62' title="bbox 1085 877 1873 912; baseline 0 -7"><span class='ocrx_word' id='word_1_445' title='bbox 1085 878 1216 907; x_wconf 73' lang='grc' dir='ltr'><strong>ἀσθενῶ.</strong></span> <span class='ocrx_word' id='word_1_446' title='bbox 1233 878 1298 905; x_wconf 74' lang='grc' dir='ltr'>τότε</span> <span class='ocrx_word' id='word_1_447' title='bbox 1319 877 1451 911; x_wconf 79' lang='grc' dir='ltr'>δυνατός</span> <span class='ocrx_word' id='word_1_448' title='bbox 1471 879 1540 912; x_wconf 73' lang='grc' dir='ltr'>εἰμι.</span> <span class='ocrx_word' id='word_1_449' title='bbox 1559 877 1607 904; x_wconf 78' lang='grc' dir='ltr'>καὶ</span> <span class='ocrx_word' id='word_1_450' title='bbox 1629 877 1723 904; x_wconf 84' lang='grc' dir='ltr'>πάλιν·</span> <span class='ocrx_word' id='word_1_451' title='bbox 1740 878 1781 910; x_wconf 85' lang='grc' dir='ltr'>ὡς</span> <span class='ocrx_word' id='word_1_452' title='bbox 1802 877 1873 905; x_wconf 72' lang='grc' dir='ltr'>θεοῦ</span> 
     </span>
    </p>
   </div>
   <div class='ocr_carea' id='block_1_63' title="bbox 1052 923 1871 959">
    <p class='ocr_par' dir='ltr' id='par_1_63' title="bbox 1052 923 1871 959">
     <span class='ocr_line' id='line_1_63' title="bbox 1052 923 1871 959; baseline -0.001 -8"><span class='ocrx_word' id='word_1_453' title='bbox 1052 924 1071 950; x_wconf 79' lang='grc' dir='ltr'><strong><em>Β</em></strong></span> <span class='ocrx_word' id='word_1_454' title='bbox 1083 924 1217 951; x_wconf 80' lang='grc' dir='ltr'>διάκονοι</span> <span class='ocrx_word' id='word_1_455' title='bbox 1231 924 1266 951; x_wconf 79' lang='grc' dir='ltr'><strong>ἐν</strong></span> <span class='ocrx_word' id='word_1_456' title='bbox 1278 923 1416 959; x_wconf 73' lang='grc' dir='ltr'>ὑπομονῇ</span> <span class='ocrx_word' id='word_1_457' title='bbox 1428 923 1540 957; x_wconf 74' lang='grc' dir='ltr'><strong>πολλῇ.</strong></span> <span class='ocrx_word' id='word_1_458' title='bbox 1554 923 1624 958; x_wconf 87' lang='grc' dir='ltr'>α’ύτη</span> <span class='ocrx_word' id='word_1_459' title='bbox 1637 923 1691 959; x_wconf 81' lang='grc' dir='ltr'><strong>γὰρ</strong></span> <span class='ocrx_word' id='word_1_460' title='bbox 1704 924 1720 959; x_wconf 87' lang='grc' dir='ltr'><strong>ἠ</strong></span> <span class='ocrx_word' id='word_1_461' title='bbox 1735 924 1815 959; x_wconf 83' lang='grc' dir='ltr'>χάρις</span> <span class='ocrx_word' id='word_1_462' title='bbox 1825 923 1871 950; x_wconf 91' lang='grc' dir='ltr'><strong>τοῦ</strong></span> 
     </span>
    </p>
   </div>
   <div class='ocr_carea' id='block_1_64' title="bbox 1082 968 1871 1005">
    <p class='ocr_par' dir='ltr' id='par_1_64' title="bbox 1082 968 1871 1005">
     <span class='ocr_line' id='line_1_64' title="bbox 1082 968 1871 1005; baseline 0 -9"><span class='ocrx_word' id='word_1_463' title='bbox 1082 970 1236 1005; x_wconf 66' lang='grc' dir='ltr'>πνεύματος</span> <span class='ocrx_word' id='word_1_464' title='bbox 1249 969 1313 1004; x_wconf 83' lang='grc' dir='ltr'>ὃλην</span> <span class='ocrx_word' id='word_1_465' title='bbox 1328 969 1502 1004; x_wconf 76' lang='grc' dir='ltr'><strong>κατασχοῦσα</strong></span> <span class='ocrx_word' id='word_1_466' title='bbox 1523 969 1572 1004; x_wconf 85' lang='grc' dir='ltr'>τὴν</span> <span class='ocrx_word' id='word_1_467' title='bbox 1586 968 1675 1004; x_wconf 78' lang='grc' dir='ltr'>ψυχὴν</span> <span class='ocrx_word' id='word_1_468' title='bbox 1690 969 1738 995; x_wconf 76' lang='grc' dir='ltr'>καὶ</span> <span class='ocrx_word' id='word_1_469' title='bbox 1758 969 1871 1005; x_wconf 83' lang='grc' dir='ltr'>πληρώ-</span> 
     </span>
    </p>
   </div>
   <div class='ocr_carea' id='block_1_65' title="bbox 1083 1014 1870 1050">
    <p class='ocr_par' dir='ltr' id='par_1_65' title="bbox 1083 1014 1870 1050">
     <span class='ocr_line' id='line_1_65' title="bbox 1083 1014 1870 1050; baseline 0 -9"><span class='ocrx_word' id='word_1_470' title='bbox 1083 1023 1152 1042; x_wconf 82' lang='grc' dir='ltr'>σασα</span> <span class='ocrx_word' id='word_1_471' title='bbox 1165 1015 1196 1041; x_wconf 79' lang='grc' dir='ltr'>τὸ</span> <span class='ocrx_word' id='word_1_472' title='bbox 1208 1015 1363 1050; x_wconf 79' lang='grc' dir='ltr'><strong>οἰκητήριον</strong></span> <span class='ocrx_word' id='word_1_473' title='bbox 1373 1015 1423 1050; x_wconf 85' lang='grc' dir='ltr'>τῆς</span> <span class='ocrx_word' id='word_1_474' title='bbox 1433 1014 1600 1050; x_wconf 79' lang='grc' dir='ltr'>εὐφροσύνης</span> <span class='ocrx_word' id='word_1_475' title='bbox 1615 1023 1645 1040; x_wconf 84' lang='grc' dir='ltr'><strong>τε</strong></span> <span class='ocrx_word' id='word_1_476' title='bbox 1661 1015 1707 1041; x_wconf 81' lang='grc' dir='ltr'>καὶ</span> <span class='ocrx_word' id='word_1_477' title='bbox 1718 1015 1870 1050; x_wconf 85' lang='grc' dir='ltr'>δυνάμεως,</span> 
     </span>
    </p>
   </div>
   <div class='ocr_carea' id='block_1_66' title="bbox 1082 1060 1871 1097">
    <p class='ocr_par' dir='ltr' id='par_1_66' title="bbox 1082 1060 1871 1097">
     <span class='ocr_line' id='line_1_66' title="bbox 1082 1060 1871 1097; baseline 0.001 -10"><span class='ocrx_word' id='word_1_478' title='bbox 1082 1061 1183 1096; x_wconf 81' lang='grc' dir='ltr'><strong>γλυκέα</strong></span> <span class='ocrx_word' id='word_1_479' title='bbox 1197 1061 1219 1094; x_wconf 87' lang='grc'><strong>³)</strong></span> <span class='ocrx_word' id='word_1_480' title='bbox 1235 1062 1307 1088; x_wconf 84' lang='grc' dir='ltr'>ποιεῖ</span> <span class='ocrx_word' id='word_1_481' title='bbox 1319 1062 1353 1097; x_wconf 84' lang='grc' dir='ltr'>τῇ</span> <span class='ocrx_word' id='word_1_482' title='bbox 1369 1061 1442 1096; x_wconf 81' lang='grc' dir='ltr'>ψυχῇ</span> <span class='ocrx_word' id='word_1_483' title='bbox 1466 1060 1501 1088; x_wconf 82' lang='grc' dir='ltr'><strong>τά</strong></span> <span class='ocrx_word' id='word_1_484' title='bbox 1516 1060 1563 1088; x_wconf 88' lang='grc' dir='ltr'><strong>τοῦ</strong></span> <span class='ocrx_word' id='word_1_485' title='bbox 1587 1060 1681 1096; x_wconf 80' lang='grc' dir='ltr'>κυρίου</span> <span class='ocrx_word' id='word_1_486' title='bbox 1704 1060 1871 1096; x_wconf 80' lang='grc' dir='ltr'>παθήματα,</span> 
     </span>
    </p>
   </div>
   <div class='ocr_carea' id='block_1_67' title="bbox 1082 1106 1873 1142">
    <p class='ocr_par' dir='ltr' id='par_1_67' title="bbox 1082 1106 1873 1142">
     <span class='ocr_line' id='line_1_67' title="bbox 1082 1106 1873 1142; baseline 0 -8"><span class='ocrx_word' id='word_1_487' title='bbox 1082 1109 1115 1142; x_wconf 80' lang='grc' dir='ltr'>τῇ</span> <span class='ocrx_word' id='word_1_488' title='bbox 1128 1106 1181 1133; x_wconf 83' lang='grc' dir='ltr'><strong>τῶν</strong></span> <span class='ocrx_word' id='word_1_489' title='bbox 1195 1106 1346 1142; x_wconf 77' lang='grc' dir='ltr'>μελλόντων</span> <span class='ocrx_word' id='word_1_490' title='bbox 1359 1107 1445 1133; x_wconf 73' lang='grc' dir='ltr'>ἑλπίδι</span> <span class='ocrx_word' id='word_1_491' title='bbox 1459 1107 1508 1141; x_wconf 84' lang='grc' dir='ltr'>τῆς</span> <span class='ocrx_word' id='word_1_492' title='bbox 1533 1106 1672 1142; x_wconf 81' lang='grc' dir='ltr'>παρούσης</span> <span class='ocrx_word' id='word_1_493' title='bbox 1685 1106 1780 1142; x_wconf 80' lang='grc' dir='ltr'><strong>ὀδύνης</strong></span> <span class='ocrx_word' id='word_1_494' title='bbox 1793 1107 1873 1140; x_wconf 83' lang='grc' dir='ltr'>ἀφαι-</span> 
     </span>
    </p>
   </div>
   <div class='ocr_carea' id='block_1_68' title="bbox 1083 1149 1872 1189">
    <p class='ocr_par' dir='ltr' id='par_1_68' title="bbox 1083 1149 1872 1189">
     <span class='ocr_line' id='line_1_68' title="bbox 1083 1149 1872 1189; baseline -0.003 -9"><span class='ocrx_word' id='word_1_495' title='bbox 1083 1152 1168 1189; x_wconf 86' lang='grc' dir='ltr'>ροῦσά</span> <span class='ocrx_word' id='word_1_496' title='bbox 1179 1153 1229 1188; x_wconf 83' lang='grc' dir='ltr'>τὴν</span> <span class='ocrx_word' id='word_1_497' title='bbox 1243 1152 1379 1186; x_wconf 72' lang='grc' dir='ltr'>αἴσθησιν.</span> <span class='ocrx_word' id='word_1_498' title='bbox 1394 1152 1433 1184; x_wconf 85' lang='grc' dir='ltr'><strong>ὡς</strong></span> <span class='ocrx_word' id='word_1_499' title='bbox 1446 1149 1493 1179; x_wconf 82' lang='lat' dir='ltr'><strong>06v</strong></span> <span class='ocrx_word' id='word_1_500' title='bbox 1511 1152 1553 1186; x_wconf 69' lang='grc' dir='ltr'><strong>ἐφ’</strong></span> <span class='ocrx_word' id='word_1_501' title='bbox 1564 1151 1652 1183; x_wconf 74' lang='grc' dir='ltr'>οὕτως</span> <span class='ocrx_word' id='word_1_502' title='bbox 1667 1151 1772 1186; x_wconf 74' lang='grc' dir='ltr'>ὑψηλὴν</span> <span class='ocrx_word' id='word_1_503' title='bbox 1789 1151 1810 1187; x_wconf 75' lang='grc'><strong>⁸)</strong></span> <span class='ocrx_word' id='word_1_504' title='bbox 1825 1151 1872 1178; x_wconf 86' lang='grc' dir='ltr'>δύ-</span> 
     </span>
    </p>
   </div>
   <div class='ocr_carea' id='block_1_69' title="bbox 1082 1195 1871 1233">
    <p class='ocr_par' dir='ltr' id='par_1_69' title="bbox 1082 1195 1871 1233">
     <span class='ocr_line' id='line_1_69' title="bbox 1082 1195 1871 1233; baseline -0.001 -9"><span class='ocrx_word' id='word_1_505' title='bbox 1082 1206 1163 1233; x_wconf 86' lang='grc' dir='ltr'>ναμιν</span> <span class='ocrx_word' id='word_1_506' title='bbox 1176 1197 1223 1224; x_wconf 80' lang='grc' dir='ltr'>καὶ</span> <span class='ocrx_word' id='word_1_507' title='bbox 1238 1196 1316 1229; x_wconf 79' lang='grc' dir='ltr'>δόξαν</span> <span class='ocrx_word' id='word_1_508' title='bbox 1333 1197 1474 1232; x_wconf 77' lang='grc' dir='ltr'>μέλλοντες</span> <span class='ocrx_word' id='word_1_509' title='bbox 1495 1197 1601 1224; x_wconf 79' lang='grc' dir='ltr'>ἀνιέναι</span> <span class='ocrx_word' id='word_1_510' title='bbox 1616 1197 1649 1232; x_wconf 83' lang='grc' dir='ltr'>τῇ</span> <span class='ocrx_word' id='word_1_511' title='bbox 1663 1195 1808 1232; x_wconf 82' lang='grc' dir='ltr'>συνεργείᾳ</span> <span class='ocrx_word' id='word_1_512' title='bbox 1823 1197 1871 1223; x_wconf 84' lang='grc' dir='ltr'><strong>τοῦ</strong></span> 
     </span>
    </p>
   </div>
   <div class='ocr_carea' id='block_1_70' title="bbox 1082 1241 1871 1279">
    <p class='ocr_par' dir='ltr' id='par_1_70' title="bbox 1082 1241 1871 1279">
     <span class='ocr_line' id='line_1_70' title="bbox 1082 1241 1871 1279; baseline 0 -8"><span class='ocrx_word' id='word_1_513' title='bbox 1082 1243 1252 1279; x_wconf 84' lang='grc' dir='ltr'>πνεύματος,</span> <span class='ocrx_word' id='word_1_514' title='bbox 1269 1242 1368 1279; x_wconf 73' lang='grc' dir='ltr'>ομητω</span> <span class='ocrx_word' id='word_1_515' title='bbox 1393 1242 1568 1269; x_wconf 79' lang='grc' dir='ltr'><strong>πολιτεύεσθε</strong></span> <span class='ocrx_word' id='word_1_516' title='bbox 1589 1241 1636 1277; x_wconf 80' lang='grc'><strong>¹),’</strong></span> <span class='ocrx_word' id='word_1_517' title='bbox 1653 1241 1768 1278; x_wconf 80' lang='grc' dir='ltr'>πάντ[α]</span> <span class='ocrx_word' id='word_1_518' title='bbox 1790 1242 1871 1271; x_wconf 75' lang='grc' dir='ltr'>πόνον</span> 
     </span>
    </p>
   </div>
   <div class='ocr_carea' id='block_1_71' title="bbox 1082 1287 1872 1325">
    <p class='ocr_par' dir='ltr' id='par_1_71' title="bbox 1082 1287 1872 1325">
     <span class='ocr_line' id='line_1_71' title="bbox 1082 1287 1872 1325; baseline 0 -9"><span class='ocrx_word' id='word_1_519' title='bbox 1082 1290 1129 1316; x_wconf 77' lang='grc' dir='ltr'>καὶ</span> <span class='ocrx_word' id='word_1_520' title='bbox 1151 1289 1245 1323; x_wconf 86' lang='grc' dir='ltr'>ἀγῶνα</span> <span class='ocrx_word' id='word_1_521' title='bbox 1269 1288 1361 1325; x_wconf 85' lang='grc' dir='ltr'>με[τὰ]</span> <span class='ocrx_word' id='word_1_522' title='bbox 1386 1287 1498 1324; x_wconf 74' lang='grc' dir='ltr'>χαίρᾶ]ς</span> <span class='ocrx_word' id='word_1_523' title='bbox 1524 1288 1721 1323; x_wconf 81' lang='grc' dir='ltr'>ὑφιστάμενοι,</span> <span class='ocrx_word' id='word_1_524' title='bbox 1740 1289 1808 1324; x_wconf 81' lang='grc' dir='ltr'>πρὸς</span> <span class='ocrx_word' id='word_1_525' title='bbox 1829 1288 1872 1324; x_wconf 72' lang='grc' dir='ltr'>[τὸ</span> 
     </span>
    </p>
   </div>
   <div class='ocr_carea' id='block_1_72' title="bbox 1082 1333 1869 1371">
    <p class='ocr_par' dir='ltr' id='par_1_72' title="bbox 1082 1333 1869 1371">
     <span class='ocr_line' id='line_1_72' title="bbox 1082 1333 1869 1371; baseline -0.003 -9"><span class='ocrx_word' id='word_1_526' title='bbox 1082 1334 1165 1371; x_wconf 55' lang='lat' dir='ltr'><strong>ﬁdat</strong></span> <span class='ocrx_word' id='word_1_527' title='bbox 1178 1335 1297 1370; x_wconf 82' lang='grc' dir='ltr'>φανῆναι</span> <span class='ocrx_word' id='word_1_528' title='bbox 1308 1334 1370 1370; x_wconf 82' lang='grc' dir='ltr'>τῆ[ς</span> <span class='ocrx_word' id='word_1_529' title='bbox 1385 1333 1426 1370; x_wconf 82' lang='grc' dir='ltr'><strong>ὲ]ν</strong></span> <span class='ocrx_word' id='word_1_530' title='bbox 1443 1335 1509 1369; x_wconf 77' lang='grc' dir='ltr'>ἡμῖν</span> <span class='ocrx_word' id='word_1_531' title='bbox 1521 1334 1669 1369; x_wconf 76' lang='grc' dir='ltr'>ἐπιδημίας</span> <span class='ocrx_word' id='word_1_532' title='bbox 1683 1333 1731 1360; x_wconf 83' lang='grc' dir='ltr'><strong>τοῦ</strong></span> <span class='ocrx_word' id='word_1_533' title='bbox 1744 1333 1869 1369; x_wconf 85' lang='grc' dir='ltr'>πνεύμα-</span> 
     </span>
    </p>
   </div>
   <div class='ocr_carea' id='block_1_73' title="bbox 1081 1377 1872 1415">
    <p class='ocr_par' dir='ltr' id='par_1_73' title="bbox 1081 1377 1872 1415">
     <span class='ocr_line' id='line_1_73' title="bbox 1081 1377 1872 1415; baseline -0.004 -7"><span class='ocrx_word' id='word_1_534' title='bbox 1081 1389 1137 1412; x_wconf 78' lang='grc' dir='ltr'>τος,</span> <span class='ocrx_word' id='word_1_535' title='bbox 1154 1380 1202 1407; x_wconf 62' lang='grc' dir='ltr'>καὶ.</span> <span class='ocrx_word' id='word_1_536' title='bbox 1215 1380 1264 1415; x_wconf 86' lang='grc' dir='ltr'>τῆς</span> <span class='ocrx_word' id='word_1_537' title='bbox 1281 1380 1349 1414; x_wconf 83' lang='grc' dir='ltr'>μετὰ</span> <span class='ocrx_word' id='word_1_538' title='bbox 1362 1379 1409 1406; x_wconf 87' lang='grc' dir='ltr'><strong>τοῦ</strong></span> <span class='ocrx_word' id='word_1_539' title='bbox 1425 1378 1544 1414; x_wconf 81' lang='grc' dir='ltr'>Χριστοῦ</span> <span class='ocrx_word' id='word_1_540' title='bbox 1563 1377 1769 1414; x_wconf 83' lang='grc' dir='ltr'>κλη[ρονομιας]</span> <span class='ocrx_word' id='word_1_541' title='bbox 1784 1378 1805 1408; x_wconf 81' lang='grc'><strong>⁸)</strong></span> <span class='ocrx_word' id='word_1_542' title='bbox 1818 1387 1872 1414; x_wconf 86' lang='grc' dir='ltr'>μη-</span> 
     </span>
    </p>
   </div>
   <div class='ocr_carea' id='block_1_74' title="bbox 1081 1424 1869 1461">
    <p class='ocr_par' dir='ltr' id='par_1_74' title="bbox 1081 1424 1869 1461">
     <span class='ocr_line' id='line_1_74' title="bbox 1081 1424 1869 1461; baseline -0.003 -9"><span class='ocrx_word' id='word_1_543' title='bbox 1081 1425 1168 1461; x_wconf 80' lang='grc' dir='ltr'>δαμοῦ</span> <span class='ocrx_word' id='word_1_544' title='bbox 1182 1425 1370 1461; x_wconf 83' lang='grc' dir='ltr'>χαυνούμενοι,</span> <span class='ocrx_word' id='word_1_545' title='bbox 1388 1424 1456 1460; x_wconf 81' lang='grc' dir='ltr'>μηδὲ</span> <span class='ocrx_word' id='word_1_546' title='bbox 1473 1424 1630 1459; x_wconf 72' lang='grc' dir='ltr'>ἐκλυόμενοι</span> <span class='ocrx_word' id='word_1_547' title='bbox 1647 1424 1701 1451; x_wconf 79' lang='grc' dir='ltr'>ἀπὸ</span> <span class='ocrx_word' id='word_1_548' title='bbox 1715 1424 1869 1460; x_wconf 75' lang='grc' dir='ltr'>ραθυμῐας,</span> 
     </span>
    </p>
   </div>
   <div class='ocr_carea' id='block_1_75' title="bbox 1082 1470 1870 1507">
    <p class='ocr_par' dir='ltr' id='par_1_75' title="bbox 1082 1470 1870 1507">
     <span class='ocr_line' id='line_1_75' title="bbox 1082 1470 1870 1507; baseline -0.003 -9"><span class='ocrx_word' id='word_1_549' title='bbox 1082 1472 1150 1507; x_wconf 74' lang='grc' dir='ltr'>πρδς</span> <span class='ocrx_word' id='word_1_550' title='bbox 1160 1471 1190 1498; x_wconf 81' lang='grc' dir='ltr'>τὸ</span> <span class='ocrx_word' id='word_1_551' title='bbox 1211 1471 1279 1506; x_wconf 86' lang='grc' dir='ltr'>μήτε</span> <span class='ocrx_word' id='word_1_552' title='bbox 1290 1471 1366 1497; x_wconf 79' lang='grc' dir='ltr'>αὐτοὶ</span> <span class='ocrx_word' id='word_1_553' title='bbox 1382 1471 1491 1502; x_wconf 79' lang='grc' dir='ltr'>πεσεῖν,</span> <span class='ocrx_word' id='word_1_554' title='bbox 1513 1471 1582 1505; x_wconf 86' lang='grc' dir='ltr'>μήτε</span> <span class='ocrx_word' id='word_1_555' title='bbox 1598 1471 1655 1502; x_wconf 81' lang='grc' dir='ltr'>τοῖς</span> <span class='ocrx_word' id='word_1_556' title='bbox 1675 1470 1766 1502; x_wconf 81' lang='grc' dir='ltr'>ἄλλοις</span> <span class='ocrx_word' id='word_1_557' title='bbox 1787 1470 1870 1497; x_wconf 75' lang='grc' dir='ltr'>αἴτιοι</span> 
     </span>
    </p>
   </div>
   <div class='ocr_carea' id='block_1_76' title="bbox 1081 1516 1872 1553">
    <p class='ocr_par' dir='ltr' id='par_1_76' title="bbox 1081 1516 1872 1553">
     <span class='ocr_line' id='line_1_76' title="bbox 1081 1516 1872 1553; baseline -0.003 -8"><span class='ocrx_word' id='word_1_558' title='bbox 1081 1518 1129 1545; x_wconf 87' lang='grc' dir='ltr'><strong>τοῦ</strong></span> <span class='ocrx_word' id='word_1_559' title='bbox 1148 1518 1316 1553; x_wconf 76' lang='grc' dir='ltr'>ἁμαρτάνειν</span> <span class='ocrx_word' id='word_1_560' title='bbox 1333 1517 1470 1551; x_wconf 83' lang='grc' dir='ltr'>γενέσθαι.</span> <span class='ocrx_word' id='word_1_561' title='bbox 1491 1517 1515 1544; x_wconf 83' lang='grc' dir='ltr'><strong>ει</strong></span> <span class='ocrx_word' id='word_1_562' title='bbox 1527 1516 1556 1544; x_wconf 68' lang='grc' dir='ltr'>δέ</span> <span class='ocrx_word' id='word_1_563' title='bbox 1573 1525 1646 1549; x_wconf 88' lang='grc' dir='ltr'>τινες</span> <span class='ocrx_word' id='word_1_564' title='bbox 1661 1517 1745 1552; x_wconf 74' lang='grc' dir='ltr'>μήπω</span> <span class='ocrx_word' id='word_1_565' title='bbox 1762 1516 1808 1543; x_wconf 84' lang='grc' dir='ltr'><strong>τδν</strong></span> <span class='ocrx_word' id='word_1_566' title='bbox 1820 1516 1872 1552; x_wconf 85' lang='grc' dir='ltr'><strong>τῆς</strong></span> 
     </span>
    </p>
   </div>
   <div class='ocr_carea' id='block_1_77' title="bbox 1082 1563 1872 1600">
    <p class='ocr_par' dir='ltr' id='par_1_77' title="bbox 1082 1563 1872 1600">
     <span class='ocr_line' id='line_1_77' title="bbox 1082 1563 1872 1600; baseline -0.003 -9"><span class='ocrx_word' id='word_1_567' title='bbox 1082 1564 1170 1600; x_wconf 86' lang='grc' dir='ltr'>ἀκρας</span> <span class='ocrx_word' id='word_1_568' title='bbox 1189 1564 1273 1599; x_wconf 82' lang='grc' dir='ltr'>εὐχῆς</span> <span class='ocrx_word' id='word_1_569' title='bbox 1298 1563 1405 1598; x_wconf 76' lang='grc' dir='ltr'>εχοντες</span> <span class='ocrx_word' id='word_1_570' title='bbox 1424 1563 1519 1595; x_wconf 83' lang='grc' dir='ltr'>τόνον,</span> <span class='ocrx_word' id='word_1_571' title='bbox 1542 1563 1610 1599; x_wconf 65' lang='grc' dir='ltr'>μηδὲ</span> <span class='ocrx_word' id='word_1_572' title='bbox 1627 1563 1677 1599; x_wconf 83' lang='grc' dir='ltr'>τὴν</span> <span class='ocrx_word' id='word_1_573' title='bbox 1692 1563 1872 1598; x_wconf 75' lang='grc' dir='ltr'>ὀφειλομένην</span> 
     </span>
    </p>
   </div>
   <div class='ocr_carea' id='block_1_78' title="bbox 1081 1609 1870 1646">
    <p class='ocr_par' dir='ltr' id='par_1_78' title="bbox 1081 1609 1870 1646">
     <span class='ocr_line' id='line_1_78' title="bbox 1081 1609 1870 1646; baseline -0.003 -9"><span class='ocrx_word' id='word_1_574' title='bbox 1081 1610 1120 1646; x_wconf 81' lang='grc' dir='ltr'>τῷ</span> <span class='ocrx_word' id='word_1_575' title='bbox 1135 1610 1275 1645; x_wconf 75' lang='grc' dir='ltr'>πράγματι</span> <span class='ocrx_word' id='word_1_576' title='bbox 1295 1609 1412 1645; x_wconf 85' lang='grc' dir='ltr'>σπουδὴν</span> <span class='ocrx_word' id='word_1_577' title='bbox 1424 1618 1454 1636; x_wconf 77' lang='grc' dir='ltr'><strong>τε</strong></span> <span class='ocrx_word' id='word_1_578' title='bbox 1468 1609 1516 1636; x_wconf 81' lang='grc' dir='ltr'>καὶ</span> <span class='ocrx_word' id='word_1_579' title='bbox 1526 1609 1650 1644; x_wconf 84' lang='grc' dir='ltr'>δύναμιν,</span> <span class='ocrx_word' id='word_1_580' title='bbox 1663 1609 1870 1644; x_wconf 79' lang='grc' dir='ltr'>ἀπολιμπάνον-</span> 
     </span>
    </p>
   </div>
   <div class='ocr_carea' id='block_1_79' title="bbox 1081 1654 1870 1692">
    <p class='ocr_par' dir='ltr' id='par_1_79' title="bbox 1081 1654 1870 1692">
     <span class='ocr_line' id='line_1_79' title="bbox 1081 1654 1870 1692; baseline -0.001 -9"><span class='ocrx_word' id='word_1_581' title='bbox 1081 1665 1125 1684; x_wconf 83' lang='grc' dir='ltr'><strong>ται</strong></span> <span class='ocrx_word' id='word_1_582' title='bbox 1139 1656 1240 1692; x_wconf 78' lang='grc' dir='ltr'><strong>ταύτης</strong></span> <span class='ocrx_word' id='word_1_583' title='bbox 1255 1656 1304 1691; x_wconf 79' lang='grc' dir='ltr'>τῆς</span> <span class='ocrx_word' id='word_1_584' title='bbox 1324 1656 1435 1691; x_wconf 80' lang='grc' dir='ltr'>ἀρετῆς,</span> <span class='ocrx_word' id='word_1_585' title='bbox 1452 1656 1482 1682; x_wconf 78' lang='grc' dir='ltr'>ὲν</span> <span class='ocrx_word' id='word_1_586' title='bbox 1495 1655 1552 1687; x_wconf 88' lang='grc' dir='ltr'>τοῖς</span> <span class='ocrx_word' id='word_1_587' title='bbox 1564 1655 1656 1687; x_wconf 76' lang='grc' dir='ltr'>ἄλλοις</span> <span class='ocrx_word' id='word_1_588' title='bbox 1673 1654 1870 1690; x_wconf 79' lang='grc' dir='ltr'>πληρούτωσαν</span> 
     </span>
    </p>
   </div>
   <div class='ocr_carea' id='block_1_80' title="bbox 1080 1699 1871 1738">
    <p class='ocr_par' dir='ltr' id='par_1_80' title="bbox 1080 1699 1871 1738">
     <span class='ocr_line' id='line_1_80' title="bbox 1080 1699 1871 1738; baseline -0.003 -9"><span class='ocrx_word' id='word_1_589' title='bbox 1080 1702 1129 1738; x_wconf 77' lang='grc' dir='ltr'>τὴν</span> <span class='ocrx_word' id='word_1_590' title='bbox 1144 1702 1278 1737; x_wconf 84' lang='grc' dir='ltr'>ὑπακοήν,</span> <span class='ocrx_word' id='word_1_591' title='bbox 1293 1701 1364 1729; x_wconf 85' lang='grc' dir='ltr'>κατὰ</span> <span class='ocrx_word' id='word_1_592' title='bbox 1381 1701 1496 1737; x_wconf 85' lang='grc' dir='ltr'>δύναμιν</span> <span class='ocrx_word' id='word_1_593' title='bbox 1510 1700 1706 1733; x_wconf 82' lang='grc' dir='ltr'>διακονοῦντες,</span> <span class='ocrx_word' id='word_1_594' title='bbox 1720 1699 1871 1736; x_wconf 82' lang='grc' dir='ltr'>προθύμως</span> 
     </span>
    </p>
   </div>
   <div class='ocr_carea' id='block_1_81' title="bbox 1081 1746 1871 1783">
    <p class='ocr_par' dir='ltr' id='par_1_81' title="bbox 1081 1746 1871 1783">
     <span class='ocr_line' id='line_1_81' title="bbox 1081 1746 1871 1783; baseline -0.001 -9"><span class='ocrx_word' id='word_1_595' title='bbox 1081 1748 1268 1783; x_wconf 73' lang='grc' dir='ltr'>ἐργαζόμενοι,</span> <span class='ocrx_word' id='word_1_596' title='bbox 1293 1747 1445 1779; x_wconf 82' lang='grc' dir='ltr'>σπουδαίως</span> <span class='ocrx_word' id='word_1_597' title='bbox 1467 1746 1664 1782; x_wconf 83' lang='grc' dir='ltr'>θεραπεύοντες</span> <span class='ocrx_word' id='word_1_598' title='bbox 1685 1746 1745 1782; x_wconf 81' lang='grc' dir='ltr'>μεθ’</span> <span class='ocrx_word' id='word_1_599' title='bbox 1760 1746 1871 1782; x_wconf 81' lang='grc' dir='ltr'><strong>ἡδονῆς,</strong></span> 
     </span>
    </p>
   </div>
   <div class='ocr_carea' id='block_1_82' title="bbox 1083 1792 1872 1830">
    <p class='ocr_par' dir='ltr' id='par_1_82' title="bbox 1083 1792 1872 1830">
     <span class='ocr_line' id='line_1_82' title="bbox 1083 1792 1872 1830; baseline -0.004 -9"><span class='ocrx_word' id='word_1_600' title='bbox 1083 1794 1120 1830; x_wconf 85' lang='grc' dir='ltr'>μὴ</span> <span class='ocrx_word' id='word_1_601' title='bbox 1145 1794 1192 1821; x_wconf 76' lang='grc' dir='ltr'><strong>ἐπὶ</strong></span> <span class='ocrx_word' id='word_1_602' title='bbox 1217 1793 1307 1829; x_wconf 84' lang='grc' dir='ltr'>μισθῷ</span> <span class='ocrx_word' id='word_1_603' title='bbox 1322 1793 1414 1828; x_wconf 82' lang='grc' dir='ltr'>τιμῆς,</span> <span class='ocrx_word' id='word_1_604' title='bbox 1436 1793 1504 1829; x_wconf 81' lang='grc' dir='ltr'>μηδὲ</span> <span class='ocrx_word' id='word_1_605' title='bbox 1525 1793 1574 1828; x_wconf 85' lang='grc' dir='ltr'>τῆς</span> <span class='ocrx_word' id='word_1_606' title='bbox 1596 1793 1770 1828; x_wconf 74' lang='grc' dir='ltr'>ἀνθρωπίνης</span> <span class='ocrx_word' id='word_1_607' title='bbox 1792 1792 1872 1827; x_wconf 78' lang='grc' dir='ltr'>δόξης</span> 
     </span>
    </p>
   </div>
   <div class='ocr_carea' id='block_1_83' title="bbox 1081 1838 1872 1876">
    <p class='ocr_par' dir='ltr' id='par_1_83' title="bbox 1081 1838 1872 1876">
     <span class='ocr_line' id='line_1_83' title="bbox 1081 1838 1872 1876; baseline -0.005 -8"><span class='ocrx_word' id='word_1_608' title='bbox 1081 1842 1171 1874; x_wconf 64' lang='grc' dir='ltr'>ἕνεκα,</span> <span class='ocrx_word' id='word_1_609' title='bbox 1199 1841 1267 1876; x_wconf 66' lang='grc' dir='ltr'>μηδὲ</span> <span class='ocrx_word' id='word_1_610' title='bbox 1289 1840 1435 1871; x_wconf 68' lang='grc' dir='ltr'>ἐνδιδόντες</span> <span class='ocrx_word' id='word_1_611' title='bbox 1457 1839 1510 1866; x_wconf 58' lang='lat' dir='ltr'><strong>om</strong></span> <span class='ocrx_word' id='word_1_612' title='bbox 1533 1839 1670 1874; x_wconf 79' lang='grc' dir='ltr'>μαλακίας</span> <span class='ocrx_word' id='word_1_613' title='bbox 1693 1839 1712 1875; x_wconf 72' lang='grc' dir='ltr'><strong>ἢ</strong></span> <span class='ocrx_word' id='word_1_614' title='bbox 1735 1838 1872 1874; x_wconf 80' lang='grc' dir='ltr'>ραθυμίας</span> 
     </span>
    </p>
   </div>
   <div class='ocr_carea' id='block_1_84' title="bbox 1080 1883 1872 1922">
    <p class='ocr_par' dir='ltr' id='par_1_84' title="bbox 1080 1883 1872 1922">
     <span class='ocr_line' id='line_1_84' title="bbox 1080 1883 1872 1922; baseline -0.005 -7"><span class='ocrx_word' id='word_1_615' title='bbox 1080 1889 1136 1920; x_wconf 78' lang='grc' dir='ltr'>τοῖς</span> <span class='ocrx_word' id='word_1_616' title='bbox 1153 1887 1254 1919; x_wconf 76' lang='grc' dir='ltr'>πόνοις,</span> <span class='ocrx_word' id='word_1_617' title='bbox 1274 1887 1342 1922; x_wconf 81' lang='grc' dir='ltr'>μηδὲ</span> <span class='ocrx_word' id='word_1_618' title='bbox 1356 1886 1394 1918; x_wconf 86' lang='grc' dir='ltr'>ὡς</span> <span class='ocrx_word' id='word_1_619' title='bbox 1407 1885 1558 1921; x_wconf 79' lang='grc' dir='ltr'>ἀλλοτρίοις</span> <span class='ocrx_word' id='word_1_620' title='bbox 1578 1884 1686 1920; x_wconf 86' lang='grc' dir='ltr'>σώμασι</span> <span class='ocrx_word' id='word_1_621' title='bbox 1707 1884 1754 1912; x_wconf 79' lang='grc' dir='ltr'>καὶ</span> <span class='ocrx_word' id='word_1_622' title='bbox 1770 1883 1872 1919; x_wconf 73' lang='grc' dir='ltr'>ψυχαῖς</span> 
     </span>
    </p>
   </div>
   <div class='ocr_carea' id='block_1_85' title="bbox 1081 1930 1872 1969">
    <p class='ocr_par' dir='ltr' id='par_1_85' title="bbox 1081 1930 1872 1969">
     <span class='ocr_line' id='line_1_85' title="bbox 1081 1930 1872 1969; baseline -0.005 -9"><span class='ocrx_word' id='word_1_623' title='bbox 1081 1933 1297 1969; x_wconf 85' lang='grc' dir='ltr'>ύπηρετούμενοι</span> <span class='ocrx_word' id='word_1_624' title='bbox 1309 1953 1316 1964; x_wconf 87' lang='grc'><em>,</em></span> <span class='ocrx_word' id='word_1_625' title='bbox 1330 1932 1388 1960; x_wconf 81' lang='grc' dir='ltr'>ἀλλ’</span> <span class='ocrx_word' id='word_1_626' title='bbox 1403 1932 1441 1964; x_wconf 84' lang='grc' dir='ltr'><strong>ὡς</strong></span> <span class='ocrx_word' id='word_1_627' title='bbox 1455 1931 1574 1968; x_wconf 82' lang='grc' dir='ltr'>Χριστοῦ</span> <span class='ocrx_word' id='word_1_628' title='bbox 1589 1931 1704 1963; x_wconf 85' lang='grc' dir='ltr'>δούλοις,</span> <span class='ocrx_word' id='word_1_629' title='bbox 1719 1930 1757 1962; x_wconf 84' lang='grc' dir='ltr'><strong>ὡς</strong></span> <span class='ocrx_word' id='word_1_630' title='bbox 1772 1930 1872 1966; x_wconf 81' lang='grc' dir='ltr'>ἡμετέ-</span> 
     </span>
    </p>
   </div>
   <div class='ocr_carea' id='block_1_86' title="bbox 1081 1975 1872 2015">
    <p class='ocr_par' dir='ltr' id='par_1_86' title="bbox 1081 1975 1872 2015">
     <span class='ocr_line' id='line_1_86' title="bbox 1081 1975 1872 2015; baseline -0.004 -10"><span class='ocrx_word' id='word_1_631' title='bbox 1081 1987 1139 2015; x_wconf 87' lang='grc' dir='ltr'>ροις</span> <span class='ocrx_word' id='word_1_632' title='bbox 1151 1979 1173 2014; x_wconf 91' lang='grc'><strong>⁷)</strong></span> <span class='ocrx_word' id='word_1_633' title='bbox 1189 1978 1364 2014; x_wconf 85' lang='grc' dir='ltr'>σπλάγχνοις,</span> <span class='ocrx_word' id='word_1_634' title='bbox 1385 1978 1429 2004; x_wconf 82' lang='grc' dir='ltr'><strong>ἵνα</strong></span> <span class='ocrx_word' id='word_1_635' title='bbox 1452 1976 1571 2013; x_wconf 78' lang='grc' dir='ltr'>καθαρὸν</span> <span class='ocrx_word' id='word_1_636' title='bbox 1587 1977 1664 2012; x_wconf 84' lang='grc' dir='ltr'>ὑμῶν</span> <span class='ocrx_word' id='word_1_637' title='bbox 1676 1976 1708 2003; x_wconf 80' lang='grc' dir='ltr'>τὸ</span> <span class='ocrx_word' id='word_1_638' title='bbox 1728 1976 1808 2012; x_wconf 74' lang='grc' dir='ltr'>ἔργον</span> <span class='ocrx_word' id='word_1_639' title='bbox 1823 1975 1872 2002; x_wconf 78' lang='grc' dir='ltr'>καὶ</span> 
     </span>
    </p>
   </div>
   <div class='ocr_carea' id='block_1_87' title="bbox 1080 2022 1872 2061">
    <p class='ocr_par' dir='ltr' id='par_1_87' title="bbox 1080 2022 1872 2061">
     <span class='ocr_line' id='line_1_87' title="bbox 1080 2022 1872 2061; baseline -0.005 -8"><span class='ocrx_word' id='word_1_640' title='bbox 1080 2026 1172 2054; x_wconf 72' lang='grc' dir='ltr'>ἄδολον</span> <span class='ocrx_word' id='word_1_641' title='bbox 1190 2025 1332 2061; x_wconf 79' lang='grc' dir='ltr'>ἀποφανθῇ</span> <span class='ocrx_word' id='word_1_642' title='bbox 1350 2025 1389 2061; x_wconf 84' lang='grc' dir='ltr'>τῷ</span> <span class='ocrx_word' id='word_1_643' title='bbox 1405 2023 1471 2059; x_wconf 83' lang='grc' dir='ltr'>θεῷ.</span> <span class='ocrx_word' id='word_1_644' title='bbox 1492 2023 1705 2060; x_wconf 81' lang='grc' dir='ltr'>προφασιζέσθω</span> <span class='ocrx_word' id='word_1_645' title='bbox 1729 2023 1758 2050; x_wconf 76' lang='grc' dir='ltr'>δὲ</span> <span class='ocrx_word' id='word_1_646' title='bbox 1775 2022 1872 2058; x_wconf 73' lang='grc' dir='ltr'>μηδεὶς</span> 
     </span>
    </p>
   </div>
   <div class='ocr_carea' id='block_1_88' title="bbox 1080 2068 1872 2107">
    <p class='ocr_par' dir='ltr' id='par_1_88' title="bbox 1080 2068 1872 2107">
     <span class='ocr_line' id='line_1_88' title="bbox 1080 2068 1872 2107; baseline -0.001 -10"><span class='ocrx_word' id='word_1_647' title='bbox 1080 2071 1149 2107; x_wconf 77' lang='grc' dir='ltr'>πρὸς</span> <span class='ocrx_word' id='word_1_648' title='bbox 1168 2070 1259 2098; x_wconf 79' lang='grc' dir='ltr'>καλῶν</span> <span class='ocrx_word' id='word_1_649' title='bbox 1278 2070 1367 2105; x_wconf 72' lang='grc' dir='ltr'>ἔργων</span> <span class='ocrx_word' id='word_1_650' title='bbox 1388 2069 1519 2105; x_wconf 84' lang='grc' dir='ltr'>σπουδήν.</span> <span class='ocrx_word' id='word_1_651' title='bbox 1535 2070 1574 2101; x_wconf 84' lang='grc' dir='ltr'><strong>ὡς</strong></span> <span class='ocrx_word' id='word_1_652' title='bbox 1592 2068 1721 2101; x_wconf 85' lang='grc' dir='ltr'>ἀδύνατος</span> <span class='ocrx_word' id='word_1_653' title='bbox 1737 2068 1872 2096; x_wconf 73' lang='grc' dir='ltr'>ἐπιτελεῖν</span> 
     </span>
    </p>
   </div>
   <div class='ocr_carea' id='block_1_89' title="bbox 1079 2113 1871 2152">
    <p class='ocr_par' dir='ltr' id='par_1_89' title="bbox 1079 2113 1871 2152">
     <span class='ocr_line' id='line_1_89' title="bbox 1079 2113 1871 2152; baseline -0.004 -9"><span class='ocrx_word' id='word_1_654' title='bbox 1079 2117 1115 2143; x_wconf 82' lang='grc' dir='ltr'><strong>τά</strong></span> <span class='ocrx_word' id='word_1_655' title='bbox 1137 2116 1256 2149; x_wconf 81' lang='grc' dir='ltr'>σώζοντα</span> <span class='ocrx_word' id='word_1_656' title='bbox 1276 2116 1325 2152; x_wconf 82' lang='grc' dir='ltr'>τὴν</span> <span class='ocrx_word' id='word_1_657' title='bbox 1337 2115 1435 2151; x_wconf 83' lang='grc' dir='ltr'>ψυχήν.</span> <span class='ocrx_word' id='word_1_658' title='bbox 1457 2115 1518 2142; x_wconf 75' lang='grc' dir='ltr'>οὐδὲ</span> <span class='ocrx_word' id='word_1_659' title='bbox 1539 2115 1594 2151; x_wconf 84' lang='grc' dir='ltr'><strong>γὰρ</strong></span> <span class='ocrx_word' id='word_1_660' title='bbox 1617 2115 1632 2142; x_wconf 81' lang='grc' dir='ltr'><em>ὁ</em></span> <span class='ocrx_word' id='word_1_661' title='bbox 1657 2114 1717 2145; x_wconf 79' lang='grc' dir='ltr'>θεὸς</span> <span class='ocrx_word' id='word_1_662' title='bbox 1738 2113 1871 2141; x_wconf 85' lang='grc' dir='ltr'>ἀδύνατον</span> 
     </span>
    </p>
   </div>
   <div class='ocr_carea' id='block_1_90' title="bbox 1079 2160 1872 2196">
    <p class='ocr_par' dir='ltr' id='par_1_90' title="bbox 1079 2160 1872 2196">
     <span class='ocr_line' id='line_1_90' title="bbox 1079 2160 1872 2196; baseline -0.004 -7"><span class='ocrx_word' id='word_1_663' title='bbox 1079 2163 1217 2190; x_wconf 74' lang='grc' dir='ltr'>ἐπιτάττει</span> <span class='ocrx_word' id='word_1_664' title='bbox 1233 2163 1289 2194; x_wconf 82' lang='grc' dir='ltr'>τοῖς</span> <span class='ocrx_word' id='word_1_665' title='bbox 1309 2162 1422 2194; x_wconf 78' lang='grc' dir='ltr'>δούλοις,</span> <span class='ocrx_word' id='word_1_666' title='bbox 1436 2161 1494 2188; x_wconf 77' lang='grc' dir='ltr'>ἀλλ’</span> <span class='ocrx_word' id='word_1_667' title='bbox 1517 2161 1604 2193; x_wconf 77' lang='grc' dir='ltr'>οὕτως</span> <span class='ocrx_word' id='word_1_668' title='bbox 1619 2160 1807 2196; x_wconf 73' lang='grc' dir='ltr'>ὲκκεχυμένην</span> <span class='ocrx_word' id='word_1_669' title='bbox 1823 2160 1872 2186; x_wconf 72' lang='grc' dir='ltr'>καὶ</span> 
     </span>
    </p>
   </div>
   <div class='ocr_carea' id='block_1_91' title="bbox 1080 2205 1872 2243">
    <p class='ocr_par' dir='ltr' id='par_1_91' title="bbox 1080 2205 1872 2243">
     <span class='ocr_line' id='line_1_91' title="bbox 1080 2205 1872 2243; baseline -0.004 -8"><span class='ocrx_word' id='word_1_670' title='bbox 1080 2209 1210 2236; x_wconf 82' lang='grc' dir='ltr'>πλουσίαν</span> <span class='ocrx_word' id='word_1_671' title='bbox 1228 2208 1311 2240; x_wconf 74' lang='grc' dir='ltr'>ἔδειξε</span> <span class='ocrx_word' id='word_1_672' title='bbox 1328 2207 1378 2243; x_wconf 81' lang='grc' dir='ltr'>τὴν</span> <span class='ocrx_word' id='word_1_673' title='bbox 1389 2208 1500 2243; x_wconf 78' lang='grc' dir='ltr'>ἀγάπην</span> <span class='ocrx_word' id='word_1_674' title='bbox 1514 2207 1560 2234; x_wconf 73' lang='grc' dir='ltr'>καὶ</span> <span class='ocrx_word' id='word_1_675' title='bbox 1578 2206 1734 2242; x_wconf 84' lang='grc' dir='ltr'>άγαθότητα</span> <span class='ocrx_word' id='word_1_676' title='bbox 1746 2205 1796 2241; x_wconf 87' lang='grc' dir='ltr'>τῆς</span> <span class='ocrx_word' id='word_1_677' title='bbox 1811 2205 1872 2232; x_wconf 79' lang='grc' dir='ltr'><strong>0εὸ-</strong></span> 
     </span>
    </p>
   </div>
   <div class='ocr_carea' id='block_1_92' title="bbox 240 2246 1032 2290">
    <p class='ocr_par' dir='ltr' id='par_1_92' title="bbox 240 2246 1030 2280">
     <span class='ocr_line' id='line_1_92' title="bbox 240 2246 1030 2280; baseline 0.009 -7"><span class='ocrx_word' id='word_1_678' title='bbox 240 2246 320 2274; x_wconf 85' lang='lat' dir='ltr'><strong>ciatis</strong></span> <span class='ocrx_word' id='word_1_679' title='bbox 345 2248 562 2276; x_wconf 88' lang='lat' dir='ltr'><strong>misericordiam</strong></span> <span class='ocrx_word' id='word_1_680' title='bbox 586 2255 704 2278; x_wconf 85' lang='lat' dir='ltr'><strong>vestram</strong></span> <span class='ocrx_word' id='word_1_681' title='bbox 729 2256 778 2278; x_wconf 89' lang='lat' dir='ltr'><strong>aut</strong></span> <span class='ocrx_word' id='word_1_682' title='bbox 804 2252 956 2279; x_wconf 83' lang='lat' dir='ltr'><strong>orationem</strong></span> <span class='ocrx_word' id='word_1_683' title='bbox 982 2257 1030 2280; x_wconf 91' lang='lat' dir='ltr'><strong>aut</strong></span> 
     </span>
    </p>
   </div>
   <div class='ocr_carea' id='block_1_93' title="bbox 1081 2246 1872 2290">
    <p class='ocr_par' dir='ltr' id='par_1_93' title="bbox 1081 2251 1872 2290">
     <span class='ocr_line' id='line_1_93' title="bbox 1081 2251 1872 2290; baseline -0.004 -9"><span class='ocrx_word' id='word_1_684' title='bbox 1081 2263 1175 2290; x_wconf 80' lang='grc' dir='ltr'>τητος,</span> <span class='ocrx_word' id='word_1_685' title='bbox 1191 2255 1230 2286; x_wconf 86' lang='grc' dir='ltr'>ὡς</span> <span class='ocrx_word' id='word_1_686' title='bbox 1252 2253 1360 2287; x_wconf 80' lang='grc' dir='ltr'>ἑκάστῳ</span> <span class='ocrx_word' id='word_1_687' title='bbox 1380 2252 1452 2280; x_wconf 82' lang='grc' dir='ltr'>κατὰ</span> <span class='ocrx_word' id='word_1_688' title='bbox 1475 2253 1507 2280; x_wconf 83' lang='grc' dir='ltr'><strong>τὺ</strong></span> <span class='ocrx_word' id='word_1_689' title='bbox 1532 2252 1639 2287; x_wconf 81' lang='grc' dir='ltr'>θέλημα</span> <span class='ocrx_word' id='word_1_690' title='bbox 1663 2252 1817 2288; x_wconf 80' lang='grc' dir='ltr'>παρασχεῖν</span> <span class='ocrx_word' id='word_1_691' title='bbox 1839 2251 1872 2278; x_wconf 79' lang='grc' dir='ltr'>τὸ</span> 
     </span>
    </p>
   </div>
   <div class='ocr_carea' id='block_1_94' title="bbox 241 2291 1029 2333">
    <p class='ocr_par' dir='ltr' id='par_1_94' title="bbox 241 2291 1029 2333">
     <span class='ocr_line' id='line_1_94' title="bbox 241 2291 1029 2333; baseline 0.008 -14"><span class='ocrx_word' id='word_1_692' title='bbox 241 2291 375 2320; x_wconf 89' lang='lat' dir='ltr'><strong>ieiunium</strong></span> <span class='ocrx_word' id='word_1_693' title='bbox 391 2299 512 2322; x_wconf 88' lang='lat' dir='ltr'><strong>vestrum</strong></span> <span class='ocrx_word' id='word_1_694' title='bbox 529 2303 619 2324; x_wconf 88' lang='lat' dir='ltr'><strong>coram</strong></span> <span class='ocrx_word' id='word_1_695' title='bbox 638 2297 812 2331; x_wconf 86' lang='lat' dir='ltr'><strong>hominibus;</strong></span> <span class='ocrx_word' id='word_1_696' title='bbox 828 2298 946 2333; x_wconf 79' lang='lat' dir='ltr'><strong>alioquin</strong></span> <span class='ocrx_word' id='word_1_697' title='bbox 960 2307 1029 2325; x_wconf 84' lang='lat' dir='ltr'><strong>nter-</strong></span> 
     </span>
    </p>
   </div>
   <div class='ocr_carea' id='block_1_95' title="bbox 1082 2297 1872 2336">
    <p class='ocr_par' dir='ltr' id='par_1_95' title="bbox 1082 2297 1872 2336">
     <span class='ocr_line' id='line_1_95' title="bbox 1082 2297 1872 2336; baseline -0.005 -9"><span class='ocrx_word' id='word_1_698' title='bbox 1082 2300 1212 2336; x_wconf 81' lang='grc' dir='ltr'>πράττειν</span> <span class='ocrx_word' id='word_1_699' title='bbox 1226 2309 1252 2326; x_wconf 88' lang='grc' dir='ltr'><strong>τι</strong></span> <span class='ocrx_word' id='word_1_700' title='bbox 1266 2299 1397 2326; x_wconf 83' lang='grc' dir='ltr'>δύνασθαι</span> <span class='ocrx_word' id='word_1_701' title='bbox 1409 2298 1526 2334; x_wconf 82' lang='grc' dir='ltr'>ἀγαθόν,</span> <span class='ocrx_word' id='word_1_702' title='bbox 1538 2298 1586 2325; x_wconf 74' lang='grc' dir='ltr'>καὶ</span> <span class='ocrx_word' id='word_1_703' title='bbox 1601 2297 1703 2333; x_wconf 81' lang='grc' dir='ltr'>μηδένα</span> <span class='ocrx_word' id='word_1_704' title='bbox 1718 2297 1773 2324; x_wconf 82' lang='grc' dir='ltr'><strong>τῶν</strong></span> <span class='ocrx_word' id='word_1_705' title='bbox 1787 2305 1872 2323; x_wconf 76' lang='grc' dir='ltr'>σπου-</span> 
     </span>
    </p>
   </div>
   <div class='ocr_carea' id='block_1_96' title="bbox 240 2339 1032 2382">
    <p class='ocr_par' dir='ltr' id='par_1_96' title="bbox 240 2339 1030 2379">
     <span class='ocr_line' id='line_1_96' title="bbox 240 2339 1030 2379; baseline 0.008 -14"><span class='ocrx_word' id='word_1_706' title='bbox 240 2339 328 2366; x_wconf 82' lang='lat' dir='ltr'><strong>cedem</strong></span> <span class='ocrx_word' id='word_1_707' title='bbox 346 2348 398 2367; x_wconf 83' lang='lat' dir='ltr'><strong>non</strong></span> <span class='ocrx_word' id='word_1_708' title='bbox 414 2341 538 2369; x_wconf 72' lang='lat' dir='ltr'><strong>habebitis</strong></span> <span class='ocrx_word' id='word_1_709' title='bbox 564 2343 634 2378; x_wconf 85' lang='lat' dir='ltr'><strong>apud</strong></span> <span class='ocrx_word' id='word_1_710' title='bbox 659 2348 762 2378; x_wconf 83' lang='lat' dir='ltr'><strong>patrem</strong></span> <span class='ocrx_word' id='word_1_711' title='bbox 782 2348 908 2376; x_wconf 76' lang='lat' dir='ltr'><strong>vestrum,</strong></span> <span class='ocrx_word' id='word_1_712' title='bbox 930 2344 975 2379; x_wconf 73' lang='lat' dir='ltr'><strong>qui</strong></span> <span class='ocrx_word' id='word_1_713' title='bbox 1001 2345 1030 2371; x_wconf 82' lang='lat' dir='ltr'><strong>in</strong></span> 
     </span>
    </p>
   </div>
   <div class='ocr_carea' id='block_1_97' title="bbox 1081 2339 1869 2382">
    <p class='ocr_par' dir='ltr' id='par_1_97' title="bbox 1081 2342 1869 2382">
     <span class='ocr_line' id='line_1_97' title="bbox 1081 2342 1869 2382; baseline -0.006 -8"><span class='ocrx_word' id='word_1_714' title='bbox 1081 2346 1130 2382; x_wconf 84' lang='grc' dir='ltr'>δὴν</span> <span class='ocrx_word' id='word_1_715' title='bbox 1149 2347 1265 2382; x_wconf 78' lang='grc' dir='ltr'>ἐχόντων</span> <span class='ocrx_word' id='word_1_716' title='bbox 1280 2345 1399 2380; x_wconf 84' lang='grc' dir='ltr'>σωθῆναι</span> <span class='ocrx_word' id='word_1_717' title='bbox 1412 2345 1573 2380; x_wconf 86' lang='grc' dir='ltr'>διαμαρτεῖν</span> <span class='ocrx_word' id='word_1_718' title='bbox 1584 2344 1631 2371; x_wconf 84' lang='grc' dir='ltr'><strong>τοῦ</strong></span> <span class='ocrx_word' id='word_1_719' title='bbox 1643 2343 1788 2371; x_wconf 83' lang='grc' dir='ltr'>δύνασθαι·</span> <span class='ocrx_word' id='word_1_720' title='bbox 1802 2342 1836 2376; x_wconf 80' lang='grc' dir='ltr'>ὃς</span> <span class='ocrx_word' id='word_1_721' title='bbox 1846 2343 1869 2377; x_wconf 90' lang='grc'><strong>⁸)</strong></span> 
     </span>
    </p>
   </div>
   <div class='ocr_carea' id='block_1_98' title="bbox 240 2385 1032 2428">
    <p class='ocr_par' dir='ltr' id='par_1_98' title="bbox 240 2385 1030 2426">
     <span class='ocr_line' id='line_1_98' title="bbox 240 2385 1030 2426; baseline 0.009 -15"><span class='ocrx_word' id='word_1_722' title='bbox 240 2385 318 2412; x_wconf 77' lang='lat' dir='ltr'><strong>caelis</strong></span> <span class='ocrx_word' id='word_1_723' title='bbox 335 2390 373 2413; x_wconf 71' lang='lat' dir='ltr'><strong>est</strong></span> <span class='ocrx_word' id='word_1_724' title='bbox 393 2387 442 2423; x_wconf 86' lang='lat'><strong>(6).</strong></span> <span class='ocrx_word' id='word_1_725' title='bbox 466 2388 505 2416; x_wconf 81' lang='lat' dir='ltr'><strong>Ita</strong></span> <span class='ocrx_word' id='word_1_726' title='bbox 519 2389 660 2424; x_wconf 88' lang='lat' dir='ltr'><strong>despicere</strong></span> <span class='ocrx_word' id='word_1_727' title='bbox 683 2390 759 2418; x_wconf 90' lang='lat' dir='ltr'><strong>iubet</strong></span> <span class='ocrx_word' id='word_1_728' title='bbox 779 2395 861 2426; x_wconf 86' lang='lat' dir='ltr'><strong>atque</strong></span> <span class='ocrx_word' id='word_1_729' title='bbox 874 2391 968 2426; x_wconf 76' lang='lat' dir='ltr'><strong>fugere</strong></span> <span class='ocrx_word' id='word_1_730' title='bbox 980 2391 1030 2418; x_wconf 85' lang='lat' dir='ltr'><strong>hos</strong></span> 
     </span>
    </p>
   </div>
   <div class='ocr_carea' id='block_1_99' title="bbox 1081 2385 1873 2428">
    <p class='ocr_par' dir='ltr' id='par_1_99' title="bbox 1082 2389 1873 2428">
     <span class='ocr_line' id='line_1_99' title="bbox 1082 2389 1873 2428; baseline -0.005 -9"><span class='ocrx_word' id='word_1_731' title='bbox 1082 2392 1137 2425; x_wconf 79' lang='grc' dir='ltr'><strong>ἄν,</strong></span> <span class='ocrx_word' id='word_1_732' title='bbox 1159 2393 1239 2428; x_wconf 73' lang='grc' dir='ltr'>φησι,</span> <span class='ocrx_word' id='word_1_733' title='bbox 1262 2392 1374 2426; x_wconf 80' lang='grc' dir='ltr'>ποτίσῃ</span> <span class='ocrx_word' id='word_1_734' title='bbox 1399 2391 1544 2425; x_wconf 78' lang='grc' dir='ltr'>ποτήριον</span> <span class='ocrx_word' id='word_1_735' title='bbox 1559 2389 1679 2424; x_wconf 73' lang='grc' dir='ltr'>ψυχροῦ</span> <span class='ocrx_word' id='word_1_736' title='bbox 1699 2390 1811 2425; x_wconf 77' lang='grc' dir='ltr'>μόνον.</span> <span class='ocrx_word' id='word_1_737' title='bbox 1827 2390 1873 2420; x_wconf 81' lang='grc' dir='ltr'>εὶς</span> 
     </span>
    </p>
   </div>
   <div class='ocr_carea' id='block_1_100' title="bbox 240 2432 1032 2474">
    <p class='ocr_par' dir='ltr' id='par_1_100' title="bbox 240 2432 1031 2471">
     <span class='ocr_line' id='line_1_100' title="bbox 240 2432 1031 2471; baseline 0.006 -11"><span class='ocrx_word' id='word_1_738' title='bbox 240 2432 372 2460; x_wconf 86' lang='lat' dir='ltr'><strong>mortales</strong></span> <span class='ocrx_word' id='word_1_739' title='bbox 382 2434 595 2471; x_wconf 87' lang='lat' dir='ltr'><strong>mortaliumque</strong></span> <span class='ocrx_word' id='word_1_740' title='bbox 607 2436 712 2468; x_wconf 86' lang='lat' dir='ltr'><strong>laudes,</strong></span> <span class='ocrx_word' id='word_1_741' title='bbox 730 2441 759 2464; x_wconf 89' lang='lat' dir='ltr'><strong>et</strong></span> <span class='ocrx_word' id='word_1_742' title='bbox 774 2441 989 2465; x_wconf 85' lang='lat' dir='ltr'><strong>mareescentem</strong></span> <span class='ocrx_word' id='word_1_743' title='bbox 1003 2443 1031 2466; x_wconf 92' lang='lat' dir='ltr'><strong>et</strong></span> 
     </span>
    </p>
   </div>
   <div class='ocr_carea' id='block_1_101' title="bbox 1081 2432 1873 2474">
    <p class='ocr_par' dir='ltr' id='par_1_101' title="bbox 1082 2435 1873 2474">
     <span class='ocr_line' id='line_1_101' title="bbox 1082 2435 1873 2474; baseline -0.005 -8"><span class='ocrx_word' id='word_1_744' title='bbox 1082 2439 1177 2474; x_wconf 81' lang='grc' dir='ltr'>ὄνομα</span> <span class='ocrx_word' id='word_1_745' title='bbox 1187 2438 1338 2474; x_wconf 78' lang='grc' dir='ltr'>μαθητοῦ,</span> <span class='ocrx_word' id='word_1_746' title='bbox 1350 2438 1432 2473; x_wconf 80' lang='grc' dir='ltr'>ἀμὴν</span> <span class='ocrx_word' id='word_1_747' title='bbox 1444 2438 1521 2472; x_wconf 72' lang='grc' dir='ltr'>λέγω</span> <span class='ocrx_word' id='word_1_748' title='bbox 1531 2437 1613 2472; x_wconf 81' lang='grc' dir='ltr'>ὑμῖν,</span> <span class='ocrx_word' id='word_1_749' title='bbox 1624 2437 1661 2464; x_wconf 88' lang='grc' dir='ltr'><strong>οὑ</strong></span> <span class='ocrx_word' id='word_1_750' title='bbox 1670 2436 1714 2471; x_wconf 80' lang='grc' dir='ltr'>μὴ</span> <span class='ocrx_word' id='word_1_751' title='bbox 1726 2435 1873 2464; x_wconf 67' lang='grc' dir='ltr'>ἀπολέσει</span> 
     </span>
    </p>
   </div>
   <div class='ocr_carea' id='block_1_102' title="bbox 895 2505 1242 2536">
    <p class='ocr_par' dir='ltr' id='par_1_102' title="bbox 895 2505 1242 2536">
     <span class='ocr_line' id='line_1_102' title="bbox 895 2505 1242 2536; baseline 0.009 -3"><span class='ocrx_word' id='word_1_752' title='bbox 895 2505 1023 2533; x_wconf 72' lang='grc' dir='ltr'>νΑῐιιΑΕ</span> <span class='ocrx_word' id='word_1_753' title='bbox 1041 2505 1242 2536; x_wconf 76' lang='lat' dir='ltr'><strong>LECTIONES.</strong></span> 
     </span>
    </p>
   </div>
   <div class='ocr_carea' id='block_1_103' title="bbox 284 2560 1872 2603">
    <p class='ocr_par' dir='ltr' id='par_1_103' title="bbox 284 2560 1872 2603">
     <span class='ocr_line' id='line_1_103' title="bbox 284 2560 1872 2603; baseline 0.003 -16"><span class='ocrx_word' id='word_1_754' title='bbox 284 2560 434 2603; x_wconf 35' lang='lat' dir='ltr'><strong>&quot;)“Literae</strong></span> <span class='ocrx_word' id='word_1_755' title='bbox 454 2563 532 2591; x_wconf 89' lang='lat' dir='ltr'><strong>uncis</strong></span> <span class='ocrx_word' id='word_1_756' title='bbox 544 2563 684 2603; x_wconf 65' lang='lat' dir='ltr'><strong>inclusae,</strong></span> <span class='ocrx_word' id='word_1_757' title='bbox 703 2564 730 2591; x_wconf 91' lang='lat' dir='ltr'><strong>in</strong></span> <span class='ocrx_word' id='word_1_758' title='bbox 747 2563 842 2603; x_wconf 68' lang='lat' dir='ltr'><strong>codice</strong></span> <span class='ocrx_word' id='word_1_759' title='bbox 857 2563 952 2591; x_wconf 87' lang='lat' dir='ltr'><strong>blattis</strong></span> <span class='ocrx_word' id='word_1_760' title='bbox 970 2573 1070 2603; x_wconf 62' lang='lat' dir='ltr'><strong>paene_</strong></span> <span class='ocrx_word' id='word_1_761' title='bbox 1078 2566 1247 2603; x_wconf 61' lang='lat' dir='ltr'><strong>exstinctae,</strong></span> <span class='ocrx_word' id='word_1_762' title='bbox 1263 2567 1401 2603; x_wconf 88' lang='lat' dir='ltr'><strong>probabili</strong></span> <span class='ocrx_word' id='word_1_763' title='bbox 1421 2575 1436 2595; x_wconf 87' lang='lat' dir='ltr'><strong>a</strong></span> <span class='ocrx_word' id='word_1_764' title='bbox 1451 2566 1532 2594; x_wconf 79' lang='lat' dir='ltr'><strong>nobis</strong></span> <span class='ocrx_word' id='word_1_765' title='bbox 1542 2566 1712 2603; x_wconf 69' lang='lat' dir='ltr'><strong>_coniectur_a</strong></span> <span class='ocrx_word' id='word_1_766' title='bbox 1728 2566 1756 2603; x_wconf 88' lang='lat' dir='ltr'><strong>in</strong></span> <span class='ocrx_word' id='word_1_767' title='bbox 1765 2570 1872 2603; x_wconf 59' lang='lat' dir='ltr'><strong>tetgtum</strong></span> 
     </span>
    </p>
   </div>
   <div class='ocr_carea' id='block_1_104' title="bbox 242 2596 1873 2637">
    <p class='ocr_par' dir='ltr' id='par_1_104' title="bbox 242 2596 1873 2637">
     <span class='ocr_line' id='line_1_104' title="bbox 242 2596 1873 2637; baseline 0.002 -15"><span class='ocrx_word' id='word_1_768' title='bbox 242 2596 385 2637; x_wconf 66' lang='lat' dir='ltr'><strong>restitutae</strong></span> <span class='ocrx_word' id='word_1_769' title='bbox 415 2603 488 2637; x_wconf 64' lang='lat' dir='ltr'><strong>sunt.</strong></span> <span class='ocrx_word' id='word_1_770' title='bbox 507 2599 564 2637; x_wconf 54' lang='grc' dir='ltr'><strong>τ’)</strong></span> <span class='ocrx_word' id='word_1_771' title='bbox 575 2599 701 2637; x_wconf 81' lang='lat' dir='ltr'><strong>Et_nend._,</strong></span> <span class='ocrx_word' id='word_1_772' title='bbox 718 2599 778 2637; x_wconf 77' lang='lat' dir='ltr'><strong>eod.</strong></span> <span class='ocrx_word' id='word_1_773' title='bbox 796 2599 930 2637; x_wconf 68' lang='grc' dir='ltr'>χαίρεται.</span> <span class='ocrx_word' id='word_1_774' title='bbox 948 2596 1177 2637; x_wconf 32' lang='lat' dir='ltr'><strong>—1&quot;i_Emend.,</strong></span> <span class='ocrx_word' id='word_1_775' title='bbox 1198 2596 1272 2629; x_wconf 57' lang='lat' dir='ltr'><strong>cod.</strong></span> <span class='ocrx_word' id='word_1_776' title='bbox 1287 2603 1410 2636; x_wconf 77' lang='grc' dir='ltr'>γλυκεῖα.</span> <span class='ocrx_word' id='word_1_777' title='bbox 1437 2618 1472 2622; x_wconf 93' lang='grc'><strong>-</strong></span> <span class='ocrx_word' id='word_1_778' title='bbox 1485 2602 1506 2637; x_wconf 73' lang='grc'><strong>⁸)</strong></span> <span class='ocrx_word' id='word_1_779' title='bbox 1535 2601 1626 2633; x_wconf 87' lang='lat' dir='ltr'><strong>Coni.,</strong></span> <span class='ocrx_word' id='word_1_780' title='bbox 1653 2601 1714 2628; x_wconf 87' lang='lat' dir='ltr'><strong>cod.</strong></span> <span class='ocrx_word' id='word_1_781' title='bbox 1731 2602 1773 2635; x_wconf 73' lang='grc' dir='ltr'><strong>ἐφ’</strong></span> <span class='ocrx_word' id='word_1_782' title='bbox 1785 2600 1873 2632; x_wconf 80' lang='grc' dir='ltr'>οὕτως</span> 
     </span>
    </p>
   </div>
   <div class='ocr_carea' id='block_1_105' title="bbox 241 2630 1873 2671">
    <p class='ocr_par' dir='ltr' id='par_1_105' title="bbox 241 2630 1873 2671">
     <span class='ocr_line' id='line_1_105' title="bbox 241 2630 1873 2671; baseline 0.003 -14"><span class='ocrx_word' id='word_1_783' title='bbox 241 2630 284 2664; x_wconf 70' lang='grc' dir='ltr'><strong>ἐφ’</strong></span> <span class='ocrx_word' id='word_1_784' title='bbox 297 2631 411 2667; x_wconf 73' lang='grc' dir='ltr'>ὑψηλὴν.</span> <span class='ocrx_word' id='word_1_785' title='bbox 430 2634 488 2668; x_wconf 83' lang='lat'><strong>-&#39;)</strong></span> <span class='ocrx_word' id='word_1_786' title='bbox 507 2630 633 2665; x_wconf 63' lang='lat' dir='ltr'><strong>Emend,</strong></span> <span class='ocrx_word' id='word_1_787' title='bbox 647 2634 707 2661; x_wconf 87' lang='lat' dir='ltr'><strong>cod.</strong></span> <span class='ocrx_word' id='word_1_788' title='bbox 725 2630 922 2661; x_wconf 64' lang='grc' dir='ltr'>πολιτεύεσθαι.</span> <span class='ocrx_word' id='word_1_789' title='bbox 934 2634 1000 2670; x_wconf 75' lang='grc'><strong>-⁸)</strong></span> <span class='ocrx_word' id='word_1_790' title='bbox 1018 2630 1129 2664; x_wconf 84' lang='lat' dir='ltr'><strong>Literae</strong></span> <span class='ocrx_word' id='word_1_791' title='bbox 1141 2630 1219 2665; x_wconf 80' lang='lat' dir='ltr'><strong>uncis</strong></span> <span class='ocrx_word' id='word_1_792' title='bbox 1235 2630 1357 2666; x_wconf 76' lang='lat' dir='ltr'><strong>inclusae</strong></span> <span class='ocrx_word' id='word_1_793' title='bbox 1375 2638 1404 2665; x_wconf 90' lang='lat' dir='ltr'><strong>in</strong></span> <span class='ocrx_word' id='word_1_794' title='bbox 1424 2630 1518 2665; x_wconf 75' lang='lat' dir='ltr'><strong>codice</strong></span> <span class='ocrx_word' id='word_1_795' title='bbox 1537 2630 1630 2665; x_wconf 78' lang='lat' dir='ltr'><strong>blattis</strong></span> <span class='ocrx_word' id='word_1_796' title='bbox 1648 2630 1773 2664; x_wconf 73' lang='lat' dir='ltr'><strong>mutilalo</strong></span> <span class='ocrx_word' id='word_1_797' title='bbox 1785 2630 1873 2671; x_wconf 81' lang='lat' dir='ltr'><strong>paene</strong></span> 
     </span>
    </p>
   </div>
   <div class='ocr_carea' id='block_1_106' title="bbox 241 2696 1872 2769">
    <p class='ocr_par' dir='ltr' id='par_1_106' title="bbox 241 2696 1872 2769">
     <span class='ocr_line' id='line_1_106' title="bbox 241 2696 1872 2769; baseline 0.002 -46"><span class='ocrx_word' id='word_1_798' title='bbox 241 2696 392 2759; x_wconf 54' lang='grc' dir='ltr'><strong>ἓέἓιὶᾘιωε</strong></span> <span class='ocrx_word' id='word_1_799' title='bbox 411 2699 558 2769; x_wconf 47' lang='grc' dir='ltr'><strong>ῧιιὲξΐξοά</strong></span> <span class='ocrx_word' id='word_1_800' title='bbox 573 2699 708 2762; x_wconf 49' lang='grc' dir='ltr'><strong>ἕὲοὶιηέιὶιί</strong></span> <span class='ocrx_word' id='word_1_801' title='bbox 737 2700 896 2728; x_wconf 84' lang='lat' dir='ltr'><strong>coniectura</strong></span> <span class='ocrx_word' id='word_1_802' title='bbox 918 2708 933 2728; x_wconf 85' lang='lat' dir='ltr'><strong>a</strong></span> <span class='ocrx_word' id='word_1_803' title='bbox 953 2700 1033 2728; x_wconf 87' lang='lat' dir='ltr'><strong>nobis</strong></span> <span class='ocrx_word' id='word_1_804' title='bbox 1047 2700 1075 2728; x_wconf 94' lang='lat' dir='ltr'><strong>in</strong></span> <span class='ocrx_word' id='word_1_805' title='bbox 1090 2705 1193 2730; x_wconf 80' lang='lat' dir='ltr'><strong>textum</strong></span> <span class='ocrx_word' id='word_1_806' title='bbox 1214 2703 1368 2731; x_wconf 84' lang='lat' dir='ltr'><strong>restitutae.</strong></span> <span class='ocrx_word' id='word_1_807' title='bbox 1389 2719 1424 2724; x_wconf 94' lang='lat'><strong>—</strong></span> <span class='ocrx_word' id='word_1_808' title='bbox 1439 2703 1461 2739; x_wconf 83' lang='lat'><strong>&#39;)</strong></span> <span class='ocrx_word' id='word_1_809' title='bbox 1479 2702 1632 2739; x_wconf 80' lang='grc' dir='ltr'>ὑμετέροις,</span> <span class='ocrx_word' id='word_1_810' title='bbox 1646 2711 1664 2738; x_wconf 90' lang='grc' dir='ltr'><strong>η</strong></span> <span class='ocrx_word' id='word_1_811' title='bbox 1677 2709 1761 2737; x_wconf 82' lang='lat' dir='ltr'><strong>supra</strong></span> <span class='ocrx_word' id='word_1_812' title='bbox 1779 2700 1872 2729; x_wconf 81' lang='lat' dir='ltr'><strong>adscr.</strong></span> 
     </span>
     <span class='ocr_line' id='line_1_107' title="bbox 296 2744 695 2767; baseline 0.013 -9"><span class='ocrx_word' id='word_1_813' title='bbox 296 2752 302 2758; x_wconf 87' lang='lat'><strong>.</strong></span> <span class='ocrx_word' id='word_1_814' title='bbox 347 2748 399 2759; x_wconf 91' lang='lat'><strong>.—-</strong></span> <span class='ocrx_word' id='word_1_815' title='bbox 522 2755 541 2767; x_wconf 90' lang='lat'><strong>.,</strong></span> <span class='ocrx_word' id='word_1_816' title='bbox 557 2744 571 2762; x_wconf 87' lang='lat' dir='ltr'><strong>c</strong></span> <span class='ocrx_word' id='word_1_817' title='bbox 612 2756 617 2762; x_wconf 91' lang='lat'><strong>.</strong></span> <span class='ocrx_word' id='word_1_818' title='bbox 674 2745 695 2767; x_wconf 71' lang='grc' dir='ltr'>ς.</span> 
     </span>
    </p>
   </div>
   <div class='ocr_carea' id='block_1_107' title="bbox 296 2744 695 2767">
    <p class='ocr_par' dir='ltr' id='par_1_107' title="bbox 296 2744 695 2767">
     <span class='ocr_line' id='line_1_108' title="bbox 296 2744 695 2767; baseline 0.01 -9"><span class='ocrx_word' id='word_1_819' title='bbox 296 2752 302 2758; x_wconf 87' lang='grc'>.</span> <span class='ocrx_word' id='word_1_820' title='bbox 316 2744 353 2759; x_wconf 84' lang='grc' dir='ltr'><strong>ΙΙΙ.</strong></span> <span class='ocrx_word' id='word_1_821' title='bbox 364 2748 399 2752; x_wconf 78' lang='grc'><strong>-·</strong></span> <span class='ocrx_word' id='word_1_822' title='bbox 411 2744 432 2767; x_wconf 85' lang='lat'><strong>&quot;)</strong></span> <span class='ocrx_word' id='word_1_823' title='bbox 450 2744 541 2767; x_wconf 67' lang='lat' dir='ltr'><strong>hOl‘l&#39;.,</strong></span> <span class='ocrx_word' id='word_1_824' title='bbox 557 2744 617 2762; x_wconf 78' lang='lat' dir='ltr'><strong>COU.</strong></span> <span class='ocrx_word' id='word_1_825' title='bbox 650 2744 695 2767; x_wconf 71' lang='grc' dir='ltr'><strong>υς.</strong></span> 
     </span>
    </p>
   </div>
   <div class='ocr_carea' id='block_1_108' title="bbox 992 2781 1117 2810">
    <p class='ocr_par' dir='ltr' id='par_1_108' title="bbox 992 2781 1117 2810">
     <span class='ocr_line' id='line_1_109' title="bbox 992 2781 1117 2810; baseline 0 -1"><span class='ocrx_word' id='word_1_826' title='bbox 992 2781 1106 2810; x_wconf 79' lang='lat' dir='ltr'><strong>NOTAE</strong></span> <span class='ocrx_word' id='word_1_827' title='bbox 1111 2802 1117 2809; x_wconf 90' lang='lat'><strong>.</strong></span> 
     </span>
    </p>
   </div>
   <div class='ocr_carea' id='block_1_109' title="bbox 1116 2836 1423 2871">
    <p class='ocr_par' dir='ltr' id='par_1_109' title="bbox 1116 2836 1423 2871">
     <span class='ocr_line' id='line_1_110' title="bbox 1116 2836 1423 2871; baseline 0.003 -8"><span class='ocrx_word' id='word_1_828' title='bbox 1116 2836 1154 2871; x_wconf 73' lang='lat' dir='ltr'><strong>(.i)</strong></span> <span class='ocrx_word' id='word_1_829' title='bbox 1172 2837 1266 2864; x_wconf 78' lang='lat' dir='ltr'><strong>Matth.</strong></span> <span class='ocrx_word' id='word_1_830' title='bbox 1285 2837 1366 2868; x_wconf 67' lang='lat' dir='ltr'><strong>XXV,</strong></span> <span class='ocrx_word' id='word_1_831' title='bbox 1380 2837 1423 2864; x_wconf 61' lang='grc'><strong>40.</strong></span> 
     </span>
    </p>
   </div>
   <div class='ocr_carea' id='block_1_110' title="bbox 1120 2872 1371 2905">
    <p class='ocr_par' dir='ltr' id='par_1_110' title="bbox 1120 2872 1371 2905">
     <span class='ocr_line' id='line_1_111' title="bbox 1120 2872 1371 2905; baseline 0.004 -8"><span class='ocrx_word' id='word_1_832' title='bbox 1120 2873 1158 2905; x_wconf 66' lang='grc' dir='ltr'><strong>(εἰ)</strong></span> <span class='ocrx_word' id='word_1_833' title='bbox 1175 2872 1268 2899; x_wconf 81' lang='lat' dir='ltr'><strong>Matth.</strong></span> <span class='ocrx_word' id='word_1_834' title='bbox 1286 2873 1330 2903; x_wconf 72' lang='lat' dir='ltr'><strong>Vl,</strong></span> <span class='ocrx_word' id='word_1_835' title='bbox 1345 2872 1371 2899; x_wconf 79' lang='lat'><strong>‘2.</strong></span> 
     </span>
    </p>
   </div>
   <div class='ocr_carea' id='block_1_111' title="bbox 1116 2907 1360 2942">
    <p class='ocr_par' dir='ltr' id='par_1_111' title="bbox 1116 2907 1360 2942">
     <span class='ocr_line' id='line_1_112' title="bbox 1116 2907 1360 2942; baseline -0.004 -8"><span class='ocrx_word' id='word_1_836' title='bbox 1116 2909 1153 2942; x_wconf 80' lang='lat' dir='ltr'><strong>(ti)</strong></span> <span class='ocrx_word' id='word_1_837' title='bbox 1170 2907 1263 2934; x_wconf 79' lang='lat' dir='ltr'><strong>Matth.</strong></span> <span class='ocrx_word' id='word_1_838' title='bbox 1277 2907 1321 2940; x_wconf 79' lang='lat' dir='ltr'><strong>v1,</strong></span> <span class='ocrx_word' id='word_1_839' title='bbox 1337 2907 1360 2933; x_wconf 76' lang='grc' dir='ltr'>ι.</span> 
     </span>
    </p>
   </div>
   <div class='ocr_carea' id='block_1_112' title="bbox 278 2830 593 2901">
    <p class='ocr_par' dir='ltr' id='par_1_112' title="bbox 278 2830 593 2901">
     <span class='ocr_line' id='line_1_113' title="bbox 278 2830 593 2901; baseline 0.013 -8"><span class='ocrx_word' id='word_1_840' title='bbox 278 2830 318 2901; x_wconf 56' lang='lat' dir='ltr'><strong>gl</strong></span> <span class='ocrx_word' id='word_1_841' title='bbox 334 2833 360 2894; x_wconf 77' lang='lat' dir='ltr'><strong>ll</strong></span> <span class='ocrx_word' id='word_1_842' title='bbox 372 2833 540 2896; x_wconf 45' lang='lat' dir='ltr'><strong>83M&quot;?</strong></span> <span class='ocrx_word' id='word_1_843' title='bbox 552 2843 593 2871; x_wconf 74' lang='grc'><strong>⁵⁴¹’</strong></span> 
     </span>
    </p>
   </div>
   <div class='ocr_carea' id='block_1_113' title="bbox 285 2903 532 2937">
    <p class='ocr_par' dir='ltr' id='par_1_113' title="bbox 285 2903 532 2937">
     <span class='ocr_line' id='line_1_114' title="bbox 285 2903 532 2937; baseline 0.008 -8"><span class='ocrx_word' id='word_1_844' title='bbox 285 2903 324 2937; x_wconf 72' lang='grc'><strong>(5)</strong></span> <span class='ocrx_word' id='word_1_845' title='bbox 339 2903 434 2931; x_wconf 76' lang='lat' dir='ltr'><strong>Matth.</strong></span> <span class='ocrx_word' id='word_1_846' title='bbox 448 2904 480 2937; x_wconf 80' lang='grc' dir='ltr'>Χ,</span> <span class='ocrx_word' id='word_1_847' title='bbox 490 2905 532 2932; x_wconf 67' lang='grc'><strong>42.</strong></span> 
     </span>
    </p>
   </div>
  </div>
