2064 3152
191 145 238 174 ιιι

893 146 1093 175 EPISTOLAE.

1759 154 1813 181 443

187 204 243 232 τὸν
251 203 363 238 μισθὸν
375 203 477 231 αὐτοῦ.
488 203 516 230 τί
527 204 576 239 τῆς
590 204 700 239 ἐντολῆς
713 205 815 241 ταύτης
830 205 974 233 δυνατώτε-

1026 206 1173 242 fugientem
1195 215 1246 235 nos
1264 208 1387 243 gloriam,
1400 209 1472 237 illam
1491 218 1556 238 vero
1573 211 1656 240 solam
1669 220 1812 248 quaerere,

190 258 250 286 pov;
263 249 361 285 ψυχρῷ
382 249 505 285 ποτηρίῳ
522 250 617 284 μισθὸς
631 251 791 286 ἐπουράνιος
807 251 911 280 ἕπεται.
929 251 976 278 καί

189 305 235 330 μοι
250 295 345 322 σκόπει
359 295 409 330 τῆς
426 295 630 332 φιλανθρωπίας
651 296 682 323 τὸ
696 298 824 332 ἄμετρον.
839 297 884 331 ἐφ’
900 297 976 324 ὅσον

187 341 233 368 ἐνὶ
257 342 388 373 τούτων,
411 342 510 377 φησιν,
526 341 699 375 ἐποιήσατε,
715 342 780 377 ἐμοὶ
802 342 974 375 ἐποιήσατε.

187 387 217 414 τὸ
232 387 280 421 μὲν
296 387 435 422 ἐπίταγμα
450 388 563 423 μικρόν,
579 389 608 414 τὸ
627 388 654 415 δὲ
676 388 724 423 τῆς
744 389 867 423 ὑπακοῆς
880 388 976 424 κέρδος

189 432 272 464 πολύ,
297 432 342 459 καὶ
371 433 447 468 παρὰ
475 433 528 468 θεῷ
558 434 691 466 πλουσίως
723 435 974 469 ἀνταποδιδόμενον.

1026 252 1105 279 cuius
1125 259 1214 288 neque
1227 254 1405 288 pulchritudo
1433 255 1487 282 dici
1507 264 1596 292 neque
1616 257 1678 285 ﬁnis
1695 258 1813 286 inveniri

1026 303 1125 333 potest,
1141 307 1190 334 per
1206 308 1288 335 quam
1307 305 1335 328 et
1352 301 1403 336 ipsi
1420 303 1572 337 poterimus
1586 304 1733 339 participes
1754 305 1813 333 ﬁeri

1026 343 1206 371 ineffabilium
1231 345 1340 372 illorum
1360 347 1553 380 mysteriorum
1576 349 1604 375 in
1619 349 1728 377 Christo
1748 350 1813 378 Jesu

1026 388 1142 416 Domino
1162 395 1272 423 nostro,
1294 391 1338 418 cui
1351 391 1437 426 gloria
1453 392 1480 419 in
1501 395 1608 421 saecula
1629 396 1812 423 saeculorum.

1026 434 1111 462 Amen
1116 455 1123 461 .

188 479 257 506 ὥστε
270 481 345 507 οὐδὲν
360 481 430 516 ὑπὲρ
453 481 566 516 δύναμιν
583 483 705 510 ἀπαιτεῖ.
737 474 805 510 ἀλλὰ
841 483 892 510 κᾶν
914 484 1012 521 μικρὸν
1033 483 1085 510 κᾶν
1099 484 1169 519 μέγα
1193 486 1296 517 ποιεῖς,
1310 486 1407 513 ἕπεταί
1422 495 1462 514 σοι
1483 488 1554 515 κατὰ
1567 489 1616 523 τὴν
1630 490 1789 524 προαίρεσιν
1801 490 1816 516 ὁ

189 529 294 564 μισ-Θέας.
325 529 372 556 ἐὰν
398 530 447 565 μὲν
464 530 518 566 γὰρ
542 531 583 562 είς
607 530 692 566 ὄνομα
715 532 761 558 καὶ
790 532 872 566 φόϐον
900 532 975 566 θεοῦ,
995 533 1109 569 λαμπρὰ
1141 534 1188 560 καὶ
1210 534 1389 570 ἀναφαίρετος
1405 533 1486 570 ἦλθεν
1520 537 1536 570 ἠ
1552 536 1649 570 δωρεά·
1670 536 1716 563 ἐὰν
1734 537 1815 568 δὲείς

188 575 317 608 επίδειξιν
340 576 386 603 καὶ
411 576 489 609 δόξαν
530 576 695 612 ἀνθρώπων,
723 577 838 605 ἄκουσον
863 578 994 614 ὀμνύντος
1010 579 1092 606 αὑτοῦ
1106 579 1151 606 τοῦ
1167 580 1272 615 κυρίου·
1286 580 1367 614 ἀμὴν
1382 580 1458 615 λέγω
1473 581 1558 614 ὑμῖν,
1592 582 1740 616 ἀπέχουσι
1762 582 1815 608 τὸν

186 622 297 657 μισθὸν
311 622 420 650 αὐτῶν.
436 623 479 650 ἵνα
492 620 538 650 οὖν
555 623 591 658 μὴ
608 623 686 650 τοῦτο
719 623 860 660 πάθωμεν,
885 625 1070 661 παραγγέλλει
1104 628 1159 658 τοῖς
1181 626 1314 662 μαθηταῖς
1336 627 1435 659 αὑτοῦ,
1461 627 1508 653 καὶ
1527 627 1560 653 δι’
1595 628 1706 654 ἐκείνων
1738 628 1812 663 ἡμῖν·

189 667 313 702 βλέπετε,
338 669 375 704 μὴ
402 668 496 703 ποιῆτε
512 668 562 704 τὴν
584 668 769 704 ἐλεημοσύνην
796 670 873 705 ὑμῶν
893 670 974 706 ῆτὴν
993 671 1075 706 εὐχὴν
1097 671 1178 707 ἣτὴν
1192 671 1318 706 νηστείαν
1348 672 1424 706 ὑμῶν
1458 671 1612 706 ἔμπροσθεν
1634 671 1688 697 τῶν
1711 672 1815 707 ἀνθρώ-

188 725 257 744 πων·
273 718 298 744 εὶ
310 716 343 743 δὲ
357 716 444 751 μήτε,
452 717 564 750 μισθὸν
578 717 633 743 οὐκ
645 716 729 750 ἔχετε
743 718 823 752 παρά
834 717 874 750 τῷ
888 717 977 751 πατρί
1006 717 1090 752 ὑμῶν
1109 718 1149 751 τῷ
1167 719 1202 745 ἐν
1234 718 1296 751 τοῖς
1321 719 1470 753 θίγω-οῖς.
1489 718 1574 750 οὕτως
1595 719 1815 754 ἀποστρέφεσθαι

188 763 293 791 κελεύει
309 763 356 789 καὶ
385 763 495 798 φεύγειν
509 763 572 795 τοὺς
592 763 705 799 ϐνητοῦς
719 763 830 795 τούτους
852 764 899 791 καὶ
934 764 1009 800 παρὰ
1030 764 1134 799 θνητῶν
1148 765 1285 796 ἐπαίνους,
1298 765 1345 792 καὶ
1357 765 1407 800 τὴν
1428 765 1630 800 μαραινομένην
1645 765 1692 791 καὶ
1704 764 1816 799 φεύγου-

189 818 239 836 σαν
257 809 276 844 ¹)
291 809 363 844 ἡμᾶς
381 809 471 842 δόξαν,
491 809 582 844 ζητεῖν
596 809 624 836 δὲ
639 809 718 844 μόνον
732 810 849 846 ἐκείνην,
863 808 896 846 ἦς
910 811 931 845 ¹)
947 811 1007 837 οὐδὲ
1027 811 1124 844 κάλλος
1138 811 1210 838 ἒῐτιν
1231 813 1318 838 εἰπεῖν
1333 812 1392 838 οὐδὲ
1407 812 1428 847 ³)
1448 812 1534 847 πέρας
1556 812 1655 847 εὑρεῖν,
1670 812 1704 838 δι“
1718 808 1752 847 ἦς
1767 811 1815 837 καὶ

188 856 265 883 αὐτοὶ
289 855 459 891 δυνησόμεθα
478 857 570 892 τυχεῖν
608 857 662 883 τῶν
682 856 808 893 ἀρρήτων
832 857 990 893 μυστηρίων
1010 858 1133 892 ἐκείνων,
1162 859 1191 885 ὲν
1202 858 1312 894 Χριστῷ
1329 857 1417 893 Ἰησοῦ
1430 857 1470 893 τῷ
1485 858 1571 893 κυρίῳ
1586 857 1673 893 ἡμῶν,
1685 853 1706 891 ᾧ
1719 858 1736 893 ἡ
1751 855 1815 889 δόξα

187 903 228 935 εἰς
236 903 298 935 τοὺς
313 902 416 934 αἰῶνας
428 901 481 929 τῶν
497 901 614 930 αιώνων.
631 902 716 938 ἀμήν.

826 992 954 1020 VARIAE
974 990 1176 1019 LECTlONES.

227 1053 247 1088 τ)
267 1053 312 1080 Sic
330 1052 392 1080 cod.
407 1068 443 1072 —
457 1051 478 1088 ’)
493 1052 584 1085 Corn,
602 1053 663 1080 eod.
680 1053 761 1088 ἣν.-
776 1051 797 1086 ³)
811 1051 857 1079 Sic
870 1051 931 1078 cod.
952 1050 1012 1076 οὐδὲ
1024 1066 1060 1070 ——
1075 1050 1145 1077 οὐδὲ.
1163 1049 1242 1077 Forte
1259 1050 1453 1085 corrigendum
1471 1049 1532 1077 aii-:5
1543 1066 1579 1070 —
1589 1049 1661 1078 οὔτε.

197 1149 1807 1164 .—-——————-——-————-—_—————‘

953 1234 1048 1277 Ill.

435 1339 725 1387 EPISTOLA
761 1338 1065 1384 CUIUSDAM
1103 1339 1278 1384 BEATI
1328 1339 1574 1385 MACARII

779 1452 822 1475 UT
840 1451 979 1474 VIDETUR
999 1450 1225 1473 ALEXANDRINL

527 1560 609 1585 Lucae
619 1559 743 1585 ilolstenii
756 1560 831 1585 codex
846 1560 995 1591 Regularum
1016 1558 1144 1589 Augustae
1155 1558 1254 1583 Vindel.
1276 1558 1337 1583 1759
1348 1558 1377 1583 Τ.
1390 1558 1399 1582 1
1413 1565 1436 1589 p.
1450 1558 1490 1583 2f.

219 1614 306 1638 Exstat
318 1613 379 1637 haec
392 1612 494 1644 epistola
507 1612 605 1644 inrllibl.
618 1612 788 1644 Burgundicae
806 1610 985 1644 Bruxellensis
999 1611 1046 1635 cod
1064 1617 1108 1634 ms.
1124 1610 1156 1634 N“
1177 1610 1252 1635 lSOIO
1271 1611 1473 1644 chartac.__S_aec.
1494 1609 1535 1634 XV
1556 1609 1598 1634 fol.
1612 1609 1651 1639 67,
1664 1609 1687 1634 2.
1699 1607 1814 1634 Codicem

189 1644 248 1676 quin
269 1641 414 1669 conferrem‘
429 1643 554 1669 llruxellis
568 1641 678 1668 versans-
687 1643 821 1675 impeditus
840 1650 904 1668 sum.
917 1643 953 1668 Cf.
970 1642 1152 1667 PIIABXOKINDA
1165 1648 1237 1673 supra
1251 1642 1300 1667 col.
1314 1641 1428 1666 405404.

188 1771 281 1807 Incipit
293 1771 404 1808 epistola
418 1771 487 1799 beati
499 1772 627 1799 Macltarii
642 1772 706 1799 data
721 1774 755 1799 ad
770 1774 909 1800 monac/ws
923 1773 974 1809 (l).
989 1775 1009 1802 A
1024 1773 1188 1801 absconsum
1209 1778 1327 1806 namque
1346 1771 1373 1798 in
1393 1771 1435 1799 eis
1450 1775 1493 1798 est
1512 1778 1648 1798 venenum
1663 1770 1813 1798 bestiarum

222 1818 369 1853 Lignorum
383 1818 461 1852 copia
477 1817 613 1852 ingentem
631 1818 732 1845 excitat
743 1817 888 1849 flammam,
905 1818 975 1844 mul-

188 1863 276 1891 titudo
306 1868 397 1890 autem
429 1869 553 1890 escarum
582 1862 683 1889 emittit
714 1862 973 1897 concupiscentiam.

187 1909 308 1937 Pessima
337 1908 559 1944 concupiscentia
585 1916 710 1936 escarum
734 1913 761 1936 et
791 1908 974 1936 inobedicntia

187 1959 299 1990 generat
326 1960 452 1982 mortem.
482 1954 610 1990 lndigens
636 1960 732 1981 venter
753 1955 781 1981 in
804 1954 975 1982 orationibus

187 2001 356 2036 vigilantiam
379 2005 498 2036 praestat
519 2005 546 2028 ct
568 2008 697 2028 coronam
718 2000 824 2027 animae
846 2000 973 2035 acquirit,

189 2047 311 2082 repletus
346 2052 437 2074 autem
473 2055 600 2074 somnum
635 2046 740 2074 inducit
774 2046 974 2081 gravissimum.

187 2092 290 2120 Oculus
314 2093 402 2128 gulosi
431 2092 555 2119 convivia
589 2096 735 2124 scrutatur,
758 2092 854 2119 oculus
883 2097 974 2119 autem

188 2138 341 2173 sapientum
367 2138 515 2165 meditatur
540 2137 745 2164 continentiam.
772 2136 975 2164 Formidolosus

188 2184 267 2211 miles
292 2184 426 2211 horrescit
449 2183 483 2210 ad
508 2183 599 2210 tubam
626 2190 696 2217 quae
714 2182 816 2210 bellum
829 2182 973 2218 signiﬁcat,

187 2236 214 2258 et
227 2231 349 2266 gulosus,
365 2230 389 2257 si
408 2229 601 2257 abstinentiam
622 2229 824 2264 praedicantem
847 2229 973 2261 audierit,

188 2284 241 2303 non
273 2276 390 2303 libenter
414 2276 558 2303 auscultat.
585 2276 705 2303 Flamma
732 2283 794 2302 cum
820 2276 974 2309 marcescit,

187 2323 319 2350 elncescit
357 2322 457 2350 iterum
481 2322 503 2348 si
527 2321 666 2357 acceperit
688 2322 810 2357 lignum,
834 2327 862 2349 et
889 2322 976 2349 libido

188 2368 278 2402 sopita
291 2375 401 2394 rursum
418 2367 517 2394 crescit
533 2367 559 2394 in
575 2367 728 2394 saturitate.
746 2367 805 2394 Non
820 2368 976 2395 miserearis

188 2414 305 2449 corpori,
319 2414 341 2441 si
359 2413 518 2441 lassitudine
533 2413 664 2440 defecerit
678 2421 685 2440 :
699 2421 787 2448 equus
801 2414 975 2442 consentiens

1025 1816 1235 1852 nequissimum.
1268 1816 1352 1851 Magis
1389 1815 1577 1850 appropinqua
1606 1815 1661 1851 igni
1695 1815 1813 1848 ardenti,

1025 1871 1106 1898 quam
1123 1862 1232 1889 mulieri
1253 1861 1387 1888 novellae.
1404 1861 1472 1888 Cum
1495 1861 1533 1888 sis
1553 1861 1669 1892 iuvenis,
1684 1860 1746 1896 fuge
1764 1861 1812 1888 im-

1025 1915 1118 1943 petum
1145 1907 1269 1936 libidinis
1289 1911 1318 1934 et
1338 1907 1586 1934 confabulationem
1606 1907 1738 1934 mulieris.
1761 1907 1812 1941 Qui

1026 1955 1203 1990 repleverunt
1229 1958 1364 1985 ventrem,
1390 1958 1419 1981 et
1446 1953 1633 1988 promiserunt
1650 1953 1812 1987 castitatem,

1026 2000 1078 2028 sibi
1093 2000 1276 2028 mentiuntur.
1294 1999 1391 2026 Forma
1408 1999 1622 2034 pulchritudinis
1636 1999 1714 2034 peius
1731 2007 1813 2034 quam

1026 2046 1145 2081 procella
1175 2045 1336 2081 submergit.
1373 2045 1484 2080 Species
1510 2045 1653 2078 mulieris,
1680 2046 1701 2073 si
1729 2047 1812 2074 semel

1026 2096 1144 2119 mentem
1162 2092 1334 2124 contriverit,
1350 2092 1432 2120 etiam
1448 2091 1532 2127 ipsam
1553 2098 1672 2120 mentem
1690 2097 1814 2120 contem-

1025 2146 1092 2166 nere
1107 2138 1262 2173 persuadet.
1279 2138 1313 2166 Ut
1327 2138 1411 2170 enim,
1426 2138 1448 2164 si
1467 2138 1551 2172 paleis
1564 2143 1716 2166 remoretur
1733 2139 1813 2175 ignis,

1025 2184 1125 2212 excitat
1140 2183 1291 2216 ﬂammam;
1308 2184 1347 2211 sic
1362 2185 1494 2211 memoria
1510 2184 1634 2212 mulieris
1651 2193 1816 2220 permanens

1026 2230 1169 2257 succendit
1187 2230 1448 2265 concupiscentiam.
1466 2230 1502 2258 Ut
1520 2231 1592 2258 enim
1612 2233 1750 2259 cumulata
1765 2241 1810 2260 na-

1025 2275 1068 2303 vis
1094 2276 1230 2303 undarum
1254 2275 1309 2302 ictu
1334 2276 1473 2308 obruitur,
1494 2276 1535 2303 sic
1561 2277 1646 2304 multa
1673 2278 1818 2312 possidens

1026 2322 1176 2350 monachus
1196 2330 1251 2349 non
1271 2323 1432 2350 salvabitur.
1457 2323 1530 2350 Nihil
1556 2323 1699 2358 possidens
1723 2332 1819 2351 mona-

1025 2367 1095 2395 chus
1117 2368 1218 2395 athleta
1241 2368 1444 2403 insuperabilis,
1465 2369 1533 2395 nihil
1558 2369 1702 2403 possidens
1722 2377 1809 2396 mona-

1026 2413 1095 2440 chus
1111 2421 1207 2440 cursor
1224 2413 1301 2444 levis,
1323 2414 1455 2441 velociter
1473 2414 1506 2441 ad
1522 2414 1646 2441 bravium
1665 2414 1817 2442 vocationis

187 2459 312 2494 indigens
330 2466 431 2493 corpus
454 2465 505 2485 nec
529 2465 700 2485 ascensorem
732 2457 826 2485 deiieit
845 2465 974 2492 unquam.
992 2467 1013 2496 Β
1027 2459 1161 2493 pervenit.
1181 2458 1286 2485 Avarus
1303 2459 1453 2486 monachus
1473 2459 1581 2493 operari
1602 2459 1728 2494 negligit;
1746 2458 1814 2486 nihil

185 2504 413 2540 Concupiseentia
439 2503 519 2539 gulae
545 2509 633 2531 mater
655 2508 697 2531 est
720 2503 853 2530 libidinis.
879 2502 974 2530 Oleum

186 2553 274 2579 nutrit
289 2551 415 2586 lampada
432 2551 561 2578 lucernae
582 2553 610 2578 et
628 2549 718 2585 ignem
737 2548 892 2576 rcacccndit
907 2556 974 2576 con-

186 2597 318 2625 fabulatio
334 2597 468 2624 mulieris.
487 2596 581 2624 Facies
600 2596 724 2622 mulieris
746 2595 842 2630 sagitta
860 2600 902 2622 est
918 2599 975 2621 tru-

185 2645 304 2676 culenta,
315 2644 403 2679 inﬁgit
416 2644 515 2671 vulnus
529 2643 556 2669 in
569 2642 697 2669 animam.
712 2641 747 2669 Ut
760 2648 896 2668 venenum
911 2640 973 2675 fuge

185 2691 434 2718 confabulationem
453 2688 587 2721 mulieris,
604 2687 626 2715 si
648 2692 739 2714 castus
756 2694 816 2714 esse
834 2686 971 2718 volueris;

1024 2504 1169 2538 possidens
1185 2504 1338 2532 monachus
1353 2509 1415 2539 post
1430 2512 1500 2539 opus
1520 2505 1693 2532 moderatum
1712 2504 1808 2532 oratio-

1024 2549 1106 2576 nibus
1122 2554 1150 2576 et
1163 2550 1330 2578 lectionibus
1346 2554 1436 2577 vacat.
1456 2550 1562 2577 Avarus
1587 2550 1738 2577 monachus
1757 2550 1809 2577 the-

1022 2595 1143 2622 saurizat
1163 2595 1215 2623 sibi
1237 2595 1304 2622 iram
1324 2596 1352 2623 in
1373 2596 1418 2623 die
1438 2596 1565 2629 ultionis;
1585 2595 1653 2623 nihil
1673 2595 1816 2630 possidens

1022 2641 1174 2668 monachus
1203 2641 1373 2670 thesaurizat
1399 2642 1426 2669 in
1451 2642 1528 2669 coelo
1552 2647 1578 2669 et
1605 2641 1683 2669 dabit
1706 2641 1814 2669 laudem

1022 2694 1084 2714 cum
1108 2687 1213 2722 angelis
1233 2688 1300 2715 Deo.
1320 2687 1453 2715 Gloriatio
1480 2688 1608 2715 monachi
1630 2687 1761 2722 patientia
1786 2687 1814 2714 in

943 2753 1069 2782 NOTAE.

222 2819 259 2854 (l)
279 2819 325 2846 Sic
349 2816 508 2845 inscribitur
540 2816 654 2852 cpistola
675 2815 703 2842 in
722 2814 783 2842 cod.
807 2822 857 2842 ms.
892 2813 1060 2843 Bruxellensi
1084 2815 1128 2843 Νο.
1150 2815 1245 2843 15010.
1267 2816 1367 2845 Vocem
1387 2816 1483 2852 Incipit
1505 2824 1560 2844 om.
1581 2816 1632 2844 Ed.
1668 2815 1814 2846 Holstenii.

186 2855 260 2882 Ευιτ.
