2064 3152
247 140 300 168 με

880 134 908 162 S.
928 133 1070 162 MACARII
1088 132 1246 160 AEGYPTll

1820 130 1873 158 ιιι

247 195 472 226 tribulationibus
484 194 553 222 eius.
566 193 697 221 Gloriatio
710 191 835 219 monachi
846 190 1037 226 longanimitas
1052 193 1072 219 Α
1088 196 1162 215 suae.
1180 188 1258 215 Sicut
1272 186 1380 222 pondus
1394 187 1459 214 salis
1473 185 1601 221 deprimit
1619 185 1706 212 virum
1723 185 1873 219 infirmum.

248 251 310 270 cum
330 242 472 269 eharilate.
490 239 622 270 Gloriatio
644 238 769 265 monachi
788 238 877 265 nullas
897 245 940 263 res
958 244 1038 271 prae-

249 287 333 314 sentis
354 287 424 317 vitae
447 284 598 320 possidere.
624 283 755 310 Gloriatio
780 282 906 309 monachi
931 281 1038 316 vigiliae

248 338 276 360 et
302 333 380 359 ﬂetus
402 333 427 358 in
452 330 633 357 orationibus.
657 329 789 356 Gloriatio
812 327 939 354 monachi
963 335 1039 354 man-

248 378 365 405 suetudo
391 381 418 403 et
447 375 539 402 cordis
565 375 715 402 silentium.
744 374 876 401 Gloriatio
901 373 1037 405 monachi,

251 423 358 457 quando
373 421 517 448 Dominum
533 429 566 447 ex
583 425 639 448 toto
654 420 737 447 corde
753 419 890 451 dilexerit,
907 424 935 446 et
949 419 1040 454 proxi-

250 475 323 494 mum
347 474 426 493 suum
452 471 580 500 tanquam
606 466 738 500 seipsum.
761 465 894 491 Gloriatio
913 464 1039 490 monachi

249 513 412 540 abstinentia
446 519 571 538 escarum
603 517 631 538 et
659 520 674 538 a
711 511 885 546 multiloquio
921 511 1037 545 linguae.

250 558 382 585 Cloriatio
404 558 542 588 monachi,
565 558 675 592 quando
694 557 848 592 proximum
869 564 947 583 suum
969 556 1041 583 sicut

251 604 370 638 scipsum
389 603 498 638 patitur.
519 603 651 630 Gloriatio
675 603 812 634 monachi,
832 601 940 636 quando
958 601 1041 627 verba

249 649 311 675 eius
323 648 453 683 operibus
464 651 625 675 consonant.
639 647 772 674 Gloriatio
784 646 920 677 monachi,
932 645 1041 680 quando

251 693 278 719 in
297 693 356 720 loco
375 701 424 720 suo
443 697 586 727 permanet
601 697 629 718 et
645 692 698 719 huc
714 692 832 726 illucque
847 700 900 718 non
918 695 1039 725 vagatur.

249 738 381 765 Gloriatio
409 737 764 772 Immachi,longanimitas.
787 737 862 764 Sicut
886 737 989 771 lampas
1014 736 1040 763 in

249 784 310 810 loco
343 784 498 815 tenebroso,
526 783 598 810 sicut
627 783 666 810 sol
694 783 814 814 radians,
832 782 872 809 sic
892 782 1042 809 monaelms

250 835 341 858 mente
361 829 453 857 sobria
470 833 498 856 et
512 829 595 856 corde
611 829 735 864 pervigili
756 829 783 855 in
799 833 921 863 tempore
945 828 1041 854 salutis

1089 235 1128 263 sic
1159 242 1272 262 somnus
1295 233 1469 261 monachum.
1497 233 1575 260 Sicut
1603 233 1697 267 spinae
1724 236 1753 259 et
1782 233 1876 261 tribuli

1089 289 1153 316 agro
1170 281 1272 315 opimo,
1286 281 1326 307 sic
1346 285 1374 307 et
1392 279 1572 314 cogitationes
1591 282 1686 313 turpes
1702 278 1834 312 pessimae
1849 279 1877 306 in

1089 325 1172 352 corde
1195 325 1330 352 monachi.
1356 325 1435 352 Sicut
1459 324 1531 351 tinea
1550 323 1715 350 exterminat
1732 323 1879 350 vestimen-

1091 375 1164 402 tum,
1190 371 1229 398 sie
1253 370 1444 397 distraetiones
1467 369 1585 396 animam
1609 368 1746 395 monachi.
1768 369 1828 396 Noli
1852 374 1878 397 te

1089 417 1154 444 dare
1170 417 1203 444 ad
1221 417 1388 451 colloquium
1410 415 1567 446 mulierum,
1583 422 1618 442 ne
1639 415 1687 441 tias
1704 419 1845 449 separatus
1863 423 1878 442 a

1090 470 1173 497 regno
1187 462 1252 493 Dei;
1265 467 1293 489 et
1310 469 1344 488 ne
1362 462 1431 488 velis
1446 461 1537 488 dicere
1555 469 1560 486 :
1577 461 1673 495 loquar
1685 468 1746 487 cum
1765 460 1880 488 muliere

1090 512 1118 534 et
1136 507 1254 534 mundus
1278 515 1348 534 sum.
1371 507 1520 534 Monachus
1542 506 1652 540 sapiens
1674 506 1732 533 suis
1753 507 1880 534 manibus

1091 558 1221 588 operator
1239 557 1267 580 et
1290 553 1392 579 vietum
1419 553 1471 579 sibi
1499 552 1688 586 quotidianum
1711 552 1830 586 acquirit
1852 556 1881 579 et

1091 600 1214 627 lucratus
1232 603 1274 626 est
1295 599 1434 626 orationes
1453 602 1481 625 et
1499 599 1600 626 ieiunia
1617 606 1680 631 sua;
1695 598 1717 625 si
1736 604 1827 626 autem
1846 600 1885 626 alr

1091 645 1145 672 alio
1168 645 1305 679 acceperit
1324 644 1438 676 victum,
1454 644 1519 679 quid
1541 644 1654 679 prodest
1674 644 1747 678 quod
1773 648 1833 670 orat
1853 649 1882 671 et

1091 691 1200 725 vigilat?
1225 691 1301 717 Sicut
1328 691 1516 718 mercenarius
1547 690 1635 717 malus
1660 689 1751 716 nudus
1773 689 1878 722 evadit;

1092 737 1155 771 quia
1166 736 1297 771 scriptum
1318 742 1359 763 est.
1370 746 1375 762 :
1385 736 1478 763 Melius
1489 741 1526 763 cst
1538 737 1602 763 dare
1610 745 1689 772 quant
1702 737 1818 771 accipere
1830 736 1878 771 (2).

1092 782 1143 816 Qui
1163 782 1249 817 legis,
1271 783 1392 817 intellige
1421 782 1448 808 in
1470 782 1584 809 Domino
1616 789 1734 816 semper.
1765 780 1880 815 Explirit

1092 827 1203 863 epistola
1220 827 1289 854 beati
1304 827 1433 855 Macharii
1447 828 1547 855 abbatis
1555 828 1617 854 data
1633 827 1669 854 ad
1683 827 1820 854 monachos
1828 826 1878 862 (5).

1006 885 1133 914 NOTAE.

299 945 326 979 2)
341 945 400 973 Act.
417 954 462 976 xx,
479 945 523 972 δῦ.

287 945 326 1017 i3)
345 981 390 1008 Sic
407 981 467 1008 cod.
482 981 523 1007 ΒΗ

299 976 326 1015 ὅ)
345 981 390 1008 Sic
407 981 467 1008 cod.
482 980 684 1013 Bruxellensis;
703 980 803 1006 abbatis
820 979 884 1006 data
905 979 939 1005 ad
955 978 1096 1004 monachos
1113 985 1168 1004 om.
1189 977 1239 1004 Ed.
1256 976 1400 1004 llolstenii.
1417 976 1495 1003 Eon‘.

269 1062 1876 1078 ,__——_____~_—__—_______

1022 1147 1104 1191 ιν.

698 1252 993 1298 EPISTOLA
1036 1249 1452 1297 SUPPOSlTlClA

504 1353 551 1380 sub
568 1352 674 1379 nomine
685 1349 814 1378 Macharii
825 1358 840 1376 α
852 1347 1009 1375 Petitdidier
1020 1347 1102 1379 edita,
1116 1347 1150 1373 ad
1165 1346 1245 1381 fidem
1257 1346 1373 1373 codicum
1384 1346 1424 1373 hic
1438 1346 1522 1373 denuo
1534 1354 1653 1373 excussa.

283 1464 340 1489 Cod.
362 1471 406 1488 ms.
423 1463 488 1488 Bibl.
502 1463 572 1488 Caes.
594 1462 699 1487 Vindob.
713 1462 783 1491 4800,
793 1461 852 1486 olim
862 1463 916 1487 end.
931 1463 1009 1487 then].
1031 1463 1043 1486 ὅ

1104 1462 1258 1487 membranae
1279 1463 1351 1487 Saec.
1369 1463 1420 1487 XIV
1437 1462 1477 1487 fol.
1513 1481 1519 1487 .
1555 1482 1560 1486 .
1596 1481 1603 1487 .
1637 1483 1642 1488 .
1677 1482 1683 1487 .
1719 1482 1724 1488 .
1758 1481 1764 1487 .
1799 1482 1805 1487 .
1861 1464 1885 1490 Α

284 1496 341 1519 Cod.
363 1502 400 1518 ms
430 1493 675 1524 llibl.llurgnmlicae
698 1493 868 1517 Bruxeliensis
881 1493 912 1517 N“
933 1494 1273 1519 150llehartac.Saec.XV
1293 1494 1335 1518 fol.
1370 1511 1376 1517 .
1413 1513 1418 1517 .
1453 1513 1459 1518 .
1494 1512 1500 1518 .
1536 1512 1542 1518 .
1577 1512 1583 1518 .
1619 1513 1625 1518 .
1659 1512 1666 1518 .
1744 1513 1749 1518 .
1785 1513 1790 1518 .
1824 1517 1828 1521 ,
1866 1496 1884 1520 Β

284 1525 366 1550 Editio
389 1524 545 1550 l’etitdidier.
558 1523 572 1548 ὲ
585 1525 637 1549 eod.
651 1531 695 1548 ms.
708 1524 821 1548 abbatiae
834 1524 860 1548 S.
875 1523 957 1548 \‘itoni
966 1524 1081 1549 adornata

284 1580 378 1605 f‘rodiit
392 1580 494 1611 epistola
507 1579 568 1603 haec
579 1585 593 1602 e
616 1585 660 1602 ms.
680 1578 732 1603 eod.
747 1577 860 1602 abbatiae
873 1579 898 1602 ς.
910 1577 993 1602 Vitoni
1016 1579 1042 1608 (ς
1055 1578 1163 1608 -Vanne)
1175 1578 1199 1603 in
1216 1579 1277 1603 libro
1285 1580 1327 1610 qui
1346 1578 1489 1603 inscribitur
1504 1585 1511 1602 ε
1533 1579 1619 1604 Remar
1637 1586 1678 1604 nes
1701 1580 1743 1604 mir
1756 1579 1779 1604 Ia
1799 1579 1886 1605 biblio-

286 1619 337 1634 una!
348 1612 390 1634 des
402 1614 499 1634 autem:
513 1607 702 1634 extasi/lationes
713 1609 744 1633 de
757 1609 791 1633 M.
805 1609 842 1633 Du
853 1609 909 1634 Pin.
924 1616 969 1634 nar
983 1610 1011 1634 Ι).
1028 1608 1135 1633 Mat/lien
1158 1609 1311 1634 l'elitdidier.
1327 1609 1409 1634 Paris.
1425 1609 1492 1634 1693.
1507 1609 1536 1634 'l‘.
1548 1609 1569 1634 ll
1583 1617 1605 1634 ο.
1619 1586 1664 1634 ἕω
1674 1617 1741 1634 seua.
1755 1611 1839 1634 Exstat
1858 1610 1886 1634 in

253 1612 337 1643 tlwqae
348 1612 390 1643 des
402 1607 499 1643 tiuteura
508 1607 744 1643 rt’t‘qlésillﬁlf-(lltt‘sjiﬂ
757 1609 791 1643 ft.
805 1609 842 1643 ()u
847 1609 910 1643 "lfirr1
923 1616 969 1641 par
983 1610 1011 1634 Ι).
1028 1608 1135 1633 Mat/lien
1158 1607 1318 1643 l'elitdidigi‘._
1326 1609 1409 1643 faris.
1425 1609 1492 1634 1692.
1507 1609 1536 1634 Τ.
1548 1609 1569 1634 ll
1581 1617 1605 1641 p.

1650 1612 1664 1635 0
1674 1617 1741 1642 seqq.
1755 1611 1839 1635 Exstat
1858 1610 1886 1635 in

253 1639 307 1667 cmi.
332 1644 353 1667 Α
377 1642 418 1666 fol.
440 1640 494 1670 156,
506 1641 534 1670 2;
548 1639 572 1664 in
591 1639 684 1664 code
699 1640 742 1664 fol.
754 1639 794 1670 68,
807 1640 829 1664 1.
843 1640 879 1665 Cf.
895 1639 1077 1664 Pilumnum
1099 1647 1173 1671 supra
1187 1642 1235 1666 col.
1249 1641 1363 1665 ιοδ-ιοι.

287 1736 387 1771 Incipit
409 1735 525 1770 epistola
545 1734 639 1761 beati‘
660 1734 788 1761 Maeharii
809 1735 843 1762 ad
865 1736 1014 1764 monachos
1025 1739 1046 1765 ¹.
1065 1744 1084 1770 Β
1099 1738 1222 1769 auferre,
1247 1742 1276 1764 et
1303 1737 1376 1764 dicat
1397 1745 1506 1773 semper

287 1782 416 1817 Inprimis
428 1780 538 1815 quidem
552 1780 574 1807 si
588 1780 691 1814 ceperit
709 1780 791 1808 homo
804 1781 924 1816 seipsum
938 1783 948 1797 ⁸
962 1791 1044 1817 agno-

252 1836 329 1856 scere
346 1836 395 1854 cur
415 1831 524 1854 creatus
540 1825 585 1858 sit,
599 1831 625 1852 et
638 1825 800 1860 exquisierit
818 1825 947 1854 factorem
963 1835 1043 1854 suum

253 1875 334 1901 deum
346 1874 366 1906 ⁸,
385 1878 450 1900 tunc
464 1872 531 1900 sciet
542 1873 552 1888 ⁵
565 1872 688 1907 penitere
706 1871 740 1899 de
756 1872 820 1903 hiis,
836 1881 892 1908 que
908 1873 1046 1900 commisit

254 1920 281 1947 in
294 1925 416 1954 tempore
431 1918 599 1953 negligencie
612 1925 670 1949 sue,
685 1922 712 1944 et
725 1918 764 1944 sic
780 1918 890 1945 demum
909 1919 1045 1954 benignus

253 1966 322 1993 deus
335 1965 346 1980 ⁸
365 1965 412 1992 dat
430 1964 469 1991 illi
487 1964 629 1992 tristiciam
650 1971 701 1998 pro
720 1964 850 1998 peccatis,
869 1970 897 1992 et
913 1971 974 2000 post
992 1966 1045 1993 ite-

253 2019 314 2038 rum
335 2019 385 2045 per
408 2018 484 2037 suam
508 2009 707 2045 benignitatem
732 2009 778 2036 dat
805 2009 843 2036 illi
870 2010 1045 2038 atllictionem

253 2056 377 2091 corporis
391 2055 418 2082 in
433 2056 442 2070 "
464 2055 584 2086 ieiuniis,
602 2055 630 2082 in
645 2055 665 2069 "'
684 2054 795 2088 vigiliis,
814 2059 841 2082 et
860 2056 1018 2083 oracionum
1035 2057 1046 2072 ⁸

253 2101 415 2128 instanciam
430 2101 450 2132 ’,
475 2105 503 2127 et
525 2104 712 2134 contemptum
731 2100 752 2115 ¹⁸
777 2100 883 2132 mundi,
908 2105 938 2128 ut
959 2101 1047 2130 libens

255 2147 342 2174 illatas
363 2146 477 2172 iniurias
494 2146 513 2161 “
532 2145 655 2177 suﬂ‘erat,
673 2150 701 2172 et
726 2145 790 2172 odio
810 2145 944 2173 habeat"
964 2155 1046 2174 omne

254 2191 424 2226 retrigcrium
441 2191 591 2226 corporale,
609 2196 637 2218 et
654 2191 749 2226 diligat
767 2191 788 2206 ¹³
803 2191 942 2225 planctum
959 2193 1046 2228 magis

253 2246 335 2273 quam
358 2238 452 2264 risum.
475 2237 540 2264 Post
565 2237 616 2264 hcc
636 2237 739 2264 tribuet
760 2237 798 2264 illi
822 2237 1000 2271 desiderium,
1019 2243 1047 2266 et

253 2284 358 2315 fletum,
376 2288 403 2310 et
419 2282 601 2310 humilitatem
615 2282 636 2298 “
651 2282 742 2309 cordis
753 2283 785 2315 ”,
803 2287 834 2310 ut
852 2283 957 2310 trabem
972 2283 1046 2311 oculi

253 2330 295 2356 sui
313 2328 477 2360 consideret,
496 2335 551 2354 non
567 2328 589 2343 “
612 2327 725 2354 alterius
746 2327 879 2355 festucam
901 2328 1008 2356 nitatur
1023 2329 1045 2345 "

1528 1747 1535 1765 :
1558 1740 1686 1774 quoniam
1713 1738 1886 1774 iniquitatem

1097 1792 1186 1811 meam
1212 1791 1263 1820 ego
1279 1783 1301 1799 ¹⁸
1327 1791 1461 1819 cognosco
1479 1785 1512 1816 ",
1537 1790 1565 1812 et
1590 1789 1731 1820 peceatum
1750 1785 1773 1800 "
1794 1793 1885 1812 meum

1098 1835 1193 1858 contra
1212 1838 1256 1857 me
1273 1834 1315 1857 est
1333 1837 1451 1865 semper,
1468 1835 1495 1857 et
1511 1834 1540 1857 ut
1557 1830 1610 1857 diei
1628 1831 1649 1846 "
1667 1831 1755 1857 exitus
1769 1830 1810 1857 sui
1826 1838 1885 1856 me-

1098 1883 1158 1903 mor
1180 1875 1225 1906 sit,
1247 1879 1275 1902 et
1292 1875 1428 1909 quomodo
1445 1874 1473 1901 in
1487 1880 1635 1910 conspectu
1655 1875 1698 1902 dei
1714 1876 1737 1891 "
1756 1882 1887 1902 occursu-

1098 1929 1145 1948 rus
1160 1920 1204 1951 sit,
1217 1920 1353 1947 etiudieia
1368 1924 1396 1947 et
1408 1927 1492 1954 penas
1505 1919 1642 1947 describat
1657 1920 1679 1936 "
1695 1920 1721 1947 in
1738 1924 1885 1954 conspectu

1098 1966 1198 1993 mentis
1222 1973 1280 1996 sue,
1302 1973 1354 1992 nec
1376 1973 1431 1992 non
1454 1965 1539 1992 eciam
1554 1965 1576 1980 “
1597 1965 1695 1992 merita
1717 1969 1744 1992 et
1767 1965 1886 1992 honores

1099 2011 1145 2046 qui
1155 2010 1237 2037 dandi
1247 2014 1310 2037 sunt
1321 2010 1422 2037 sanctis
1434 2009 1482 2045 (l).
1492 2009 1520 2037 Si
1535 2014 1627 2037 autem
1639 2011 1807 2045 cognoverit.
1820 2011 1886 2045 quia

1094 2063 1142 2082 cor
1170 2055 1244 2082 illius
1268 2054 1376 2081 ﬁrmum
1398 2058 1440 2081 est
1464 2054 1492 2081 in
1517 2055 1617 2082 timore
1645 2055 1759 2087 domini,
1780 2059 1808 2082 et
1830 2063 1886 2082 non

1095 2100 1208 2127 dimittit
1221 2100 1310 2126 locum
1322 2107 1413 2131 suum,
1431 2100 1478 2127 sed
1493 2099 1602 2128 fortiter
1617 2101 1720 2128 resistit
1736 2101 1774 2137 (2)
1789 2101 1886 2128 adver-

1095 2147 1167 2181 sario
1182 2154 1242 2178 suo,
1257 2146 1302 2173 ille
1320 2145 1458 2180 perfectus
1477 2147 1629 2174 monachus
1645 2152 1674 2174 et
1692 2147 1771 2174 miles
1783 2146 1885 2175 Christi

1098 2197 1224 2219 vocatur.
1242 2192 1278 2220 Ut
1296 2192 1369 2219 enim
1386 2192 1523 2219 cumulata
1537 2193 1561 2208 “
1579 2193 1656 2220 navis
1675 2192 1810 2220 undarum
1828 2193 1884 2220 ictu

1096 2239 1235 2270 obruitur,
1249 2239 1288 2265 sic
1304 2238 1389 2265 multa
1403 2237 1546 2273 possidens
1560 2239 1711 2267 monachus
1727 2247 1781 2266 non
1795 2239 1884 2266 salva-

1095 2283 1179 2312 bitur.
1194 2284 1267 2311 Nihil
1282 2284 1426 2319 possidens
1443 2285 1593 2312 monachus
1605 2285 1692 2312 viator
1704 2285 1847 2320 expeditus
1861 2285 1886 2301 "

1096 2334 1146 2357 est.
1165 2329 1239 2357 Nihil
1259 2329 1402 2364 possidens
1418 2330 1568 2358 monachus
1580 2331 1657 2365 quasi
1675 2331 1765 2365 aquila
1782 2331 1816 2358 ad
1835 2338 1884 2357 ex-

911 2407 1039 2435 VARIAE
1060 2408 1262 2436 LECTIONES.

292 2468 381 2505 "beati
398 2476 452 2505 om.
468 2469 490 2505 Α
539 2469 549 2483 ¹
564 2468 584 2494 Β
600 2469 698 2504 Incipit
715 2469 770 2496 alia
792 2469 904 2505 epistola
926 2469 1041 2505 eiusdem
1060 2469 1189 2497 Mac/mrii
1209 2470 1320 2501 abbatis,
1338 2477 1386 2504 quc
1403 2473 1491 2496 tamen
1511 2468 1643 2505 inimultis
1668 2477 1792 2503 magnam
1823 2477 1885 2496 ι-οιι-

254 2501 412 2530 venientiam
437 2504 513 2530 habet
539 2512 598 2530 cum
625 2501 742 2539 prbdictu
771 2501 892 2539 epistola.

253 2539 298 2565 ‘C
322 2539 452 2565 dominus.
508 2539 562 2565 "in
587 2547 642 2565 om.
661 2540 691 2566 C.
748 2538 805 2566 "in
829 2548 884 2566 om.
912 2538 943 2566 C.

255 2574 275 2590 “
295 2574 315 2600 Β
340 2573 522 2600 contumelias.
575 2575 596 2589 ¹²
612 2574 633 2600 Β
662 2579 690 2602 et
710 2574 762 2601 idio
795 2575 881 2601 habet.

254 2608 401 2635 militatum.
442 2609 462 2623 "'
476 2609 561 2635 cordis
573 2616 627 2635 om.
639 2609 669 2636 C.
710 2610 730 2624 "
745 2610 764 2636 (Ζ
781 2613 806 2635 et
821 2617 885 2636 non.

253 2643 353 2670 (ictum.
397 2643 418 2658 “
432 2643 453 2670 C
471 2643 548 2670 diem.
586 2645 608 2659 ”
621 2644 641 2671 C
659 2645 768 2671 domini.
820 2645 843 2660 "
860 2644 900 2671 BC
913 2644 1044 2671 describit.

255 2678 411 2710 multarunt,
434 2678 455 2704 Β
473 2687 532 2705 cum
556 2679 642 2706 multa
665 2684 786 2714 portans,
803 2679 823 2707 C
840 2688 900 2706 cum
920 2678 1016 2706 multa.

961 2505 972 2520 ³
984 2504 1006 2530 Β
1024 2505 1200 2539 semetipsum.

1001 2539 1011 2555 ⁸
1036 2540 1056 2566 C
1078 2540 1250 2566 orationibus.

939 2574 960 2589 ιι
979 2574 1020 2600 ne
1037 2575 1131 2609 diligit.

926 2609 946 2624 ¹⁷
961 2609 981 2635 Α
999 2609 1136 2636 desideret.

1254 2505 1264 2520 ⁸
1277 2505 1296 2531 C
1318 2505 1462 2531 dominum.
1519 2505 1529 2519 ³
1542 2504 1594 2531 Pro
1610 2508 1672 2530 tum:
1690 2505 1751 2530 sciet
1780 2505 1824 2531 AB
1847 2509 1881 2531 et.

1307 2540 1317 2556 ’
1340 2539 1381 2567 BC
1398 2539 1539 2575 instantia.
1600 2539 1686 2575 “713C
1723 2544 1883 2575 contemptu.

1183 2575 1205 2590 “
1227 2575 1246 2601 Β
1263 2575 1484 2605 Immiliaeionem.
1517 2574 1537 2601 C
1554 2574 1766 2605 ltumiliacionem
1787 2579 1812 2601 et
1826 2574 1883 2602 'Im-

1194 2610 1215 2625 "‘
1235 2618 1280 2644 ego
1298 2619 1353 2636 om.
1383 2611 1413 2638 C.
1483 2609 1504 2624 “
1524 2609 1544 2636 C
1561 2618 1683 2644 agnosco.
1733 2610 1755 2625 ¹⁰
1775 2610 1816 2636 BC
1835 2611 1883 2636 de-

1101 2645 1122 2660 "
1137 2645 1220 2671 edam
1237 2653 1291 2671 tun.
1310 2646 1343 2672 A.
1416 2646 1440 2661 ’⁵
1450 2645 1491 2672 Ex
1512 2645 1599 2680 conj.,
1621 2652 1672 2680 pro
1699 2645 1883 2676 cunaulatLA

1073 2680 1095 2694 “
1115 2680 1137 2707 Α
1157 2681 1314 2715 expeditior.

1009 2737 1136 2764 NOTAE.

290 2785 327 2819 tl)
340 2784 408 2811 lli‘nc
417 2783 515 2820 incipit
530 2783 684 2820 discrepare
700 2783 767 2811 haec
777 2784 810 2812 ab
821 2792 863 2815 ea,
874 2792 955 2820 quam
967 2785 1039 2812 subl

251 2821 431 2853 vulgavimus,
444 2819 568 2853 epistola.

290 2827 431 2854 Igavrmus,
444 2827 568 2880 t‘FlSlOla.

287 2858 328 2890 μ)
339 2857 412 2888 Quae
426 2854 459 2881 ab
470 2861 525 2880 unc
541 2861 627 2888 usque
642 2854 674 2882 ad
691 2854 771 2882 tinem
793 2860 956 2890 sequuntur,
974 2862 1038 2890 spn-

1094 2786 1133 2813 ria
1152 2791 1225 2849 supt,
1243 2791 1270 2813 et
1290 2794 1305 2813 e
1323 2784 1431 2813 Macarii
1454 2783 1651 2820 (Alexandrini)
1668 2783 1784 2819 epistola
1800 2783 1834 2811 Ν·
1851 2782 1883 2810 lll

1095 2829 1182 2849 comm
1197 2827 1249 2849 ala.

1095 2827 1249 2856 comptlata.
