2064 3152
276 142 327 176 451

892 139 922 169 S.
944 134 1103 168 MACARII
1123 135 1286 167 IEGYPTII

1849 136 1906 169 452

277 200 463 230 nifcstandum
487 203 577 227 tamen
594 198 700 226 ultimis
720 196 892 232 temporibus
913 196 942 224 in
958 193 1066 230 appari-

1127 195 1234 229 ρανείας
1245 193 1293 222 τοῦ
1307 194 1435 231 Χριστοῦ.
1449 195 1546 231 Ψυχῆς
1557 194 1611 231 γὰρ
1624 194 1774 231 μυστήριον
1785 194 1909 231 ἐθεώρει.

279 247 354 275 tione
366 246 479 274 Christi.
491 244 609 272 Videbat
619 245 692 271 enim
702 242 871 279 mysterium
888 241 996 272 animae,
1006 247 1068 274 qua:

277 293 424 322 Dominum
447 297 528 319 suum
551 277 719 326 amplexura',
739 277 771 316 vet
786 288 903 316 thronus
920 286 1014 322 gloria:
1027 285 1068 312 fu-

279 346 341 368 tura
350 343 420 367 erat.
437 337 535 365 Anima
556 335 703 371 siquidem,
716 342 778 369 qua:
791 334 826 362 de
835 333 955 368 Spiritus
969 331 1067 363 sancti,

279 382 458 419 praeparantis
476 381 550 408 illam
574 380 627 407 sibi
652 380 680 406 in
696 379 788 406 sedem
806 382 836 405 et
857 376 1067 407 habitationem,

280 428 446 465 participare
460 427 564 455 lumine
576 426 659 462 digna
673 424 805 461 iudicata,
817 426 847 451 et
859 421 1069 458 pulchritudine

280 475 473 503 inenarrabilis
507 474 601 510 gloriae
630 474 690 508 ejus
720 472 854 499 illustrata
882 474 936 503 est,
959 472 1016 496 tota
1040 467 1070 495 fit

281 522 386 555 lumen,
405 525 462 548 tota
476 520 561 548 facies
575 523 603 547 et
616 523 673 546 tota
685 518 783 545 oculus
795 526 802 544 :
820 524 871 545 nec
887 516 942 544 ulla
956 520 999 543 est
1010 514 1070 550 ejus

281 576 355 603 pars,
378 575 439 602 qua:
464 566 553 594 oculis
571 564 763 601 spiritualibus
782 562 895 590 luminis
909 562 989 597 plena
1014 567 1070 588 non

281 614 334 641 sit:
351 613 404 640 hoc
419 617 471 645 est,
504 612 580 639 nulla
601 611 662 647 ejus
685 618 750 646 pars
768 609 892 637 tenebris
910 607 1009 639 olIusa,
1021 605 1070 634 sed

282 664 339 687 tota
359 660 452 687 lumen
468 663 496 686 et
517 657 639 693 Spiritus
653 657 761 689 ellecta,
777 660 805 683 et
818 660 874 683 tota
887 655 1005 687 oculata,
1019 660 1072 681 nec

282 705 462 736 anteriorem,
483 711 536 731 nec
551 703 731 738 posteriorem
747 706 854 737 partem
869 701 953 728 ullam
977 698 1070 732 habet,

283 750 332 778 sed
347 750 470 784 undique
490 749 517 776 in
532 749 602 776 facie
618 752 671 780 est,
689 747 874 776 descendente
888 753 972 780 super
984 745 1071 776 illam,

283 801 312 824 et
326 796 354 823 in
374 804 406 823 ea
433 795 573 823 insidente
591 793 723 822 ineﬁ‘abili
751 791 958 828 pulchritudine
980 789 1073 826 gloria:

282 841 397 869 luminis
413 840 525 869 Christi.
543 840 575 868 Et
589 840 822 876 quemadmodum
833 838 875 866 sol
889 837 1073 872 undequaque

1119 244 1170 278 τῆς
1193 241 1345 278 μελλούσης
1370 242 1497 278 δέχεσθαι
1516 242 1563 269 τὸν
1588 243 1688 278 ἑαυτῆς
1714 242 1837 278 Κύριον,
1862 243 1911 270 καὶ

1121 288 1215 325 θρόνος
1231 288 1312 324 δόξης
1326 288 1401 324 αὐτῷ
1425 288 1564 322 γενέσθαι.
1574 288 1656 323 Ψυχὴ
1669 288 1725 324 γὰρ
1741 289 1758 324 ὴ
1777 288 1912 322 καταξιω-

1121 335 1197 362 θεῐσα
1216 334 1380 370 κοινωνῆσαι
1407 334 1447 369 τῷ
1472 334 1611 369 Πνεύματι
1634 333 1682 361 τοῦ
1701 333 1790 369 φωτὸς
1814 334 1911 367 αὑτοῦ,

1121 382 1169 408 καὶ
1184 381 1412 416 καταλαμφθεωα
1433 380 1486 408 ὑπὸ
1506 379 1553 407 τοῦ
1575 380 1692 412 κάλλους
1715 381 1765 416 τῆς
1789 381 1911 418 αρῤἰχτου

1121 427 1203 463 δόξης
1217 426 1312 460 αὐτοῦ,
1327 427 1502 462 ἑτοιμάσαντι
1519 427 1605 462 αὐτὴν
1619 427 1708 462 ἐαυτῷ
1723 428 1762 459 εἰς
1776 427 1911 463 καθέδραν

1123 473 1169 499 καὶ
1181 472 1351 508 οἰκητήριον,
1366 472 1416 507 ὅλη
1431 472 1488 507 φῶς
1504 472 1620 506 γίνεται,
1633 472 1681 499 καὶ
1693 472 1741 506 ὅλη
1755 472 1912 507 πρόσωπον,

1123 519 1170 545 καὶ
1183 518 1233 554 ὅλη
1251 518 1399 553 ὀφθαλμός·
1421 519 1469 544 καὶ
1483 517 1559 544 οὐδὲν
1573 517 1657 552 αὐτῆς
1673 518 1756 553 μέρος
1772 517 1809 552 μὴ
1827 517 1913 552 γέμον

1123 565 1178 591 τῶν
1194 564 1388 599 πνευματικῶν
1402 563 1551 599 ὀφθαλμῶν
1571 563 1619 590 τοῦ
1639 564 1737 599 φωτός*
1751 563 1824 590 τοῦτ’
1838 564 1913 590 ἐστιν

1123 611 1200 639 οὐδὲν
1226 611 1437 646 ὲσκοτισμένον,
1465 610 1523 637 ἀλλ’
1548 610 1596 646 ὅλη
1620 610 1654 637 δι’
1686 610 1748 637 ὅλου
1781 610 1839 644 φῶς
1864 610 1913 636 καὶ

1125 657 1234 693 πνεῦμα
1250 656 1466 693 ἀπεργασθετσα,
1478 656 1527 683 καὶ
1545 656 1592 691 ὃλη
1615 655 1762 692 ὀφθαλμῶν
1777 656 1912 691 γέμουσα,

1127 703 1165 738 μὴ
1178 703 1278 738 ἔχουσα
1292 703 1321 729 δὲ
1337 702 1450 739 ὕστερόν
1460 702 1511 738 τιῆ
1524 702 1637 729 ὅπισθεν
1648 702 1741 738 μέρος,
1757 702 1825 728 ἀλλὰ
1843 703 1913 729 πάν-

1125 757 1159 783 τη
1174 749 1246 776 κατὰ
1259 749 1406 784 πρόσωπον
1423 748 1552 783 τυγχάνει
1566 745 1644 781 οὖσα,
1659 747 1856 783 ὲπιδεὸηκότος
1868 749 1913 774 ἐπ’

1125 796 1211 832 αὐτὴν
1232 796 1280 823 καὶ
1292 795 1519 828 ὲπικαθεσοέντος
1534 795 1582 822 τοῦ
1594 795 1714 831 ἀρῤήτου
1731 795 1846 827 κάλλους
1861 795 1915 830 τῆς

1126 843 1206 879 δόξης
1221 842 1270 869 τοῦ
1288 842 1387 877 φωτὸς,
1411 841 1458 868 τοῦ
1481 841 1610 877 Χριστοῦ.
1627 841 1683 868 Καὶ
1696 841 1791 876 ὥσπερ
1807 842 1821 868 ὸ
1837 841 1915 876 ἣλιος

282 889 327 916 sui
342 888 453 921 similis,
464 887 492 923 4
504 874 608 915 nullam
622 891 871 922 partemposteram
884 890 931 913 aut
945 883 1075 920 imperfe-

1128 874 1216 923 παντη
1232 874 1324 923 ὅμοιός
1339 889 1409 921 ἐστι,
1426 888 1463 923 μὴ
1478 874 1548 922 ἔχων
1559 896 1585 913 τι
1602 887 1683 922 μέρος
1699 874 1815 922 ὕστερον
1831 874 1855 922 ἢ.
1868 887 1914 913 ἑλ-

283 940 354 963 ctam
373 934 467 967 habet,
485 933 534 961 sed
551 937 625 961 totus
636 934 750 961 omnino
774 933 879 961 lumine
895 935 1032 963 coruscat,
1045 935 1073 958 et

284 985 359 1008 totus
380 980 473 1008 lumen
493 984 547 1012 est,
565 987 600 1008 ex
620 979 759 1008 similibus
778 979 904 1015 partibus
919 977 1072 1010 conﬂatus;

284 1031 332 1055 aut
356 1026 589 1062 quemadmodum
618 1026 700 1062 ignis,
728 1026 818 1062 ipsum
843 1025 951 1054 scilicet
979 1025 1073 1053 lumen

284 1073 367 1110 ignis,
390 1077 465 1101 totus
489 1073 541 1100 sibi
556 1072 654 1100 similis
666 1077 719 1105 est,
735 1079 787 1100 nec
809 1071 943 1104 anterius,
966 1075 1013 1098 aut
1024 1078 1075 1105 po-

285 1119 395 1151 sterius,
411 1122 459 1146 aut
475 1119 574 1154 majus,
590 1122 638 1145 aut
649 1117 740 1145 minus
754 1117 821 1152 quid
833 1117 860 1145 in
872 1125 902 1145 se
917 1116 1000 1144 habet
1013 1124 1019 1143 :
1033 1116 1074 1144 sic

284 1169 314 1192 et
337 1165 439 1197 anima,
468 1164 602 1192 ineffabili
632 1163 839 1200 pulchritudine
853 1163 947 1199 gloriae
961 1162 1074 1191 luminis

285 1210 365 1238 faciei
380 1210 482 1238 Christi
500 1209 624 1245 perfecte
642 1209 791 1242 illustrata,
809 1212 838 1236 et
852 1208 972 1244 Spiritus
986 1208 1075 1235 sancti

284 1256 408 1292 perfecte
428 1256 567 1292 particeps
587 1255 669 1288 facta,
687 1259 787 1290 etquae
805 1254 885 1282 ﬁeret
900 1253 1035 1281 habitatio
1047 1257 1076 1281 et

285 1302 365 1331 sedes
381 1301 430 1330 Dei
451 1301 533 1337 digna
544 1301 676 1337 iudicata,
707 1304 764 1328 tota
780 1300 888 1332 oculus,
903 1304 960 1327 tota
969 1299 1074 1332 lumen,

287 1353 345 1376 tota
368 1348 464 1381 facies,
479 1352 535 1375 tota
559 1347 646 1383 gloria
657 1351 686 1374 et
700 1351 758 1374 tota
774 1346 887 1382 spiritus
901 1345 942 1378 fit,
954 1345 990 1372 ita
1007 1353 1076 1380 pra:-

286 1397 400 1429 parante
410 1400 471 1420 eam
481 1392 604 1426 Christo,
616 1392 735 1424 ferente,
751 1396 859 1427 agente.
870 1395 1009 1427 portante,
1029 1398 1077 1426 ge-

286 1444 388 1473 stante,
403 1439 498 1474 sicque
506 1443 658 1466 exornante
665 1445 697 1466 ac
708 1437 856 1465 decorante
872 1437 945 1464 illam
956 1436 1078 1472 pulchri-

287 1487 383 1514 tudine
398 1486 552 1522 spirituali;
571 1485 662 1520 inquit
672 1485 746 1512 enim
760 1493 766 1511 :
787 1484 881 1512 Manus
893 1483 1006 1511 hominis
1019 1487 1076 1510 erat

286 1533 376 1560 subtus
388 1531 528 1560 Cherubim
541 1532 562 1558 '.
574 1531 643 1564 Quia
659 1531 717 1565 ipse
733 1534 777 1558 est
799 1530 848 1565 qui
867 1530 896 1557 in
908 1537 940 1558 ea
953 1530 1074 1562 vehitur,

286 1582 316 1606 ct
333 1577 381 1613 qui
394 1577 467 1604 viam
478 1577 504 1604 ci
518 1580 726 1605 commonstrat.

322 1677 369 1705 ill.
383 1677 507 1711 Quatuor
519 1682 612 1705 autem
629 1677 675 1705 illa
691 1677 820 1706 animalia
834 1685 945 1705 currum
960 1677 1077 1705 ferentia

288 1727 384 1759 typum
397 1731 454 1759 prae
473 1731 503 1751 se
519 1722 646 1750 ferebant
664 1723 865 1758 praecipuarum
879 1723 977 1751 animae
993 1723 1079 1750 ratio-

287 1769 357 1798 nalis
372 1769 504 1804 partium.
520 1768 756 1802 Quemadmodum
768 1768 843 1796 enim
863 1768 954 1804 aquila
971 1768 1078 1796 caeteris

286 1816 388 1844 avibus
407 1815 578 1847 dominatur,
601 1819 630 1842 et
646 1814 691 1842 leo
709 1814 864 1850 agrestibus
880 1814 957 1848 feris,
968 1822 1001 1842 ac
1016 1819 1077 1842 tau-

290 1870 341 1890 rus
359 1863 512 1890 mansuetis
532 1861 709 1895 animalibus,
723 1866 751 1890 et
762 1862 845 1889 homo
861 1861 997 1889 creaturis
1008 1869 1078 1897 prae-

288 1911 362 1935 stat:
380 1906 420 1934 sic
441 1911 470 1934 et
491 1906 590 1934 animae
610 1910 674 1934 sunt
688 1906 828 1942 potentiae,
841 1906 901 1934 aliae
916 1907 978 1934 aliis
988 1906 1078 1934 excel-

287 1953 432 1983 lentiores.
459 1952 525 1980 Dico
541 1957 644 1985 autem,
667 1953 846 1984 voluntatem,
868 1952 1076 1982 conscientiam.

287 2004 411 2028 mentem
431 2003 460 2027 et
476 1999 609 2035 diligendi
632 1998 699 2026 vim.
724 1999 777 2027 Per
801 1999 864 2027 illas
886 1999 961 2026 enim
977 2006 1078 2026 currus

287 2046 388 2073 anima:
402 2045 581 2081 gubernatur,
595 2050 623 2072 et
633 2045 661 2072 in
676 2045 720 2073 his
731 2045 880 2080 requiescit
892 2045 974 2072 Deus.
989 2044 1079 2072 Aliter

288 2098 355 2118 vero
371 2095 400 2118 et
420 2091 455 2118 ad
480 2091 622 2119 emlestem
651 2095 810 2120 sanctorum
825 2091 975 2120 Ecclesiam
989 2096 1078 2119 trans-

287 2136 356 2164 ferri
381 2137 435 2164 hoc
461 2141 564 2172 potest.
589 2137 624 2165 Et
642 2137 876 2173 quemadmodum
903 2138 970 2166 illuc
996 2138 1077 2172 dicit,

277 2183 367 2218 'quod
391 2183 521 2211 animalia
551 2188 628 2211 erant
640 2184 715 2212 valde
727 2185 862 2217 sublimia,
883 2185 964 2220 plena
984 2185 1077 2218 oculis,

1122 936 1225 968 λεῖπον,
1250 933 1308 962 ἀλλ’
1321 934 1382 966 ὅλος
1404 933 1435 966 ἐξ
1457 933 1518 960 ὅλου
1545 933 1701 965 δεδόξασται
1719 932 1759 968 τῷ
1773 933 1853 967 φωτὶ,
1866 933 1916 960 καὶ

1123 981 1185 1014 ὅλος
1208 979 1266 1016 φῶς
1295 980 1381 1012 ἐστιν,
1402 978 1570 1015 ὅμοιομερὴς
1601 979 1754 1014 τυγχάνων
1782 979 1799 1014 ἢ
1819 978 1915 1013 ὥσπερ

1123 1027 1192 1063 πῦρ,
1206 1027 1273 1054 αὐτὸ
1286 1026 1317 1053 τὺ
1332 1027 1390 1061 φῶς
1399 1024 1447 1052 τοῦ
1463 1024 1559 1061 πυρὸς,
1574 1024 1634 1052 ὅλον
1647 1024 1740 1060 ὅμοιον
1753 1024 1827 1060 αὐτῷ
1843 1024 1915 1057 ἐστι,

1124 1074 1233 1101 καὶούκ
1247 1072 1304 1108 ἔχει
1319 1073 1348 1099 ὲν
1368 1071 1458 1107 ἑαυτῷ
1476 1071 1595 1107 πρῶτον,
1608 1070 1625 1106 ἣ
1637 1069 1762 1106 ἔσχατον,
1779 1069 1796 1105 ἢ
1810 1068 1914 1104 μεῖζον,

1125 1120 1173 1147 καὶ
1190 1119 1302 1146 ἔλαττον
1315 1127 1321 1134 ·
1345 1117 1419 1145 οὕτω
1434 1117 1482 1144 καὶ
1500 1115 1574 1151 ψυχὴ
1595 1116 1612 1152 ἡ
1632 1115 1859 1151 ηταλαμφθεῖσα
1871 1123 1917 1141 τε-

1126 1166 1206 1198 λείως
1228 1165 1279 1192 ὑπὸ
1293 1165 1340 1192 τοῦ
1357 1165 1477 1200 ἀρρήτου
1493 1162 1609 1194 κάλλους
1630 1162 1681 1198 ¹τῆς
1699 1162 1779 1197 δόξης
1795 1162 1843 1189 τοῦ
1859 1171 1917 1197 φω-

1124 1216 1171 1246 τὸς
1186 1213 1233 1241 τοῦ
1258 1212 1406 1249 προσώπου
1427 1212 1475 1239 τοῦ
1496 1209 1627 1247 Χριστοῦ,
1650 1209 1699 1237 καὶ
1725 1209 1916 1245 κοινωνήσασα

1126 1260 1266 1296 Πνεὺματι
1282 1259 1351 1295 ἁγίῳ
1364 1258 1486 1290 τελείως,
1503 1257 1550 1284 καὶ
1563 1256 1777 1291 κατοικητήριον
1792 1256 1839 1282 καὶ
1849 1255 1915 1290 θρό-

1126 1315 1170 1338 νος
1181 1305 1250 1333 Θεοῦ
1263 1304 1463 1337 καταξιωθεῖσα
1483 1302 1620 1338 γενέσθαι,
1638 1302 1686 1338 ὅλη
1706 1300 1854 1336 ὀφθαλμὸς,
1868 1301 1917 1327 καὶ

1126 1353 1174 1388 ὅλη
1193 1352 1262 1387 φῶς,
1282 1351 1328 1378 καὶ
1343 1350 1392 1385 ὅλη
1406 1350 1563 1385 πρόσωπον,
1579 1348 1627 1376 καὶ
1644 1349 1692 1383 ὅλη
1706 1347 1780 1381 δόξα,
1800 1347 1849 1374 καὶ
1865 1347 1916 1381 ὅλη

1126 1398 1236 1434 πνεῦμα
1248 1397 1362 1433 γίνεται,
1375 1396 1461 1427 οὕτως
1477 1395 1563 1431 αὐτὴν
1576 1394 1826 1426 κατασκευάζοντος
1847 1393 1917 1428 Χρι-

1128 1444 1203 1477 στοῦ,
1222 1443 1270 1470 τοῦ
1294 1443 1424 1479 φέροντος
1451 1443 1498 1468 καὶ
1513 1442 1636 1476 ἄγοντος,
1654 1441 1701 1467 καὶ
1722 1440 1916 1475 βαστάζοντος.

1127 1490 1174 1516 καὶ
1196 1488 1341 1525 φοροῦντος
1356 1488 1452 1522 αὐτὴν,
1471 1487 1518 1514 καὶ
1537 1486 1608 1513 οὕτω
1626 1485 1840 1522 εὐτρεπίζοντος,
1868 1484 1919 1511 καὶ

1128 1535 1364 1570 κατακοσμοῦντος
1386 1533 1479 1562 κάλλει
1495 1532 1687 1569 ⁸ιινευιιρέιικιῖι·
1703 1532 1750 1559 καὶ
1768 1531 1823 1566 γάρ
1836 1539 1916 1566 φησι,

1127 1583 1194 1618 Χειρ
1202 1581 1358 1617 ἀνθρώπου
1367 1580 1505 1609 ὑποκάτω
1515 1577 1554 1616 ἦν
1569 1579 1629 1607 τῶν
1639 1578 1794 1614 Χερουϐιμυ
1804 1578 1846 1604 ὅτι
1866 1578 1902 1605 αὖ
1909 1592 1919 1598 ~

1126 1629 1172 1661 τός
1182 1629 1256 1654 ἐστιν
1269 1628 1284 1654 ό
1301 1628 1330 1654 ὲν
1340 1627 1409 1662 αὐτῇ
1424 1625 1634 1662 βασταζόμενος,
1645 1625 1692 1652 καὶ
1702 1623 1807 1660 ὁδηγῶν
1818 1622 1918 1658 αὑτήν.

1162 1675 1200 1703 I".
1212 1674 1305 1702 Τύπον
1320 1674 1349 1701 δὲ
1371 1673 1468 1708 ἔφερον
1481 1673 1516 1700 τὰ
1528 1672 1651 1708 τέσσαρα
1664 1671 1723 1704 ζῶα
1742 1671 1776 1698 τὰ
1791 1671 1919 1706 ,φέροντα

1127 1722 1158 1749 τὸ
1171 1721 1259 1757 ἅρμα,
1275 1720 1366 1748 αὐτῶν
1379 1719 1434 1746 τῶν
1448 1719 1621 1755 ἡγεμονικῶν
1645 1717 1785 1754 λογισμῶν
1799 1717 1849 1752 τῆς
1864 1717 1918 1752 ψυ-

1128 1769 1189 1803 χῆς.
1205 1767 1312 1803 Ὥσπερ
1324 1766 1379 1803 γὰρ
1391 1766 1406 1792 ὸ
1420 1765 1500 1796 ἀετὸς
1516 1763 1655 1801 βασιλεύει
1668 1763 1724 1790 τῶν
1739 1762 1851 1798 ὀρνέων,
1869 1762 1918 1791 καὶ

1128 1814 1142 1840 ὁ
1156 1813 1223 1841 λέων
1237 1813 1293 1840 τῶν
1321 1812 1425 1848 ἀγρίων
1441 1811 1553 1847 θηριων,
1569 1810 1617 1837 καὶ
1638 1810 1653 1836 ὁ
1667 1808 1767 1844 ταῦρος
1781 1808 1837 1836 τῶν
1846 1808 1916 1844 ὴμέ-

1130 1868 1184 1895 ρων
1201 1859 1290 1892 ζώων,
1311 1860 1358 1886 καὶ
1375 1860 1390 1886 ὁ
1411 1857 1554 1893 ἄνθρωπος
1574 1856 1629 1883 τῶν
1647 1854 1815 1890 κτισμάτων·
1831 1854 1918 1885 οὕτως

1129 1906 1183 1932 εἰσὶ
1197 1906 1244 1932 καὶ
1263 1905 1288 1932 οἱ
1304 1903 1511 1940 βασιλικώτεροι
1525 1902 1650 1938 λογισμοὶ
1665 1901 1716 1936 τῆς
1729 1900 1830 1936 ψυχῆς
1846 1899 1919 1934 λέγω

1128 1951 1168 1984 δὲ,
1187 1951 1217 1978 τὺ
1233 1950 1351 1986 θέλημα,
1376 1950 1394 1985 ἡ
1412 1948 1574 1983 συνείδησις,
1595 1948 1609 1974 ὅ
1625 1946 1697 1979 νοῦς,
1715 1947 1732 1982 ἡ
1757 1945 1919 1981 ἀγαπητικὴ

1131 1997 1258 2034 δύναμις·
1274 1997 1307 2024 δι’
1331 1996 1421 2023 αὐτῶν
1434 1995 1488 2031 γὰρ
1510 1996 1541 2020 τὸ
1554 1995 1631 2030 ᾶρμα
1647 1993 1699 2028 τῆς
1714 1992 1802 2027 ψυχῆς
1817 1991 1921 2027 κυϐερ-

1130 2045 1220 2076 νᾶται,
1237 2043 1285 2070 καὶ
1300 2043 1340 2075 εις
1361 2042 1474 2073 τούτους
1497 2040 1703 2068 ὲπαναπαύεται
1722 2040 1736 2066 ό
1752 2039 1828 2070 Θεός,
1848 2037 1920 2065 Κατ’

1129 2090 1210 2117 ἄλλον
1227 2089 1256 2116 δὲ
1270 2089 1382 2125 τρόπον,
1395 2089 1435 2119 εἰς
1450 2087 1500 2123 τὴν
1511 2086 1671 2122 ἐπουράνιον
1686 2084 1850 2120 Ἐκκλησίαν
1869 2084 1920 2118 τὴν

1130 2137 1185 2164 τῶν
1203 2136 1290 2170 ἁγίων
1315 2134 1494 2170 λαμϐάνεται.
1515 2133 1570 2160 Καὶ
1585 2132 1680 2167 ὥσπερ
1695 2131 1754 2158 ἐκεῖ
1776 2130 1861 2165 λέγει,
1877 2129 1920 2156 ὅτι

1131 2184 1171 2211 Τὰ
1181 2182 1237 2214 ζῶα
1254 2180 1294 2218 ἦν
1311 2180 1416 2216 ὑψηλὰ
1429 2180 1512 2212 λίαν,
1530 2179 1658 2215 γέμοντα
1677 2175 1848 2212 ὀφθαλμῶν,
1868 2175 1920 2203 καὶ

289 2238 337 2257 nec
348 2230 472 2266 cuiquam
488 2230 581 2258 licebat
594 2232 811 2267 comprehendere
833 2239 973 2259 numerum
987 2232 1075 2260 oculo-

1130 2231 1188 2258 οὐκ
1200 2228 1239 2265 ἦν
1250 2227 1381 2256 δυνατόν
1396 2235 1453 2254 τινι
1465 2224 1644 2253 καταλαϐεῖν
1654 2223 1708 2250 τὸν
1719 2222 1844 2257 ἀριθμὸν
1860 2219 1920 2248 τῶν·

289 2286 361 2310 mm.
385 2282 432 2306 aut
446 2277 637 2306 sublimitatem
650 2279 671 2312 ³,
685 2278 750 2314 quia
763 2279 864 2306 horum
879 2279 1001 2314 cognitio
1017 2279 1081 2307 data

288 2331 346 2351 non
361 2328 420 2358 est;
438 2329 466 2352 et
477 2324 708 2360 quemadmodum
723 2324 816 2352 sidera
829 2324 858 2352 in
872 2324 943 2353 cmlo
956 2328 1066 2355 contem

289 2368 362 2404 piari
389 2372 417 2396 et
438 2369 569 2396 admirari
590 2369 684 2396 datum
700 2374 742 2397 est
753 2369 882 2397 omnibus
900 2370 1079 2398 hominibus:

290 2422 438 2442 numerum
451 2423 517 2443 vero
527 2423 624 2442 eorum
636 2422 803 2451 cognoscere
814 2415 963 2456 in\nullius
975 2416 1082 2444 viribus

289 2465 351 2488 est:
369 2460 466 2489 eodem
494 2461 577 2488 modo
607 2461 634 2487 in
651 2460 791 2488 caelestem
807 2465 967 2489 sanctorum
984 2461 1079 2488 Eccle-

291 2507 360 2533 siam
382 2506 488 2541 ingredi
513 2506 625 2541 quidem
638 2510 667 2533 et
680 2506 831 2535 rel‘ocillari
849 2507 979 2536 omnibus
990 2513 1080 2536 certa-

292 2559 356 2580 men
368 2551 480 2579 inituris
490 2551 557 2579 licet
568 2560 575 2578 :
590 2559 760 2586 cognoscere
771 2559 841 2580 vero
852 2557 881 2580 et
895 2554 1080 2589 comprobent-

292 2598 360 2626 dere
385 2606 543 2630 numerum,
560 2598 612 2626 soli
643 2598 701 2626 Deo
723 2599 882 2633 ascribitur,
910 2600 1004 2636 illique
1030 2601 1082 2629 soli

293 2645 436 2674 tribuitur.
459 2645 559 2673 Fertur
581 2645 664 2681 igitur
687 2650 716 2673 et
737 2645 850 2677 vehitur
869 2646 994 2675 insidens
1005 2647 1052 2675 ille
1066 2656 1082 2675 a

293 2700 377 2720 curru
411 2697 441 2719 et
463 2692 564 2720 throno
598 2691 772 2719 oculatorum
809 2692 980 2726 animalium,
1005 2699 1083 2721 auta

293 2738 416 2774 qualibet
425 2738 527 2771 anima,
543 2746 604 2773 quae
617 2738 670 2773 ipsi
683 2738 800 2767 thronus
811 2743 839 2766 et
852 2739 932 2768 sedes
944 2739 1015 2768 facta
1028 2746 1081 2774 est,

293 2790 392 2813 etquae
419 2785 516 2813 oculus
543 2790 571 2811 et
587 2785 682 2812 lumen
704 2785 821 2819 exsistit,
837 2793 901 2814 cum
925 2786 1083 2815 ascenderit

330 2875 341 2891 ¹
355 2874 456 2902 Ezech.
473 2882 500 2906 ι,
518 2874 544 2900 Δ.
585 2873 596 2890 ⁸
610 2872 679 2900 ibid.
696 2872 741 2900 l2.

1131 2274 1303 2311 ὀφθαλμῶν,
1317 2274 1337 2309 ἢ
1350 2273 1383 2300 τὸ
1394 2273 1485 2307 ὕψος,
1502 2272 1542 2298 ὅτι
1555 2271 1605 2298 οὐκ
1617 2269 1694 2306 ἐδόθη
1707 2268 1810 2296 τούτων
1819 2269 1837 2303 ἡ
1847 2267 1920 2302 γνῶ-

1132 2331 1185 2354 σις*
1202 2321 1250 2348 καὶ
1263 2320 1358 2355 ὥσπερ
1375 2319 1411 2346 τὰ
1423 2319 1453 2345 ἑν
1467 2316 1573 2353 οὐρανῷ
1587 2317 1686 2352 ἄστρα,
1696 2315 1727 2342 τὺ
1742 2315 1792 2350 μὲν
1807 2314 1920 2349 θεωρεῖν

1130 2368 1179 2396 καὶ
1194 2367 1346 2402 θαυμάζειν
1358 2365 1437 2400 ἐδόθη
1449 2365 1532 2391 πᾶσιν
1545 2361 1710 2398 ἀνθρώποις,
1725 2360 1756 2388 τὸ
1776 2360 1804 2387 δὲ
1821 2359 1920 2386 ειδέναι

1130 2415 1177 2442 τὸν
1196 2413 1314 2449 ἀριθμὸν
1327 2411 1416 2439 αὐτῶν
1429 2411 1517 2438 οὐδενὶ
1534 2409 1654 2436 δυνατόν·
1666 2408 1713 2435 τὸν
1727 2407 1809 2434 αὐτὴν
1819 2405 1920 2442 τρόπον

1133 2463 1181 2489 ἐπὶ
1198 2461 1248 2497 τῆς
1267 2458 1429 2495 ἐπουρανίου
1442 2456 1608 2492 Ἐκκλησίας
1623 2455 1678 2482 τῶν
1703 2454 1806 2489 ἁγίων,
1823 2453 1854 2480 τὸ
1871 2453 1920 2489 μὲν

1134 2507 1266 2536 εἰσελθεῖν
1286 2507 1334 2534 καὶ
1349 2504 1498 2533 ἀπολαύειν
1516 2504 1557 2535 εἰς
1571 2501 1655 2537 αὐτὴν
1673 2502 1742 2528 πᾶσι
1755 2500 1811 2531 τοῖς
1825 2498 1920 2533 βουλοσ

1135 2555 1228 2591 μένοις
1243 2551 1430 2588 ἀγωνίσασθαι
1443 2550 1534 2585 ἐδόθη·
1555 2549 1585 2575 τὸ
1599 2547 1628 2574 δὲ
1648 2547 1711 2574 ἰδεῖν
1731 2545 1780 2573 καὶ
1799 2544 1920 2573 καταλα-

1134 2601 1192 2628 6εῐν
1217 2600 1264 2627 τὸν
1280 2598 1408 2635 ἀριθμὸν,
1428 2596 1503 2632 αὐτῷ
1518 2595 1595 2631 μόνῳ
1609 2593 1670 2629 Θεῷ
1694 2591 1864 2628 ἀπονέμεται
1878 2600 1921 2625 1t.—

1137 2647 1263 2674 νώσκειν.
1283 2645 1397 2678 Ἀγεται
1416 2642 1507 2669 τοίνυν
1522 2640 1568 2667 καὶ
1584 2639 1697 2675 φέρεται
1709 2638 1724 2664 ὁ
1737 2635 1921 2672 ἐποχούμενος

1134 2692 1186 2719 ὑπὸ
1200 2691 1248 2718 τοῦ
1273 2690 1408 2726 ἅρματος,
1426 2687 1474 2715 καὶ
1488 2687 1535 2714 τοῦ
1551 2685 1648 2722 θρόνου
1672 2684 1728 2711 τῶν
1744 2682 1922 2717 ὁλοφθάλμων

1135 2739 1225 2772 ζώων,
1239 2739 1298 2773 ἦτοι
1311 2736 1357 2771 ὑφ’
1372 2735 1491 2769 ἑκάστης
1501 2733 1590 2768 ψυχῆς
1608 2732 1753 2767 γινομένης
1767 2729 1842 2764 αὑτῷ
1858 2729 1922 2764 θρόε

1134 2785 1241 2815 νουπκαὶ
1263 2782 1410 2818 καθέδρας,
1435 2781 1482 2808 καὶ
1502 2779 1586 2815 οὔσης
1598 2776 1743 2813 Ιόφθαλμοῦ
1759 2775 1807 2804 καὶ
1821 2774 1921 2811 φωτὸς,
