2064 3152
189 125 243 160 463

807 125 992 158 ΗΟΜΙΙᾸᾸΞ.
1001 139 1036 146 -
1048 126 1143 159 ΗΟΜ.
1163 127 1189 158 Ι.

1761 130 1815 164 454

190 179 364 216 ἐπιϐεϐηκὼς
377 180 446 216 αὐτῇ
464 179 511 207 καὶ
523 179 640 216 ἡνιοχῶν
653 180 713 212 ταῖς
726 179 816 216 ὴνῑαις
829 179 876 207 τοῦ
892 179 979 207 Πνεύ-

1033 187 1115 215 super
1129 181 1216 215 illam,
1236 181 1353 210 habenis
1367 181 1488 217 Spiritus
1498 189 1559 212 eam
1569 190 1677 219 regens,
1693 188 1722 211 et
1733 189 1817 220 prout

191 235 287 263 ματος,
303 227 352 254 καὶ
369 226 462 258 καθὼς
476 227 631 259 ἐπίσταται,
647 226 751 262 ὁδηγῶν
763 227 858 262 αὑτήν.
873 226 979 262 Ὠσπερ

189 273 244 308 γὰρ
264 273 299 299 τά
324 272 382 305 ζῶα
408 272 442 300 τὰ
465 272 649 308 πνευματικὰ,
672 273 720 308 οὐχ
746 273 813 300 ὅπου
839 271 980 299 ὲὸούλοντο

189 318 354 354 πορεύεσθαι
372 318 545 355 ἐπορεύοντο,
557 319 616 346 ἀλλ’
632 320 700 346 ὅπου
714 319 774 354 ᾔδει
797 318 845 345 καὶ
859 317 955 354 ἢθελεν
965 318 980 344 ὸ

189 364 391 400 ὶπικαθήμενος
414 364 462 391 καὶ
479 364 608 393 εὐθύνων.
632 363 711 392 Οὕτω
727 365 775 391 καὶ
791 363 919 395 ἐνταῦθα,
933 364 982 390 αὐ-

189 410 236 442 τὸς
258 410 362 446 ἡνιοχεῖ
382 410 428 437 καὶ
449 410 511 444 ἄγει
535 410 640 446 ὁδηγῶν
660 411 700 447 τῷ
723 411 862 446 Πνεὺματι
877 410 978 437 αὑτοῦ·

189 455 276 488 οὕτως
297 456 344 483 καὶ
370 456 542 492 πορεύονται,
565 456 596 483 οὺ
625 457 696 484 κατά
715 457 745 484 τὺ
765 456 855 483 αὐτῶν
874 456 981 491 θέλημα.

189 502 234 528 ὅτε
259 501 400 537 βούλονται
419 502 450 529 ὲν
469 502 508 538 τῷ
531 502 656 538 οὐρανῷ·
671 503 719 530 καὶ
741 501 909 539 ἐρριμμένου
933 501 980 528 τοῦ

192 547 317 583 σώματος
333 549 436 584 ἡνιοχεῖ
451 549 498 576 καὶ
522 548 629 576 ἐλαύνει
651 549 681 575 ὲν
708 550 765 580 τοῖς
791 548 917 584 οὐρανοῖς
939 547 979 583 τῷ

191 595 346 630 φρονήματι
369 594 419 630 τὴν
438 594 538 630 ψυχήν·
557 595 604 621 καὶ
622 594 704 622 πάλιν
718 593 763 621 ὅτε
779 594 916 629 βούλεται,
932 593 981 629 ἐρ-

191 649 270 676 χεται
286 642 316 667 ὲν
330 640 369 676 τῷ
385 640 492 675 σώματι
516 641 565 668 καὶ
578 642 634 672 τοῖς
647 641 801 676 λογισμοῖς·
815 640 860 667 ὅτε
874 640 902 667 δὲ
917 638 981 674 βού-

191 686 265 714 λεται
290 687 330 718 εις
345 686 380 712 τὰ
397 686 505 721 πέρατα
519 686 570 722 τῆς
589 687 653 721 γῆς,
671 686 720 713 καὶ
733 685 917 720 ἀποκαλύψεις
930 693 982 720 μυ-

193 731 311 767 στηρίων
325 731 460 758 δείκνυσιν
474 731 555 767 αὐτῇ.
574 732 606 758 ’Ὠ
619 731 667 758 τοῦ
682 730 766 758 καλοῦ
788 731 836 758 καὶ
849 729 981 765 χρηστοῦ,

193 777 275 812 μόνον
293 777 401 813 ἡνιόχου
415 777 559 814 ἀληθινοῦι
581 777 660 804 Οὕτω
679 777 707 804 δὲ
731 775 982 810 καταξιωθήσονται

193 822 290 850 καὶτὰ
306 823 420 857 σώματα
438 823 467 850 ἐν
494 824 527 859 τῇ
552 823 711 855 ἀναστάσει,
732 822 782 857 τῆς
796 821 886 857 ψυχῆς
910 821 982 847 οὕτω

193 868 240 895 νῦν
267 868 513 904 προδοξαζομένης,
541 869 589 896 καὶ
612 868 652 904 τῷ
672 867 812 904 Πνεύματι
830 868 981 903 ἀνακιρνω-

194 914 288 949 μένης.

228 959 265 986 Δν.
284 959 347 985 Ὀτι
362 958 389 985 δὲ
401 958 527 994 οὐράνιον
546 958 605 993 φῶς
621 958 763 993 γίγνονται
783 957 811 984 αἱ
827 956 913 992 ψυχαὶ
927 955 982 983 τῶν

192 1003 323 1038 δικαίων,
345 1004 427 1036 αὐτὸς
449 1005 463 1031 ὁ
485 1003 587 1040 Κύριος
603 1005 659 1036 τοῖς
681 1003 840 1035 ἀποστόλοις
870 1002 980 1037 ἔλεγεν

198 1050 292 1086 Ὑμεῖς
305 1050 376 1077 ἐστε
390 1051 425 1077 τὸ
444 1049 507 1085 φῶς
518 1050 572 1078 τοῦ
590 1050 718 1085 κόσμου.
734 1049 822 1080 Αὐτὸς
834 1049 888 1084 γὰρ
897 1048 984 1083 ἀπερ-

194 1097 350 1132 γασάμενος
366 1096 464 1128 αὐτοὺς
489 1094 559 1130 φῶς,
581 1095 616 1122 δι’
632 1095 723 1122 αὐτῶν
744 1092 912 1130 φωτίζεσθαι
937 1093 983 1120 τον

194 1143 295 1178 κόσμον
311 1141 472 1178 προσέταξε·
483 1142 540 1174 καὶ,
554 1142 595 1169 οὺ
610 1141 741 1172 καίουσι,
762 1140 840 1175 φησὶ,
854 1140 982 1174 λύχνον,

194 1189 244 1216 καὶ
259 1187 394 1215 τιθέασιν
414 1187 475 1215 ὑπὸ
499 1188 553 1215 τὸν
568 1186 686 1222 μόδιον,
705 1186 775 1214 ἀλλ’
789 1185 838 1213 ἐπὶ
850 1185 908 1220 τὴν
926 1186 982 1212 ,λυ-

195 1235 295 1270 χνίαν,
313 1234 364 1262 καὶ
381 1234 492 1269 λάμπει
519 1232 595 1261 πᾶσι
614 1232 678 1266 τοῖς
698 1232 733 1259 ἐν
756 1231 794 1266 τῇ
806 1231 895 1265 οὶκία-
908 1231 985 1258 οὕτω

194 1281 340 1316 λαμψάτω
361 1281 394 1308 τὸ
409 1280 472 1315 φῶς
493 1279 576 1314 ὑμῶν
603 1279 773 1314 ἔμπροσθεν
797 1278 857 1305 τῶν
872 1276 984 1311 ἀνθρώ-

194 1336 268 1355 πων-
286 1327 348 1354 ἀντὶ
361 1326 421 1358 τοῦ,
435 1326 482 1362 Μὴ
496 1325 620 1361 κρύψατε
633 1325 663 1352 τὺ
674 1325 744 1360 δόμα
761 1324 774 1352 ὃ
789 1324 899 1351 ἐλάϐετε
918 1323 985 1359 παρ’

197 1374 276 1409 ἐμοῦ,
293 1374 363 1400 ἀλλὰ
384 1374 444 1400 δότε
463 1374 532 1400 πᾶσι
551 1374 608 1405 τοῖς
627 1371 809 1407 βουλομένοις·
826 1371 874 1398 καὶ
892 1369 984 1397 πάλιν

201 1420 232 1447 '0
244 1421 359 1455 λύχνος
372 1419 425 1447 τοῦ
440 1419 587 1454 σώματος,
599 1418 686 1445 ἐστὶν
701 1418 717 1444 ὁ
731 1417 894 1452 ὀφθαλμός.
919 1415 987 1442 Ἐὰν

194 1463 215 1502 ᾖ
228 1467 244 1493 ὁ
267 1465 420 1501 ὀφθαλμός
435 1472 494 1492 σου
521 1462 675 1499 φωτεινὸς,
692 1462 766 1489 ὅλον
776 1462 810 1489 τὸ
823 1459 911 1495 σῶμά
927 1467 986 1487 σου

1029 227 1108 254 novit
1123 227 1178 255 dux
1199 227 1251 255 viae
1271 228 1297 255 ei
1316 228 1460 257 exsistens.
1484 228 1721 262 Quemadmodum
1742 232 1816 259 enim

1030 272 1160 300 animalia
1194 273 1358 309 spiritualia,
1385 281 1441 301 non
1481 282 1647 310 quocunque
1674 276 1817 309 volebant,

1030 319 1291 355 progrediebantur,
1323 320 1372 348 sed
1400 328 1434 348 eo
1459 328 1514 356 quo
1542 321 1647 349 sciebat
1661 327 1689 350 et
1707 323 1819 351 volebat

1030 364 1087 398 ille,
1113 365 1161 400 qui
1181 365 1318 393 insidebat
1341 369 1370 393 et
1397 365 1532 401 dirigebat
1556 375 1564 394 :
1591 367 1631 395 sic
1647 375 1758 403 quoque
1772 368 1819 397 hic

1031 409 1090 446 ipse
1122 410 1244 438 habenas
1268 415 1342 438 tenet
1365 419 1398 439 ac
1420 412 1590 446 moderatur,
1606 417 1634 440 et
1648 414 1720 441 viam
1740 422 1820 442 mon-

1031 460 1122 484 strans
1134 456 1210 484 ducit
1223 457 1251 484 in
1259 457 1363 492 Spiritu
1380 464 1447 485 suo:
1459 457 1500 486 sic
1516 466 1625 494 quoque
1638 460 1821 496 progrediun-

1031 506 1077 529 tur
1092 510 1148 530 non
1166 510 1216 538 pro
1231 511 1281 531 suo
1307 503 1415 536 habitu,
1442 512 1497 539 quo
1520 505 1626 537 volunt,
1641 505 1668 532 in
1687 507 1767 534 caelo.
1784 507 1820 535 Et

1031 547 1138 584 abjecto
1156 556 1273 584 corpore
1291 549 1368 577 ducit
1388 555 1417 578 et
1430 550 1501 586 regit
1515 550 1543 578 in
1557 551 1634 578 caelis
1647 552 1766 579 animam
1778 560 1822 580 sa-

1031 594 1136 629 pientia
1150 603 1157 622 :
1170 599 1198 623 et
1217 603 1314 624 rursus
1329 596 1440 632 quando
1452 596 1530 629 libet,
1545 597 1622 625 venit
1637 597 1664 624 in
1676 605 1778 634 corpus
1792 603 1822 626 et

1033 639 1234 675 cogitationes;
1247 642 1359 676 quando
1371 647 1463 670 autem
1474 642 1543 670 libet
1555 643 1583 670 in
1604 643 1671 671 lines
1689 648 1778 677 terra},
1791 649 1821 672 et

1032 687 1217 715 revelationes
1230 689 1426 723 mysteriorum
1443 689 1564 717 ostendit
1576 690 1626 717 illi.
1641 690 1663 718 0
1678 690 1781 718 bonum
1795 694 1824 718 et

1032 731 1129 759 Ulilem
1143 736 1172 760 et
1185 733 1273 760 solum
1287 741 1386 761 verum
1405 734 1567 770 agitatorem
1580 735 1587 761 l
1601 735 1707 762 Eodem
1731 739 1824 763 antem

1032 780 1061 804 et
1074 784 1192 812 corpora
1205 779 1233 806 in
1244 780 1450 807 resurrectione
1463 780 1545 815 digna
1559 781 1761 816 iudicabuntur
1774 781 1825 807 ho-

1033 829 1111 855 nore,
1123 831 1206 858 quem
1217 832 1291 852 nunc
1303 825 1406 859 anima,
1421 833 1482 861 qua:
1493 826 1609 861 Spiritui
1624 826 1756 861 pcrmista
1768 829 1823 860 est,

1031 868 1108 903 prius
1125 869 1252 905 percipit.

1067 959 1112 987 Ν.
1128 959 1206 994 Quod
1221 966 1313 990 autem
1332 962 1360 990 in
1376 963 1488 992 caeleste
1513 963 1609 993 lumen
1631 965 1750 993 evadant
1761 965 1824 993 ani-

1032 1013 1084 1033 ma:
1099 1006 1248 1042 iustorum,
1273 1008 1333 1044 ipse
1355 1009 1487 1038 Dominus
1506 1011 1639 1046 apostolis
1663 1012 1749 1040 dicit:
1776 1012 1826 1040 Vos

1033 1053 1094 1080 estis
1112 1052 1159 1080 lux
1172 1055 1265 1082 mundi
1276 1055 1299 1082 ⁸.
1314 1055 1375 1091 lpse
1388 1056 1473 1089 enim,
1489 1057 1537 1092 qui
1550 1057 1642 1085 etl‘ecit
1656 1065 1704 1086 eos
1720 1058 1821 1091 lucem,

1033 1106 1084 1133 per
1106 1099 1169 1127 illos
1190 1100 1342 1130 illuminari
1364 1103 1497 1130 mundum
1515 1103 1597 1139 jussit
1624 1111 1657 1131 ac
1682 1105 1825 1139 praecepit.

1033 1144 1094 1173 Non
1118 1146 1264 1174 accendunt
1292 1147 1438 1182 lucernam,
1459 1149 1560 1184 inquit,
1590 1154 1615 1176 et
1635 1154 1737 1185 ponunt
1749 1150 1827 1178 illam

1033 1191 1122 1218 subter
1137 1193 1264 1225 modium,
1277 1194 1323 1220 sed
1333 1202 1412 1229 super
1425 1194 1625 1227 candelabrum,
1647 1200 1670 1221 et
1687 1194 1756 1222 lucet
1773 1204 1826 1222 om-

1035 1234 1120 1268 nibus,
1140 1236 1185 1271 qui
1198 1241 1260 1264 sunt
1274 1238 1301 1264 in
1314 1237 1409 1266 domo:
1423 1238 1460 1265 sic
1473 1237 1559 1265 luceat
1570 1237 1616 1265 lux
1632 1242 1719 1265 vestra
1735 1245 1826 1266 coram

1034 1281 1213 1315 hominibus',
1227 1282 1288 1311 hoc
1317 1286 1370 1315 est,
1397 1290 1433 1310 ne
1462 1282 1591 1310 ocultetis
1614 1282 1729 1313 donum,
1746 1282 1821 1317 quod

1035 1326 1180 1362 accepistis
1194 1335 1208 1354 a
1221 1335 1275 1360 me,
1303 1327 1350 1355 sed
1377 1328 1441 1356 date
1464 1328 1594 1356 omnibus
1607 1328 1775 1356 volentibus.
1790 1328 1825 1355 Et

1035 1378 1152 1401 rursus:
1171 1373 1292 1401 Lucerna
1313 1375 1429 1410 corporis
1458 1378 1496 1402 est
1520 1373 1620 1411 oculus.
1653 1373 1719 1402 Cum
1744 1374 1826 1409 igitur

1035 1419 1125 1447 oculus
1134 1423 1193 1448 ltus
1204 1419 1283 1456 fuerit
1302 1419 1413 1453 lucidus,
1430 1424 1513 1447 totum
1527 1428 1628 1456 quoque
1641 1428 1735 1456 corpus
1750 1425 1826 1447 tuum

1037 1464 1062 1499 5
1072 1464 1187 1492 lucidum
1201 1466 1261 1493 erit.
1275 1464 1382 1498 Quodsi
1392 1465 1479 1492 malus
1489 1466 1549 1498 erit,
1560 1469 1644 1492 totum
1654 1472 1755 1501 quoque
1767 1473 1827 1492 cor-

195 1511 386 1548 πεφώτισται·
402 1512 428 1539 ει
443 1510 477 1538 δὲ
489 1511 506 1537 ό
522 1508 676 1545 ὀφθαλμός
690 1516 748 1536 σου
758 1507 899 1553 πονηρὸς,
911 1506 982 1553 ὅλον

1037 1517 1085 1545 pus
1099 1514 1172 1537 tuum
1193 1510 1359 1538 tenebrosum
1375 1511 1434 1538 erit.
1452 1509 1481 1538 Si
1496 1511 1578 1546 igitur
1597 1509 1694 1542 lumen,
1710 1510 1779 1545 quod
1795 1510 1824 1536 in

195 1558 228 1585 τὸ
260 1557 348 1593 σῶμά
370 1566 430 1585 σου
455 1555 615 1584 σκοτεινὸν
635 1555 731 1583 ἔσται.
749 1555 783 1582 Εἰ
798 1551 856 1582 οὖν
868 1553 901 1581 τὸ
919 1552 983 1588 φῶς

195 1605 228 1632 τὸ
246 1605 282 1632 ἐν
294 1605 355 1638 σοὶ,
377 1605 498 1637 σκότος,
513 1604 545 1631 τὸ
564 1603 674 1637 σκότος
684 1603 802 1635 πόσον;
815 1602 921 1637 ’Ὥσπερ
928 1602 983 1637 γὰρ

195 1650 241 1678 τοῦ
257 1649 381 1686 σώματος
400 1650 425 1677 οἱ
452 1649 587 1685 ὀφθαλμοὶ
613 1650 672 1684 φῶς
698 1649 762 1680 εἰσι,
793 1649 841 1675 καὶ
868 1648 938 1676 ἐπὰν
956 1649 982 1675 οἱ

195 1696 330 1732 ὀφθαλμοὶ
344 1696 432 1730 ὑγιεῖς
458 1692 536 1727 ὦσιν,
559 1694 620 1722 ὅλον
642 1694 672 1721 τδ
699 1693 778 1730 σῶμα
801 1693 981 1729 πεφώτισται·

195 1742 263 1770 ἐπὰν
283 1741 312 1769 δὲ
332 1740 500 1776 παρεμπέσῃ
528 1749 554 1767 τι
581 1740 629 1767 καὶ
654 1739 847 1772 σκοτισθῶσιν,
872 1739 932 1766 ὅλον
951 1738 983 1765 τὸ

197 1788 276 1824 σῶμα
290 1787 427 1815 σκοτεινόν
444 1787 529 1813 ἐστιν·
546 1786 634 1818 οὕτως
646 1787 670 1812 οἱ
682 1786 838 1817 ἀπόστολοι,
849 1785 983 1820 ὀφθαλμοὶ

195 1835 242 1862 καὶ
258 1834 317 1869 φῶς
331 1833 392 1861 ὅλου
405 1833 452 1860 τοῦ
467 1833 571 1868 κόσμου
585 1832 728 1867 ἐτέθησαν.
745 1832 860 1866 Ἔλεγεν
871 1830 919 1859 οὖν
933 1831 982 1860 αὐ-

195 1883 252 1914 τοῖς
276 1879 474 1917 παραγγέλλων
499 1880 513 1906 ὁ
538 1878 655 1914 Κύριοςο
676 1878 748 1905 Ἐὰν
765 1878 850 1913 ὑμεῖς
877 1877 980 1912 στῆτε,

195 1929 245 1956 καὶ
271 1928 316 1963 μὴ
333 1925 555 1962 παρατραπῆτε,
579 1925 642 1960 φῶς
665 1925 750 1957 ὄντες
769 1925 823 1952 τοῦ
853 1923 980 1959 κόσμου,

195 1974 260 2001 ἰδοὺ
283 1973 358 2000 ὅλον
372 1973 406 2000 τὸ
421 1972 507 2007 σῶμα
530 1971 713 2006 πεφώτισται
728 1970 782 1998 τοῦ
805 1970 932 2005 κόσμου.
945 1970 982 1997 ΕΖ

193 2020 229 2047 δὲ
247 2019 332 2054 ὑμεῖς
354 2019 381 2046 at
407 2019 494 2052 ὀντες
515 2016 579 2052 φῶς
601 2014 802 2050 σκοτισθιῆτε,
821 2015 855 2042 τὸ
869 2014 980 2048 σκότος

193 2065 303 2097 πόσον,
325 2064 341 2091 ὅ
360 2064 446 2091 ἐστιν
466 2065 483 2090 δ
510 2063 642 2097 κόσμος;
658 2062 717 2093 Φῶς
736 2061 782 2089 οὖν
795 2061 937 2097 γενόμενοι
955 2061 980 2088 οι

194 2109 348 2142 ἀπόστολοι,
363 2109 420 2144 φῶς
441 2108 606 2144 διηκόνησαν
621 2108 678 2138 τοῖς
700 2106 872 2140 πιστεύσασι,
887 2106 936 2138 τὰς
952 2106 981 2133 δὲ

194 2154 307 2190 καρδίας
326 2153 416 2180 αὐτῶν
430 2152 599 2187 φωτίσαντες
612 2150 651 2186 τῷ
668 2149 823 2185 ἐπουρανίῳ
837 2149 884 2176 τοῦ
895 2148 982 2176 Πνεύ-

1035 1560 1060 1583 te
1069 1561 1116 1589 est,
1127 1557 1239 1584 tenebrae
1246 1560 1318 1591 sunt,
1329 1556 1441 1584 tenebra
1450 1560 1556 1592 quanta:
1562 1556 1658 1591 futura:
1663 1556 1717 1582 "7?
1727 1555 1828 1589 Quem-

1035 1601 1183 1629 admodum
1216 1601 1291 1630 enim
1319 1602 1392 1630 oculi
1422 1601 1548 1638 corporis
1576 1602 1670 1630 lumen
1692 1607 1768 1635 sunt,
1797 1606 1827 1629 et

1034 1647 1146 1682 quando
1170 1648 1243 1675 oculi
1277 1647 1430 1675 incolumes
1445 1655 1476 1675 ac
1490 1648 1549 1676 sani
1568 1652 1644 1681 sunt,
1655 1652 1744 1676 totum
1759 1656 1825 1676 cor-

1034 1701 1088 1728 pus
1109 1693 1298 1727 illuminatur;
1317 1694 1340 1721 si
1360 1701 1427 1722 vero
1447 1693 1515 1729 quid
1536 1693 1650 1726 incidat,
1663 1698 1694 1722 ut
1706 1694 1828 1722 tenebris

1034 1738 1226 1772 oll‘undantur,
1243 1742 1332 1766 totum
1350 1745 1452 1773 corpus
1477 1739 1655 1766 tenebrosum
1673 1738 1800 1766 redditur
1817 1747 1825 1766 :

1034 1785 1076 1812 sic
1088 1785 1216 1820 apostoli,
1232 1784 1305 1812 oculi
1314 1788 1343 1812 et
1352 1784 1446 1812 lumen
1468 1784 1552 1812 totius
1568 1785 1662 1812 mundi
1682 1785 1828 1812 constituti

1034 1837 1066 1858 ac
1076 1830 1196 1858 ordinati
1210 1835 1294 1858 sunt:
1314 1831 1384 1858 dixit
1396 1825 1480 1866 igitur
1497 1831 1532 1858 iis
1546 1830 1710 1866 praecipiens
1726 1831 1828 1858 Domi-

1034 1883 1105 1904 nus:
1125 1876 1154 1904 Si
1172 1885 1227 1908 vos,
1251 1877 1297 1913 qui
1311 1877 1372 1904 eatis
1394 1877 1439 1903 tua:
1460 1878 1562 1910 mundi,
1588 1878 1826 1913 perseveraverint.

1034 1930 1081 1949 nec
1103 1922 1257 1958 tle/lectam,
1276 1931 1332 1950 ecce
1348 1927 1432 1950 totum
1447 1931 1540 1958 corpus
1553 1923 1645 1950 mundi
1661 1922 1827 1950 illustratum

1033 1971 1073 1994 est
1092 1975 1101 1994 :
1124 1968 1147 1995 si
1160 1975 1221 1995 vero
1233 1976 1287 2000 vos,
1305 1969 1350 2004 qui
1364 1969 1425 1996 estis
1448 1964 1505 2001 luas,
1522 1969 1635 2004 caligine
1649 1969 1754 1996 obducti
1770 1969 1828 2004 fue-

1034 2014 1102 2046 ritis,
1119 2018 1227 2048 quanta:
1250 2015 1347 2049 futurte
1370 2015 1493 2047 tenebrw,
1517 2022 1576 2049 qua
1596 2019 1658 2042 sunt
1686 2015 1799 2042 mundus
1814 2015 1827 2042 ?

1033 2059 1092 2086 Lux
1108 2059 1193 2095 igitur
1205 2067 1267 2087 cum
1287 2065 1381 2088 essent
1407 2060 1472 2088 facti
1492 2060 1620 2095 apostoli,
1647 2061 1738 2088 lucem
1756 2068 1827 2096 prae-

1033 2104 1155 2134 buerunt
1183 2106 1372 2139 credentibus,
1402 2106 1591 2135 illuminantes
1618 2107 1731 2134 illorum
1756 2114 1826 2142 pne-

1033 2152 1127 2180 cordia
1139 2153 1245 2180 caelesti
1269 2152 1389 2188 Spiritus
1409 2152 1524 2186 lumine,
1540 2160 1595 2188 quo
1610 2157 1639 2181 et
1651 2153 1703 2188 ipsi
1724 2153 1828 2181 illumi-

196 2210 281 2237 ματος
297 2200 379 2235 φωτὶ,
404 2197 481 2235 ᾧπερ
507 2200 554 2226 καὶ
577 2197 654 2224 αὐτοὶ
678 2196 880 2233 πεφωτισμένοι
899 2195 976 2231 ὲτύγ-
997 2203 1020 2230 υ
1034 2199 1191 2226 natieram.

213 2256 276 2274 ανον
279 2267 286 2274 .

195 2257 340 2320 χαέἰῗλίαὶ
352 2292 421 2323 ἀλας
434 2291 511 2318 αὐτοὶ
527 2290 698 2326 ὑπάρχοντες
713 2289 813 2325 ἤρτυον
830 2289 878 2316 καὶ
893 2288 986 2324 ἥλιζον

195 2340 286 2366 πᾶσαν
305 2338 396 2373 ψυχὴν
413 2336 595 2363 πιστεύουσαν
606 2335 645 2371 τῷ
658 2335 737 2362 ἅλατι
748 2335 794 2362 τοῦ
807 2335 886 2369 ἁγίου
901 2334 987 2361 Πνεύ-

196 2393 292 2420 ματος.
311 2383 410 2417 Ἔλεγε
422 2382 477 2418 γὰρ
492 2382 585 2414 αὐτοῖς
608 2383 622 2408 ὁ
646 2381 749 2417 Κύριος
762 2389 769 2397 ·
794 2380 895 2416 ’Υμεῖς
915 2381 986 2408 ἐστε

194 2430 228 2457 τὸ
248 2430 325 2462 ὅλας
341 2428 396 2462 τῆς
408 2428 477 2463 γῆς,
500 2428 553 2462 γῆν
581 2427 631 2459 τὰς
655 2427 744 2462 ψυχὰς
765 2426 821 2454 τῶν
834 2426 986 2463 ἀνθρώπων

195 2476 296 2503 καλῶν.
321 2475 489 2510 Διηχόνησαν
505 2474 560 2509 γὰρ
575 2475 603 2500 εν
617 2475 677 2505 ταῖς
690 2473 789 2509 ψυχαῖς
808 2473 862 2500 τῶν
880 2472 987 2509 ἀνθρώ-

196 2530 255 2549 πων
266 2522 297 2548 τδ
311 2520 474 2555 ἐπουράνιον
487 2520 555 2551 ἀλας
570 2519 617 2546 τοῦ
632 2519 802 2554 Πνεύματος,
817 2517 986 2554 ἀρτύσαντες

195 2568 304 2599 αὐτοὺς,
324 2566 372 2594 καὶ
386 2566 526 2601 ἀσήπτους
536 2565 584 2591 καὶ¹
599 2565 701 2596 ἀσινεῖς
716 2564 939 2600 ἀπεργασάμενοι
953 2564 985 2590 ἐκ

195 2613 296 2648 πολλῆς
314 2612 455 2643 δυσωδίας.
472 2611 581 2645 Ὥσπερ
608 2610 663 2646 γὰρ
687 2610 770 2645 κρέας
781 2630 789 2643 ,
815 2611 863 2636 ἐὰν
881 2609 918 2645 μὴ
936 2608 986 2646 ἔχῃ

196 2659 275 2690 ἃλας,
290 2659 436 2693 σέσηπται,
457 2658 504 2685 καὶ
522 2657 622 2692 πολλῆς
642 2656 773 2688 δυσωδίας
799 2657 984 2692 μεμέστωται,

195 2705 266 2732 ὥστε
281 2706 388 2737 πάντας
399 2703 618 2740 ἀποστρέφεσθαι
631 2704 662 2729 ὲκ
672 2703 722 2738 τῆς
737 2703 871 2738 κακίστης
884 2703 982 2738 ὀσμῆς·

197 2752 246 2778 καὶ
263 2751 403 2787 σκώληκες
417 2750 550 2787 ἕρπουσιν
570 2750 610 2781 εις
632 2749 663 2775 τὸ
683 2748 799 2784 σεσηπδς
821 2746 915 2785 κρέας,
937 2749 984 2776 καὶ

1071 2290 1105 2318 ν.
1132 2289 1166 2317 Ει
1197 2289 1237 2317 sal
1257 2297 1320 2316 cum
1332 2293 1426 2317 essent
1441 2289 1503 2324 ipsi,
1522 2289 1691 2317 condiebant
1702 2293 1731 2316 et
1742 2289 1825 2316 salic-

1035 2336 1104 2364 bant
1112 2343 1224 2363 omnem
1236 2335 1356 2363 animam
1373 2335 1543 2368 credentem,
1557 2336 1613 2363 sale
1628 2335 1748 2370 Spiritus
1763 2343 1826 2361 san-

1036 2383 1084 2410 cti.
1101 2382 1175 2410 Dixit
1187 2382 1261 2409 enim
1289 2381 1324 2409 iis
1337 2381 1490 2408 Dominus:
1512 2381 1560 2408 Vos
1578 2382 1638 2408 estis
1650 2381 1692 2407 sal
1710 2385 1790 2407 terra:
1802 2381 1824 2413 ⁸,

1037 2433 1139 2456 terram
1153 2435 1255 2455 vocans
1284 2427 1392 2455 animas
1416 2427 1566 2461 proborum
1581 2427 1742 2458 hominum;
1760 2425 1827 2452 sub-

1037 2474 1230 2502 ministrabant
1256 2474 1330 2501 enim
1358 2474 1458 2502 animis
1484 2474 1625 2500 hominum
1646 2474 1684 2500 sal
1705 2472 1826 2507 Spiritus

1039 2521 1162 2553 cmleste,
1181 2520 1344 2548 condientes
1365 2520 1437 2551 illos,
1456 2523 1484 2547 et
1503 2527 1518 2546 a
1540 2519 1686 2554 putredine
1704 2526 1735 2545 ac
1754 2525 1824 2545 noxa

1038 2574 1072 2594 cx
1094 2566 1182 2593 multo
1202 2565 1288 2593 fetore
1302 2565 1487 2592 vindicantes.
1502 2564 1737 2597 Quemadmodum
1752 2564 1825 2591 enim

1038 2620 1114 2645 caro,
1126 2612 1150 2639 si
1164 2612 1220 2639 sale
1233 2619 1288 2638 non
1306 2611 1342 2639 sit
1356 2617 1518 2646 conspersa,
1538 2611 1684 2645 putrescit.
1700 2614 1727 2638 et
1740 2611 1828 2637 multo

1038 2658 1124 2686 fetore
1152 2657 1285 2692 repletur,
1312 2656 1381 2684 adeo
1391 2661 1422 2684 ut
1435 2664 1531 2684 omnes
1547 2660 1707 2683 avertantur
1717 2655 1752 2683 ob
1764 2663 1827 2690 grn-

1037 2712 1099 2731 vem
1119 2703 1250 2736 odorem;
1271 2707 1299 2730 ct
1309 2709 1417 2730 vermes
1429 2703 1555 2737 irrepunt
1569 2703 1597 2730 in
1610 2709 1720 2729 carnem
1738 2702 1827 2737 putri-

1038 2749 1113 2783 dam,
1125 2749 1237 2784 illicque
1253 2753 1414 2784 pascuntur,
1432 2748 1589 2782 comedunt,
1603 2752 1632 2776 et
1650 2748 1677 2776 in
1691 2755 1826 2776 cavemu-

227 2842 239 2858 ⁵
252 2842 345 2871 Matth.
359 2850 387 2875 ν,
402 2842 445 2870 Η.
479 2843 489 2858 ⁵
508 2841 574 2869 ibid.
590 2840 629 2869 I5.
650 2841 692 2868 16.
723 2841 756 2857 ⁸-⁷
773 2839 867 2869 Matth.
884 2849 920 2875 Vl,
933 2840 979 2875 22,

1040 2849 1047 2874 ;
1064 2840 1130 2869 Luc.
1143 2849 1180 2876 ιι,
1199 2841 1244 2869 54.
1282 2838 1400 2868 ⁸Μιιῑι1ι.
1418 2847 1445 2873 ν,
1462 2839 1505 2867 l3.
