2064 3152
244 142 297 174 455

865 140 895 170 S.
915 139 1074 170 MACARII
1093 137 1253 169 IEGYPTII

1819 129 1872 162 456

247 198 280 226 lis
293 197 474 225 delitescunt:
505 196 529 223 si
549 203 616 223 vero
626 195 817 231 supervenerit
849 197 899 228 sal.
923 195 1031 223 interli-

1087 195 1142 221 ἐκεῖ
1159 193 1316 228 ἐννέμονται
1332 190 1379 218 καὶ
1403 189 1522 216 ἐσθίουσι
1545 188 1592 216 καὶ
1605 186 1783 222 φωλεύουσιψ
1802 187 1873 213 ἐπὰν

245 244 358 272 ciuntur
383 248 411 271 et
437 247 554 278 pereunt
583 242 640 270 illic
669 242 849 278 depascentes
867 250 986 275 vermes,
1005 246 1034 270 et

246 291 338 326 gravis
357 289 426 316 odor
447 288 544 316 fetoris
565 292 655 316 cessat
671 296 679 316 :
694 293 791 316 natura
812 289 948 324 siquidem
969 289 1034 317 salis

245 341 299 369 est,
317 341 347 364 ut
359 335 501 363 interimat
522 343 642 367 vermes,
654 339 683 362 et
699 335 815 362 fetorem
830 335 922 362 tollat:
935 334 1033 362 eodem

245 388 357 417 quoque
381 380 463 408 modo
478 380 569 408 omnis
592 381 695 413 anima,
719 387 775 407 non
791 380 901 407 condita
929 380 1032 415 Spiritu

245 430 352 459 sancto,
377 425 553 460 cmlestisque
585 425 660 458 salis,
687 425 741 452 hoc
765 430 817 458 est,
833 425 964 460 potentiae
984 424 1034 452 Dei

246 472 387 507 particeps
413 479 470 499 non
493 471 574 504 facta,
588 471 736 507 putredine
746 471 871 504 vitiatur,
890 479 923 498 ac
947 470 1034 498 fetore

247 525 394 554 pravarum
420 517 618 552 cogitationum
646 518 758 553 copioso
774 517 907 552 repletur,
920 516 989 544 adeo
1005 520 1035 543 ut

245 568 387 592 avertatur
415 563 501 591 facies
527 563 577 591 Dei
602 571 618 591 a
646 563 723 599 gravi
747 563 835 591 fetore
852 570 986 590 vanarum
1002 569 1035 589 ac

245 609 457 638 tenebrosarum
483 609 691 644 cogitationum.
710 613 738 637 et
751 609 928 637 aﬂ'cctionum
943 608 1034 635 eidem

244 655 344 682 anima:
373 654 578 681 inbzerentium.
608 653 643 681 Et
662 654 736 680 noxii
750 653 961 689 atqueimprobi
976 661 1036 680 ver-

245 709 314 733 mes,
331 700 379 736 qui
391 705 457 728 sunt
477 699 593 735 spiritus
613 700 736 733 malitias,
749 705 777 728 ct
795 705 944 736 potestates
959 704 1036 727 tene-

245 748 359 775 brarum
381 747 408 773 in
423 753 455 773 ea
471 746 653 780 inambulaul,
681 747 737 774 illic
752 751 913 782 pascuntur,
938 746 1036 773 delite-

247 797 329 820 scunt
346 796 374 819 et
399 795 512 826 repunt.
526 795 611 826 atque
639 799 699 819 eam
723 791 858 819 devorant
872 796 900 819 et
911 799 1036 818 corrum-

229 842 343 874 .punt:
371 837 492 866 Fetorem
525 839 596 865 enim
626 839 805 873 prwbuerunt,
827 842 851 864 et
876 840 1035 872 putruerunt

1083 241 1110 267 δὲ
1128 240 1193 276 ἔλθῃ
1214 239 1245 266 τὸ
1261 239 1339 271 ἅλας,
1351 237 1526 273 ἀναιροῦνται
1539 236 1586 262 καὶ
1603 234 1765 262 mnum:
1778 233 1804 266 oi
1815 233 1876 260 ἐκεῖ

1083 286 1230 321 νεμόμενοι
1247 284 1400 320 σκώληκες,
1415 283 1461 309 καὶ
1477 282 1549 318 ὀσμὴ
1571 281 1620 316 τῆς
1635 280 1766 312 δυσωδίας
1788 279 1876 306 παύε-

1083 342 1138 365 ται⁷
1159 333 1186 368 (ἡ
1200 332 1254 367 γὰρ
1272 330 1352 366 φύσις
1367 330 1413 356 τοῦ
1430 329 1540 361 ἆλατος,
1553 327 1714 363 ἀναιρετικὴ
1739 327 1797 353 ἐστι
1821 326 1875 352 τῶν

1085 378 1298 414 σκωλήκων,καὶ
1312 378 1361 413 τῆς
1377 375 1508 407 δυσωδίας
1523 375 1701 409 ἀφανιστική)
1714 381 1721 389 ’
1735 372 1781 399 τὸν
1795 373 1876 400 αὐτὴν

1083 426 1184 463 τρόπον
1211 425 1257 452 καὶ
1274 424 1350 450 πᾶσα
1373 423 1446 458 ψυχὴ
1482 423 1499 457 ὴ
1530 421 1568 456 μὴ
1596 420 1732 456 ἡλισμένη
1744 419 1782 455 τῷ
1805 419 1876 454 ἁγίῳ

1084 472 1236 506 Πνεύματι,
1253 470 1302 498 καὶ
1317 470 1356 506 μὴ
1379 469 1532 505 μετέχουσα
1545 467 1595 495 τοῦ
1617 467 1714 499 ἆλατος
1729 465 1777 493 τοῦ
1793 466 1876 491 ἐπου-

1086 517 1188 554 ρανίου,
1208 516 1283 543 τοῦτ’
1299 516 1358 542 ἐστι
1383 515 1434 550 τῆς
1464 514 1606 547 δυνάμεως
1620 513 1669 539 τοῦ
1692 511 1770 545 θεοῦ,
1796 512 1877 546 σέση-

1084 572 1162 596 πται,
1179 563 1227 590 καὶ
1241 561 1372 592 δυσωδίας
1387 560 1486 595 πολλῆς
1501 559 1638 594 λογισμῶν
1652 558 1777 593 πονηρῶν
1790 557 1877 592 ἐμπέ-

1085 609 1239 646 πλη[σ]ται,
1249 607 1318 635 ὥστε
1328 606 1546 642 ἀποστρέφεσθαι
1555 606 1585 631 τὸ
1594 606 1738 640 πρόσωπον
1749 603 1795 630 τοῦ
1807 603 1876 629 Θεοῦ

1084 655 1140 682 ἀπὸ
1161 655 1210 689 τῆς
1240 653 1330 688 δεινῆς
1358 652 1490 683 δυσωδίας
1512 651 1566 678 τῶν
1588 650 1713 686 ματαίων
1737 648 1878 684 λογισμῶν

1085 701 1132 728 τοῦ
1161 700 1285 731 σκότους,
1304 699 1352 726 καὶ
1376 698 1431 725 τῶν
1453 697 1548 724 παθῶν
1569 697 1623 724 τῶν
1649 697 1678 723 ἐν
1704 697 1739 732 τῇ
1765 695 1879 732 τοιαύτῃ

1085 748 1159 782 ψυχῇ
1171 745 1358 773 ἐνοικούντων.
1370 745 1424 772 Καὶ
1438 745 1464 771 οἰ
1476 744 1558 771 κακοὶ
1572 744 1619 770 καὶ
1630 743 1714 769 δεινοὶ
1725 741 1878 777 σκώληκες,

1086 795 1104 821 ἆ
1120 794 1179 820 ὲστι
1192 793 1226 819 τὰ
1241 791 1385 827 πνεύματα
1408 791 1457 826 τῆς
1479 790 1624 825 πονηρίας,
1642 788 1690 816 καὶ
1703 788 1731 815 αῑ
1747 788 1879 822 δυνάμεις

1085 839 1133 866 τοῦ
1151 839 1276 870 σκότους,
1288 838 1317 864 ὲν
1329 838 1397 872 αὐτῇ
1417 835 1647 871 ὲμπεριπατοῦσι,
1657 835 1738 862 κάκεῖ
1752 833 1879 868 ὲννὲμον-

247 885 341 912 vibice:
352 886 403 912 mei
416 886 438 912 ⁹.
451 885 481 913 Si
498 893 567 913 vero
579 884 613 911 ad
626 884 712 912 Deum
733 883 883 918 confugiat,
898 882 993 909 credat
1012 885 1036 908 el

1089 894 1145 917 ται,
1160 885 1208 912 καὶ
1226 883 1388 920 φωλεύουσι,
1398 883 1444 910 καὶ
1460 883 1584 918 ἓρπουσι,
1599 881 1647 908 καὶ
1660 880 1746 916 αὐτὴν
1758 879 1879 906 ἐσθίουσι

248 935 325 965 petat
339 930 425 958 salem
447 930 522 963 vitae,
546 930 651 957 bonum
670 937 702 956 ac
721 929 874 956 humanum
890 927 1034 962 Spiritum,

246 981 306 1003 tum
321 975 436 1004 veniens
464 976 505 1004 sal
524 976 636 1003 caeleste
653 974 787 1002 interimit
802 978 887 1001 tetros
901 973 963 1000 illos
976 980 1036 1000 ver-

247 1029 317 1054 mes,
335 1025 363 1049 et
379 1022 488 1049 sublato
501 1021 622 1057 pessimo
646 1021 745 1053 fetore,
758 1019 908 1056 exstinguit
921 1027 1036 1055 graveo-

245 1067 359 1095 lcntiam
371 1067 474 1094 virtute
486 1067 617 1102 potentiae
633 1066 697 1094 salis
709 1075 716 1092 :
730 1070 758 1094 et
772 1066 812 1093 sic
826 1065 871 1093 illa
889 1064 1036 1093 incolumis

245 1116 276 1140 et.
293 1113 376 1140 illaesa
392 1112 490 1140 effecta
504 1119 554 1146 per
562 1119 658 1139 verum
670 1111 719 1144 sal,
735 1111 763 1138 in
779 1119 860 1138 usum
874 1115 902 1138 et
914 1110 1038 1137 ministe-

244 1159 318 1186 rium
346 1158 465 1186 coalestis
489 1158 599 1185 Domini
614 1157 769 1185 ordinatur.
789 1157 938 1192 Propterea
953 1156 1038 1183 etiam

247 1205 274 1233 in
306 1205 378 1241 lege,
397 1205 525 1240 exemplo
559 1209 640 1232 utens
665 1204 748 1236 Deus,
775 1203 858 1239 jussit
882 1210 979 1230 omnes
997 1202 1038 1229 vi-

243 1250 344 1278 ctimas
357 1250 413 1278 sale
424 1249 501 1277 saliri
521 1249 553 1276 ε’.

1089 930 1137 957 καὶ
1153 929 1303 965 φθείρουσι.
1325 928 1522 963 Προσὼζεσαν
1535 927 1600 963 γὰρ,
1623 926 1706 961 φησὶ.
1734 925 1784 952 καὶ
1807 923 1879 951 ἐσά-

1089 984 1193 1010 πησαν
1216 977 1242 1003 οι
1267 975 1415 1011 μώλωπές
1434 983 1504 1010 μου.
1539 974 1624 1000 Ἐπὰν
1638 973 1665 999 δὲ
1682 972 1827 1008 προσφύγῃ
1839 971 1880 1006 τῷ

1089 1023 1159 1060 Θεῷ,
1174 1024 1223 1051 καὶ
1243 1023 1389 1058 πιστεύσῃ,
1406 1022 1454 1049 καὶ
1471 1022 1572 1057 αἰτήσῃ
1590 1020 1621 1047 τὺ
1640 1019 1708 1052 ἅλας
1722 1019 1773 1054 τῆς
1793 1017 1878 1053 ζωῆς.

1089 1070 1120 1097 τὸ
1136 1069 1238 1104 ἀγαθὸν
1256 1066 1304 1096 καὶ
1329 1069 1521 1104 φιλάνθρωπον
1540 1066 1663 1102 Πνεῦμα,
1680 1066 1742 1093 τότε
1759 1064 1836 1091 ὲλθδν
1850 1063 1881 1090 τδ

1088 1115 1156 1146 ἃλας
1170 1116 1201 1141 τὸ
1211 1116 1338 1149 οὐράνιον
1349 1116 1458 1150 ἀναιρεῖ
1472 1114 1536 1145 τοὺς
1546 1113 1648 1144 δεινοὺς
1662 1111 1817 1147 σκώληκας,
1832 1109 1880 1137 καὶ

1088 1160 1214 1194 ἀφανίζει
1230 1161 1280 1196 τὴν
1293 1160 1415 1195 πονηρὰν
1431 1159 1572 1191 δυσωδίαν,
1589 1158 1638 1184 καὶ
1651 1156 1777 1192 καθαίρει
1792 1155 1880 1190 αὐτὴν

1089 1207 1122 1241 τῇ
1141 1206 1267 1242 ἐνεργείᾳ
1284 1206 1334 1241 τῆς
1350 1206 1491 1240 δυνάμεως
1508 1204 1601 1231 αὑτοῦ·
1626 1203 1674 1230 καὶ
1690 1202 1777 1234 οὓτως
1799 1199 1879 1236 ὑγιὴς

1094 1253 1141 1278 καὶ
1155 1253 1251 1288 ἀσινὴς
1264 1252 1481 1288 ἀπεργασθεῖσα,
1503 1251 1555 1277 ὑπὸ
1575 1249 1623 1276 τοῦ
1639 1249 1736 1280 ἅλατος
1751 1248 1798 1274 τοῦ
1815 1247 1880 1282 ἀλη-

246 1297 333 1329 θινοῦ,
345 1297 385 1328 είς
399 1297 499 1332 χρῆσιν
521 1295 569 1322 καὶ
592 1295 746 1330 ὑπηρεσίαν
767 1294 805 1330 τῷ
827 1295 982 1330 ἐπουρανίῳ
999 1296 1123 1333 Δεσπότῃ
1136 1298 1366 1325 ἀποκαθίσταται.
1383 1298 1433 1324 Διὰ
1443 1297 1523 1324 τοῦτο
1552 1296 1608 1332 γὰρ
1634 1295 1682 1322 καὶ
1711 1296 1742 1322 ὲν
1754 1294 1793 1330 τῷ
1804 1294 1880 1330 νόμῳ

245 1343 429 1377 ὑποδείγματι
454 1341 597 1377 χρώμενος
613 1341 627 1368 ό
650 1340 728 1372 Θεὸς,
746 1341 855 1367 ἐκέλευε
872 1342 963 1368 πᾶσαν
977 1341 1072 1370 θυσίαν
1085 1343 1164 1371 ἅλατι
1187 1344 1339 1376 ἁλίζεσθαι.

280 1390 326 1418 Vl.
343 1389 460 1424 Oportet
483 1388 567 1424 igitur
595 1387 716 1422 primum
733 1388 874 1415 victimam
894 1389 1006 1416 mactari
1019 1397 1035 1416 a

246 1436 402 1468 sacerdote,
416 1440 445 1462 et
458 1435 539 1466 mori,
555 1438 583 1461 et
602 1438 668 1461 tunc
683 1433 830 1462 dissectam
844 1435 900 1462 sale
916 1434 1034 1467 condiri,

246 1483 346 1512 deinde
369 1482 408 1510 sic
437 1481 493 1517 igni
518 1480 634 1515 imponi.
657 1480 714 1508 Nisi
735 1481 809 1508 enim
833 1481 911 1515 prius
934 1485 1036 1508 mactet

246 1534 276 1559 et
291 1529 403 1558 occidat
431 1536 511 1556 ovem
527 1527 666 1560 sacerdos,
691 1534 747 1554 non
768 1527 877 1559 salitur,
892 1534 982 1561 neque
1001 1526 1035 1553 ad

246 1575 442 1605 holocaustum
461 1574 579 1602 Domino
603 1573 770 1601 adducitur:
797 1573 838 1600 sic
862 1577 890 1600 et
911 1576 1034 1599 nostram

247 1622 368 1651 animam
387 1621 564 1649 accedentem
586 1627 654 1648 vero
669 1619 794 1647 Pontifici
813 1618 935 1650 Christo,
951 1626 1034 1653 opor-

248 1670 288 1694 tet
303 1665 416 1694 mactari
448 1665 482 1692 ab
508 1673 552 1698 eo,
569 1669 597 1692 et
616 1664 831 1700 cogitationibus
855 1671 888 1691 ac
910 1663 1036 1698 pessume

247 1712 324 1745 vitae.
339 1712 386 1739 cui
409 1711 532 1744 vivebat,
552 1711 605 1738 hoc
621 1714 675 1743 est,
702 1715 816 1746 peccato
830 1710 914 1743 mori,
931 1714 960 1737 et
974 1714 1035 1737 tan-

247 1765 330 1793 quam
342 1758 427 1785 vitam
441 1761 550 1792 oportet
561 1765 595 1784 ex
606 1764 638 1784 ea
646 1756 739 1792 egredi
754 1764 852 1791 pravas
863 1756 1034 1783 affectiones.

248 1803 488 1837 Quemadmodum
512 1803 586 1830 enim
613 1810 726 1838 corpus,
751 1806 896 1838 postquam
917 1802 1037 1830 evolavit

246 1851 351 1881 anima,
378 1853 518 1876 mortuum
541 1854 594 1882 est,
615 1856 668 1876 nec
683 1848 803 1883 amplius
815 1848 884 1876 vivit
899 1849 965 1881 vita,
982 1856 1036 1883 qua

247 1895 372 1928 vivebat,
383 1903 475 1930 neque
487 1894 574 1928 audit,
582 1902 673 1930 neque
684 1894 824 1922 ambulat:
842 1895 883 1922 sic
893 1899 1036 1930 postquam

246 1941 378 1970 mactavit
404 1945 432 1968 et
455 1941 543 1976 gratia
562 1940 674 1968 virtutis
693 1948 750 1968 sua:
773 1941 912 1968 interemit
933 1940 1037 1968 mundo

245 1988 330 2015 vitam
346 1991 471 2014 nostram
486 1987 607 2014 celestis
623 1986 749 2014 Pontifex
764 1986 901 2020 Christus,
918 1987 1037 2014 moritur

247 2033 294 2061 illa
306 2034 369 2061 vita:
384 2041 533 2069 perversae,
546 2033 698 2061 secundum
710 2041 794 2069 quam
808 2033 928 2066 vivebat,
940 2038 969 2061 et
979 2041 1038 2061 am—

244 2080 317 2115 plius
324 2079 354 2115 6
364 2087 453 2114 neque
461 2079 549 2111 audit.
561 2087 652 2114 neque
667 2079 801 2115 loquitur,
813 2088 902 2115 neque
911 2084 1037 2107 versatur

246 2124 275 2151 in
291 2123 415 2151 tenebris
435 2125 559 2160 peccati;
589 2125 656 2160 quia
679 2134 728 2160 per
745 2126 861 2161 gratiam
879 2126 1036 2160 discedunt,

250 2168 327 2195 velut
347 2168 440 2195 anima
460 2169 530 2204 ejus,
548 2169 626 2196 mala:
649 2169 821 2197 affectiones.
837 2170 872 2197 Et
889 2170 1038 2205 Apostolus

245 2213 390 2247 exclamat,
407 2214 522 2242 dicens:
536 2214 601 2242 Mihi
611 2216 724 2242 mundus
738 2216 878 2250 cruci/im
888 2221 936 2249 est,
953 2221 978 2243 et
990 2225 1036 2251 ego

245 2259 344 2287 mundo
359 2260 391 2287 ”.
408 2259 508 2287 Anima
527 2261 614 2294 enim,
630 2269 691 2296 qum
710 2261 738 2288 in
757 2261 861 2289 mundo
871 2266 899 2289 et
913 2262 1036 2289 tenebris

245 2309 422 2340 peccatorum
444 2305 536 2333 adhuc
549 2306 628 2340 vivit,
639 2307 674 2334 ab
688 2315 777 2342 eoque
794 2315 849 2334 non
865 2312 907 2335 est
920 2308 1037 2335 mortifi-

245 2355 318 2384 cata,
342 2351 391 2379 sed
412 2351 504 2379 adhuc
526 2353 647 2380 animam
667 2353 789 2386 malitias,
806 2353 859 2382 hoc
872 2359 925 2387 est,
940 2359 1038 2389 poten—

246 2398 535 2433 tiamgtenebrosarum
547 2400 653 2434 peccati
668 2400 847 2427 aﬂeclionum
858 2401 886 2427 in
901 2408 931 2428 se
944 2400 1037 2433 habet,

245 2448 275 2472 et
287 2444 322 2472 ab
336 2444 383 2471 illa
396 2445 532 2478 nutritur,
548 2452 604 2472 non
618 2449 660 2472 est
671 2444 705 2472 dc
720 2453 839 2479 corpore
857 2444 973 2478 Christi,
987 2453 1040 2473 nec

243 2495 286 2518 est
313 2490 347 2518 de
373 2498 489 2526 corpore
513 2491 595 2523 lucis.
616 2491 662 2518 sed
684 2495 725 2518 est
742 2499 844 2526 corpus
858 2490 1035 2519 tenebrarum

244 2541 272 2565 et
297 2545 332 2565 ex
357 2538 485 2573 portione
508 2537 687 2565 tenebrarum
710 2538 804 2565 adhuc
829 2543 881 2565 est.
902 2537 1037 2571 Quemad-

244 2583 359 2610 modum
372 2592 388 2610 e
403 2591 549 2616 converso,
565 2584 612 2618 qui
633 2583 737 2612 habent
748 2584 869 2610 animam
882 2583 964 2617 lucis,
984 2584 1037 2611 hoc

244 2633 298 2662 est,
324 2629 455 2656 virtutem
480 2629 602 2664 Spiritus
628 2629 729 2663 sancti,
758 2637 792 2657 ex
818 2630 946 2665 portione
967 2630 1039 2658 lucis

244 2679 320 2702 sunt.

279 2763 336 2791 VII.
365 2763 418 2792 Sed
435 2764 510 2792 dicat
525 2765 636 2800 aliquis,
659 2774 715 2800 quo
739 2771 820 2801 pacto
833 2766 951 2794 animum
965 2767 1034 2794 dicis

281 2855 375 2884 'Psal.
389 2863 489 2889 Χιανιι,
509 2856 536 2882 6.
576 2857 597 2872 ¹⁸⁹
613 2855 680 2884 ch.
692 2864 722 2891 ll,
739 2858 768 2891 2,
787 2858 830 2885 15.
870 2859 889 2874 ¹¹
904 2858 963 2886 Gal.
985 2867 1022 2894 γι,
1038 2859 1080 2887 Μ.

1126 1392 1154 1425 (ἶ
1155 1394 1171 1418 ’.
1181 1393 1227 1418 Δεῖ
1245 1389 1292 1418 οὖν
1319 1391 1428 1426 πρῶτον
1444 1390 1557 1425 τυθῆναι
1574 1389 1626 1416 ὑπὸ
1642 1388 1689 1416 τοῦ
1707 1389 1813 1425 ἱερέως,
1831 1390 1880 1416 καὶ

1089 1437 1246 1470 ἀποθανεῖν,
1263 1438 1313 1465 καὶ
1327 1438 1387 1464 τότε
1409 1437 1552 1471 ἁλισθῆναι
1569 1435 1708 1471 μελισθὲν,
1730 1434 1780 1462 εἶθ’
1793 1435 1881 1467 οὕτως

1089 1481 1128 1512 εἰς
1140 1481 1171 1507 τὸ
1196 1481 1252 1517 πῦρ
1267 1481 1446 1508 ἐπιτίθεσθαι.
1464 1480 1527 1507 Ἐὰν
1539 1481 1592 1516 γὰρ
1610 1481 1646 1516 μὴ
1660 1480 1792 1516 πρότερον
1810 1479 1880 1516 θύσῃ

1089 1527 1136 1553 καὶ
1151 1526 1294 1563 θανατὼσῃ
1314 1527 1345 1554 τὺ
1361 1527 1497 1562 πρόϐατον
1521 1528 1536 1553 ὁ
1558 1527 1657 1562 ἱερεὺς,
1676 1527 1724 1561 οὺχ
1745 1526 1879 1558 ἁλίζεται,

1087 1572 1150 1600 οὔτε
1163 1574 1203 1605 εἰς
1217 1573 1407 1608 όλοκάρπωσιν
1417 1573 1455 1608 τῷ
1469 1573 1594 1610 Δεσπότῃ
1607 1573 1785 1608 προσάγεται.
1800 1572 1881 1599 οὓτω

1087 1619 1135 1646 καὶ
1153 1619 1202 1654 τὴν
1219 1620 1356 1655 ἡμετέραν
1367 1619 1456 1654 ψυκὴν
1470 1619 1692 1654 προσερχομένην
1707 1619 1745 1654 τῷ
1759 1618 1880 1653 ἀληθινῷ

1087 1665 1213 1701 ἀρχιερεῖ
1236 1665 1357 1701 Χριστῷ,
1392 1666 1431 1692 δεῖ
1459 1665 1573 1701 τυθῆναι
1599 1666 1645 1692 ὑπ’
1667 1665 1761 1698 αὑτοῦ,
1778 1665 1824 1692 καὶ
1839 1665 1879 1700 τῷ

1088 1712 1242 1747 φρονήματι
1270 1712 1427 1743 ἀποθανεῖν,
1452 1712 1500 1739 καὶ
1515 1713 1548 1747 τῇ
1567 1712 1684 1747 κακίστη
1698 1711 1766 1746 ζωῇ,
1816 1711 1879 1745 ἔζη,

1089 1757 1214 1783 τουτέστι
1231 1759 1264 1793 τῇ
1282 1758 1424 1793 ἁμαρτίᾳ,
1443 1758 1489 1784 καὶ
1505 1757 1600 1793 ὥσπερ
1617 1757 1689 1792 ζωὴν
1704 1757 1823 1791 ἐξελθεῖν
1839 1757 1881 1784 δεῖ

1087 1802 1118 1835 ἐξ
1132 1803 1227 1838 αὐτῆς,
1244 1803 1294 1837 τὴν
1307 1803 1361 1829 τῶν
1383 1803 1480 1830 παθῶν
1498 1803 1641 1838 πονηρίαν.
1660 1802 1765 1837 Ὥσπερ
1779 1801 1834 1836 γὰρ
1848 1802 1881 1828 τὸ

1088 1849 1178 1882 σῶμα,
1196 1848 1266 1874 ὲπὰν
1282 1847 1381 1884 ἐξέλοῃ
1396 1848 1412 1882 ἡ
1428 1848 1512 1883 ψυχὴ,
1527 1847 1658 1880 ἀπέθανε,
1673 1847 1719 1874 καὶ
1733 1847 1826 1873 οὐκέτι
1844 1847 1879 1883 {ﬁ

1087 1894 1120 1928 τῇ
1137 1893 1193 1928 ζωῇ
1210 1893 1239 1919 'sv
1265 1890 1282 1929 ᾖ
1300 1893 1359 1929 ἔζη,
1375 1893 1437 1920 οὔτε
1459 1892 1565 1926 ἀκούει,
1579 1892 1641 1919 οὔτε
1657 1894 1814 1928 περιπατεῖ·
1831 1892 1880 1919 οὗ·

1086 1947 1141 1971 τως
1153 1940 1223 1966 ὲπάν
1238 1939 1308 1976 θύσῃ
1333 1940 1381 1967 καὶ
1410 1939 1554 1975 θανατώσῃ
1569 1939 1608 1975 τῷ
1628 1939 1723 1975 κόσμῳ
1734 1939 1784 1974 τὴν
1804 1939 1880 1975 ζωὴν

1086 1987 1101 2013 ὁ
1115 1987 1275 2023 ἐπουράνιος
1299 1988 1445 2023 ἀρχιερεὺς
1469 1987 1586 2024 Χριστὸς
1601 1988 1634 2022 τῇ
1656 1987 1746 2022 χάριτι
1771 1986 1821 2022 τῆς
1835 1987 1881 2013 δυ-

1087 2033 1197 2068 νάμεως
1220 2033 1313 2066 αὐτοῦ,
1340 2033 1509 2069 ἀποθνήσκει
1525 2034 1558 2068 τῇ
1578 2033 1633 2068 ζωῇ
1647 2033 1696 2068 τῆς
1716 2030 1879 2070 πονηρίας-ᾗ

1087 2079 1148 2114 ἔζη,
1164 2080 1213 2106 καὶ
1227 2080 1320 2106 οὐκέτι
1336 2078 1398 2106 οὔτε
1417 2079 1520 2112 ἀκούει,
1544 2078 1605 2105 οὔτε
1625 2079 1711 2112 λαλεῖ,
1727 2077 1789 2104 οὔτε
1805 2079 1881 2104 πολι-

1089 2124 1198 2151 τεύεται
1211 2125 1240 2151 ὲν
1257 2125 1297 2160 τῷ
1313 2125 1403 2152 σκότει
1416 2127 1465 2161 τῆς
1479 2125 1626 2160 ἁμαρτίας·
1643 2125 1683 2151 ὅτι
1703 2124 1746 2151 διὰ
1761 2124 1810 2159 τῆς
1828 2125 1880 2158 χά-

1091 2179 1164 2206 ριτος
1181 2170 1334 2206 ἐξέρχεται,
1348 2170 1443 2206 ὥσπερ
1456 2171 1529 2206 ψυχὴ
1543 2172 1641 2206 αὐτῆς,
1658 2171 1674 2206 ἡ
1691 2170 1808 2206 πονηρία
1823 2171 1880 2196 τῶν

1089 2217 1193 2244 παθῶν.
1212 2218 1265 2244 Καὶ
1279 2219 1294 2244 ὁ
1311 2218 1470 2249 Ἀπόστολος
1482 2217 1536 2253 βοᾷ
1548 2217 1644 2251 λέγων·
1667 2218 1747 2251 Ἐμοὶ
1764 2217 1882 2252 κόσμος

1088 2264 1284 2298 ἐσταύρωται,
1306 2263 1387 2298 κάγὼ
1401 2262 1442 2296 τῷ
1460 2263 1571 2297 κόσμῳ.
1593 2264 1674 2298 Ψυχὴ
1686 2263 1740 2298 γὰρ
1755 2264 1772 2298 ἡ
1786 2263 1880 2298 ἀκμὴν

1088 2310 1164 2342 ζῶσα
1191 2311 1221 2337 ὲν
1245 2309 1283 2345 τῷ
1297 2310 1403 2344 κόσμῳ,
1433 2309 1479 2336 καὶ
1496 2309 1534 2344 τῷ
1551 2309 1641 2335 σκότει
1664 2309 1713 2343 τῆς
1730 2309 1880 2345 ἁμαρτίας,

1088 2356 1137 2382 καὶ
1151 2356 1188 2392 μὴ
1201 2355 1390 2383 θανατωθείσα
1412 2356 1461 2382 ἀπ’
1484 2355 1578 2388 αὐτοῦ,
1600 2356 1656 2382 ἀλλ’
1672 2355 1712 2382 ἐτι
1729 2356 1779 2390 τὴν
1787 2355 1880 2390 ψυχὴν

1088 2402 1137 2436 τῆς
1159 2401 1269 2433 κακίας,
1295 2400 1368 2427 τοῦτ’
1395 2400 1452 2427 ἐστι
1467 2401 1518 2436 τὴν
1542 2401 1683 2436 ἐνέργειαν
1699 2401 1746 2427 τοῦ
1767 2401 1881 2432 σκότους

1090 2447 1146 2474 τῶν
1161 2447 1256 2474 παθῶν
1273 2447 1322 2482 τῆς
1338 2448 1478 2483 ἁμαρτίας
1502 2449 1531 2474 ὲν
1551 2448 1634 2483 ἑαυτῇ
1651 2447 1758 2482 ἔχουσα,
1773 2447 1822 2473 καὶ
1834 2448 1881 2473 ὑπ’

1091 2492 1177 2527 αὐτῆς
1187 2492 1398 2528 ποιμαινομένη,
1411 2492 1461 2518 οὐκ
1474 2492 1532 2518 ἐστι
1551 2491 1598 2518 τοῦ
1616 2492 1739 2528 σώματος
1752 2491 1800 2518 τοῦ
1814 2492 1882 2526 Χρι-

1092 2538 1167 2572 στοῦ,
1195 2539 1244 2565 οὐκ
1272 2538 1330 2565 ἔστι
1354 2539 1400 2565 τοῦ
1428 2539 1554 2574 σώματος
1575 2539 1622 2565 τοῦ
1636 2539 1735 2572 φωτός
1749 2538 1807 2565 ἀλλ’
1823 2539 1883 2566 ἔστι

1092 2584 1173 2619 σῶμα
1193 2585 1240 2611 τοῦ
1269 2585 1383 2616 σκότους
1400 2586 1446 2611 καὶ
1462 2586 1493 2611 ὲκ
1516 2585 1565 2620 τῆς
1580 2585 1687 2620 μερίδος
1705 2584 1752 2611 τοῦ
1767 2585 1882 2617 σκότους

1090 2631 1184 2666 ἀκμήν
1215 2631 1300 2657 ἐστιν.
1317 2631 1423 2666 Ὥσπερ
1444 2631 1492 2657 καὶ
1524 2631 1604 2658 πάλιν
1619 2651 1626 2662 ,
1648 2632 1672 2657 οἱ
1699 2631 1807 2666 ἔχοντες
1831 2632 1883 2667 τὴν

1088 2676 1178 2713 ψυχὴν
1203 2676 1249 2703 τοῦ
1280 2677 1368 2712 φωτὸς
1385 2697 1393 2708 ,
1419 2677 1491 2704 τοῦτ’
1515 2678 1573 2704 ἔστι
1604 2677 1654 2714 τὴν
1681 2677 1797 2713 δύναμιν
1832 2679 1882 2704 τοῦ

1087 2723 1166 2757 ἁγίου
1190 2723 1360 2758 Πνεύματος,
1379 2725 1411 2750 ἐκ
1438 2724 1486 2759 τῆς
1507 2724 1615 2759 μερίδος
1637 2725 1690 2751 εἰσὶ
1708 2724 1756 2751 τοῦ
1780 2725 1881 2758 φωτός.

1121 2769 1158 2796 Z'.
1168 2769 1238 2796 ‘AD.’
1249 2770 1306 2805 ἐρεῖ
1314 2778 1364 2802 τις⁸
1377 2770 1439 2801 [ιὼς
1457 2770 1535 2805 σῶμα
1548 2771 1594 2797 τοῦ
1608 2771 1718 2803 σκότους
1729 2770 1817 2805 λέγεις
1831 2770 1886 2806 τὴν
