  <div class='ocr_page' id='page_1' title='image "/cluster/home/n/w/nwhite01/storage/ocr_20150623/34/njp.32101077772547/250.png"; bbox 0 0 2064 3152; ppageno 0'>
   <div class='ocr_carea' id='block_1_1' title="bbox 198 211 253 244">
    <p class='ocr_par' dir='ltr' id='par_1_1' title="bbox 198 211 253 244">
     <span class='ocr_line' id='line_1_1' title="bbox 198 211 253 244; baseline 0 0"><span class='ocrx_word' id='word_1_1' title='bbox 198 211 253 244; x_wconf 76' lang='grc'><strong>457</strong></span> 
     </span>
    </p>
   </div>
   <div class='ocr_carea' id='block_1_2' title="bbox 814 210 1198 242">
    <p class='ocr_par' dir='ltr' id='par_1_2' title="bbox 814 210 1198 242">
     <span class='ocr_line' id='line_1_2' title="bbox 814 210 1198 242; baseline -0.005 0"><span class='ocrx_word' id='word_1_2' title='bbox 814 211 998 242; x_wconf 77' lang='lat' dir='ltr'><strong>HOMILUE.</strong></span> <span class='ocrx_word' id='word_1_3' title='bbox 1012 223 1045 228; x_wconf 90' lang='grc'><strong><em>-</em></strong></span> <span class='ocrx_word' id='word_1_4' title='bbox 1059 210 1153 241; x_wconf 84' lang='grc' dir='ltr'><strong>ΗΘΜ.</strong></span> <span class='ocrx_word' id='word_1_5' title='bbox 1173 210 1198 240; x_wconf 88' lang='grc' dir='ltr'><strong>Ι.</strong></span> 
     </span>
    </p>
   </div>
   <div class='ocr_carea' id='block_1_3' title="bbox 1777 203 1830 238">
    <p class='ocr_par' dir='ltr' id='par_1_3' title="bbox 1777 203 1830 238">
     <span class='ocr_line' id='line_1_3' title="bbox 1777 203 1830 238; baseline 0.057 -3"><span class='ocrx_word' id='word_1_6' title='bbox 1777 203 1830 238; x_wconf 76' lang='grc'><strong>458</strong></span> 
     </span>
    </p>
   </div>
   <div class='ocr_carea' id='block_1_4' title="bbox 198 264 986 304">
    <p class='ocr_par' dir='ltr' id='par_1_4' title="bbox 198 264 984 304">
     <span class='ocr_line' id='line_1_4' title="bbox 198 264 984 304; baseline 0.001 -9"><span class='ocrx_word' id='word_1_7' title='bbox 198 268 297 304; x_wconf 78' lang='grc' dir='ltr'>ψυχὴν,</span> <span class='ocrx_word' id='word_1_8' title='bbox 317 267 355 304; x_wconf 84' lang='grc' dir='ltr'>μὴ</span> <span class='ocrx_word' id='word_1_9' title='bbox 365 264 447 296; x_wconf 76' lang='grc' dir='ltr'>οὖσαν</span> <span class='ocrx_word' id='word_1_10' title='bbox 462 268 543 295; x_wconf 82' lang='grc' dir='ltr'>αὑτοῦ</span> <span class='ocrx_word' id='word_1_11' title='bbox 558 264 752 304; x_wconf 78' lang='grc' dir='ltr'>κτίσμαςὮδε</span> <span class='ocrx_word' id='word_1_12' title='bbox 767 269 921 304; x_wconf 76' lang='grc' dir='ltr'><strong>προσέχων,</strong></span> <span class='ocrx_word' id='word_1_13' title='bbox 936 269 984 296; x_wconf 71' lang='grc' dir='ltr'>καὶ</span> 
     </span>
    </p>
   </div>
   <div class='ocr_carea' id='block_1_5' title="bbox 1036 264 1827 304">
    <p class='ocr_par' dir='ltr' id='par_1_5' title="bbox 1036 265 1827 304">
     <span class='ocr_line' id='line_1_5' title="bbox 1036 265 1827 304; baseline -0.004 -8"><span class='ocrx_word' id='word_1_14' title='bbox 1036 277 1136 304; x_wconf 87' lang='lat' dir='ltr'><strong>corpus</strong></span> <span class='ocrx_word' id='word_1_15' title='bbox 1158 267 1346 301; x_wconf 77' lang='lat' dir='ltr'><strong>tenebrarum,</strong></span> <span class='ocrx_word' id='word_1_16' title='bbox 1366 275 1430 295; x_wconf 93' lang='lat' dir='ltr'><strong>cum</strong></span> <span class='ocrx_word' id='word_1_17' title='bbox 1453 276 1508 295; x_wconf 87' lang='lat' dir='ltr'><strong>non</strong></span> <span class='ocrx_word' id='word_1_18' title='bbox 1524 267 1560 296; x_wconf 99' lang='lat' dir='ltr'><strong>sit</strong></span> <span class='ocrx_word' id='word_1_19' title='bbox 1582 267 1617 294; x_wconf 89' lang='lat' dir='ltr'><strong>ab</strong></span> <span class='ocrx_word' id='word_1_20' title='bbox 1641 266 1696 294; x_wconf 85' lang='lat' dir='ltr'><strong>illis</strong></span> <span class='ocrx_word' id='word_1_21' title='bbox 1711 265 1827 301; x_wconf 75' lang='lat' dir='ltr'><strong>genita?</strong></span> 
     </span>
    </p>
   </div>
   <div class='ocr_carea' id='block_1_6' title="bbox 198 313 989 350">
    <p class='ocr_par' dir='ltr' id='par_1_6' title="bbox 198 313 989 350">
     <span class='ocr_line' id='line_1_6' title="bbox 198 313 989 350; baseline 0 -10"><span class='ocrx_word' id='word_1_22' title='bbox 198 314 286 349; x_wconf 83' lang='grc' dir='ltr'>ὀρθῶς</span> <span class='ocrx_word' id='word_1_23' title='bbox 300 314 397 348; x_wconf 72' lang='grc' dir='ltr'>νόησον</span> <span class='ocrx_word' id='word_1_24' title='bbox 407 321 413 328; x_wconf 83' lang='grc'><em>”</em></span> <span class='ocrx_word' id='word_1_25' title='bbox 429 314 534 349; x_wconf 77' lang='grc' dir='ltr'>’Ὠσπερ</span> <span class='ocrx_word' id='word_1_26' title='bbox 548 313 649 349; x_wconf 65' lang='grc' dir='ltr'>ἔνδυμα</span> <span class='ocrx_word' id='word_1_27' title='bbox 661 314 779 348; x_wconf 72' lang='grc' dir='ltr'>ἱμάτιον,</span> <span class='ocrx_word' id='word_1_28' title='bbox 795 313 810 340; x_wconf 86' lang='grc' dir='ltr'><strong>ὃ</strong></span> <span class='ocrx_word' id='word_1_29' title='bbox 826 315 930 350; x_wconf 75' lang='grc' dir='ltr'>φορεῖς,</span> <span class='ocrx_word' id='word_1_30' title='bbox 944 313 989 341; x_wconf 81' lang='grc' dir='ltr'><strong>ἀλ-</strong></span> 
     </span>
    </p>
   </div>
   <div class='ocr_carea' id='block_1_7' title="bbox 199 359 988 395">
    <p class='ocr_par' dir='ltr' id='par_1_7' title="bbox 199 359 988 395">
     <span class='ocr_line' id='line_1_7' title="bbox 199 359 988 395; baseline 0.001 -9"><span class='ocrx_word' id='word_1_31' title='bbox 199 359 243 390; x_wconf 88' lang='grc' dir='ltr'><strong>λσς</strong></span> <span class='ocrx_word' id='word_1_32' title='bbox 251 359 446 392; x_wconf 73' lang='grc' dir='ltr'><strong>κατεσκεύασε,</strong></span> <span class='ocrx_word' id='word_1_33' title='bbox 454 359 500 386; x_wconf 76' lang='grc' dir='ltr'><strong>καὶ</strong></span> <span class='ocrx_word' id='word_1_34' title='bbox 517 360 549 386; x_wconf 88' lang='grc' dir='ltr'>σὺ</span> <span class='ocrx_word' id='word_1_35' title='bbox 565 359 631 386; x_wconf 85' lang='grc' dir='ltr'>αὐτὸ</span> <span class='ocrx_word' id='word_1_36' title='bbox 641 359 812 395; x_wconf 79' lang='grc' dir='ltr'>ὲν[δέ]δυσαι·</span> <span class='ocrx_word' id='word_1_37' title='bbox 829 359 930 395; x_wconf 82' lang='grc' dir='ltr'>ὁμοίως</span> <span class='ocrx_word' id='word_1_38' title='bbox 940 359 988 387; x_wconf 77' lang='grc' dir='ltr'><strong>καὶ</strong></span> 
     </span>
    </p>
   </div>
   <div class='ocr_carea' id='block_1_8' title="bbox 199 403 988 441">
    <p class='ocr_par' dir='ltr' id='par_1_8' title="bbox 199 403 988 441">
     <span class='ocr_line' id='line_1_8' title="bbox 199 403 988 441; baseline 0.003 -10"><span class='ocrx_word' id='word_1_39' title='bbox 199 403 273 432; x_wconf 75' lang='grc' dir='ltr'>οἷκον</span> <span class='ocrx_word' id='word_1_40' title='bbox 289 404 383 440; x_wconf 75' lang='grc' dir='ltr'>ἔτερος</span> <span class='ocrx_word' id='word_1_41' title='bbox 400 404 558 441; x_wconf 81' lang='grc' dir='ltr'><strong>ᾠκοδόμησε</strong></span> <span class='ocrx_word' id='word_1_42' title='bbox 572 406 620 433; x_wconf 77' lang='grc' dir='ltr'>καὶ</span> <span class='ocrx_word' id='word_1_43' title='bbox 637 406 739 438; x_wconf 79' lang='grc' dir='ltr'><strong>ἔκτισε,</strong></span> <span class='ocrx_word' id='word_1_44' title='bbox 753 407 801 433; x_wconf 81' lang='grc' dir='ltr'>καὶ</span> <span class='ocrx_word' id='word_1_45' title='bbox 812 406 845 433; x_wconf 85' lang='grc' dir='ltr'>σὺ</span> <span class='ocrx_word' id='word_1_46' title='bbox 860 407 946 438; x_wconf 77' lang='grc' dir='ltr'>οἰκεῖς</span> <span class='ocrx_word' id='word_1_47' title='bbox 959 407 988 433; x_wconf 79' lang='grc' dir='ltr'>ὲν</span> 
     </span>
    </p>
   </div>
   <div class='ocr_carea' id='block_1_9' title="bbox 199 451 988 489">
    <p class='ocr_par' dir='ltr' id='par_1_9' title="bbox 199 451 988 489">
     <span class='ocr_line' id='line_1_9' title="bbox 199 451 988 489; baseline 0.003 -11"><span class='ocrx_word' id='word_1_48' title='bbox 199 451 282 486; x_wconf 84' lang='grc' dir='ltr'>αὐτῷ·</span> <span class='ocrx_word' id='word_1_49' title='bbox 295 453 342 479; x_wconf 77' lang='grc' dir='ltr'>τὸν</span> <span class='ocrx_word' id='word_1_50' title='bbox 362 452 443 479; x_wconf 76' lang='grc' dir='ltr'>αὑτὸν</span> <span class='ocrx_word' id='word_1_51' title='bbox 458 452 559 487; x_wconf 85' lang='grc' dir='ltr'><strong>τρόπον</strong></span> <span class='ocrx_word' id='word_1_52' title='bbox 585 453 633 480; x_wconf 81' lang='grc' dir='ltr'><strong>καὶ</strong></span> <span class='ocrx_word' id='word_1_53' title='bbox 651 453 666 479; x_wconf 84' lang='grc' dir='ltr'><em>ὁ</em></span> <span class='ocrx_word' id='word_1_54' title='bbox 689 453 774 488; x_wconf 77' lang='grc' dir='ltr'>Ἀδὰμ</span> <span class='ocrx_word' id='word_1_55' title='bbox 795 452 922 489; x_wconf 85' lang='grc' dir='ltr'>παραϐὰς</span> <span class='ocrx_word' id='word_1_56' title='bbox 938 452 988 489; x_wconf 85' lang='grc' dir='ltr'>τὴν</span> 
     </span>
    </p>
   </div>
   <div class='ocr_carea' id='block_1_10' title="bbox 199 497 987 534">
    <p class='ocr_par' dir='ltr' id='par_1_10' title="bbox 199 497 987 534">
     <span class='ocr_line' id='line_1_10' title="bbox 199 497 987 534; baseline 0.003 -11"><span class='ocrx_word' id='word_1_57' title='bbox 199 497 310 532; x_wconf 70' lang='grc' dir='ltr'>ὶντολὴν</span> <span class='ocrx_word' id='word_1_58' title='bbox 327 497 373 523; x_wconf 82' lang='grc' dir='ltr'><strong>τοῦ</strong></span> <span class='ocrx_word' id='word_1_59' title='bbox 394 497 472 529; x_wconf 81' lang='grc' dir='ltr'>Θεοῦ,</span> <span class='ocrx_word' id='word_1_60' title='bbox 489 498 536 524; x_wconf 77' lang='grc' dir='ltr'>καὶ</span> <span class='ocrx_word' id='word_1_61' title='bbox 549 498 669 530; x_wconf 83' lang='grc' dir='ltr'>ἀκούσας</span> <span class='ocrx_word' id='word_1_62' title='bbox 689 498 737 525; x_wconf 76' lang='grc' dir='ltr'>τοῦ</span> <span class='ocrx_word' id='word_1_63' title='bbox 753 498 872 534; x_wconf 79' lang='grc' dir='ltr'>πονηροῦ</span> <span class='ocrx_word' id='word_1_64' title='bbox 888 498 987 534; x_wconf 73' lang='grc' dir='ltr'>ὄφεως,</span> 
     </span>
    </p>
   </div>
   <div class='ocr_carea' id='block_1_11' title="bbox 200 542 988 580">
    <p class='ocr_par' dir='ltr' id='par_1_11' title="bbox 200 542 988 580">
     <span class='ocr_line' id='line_1_11' title="bbox 200 542 988 580; baseline 0.004 -12"><span class='ocrx_word' id='word_1_65' title='bbox 200 542 307 577; x_wconf 78' lang='grc' dir='ltr'><strong>ἐπράθη</strong></span> <span class='ocrx_word' id='word_1_66' title='bbox 327 543 374 571; x_wconf 80' lang='grc' dir='ltr'>καὶ</span> <span class='ocrx_word' id='word_1_67' title='bbox 400 543 544 579; x_wconf 76' lang='grc' dir='ltr'><strong>ἐπώλησεν</strong></span> <span class='ocrx_word' id='word_1_68' title='bbox 557 544 653 571; x_wconf 79' lang='grc' dir='ltr'>ἑαυτὸν</span> <span class='ocrx_word' id='word_1_69' title='bbox 679 544 719 579; x_wconf 81' lang='grc' dir='ltr'>τῷ</span> <span class='ocrx_word' id='word_1_70' title='bbox 738 544 864 580; x_wconf 83' lang='grc' dir='ltr'>διαϐόλῳ·</span> <span class='ocrx_word' id='word_1_71' title='bbox 882 544 929 571; x_wconf 69' lang='grc' dir='ltr'><strong>καὶ</strong></span> <span class='ocrx_word' id='word_1_72' title='bbox 945 545 988 570; x_wconf 80' lang='grc' dir='ltr'><strong>ὲν-</strong></span> 
     </span>
    </p>
   </div>
   <div class='ocr_carea' id='block_1_12' title="bbox 200 587 996 626">
    <p class='ocr_par' dir='ltr' id='par_1_12' title="bbox 200 587 996 626">
     <span class='ocr_line' id='line_1_12' title="bbox 200 587 996 626; baseline 0.004 -12"><span class='ocrx_word' id='word_1_73' title='bbox 200 587 313 617; x_wconf 57' lang='lat' dir='ltr'><strong>assam</strong></span> <span class='ocrx_word' id='word_1_74' title='bbox 327 589 376 624; x_wconf 82' lang='grc' dir='ltr'>τὴν</span> <span class='ocrx_word' id='word_1_75' title='bbox 397 589 486 624; x_wconf 81' lang='grc' dir='ltr'>ψυχὴν</span> <span class='ocrx_word' id='word_1_76' title='bbox 509 591 524 616; x_wconf 86' lang='grc' dir='ltr'>ὀ</span> <span class='ocrx_word' id='word_1_77' title='bbox 551 590 679 626; x_wconf 82' lang='grc' dir='ltr'>πονηρὸς,</span> <span class='ocrx_word' id='word_1_78' title='bbox 691 590 721 616; x_wconf 83' lang='grc' dir='ltr'>τὸ</span> <span class='ocrx_word' id='word_1_79' title='bbox 744 591 826 618; x_wconf 78' lang='grc' dir='ltr'>καλδν</span> <span class='ocrx_word' id='word_1_80' title='bbox 849 590 961 626; x_wconf 82' lang='grc' dir='ltr'><strong>κτίσμα,</strong></span> <span class='ocrx_word' id='word_1_81' title='bbox 974 590 996 617; x_wconf 83' lang='grc' dir='ltr'>δ’</span> 
     </span>
    </p>
   </div>
   <div class='ocr_carea' id='block_1_13' title="bbox 201 634 986 671">
    <p class='ocr_par' dir='ltr' id='par_1_13' title="bbox 201 634 986 671">
     <span class='ocr_line' id='line_1_13' title="bbox 201 634 986 671; baseline 0.004 -11"><span class='ocrx_word' id='word_1_82' title='bbox 201 634 401 661; x_wconf 69' lang='grc' dir='ltr'><strong>κατεσκεύασεν</strong></span> <span class='ocrx_word' id='word_1_83' title='bbox 422 637 437 662; x_wconf 77' lang='grc' dir='ltr'>ὁ</span> <span class='ocrx_word' id='word_1_84' title='bbox 454 635 533 668; x_wconf 83' lang='grc' dir='ltr'>Θεὺς,</span> <span class='ocrx_word' id='word_1_85' title='bbox 555 636 625 671; x_wconf 73' lang='grc' dir='ltr'>πρὸς</span> <span class='ocrx_word' id='word_1_86' title='bbox 647 636 698 671; x_wconf 79' lang='grc' dir='ltr'>τὴν</span> <span class='ocrx_word' id='word_1_87' title='bbox 721 635 805 663; x_wconf 73' lang='grc' dir='ltr'>αὑτοῦ</span> <span class='ocrx_word' id='word_1_88' title='bbox 830 636 934 668; x_wconf 72' lang='grc' dir='ltr'>εἰκόνα,</span> <span class='ocrx_word' id='word_1_89' title='bbox 950 636 986 668; x_wconf 79' lang='grc' dir='ltr'><strong>ὡς</strong></span> 
     </span>
    </p>
   </div>
   <div class='ocr_carea' id='block_1_14' title="bbox 201 680 988 717">
    <p class='ocr_par' dir='ltr' id='par_1_14' title="bbox 201 680 988 717">
     <span class='ocr_line' id='line_1_14' title="bbox 201 680 988 717; baseline 0.004 -11"><span class='ocrx_word' id='word_1_90' title='bbox 201 680 248 708; x_wconf 71' lang='grc' dir='ltr'><strong>καὶ</strong></span> <span class='ocrx_word' id='word_1_91' title='bbox 268 680 282 706; x_wconf 84' lang='grc' dir='ltr'><strong><em>ὸ</em></strong></span> <span class='ocrx_word' id='word_1_92' title='bbox 309 680 471 712; x_wconf 82' lang='grc' dir='ltr'>Ἀπόστολος</span> <span class='ocrx_word' id='word_1_93' title='bbox 486 680 572 716; x_wconf 80' lang='grc' dir='ltr'><strong>λέγει·</strong></span> <span class='ocrx_word' id='word_1_94' title='bbox 593 681 851 717; x_wconf 79' lang='grc' dir='ltr'>Ἀπεκδυσάμενος</span> <span class='ocrx_word' id='word_1_95' title='bbox 867 682 918 714; x_wconf 84' lang='grc' dir='ltr'>τὰς</span> <span class='ocrx_word' id='word_1_96' title='bbox 937 682 988 716; x_wconf 80' lang='grc' dir='ltr'><strong>ἀρ-</strong></span> 
     </span>
    </p>
   </div>
   <div class='ocr_carea' id='block_1_15' title="bbox 200 725 988 762">
    <p class='ocr_par' dir='ltr' id='par_1_15' title="bbox 200 725 988 762">
     <span class='ocr_line' id='line_1_15' title="bbox 200 725 988 762; baseline 0.004 -10"><span class='ocrx_word' id='word_1_97' title='bbox 200 726 257 760; x_wconf 73' lang='grc' dir='ltr'><strong>χὰς</strong></span> <span class='ocrx_word' id='word_1_98' title='bbox 280 725 330 753; x_wconf 81' lang='grc' dir='ltr'>καὶ</span> <span class='ocrx_word' id='word_1_99' title='bbox 349 726 502 760; x_wconf 80' lang='grc' dir='ltr'>ἐξουσϊας,</span> <span class='ocrx_word' id='word_1_100' title='bbox 527 727 743 762; x_wconf 75' lang='grc' dir='ltr'>ἐθριάμϐευσεν</span> <span class='ocrx_word' id='word_1_101' title='bbox 766 728 877 761; x_wconf 85' lang='grc' dir='ltr'>αὐτοὺς</span> <span class='ocrx_word' id='word_1_102' title='bbox 897 728 932 755; x_wconf 81' lang='grc' dir='ltr'><strong>ἐν</strong></span> <span class='ocrx_word' id='word_1_103' title='bbox 946 727 988 761; x_wconf 86' lang='grc' dir='ltr'>τῷ</span> 
     </span>
    </p>
   </div>
   <div class='ocr_carea' id='block_1_16' title="bbox 201 771 987 811">
    <p class='ocr_par' dir='ltr' id='par_1_16' title="bbox 201 771 987 811">
     <span class='ocr_line' id='line_1_16' title="bbox 201 771 987 811; baseline 0.004 -13"><span class='ocrx_word' id='word_1_104' title='bbox 201 771 332 806; x_wconf 79' lang='grc' dir='ltr'><strong>σταυρῷ.</strong></span> <span class='ocrx_word' id='word_1_105' title='bbox 351 772 402 799; x_wconf 84' lang='grc' dir='ltr'>Διὰ</span> <span class='ocrx_word' id='word_1_106' title='bbox 414 772 494 799; x_wconf 79' lang='grc' dir='ltr'>τοῦτο</span> <span class='ocrx_word' id='word_1_107' title='bbox 515 773 570 809; x_wconf 86' lang='grc' dir='ltr'><strong>γὰρ</strong></span> <span class='ocrx_word' id='word_1_108' title='bbox 595 774 643 800; x_wconf 81' lang='grc' dir='ltr'>καὶ</span> <span class='ocrx_word' id='word_1_109' title='bbox 664 775 681 810; x_wconf 81' lang='grc' dir='ltr'><strong>ἠ</strong></span> <span class='ocrx_word' id='word_1_110' title='bbox 701 774 806 806; x_wconf 76' lang='grc' dir='ltr'>ἕλευσις</span> <span class='ocrx_word' id='word_1_111' title='bbox 820 775 867 802; x_wconf 85' lang='grc' dir='ltr'>τοῦ</span> <span class='ocrx_word' id='word_1_112' title='bbox 884 775 987 811; x_wconf 77' lang='grc' dir='ltr'><strong>Κυρίου</strong></span> 
     </span>
    </p>
   </div>
   <div class='ocr_carea' id='block_1_17' title="bbox 201 817 988 857">
    <p class='ocr_par' dir='ltr' id='par_1_17' title="bbox 201 817 988 857">
     <span class='ocr_line' id='line_1_17' title="bbox 201 817 988 857; baseline 0.006 -14"><span class='ocrx_word' id='word_1_113' title='bbox 201 817 358 852; x_wconf 80' lang='grc' dir='ltr'>γεγένηται,</span> <span class='ocrx_word' id='word_1_114' title='bbox 381 818 425 846; x_wconf 79' lang='grc' dir='ltr'>ῐνα</span> <span class='ocrx_word' id='word_1_115' title='bbox 450 818 554 855; x_wconf 79' lang='grc' dir='ltr'>ἐκϐάλῃ</span> <span class='ocrx_word' id='word_1_116' title='bbox 586 820 695 852; x_wconf 76' lang='grc' dir='ltr'>αὐτοὺς,</span> <span class='ocrx_word' id='word_1_117' title='bbox 725 820 772 846; x_wconf 84' lang='grc' dir='ltr'>καὶ</span> <span class='ocrx_word' id='word_1_118' title='bbox 796 820 921 857; x_wconf 83' lang='grc' dir='ltr'>ἀπολάϐῃ</span> <span class='ocrx_word' id='word_1_119' title='bbox 943 822 988 848; x_wconf 82' lang='grc' dir='ltr'><strong>τὸν</strong></span> 
     </span>
    </p>
   </div>
   <div class='ocr_carea' id='block_1_18' title="bbox 201 862 988 901">
    <p class='ocr_par' dir='ltr' id='par_1_18' title="bbox 201 862 988 901">
     <span class='ocr_line' id='line_1_18' title="bbox 201 862 988 901; baseline 0.006 -11"><span class='ocrx_word' id='word_1_120' title='bbox 201 864 268 891; x_wconf 72' lang='grc' dir='ltr'>ῐδιον</span> <span class='ocrx_word' id='word_1_121' title='bbox 290 862 365 893; x_wconf 78' lang='grc' dir='ltr'>οἷκον</span> <span class='ocrx_word' id='word_1_122' title='bbox 386 865 434 891; x_wconf 75' lang='grc' dir='ltr'>καὶ</span> <span class='ocrx_word' id='word_1_123' title='bbox 456 865 530 896; x_wconf 76' lang='grc' dir='ltr'>ναὸν,</span> <span class='ocrx_word' id='word_1_124' title='bbox 545 865 591 893; x_wconf 79' lang='grc' dir='ltr'>τὸν</span> <span class='ocrx_word' id='word_1_125' title='bbox 605 866 761 901; x_wconf 75' lang='grc' dir='ltr'>ἄνθρωπον.</span> <span class='ocrx_word' id='word_1_126' title='bbox 774 867 877 894; x_wconf 83' lang='grc' dir='ltr'><strong>Τούτου</strong></span> <span class='ocrx_word' id='word_1_127' title='bbox 898 867 988 895; x_wconf 83' lang='grc' dir='ltr'><strong>τοίνυν</strong></span> 
     </span>
    </p>
   </div>
   <div class='ocr_carea' id='block_1_19' title="bbox 201 909 989 949">
    <p class='ocr_par' dir='ltr' id='par_1_19' title="bbox 201 909 989 949">
     <span class='ocr_line' id='line_1_19' title="bbox 201 909 989 949; baseline 0.005 -13"><span class='ocrx_word' id='word_1_128' title='bbox 201 909 295 937; x_wconf 75' lang='grc' dir='ltr'>ἕνεκεν</span> <span class='ocrx_word' id='word_1_129' title='bbox 312 910 392 945; x_wconf 82' lang='grc' dir='ltr'>σῶμα</span> <span class='ocrx_word' id='word_1_130' title='bbox 408 910 517 945; x_wconf 83' lang='grc' dir='ltr'>λέγεται</span> <span class='ocrx_word' id='word_1_131' title='bbox 534 912 551 947; x_wconf 84' lang='grc' dir='ltr'><strong>ἡ</strong></span> <span class='ocrx_word' id='word_1_132' title='bbox 565 911 640 948; x_wconf 79' lang='grc' dir='ltr'>ψυχὴ</span> <span class='ocrx_word' id='word_1_133' title='bbox 654 912 701 939; x_wconf 84' lang='grc' dir='ltr'>τοῦ</span> <span class='ocrx_word' id='word_1_134' title='bbox 716 912 828 944; x_wconf 80' lang='grc' dir='ltr'>σκότους</span> <span class='ocrx_word' id='word_1_135' title='bbox 839 913 890 948; x_wconf 84' lang='grc' dir='ltr'>τῆς</span> <span class='ocrx_word' id='word_1_136' title='bbox 905 922 989 949; x_wconf 88' lang='grc' dir='ltr'>πονη-</span> 
     </span>
    </p>
   </div>
   <div class='ocr_carea' id='block_1_20' title="bbox 201 952 985 995">
    <p class='ocr_par' dir='ltr' id='par_1_20' title="bbox 201 952 985 995">
     <span class='ocr_line' id='line_1_20' title="bbox 201 952 985 995; baseline 0.004 -13"><span class='ocrx_word' id='word_1_137' title='bbox 201 955 274 991; x_wconf 78' lang='grc' dir='ltr'>ρίας,</span> <span class='ocrx_word' id='word_1_138' title='bbox 286 956 339 988; x_wconf 75' lang='grc' dir='ltr'>ἕως</span> <span class='ocrx_word' id='word_1_139' title='bbox 354 952 385 984; x_wconf 70' lang='grc' dir='ltr'>οὗ</span> <span class='ocrx_word' id='word_1_140' title='bbox 407 958 481 984; x_wconf 75' lang='grc' dir='ltr'>ἔστιν</span> <span class='ocrx_word' id='word_1_141' title='bbox 494 958 523 984; x_wconf 84' lang='grc' dir='ltr'>ὲν</span> <span class='ocrx_word' id='word_1_142' title='bbox 537 958 605 994; x_wconf 86' lang='grc' dir='ltr'>αὐτῇ</span> <span class='ocrx_word' id='word_1_143' title='bbox 619 958 649 985; x_wconf 83' lang='grc' dir='ltr'>τὸ</span> <span class='ocrx_word' id='word_1_144' title='bbox 666 958 762 990; x_wconf 76' lang='grc' dir='ltr'>σκότος</span> <span class='ocrx_word' id='word_1_145' title='bbox 775 959 824 994; x_wconf 84' lang='grc' dir='ltr'><strong>τῆς</strong></span> <span class='ocrx_word' id='word_1_146' title='bbox 836 960 985 995; x_wconf 77' lang='grc' dir='ltr'>ἁμαρτίας,</span> 
     </span>
    </p>
   </div>
   <div class='ocr_carea' id='block_1_21' title="bbox 200 1001 986 1040">
    <p class='ocr_par' dir='ltr' id='par_1_21' title="bbox 200 1001 986 1040">
     <span class='ocr_line' id='line_1_21' title="bbox 200 1001 986 1040; baseline 0.005 -12"><span class='ocrx_word' id='word_1_147' title='bbox 200 1001 241 1028; x_wconf 72' lang='grc' dir='ltr'><strong>ὅτι</strong></span> <span class='ocrx_word' id='word_1_148' title='bbox 256 1003 315 1029; x_wconf 72' lang='grc' dir='ltr'>ἐκεῖ</span> <span class='ocrx_word' id='word_1_149' title='bbox 328 1002 362 1038; x_wconf 74' lang='grc' dir='ltr'><strong>ζῇ</strong></span> <span class='ocrx_word' id='word_1_150' title='bbox 375 1003 417 1035; x_wconf 89' lang='grc' dir='ltr'><strong>είς</strong></span> <span class='ocrx_word' id='word_1_151' title='bbox 437 1003 482 1030; x_wconf 77' lang='grc' dir='ltr'>τὸν</span> <span class='ocrx_word' id='word_1_152' title='bbox 498 1003 585 1031; x_wconf 86' lang='grc' dir='ltr'>αίῶνα</span> <span class='ocrx_word' id='word_1_153' title='bbox 599 1004 646 1030; x_wconf 80' lang='grc' dir='ltr'>τὸν</span> <span class='ocrx_word' id='word_1_154' title='bbox 663 1004 781 1040; x_wconf 72' lang='grc' dir='ltr'>πονηρὸν</span> <span class='ocrx_word' id='word_1_155' title='bbox 797 1004 844 1032; x_wconf 83' lang='grc' dir='ltr'><strong>τοῦ</strong></span> <span class='ocrx_word' id='word_1_156' title='bbox 862 1005 986 1038; x_wconf 83' lang='grc' dir='ltr'>σκότους,</span> 
     </span>
    </p>
   </div>
   <div class='ocr_carea' id='block_1_22' title="bbox 201 1047 988 1087">
    <p class='ocr_par' dir='ltr' id='par_1_22' title="bbox 201 1047 988 1087">
     <span class='ocr_line' id='line_1_22' title="bbox 201 1047 988 1087; baseline 0.006 -13"><span class='ocrx_word' id='word_1_157' title='bbox 201 1047 250 1074; x_wconf 68' lang='grc' dir='ltr'>καὶ</span> <span class='ocrx_word' id='word_1_158' title='bbox 266 1048 325 1075; x_wconf 74' lang='grc' dir='ltr'>ἐκεῖ</span> <span class='ocrx_word' id='word_1_159' title='bbox 339 1049 520 1084; x_wconf 70' lang='grc' dir='ltr'><strong>κεκράτηται,</strong></span> <span class='ocrx_word' id='word_1_160' title='bbox 546 1049 638 1082; x_wconf 87' lang='grc' dir='ltr'>καθὼς</span> <span class='ocrx_word' id='word_1_161' title='bbox 661 1051 708 1077; x_wconf 84' lang='grc' dir='ltr'>καὶ</span> <span class='ocrx_word' id='word_1_162' title='bbox 732 1051 747 1078; x_wconf 85' lang='grc' dir='ltr'>ὀ</span> <span class='ocrx_word' id='word_1_163' title='bbox 774 1051 890 1084; x_wconf 82' lang='grc' dir='ltr'>Παῦλος,</span> <span class='ocrx_word' id='word_1_164' title='bbox 908 1052 988 1087; x_wconf 83' lang='grc' dir='ltr'>σῶμα</span> 
     </span>
    </p>
   </div>
   <div class='ocr_carea' id='block_1_23' title="bbox 200 1093 988 1132">
    <p class='ocr_par' dir='ltr' id='par_1_23' title="bbox 200 1093 988 1132">
     <span class='ocr_line' id='line_1_23' title="bbox 200 1093 988 1132; baseline 0.008 -12"><span class='ocrx_word' id='word_1_165' title='bbox 200 1093 349 1130; x_wconf 64' lang='grc' dir='ltr'>δμαρτίαςί</span> <span class='ocrx_word' id='word_1_166' title='bbox 362 1095 410 1122; x_wconf 75' lang='grc' dir='ltr'>καὶ</span> <span class='ocrx_word' id='word_1_167' title='bbox 419 1095 498 1131; x_wconf 85' lang='grc' dir='ltr'>σῶμα</span> <span class='ocrx_word' id='word_1_168' title='bbox 508 1095 623 1124; x_wconf 75' lang='grc' dir='ltr'>Θανάτου</span> <span class='ocrx_word' id='word_1_169' title='bbox 636 1097 724 1124; x_wconf 62' lang='grc' dir='ltr'>καλῶν</span> <span class='ocrx_word' id='word_1_170' title='bbox 740 1097 829 1132; x_wconf 83' lang='grc' dir='ltr'>λέγει·</span> <span class='ocrx_word' id='word_1_171' title='bbox 844 1099 905 1126; x_wconf 84' lang='grc' dir='ltr'><strong>Ἵνα</strong></span> <span class='ocrx_word' id='word_1_172' title='bbox 917 1108 988 1126; x_wconf 83' lang='grc' dir='ltr'>κατ-</span> 
     </span>
    </p>
   </div>
   <div class='ocr_carea' id='block_1_24' title="bbox 199 1139 988 1178">
    <p class='ocr_par' dir='ltr' id='par_1_24' title="bbox 199 1139 988 1178">
     <span class='ocr_line' id='line_1_24' title="bbox 199 1139 988 1178; baseline 0.006 -11"><span class='ocrx_word' id='word_1_173' title='bbox 199 1139 315 1175; x_wconf 75' lang='grc' dir='ltr'>αργηθῇ</span> <span class='ocrx_word' id='word_1_174' title='bbox 343 1140 376 1168; x_wconf 70' lang='grc' dir='ltr'>τὸ</span> <span class='ocrx_word' id='word_1_175' title='bbox 391 1140 477 1176; x_wconf 83' lang='grc' dir='ltr'>σῶμα</span> <span class='ocrx_word' id='word_1_176' title='bbox 500 1141 556 1176; x_wconf 78' lang='grc' dir='ltr'>τῆς</span> <span class='ocrx_word' id='word_1_177' title='bbox 573 1141 728 1177; x_wconf 78' lang='grc' dir='ltr'>ἁμαρτίας.</span> <span class='ocrx_word' id='word_1_178' title='bbox 755 1143 810 1171; x_wconf 74' lang='grc' dir='ltr'><strong>Καὶ</strong></span> <span class='ocrx_word' id='word_1_179' title='bbox 827 1144 921 1177; x_wconf 82' lang='grc' dir='ltr'>πάλιν,</span> <span class='ocrx_word' id='word_1_180' title='bbox 941 1145 988 1178; x_wconf 82' lang='grc' dir='ltr'>Τίς</span> 
     </span>
    </p>
   </div>
   <div class='ocr_carea' id='block_1_25' title="bbox 197 1187 988 1224">
    <p class='ocr_par' dir='ltr' id='par_1_25' title="bbox 197 1187 988 1224">
     <span class='ocr_line' id='line_1_25' title="bbox 197 1187 988 1224; baseline 0.008 -11"><span class='ocrx_word' id='word_1_181' title='bbox 197 1195 235 1222; x_wconf 80' lang='grc' dir='ltr'><strong>με</strong></span> <span class='ocrx_word' id='word_1_182' title='bbox 246 1187 372 1221; x_wconf 81' lang='grc' dir='ltr'>ῥύσεται</span> <span class='ocrx_word' id='word_1_183' title='bbox 386 1187 421 1215; x_wconf 73' lang='grc' dir='ltr'><strong>ἐκ</strong></span> <span class='ocrx_word' id='word_1_184' title='bbox 436 1187 488 1216; x_wconf 87' lang='grc' dir='ltr'>τοῦ</span> <span class='ocrx_word' id='word_1_185' title='bbox 500 1187 638 1223; x_wconf 71' lang='grc' dir='ltr'>σώματος</span> <span class='ocrx_word' id='word_1_186' title='bbox 648 1189 702 1217; x_wconf 85' lang='grc' dir='ltr'>τοῦ</span> <span class='ocrx_word' id='word_1_187' title='bbox 717 1191 848 1218; x_wconf 84' lang='grc' dir='ltr'>θανάτου</span> <span class='ocrx_word' id='word_1_188' title='bbox 860 1191 988 1224; x_wconf 61' lang='lat' dir='ltr'><strong>tadum;</strong></span> 
     </span>
    </p>
   </div>
   <div class='ocr_carea' id='block_1_26' title="bbox 207 1233 989 1272">
    <p class='ocr_par' dir='ltr' id='par_1_26' title="bbox 207 1233 989 1272">
     <span class='ocr_line' id='line_1_26' title="bbox 207 1233 989 1272; baseline 0.005 -12"><span class='ocrx_word' id='word_1_189' title='bbox 207 1233 323 1267; x_wconf 82' lang='grc' dir='ltr'>Ὁμοίως</span> <span class='ocrx_word' id='word_1_190' title='bbox 341 1233 423 1260; x_wconf 80' lang='grc' dir='ltr'>πάλιν</span> <span class='ocrx_word' id='word_1_191' title='bbox 442 1234 459 1269; x_wconf 86' lang='grc' dir='ltr'><strong>ή</strong></span> <span class='ocrx_word' id='word_1_192' title='bbox 481 1234 650 1262; x_wconf 79' lang='grc' dir='ltr'><strong>πιστεύσασα</strong></span> <span class='ocrx_word' id='word_1_193' title='bbox 670 1235 709 1271; x_wconf 89' lang='grc' dir='ltr'>τῷ</span> <span class='ocrx_word' id='word_1_194' title='bbox 724 1236 784 1271; x_wconf 82' lang='grc' dir='ltr'><strong>Θεῴ</strong></span> <span class='ocrx_word' id='word_1_195' title='bbox 805 1236 877 1272; x_wconf 79' lang='grc' dir='ltr'>ψυχὴ</span> <span class='ocrx_word' id='word_1_196' title='bbox 895 1237 942 1264; x_wconf 75' lang='grc' dir='ltr'><strong>καὶ</strong></span> <span class='ocrx_word' id='word_1_197' title='bbox 956 1237 989 1264; x_wconf 80' lang='grc' dir='ltr'>ἐκ</span> 
     </span>
    </p>
   </div>
   <div class='ocr_carea' id='block_1_27' title="bbox 199 1279 989 1316">
    <p class='ocr_par' dir='ltr' id='par_1_27' title="bbox 199 1279 989 1316">
     <span class='ocr_line' id='line_1_27' title="bbox 199 1279 989 1316; baseline 0.005 -11"><span class='ocrx_word' id='word_1_198' title='bbox 199 1279 249 1313; x_wconf 80' lang='grc' dir='ltr'>τῆς</span> <span class='ocrx_word' id='word_1_199' title='bbox 271 1279 408 1314; x_wconf 82' lang='grc' dir='ltr'>ἁμαρτίας</span> <span class='ocrx_word' id='word_1_200' title='bbox 426 1280 575 1316; x_wconf 80' lang='grc' dir='ltr'>ρυσθεῖσα,</span> <span class='ocrx_word' id='word_1_201' title='bbox 594 1281 640 1308; x_wconf 82' lang='grc' dir='ltr'><strong>καὶ</strong></span> <span class='ocrx_word' id='word_1_202' title='bbox 665 1281 852 1309; x_wconf 84' lang='grc' dir='ltr'>θανατωοεῖσα</span> <span class='ocrx_word' id='word_1_203' title='bbox 880 1282 911 1310; x_wconf 83' lang='grc' dir='ltr'><strong>ὲκ</strong></span> <span class='ocrx_word' id='word_1_204' title='bbox 938 1284 989 1315; x_wconf 83' lang='grc' dir='ltr'>τῆς</span> 
     </span>
    </p>
   </div>
   <div class='ocr_carea' id='block_1_28' title="bbox 199 1323 988 1363">
    <p class='ocr_par' dir='ltr' id='par_1_28' title="bbox 199 1323 988 1363">
     <span class='ocr_line' id='line_1_28' title="bbox 199 1323 988 1363; baseline 0.005 -12"><span class='ocrx_word' id='word_1_205' title='bbox 199 1323 271 1360; x_wconf 80' lang='grc' dir='ltr'>ζωῆς</span> <span class='ocrx_word' id='word_1_206' title='bbox 288 1324 336 1352; x_wconf 81' lang='grc' dir='ltr'>τοῦ</span> <span class='ocrx_word' id='word_1_207' title='bbox 355 1326 479 1358; x_wconf 84' lang='grc' dir='ltr'>σκότους,</span> <span class='ocrx_word' id='word_1_208' title='bbox 498 1327 547 1354; x_wconf 74' lang='grc' dir='ltr'><strong>καὶ</strong></span> <span class='ocrx_word' id='word_1_209' title='bbox 561 1327 592 1353; x_wconf 88' lang='grc' dir='ltr'><strong>τὺ</strong></span> <span class='ocrx_word' id='word_1_210' title='bbox 602 1326 659 1361; x_wconf 77' lang='grc' dir='ltr'>φῶς</span> <span class='ocrx_word' id='word_1_211' title='bbox 674 1327 720 1354; x_wconf 83' lang='grc' dir='ltr'>τοῦ</span> <span class='ocrx_word' id='word_1_212' title='bbox 737 1327 816 1362; x_wconf 80' lang='grc' dir='ltr'><strong>ἁγίου</strong></span> <span class='ocrx_word' id='word_1_213' title='bbox 829 1327 988 1363; x_wconf 82' lang='grc' dir='ltr'>Πνεύματος</span> 
     </span>
    </p>
   </div>
   <div class='ocr_carea' id='block_1_29' title="bbox 199 1371 988 1409">
    <p class='ocr_par' dir='ltr' id='par_1_29' title="bbox 199 1371 988 1409">
     <span class='ocr_line' id='line_1_29' title="bbox 199 1371 988 1409; baseline 0.006 -12"><span class='ocrx_word' id='word_1_214' title='bbox 199 1371 294 1406; x_wconf 77' lang='grc' dir='ltr'>ὥσπερ</span> <span class='ocrx_word' id='word_1_215' title='bbox 310 1371 384 1406; x_wconf 80' lang='grc' dir='ltr'>ζωὴν</span> <span class='ocrx_word' id='word_1_216' title='bbox 398 1371 528 1405; x_wconf 78' lang='grc' dir='ltr'>λαϐοῦσα,</span> <span class='ocrx_word' id='word_1_217' title='bbox 549 1373 597 1399; x_wconf 72' lang='grc' dir='ltr'>καὶ</span> <span class='ocrx_word' id='word_1_218' title='bbox 610 1373 715 1400; x_wconf 82' lang='grc' dir='ltr'>ἐκεῖθεν</span> <span class='ocrx_word' id='word_1_219' title='bbox 727 1373 844 1409; x_wconf 80' lang='grc' dir='ltr'>ζήσασα,</span> <span class='ocrx_word' id='word_1_220' title='bbox 859 1375 917 1402; x_wconf 80' lang='grc' dir='ltr'><strong>ἐκεῖ</strong></span> <span class='ocrx_word' id='word_1_221' title='bbox 933 1374 988 1401; x_wconf 90' lang='grc' dir='ltr'>λοι-</span> 
     </span>
    </p>
   </div>
   <div class='ocr_carea' id='block_1_30' title="bbox 199 1415 989 1455">
    <p class='ocr_par' dir='ltr' id='par_1_30' title="bbox 199 1415 989 1455">
     <span class='ocr_line' id='line_1_30' title="bbox 199 1415 989 1455; baseline 0.005 -13"><span class='ocrx_word' id='word_1_222' title='bbox 199 1415 249 1443; x_wconf 74' lang='grc' dir='ltr'>πὸν</span> <span class='ocrx_word' id='word_1_223' title='bbox 266 1415 410 1451; x_wconf 80' lang='grc' dir='ltr'>διατρίϐει,</span> <span class='ocrx_word' id='word_1_224' title='bbox 434 1417 475 1444; x_wconf 82' lang='grc' dir='ltr'>ὅτι</span> <span class='ocrx_word' id='word_1_225' title='bbox 504 1417 562 1444; x_wconf 76' lang='grc' dir='ltr'>ἐκεῖ</span> <span class='ocrx_word' id='word_1_226' title='bbox 586 1417 754 1454; x_wconf 73' lang='grc' dir='ltr'><strong>κεκράτηται</strong></span> <span class='ocrx_word' id='word_1_227' title='bbox 784 1418 823 1454; x_wconf 86' lang='grc' dir='ltr'>τῷ</span> <span class='ocrx_word' id='word_1_228' title='bbox 845 1419 915 1454; x_wconf 80' lang='grc' dir='ltr'>φωτὶ</span> <span class='ocrx_word' id='word_1_229' title='bbox 940 1420 989 1455; x_wconf 84' lang='grc' dir='ltr'>τῆς</span> 
     </span>
    </p>
   </div>
   <div class='ocr_carea' id='block_1_31' title="bbox 200 1459 988 1498">
    <p class='ocr_par' dir='ltr' id='par_1_31' title="bbox 200 1459 988 1498">
     <span class='ocr_line' id='line_1_31' title="bbox 200 1459 988 1498; baseline 0.004 -12"><span class='ocrx_word' id='word_1_230' title='bbox 200 1459 337 1495; x_wconf 73' lang='grc' dir='ltr'>θεότητος.</span> <span class='ocrx_word' id='word_1_231' title='bbox 369 1460 437 1487; x_wconf 79' lang='grc' dir='ltr'>Οὔτε</span> <span class='ocrx_word' id='word_1_232' title='bbox 456 1460 512 1496; x_wconf 83' lang='grc' dir='ltr'><strong>γὰρ</strong></span> <span class='ocrx_word' id='word_1_233' title='bbox 528 1460 635 1495; x_wconf 79' lang='grc' dir='ltr'>φύσεως</span> <span class='ocrx_word' id='word_1_234' title='bbox 660 1461 709 1495; x_wconf 82' lang='grc' dir='ltr'>τῆς</span> <span class='ocrx_word' id='word_1_235' title='bbox 729 1461 856 1496; x_wconf 75' lang='grc' dir='ltr'>θεότητος</span> <span class='ocrx_word' id='word_1_236' title='bbox 882 1463 955 1489; x_wconf 81' lang='grc' dir='ltr'>ἐστιν</span> <span class='ocrx_word' id='word_1_237' title='bbox 971 1462 988 1498; x_wconf 84' lang='grc' dir='ltr'><strong>ἠ</strong></span> 
     </span>
    </p>
   </div>
   <div class='ocr_carea' id='block_1_32' title="bbox 198 1503 988 1541">
    <p class='ocr_par' dir='ltr' id='par_1_32' title="bbox 198 1503 988 1541">
     <span class='ocr_line' id='line_1_32' title="bbox 198 1503 988 1541; baseline 0.004 -11"><span class='ocrx_word' id='word_1_238' title='bbox 198 1503 282 1539; x_wconf 65' lang='grc' dir='ltr'>ψυχὴ,</span> <span class='ocrx_word' id='word_1_239' title='bbox 295 1504 358 1531; x_wconf 75' lang='grc' dir='ltr'>οὔτε</span> <span class='ocrx_word' id='word_1_240' title='bbox 382 1504 490 1536; x_wconf 80' lang='grc' dir='ltr'>φύσεως</span> <span class='ocrx_word' id='word_1_241' title='bbox 506 1504 552 1531; x_wconf 89' lang='grc' dir='ltr'>τοῦ</span> <span class='ocrx_word' id='word_1_242' title='bbox 578 1506 688 1537; x_wconf 84' lang='grc' dir='ltr'>σκότους</span> <span class='ocrx_word' id='word_1_243' title='bbox 702 1506 752 1541; x_wconf 79' lang='grc' dir='ltr'>τῆς</span> <span class='ocrx_word' id='word_1_244' title='bbox 770 1506 913 1541; x_wconf 74' lang='grc' dir='ltr'>πονηρίας,</span> <span class='ocrx_word' id='word_1_245' title='bbox 931 1506 988 1533; x_wconf 80' lang='grc' dir='ltr'>ἀλλ’</span> 
     </span>
    </p>
   </div>
   <div class='ocr_carea' id='block_1_33' title="bbox 199 1550 989 1587">
    <p class='ocr_par' dir='ltr' id='par_1_33' title="bbox 199 1550 989 1587">
     <span class='ocr_line' id='line_1_33' title="bbox 199 1550 989 1587; baseline 0.004 -11"><span class='ocrx_word' id='word_1_246' title='bbox 199 1551 256 1577; x_wconf 70' lang='grc' dir='ltr'>εστι</span> <span class='ocrx_word' id='word_1_247' title='bbox 276 1550 380 1585; x_wconf 84' lang='grc' dir='ltr'>κτίσμα</span> <span class='ocrx_word' id='word_1_248' title='bbox 405 1559 433 1577; x_wconf 87' lang='grc' dir='ltr'><strong>τι</strong></span> <span class='ocrx_word' id='word_1_249' title='bbox 456 1551 559 1586; x_wconf 77' lang='grc' dir='ltr'>νοερὸν,</span> <span class='ocrx_word' id='word_1_250' title='bbox 585 1551 632 1577; x_wconf 74' lang='grc' dir='ltr'><strong>καὶ</strong></span> <span class='ocrx_word' id='word_1_251' title='bbox 651 1551 760 1586; x_wconf 82' lang='grc' dir='ltr'>ὡραῖον,</span> <span class='ocrx_word' id='word_1_252' title='bbox 778 1553 825 1578; x_wconf 74' lang='grc' dir='ltr'>καὶ</span> <span class='ocrx_word' id='word_1_253' title='bbox 841 1552 923 1587; x_wconf 79' lang='grc' dir='ltr'>μέγα.</span> <span class='ocrx_word' id='word_1_254' title='bbox 943 1553 989 1579; x_wconf 78' lang='grc' dir='ltr'><strong>καὶ</strong></span> 
     </span>
    </p>
   </div>
   <div class='ocr_carea' id='block_1_34' title="bbox 1039 311 1829 347">
    <p class='ocr_par' dir='ltr' id='par_1_34' title="bbox 1039 311 1829 347">
     <span class='ocr_line' id='line_1_34' title="bbox 1039 311 1829 347; baseline -0.003 -6"><span class='ocrx_word' id='word_1_255' title='bbox 1039 314 1109 342; x_wconf 90' lang='lat' dir='ltr'><strong>lluic</strong></span> <span class='ocrx_word' id='word_1_256' title='bbox 1121 313 1259 342; x_wconf 85' lang='lat' dir='ltr'><strong>adhibens</strong></span> <span class='ocrx_word' id='word_1_257' title='bbox 1269 318 1391 342; x_wconf 82' lang='lat' dir='ltr'><strong>mentem</strong></span> <span class='ocrx_word' id='word_1_258' title='bbox 1405 313 1477 341; x_wconf 85' lang='lat' dir='ltr'><strong>bene</strong></span> <span class='ocrx_word' id='word_1_259' title='bbox 1492 312 1639 346; x_wconf 89' lang='lat' dir='ltr'><strong>attendito,</strong></span> <span class='ocrx_word' id='word_1_260' title='bbox 1650 311 1829 347; x_wconf 88' lang='lat' dir='ltr'><strong>quemadmo-</strong></span> 
     </span>
    </p>
   </div>
   <div class='ocr_carea' id='block_1_35' title="bbox 1038 358 1829 394">
    <p class='ocr_par' dir='ltr' id='par_1_35' title="bbox 1038 358 1829 394">
     <span class='ocr_line' id='line_1_35' title="bbox 1038 358 1829 394; baseline -0.004 -6"><span class='ocrx_word' id='word_1_261' title='bbox 1038 360 1105 388; x_wconf 89' lang='lat' dir='ltr'><strong>dum</strong></span> <span class='ocrx_word' id='word_1_262' title='bbox 1127 364 1232 388; x_wconf 79' lang='lat' dir='ltr'><strong>vestem</strong></span> <span class='ocrx_word' id='word_1_263' title='bbox 1256 364 1304 388; x_wconf 88' lang='lat' dir='ltr'><strong>aut</strong></span> <span class='ocrx_word' id='word_1_264' title='bbox 1329 359 1531 392; x_wconf 91' lang='lat' dir='ltr'><strong>indumentum,</strong></span> <span class='ocrx_word' id='word_1_265' title='bbox 1548 358 1622 394; x_wconf 92' lang='lat' dir='ltr'><strong>quod</strong></span> <span class='ocrx_word' id='word_1_266' title='bbox 1637 363 1737 394; x_wconf 77' lang='lat' dir='ltr'><strong>gestas,</strong></span> <span class='ocrx_word' id='word_1_267' title='bbox 1756 358 1829 386; x_wconf 91' lang='lat' dir='ltr'><strong>alius</strong></span> 
     </span>
    </p>
   </div>
   <div class='ocr_carea' id='block_1_36' title="bbox 1039 403 1828 437">
    <p class='ocr_par' dir='ltr' id='par_1_36' title="bbox 1039 403 1828 437">
     <span class='ocr_line' id='line_1_36' title="bbox 1039 403 1828 437; baseline -0.003 -5"><span class='ocrx_word' id='word_1_268' title='bbox 1039 405 1169 437; x_wconf 82' lang='lat' dir='ltr'><strong>confecit,</strong></span> <span class='ocrx_word' id='word_1_269' title='bbox 1183 409 1212 432; x_wconf 88' lang='lat' dir='ltr'><strong>et</strong></span> <span class='ocrx_word' id='word_1_270' title='bbox 1226 409 1256 432; x_wconf 91' lang='lat' dir='ltr'><strong>tu</strong></span> <span class='ocrx_word' id='word_1_271' title='bbox 1290 412 1324 432; x_wconf 92' lang='lat' dir='ltr'><strong>eo</strong></span> <span class='ocrx_word' id='word_1_272' title='bbox 1351 404 1495 437; x_wconf 86' lang='lat' dir='ltr'><strong>indueris;</strong></span> <span class='ocrx_word' id='word_1_273' title='bbox 1523 403 1651 431; x_wconf 92' lang='lat' dir='ltr'><strong>similiter</strong></span> <span class='ocrx_word' id='word_1_274' title='bbox 1674 407 1702 430; x_wconf 90' lang='lat' dir='ltr'><strong>et</strong></span> <span class='ocrx_word' id='word_1_275' title='bbox 1715 403 1828 430; x_wconf 90' lang='lat' dir='ltr'><strong>domum</strong></span> 
     </span>
    </p>
   </div>
   <div class='ocr_carea' id='block_1_37' title="bbox 1038 446 1827 480">
    <p class='ocr_par' dir='ltr' id='par_1_37' title="bbox 1038 446 1827 480">
     <span class='ocr_line' id='line_1_37' title="bbox 1038 446 1827 480; baseline -0.004 -3"><span class='ocrx_word' id='word_1_276' title='bbox 1038 450 1110 478; x_wconf 89' lang='lat' dir='ltr'><strong>alius</strong></span> <span class='ocrx_word' id='word_1_277' title='bbox 1131 449 1279 477; x_wconf 60' lang='lat' dir='ltr'><strong>aediﬁcavit</strong></span> <span class='ocrx_word' id='word_1_278' title='bbox 1292 453 1321 477; x_wconf 89' lang='lat' dir='ltr'><strong>et</strong></span> <span class='ocrx_word' id='word_1_279' title='bbox 1334 449 1480 480; x_wconf 79' lang='lat' dir='ltr'><strong>exstruxit,</strong></span> <span class='ocrx_word' id='word_1_280' title='bbox 1498 453 1527 476; x_wconf 90' lang='lat' dir='ltr'><strong>et</strong></span> <span class='ocrx_word' id='word_1_281' title='bbox 1541 452 1571 475; x_wconf 91' lang='lat' dir='ltr'><strong>tu</strong></span> <span class='ocrx_word' id='word_1_282' title='bbox 1585 447 1768 475; x_wconf 83' lang='lat' dir='ltr'><strong>nihilominus</strong></span> <span class='ocrx_word' id='word_1_283' title='bbox 1784 446 1827 474; x_wconf 92' lang='lat' dir='ltr'><strong>in-</strong></span> 
     </span>
    </p>
   </div>
   <div class='ocr_carea' id='block_1_38' title="bbox 1038 493 1828 529">
    <p class='ocr_par' dir='ltr' id='par_1_38' title="bbox 1038 493 1828 529">
     <span class='ocr_line' id='line_1_38' title="bbox 1038 493 1828 529; baseline -0.004 -6"><span class='ocrx_word' id='word_1_284' title='bbox 1038 496 1147 524; x_wconf 73' lang='lat' dir='ltr'><strong>liabitas</strong></span> <span class='ocrx_word' id='word_1_285' title='bbox 1175 496 1270 523; x_wconf 87' lang='lat' dir='ltr'><strong>illam:</strong></span> <span class='ocrx_word' id='word_1_286' title='bbox 1289 494 1387 523; x_wconf 88' lang='lat' dir='ltr'><strong>eodem</strong></span> <span class='ocrx_word' id='word_1_287' title='bbox 1414 493 1498 522; x_wconf 86' lang='lat' dir='ltr'><strong>modo</strong></span> <span class='ocrx_word' id='word_1_288' title='bbox 1522 493 1609 521; x_wconf 82' lang='lat' dir='ltr'><strong>Adam</strong></span> <span class='ocrx_word' id='word_1_289' title='bbox 1637 498 1828 529; x_wconf 76' lang='lat' dir='ltr'><strong>transgressus</strong></span> 
     </span>
    </p>
   </div>
   <div class='ocr_carea' id='block_1_39' title="bbox 1038 539 1832 575">
    <p class='ocr_par' dir='ltr' id='par_1_39' title="bbox 1038 539 1832 575">
     <span class='ocr_line' id='line_1_39' title="bbox 1038 539 1832 575; baseline -0.005 -5"><span class='ocrx_word' id='word_1_290' title='bbox 1038 542 1197 570; x_wconf 89' lang='lat' dir='ltr'><strong>mandatum</strong></span> <span class='ocrx_word' id='word_1_291' title='bbox 1209 541 1269 575; x_wconf 87' lang='lat' dir='ltr'><strong>Dei,</strong></span> <span class='ocrx_word' id='word_1_292' title='bbox 1281 547 1310 569; x_wconf 91' lang='lat' dir='ltr'><strong>et</strong></span> <span class='ocrx_word' id='word_1_293' title='bbox 1322 541 1519 575; x_wconf 81' lang='lat' dir='ltr'><strong>obtemperans</strong></span> <span class='ocrx_word' id='word_1_294' title='bbox 1541 539 1678 567; x_wconf 86' lang='lat' dir='ltr'><strong>malitioso</strong></span> <span class='ocrx_word' id='word_1_295' title='bbox 1692 539 1832 575; x_wconf 68' lang='lat' dir='ltr'><strong>serpenti,</strong></span> 
     </span>
    </p>
   </div>
   <div class='ocr_carea' id='block_1_40' title="bbox 1038 586 1827 623">
    <p class='ocr_par' dir='ltr' id='par_1_40' title="bbox 1038 586 1827 623">
     <span class='ocr_line' id='line_1_40' title="bbox 1038 586 1827 623; baseline -0.005 -7"><span class='ocrx_word' id='word_1_296' title='bbox 1038 588 1165 616; x_wconf 85' lang='lat' dir='ltr'><strong>vendidit</strong></span> <span class='ocrx_word' id='word_1_297' title='bbox 1189 588 1310 623; x_wconf 86' lang='lat' dir='ltr'><strong>seipsum</strong></span> <span class='ocrx_word' id='word_1_298' title='bbox 1330 587 1452 620; x_wconf 85' lang='lat' dir='ltr'><strong>diabolo,</strong></span> <span class='ocrx_word' id='word_1_299' title='bbox 1465 586 1612 622; x_wconf 90' lang='lat' dir='ltr'><strong>induitque</strong></span> <span class='ocrx_word' id='word_1_300' title='bbox 1631 590 1690 614; x_wconf 91' lang='lat' dir='ltr'><strong>tum</strong></span> <span class='ocrx_word' id='word_1_301' title='bbox 1705 586 1827 613; x_wconf 88' lang='lat' dir='ltr'><strong>animam</strong></span> 
     </span>
    </p>
   </div>
   <div class='ocr_carea' id='block_1_41' title="bbox 1039 632 1826 669">
    <p class='ocr_par' dir='ltr' id='par_1_41' title="bbox 1039 632 1826 669">
     <span class='ocr_line' id='line_1_41' title="bbox 1039 632 1826 669; baseline -0.005 -7"><span class='ocrx_word' id='word_1_302' title='bbox 1039 635 1085 662; x_wconf 89' lang='lat' dir='ltr'><strong>ille</strong></span> <span class='ocrx_word' id='word_1_303' title='bbox 1097 634 1253 662; x_wconf 86' lang='lat' dir='ltr'><strong>malitiosus</strong></span> <span class='ocrx_word' id='word_1_304' title='bbox 1266 642 1273 660; x_wconf 93' lang='lat'>:</span> <span class='ocrx_word' id='word_1_305' title='bbox 1291 633 1527 669; x_wconf 80' lang='lat' dir='ltr'><strong>elegantissimam</strong></span> <span class='ocrx_word' id='word_1_306' title='bbox 1539 632 1646 660; x_wconf 84' lang='lat' dir='ltr'><strong>scilicet</strong></span> <span class='ocrx_word' id='word_1_307' title='bbox 1659 635 1826 664; x_wconf 79' lang='lat' dir='ltr'><strong>creaturam,</strong></span> 
     </span>
    </p>
   </div>
   <div class='ocr_carea' id='block_1_42' title="bbox 1038 678 1831 716">
    <p class='ocr_par' dir='ltr' id='par_1_42' title="bbox 1038 678 1831 716">
     <span class='ocr_line' id='line_1_42' title="bbox 1038 678 1831 716; baseline -0.006 -8"><span class='ocrx_word' id='word_1_308' title='bbox 1038 688 1121 716; x_wconf 91' lang='lat' dir='ltr'><strong>quam</strong></span> <span class='ocrx_word' id='word_1_309' title='bbox 1143 679 1306 708; x_wconf 83' lang='lat' dir='ltr'><strong>condiderat</strong></span> <span class='ocrx_word' id='word_1_310' title='bbox 1329 679 1403 708; x_wconf 90' lang='lat' dir='ltr'><strong>Deus</strong></span> <span class='ocrx_word' id='word_1_311' title='bbox 1431 679 1465 707; x_wconf 86' lang='lat' dir='ltr'><strong>ad</strong></span> <span class='ocrx_word' id='word_1_312' title='bbox 1488 679 1532 707; x_wconf 90' lang='lat' dir='ltr'><strong>sui</strong></span> <span class='ocrx_word' id='word_1_313' title='bbox 1560 678 1719 713; x_wconf 82' lang='lat' dir='ltr'><strong>imaginem,</strong></span> <span class='ocrx_word' id='word_1_314' title='bbox 1741 681 1772 704; x_wconf 88' lang='lat' dir='ltr'><strong>ut</strong></span> <span class='ocrx_word' id='word_1_315' title='bbox 1799 680 1831 704; x_wconf 91' lang='lat' dir='ltr'><strong>et</strong></span> 
     </span>
    </p>
   </div>
   <div class='ocr_carea' id='block_1_43' title="bbox 1038 725 1827 762">
    <p class='ocr_par' dir='ltr' id='par_1_43' title="bbox 1038 725 1827 762">
     <span class='ocr_line' id='line_1_43' title="bbox 1038 725 1827 762; baseline -0.006 -8"><span class='ocrx_word' id='word_1_316' title='bbox 1038 726 1185 762; x_wconf 83' lang='lat' dir='ltr'><strong>Apostolus</strong></span> <span class='ocrx_word' id='word_1_317' title='bbox 1210 726 1293 754; x_wconf 88' lang='lat' dir='ltr'><strong>dicit:</strong></span> <span class='ocrx_word' id='word_1_318' title='bbox 1319 725 1479 761; x_wconf 72' lang='lat' dir='ltr'><strong>Exspolians</strong></span> <span class='ocrx_word' id='word_1_319' title='bbox 1498 726 1664 761; x_wconf 79' lang='lat' dir='ltr'><strong>principatus</strong></span> <span class='ocrx_word' id='word_1_320' title='bbox 1674 728 1698 751; x_wconf 87' lang='lat' dir='ltr'><strong>et</strong></span> <span class='ocrx_word' id='word_1_321' title='bbox 1715 727 1827 757; x_wconf 81' lang='lat' dir='ltr'><strong>potesta-</strong></span> 
     </span>
    </p>
   </div>
   <div class='ocr_carea' id='block_1_44' title="bbox 1039 769 1826 808">
    <p class='ocr_par' dir='ltr' id='par_1_44' title="bbox 1039 769 1826 808">
     <span class='ocr_line' id='line_1_44' title="bbox 1039 769 1826 808; baseline -0.003 -9"><span class='ocrx_word' id='word_1_322' title='bbox 1039 777 1102 806; x_wconf 84' lang='lat' dir='ltr'><strong>tem,</strong></span> <span class='ocrx_word' id='word_1_323' title='bbox 1121 773 1292 808; x_wconf 78' lang='lat' dir='ltr'><strong>triumphavit</strong></span> <span class='ocrx_word' id='word_1_324' title='bbox 1302 773 1334 800; x_wconf 84' lang='lat' dir='ltr'><strong>de</strong></span> <span class='ocrx_word' id='word_1_325' title='bbox 1348 772 1403 800; x_wconf 77' lang='lat' dir='ltr'><strong>illis</strong></span> <span class='ocrx_word' id='word_1_326' title='bbox 1416 773 1443 800; x_wconf 82' lang='lat' dir='ltr'><strong>in</strong></span> <span class='ocrx_word' id='word_1_327' title='bbox 1454 780 1531 799; x_wconf 81' lang='lat' dir='ltr'><strong>cruce</strong></span> <span class='ocrx_word' id='word_1_328' title='bbox 1544 772 1577 798; x_wconf 76' lang='lat'><strong>&quot;.</strong></span> <span class='ocrx_word' id='word_1_329' title='bbox 1591 771 1740 806; x_wconf 83' lang='lat' dir='ltr'><strong>Propterea</strong></span> <span class='ocrx_word' id='word_1_330' title='bbox 1751 769 1826 798; x_wconf 89' lang='lat' dir='ltr'><strong>enim</strong></span> 
     </span>
    </p>
   </div>
   <div class='ocr_carea' id='block_1_45' title="bbox 1037 817 1833 854">
    <p class='ocr_par' dir='ltr' id='par_1_45' title="bbox 1037 817 1833 854">
     <span class='ocr_line' id='line_1_45' title="bbox 1037 817 1833 854; baseline -0.003 -8"><span class='ocrx_word' id='word_1_331' title='bbox 1037 823 1067 846; x_wconf 89' lang='lat' dir='ltr'><strong>et</strong></span> <span class='ocrx_word' id='word_1_332' title='bbox 1080 819 1216 846; x_wconf 87' lang='lat' dir='ltr'><strong>adventus</strong></span> <span class='ocrx_word' id='word_1_333' title='bbox 1240 818 1348 846; x_wconf 90' lang='lat' dir='ltr'><strong>Domini</strong></span> <span class='ocrx_word' id='word_1_334' title='bbox 1363 818 1479 854; x_wconf 80' lang='lat' dir='ltr'><strong>contigit</strong></span> <span class='ocrx_word' id='word_1_335' title='bbox 1499 822 1530 845; x_wconf 90' lang='lat' dir='ltr'><strong>ut</strong></span> <span class='ocrx_word' id='word_1_336' title='bbox 1557 817 1674 853; x_wconf 89' lang='lat' dir='ltr'><strong>ejiceret</strong></span> <span class='ocrx_word' id='word_1_337' title='bbox 1689 817 1775 852; x_wconf 86' lang='lat' dir='ltr'><strong>ipsos,</strong></span> <span class='ocrx_word' id='word_1_338' title='bbox 1797 818 1833 844; x_wconf 57' lang='lat' dir='ltr'><strong>et</strong></span> 
     </span>
    </p>
   </div>
   <div class='ocr_carea' id='block_1_46' title="bbox 1039 862 1826 899">
    <p class='ocr_par' dir='ltr' id='par_1_46' title="bbox 1039 862 1826 899">
     <span class='ocr_line' id='line_1_46' title="bbox 1039 862 1826 899; baseline -0.001 -9"><span class='ocrx_word' id='word_1_339' title='bbox 1039 864 1176 898; x_wconf 87' lang='lat' dir='ltr'><strong>reciperet</strong></span> <span class='ocrx_word' id='word_1_340' title='bbox 1192 865 1331 899; x_wconf 86' lang='lat' dir='ltr'><strong>propriam</strong></span> <span class='ocrx_word' id='word_1_341' title='bbox 1348 864 1461 891; x_wconf 89' lang='lat' dir='ltr'><strong>domum</strong></span> <span class='ocrx_word' id='word_1_342' title='bbox 1476 867 1505 892; x_wconf 90' lang='lat' dir='ltr'><strong>et</strong></span> <span class='ocrx_word' id='word_1_343' title='bbox 1526 863 1669 899; x_wconf 88' lang='lat' dir='ltr'><strong>templum,</strong></span> <span class='ocrx_word' id='word_1_344' title='bbox 1684 862 1826 890; x_wconf 85' lang='lat' dir='ltr'><strong>hominem</strong></span> 
     </span>
    </p>
   </div>
   <div class='ocr_carea' id='block_1_47' title="bbox 1039 907 1827 944">
    <p class='ocr_par' dir='ltr' id='par_1_47' title="bbox 1039 907 1827 944">
     <span class='ocr_line' id='line_1_47' title="bbox 1039 907 1827 944; baseline -0.004 -6"><span class='ocrx_word' id='word_1_345' title='bbox 1039 911 1156 939; x_wconf 88' lang='lat' dir='ltr'><strong>scilicet.</strong></span> <span class='ocrx_word' id='word_1_346' title='bbox 1181 911 1318 944; x_wconf 85' lang='lat' dir='ltr'><strong>Quocirca</strong></span> <span class='ocrx_word' id='word_1_347' title='bbox 1341 910 1443 937; x_wconf 89' lang='lat' dir='ltr'><strong>dicitur</strong></span> <span class='ocrx_word' id='word_1_348' title='bbox 1467 909 1559 937; x_wconf 86' lang='lat' dir='ltr'><strong>anima</strong></span> <span class='ocrx_word' id='word_1_349' title='bbox 1578 916 1679 944; x_wconf 87' lang='lat' dir='ltr'><strong>corpus</strong></span> <span class='ocrx_word' id='word_1_350' title='bbox 1696 907 1827 936; x_wconf 84' lang='lat' dir='ltr'><strong>tenebra-</strong></span> 
     </span>
    </p>
   </div>
   <div class='ocr_carea' id='block_1_48' title="bbox 1039 953 1827 991">
    <p class='ocr_par' dir='ltr' id='par_1_48' title="bbox 1039 953 1827 991">
     <span class='ocr_line' id='line_1_48' title="bbox 1039 953 1827 991; baseline -0.004 -7"><span class='ocrx_word' id='word_1_351' title='bbox 1039 965 1100 985; x_wconf 89' lang='lat' dir='ltr'><strong>rum</strong></span> <span class='ocrx_word' id='word_1_352' title='bbox 1115 957 1238 989; x_wconf 67' lang='lat' dir='ltr'><strong>malitice,</strong></span> <span class='ocrx_word' id='word_1_353' title='bbox 1250 955 1374 991; x_wconf 88' lang='lat' dir='ltr'><strong>quandiu</strong></span> <span class='ocrx_word' id='word_1_354' title='bbox 1385 955 1468 983; x_wconf 88' lang='lat' dir='ltr'><strong>inilla</strong></span> <span class='ocrx_word' id='word_1_355' title='bbox 1485 959 1550 983; x_wconf 88' lang='lat' dir='ltr'><strong>sunt</strong></span> <span class='ocrx_word' id='word_1_356' title='bbox 1566 953 1687 982; x_wconf 69' lang='lat' dir='ltr'><strong>tenebrte</strong></span> <span class='ocrx_word' id='word_1_357' title='bbox 1700 953 1808 990; x_wconf 87' lang='lat' dir='ltr'><strong>peccati</strong></span> <span class='ocrx_word' id='word_1_358' title='bbox 1818 974 1827 980; x_wconf 90' lang='lat'>.</span> 
     </span>
    </p>
   </div>
   <div class='ocr_carea' id='block_1_49' title="bbox 1037 993 1827 1037">
    <p class='ocr_par' dir='ltr' id='par_1_49' title="bbox 1037 993 1827 1037">
     <span class='ocr_line' id='line_1_49' title="bbox 1037 993 1827 1037; baseline -0.004 -8"><span class='ocrx_word' id='word_1_359' title='bbox 1037 1002 1101 1037; x_wconf 86' lang='lat' dir='ltr'><strong>quia</strong></span> <span class='ocrx_word' id='word_1_360' title='bbox 1115 1002 1172 1029; x_wconf 92' lang='lat' dir='ltr'><strong>illic</strong></span> <span class='ocrx_word' id='word_1_361' title='bbox 1186 1002 1254 1030; x_wconf 84' lang='lat' dir='ltr'><strong>vivit</strong></span> <span class='ocrx_word' id='word_1_362' title='bbox 1273 1002 1302 1029; x_wconf 92' lang='lat' dir='ltr'><strong>in</strong></span> <span class='ocrx_word' id='word_1_363' title='bbox 1313 1001 1415 1029; x_wconf 77' lang='lat' dir='ltr'><strong>saeculo</strong></span> <span class='ocrx_word' id='word_1_364' title='bbox 1432 993 1610 1028; x_wconf 85' lang='lat' dir='ltr'><strong>tenebrarum</strong></span> <span class='ocrx_word' id='word_1_365' title='bbox 1633 1007 1778 1035; x_wconf 86' lang='lat' dir='ltr'><strong>perverso,</strong></span> <span class='ocrx_word' id='word_1_366' title='bbox 1798 1003 1827 1027; x_wconf 88' lang='lat' dir='ltr'><strong>et</strong></span> 
     </span>
    </p>
   </div>
   <div class='ocr_carea' id='block_1_50' title="bbox 1037 1045 1828 1084">
    <p class='ocr_par' dir='ltr' id='par_1_50' title="bbox 1037 1045 1828 1084">
     <span class='ocr_line' id='line_1_50' title="bbox 1037 1045 1828 1084; baseline -0.005 -8"><span class='ocrx_word' id='word_1_367' title='bbox 1037 1048 1095 1076; x_wconf 90' lang='lat' dir='ltr'><strong>illic</strong></span> <span class='ocrx_word' id='word_1_368' title='bbox 1110 1053 1189 1084; x_wconf 90' lang='lat' dir='ltr'><strong>capta</strong></span> <span class='ocrx_word' id='word_1_369' title='bbox 1203 1051 1332 1076; x_wconf 87' lang='lat' dir='ltr'><strong>tenetur:</strong></span> <span class='ocrx_word' id='word_1_370' title='bbox 1349 1045 1585 1082; x_wconf 89' lang='lat' dir='ltr'><strong>quemadmodum</strong></span> <span class='ocrx_word' id='word_1_371' title='bbox 1602 1050 1631 1073; x_wconf 91' lang='lat' dir='ltr'><strong>et</strong></span> <span class='ocrx_word' id='word_1_372' title='bbox 1645 1045 1749 1073; x_wconf 82' lang='lat' dir='ltr'><strong>Paulus</strong></span> <span class='ocrx_word' id='word_1_373' title='bbox 1762 1053 1828 1073; x_wconf 82' lang='lat' dir='ltr'><strong>cor-</strong></span> 
     </span>
    </p>
   </div>
   <div class='ocr_carea' id='block_1_51' title="bbox 1037 1091 1830 1130">
    <p class='ocr_par' dir='ltr' id='par_1_51' title="bbox 1037 1091 1830 1130">
     <span class='ocr_line' id='line_1_51' title="bbox 1037 1091 1830 1130; baseline -0.005 -8"><span class='ocrx_word' id='word_1_374' title='bbox 1037 1102 1090 1130; x_wconf 92' lang='lat' dir='ltr'><strong>pus</strong></span> <span class='ocrx_word' id='word_1_375' title='bbox 1109 1093 1217 1129; x_wconf 83' lang='lat' dir='ltr'><strong>peccati</strong></span> <span class='ocrx_word' id='word_1_376' title='bbox 1237 1098 1268 1121; x_wconf 90' lang='lat' dir='ltr'><strong>et</strong></span> <span class='ocrx_word' id='word_1_377' title='bbox 1290 1101 1392 1128; x_wconf 91' lang='lat' dir='ltr'><strong>corpus</strong></span> <span class='ocrx_word' id='word_1_378' title='bbox 1406 1093 1504 1120; x_wconf 86' lang='lat' dir='ltr'><strong>mortis</strong></span> <span class='ocrx_word' id='word_1_379' title='bbox 1520 1092 1650 1128; x_wconf 83' lang='lat' dir='ltr'><strong>appellat,</strong></span> <span class='ocrx_word' id='word_1_380' title='bbox 1665 1092 1778 1119; x_wconf 83' lang='lat' dir='ltr'><strong>dicens:</strong></span> <span class='ocrx_word' id='word_1_381' title='bbox 1796 1091 1830 1120; x_wconf 75' lang='lat' dir='ltr'><strong>Ut</strong></span> 
     </span>
    </p>
   </div>
   <div class='ocr_carea' id='block_1_52' title="bbox 1038 1136 1827 1175">
    <p class='ocr_par' dir='ltr' id='par_1_52' title="bbox 1038 1136 1827 1175">
     <span class='ocr_line' id='line_1_52' title="bbox 1038 1136 1827 1175; baseline -0.004 -8"><span class='ocrx_word' id='word_1_382' title='bbox 1038 1141 1191 1168; x_wconf 80' lang='lat' dir='ltr'><strong>destruatur</strong></span> <span class='ocrx_word' id='word_1_383' title='bbox 1209 1148 1304 1175; x_wconf 71' lang='lat' dir='ltr'><strong>corpus</strong></span> <span class='ocrx_word' id='word_1_384' title='bbox 1320 1139 1421 1174; x_wconf 75' lang='lat' dir='ltr'><strong>peccati</strong></span> <span class='ocrx_word' id='word_1_385' title='bbox 1435 1139 1468 1166; x_wconf 84' lang='lat'><strong>&quot;.</strong></span> <span class='ocrx_word' id='word_1_386' title='bbox 1496 1138 1532 1166; x_wconf 90' lang='lat' dir='ltr'><strong>Et</strong></span> <span class='ocrx_word' id='word_1_387' title='bbox 1560 1146 1675 1166; x_wconf 89' lang='lat' dir='ltr'><strong>rursus:</strong></span> <span class='ocrx_word' id='word_1_388' title='bbox 1702 1136 1766 1171; x_wconf 81' lang='lat' dir='ltr'><strong>Quis</strong></span> <span class='ocrx_word' id='word_1_389' title='bbox 1787 1145 1827 1165; x_wconf 86' lang='lat' dir='ltr'><strong>me</strong></span> 
     </span>
    </p>
   </div>
   <div class='ocr_carea' id='block_1_53' title="bbox 1038 1183 1828 1221">
    <p class='ocr_par' dir='ltr' id='par_1_53' title="bbox 1038 1183 1828 1221">
     <span class='ocr_line' id='line_1_53' title="bbox 1038 1183 1828 1221; baseline -0.004 -8"><span class='ocrx_word' id='word_1_390' title='bbox 1038 1186 1158 1213; x_wconf 81' lang='lat' dir='ltr'><strong>liberabit</strong></span> <span class='ocrx_word' id='word_1_391' title='bbox 1184 1193 1216 1213; x_wconf 74' lang='lat' dir='ltr'><strong>ea:</strong></span> <span class='ocrx_word' id='word_1_392' title='bbox 1235 1193 1343 1221; x_wconf 84' lang='lat' dir='ltr'><strong>corpore</strong></span> <span class='ocrx_word' id='word_1_393' title='bbox 1356 1185 1447 1212; x_wconf 81' lang='lat' dir='ltr'><strong>mortis</strong></span> <span class='ocrx_word' id='word_1_394' title='bbox 1464 1184 1544 1219; x_wconf 77' lang='lat' dir='ltr'><strong>hujus</strong></span> <span class='ocrx_word' id='word_1_395' title='bbox 1561 1183 1602 1210; x_wconf 68' lang='lat'><strong>&quot;‘2</strong></span> <span class='ocrx_word' id='word_1_396' title='bbox 1619 1183 1755 1211; x_wconf 83' lang='lat' dir='ltr'><strong>Similiter</strong></span> <span class='ocrx_word' id='word_1_397' title='bbox 1768 1187 1797 1210; x_wconf 91' lang='lat' dir='ltr'><strong>et</strong></span> <span class='ocrx_word' id='word_1_398' title='bbox 1811 1191 1828 1210; x_wconf 92' lang='lat' dir='ltr'><strong>e</strong></span> 
     </span>
    </p>
   </div>
   <div class='ocr_carea' id='block_1_54' title="bbox 1037 1229 1828 1265">
    <p class='ocr_par' dir='ltr' id='par_1_54' title="bbox 1037 1229 1828 1265">
     <span class='ocr_line' id='line_1_54' title="bbox 1037 1229 1828 1265; baseline -0.005 -5"><span class='ocrx_word' id='word_1_399' title='bbox 1037 1239 1172 1260; x_wconf 84' lang='lat' dir='ltr'><strong>converso</strong></span> <span class='ocrx_word' id='word_1_400' title='bbox 1182 1231 1272 1259; x_wconf 90' lang='lat' dir='ltr'><strong>anima</strong></span> <span class='ocrx_word' id='word_1_401' title='bbox 1290 1231 1347 1258; x_wconf 89' lang='lat' dir='ltr'><strong>Deo</strong></span> <span class='ocrx_word' id='word_1_402' title='bbox 1360 1230 1488 1264; x_wconf 88' lang='lat' dir='ltr'><strong>credens,</strong></span> <span class='ocrx_word' id='word_1_403' title='bbox 1505 1234 1533 1258; x_wconf 93' lang='lat' dir='ltr'><strong>et</strong></span> <span class='ocrx_word' id='word_1_404' title='bbox 1543 1238 1559 1257; x_wconf 78' lang='grc' dir='ltr'><strong>ιι</strong></span> <span class='ocrx_word' id='word_1_405' title='bbox 1574 1229 1680 1265; x_wconf 90' lang='lat' dir='ltr'><strong>peccati</strong></span> <span class='ocrx_word' id='word_1_406' title='bbox 1697 1229 1828 1257; x_wconf 87' lang='lat' dir='ltr'><strong>sordibus</strong></span> 
     </span>
    </p>
   </div>
   <div class='ocr_carea' id='block_1_55' title="bbox 1038 1275 1828 1312">
    <p class='ocr_par' dir='ltr' id='par_1_55' title="bbox 1038 1275 1828 1312">
     <span class='ocr_line' id='line_1_55' title="bbox 1038 1275 1828 1312; baseline -0.004 -7"><span class='ocrx_word' id='word_1_407' title='bbox 1038 1277 1138 1309; x_wconf 89' lang='lat' dir='ltr'><strong>soluta,</strong></span> <span class='ocrx_word' id='word_1_408' title='bbox 1155 1284 1188 1304; x_wconf 91' lang='lat' dir='ltr'><strong>ac</strong></span> <span class='ocrx_word' id='word_1_409' title='bbox 1196 1284 1244 1312; x_wconf 91' lang='lat' dir='ltr'><strong>per</strong></span> <span class='ocrx_word' id='word_1_410' title='bbox 1259 1281 1375 1304; x_wconf 87' lang='lat' dir='ltr'><strong>mortem</strong></span> <span class='ocrx_word' id='word_1_411' title='bbox 1393 1275 1502 1303; x_wconf 88' lang='lat' dir='ltr'><strong>sublata</strong></span> <span class='ocrx_word' id='word_1_412' title='bbox 1515 1283 1549 1304; x_wconf 75' lang='lat' dir='ltr'><strong>ex</strong></span> <span class='ocrx_word' id='word_1_413' title='bbox 1563 1276 1619 1303; x_wconf 90' lang='lat' dir='ltr'><strong>vita</strong></span> <span class='ocrx_word' id='word_1_414' title='bbox 1636 1275 1828 1310; x_wconf 84' lang='lat' dir='ltr'><strong>tenebrarum,</strong></span> 
     </span>
    </p>
   </div>
   <div class='ocr_carea' id='block_1_56' title="bbox 1037 1321 1828 1358">
    <p class='ocr_par' dir='ltr' id='par_1_56' title="bbox 1037 1321 1828 1358">
     <span class='ocr_line' id='line_1_56' title="bbox 1037 1321 1828 1358; baseline -0.003 -8"><span class='ocrx_word' id='word_1_415' title='bbox 1037 1328 1182 1358; x_wconf 86' lang='lat' dir='ltr'><strong>postquam</strong></span> <span class='ocrx_word' id='word_1_416' title='bbox 1208 1323 1300 1349; x_wconf 89' lang='lat' dir='ltr'><strong>lumen</strong></span> <span class='ocrx_word' id='word_1_417' title='bbox 1321 1322 1441 1357; x_wconf 85' lang='lat' dir='ltr'><strong>Spiritus</strong></span> <span class='ocrx_word' id='word_1_418' title='bbox 1472 1322 1560 1350; x_wconf 89' lang='lat' dir='ltr'><strong>sancti</strong></span> <span class='ocrx_word' id='word_1_419' title='bbox 1585 1325 1717 1357; x_wconf 83' lang='lat' dir='ltr'><strong>tanquam</strong></span> <span class='ocrx_word' id='word_1_420' title='bbox 1740 1321 1828 1349; x_wconf 86' lang='lat' dir='ltr'><strong>vitam</strong></span> 
     </span>
    </p>
   </div>
   <div class='ocr_carea' id='block_1_57' title="bbox 1038 1367 1827 1404">
    <p class='ocr_par' dir='ltr' id='par_1_57' title="bbox 1038 1367 1827 1404">
     <span class='ocr_line' id='line_1_57' title="bbox 1038 1367 1827 1404; baseline -0.001 -8"><span class='ocrx_word' id='word_1_421' title='bbox 1038 1369 1187 1404; x_wconf 87' lang='lat' dir='ltr'><strong>acceperit,</strong></span> <span class='ocrx_word' id='word_1_422' title='bbox 1204 1368 1261 1396; x_wconf 91' lang='lat' dir='ltr'><strong>illic</strong></span> <span class='ocrx_word' id='word_1_423' title='bbox 1282 1368 1379 1396; x_wconf 87' lang='lat' dir='ltr'><strong>vivens</strong></span> <span class='ocrx_word' id='word_1_424' title='bbox 1408 1367 1547 1404; x_wconf 90' lang='lat' dir='ltr'><strong>reliquum</strong></span> <span class='ocrx_word' id='word_1_425' title='bbox 1568 1367 1631 1396; x_wconf 57' lang='lat' dir='ltr'><strong>vita).</strong></span> <span class='ocrx_word' id='word_1_426' title='bbox 1657 1367 1733 1401; x_wconf 90' lang='lat' dir='ltr'><strong>terit,</strong></span> <span class='ocrx_word' id='word_1_427' title='bbox 1760 1367 1827 1402; x_wconf 86' lang='lat' dir='ltr'><strong>quia</strong></span> 
     </span>
    </p>
   </div>
   <div class='ocr_carea' id='block_1_58' title="bbox 1039 1413 1828 1450">
    <p class='ocr_par' dir='ltr' id='par_1_58' title="bbox 1039 1413 1828 1450">
     <span class='ocr_line' id='line_1_58' title="bbox 1039 1413 1828 1450; baseline -0.001 -7"><span class='ocrx_word' id='word_1_428' title='bbox 1039 1415 1096 1443; x_wconf 92' lang='lat' dir='ltr'><strong>illic</strong></span> <span class='ocrx_word' id='word_1_429' title='bbox 1119 1419 1198 1450; x_wconf 87' lang='lat' dir='ltr'><strong>capta</strong></span> <span class='ocrx_word' id='word_1_430' title='bbox 1222 1418 1334 1442; x_wconf 89' lang='lat' dir='ltr'><strong>tenetur</strong></span> <span class='ocrx_word' id='word_1_431' title='bbox 1358 1422 1374 1442; x_wconf 92' lang='lat' dir='ltr'><strong>a</strong></span> <span class='ocrx_word' id='word_1_432' title='bbox 1399 1415 1506 1443; x_wconf 88' lang='lat' dir='ltr'><strong>lumine</strong></span> <span class='ocrx_word' id='word_1_433' title='bbox 1520 1414 1624 1442; x_wconf 88' lang='lat' dir='ltr'><strong>divino.</strong></span> <span class='ocrx_word' id='word_1_434' title='bbox 1638 1414 1734 1449; x_wconf 85' lang='lat' dir='ltr'><strong>Neque</strong></span> <span class='ocrx_word' id='word_1_435' title='bbox 1752 1413 1828 1442; x_wconf 87' lang='lat' dir='ltr'><strong>enim</strong></span> 
     </span>
    </p>
   </div>
   <div class='ocr_carea' id='block_1_59' title="bbox 1039 1461 1827 1497">
    <p class='ocr_par' dir='ltr' id='par_1_59' title="bbox 1039 1461 1827 1497">
     <span class='ocr_line' id='line_1_59' title="bbox 1039 1461 1827 1497; baseline 0.003 -8"><span class='ocrx_word' id='word_1_436' title='bbox 1039 1466 1144 1490; x_wconf 73' lang='lat' dir='ltr'><strong>naturae</strong></span> <span class='ocrx_word' id='word_1_437' title='bbox 1157 1461 1258 1489; x_wconf 74' lang='lat' dir='ltr'><strong>divinae</strong></span> <span class='ocrx_word' id='word_1_438' title='bbox 1280 1465 1323 1489; x_wconf 87' lang='lat' dir='ltr'><strong>est</strong></span> <span class='ocrx_word' id='word_1_439' title='bbox 1348 1461 1451 1494; x_wconf 86' lang='lat' dir='ltr'><strong>anima,</strong></span> <span class='ocrx_word' id='word_1_440' title='bbox 1468 1469 1559 1497; x_wconf 86' lang='lat' dir='ltr'><strong>neque</strong></span> <span class='ocrx_word' id='word_1_441' title='bbox 1574 1466 1682 1490; x_wconf 66' lang='lat' dir='ltr'><strong>natura:</strong></span> <span class='ocrx_word' id='word_1_442' title='bbox 1696 1462 1827 1491; x_wconf 81' lang='lat' dir='ltr'><strong>tenebra-</strong></span> 
     </span>
    </p>
   </div>
   <div class='ocr_carea' id='block_1_60' title="bbox 1040 1507 1827 1543">
    <p class='ocr_par' dir='ltr' id='par_1_60' title="bbox 1040 1507 1827 1543">
     <span class='ocr_line' id='line_1_60' title="bbox 1040 1507 1827 1543; baseline 0 -7"><span class='ocrx_word' id='word_1_443' title='bbox 1040 1517 1101 1536; x_wconf 91' lang='lat' dir='ltr'><strong>rum</strong></span> <span class='ocrx_word' id='word_1_444' title='bbox 1120 1508 1243 1541; x_wconf 66' lang='lat' dir='ltr'><strong>malitiaz,</strong></span> <span class='ocrx_word' id='word_1_445' title='bbox 1267 1508 1315 1536; x_wconf 87' lang='lat' dir='ltr'><strong>sed</strong></span> <span class='ocrx_word' id='word_1_446' title='bbox 1334 1512 1378 1535; x_wconf 90' lang='lat' dir='ltr'><strong>est</strong></span> <span class='ocrx_word' id='word_1_447' title='bbox 1394 1507 1461 1543; x_wconf 93' lang='lat' dir='ltr'><strong>quid</strong></span> <span class='ocrx_word' id='word_1_448' title='bbox 1475 1513 1610 1538; x_wconf 85' lang='lat' dir='ltr'><strong>creatum.</strong></span> <span class='ocrx_word' id='word_1_449' title='bbox 1628 1507 1827 1542; x_wconf 82' lang='lat' dir='ltr'><strong>intellectuale,</strong></span> 
     </span>
    </p>
   </div>
   <div class='ocr_carea' id='block_1_61' title="bbox 1039 1553 1829 1590">
    <p class='ocr_par' dir='ltr' id='par_1_61' title="bbox 1039 1553 1829 1590">
     <span class='ocr_line' id='line_1_61' title="bbox 1039 1553 1829 1590; baseline -0.001 -8"><span class='ocrx_word' id='word_1_450' title='bbox 1039 1555 1196 1589; x_wconf 88' lang='lat' dir='ltr'><strong>pulchrum,</strong></span> <span class='ocrx_word' id='word_1_451' title='bbox 1212 1554 1330 1590; x_wconf 77' lang='lat' dir='ltr'><strong>insigne,</strong></span> <span class='ocrx_word' id='word_1_452' title='bbox 1346 1557 1374 1581; x_wconf 86' lang='lat' dir='ltr'><strong>et</strong></span> <span class='ocrx_word' id='word_1_453' title='bbox 1395 1553 1601 1585; x_wconf 88' lang='lat' dir='ltr'><strong>admirandum,</strong></span> <span class='ocrx_word' id='word_1_454' title='bbox 1621 1557 1704 1589; x_wconf 89' lang='lat' dir='ltr'><strong>atque</strong></span> <span class='ocrx_word' id='word_1_455' title='bbox 1715 1553 1829 1590; x_wconf 70' lang='lat' dir='ltr'><strong>elegans</strong></span> 
     </span>
    </p>
   </div>
   <div class='ocr_carea' id='block_1_62' title="bbox 199 1596 986 1638">
    <p class='ocr_par' dir='ltr' id='par_1_62' title="bbox 199 1596 986 1633">
     <span class='ocr_line' id='line_1_62' title="bbox 199 1596 986 1633; baseline 0.003 -10"><span class='ocrx_word' id='word_1_456' title='bbox 199 1596 366 1631; x_wconf 69' lang='grc' dir='ltr'>θαυμαστὸν,</span> <span class='ocrx_word' id='word_1_457' title='bbox 396 1596 445 1623; x_wconf 78' lang='grc' dir='ltr'>καὶ</span> <span class='ocrx_word' id='word_1_458' title='bbox 471 1597 552 1623; x_wconf 82' lang='grc' dir='ltr'>καλὸν</span> <span class='ocrx_word' id='word_1_459' title='bbox 577 1597 703 1633; x_wconf 80' lang='grc' dir='ltr'>ὁμοίωμα</span> <span class='ocrx_word' id='word_1_460' title='bbox 724 1599 772 1624; x_wconf 79' lang='grc' dir='ltr'><strong>καὶ</strong></span> <span class='ocrx_word' id='word_1_461' title='bbox 798 1598 880 1625; x_wconf 73' lang='grc' dir='ltr'>εἰκὼν</span> <span class='ocrx_word' id='word_1_462' title='bbox 901 1598 986 1626; x_wconf 84' lang='grc' dir='ltr'>Θεοῦ·</span> 
     </span>
    </p>
   </div>
   <div class='ocr_carea' id='block_1_63' title="bbox 1036 1596 1828 1638">
    <p class='ocr_par' dir='ltr' id='par_1_63' title="bbox 1040 1598 1828 1634">
     <span class='ocr_line' id='line_1_63' title="bbox 1040 1598 1828 1634; baseline -0.001 -7"><span class='ocrx_word' id='word_1_463' title='bbox 1040 1599 1192 1627; x_wconf 87' lang='lat' dir='ltr'><strong>similitudo</strong></span> <span class='ocrx_word' id='word_1_464' title='bbox 1209 1604 1238 1627; x_wconf 90' lang='lat' dir='ltr'><strong>et</strong></span> <span class='ocrx_word' id='word_1_465' title='bbox 1261 1600 1351 1634; x_wconf 82' lang='lat' dir='ltr'><strong>imago</strong></span> <span class='ocrx_word' id='word_1_466' title='bbox 1375 1598 1435 1631; x_wconf 88' lang='lat' dir='ltr'><strong>Dei,</strong></span> <span class='ocrx_word' id='word_1_467' title='bbox 1454 1598 1481 1625; x_wconf 84' lang='lat' dir='ltr'><strong>in</strong></span> <span class='ocrx_word' id='word_1_468' title='bbox 1497 1605 1579 1633; x_wconf 86' lang='lat' dir='ltr'><strong>quam</strong></span> <span class='ocrx_word' id='word_1_469' title='bbox 1594 1602 1709 1633; x_wconf 83' lang='lat' dir='ltr'><strong>propter</strong></span> <span class='ocrx_word' id='word_1_470' title='bbox 1737 1602 1828 1626; x_wconf 72' lang='lat' dir='ltr'><strong>trans-</strong></span> 
     </span>
    </p>
   </div>
   <div class='ocr_carea' id='block_1_64' title="bbox 199 1642 988 1680">
    <p class='ocr_par' dir='ltr' id='par_1_64' title="bbox 199 1642 988 1680">
     <span class='ocr_line' id='line_1_64' title="bbox 199 1642 988 1680; baseline 0.004 -12"><span class='ocrx_word' id='word_1_471' title='bbox 199 1642 246 1669; x_wconf 74' lang='grc' dir='ltr'><strong>καὶ</strong></span> <span class='ocrx_word' id='word_1_472' title='bbox 258 1642 303 1669; x_wconf 74' lang='grc' dir='ltr'><strong>διὰ</strong></span> <span class='ocrx_word' id='word_1_473' title='bbox 321 1642 371 1677; x_wconf 84' lang='grc' dir='ltr'>τὴν</span> <span class='ocrx_word' id='word_1_474' title='bbox 392 1642 550 1678; x_wconf 86' lang='grc' dir='ltr'>παράϐασιν</span> <span class='ocrx_word' id='word_1_475' title='bbox 566 1643 689 1679; x_wconf 78' lang='grc' dir='ltr'>εἰσῆλθεν</span> <span class='ocrx_word' id='word_1_476' title='bbox 711 1645 751 1676; x_wconf 80' lang='grc' dir='ltr'><strong>εἰς</strong></span> <span class='ocrx_word' id='word_1_477' title='bbox 770 1644 856 1679; x_wconf 82' lang='grc' dir='ltr'>αὐτὴν</span> <span class='ocrx_word' id='word_1_478' title='bbox 871 1645 888 1679; x_wconf 86' lang='grc' dir='ltr'>ἡ</span> <span class='ocrx_word' id='word_1_479' title='bbox 904 1654 988 1680; x_wconf 84' lang='grc' dir='ltr'>πονη-</span> 
     </span>
    </p>
   </div>
   <div class='ocr_carea' id='block_1_65' title="bbox 202 1687 631 1723">
    <p class='ocr_par' dir='ltr' id='par_1_65' title="bbox 202 1687 631 1723">
     <span class='ocr_line' id='line_1_65' title="bbox 202 1687 631 1723; baseline 0.005 -9"><span class='ocrx_word' id='word_1_480' title='bbox 202 1687 245 1723; x_wconf 83' lang='grc' dir='ltr'><strong>ρία</strong></span> <span class='ocrx_word' id='word_1_481' title='bbox 261 1690 317 1715; x_wconf 83' lang='grc' dir='ltr'>τῶν</span> <span class='ocrx_word' id='word_1_482' title='bbox 332 1688 428 1715; x_wconf 86' lang='grc' dir='ltr'>παθῶν</span> <span class='ocrx_word' id='word_1_483' title='bbox 443 1688 490 1715; x_wconf 80' lang='grc' dir='ltr'>τοῦ</span> <span class='ocrx_word' id='word_1_484' title='bbox 507 1689 631 1721; x_wconf 86' lang='grc' dir='ltr'>σκότους.</span> 
     </span>
    </p>
   </div>
   <div class='ocr_carea' id='block_1_66' title="bbox 235 1731 988 1773">
    <p class='ocr_par' dir='ltr' id='par_1_66' title="bbox 235 1731 988 1773">
     <span class='ocr_line' id='line_1_66' title="bbox 235 1731 988 1773; baseline 0.005 -12"><span class='ocrx_word' id='word_1_485' title='bbox 235 1735 276 1763; x_wconf 82' lang='grc' dir='ltr'><strong>Η’.</strong></span> <span class='ocrx_word' id='word_1_486' title='bbox 295 1735 332 1761; x_wconf 85' lang='grc' dir='ltr'>Τδ</span> <span class='ocrx_word' id='word_1_487' title='bbox 347 1735 451 1767; x_wconf 72' lang='grc' dir='ltr'>λοιπὸν,</span> <span class='ocrx_word' id='word_1_488' title='bbox 469 1731 491 1769; x_wconf 81' lang='grc' dir='ltr'><strong>ᾧ</strong></span> <span class='ocrx_word' id='word_1_489' title='bbox 518 1735 715 1771; x_wconf 79' lang='grc' dir='ltr'>συγκέκραται,</span> <span class='ocrx_word' id='word_1_490' title='bbox 733 1737 779 1763; x_wconf 77' lang='grc' dir='ltr'>καὶ</span> <span class='ocrx_word' id='word_1_491' title='bbox 800 1737 951 1772; x_wconf 85' lang='grc' dir='ltr'>συνήνωται</span> <span class='ocrx_word' id='word_1_492' title='bbox 971 1739 988 1773; x_wconf 85' lang='grc' dir='ltr'>ὴ</span> 
     </span>
    </p>
   </div>
   <div class='ocr_carea' id='block_1_67' title="bbox 199 1780 988 1817">
    <p class='ocr_par' dir='ltr' id='par_1_67' title="bbox 199 1780 988 1817">
     <span class='ocr_line' id='line_1_67' title="bbox 199 1780 988 1817; baseline 0.005 -11"><span class='ocrx_word' id='word_1_493' title='bbox 199 1780 271 1816; x_wconf 72' lang='grc' dir='ltr'>ψυχὴ</span> <span class='ocrx_word' id='word_1_494' title='bbox 291 1781 320 1807; x_wconf 81' lang='grc' dir='ltr'>ὲν</span> <span class='ocrx_word' id='word_1_495' title='bbox 336 1782 392 1812; x_wconf 72' lang='grc' dir='ltr'>τοῖς</span> <span class='ocrx_word' id='word_1_496' title='bbox 406 1780 567 1817; x_wconf 76' lang='grc' dir='ltr'>θελήμασιν.</span> <span class='ocrx_word' id='word_1_497' title='bbox 587 1782 665 1809; x_wconf 84' lang='grc' dir='ltr'>Ἤτοι</span> <span class='ocrx_word' id='word_1_498' title='bbox 680 1780 727 1809; x_wconf 82' lang='grc' dir='ltr'>οὖν</span> <span class='ocrx_word' id='word_1_499' title='bbox 741 1782 771 1809; x_wconf 86' lang='grc' dir='ltr'>τὸ</span> <span class='ocrx_word' id='word_1_500' title='bbox 786 1783 843 1817; x_wconf 84' lang='grc' dir='ltr'>φῶς</span> <span class='ocrx_word' id='word_1_501' title='bbox 858 1782 905 1810; x_wconf 80' lang='grc' dir='ltr'>τοῦ</span> <span class='ocrx_word' id='word_1_502' title='bbox 920 1783 988 1810; x_wconf 80' lang='grc' dir='ltr'><strong>Θεοῦ</strong></span> 
     </span>
    </p>
   </div>
   <div class='ocr_carea' id='block_1_68' title="bbox 198 1826 988 1863">
    <p class='ocr_par' dir='ltr' id='par_1_68' title="bbox 198 1826 988 1863">
     <span class='ocr_line' id='line_1_68' title="bbox 198 1826 988 1863; baseline 0.005 -10"><span class='ocrx_word' id='word_1_503' title='bbox 198 1827 228 1853; x_wconf 77' lang='grc' dir='ltr'>ιν</span> <span class='ocrx_word' id='word_1_504' title='bbox 250 1827 319 1862; x_wconf 74' lang='grc' dir='ltr'>αὐτῇ</span> <span class='ocrx_word' id='word_1_505' title='bbox 332 1826 442 1862; x_wconf 74' lang='grc' dir='ltr'>ἔχουσα,</span> <span class='ocrx_word' id='word_1_506' title='bbox 459 1828 505 1854; x_wconf 72' lang='grc' dir='ltr'><strong>καὶ</strong></span> <span class='ocrx_word' id='word_1_507' title='bbox 520 1828 549 1854; x_wconf 84' lang='grc' dir='ltr'>ὲν</span> <span class='ocrx_word' id='word_1_508' title='bbox 568 1828 642 1863; x_wconf 79' lang='grc' dir='ltr'>αὐτῷ</span> <span class='ocrx_word' id='word_1_509' title='bbox 660 1828 737 1861; x_wconf 79' lang='grc' dir='ltr'>ζῶσα</span> <span class='ocrx_word' id='word_1_510' title='bbox 759 1829 789 1856; x_wconf 81' lang='grc' dir='ltr'>ὲν</span> <span class='ocrx_word' id='word_1_511' title='bbox 813 1829 914 1862; x_wconf 81' lang='grc' dir='ltr'>πάσαις</span> <span class='ocrx_word' id='word_1_512' title='bbox 927 1831 988 1862; x_wconf 85' lang='grc' dir='ltr'>ταῖς</span> 
     </span>
    </p>
   </div>
   <div class='ocr_carea' id='block_1_69' title="bbox 197 1872 988 1912">
    <p class='ocr_par' dir='ltr' id='par_1_69' title="bbox 197 1872 988 1912">
     <span class='ocr_line' id='line_1_69' title="bbox 197 1872 988 1912; baseline 0.008 -14"><span class='ocrx_word' id='word_1_513' title='bbox 197 1872 321 1908; x_wconf 78' lang='grc' dir='ltr'>ἀρεταῖς,</span> <span class='ocrx_word' id='word_1_514' title='bbox 335 1873 383 1900; x_wconf 84' lang='grc' dir='ltr'>τοῦ</span> <span class='ocrx_word' id='word_1_515' title='bbox 397 1874 485 1908; x_wconf 79' lang='grc' dir='ltr'>φωτὸς</span> <span class='ocrx_word' id='word_1_516' title='bbox 504 1874 555 1908; x_wconf 83' lang='grc' dir='ltr'>τῆς</span> <span class='ocrx_word' id='word_1_517' title='bbox 577 1874 757 1905; x_wconf 76' lang='grc' dir='ltr'>ἀναπαύσεώς</span> <span class='ocrx_word' id='word_1_518' title='bbox 772 1876 856 1902; x_wconf 80' lang='grc' dir='ltr'>ἐστιν·</span> <span class='ocrx_word' id='word_1_519' title='bbox 877 1876 937 1912; x_wconf 73' lang='grc' dir='ltr'>ἦτοι</span> <span class='ocrx_word' id='word_1_520' title='bbox 958 1878 988 1904; x_wconf 83' lang='grc' dir='ltr'>τὸ</span> 
     </span>
    </p>
   </div>
   <div class='ocr_carea' id='block_1_70' title="bbox 198 1918 988 1957">
    <p class='ocr_par' dir='ltr' id='par_1_70' title="bbox 198 1918 988 1957">
     <span class='ocr_line' id='line_1_70' title="bbox 198 1918 988 1957; baseline 0.006 -13"><span class='ocrx_word' id='word_1_521' title='bbox 198 1919 295 1950; x_wconf 79' lang='grc' dir='ltr'>σκότος</span> <span class='ocrx_word' id='word_1_522' title='bbox 305 1918 356 1953; x_wconf 82' lang='grc' dir='ltr'>τῆς</span> <span class='ocrx_word' id='word_1_523' title='bbox 368 1919 505 1954; x_wconf 80' lang='grc' dir='ltr'>ἁμαρτίας</span> <span class='ocrx_word' id='word_1_524' title='bbox 520 1920 630 1955; x_wconf 70' lang='grc' dir='ltr'>ἔχουσα,</span> <span class='ocrx_word' id='word_1_525' title='bbox 652 1922 701 1956; x_wconf 85' lang='grc' dir='ltr'>τῆς</span> <span class='ocrx_word' id='word_1_526' title='bbox 720 1922 910 1957; x_wconf 79' lang='grc' dir='ltr'>κατακρίσεως</span> <span class='ocrx_word' id='word_1_527' title='bbox 923 1931 988 1957; x_wconf 84' lang='grc' dir='ltr'>τυγ-</span> 
     </span>
    </p>
   </div>
   <div class='ocr_carea' id='block_1_71' title="bbox 197 1963 987 2003">
    <p class='ocr_par' dir='ltr' id='par_1_71' title="bbox 197 1963 987 2003">
     <span class='ocr_line' id='line_1_71' title="bbox 197 1963 987 2003; baseline 0.006 -14"><span class='ocrx_word' id='word_1_528' title='bbox 197 1963 284 1998; x_wconf 80' lang='grc' dir='ltr'>χάνει.</span> <span class='ocrx_word' id='word_1_529' title='bbox 298 1964 396 1999; x_wconf 78' lang='grc' dir='ltr'>Ψυχὴν</span> <span class='ocrx_word' id='word_1_530' title='bbox 413 1965 466 2000; x_wconf 80' lang='grc' dir='ltr'><strong>γὰρ</strong></span> <span class='ocrx_word' id='word_1_531' title='bbox 477 1964 527 1999; x_wconf 85' lang='grc' dir='ltr'>τὴν</span> <span class='ocrx_word' id='word_1_532' title='bbox 546 1965 676 1993; x_wconf 80' lang='grc' dir='ltr'>θέλουσαν</span> <span class='ocrx_word' id='word_1_533' title='bbox 693 1965 775 2001; x_wconf 83' lang='grc' dir='ltr'>ζῆσαι</span> <span class='ocrx_word' id='word_1_534' title='bbox 795 1968 870 2002; x_wconf 82' lang='grc' dir='ltr'>παρὰ</span> <span class='ocrx_word' id='word_1_535' title='bbox 884 1967 944 2003; x_wconf 79' lang='grc' dir='ltr'><strong>Θεῷ</strong></span> <span class='ocrx_word' id='word_1_536' title='bbox 958 1968 987 1994; x_wconf 77' lang='grc' dir='ltr'>ἐν</span> 
     </span>
    </p>
   </div>
   <div class='ocr_carea' id='block_1_72' title="bbox 197 2009 986 2048">
    <p class='ocr_par' dir='ltr' id='par_1_72' title="bbox 197 2009 986 2048">
     <span class='ocr_line' id='line_1_72' title="bbox 197 2009 986 2048; baseline 0.006 -13"><span class='ocrx_word' id='word_1_537' title='bbox 197 2009 351 2036; x_wconf 84' lang='grc' dir='ltr'>ἀναπαύσει</span> <span class='ocrx_word' id='word_1_538' title='bbox 381 2011 428 2037; x_wconf 78' lang='grc' dir='ltr'><strong>καὶ</strong></span> <span class='ocrx_word' id='word_1_539' title='bbox 451 2011 522 2044; x_wconf 75' lang='grc' dir='ltr'>φωτὶ</span> <span class='ocrx_word' id='word_1_540' title='bbox 546 2011 658 2046; x_wconf 81' lang='grc' dir='ltr'>αἰωνίῳ,</span> <span class='ocrx_word' id='word_1_541' title='bbox 684 2013 844 2048; x_wconf 82' lang='grc' dir='ltr'>προσελθεῖν</span> <span class='ocrx_word' id='word_1_542' title='bbox 874 2013 925 2046; x_wconf 83' lang='grc' dir='ltr'>δεῖ,</span> <span class='ocrx_word' id='word_1_543' title='bbox 949 2014 986 2046; x_wconf 81' lang='grc' dir='ltr'>ὡς</span> 
     </span>
    </p>
   </div>
   <div class='ocr_carea' id='block_1_73' title="bbox 197 2054 984 2092">
    <p class='ocr_par' dir='ltr' id='par_1_73' title="bbox 197 2054 984 2092">
     <span class='ocr_line' id='line_1_73' title="bbox 197 2054 984 2092; baseline 0.004 -11"><span class='ocrx_word' id='word_1_544' title='bbox 197 2055 370 2090; x_wconf 79' lang='grc' dir='ltr'>προείρηται,</span> <span class='ocrx_word' id='word_1_545' title='bbox 393 2054 433 2090; x_wconf 81' lang='grc' dir='ltr'>τῷ</span> <span class='ocrx_word' id='word_1_546' title='bbox 454 2055 576 2091; x_wconf 83' lang='grc' dir='ltr'>ἀληθινῷ</span> <span class='ocrx_word' id='word_1_547' title='bbox 597 2056 722 2092; x_wconf 79' lang='grc' dir='ltr'>ἀρχιερεῖ</span> <span class='ocrx_word' id='word_1_548' title='bbox 737 2056 859 2092; x_wconf 80' lang='grc' dir='ltr'>Χριστῷ,</span> <span class='ocrx_word' id='word_1_549' title='bbox 876 2058 925 2084; x_wconf 75' lang='grc' dir='ltr'><strong>καὶ</strong></span> <span class='ocrx_word' id='word_1_550' title='bbox 937 2066 984 2084; x_wconf 87' lang='grc' dir='ltr'>τυ-</span> 
     </span>
    </p>
   </div>
   <div class='ocr_carea' id='block_1_74' title="bbox 198 2099 986 2139">
    <p class='ocr_par' dir='ltr' id='par_1_74' title="bbox 198 2099 986 2139">
     <span class='ocr_line' id='line_1_74' title="bbox 198 2099 986 2139; baseline 0.005 -13"><span class='ocrx_word' id='word_1_551' title='bbox 198 2099 276 2135; x_wconf 80' lang='grc' dir='ltr'>θῆναι</span> <span class='ocrx_word' id='word_1_552' title='bbox 290 2101 337 2127; x_wconf 80' lang='grc' dir='ltr'><strong>καὶ</strong></span> <span class='ocrx_word' id='word_1_553' title='bbox 348 2100 495 2127; x_wconf 81' lang='grc' dir='ltr'>ἀποθανεῖν</span> <span class='ocrx_word' id='word_1_554' title='bbox 510 2100 549 2136; x_wconf 87' lang='grc' dir='ltr'>τῷ</span> <span class='ocrx_word' id='word_1_555' title='bbox 564 2101 668 2137; x_wconf 82' lang='grc' dir='ltr'>κόσμῳ,</span> <span class='ocrx_word' id='word_1_556' title='bbox 681 2103 728 2129; x_wconf 78' lang='grc' dir='ltr'>καὶ</span> <span class='ocrx_word' id='word_1_557' title='bbox 742 2103 776 2138; x_wconf 81' lang='grc' dir='ltr'>τῇ</span> <span class='ocrx_word' id='word_1_558' title='bbox 792 2103 914 2139; x_wconf 76' lang='grc' dir='ltr'>προτέρᾳ</span> <span class='ocrx_word' id='word_1_559' title='bbox 929 2102 986 2138; x_wconf 81' lang='grc' dir='ltr'><strong>ζωῇ</strong></span> 
     </span>
    </p>
   </div>
   <div class='ocr_carea' id='block_1_75' title="bbox 197 2144 986 2182">
    <p class='ocr_par' dir='ltr' id='par_1_75' title="bbox 197 2144 986 2182">
     <span class='ocr_line' id='line_1_75' title="bbox 197 2144 986 2182; baseline 0.001 -11"><span class='ocrx_word' id='word_1_560' title='bbox 197 2144 243 2171; x_wconf 81' lang='grc' dir='ltr'>τοῦ</span> <span class='ocrx_word' id='word_1_561' title='bbox 255 2145 368 2176; x_wconf 79' lang='grc' dir='ltr'>σκότους</span> <span class='ocrx_word' id='word_1_562' title='bbox 384 2144 433 2180; x_wconf 78' lang='grc' dir='ltr'>τῆς</span> <span class='ocrx_word' id='word_1_563' title='bbox 448 2145 591 2181; x_wconf 79' lang='grc' dir='ltr'>πονηρίας,</span> <span class='ocrx_word' id='word_1_564' title='bbox 605 2146 651 2172; x_wconf 77' lang='grc' dir='ltr'>καὶ</span> <span class='ocrx_word' id='word_1_565' title='bbox 667 2146 849 2181; x_wconf 84' lang='grc' dir='ltr'>μετατεθῆναι</span> <span class='ocrx_word' id='word_1_566' title='bbox 860 2146 889 2172; x_wconf 80' lang='grc' dir='ltr'>ὲν</span> <span class='ocrx_word' id='word_1_567' title='bbox 903 2146 986 2182; x_wconf 67' lang='grc' dir='ltr'>ἑτέρᾳ</span> 
     </span>
    </p>
   </div>
   <div class='ocr_carea' id='block_1_76' title="bbox 197 2189 985 2228">
    <p class='ocr_par' dir='ltr' id='par_1_76' title="bbox 197 2189 985 2228">
     <span class='ocr_line' id='line_1_76' title="bbox 197 2189 985 2228; baseline 0.004 -12"><span class='ocrx_word' id='word_1_568' title='bbox 197 2189 252 2224; x_wconf 80' lang='grc' dir='ltr'><strong>ζωῇ</strong></span> <span class='ocrx_word' id='word_1_569' title='bbox 271 2190 318 2217; x_wconf 76' lang='grc' dir='ltr'>καὶ</span> <span class='ocrx_word' id='word_1_570' title='bbox 331 2190 470 2226; x_wconf 81' lang='grc' dir='ltr'>ἀνατροφῇ</span> <span class='ocrx_word' id='word_1_571' title='bbox 487 2190 557 2226; x_wconf 85' lang='grc' dir='ltr'>θείᾳ.</span> <span class='ocrx_word' id='word_1_572' title='bbox 578 2191 683 2226; x_wconf 81' lang='grc' dir='ltr'>Ὠσπερ</span> <span class='ocrx_word' id='word_1_573' title='bbox 699 2191 748 2219; x_wconf 84' lang='grc' dir='ltr'><strong>ἐάν</strong></span> <span class='ocrx_word' id='word_1_574' title='bbox 762 2201 803 2224; x_wconf 87' lang='grc' dir='ltr'><strong>τις</strong></span> <span class='ocrx_word' id='word_1_575' title='bbox 821 2191 944 2228; x_wconf 81' lang='grc' dir='ltr'>ἀποθάνῃ</span> <span class='ocrx_word' id='word_1_576' title='bbox 957 2192 985 2218; x_wconf 82' lang='grc' dir='ltr'>ὲν</span> 
     </span>
    </p>
   </div>
   <div class='ocr_carea' id='block_1_77' title="bbox 196 2235 983 2272">
    <p class='ocr_par' dir='ltr' id='par_1_77' title="bbox 196 2235 983 2272">
     <span class='ocr_line' id='line_1_77' title="bbox 196 2235 983 2272; baseline 0.003 -10"><span class='ocrx_word' id='word_1_577' title='bbox 196 2235 281 2267; x_wconf 83' lang='grc' dir='ltr'>πόλει,</span> <span class='ocrx_word' id='word_1_578' title='bbox 303 2235 365 2262; x_wconf 71' lang='grc' dir='ltr'>οὔτε</span> <span class='ocrx_word' id='word_1_579' title='bbox 388 2237 481 2272; x_wconf 77' lang='grc' dir='ltr'>φωνῆς</span> <span class='ocrx_word' id='word_1_580' title='bbox 508 2236 562 2263; x_wconf 85' lang='grc' dir='ltr'><strong>τῶν</strong></span> <span class='ocrx_word' id='word_1_581' title='bbox 586 2237 645 2263; x_wconf 77' lang='grc' dir='ltr'>ἐκεῖ</span> <span class='ocrx_word' id='word_1_582' title='bbox 672 2236 782 2270; x_wconf 83' lang='grc' dir='ltr'>ἀκούει,</span> <span class='ocrx_word' id='word_1_583' title='bbox 800 2236 861 2264; x_wconf 79' lang='grc' dir='ltr'>οὕτε</span> <span class='ocrx_word' id='word_1_584' title='bbox 878 2237 983 2269; x_wconf 80' lang='grc' dir='ltr'>λαλιᾶς,</span> 
     </span>
    </p>
   </div>
   <div class='ocr_carea' id='block_1_78' title="bbox 1040 1643 1828 1681">
    <p class='ocr_par' dir='ltr' id='par_1_78' title="bbox 1040 1643 1828 1681">
     <span class='ocr_line' id='line_1_78' title="bbox 1040 1643 1828 1681; baseline 0 -9"><span class='ocrx_word' id='word_1_585' title='bbox 1040 1645 1209 1681; x_wconf 78' lang='lat' dir='ltr'><strong>gressionem</strong></span> <span class='ocrx_word' id='word_1_586' title='bbox 1230 1645 1331 1673; x_wconf 86' lang='lat' dir='ltr'><strong>invasit</strong></span> <span class='ocrx_word' id='word_1_587' title='bbox 1357 1644 1461 1672; x_wconf 87' lang='lat' dir='ltr'><strong>malitia</strong></span> <span class='ocrx_word' id='word_1_588' title='bbox 1477 1643 1668 1677; x_wconf 86' lang='lat' dir='ltr'><strong>all‘ectionum,</strong></span> <span class='ocrx_word' id='word_1_589' title='bbox 1686 1651 1747 1679; x_wconf 63' lang='lat' dir='ltr'><strong>quat</strong></span> <span class='ocrx_word' id='word_1_590' title='bbox 1761 1647 1828 1672; x_wconf 76' lang='lat' dir='ltr'><strong>sunt</strong></span> 
     </span>
    </p>
   </div>
   <div class='ocr_carea' id='block_1_79' title="bbox 1039 1691 1229 1719">
    <p class='ocr_par' dir='ltr' id='par_1_79' title="bbox 1039 1691 1229 1719">
     <span class='ocr_line' id='line_1_79' title="bbox 1039 1691 1229 1719; baseline 0 -1"><span class='ocrx_word' id='word_1_591' title='bbox 1039 1691 1229 1719; x_wconf 81' lang='lat' dir='ltr'><strong>tenebrarum.</strong></span> 
     </span>
    </p>
   </div>
   <div class='ocr_carea' id='block_1_80' title="bbox 1075 1735 1826 1772">
    <p class='ocr_par' dir='ltr' id='par_1_80' title="bbox 1075 1735 1826 1772">
     <span class='ocr_line' id='line_1_80' title="bbox 1075 1735 1826 1772; baseline -0.001 -8"><span class='ocrx_word' id='word_1_592' title='bbox 1075 1736 1143 1764; x_wconf 87' lang='lat' dir='ltr'><strong>Vill.</strong></span> <span class='ocrx_word' id='word_1_593' title='bbox 1171 1737 1329 1772; x_wconf 85' lang='lat' dir='ltr'><strong>Reliquum,</strong></span> <span class='ocrx_word' id='word_1_594' title='bbox 1358 1744 1422 1764; x_wconf 90' lang='lat' dir='ltr'><strong>cum</strong></span> <span class='ocrx_word' id='word_1_595' title='bbox 1436 1744 1491 1772; x_wconf 90' lang='lat' dir='ltr'><strong>quo</strong></span> <span class='ocrx_word' id='word_1_596' title='bbox 1504 1735 1701 1764; x_wconf 86' lang='lat' dir='ltr'><strong>commiscetur</strong></span> <span class='ocrx_word' id='word_1_597' title='bbox 1723 1735 1826 1769; x_wconf 84' lang='lat' dir='ltr'><strong>anima,</strong></span> 
     </span>
    </p>
   </div>
   <div class='ocr_carea' id='block_1_81' title="bbox 1038 1782 1827 1818">
    <p class='ocr_par' dir='ltr' id='par_1_81' title="bbox 1038 1782 1827 1818">
     <span class='ocr_line' id='line_1_81' title="bbox 1038 1782 1827 1818; baseline -0.001 -7"><span class='ocrx_word' id='word_1_598' title='bbox 1038 1784 1172 1818; x_wconf 87' lang='lat' dir='ltr'><strong>cujusque</strong></span> <span class='ocrx_word' id='word_1_599' title='bbox 1193 1788 1308 1811; x_wconf 89' lang='lat' dir='ltr'><strong>tenetur</strong></span> <span class='ocrx_word' id='word_1_600' title='bbox 1324 1782 1460 1813; x_wconf 87' lang='lat' dir='ltr'><strong>dominio,</strong></span> <span class='ocrx_word' id='word_1_601' title='bbox 1476 1789 1540 1810; x_wconf 91' lang='lat' dir='ltr'><strong>cum</strong></span> <span class='ocrx_word' id='word_1_602' title='bbox 1555 1789 1589 1810; x_wconf 89' lang='lat' dir='ltr'><strong>eo</strong></span> <span class='ocrx_word' id='word_1_603' title='bbox 1604 1790 1715 1818; x_wconf 86' lang='lat' dir='ltr'><strong>quoque</strong></span> <span class='ocrx_word' id='word_1_604' title='bbox 1729 1783 1827 1810; x_wconf 85' lang='lat' dir='ltr'><strong>volun-</strong></span> 
     </span>
    </p>
   </div>
   <div class='ocr_carea' id='block_1_82' title="bbox 1039 1827 1827 1864">
    <p class='ocr_par' dir='ltr' id='par_1_82' title="bbox 1039 1827 1827 1864">
     <span class='ocr_line' id='line_1_82' title="bbox 1039 1827 1827 1864; baseline 0.001 -9"><span class='ocrx_word' id='word_1_605' title='bbox 1039 1828 1141 1855; x_wconf 77' lang='lat' dir='ltr'><strong>tatibus</strong></span> <span class='ocrx_word' id='word_1_606' title='bbox 1168 1828 1315 1864; x_wconf 83' lang='lat' dir='ltr'><strong>conjuncta</strong></span> <span class='ocrx_word' id='word_1_607' title='bbox 1342 1832 1394 1856; x_wconf 87' lang='lat' dir='ltr'><strong>est.</strong></span> <span class='ocrx_word' id='word_1_608' title='bbox 1411 1827 1474 1855; x_wconf 86' lang='lat' dir='ltr'><strong>Sive</strong></span> <span class='ocrx_word' id='word_1_609' title='bbox 1487 1827 1571 1864; x_wconf 77' lang='lat' dir='ltr'><strong>igitur</strong></span> <span class='ocrx_word' id='word_1_610' title='bbox 1585 1828 1676 1856; x_wconf 89' lang='lat' dir='ltr'><strong>lucem</strong></span> <span class='ocrx_word' id='word_1_611' title='bbox 1688 1828 1736 1856; x_wconf 90' lang='lat' dir='ltr'><strong>Dei</strong></span> <span class='ocrx_word' id='word_1_612' title='bbox 1749 1828 1778 1856; x_wconf 91' lang='lat' dir='ltr'><strong>in</strong></span> <span class='ocrx_word' id='word_1_613' title='bbox 1797 1836 1827 1856; x_wconf 86' lang='lat' dir='ltr'><strong>se</strong></span> 
     </span>
    </p>
   </div>
   <div class='ocr_carea' id='block_1_83' title="bbox 1038 1873 1826 1904">
    <p class='ocr_par' dir='ltr' id='par_1_83' title="bbox 1038 1873 1826 1904">
     <span class='ocr_line' id='line_1_83' title="bbox 1038 1873 1826 1904; baseline 0 -3"><span class='ocrx_word' id='word_1_614' title='bbox 1038 1873 1148 1904; x_wconf 80' lang='lat' dir='ltr'><strong>habeat.</strong></span> <span class='ocrx_word' id='word_1_615' title='bbox 1172 1878 1200 1901; x_wconf 89' lang='lat' dir='ltr'><strong>et</strong></span> <span class='ocrx_word' id='word_1_616' title='bbox 1224 1873 1251 1901; x_wconf 93' lang='lat' dir='ltr'><strong>in</strong></span> <span class='ocrx_word' id='word_1_617' title='bbox 1282 1874 1328 1901; x_wconf 89' lang='lat' dir='ltr'><strong>illa</strong></span> <span class='ocrx_word' id='word_1_618' title='bbox 1347 1873 1421 1900; x_wconf 87' lang='lat' dir='ltr'><strong>vivat</strong></span> <span class='ocrx_word' id='word_1_619' title='bbox 1437 1881 1547 1901; x_wconf 89' lang='lat' dir='ltr'><strong>omnem</strong></span> <span class='ocrx_word' id='word_1_620' title='bbox 1575 1873 1711 1901; x_wconf 89' lang='lat' dir='ltr'><strong>virtutum</strong></span> <span class='ocrx_word' id='word_1_621' title='bbox 1730 1873 1826 1901; x_wconf 87' lang='lat' dir='ltr'><strong>orbem</strong></span> 
     </span>
    </p>
   </div>
   <div class='ocr_carea' id='block_1_84' title="bbox 1037 1916 1832 1955">
    <p class='ocr_par' dir='ltr' id='par_1_84' title="bbox 1037 1916 1832 1955">
     <span class='ocr_line' id='line_1_84' title="bbox 1037 1916 1832 1955; baseline -0.003 -7"><span class='ocrx_word' id='word_1_622' title='bbox 1037 1919 1190 1955; x_wconf 77' lang='lat' dir='ltr'><strong>complexa,</strong></span> <span class='ocrx_word' id='word_1_623' title='bbox 1216 1919 1280 1947; x_wconf 91' lang='lat' dir='ltr'><strong>luce</strong></span> <span class='ocrx_word' id='word_1_624' title='bbox 1293 1919 1505 1954; x_wconf 75' lang='lat' dir='ltr'><strong>acquiescentiae</strong></span> <span class='ocrx_word' id='word_1_625' title='bbox 1517 1919 1641 1946; x_wconf 89' lang='lat' dir='ltr'><strong>abundat</strong></span> <span class='ocrx_word' id='word_1_626' title='bbox 1655 1927 1662 1946; x_wconf 89' lang='lat'><strong>:</strong></span> <span class='ocrx_word' id='word_1_627' title='bbox 1677 1919 1736 1947; x_wconf 89' lang='lat' dir='ltr'><strong>sive</strong></span> <span class='ocrx_word' id='word_1_628' title='bbox 1749 1916 1832 1947; x_wconf 65' lang='lat' dir='ltr'><strong>teno-~</strong></span> 
     </span>
    </p>
   </div>
   <div class='ocr_carea' id='block_1_85' title="bbox 1037 1962 1827 2000">
    <p class='ocr_par' dir='ltr' id='par_1_85' title="bbox 1037 1962 1827 2000">
     <span class='ocr_line' id='line_1_85' title="bbox 1037 1962 1827 2000; baseline -0.001 -8"><span class='ocrx_word' id='word_1_629' title='bbox 1037 1964 1095 1992; x_wconf 82' lang='lat' dir='ltr'><strong>bris</strong></span> <span class='ocrx_word' id='word_1_630' title='bbox 1109 1963 1213 2000; x_wconf 88' lang='lat' dir='ltr'><strong>peccali</strong></span> <span class='ocrx_word' id='word_1_631' title='bbox 1227 1963 1359 1991; x_wconf 89' lang='lat' dir='ltr'><strong>obvoluta</strong></span> <span class='ocrx_word' id='word_1_632' title='bbox 1373 1963 1419 1996; x_wconf 88' lang='lat' dir='ltr'><strong>sit,</strong></span> <span class='ocrx_word' id='word_1_633' title='bbox 1438 1963 1678 1991; x_wconf 87' lang='lat' dir='ltr'><strong>condemuationis</strong></span> <span class='ocrx_word' id='word_1_634' title='bbox 1688 1962 1827 1998; x_wconf 85' lang='lat' dir='ltr'><strong>particeps</strong></span> 
     </span>
    </p>
   </div>
   <div class='ocr_carea' id='block_1_86' title="bbox 1036 2008 1825 2045">
    <p class='ocr_par' dir='ltr' id='par_1_86' title="bbox 1036 2008 1825 2045">
     <span class='ocr_line' id='line_1_86' title="bbox 1036 2008 1825 2045; baseline -0.001 -8"><span class='ocrx_word' id='word_1_635' title='bbox 1036 2013 1088 2037; x_wconf 86' lang='lat' dir='ltr'><strong>est.</strong></span> <span class='ocrx_word' id='word_1_636' title='bbox 1103 2009 1230 2037; x_wconf 79' lang='lat' dir='ltr'><strong>Animam</strong></span> <span class='ocrx_word' id='word_1_637' title='bbox 1243 2009 1338 2045; x_wconf 81' lang='lat' dir='ltr'><strong>igitur,</strong></span> <span class='ocrx_word' id='word_1_638' title='bbox 1352 2017 1413 2044; x_wconf 67' lang='lat' dir='ltr'><strong>quae</strong></span> <span class='ocrx_word' id='word_1_639' title='bbox 1429 2009 1490 2036; x_wconf 90' lang='lat' dir='ltr'><strong>vult</strong></span> <span class='ocrx_word' id='word_1_640' title='bbox 1503 2008 1596 2036; x_wconf 89' lang='lat' dir='ltr'><strong>vivere</strong></span> <span class='ocrx_word' id='word_1_641' title='bbox 1613 2008 1686 2044; x_wconf 91' lang='lat' dir='ltr'><strong>apud</strong></span> <span class='ocrx_word' id='word_1_642' title='bbox 1698 2009 1785 2036; x_wconf 87' lang='lat' dir='ltr'><strong>Deum</strong></span> <span class='ocrx_word' id='word_1_643' title='bbox 1796 2009 1825 2036; x_wconf 93' lang='lat' dir='ltr'><strong>in</strong></span> 
     </span>
    </p>
   </div>
   <div class='ocr_carea' id='block_1_87' title="bbox 1037 2053 1825 2091">
    <p class='ocr_par' dir='ltr' id='par_1_87' title="bbox 1037 2053 1825 2091">
     <span class='ocr_line' id='line_1_87' title="bbox 1037 2053 1825 2091; baseline -0.001 -9"><span class='ocrx_word' id='word_1_644' title='bbox 1037 2055 1133 2091; x_wconf 89' lang='lat' dir='ltr'><strong>requie</strong></span> <span class='ocrx_word' id='word_1_645' title='bbox 1145 2058 1173 2082; x_wconf 90' lang='lat' dir='ltr'><strong>et</strong></span> <span class='ocrx_word' id='word_1_646' title='bbox 1186 2055 1247 2082; x_wconf 91' lang='lat' dir='ltr'><strong>luce</strong></span> <span class='ocrx_word' id='word_1_647' title='bbox 1264 2059 1377 2086; x_wconf 65' lang='lat' dir='ltr'><strong>aeterna,</strong></span> <span class='ocrx_word' id='word_1_648' title='bbox 1391 2053 1524 2082; x_wconf 87' lang='lat' dir='ltr'><strong>accedere</strong></span> <span class='ocrx_word' id='word_1_649' title='bbox 1534 2058 1655 2089; x_wconf 89' lang='lat' dir='ltr'><strong>oportet,</strong></span> <span class='ocrx_word' id='word_1_650' title='bbox 1672 2058 1703 2082; x_wconf 90' lang='lat' dir='ltr'><strong>ut</strong></span> <span class='ocrx_word' id='word_1_651' title='bbox 1719 2054 1825 2082; x_wconf 87' lang='lat' dir='ltr'><strong>dictum</strong></span> 
     </span>
    </p>
   </div>
   <div class='ocr_carea' id='block_1_88' title="bbox 1035 2100 1826 2134">
    <p class='ocr_par' dir='ltr' id='par_1_88' title="bbox 1035 2100 1826 2134">
     <span class='ocr_line' id='line_1_88' title="bbox 1035 2100 1826 2134; baseline 0.001 -6"><span class='ocrx_word' id='word_1_652' title='bbox 1035 2105 1089 2134; x_wconf 85' lang='lat' dir='ltr'><strong>est,</strong></span> <span class='ocrx_word' id='word_1_653' title='bbox 1107 2100 1141 2128; x_wconf 84' lang='lat' dir='ltr'><strong>ad</strong></span> <span class='ocrx_word' id='word_1_654' title='bbox 1165 2108 1262 2128; x_wconf 88' lang='lat' dir='ltr'><strong>verum</strong></span> <span class='ocrx_word' id='word_1_655' title='bbox 1287 2100 1448 2129; x_wconf 82' lang='lat' dir='ltr'><strong>Pontiﬁcem</strong></span> <span class='ocrx_word' id='word_1_656' title='bbox 1478 2100 1631 2134; x_wconf 83' lang='lat' dir='ltr'><strong>Christum,</strong></span> <span class='ocrx_word' id='word_1_657' title='bbox 1656 2100 1781 2133; x_wconf 85' lang='lat' dir='ltr'><strong>mactari.</strong></span> <span class='ocrx_word' id='word_1_658' title='bbox 1796 2104 1826 2129; x_wconf 89' lang='lat' dir='ltr'><strong>et</strong></span> 
     </span>
    </p>
   </div>
   <div class='ocr_carea' id='block_1_89' title="bbox 1037 2146 1824 2181">
    <p class='ocr_par' dir='ltr' id='par_1_89' title="bbox 1037 2146 1824 2181">
     <span class='ocr_line' id='line_1_89' title="bbox 1037 2146 1824 2181; baseline 0.001 -8"><span class='ocrx_word' id='word_1_659' title='bbox 1037 2146 1107 2173; x_wconf 87' lang='lat' dir='ltr'><strong>mori</strong></span> <span class='ocrx_word' id='word_1_660' title='bbox 1121 2146 1225 2174; x_wconf 86' lang='lat' dir='ltr'><strong>mundo</strong></span> <span class='ocrx_word' id='word_1_661' title='bbox 1238 2153 1271 2174; x_wconf 91' lang='lat' dir='ltr'><strong>ac</strong></span> <span class='ocrx_word' id='word_1_662' title='bbox 1284 2146 1371 2181; x_wconf 89' lang='lat' dir='ltr'><strong>priori</strong></span> <span class='ocrx_word' id='word_1_663' title='bbox 1386 2146 1452 2174; x_wconf 75' lang='lat' dir='ltr'><strong>vita:</strong></span> <span class='ocrx_word' id='word_1_664' title='bbox 1467 2146 1646 2174; x_wconf 86' lang='lat' dir='ltr'><strong>tenebrarum</strong></span> <span class='ocrx_word' id='word_1_665' title='bbox 1661 2150 1690 2174; x_wconf 92' lang='lat' dir='ltr'><strong>et</strong></span> <span class='ocrx_word' id='word_1_666' title='bbox 1703 2146 1824 2174; x_wconf 87' lang='lat' dir='ltr'><strong>malitia-</strong></span> 
     </span>
    </p>
   </div>
   <div class='ocr_carea' id='block_1_90' title="bbox 1037 2191 1823 2226">
    <p class='ocr_par' dir='ltr' id='par_1_90' title="bbox 1037 2191 1823 2226">
     <span class='ocr_line' id='line_1_90' title="bbox 1037 2191 1823 2226; baseline 0.003 -8"><span class='ocrx_word' id='word_1_667' title='bbox 1037 2199 1108 2224; x_wconf 88' lang='lat' dir='ltr'><strong>rum,</strong></span> <span class='ocrx_word' id='word_1_668' title='bbox 1126 2196 1208 2226; x_wconf 89' lang='lat' dir='ltr'><strong>atque</strong></span> <span class='ocrx_word' id='word_1_669' title='bbox 1228 2192 1371 2226; x_wconf 86' lang='lat' dir='ltr'><strong>transponi</strong></span> <span class='ocrx_word' id='word_1_670' title='bbox 1399 2191 1428 2219; x_wconf 90' lang='lat' dir='ltr'><strong>in</strong></span> <span class='ocrx_word' id='word_1_671' title='bbox 1444 2192 1558 2219; x_wconf 87' lang='lat' dir='ltr'><strong>alteram</strong></span> <span class='ocrx_word' id='word_1_672' title='bbox 1579 2191 1664 2219; x_wconf 83' lang='lat' dir='ltr'><strong>vitam</strong></span> <span class='ocrx_word' id='word_1_673' title='bbox 1678 2196 1706 2220; x_wconf 86' lang='lat' dir='ltr'><strong>et</strong></span> <span class='ocrx_word' id='word_1_674' title='bbox 1720 2191 1823 2220; x_wconf 84' lang='lat' dir='ltr'><strong>educa-</strong></span> 
     </span>
    </p>
   </div>
   <div class='ocr_carea' id='block_1_91' title="bbox 1037 2237 1824 2273">
    <p class='ocr_par' dir='ltr' id='par_1_91' title="bbox 1037 2237 1824 2273">
     <span class='ocr_line' id='line_1_91' title="bbox 1037 2237 1824 2273; baseline 0.001 -9"><span class='ocrx_word' id='word_1_675' title='bbox 1037 2237 1141 2265; x_wconf 87' lang='lat' dir='ltr'><strong>tionem</strong></span> <span class='ocrx_word' id='word_1_676' title='bbox 1153 2237 1286 2265; x_wconf 85' lang='lat' dir='ltr'><strong>divinam.</strong></span> <span class='ocrx_word' id='word_1_677' title='bbox 1302 2237 1552 2271; x_wconf 84' lang='lat' dir='ltr'><strong>Quemadmodum,</strong></span> <span class='ocrx_word' id='word_1_678' title='bbox 1574 2238 1598 2266; x_wconf 85' lang='lat' dir='ltr'><strong>si</strong></span> <span class='ocrx_word' id='word_1_679' title='bbox 1615 2238 1678 2273; x_wconf 87' lang='lat' dir='ltr'><strong>quis</strong></span> <span class='ocrx_word' id='word_1_680' title='bbox 1704 2238 1824 2265; x_wconf 90' lang='lat' dir='ltr'><strong>moritur</strong></span> 
     </span>
    </p>
   </div>
   <div class='ocr_carea' id='block_1_92' title="bbox 194 2281 986 2319">
    <p class='ocr_par' dir='ltr' id='par_1_92' title="bbox 194 2281 984 2318">
     <span class='ocr_line' id='line_1_92' title="bbox 194 2281 984 2318; baseline 0.001 -9"><span class='ocrx_word' id='word_1_681' title='bbox 194 2282 254 2309; x_wconf 80' lang='grc' dir='ltr'>οὔτε</span> <span class='ocrx_word' id='word_1_682' title='bbox 269 2283 355 2318; x_wconf 70' lang='grc' dir='ltr'>ἤχων,</span> <span class='ocrx_word' id='word_1_683' title='bbox 371 2282 440 2309; x_wconf 74' lang='grc' dir='ltr'>ἀλλὰ</span> <span class='ocrx_word' id='word_1_684' title='bbox 456 2281 582 2315; x_wconf 74' lang='grc' dir='ltr'>καθάπαξ</span> <span class='ocrx_word' id='word_1_685' title='bbox 597 2282 725 2315; x_wconf 75' lang='grc' dir='ltr'>ἀπέθανε,</span> <span class='ocrx_word' id='word_1_686' title='bbox 742 2282 790 2309; x_wconf 67' lang='grc' dir='ltr'><strong>καὶ</strong></span> <span class='ocrx_word' id='word_1_687' title='bbox 809 2283 984 2318; x_wconf 79' lang='grc' dir='ltr'>μετατίθεται</span> 
     </span>
    </p>
   </div>
   <div class='ocr_carea' id='block_1_93' title="bbox 1036 2281 1823 2319">
    <p class='ocr_par' dir='ltr' id='par_1_93' title="bbox 1036 2282 1823 2319">
     <span class='ocr_line' id='line_1_93' title="bbox 1036 2282 1823 2319; baseline -0.003 -8"><span class='ocrx_word' id='word_1_688' title='bbox 1036 2283 1063 2311; x_wconf 91' lang='lat' dir='ltr'><strong>in</strong></span> <span class='ocrx_word' id='word_1_689' title='bbox 1080 2283 1203 2316; x_wconf 88' lang='lat' dir='ltr'><strong>civitate,</strong></span> <span class='ocrx_word' id='word_1_690' title='bbox 1229 2291 1320 2319; x_wconf 92' lang='lat' dir='ltr'><strong>neque</strong></span> <span class='ocrx_word' id='word_1_691' title='bbox 1347 2290 1431 2311; x_wconf 88' lang='lat' dir='ltr'><strong>voces</strong></span> <span class='ocrx_word' id='word_1_692' title='bbox 1445 2282 1566 2313; x_wconf 86' lang='lat' dir='ltr'><strong>illorum.</strong></span> <span class='ocrx_word' id='word_1_693' title='bbox 1591 2283 1639 2318; x_wconf 87' lang='lat' dir='ltr'><strong>qui</strong></span> <span class='ocrx_word' id='word_1_694' title='bbox 1652 2282 1692 2310; x_wconf 89' lang='lat' dir='ltr'><strong>ibi</strong></span> <span class='ocrx_word' id='word_1_695' title='bbox 1708 2282 1823 2318; x_wconf 78' lang='lat' dir='ltr'><strong>degunt,</strong></span> 
     </span>
    </p>
   </div>
   <div class='ocr_carea' id='block_1_94' title="bbox 194 2327 984 2365">
    <p class='ocr_par' dir='ltr' id='par_1_94' title="bbox 194 2327 984 2365">
     <span class='ocr_line' id='line_1_94' title="bbox 194 2327 984 2365; baseline 0.001 -11"><span class='ocrx_word' id='word_1_696' title='bbox 194 2328 223 2354; x_wconf 73' lang='grc' dir='ltr'>ὲν</span> <span class='ocrx_word' id='word_1_697' title='bbox 232 2329 319 2365; x_wconf 79' lang='grc' dir='ltr'>ἑτέρῳ</span> <span class='ocrx_word' id='word_1_698' title='bbox 331 2329 416 2364; x_wconf 83' lang='grc' dir='ltr'>τόπῳ,</span> <span class='ocrx_word' id='word_1_699' title='bbox 435 2327 498 2355; x_wconf 85' lang='grc' dir='ltr'>ἔνθα</span> <span class='ocrx_word' id='word_1_700' title='bbox 508 2329 558 2354; x_wconf 79' lang='grc' dir='ltr'>οὐκ</span> <span class='ocrx_word' id='word_1_701' title='bbox 574 2329 629 2354; x_wconf 71' lang='grc' dir='ltr'>εἰσὶ</span> <span class='ocrx_word' id='word_1_702' title='bbox 642 2329 730 2363; x_wconf 80' lang='grc' dir='ltr'>φωναὶ</span> <span class='ocrx_word' id='word_1_703' title='bbox 743 2329 791 2355; x_wconf 72' lang='grc' dir='ltr'><strong>καὶ</strong></span> <span class='ocrx_word' id='word_1_704' title='bbox 803 2329 923 2364; x_wconf 55' lang='grc' dir='ltr'><strong>κραυγαὶ¹</strong></span> <span class='ocrx_word' id='word_1_705' title='bbox 932 2329 984 2364; x_wconf 86' lang='grc' dir='ltr'>τῆς</span> 
     </span>
    </p>
   </div>
   <div class='ocr_carea' id='block_1_95' title="bbox 193 2373 984 2410">
    <p class='ocr_par' dir='ltr' id='par_1_95' title="bbox 193 2373 984 2410">
     <span class='ocr_line' id='line_1_95' title="bbox 193 2373 984 2410; baseline 0 -9"><span class='ocrx_word' id='word_1_706' title='bbox 193 2375 298 2406; x_wconf 73' lang='grc' dir='ltr'>πόλεως</span> <span class='ocrx_word' id='word_1_707' title='bbox 315 2375 440 2410; x_wconf 78' lang='grc' dir='ltr'>ἐκείνης·</span> <span class='ocrx_word' id='word_1_708' title='bbox 456 2373 528 2401; x_wconf 80' lang='grc' dir='ltr'>οὓτω</span> <span class='ocrx_word' id='word_1_709' title='bbox 546 2374 594 2400; x_wconf 77' lang='grc' dir='ltr'>καὶ</span> <span class='ocrx_word' id='word_1_710' title='bbox 615 2375 632 2410; x_wconf 85' lang='grc' dir='ltr'>ὴ</span> <span class='ocrx_word' id='word_1_711' title='bbox 655 2373 738 2410; x_wconf 73' lang='grc' dir='ltr'>ψυχὴ,</span> <span class='ocrx_word' id='word_1_712' title='bbox 765 2375 835 2401; x_wconf 83' lang='grc' dir='ltr'>ὲπὰν</span> <span class='ocrx_word' id='word_1_713' title='bbox 852 2375 919 2410; x_wconf 83' lang='grc' dir='ltr'>τυθῇ</span> <span class='ocrx_word' id='word_1_714' title='bbox 936 2376 984 2402; x_wconf 72' lang='grc' dir='ltr'><strong>καὶ</strong></span> 
     </span>
    </p>
   </div>
   <div class='ocr_carea' id='block_1_96' title="bbox 193 2417 983 2457">
    <p class='ocr_par' dir='ltr' id='par_1_96' title="bbox 193 2417 983 2457">
     <span class='ocr_line' id='line_1_96' title="bbox 193 2417 983 2457; baseline 0.001 -10"><span class='ocrx_word' id='word_1_715' title='bbox 193 2420 326 2457; x_wconf 73' lang='grc' dir='ltr'>ἀποθάνῃ,</span> <span class='ocrx_word' id='word_1_716' title='bbox 350 2421 380 2446; x_wconf 83' lang='grc' dir='ltr'>ὲν</span> <span class='ocrx_word' id='word_1_717' title='bbox 435 2419 569 2455; x_wconf 81' lang='grc' dir='ltr'>διατρίϐει</span> <span class='ocrx_word' id='word_1_718' title='bbox 598 2420 645 2446; x_wconf 73' lang='grc' dir='ltr'><strong>καὶ</strong></span> <span class='ocrx_word' id='word_1_719' title='bbox 667 2419 699 2455; x_wconf 78' lang='grc' dir='ltr'><strong>ζῇ</strong></span> <span class='ocrx_word' id='word_1_720' title='bbox 719 2420 796 2447; x_wconf 84' lang='grc' dir='ltr'>πόλει</span> <span class='ocrx_word' id='word_1_721' title='bbox 819 2420 869 2455; x_wconf 84' lang='grc' dir='ltr'>τῆς</span> <span class='ocrx_word' id='word_1_722' title='bbox 884 2421 983 2452; x_wconf 81' lang='grc' dir='ltr'>κακίας</span> 
     </span>
    </p>
   </div>
   <div class='ocr_carea' id='block_1_97' title="bbox 193 2464 982 2500">
    <p class='ocr_par' dir='ltr' id='par_1_97' title="bbox 193 2464 982 2500">
     <span class='ocr_line' id='line_1_97' title="bbox 193 2464 982 2500; baseline 0.003 -10"><span class='ocrx_word' id='word_1_723' title='bbox 193 2465 247 2490; x_wconf 87' lang='grc' dir='ltr'>τῶν</span> <span class='ocrx_word' id='word_1_724' title='bbox 266 2465 371 2497; x_wconf 80' lang='grc' dir='ltr'>παθῶν,</span> <span class='ocrx_word' id='word_1_725' title='bbox 389 2465 480 2492; x_wconf 81' lang='grc' dir='ltr'>οὐκέτι</span> <span class='ocrx_word' id='word_1_726' title='bbox 500 2464 594 2491; x_wconf 83' lang='grc' dir='ltr'>ἀκούει</span> <span class='ocrx_word' id='word_1_727' title='bbox 612 2466 641 2492; x_wconf 78' lang='grc' dir='ltr'>ὲν</span> <span class='ocrx_word' id='word_1_728' title='bbox 659 2465 742 2499; x_wconf 74' lang='grc' dir='ltr'>ἑαυτῇ</span> <span class='ocrx_word' id='word_1_729' title='bbox 754 2465 804 2500; x_wconf 84' lang='grc' dir='ltr'>τῆς</span> <span class='ocrx_word' id='word_1_730' title='bbox 817 2465 910 2500; x_wconf 84' lang='grc' dir='ltr'>φωνῆς</span> <span class='ocrx_word' id='word_1_731' title='bbox 927 2465 982 2493; x_wconf 80' lang='grc' dir='ltr'>τῶν</span> 
     </span>
    </p>
   </div>
   <div class='ocr_carea' id='block_1_98' title="bbox 192 2510 980 2547">
    <p class='ocr_par' dir='ltr' id='par_1_98' title="bbox 192 2510 980 2547">
     <span class='ocr_line' id='line_1_98' title="bbox 192 2510 980 2547; baseline -0.001 -9"><span class='ocrx_word' id='word_1_732' title='bbox 192 2510 373 2547; x_wconf 82' lang='grc' dir='ltr'>διαλογισμῶν</span> <span class='ocrx_word' id='word_1_733' title='bbox 386 2511 432 2538; x_wconf 79' lang='grc' dir='ltr'><strong>τού</strong></span> <span class='ocrx_word' id='word_1_734' title='bbox 446 2511 566 2543; x_wconf 77' lang='grc' dir='ltr'>σκύτους·</span> <span class='ocrx_word' id='word_1_735' title='bbox 579 2512 629 2538; x_wconf 79' lang='grc' dir='ltr'><strong>οὐκ</strong></span> <span class='ocrx_word' id='word_1_736' title='bbox 645 2511 684 2538; x_wconf 75' lang='grc' dir='ltr'>ἔτι</span> <span class='ocrx_word' id='word_1_737' title='bbox 697 2512 826 2539; x_wconf 81' lang='grc' dir='ltr'>ἀκούεται</span> <span class='ocrx_word' id='word_1_738' title='bbox 837 2511 917 2538; x_wconf 81' lang='grc' dir='ltr'>λαλιὰ</span> <span class='ocrx_word' id='word_1_739' title='bbox 933 2511 980 2538; x_wconf 82' lang='grc' dir='ltr'>καὶ</span> 
     </span>
    </p>
   </div>
   <div class='ocr_carea' id='block_1_99' title="bbox 192 2556 980 2592">
    <p class='ocr_par' dir='ltr' id='par_1_99' title="bbox 192 2556 980 2592">
     <span class='ocr_line' id='line_1_99' title="bbox 192 2556 980 2592; baseline 0 -9"><span class='ocrx_word' id='word_1_740' title='bbox 192 2557 300 2592; x_wconf 84' lang='grc' dir='ltr'>κραυγὴ</span> <span class='ocrx_word' id='word_1_741' title='bbox 318 2557 434 2591; x_wconf 76' lang='grc' dir='ltr'>ματαίου</span> <span class='ocrx_word' id='word_1_742' title='bbox 450 2556 636 2591; x_wconf 74' lang='grc' dir='ltr'>διαλογισμοῦ,</span> <span class='ocrx_word' id='word_1_743' title='bbox 657 2557 703 2583; x_wconf 72' lang='grc' dir='ltr'><strong>καὶ</strong></span> <span class='ocrx_word' id='word_1_744' title='bbox 719 2557 842 2592; x_wconf 83' lang='grc' dir='ltr'>ταραχῆς</span> <span class='ocrx_word' id='word_1_745' title='bbox 857 2557 980 2592; x_wconf 84' lang='grc' dir='ltr'>πνευμά-</span> 
     </span>
    </p>
   </div>
   <div class='ocr_carea' id='block_1_100' title="bbox 191 2602 977 2638">
    <p class='ocr_par' dir='ltr' id='par_1_100' title="bbox 191 2602 977 2638">
     <span class='ocr_line' id='line_1_100' title="bbox 191 2602 977 2638; baseline 0.003 -10"><span class='ocrx_word' id='word_1_746' title='bbox 191 2610 245 2628; x_wconf 90' lang='grc' dir='ltr'><strong>των</strong></span> <span class='ocrx_word' id='word_1_747' title='bbox 264 2602 387 2633; x_wconf 71' lang='grc' dir='ltr'>σκότουςι</span> <span class='ocrx_word' id='word_1_748' title='bbox 408 2602 475 2629; x_wconf 79' lang='grc' dir='ltr'>ἀλλὰ</span> <span class='ocrx_word' id='word_1_749' title='bbox 493 2602 668 2637; x_wconf 79' lang='grc' dir='ltr'>μετατίθεται</span> <span class='ocrx_word' id='word_1_750' title='bbox 692 2603 732 2634; x_wconf 83' lang='grc' dir='ltr'>εἰς</span> <span class='ocrx_word' id='word_1_751' title='bbox 748 2603 825 2630; x_wconf 80' lang='grc' dir='ltr'>πόλιν</span> <span class='ocrx_word' id='word_1_752' title='bbox 840 2603 977 2638; x_wconf 80' lang='grc' dir='ltr'>ἀγαθότη-</span> 
     </span>
    </p>
   </div>
   <div class='ocr_carea' id='block_1_101' title="bbox 190 2647 976 2685">
    <p class='ocr_par' dir='ltr' id='par_1_101' title="bbox 190 2647 976 2685">
     <span class='ocr_line' id='line_1_101' title="bbox 190 2647 976 2685; baseline 0.004 -12"><span class='ocrx_word' id='word_1_753' title='bbox 190 2655 237 2678; x_wconf 78' lang='grc' dir='ltr'><strong>τος</strong></span> <span class='ocrx_word' id='word_1_754' title='bbox 257 2647 303 2673; x_wconf 70' lang='grc' dir='ltr'>καὶ</span> <span class='ocrx_word' id='word_1_755' title='bbox 324 2647 436 2682; x_wconf 74' lang='grc' dir='ltr'>είρήνίης</span> <span class='ocrx_word' id='word_1_756' title='bbox 454 2647 566 2682; x_wconf 85' lang='grc' dir='ltr'>μεστὴν,</span> <span class='ocrx_word' id='word_1_757' title='bbox 581 2648 621 2679; x_wconf 81' lang='grc' dir='ltr'><strong>εἰς</strong></span> <span class='ocrx_word' id='word_1_758' title='bbox 639 2647 716 2674; x_wconf 84' lang='grc' dir='ltr'>πόλιν</span> <span class='ocrx_word' id='word_1_759' title='bbox 731 2648 819 2683; x_wconf 81' lang='grc' dir='ltr'>φωτὸς</span> <span class='ocrx_word' id='word_1_760' title='bbox 841 2649 976 2685; x_wconf 82' lang='grc' dir='ltr'>θεότητος,</span> 
     </span>
    </p>
   </div>
   <div class='ocr_carea' id='block_1_102' title="bbox 191 2693 977 2728">
    <p class='ocr_par' dir='ltr' id='par_1_102' title="bbox 191 2693 977 2728">
     <span class='ocr_line' id='line_1_102' title="bbox 191 2693 977 2728; baseline 0.005 -10"><span class='ocrx_word' id='word_1_761' title='bbox 191 2694 272 2719; x_wconf 79' lang='grc' dir='ltr'><strong>κὰκεῖ</strong></span> <span class='ocrx_word' id='word_1_762' title='bbox 291 2693 324 2728; x_wconf 81' lang='grc' dir='ltr'><strong>ζῇ</strong></span> <span class='ocrx_word' id='word_1_763' title='bbox 346 2693 393 2719; x_wconf 73' lang='grc' dir='ltr'>καὶ</span> <span class='ocrx_word' id='word_1_764' title='bbox 409 2693 513 2724; x_wconf 82' lang='grc' dir='ltr'>ἀκούει,</span> <span class='ocrx_word' id='word_1_765' title='bbox 531 2694 612 2720; x_wconf 81' lang='grc' dir='ltr'>κάκεῖ</span> <span class='ocrx_word' id='word_1_766' title='bbox 633 2693 803 2721; x_wconf 76' lang='grc' dir='ltr'>πολιτεύεται</span> <span class='ocrx_word' id='word_1_767' title='bbox 827 2696 873 2722; x_wconf 80' lang='grc' dir='ltr'>καὶ</span> <span class='ocrx_word' id='word_1_768' title='bbox 893 2695 977 2728; x_wconf 81' lang='grc' dir='ltr'>λαλεῖ,</span> 
     </span>
    </p>
   </div>
   <div class='ocr_carea' id='block_1_103' title="bbox 191 2737 979 2776">
    <p class='ocr_par' dir='ltr' id='par_1_103' title="bbox 191 2737 979 2776">
     <span class='ocr_line' id='line_1_103' title="bbox 191 2737 979 2776; baseline 0.003 -10"><span class='ocrx_word' id='word_1_769' title='bbox 191 2739 238 2766; x_wconf 74' lang='grc' dir='ltr'>καὶ</span> <span class='ocrx_word' id='word_1_770' title='bbox 246 2737 442 2772; x_wconf 76' lang='grc' dir='ltr'>διαλογίζεται,</span> <span class='ocrx_word' id='word_1_771' title='bbox 461 2740 543 2766; x_wconf 70' lang='grc' dir='ltr'><strong>κάκεῖ</strong></span> <span class='ocrx_word' id='word_1_772' title='bbox 556 2739 704 2775; x_wconf 77' lang='grc' dir='ltr'>ἐργάζεται</span> <span class='ocrx_word' id='word_1_773' title='bbox 720 2739 789 2775; x_wconf 76' lang='grc' dir='ltr'>ἔργα</span> <span class='ocrx_word' id='word_1_774' title='bbox 803 2741 979 2776; x_wconf 86' lang='grc' dir='ltr'>πνευματικὰ</span> 
     </span>
    </p>
   </div>
   <div class='ocr_carea' id='block_1_104' title="bbox 192 2784 416 2816">
    <p class='ocr_par' dir='ltr' id='par_1_104' title="bbox 192 2784 416 2816">
     <span class='ocr_line' id='line_1_104' title="bbox 192 2784 416 2816; baseline 0.004 -6"><span class='ocrx_word' id='word_1_775' title='bbox 192 2784 240 2810; x_wconf 69' lang='grc' dir='ltr'><strong>καὶ</strong></span> <span class='ocrx_word' id='word_1_776' title='bbox 260 2784 328 2811; x_wconf 85' lang='grc' dir='ltr'>Θεοῦ</span> <span class='ocrx_word' id='word_1_777' title='bbox 344 2784 416 2816; x_wconf 72' lang='grc' dir='ltr'>ἄξια.</span> 
     </span>
    </p>
   </div>
   <div class='ocr_carea' id='block_1_105' title="bbox 226 2929 974 2964">
    <p class='ocr_par' dir='ltr' id='par_1_105' title="bbox 226 2929 974 2964">
     <span class='ocr_line' id='line_1_105' title="bbox 226 2929 974 2964; baseline 0.007 -8"><span class='ocrx_word' id='word_1_778' title='bbox 226 2929 245 2945; x_wconf 72' lang='grc'><strong>⁸³</strong></span> <span class='ocrx_word' id='word_1_779' title='bbox 257 2929 361 2957; x_wconf 84' lang='lat' dir='ltr'><strong>Coloss.</strong></span> <span class='ocrx_word' id='word_1_780' title='bbox 377 2938 405 2962; x_wconf 87' lang='grc' dir='ltr'><strong>ιι,</strong></span> <span class='ocrx_word' id='word_1_781' title='bbox 418 2931 460 2958; x_wconf 76' lang='grc'><strong>15.</strong></span> <span class='ocrx_word' id='word_1_782' title='bbox 497 2931 518 2946; x_wconf 78' lang='grc'><strong>’³</strong></span> <span class='ocrx_word' id='word_1_783' title='bbox 530 2931 608 2958; x_wconf 73' lang='lat' dir='ltr'><strong>[loti].</strong></span> <span class='ocrx_word' id='word_1_784' title='bbox 621 2939 658 2964; x_wconf 81' lang='lat' dir='ltr'><strong>vi,</strong></span> <span class='ocrx_word' id='word_1_785' title='bbox 671 2932 695 2957; x_wconf 80' lang='grc' dir='ltr'><strong>(ἰ.</strong></span> <span class='ocrx_word' id='word_1_786' title='bbox 733 2932 756 2948; x_wconf 72' lang='grc'><strong>¹⁵</strong></span> <span class='ocrx_word' id='word_1_787' title='bbox 772 2932 851 2960; x_wconf 80' lang='lat' dir='ltr'><strong>Rom.</strong></span> <span class='ocrx_word' id='word_1_788' title='bbox 872 2943 916 2963; x_wconf 67' lang='lat' dir='ltr'><strong>Vit.</strong></span> <span class='ocrx_word' id='word_1_789' title='bbox 931 2935 974 2962; x_wconf 72' lang='lat' dir='ltr'><strong>2i.</strong></span> 
     </span>
    </p>
   </div>
   <div class='ocr_carea' id='block_1_106' title="bbox 1033 2327 1823 2364">
    <p class='ocr_par' dir='ltr' id='par_1_106' title="bbox 1033 2327 1823 2364">
     <span class='ocr_line' id='line_1_106' title="bbox 1033 2327 1823 2364; baseline -0.003 -7"><span class='ocrx_word' id='word_1_790' title='bbox 1033 2337 1123 2364; x_wconf 86' lang='lat' dir='ltr'><strong>neque</strong></span> <span class='ocrx_word' id='word_1_791' title='bbox 1135 2336 1301 2362; x_wconf 82' lang='lat' dir='ltr'><strong>sermonem,</strong></span> <span class='ocrx_word' id='word_1_792' title='bbox 1319 2336 1409 2364; x_wconf 88' lang='lat' dir='ltr'><strong>neque</strong></span> <span class='ocrx_word' id='word_1_793' title='bbox 1422 2336 1522 2356; x_wconf 85' lang='lat' dir='ltr'><strong>sonum</strong></span> <span class='ocrx_word' id='word_1_794' title='bbox 1535 2329 1621 2356; x_wconf 91' lang='lat' dir='ltr'><strong>ullum</strong></span> <span class='ocrx_word' id='word_1_795' title='bbox 1633 2328 1756 2361; x_wconf 81' lang='lat' dir='ltr'><strong>exaudit,</strong></span> <span class='ocrx_word' id='word_1_796' title='bbox 1774 2327 1823 2356; x_wconf 88' lang='lat' dir='ltr'><strong>sed</strong></span> 
     </span>
    </p>
   </div>
   <div class='ocr_carea' id='block_1_107' title="bbox 1033 2373 1823 2409">
    <p class='ocr_par' dir='ltr' id='par_1_107' title="bbox 1033 2373 1823 2409">
     <span class='ocr_line' id='line_1_107' title="bbox 1033 2373 1823 2409; baseline -0.001 -8"><span class='ocrx_word' id='word_1_797' title='bbox 1033 2381 1149 2409; x_wconf 87' lang='lat' dir='ltr'><strong>prorsus</strong></span> <span class='ocrx_word' id='word_1_798' title='bbox 1166 2377 1292 2401; x_wconf 89' lang='lat' dir='ltr'><strong>mortuus</strong></span> <span class='ocrx_word' id='word_1_799' title='bbox 1319 2377 1372 2405; x_wconf 88' lang='lat' dir='ltr'><strong>est,</strong></span> <span class='ocrx_word' id='word_1_800' title='bbox 1390 2376 1418 2400; x_wconf 82' lang='lat' dir='ltr'><strong>et</strong></span> <span class='ocrx_word' id='word_1_801' title='bbox 1441 2373 1631 2408; x_wconf 89' lang='lat' dir='ltr'><strong>transponitur</strong></span> <span class='ocrx_word' id='word_1_802' title='bbox 1643 2373 1672 2400; x_wconf 91' lang='lat' dir='ltr'><strong>in</strong></span> <span class='ocrx_word' id='word_1_803' title='bbox 1682 2373 1767 2400; x_wconf 92' lang='lat' dir='ltr'><strong>alium</strong></span> <span class='ocrx_word' id='word_1_804' title='bbox 1783 2373 1823 2400; x_wconf 93' lang='lat' dir='ltr'><strong>lo-</strong></span> 
     </span>
    </p>
   </div>
   <div class='ocr_carea' id='block_1_108' title="bbox 1032 2418 1823 2452">
    <p class='ocr_par' dir='ltr' id='par_1_108' title="bbox 1032 2418 1823 2452">
     <span class='ocr_line' id='line_1_108' title="bbox 1032 2418 1823 2452; baseline -0.001 -5"><span class='ocrx_word' id='word_1_805' title='bbox 1032 2427 1106 2452; x_wconf 87' lang='lat' dir='ltr'><strong>cum,</strong></span> <span class='ocrx_word' id='word_1_806' title='bbox 1129 2419 1175 2446; x_wconf 89' lang='lat' dir='ltr'><strong>ubi</strong></span> <span class='ocrx_word' id='word_1_807' title='bbox 1203 2419 1285 2446; x_wconf 81' lang='lat' dir='ltr'><strong>nullae</strong></span> <span class='ocrx_word' id='word_1_808' title='bbox 1309 2424 1374 2446; x_wconf 90' lang='lat' dir='ltr'><strong>sunt</strong></span> <span class='ocrx_word' id='word_1_809' title='bbox 1397 2427 1489 2451; x_wconf 89' lang='lat' dir='ltr'><strong>voces,</strong></span> <span class='ocrx_word' id='word_1_810' title='bbox 1510 2419 1579 2446; x_wconf 91' lang='lat' dir='ltr'><strong>nulli</strong></span> <span class='ocrx_word' id='word_1_811' title='bbox 1594 2419 1731 2446; x_wconf 88' lang='lat' dir='ltr'><strong>clamores</strong></span> <span class='ocrx_word' id='word_1_812' title='bbox 1746 2418 1823 2446; x_wconf 90' lang='lat' dir='ltr'><strong>illius</strong></span> 
     </span>
    </p>
   </div>
   <div class='ocr_carea' id='block_1_109' title="bbox 1032 2464 1821 2500">
    <p class='ocr_par' dir='ltr' id='par_1_109' title="bbox 1032 2464 1821 2500">
     <span class='ocr_line' id='line_1_109' title="bbox 1032 2464 1821 2500; baseline -0.001 -8"><span class='ocrx_word' id='word_1_813' title='bbox 1032 2465 1151 2492; x_wconf 86' lang='lat' dir='ltr'><strong>civitatis</strong></span> <span class='ocrx_word' id='word_1_814' title='bbox 1164 2472 1171 2492; x_wconf 94' lang='lat'><strong>:</strong></span> <span class='ocrx_word' id='word_1_815' title='bbox 1197 2464 1237 2492; x_wconf 86' lang='lat' dir='ltr'><strong>sic</strong></span> <span class='ocrx_word' id='word_1_816' title='bbox 1252 2469 1279 2492; x_wconf 89' lang='lat' dir='ltr'><strong>et</strong></span> <span class='ocrx_word' id='word_1_817' title='bbox 1292 2465 1393 2497; x_wconf 90' lang='lat' dir='ltr'><strong>anima,</strong></span> <span class='ocrx_word' id='word_1_818' title='bbox 1407 2469 1553 2500; x_wconf 87' lang='lat' dir='ltr'><strong>postquam</strong></span> <span class='ocrx_word' id='word_1_819' title='bbox 1569 2468 1687 2492; x_wconf 88' lang='lat' dir='ltr'><strong>mactata</strong></span> <span class='ocrx_word' id='word_1_820' title='bbox 1702 2469 1731 2492; x_wconf 89' lang='lat' dir='ltr'><strong>et</strong></span> <span class='ocrx_word' id='word_1_821' title='bbox 1745 2472 1821 2491; x_wconf 88' lang='lat' dir='ltr'><strong>mor-</strong></span> 
     </span>
    </p>
   </div>
   <div class='ocr_carea' id='block_1_110' title="bbox 1034 2510 1824 2545">
    <p class='ocr_par' dir='ltr' id='par_1_110' title="bbox 1034 2510 1824 2545">
     <span class='ocr_line' id='line_1_110' title="bbox 1034 2510 1824 2545; baseline -0.001 -7"><span class='ocrx_word' id='word_1_822' title='bbox 1034 2516 1081 2539; x_wconf 89' lang='lat' dir='ltr'><strong>tua</strong></span> <span class='ocrx_word' id='word_1_823' title='bbox 1108 2511 1192 2538; x_wconf 81' lang='lat' dir='ltr'><strong>fuerit</strong></span> <span class='ocrx_word' id='word_1_824' title='bbox 1214 2511 1318 2539; x_wconf 86' lang='lat' dir='ltr'><strong>civitati</strong></span> <span class='ocrx_word' id='word_1_825' title='bbox 1350 2512 1484 2539; x_wconf 87' lang='lat' dir='ltr'><strong>malarum</strong></span> <span class='ocrx_word' id='word_1_826' title='bbox 1507 2511 1696 2543; x_wconf 76' lang='lat' dir='ltr'><strong>aﬂectionum,</strong></span> <span class='ocrx_word' id='word_1_827' title='bbox 1721 2510 1750 2538; x_wconf 89' lang='lat' dir='ltr'><strong>in</strong></span> <span class='ocrx_word' id='word_1_828' title='bbox 1766 2517 1824 2545; x_wconf 84' lang='lat' dir='ltr'><strong>qua</strong></span> 
     </span>
    </p>
   </div>
   <div class='ocr_carea' id='block_1_111' title="bbox 1034 2557 1820 2593">
    <p class='ocr_par' dir='ltr' id='par_1_111' title="bbox 1034 2557 1820 2593">
     <span class='ocr_line' id='line_1_111' title="bbox 1034 2557 1820 2593; baseline -0.001 -8"><span class='ocrx_word' id='word_1_829' title='bbox 1034 2557 1150 2593; x_wconf 75' lang='lat' dir='ltr'><strong>degebat</strong></span> <span class='ocrx_word' id='word_1_830' title='bbox 1167 2564 1200 2585; x_wconf 86' lang='lat' dir='ltr'><strong>ac</strong></span> <span class='ocrx_word' id='word_1_831' title='bbox 1218 2557 1328 2585; x_wconf 87' lang='lat' dir='ltr'><strong>vivebat</strong></span> <span class='ocrx_word' id='word_1_832' title='bbox 1352 2558 1440 2593; x_wconf 86' lang='lat' dir='ltr'><strong>prius,</strong></span> <span class='ocrx_word' id='word_1_833' title='bbox 1453 2565 1508 2584; x_wconf 90' lang='lat' dir='ltr'><strong>non</strong></span> <span class='ocrx_word' id='word_1_834' title='bbox 1527 2557 1647 2592; x_wconf 86' lang='lat' dir='ltr'><strong>amplius</strong></span> <span class='ocrx_word' id='word_1_835' title='bbox 1662 2557 1776 2585; x_wconf 85' lang='lat' dir='ltr'><strong>exaudit</strong></span> <span class='ocrx_word' id='word_1_836' title='bbox 1791 2557 1820 2584; x_wconf 91' lang='lat' dir='ltr'><strong>in</strong></span> 
     </span>
    </p>
   </div>
   <div class='ocr_carea' id='block_1_112' title="bbox 1033 2601 1820 2638">
    <p class='ocr_par' dir='ltr' id='par_1_112' title="bbox 1033 2601 1820 2638">
     <span class='ocr_line' id='line_1_112' title="bbox 1033 2601 1820 2638; baseline -0.001 -8"><span class='ocrx_word' id='word_1_837' title='bbox 1033 2610 1062 2631; x_wconf 90' lang='lat' dir='ltr'><strong>se</strong></span> <span class='ocrx_word' id='word_1_838' title='bbox 1079 2603 1137 2638; x_wconf 88' lang='lat' dir='ltr'><strong>ipsa</strong></span> <span class='ocrx_word' id='word_1_839' title='bbox 1153 2611 1246 2630; x_wconf 89' lang='lat' dir='ltr'><strong>vocem</strong></span> <span class='ocrx_word' id='word_1_840' title='bbox 1265 2603 1461 2638; x_wconf 79' lang='lat' dir='ltr'><strong>cogitationum</strong></span> <span class='ocrx_word' id='word_1_841' title='bbox 1477 2601 1665 2630; x_wconf 88' lang='lat' dir='ltr'><strong>tenebrarum.</strong></span> <span class='ocrx_word' id='word_1_842' title='bbox 1681 2602 1742 2630; x_wconf 86' lang='lat' dir='ltr'><strong>Non</strong></span> <span class='ocrx_word' id='word_1_843' title='bbox 1759 2609 1820 2629; x_wconf 90' lang='lat' dir='ltr'><strong>am-</strong></span> 
     </span>
    </p>
   </div>
   <div class='ocr_carea' id='block_1_113' title="bbox 1033 2648 1822 2686">
    <p class='ocr_par' dir='ltr' id='par_1_113' title="bbox 1033 2648 1822 2686">
     <span class='ocr_line' id='line_1_113' title="bbox 1033 2648 1822 2686; baseline -0.001 -9"><span class='ocrx_word' id='word_1_844' title='bbox 1033 2650 1106 2686; x_wconf 91' lang='lat' dir='ltr'><strong>plius</strong></span> <span class='ocrx_word' id='word_1_845' title='bbox 1120 2649 1233 2678; x_wconf 89' lang='lat' dir='ltr'><strong>auditur</strong></span> <span class='ocrx_word' id='word_1_846' title='bbox 1249 2657 1340 2677; x_wconf 84' lang='lat' dir='ltr'><strong>sermo</strong></span> <span class='ocrx_word' id='word_1_847' title='bbox 1357 2654 1385 2677; x_wconf 85' lang='lat' dir='ltr'><strong>et</strong></span> <span class='ocrx_word' id='word_1_848' title='bbox 1397 2650 1501 2677; x_wconf 85' lang='lat' dir='ltr'><strong>clamor</strong></span> <span class='ocrx_word' id='word_1_849' title='bbox 1511 2648 1672 2676; x_wconf 80' lang='lat' dir='ltr'><strong>frivolarum</strong></span> <span class='ocrx_word' id='word_1_850' title='bbox 1693 2648 1822 2684; x_wconf 79' lang='lat' dir='ltr'><strong>disputa-</strong></span> 
     </span>
    </p>
   </div>
   <div class='ocr_carea' id='block_1_114' title="bbox 1032 2695 1818 2731">
    <p class='ocr_par' dir='ltr' id='par_1_114' title="bbox 1032 2695 1818 2731">
     <span class='ocr_line' id='line_1_114' title="bbox 1032 2695 1818 2731; baseline 0 -8"><span class='ocrx_word' id='word_1_851' title='bbox 1032 2697 1149 2728; x_wconf 88' lang='lat' dir='ltr'><strong>tionum,</strong></span> <span class='ocrx_word' id='word_1_852' title='bbox 1165 2696 1190 2731; x_wconf 82' lang='lat'><strong>7</strong></span> <span class='ocrx_word' id='word_1_853' title='bbox 1205 2699 1234 2724; x_wconf 89' lang='lat' dir='ltr'><strong>et</strong></span> <span class='ocrx_word' id='word_1_854' title='bbox 1247 2696 1334 2723; x_wconf 62' lang='lat' dir='ltr'><strong>turba:</strong></span> <span class='ocrx_word' id='word_1_855' title='bbox 1357 2696 1504 2731; x_wconf 84' lang='lat' dir='ltr'><strong>spirituum</strong></span> <span class='ocrx_word' id='word_1_856' title='bbox 1535 2695 1712 2723; x_wconf 87' lang='lat' dir='ltr'><strong>tenebrarum</strong></span> <span class='ocrx_word' id='word_1_857' title='bbox 1732 2703 1738 2721; x_wconf 92' lang='lat'>:</span> <span class='ocrx_word' id='word_1_858' title='bbox 1769 2695 1818 2723; x_wconf 86' lang='lat' dir='ltr'><strong>sed</strong></span> 
     </span>
    </p>
   </div>
   <div class='ocr_carea' id='block_1_115' title="bbox 1035 2740 1818 2776">
    <p class='ocr_par' dir='ltr' id='par_1_115' title="bbox 1035 2740 1818 2776">
     <span class='ocr_line' id='line_1_115' title="bbox 1035 2740 1818 2776; baseline -0.003 -6"><span class='ocrx_word' id='word_1_859' title='bbox 1035 2743 1200 2770; x_wconf 80' lang='lat' dir='ltr'><strong>transfertur</strong></span> <span class='ocrx_word' id='word_1_860' title='bbox 1215 2743 1244 2770; x_wconf 93' lang='lat' dir='ltr'><strong>in</strong></span> <span class='ocrx_word' id='word_1_861' title='bbox 1259 2742 1398 2770; x_wconf 88' lang='lat' dir='ltr'><strong>civitatem</strong></span> <span class='ocrx_word' id='word_1_862' title='bbox 1420 2741 1553 2769; x_wconf 87' lang='lat' dir='ltr'><strong>bonitatis</strong></span> <span class='ocrx_word' id='word_1_863' title='bbox 1569 2744 1597 2769; x_wconf 90' lang='lat' dir='ltr'><strong>et</strong></span> <span class='ocrx_word' id='word_1_864' title='bbox 1607 2740 1683 2776; x_wconf 89' lang='lat' dir='ltr'><strong>pacis</strong></span> <span class='ocrx_word' id='word_1_865' title='bbox 1697 2740 1818 2776; x_wconf 88' lang='lat' dir='ltr'><strong>plenam,</strong></span> 
     </span>
    </p>
   </div>
   <div class='ocr_carea' id='block_1_116' title="bbox 1034 2786 1822 2820">
    <p class='ocr_par' dir='ltr' id='par_1_116' title="bbox 1034 2786 1822 2820">
     <span class='ocr_line' id='line_1_116' title="bbox 1034 2786 1822 2820; baseline -0.003 -4"><span class='ocrx_word' id='word_1_866' title='bbox 1034 2789 1061 2816; x_wconf 92' lang='lat' dir='ltr'><strong>in</strong></span> <span class='ocrx_word' id='word_1_867' title='bbox 1074 2788 1215 2817; x_wconf 88' lang='lat' dir='ltr'><strong>civitatem</strong></span> <span class='ocrx_word' id='word_1_868' title='bbox 1231 2787 1331 2816; x_wconf 66' lang='lat' dir='ltr'><strong>divinae</strong></span> <span class='ocrx_word' id='word_1_869' title='bbox 1345 2787 1415 2816; x_wconf 91' lang='lat' dir='ltr'><strong>lucis</strong></span> <span class='ocrx_word' id='word_1_870' title='bbox 1430 2795 1437 2820; x_wconf 88' lang='lat'>;</span> <span class='ocrx_word' id='word_1_871' title='bbox 1463 2787 1518 2814; x_wconf 92' lang='lat' dir='ltr'><strong>illic</strong></span> <span class='ocrx_word' id='word_1_872' title='bbox 1534 2786 1602 2814; x_wconf 90' lang='lat' dir='ltr'><strong>vivit</strong></span> <span class='ocrx_word' id='word_1_873' title='bbox 1616 2791 1644 2814; x_wconf 92' lang='lat' dir='ltr'><strong>et</strong></span> <span class='ocrx_word' id='word_1_874' title='bbox 1656 2786 1744 2820; x_wconf 89' lang='lat' dir='ltr'><strong>audit,</strong></span> <span class='ocrx_word' id='word_1_875' title='bbox 1761 2787 1822 2815; x_wconf 78' lang='lat' dir='ltr'><strong>illic</strong></span> 
     </span>
    </p>
   </div>
   <div class='ocr_carea' id='block_1_117' title="bbox 1033 2833 1819 2870">
    <p class='ocr_par' dir='ltr' id='par_1_117' title="bbox 1033 2833 1819 2870">
     <span class='ocr_line' id='line_1_117' title="bbox 1033 2833 1819 2870; baseline -0.004 -8"><span class='ocrx_word' id='word_1_876' title='bbox 1033 2839 1221 2866; x_wconf 81' lang='lat' dir='ltr'><strong>conversatur,</strong></span> <span class='ocrx_word' id='word_1_877' title='bbox 1236 2834 1359 2870; x_wconf 86' lang='lat' dir='ltr'><strong>loquitur</strong></span> <span class='ocrx_word' id='word_1_878' title='bbox 1371 2833 1600 2866; x_wconf 82' lang='lat' dir='ltr'><strong>etratiocinatur,</strong></span> <span class='ocrx_word' id='word_1_879' title='bbox 1615 2833 1671 2861; x_wconf 90' lang='lat' dir='ltr'><strong>illic</strong></span> <span class='ocrx_word' id='word_1_880' title='bbox 1686 2836 1819 2868; x_wconf 78' lang='lat' dir='ltr'><strong>operatur</strong></span> 
     </span>
    </p>
   </div>
   <div class='ocr_carea' id='block_1_118' title="bbox 1033 2880 1502 2916">
    <p class='ocr_par' dir='ltr' id='par_1_118' title="bbox 1033 2880 1502 2916">
     <span class='ocr_line' id='line_1_118' title="bbox 1033 2880 1502 2916; baseline -0.002 -9"><span class='ocrx_word' id='word_1_881' title='bbox 1033 2888 1116 2916; x_wconf 74' lang='lat' dir='ltr'><strong>opera</strong></span> <span class='ocrx_word' id='word_1_882' title='bbox 1134 2881 1286 2916; x_wconf 87' lang='lat' dir='ltr'><strong>spiritualia</strong></span> <span class='ocrx_word' id='word_1_883' title='bbox 1297 2886 1325 2909; x_wconf 90' lang='lat' dir='ltr'><strong>ct</strong></span> <span class='ocrx_word' id='word_1_884' title='bbox 1337 2881 1393 2909; x_wconf 81' lang='lat' dir='ltr'><strong>Deo</strong></span> <span class='ocrx_word' id='word_1_885' title='bbox 1413 2880 1502 2915; x_wconf 79' lang='lat' dir='ltr'><strong>digna.</strong></span> 
     </span>
    </p>
   </div>
  </div>
