2064 3152
230 223 286 258 159

852 226 883 256 S.
904 224 1065 257 MACARII
1085 224 1247 257 EGYPTII

1813 223 1866 257 460

268 281 316 310 lx.
334 281 452 310 Oremus
466 281 550 318 igitur
564 287 592 310 et
605 289 666 314 nos,
680 287 711 310 ut
728 289 778 318 per
801 285 930 310 Virtutem
958 282 1019 318 ejus

1105 281 1143 308 8'.
1163 280 1404 318 Παρακαλέσωμεν
1435 282 1526 309 τοίνυν
1554 281 1602 309 καὶ
1627 281 1720 318 ἡμεῖς,
1749 280 1866 316 τυθῆναι

234 332 395 360 mactemur,
414 333 443 355 et
459 328 613 355 moriamur
629 328 732 356 saeculo
757 328 869 356 malitiae
894 329 1026 357 tenebra-

234 381 308 405 rum,
337 373 420 408 inque
448 373 528 400 nobis
543 374 736 409 exstinguatur
763 373 879 409 spiritus
908 375 1025 409 peccati,

233 419 439 455 induamurque
462 424 490 447 et
519 420 687 455 accipiamus
699 420 819 447 animam
835 420 958 456 Spiritus
971 428 1027 449 caa-

233 465 321 498 lestis,
335 473 368 493 ac
386 465 587 493 transferamur
604 473 639 493 ex
665 465 770 493 malitia
794 466 972 493 tenebrarum
997 466 1025 493 in

233 510 327 537 lumen
346 510 462 544 Christi,
478 511 512 538 ad
527 511 758 546 requiescendum
776 511 804 538 in
819 511 876 539 vita
895 519 944 546 per
967 519 1026 538 om-

231 556 278 583 nia
294 557 405 584 saecula.
421 556 511 584 Veluti
526 557 601 585 enim
616 557 645 584 in
657 565 741 585 cursu
757 557 911 585 stadiorum
927 565 1025 585 currus

231 606 409 630 antevertens
427 602 552 637 impedit,
571 602 697 638 reprimit
724 608 808 638 atque
829 603 960 638 prohibet
986 603 1025 630 al-

231 651 334 680 terum,
349 656 384 676 ne
400 649 594 684 progrediatur
609 653 638 676 et
659 650 779 685 palmam
805 649 946 685 prazripiat
962 658 969 676 :
984 650 1025 677 sic

231 696 260 720 et
275 694 460 729 cogitationes
477 695 575 723 animae
603 699 631 723 et
661 695 770 731 peccati
786 700 901 723 currunt
918 697 946 723 in
972 695 1024 722 ho-

232 738 318 767 mine.
335 739 364 768 Si
379 748 448 776 ergo
462 742 604 778 contingat
628 742 823 778 cogitationem
835 741 941 777 peccati
953 749 1025 777 prae-

231 785 341 818 cedere,
357 786 384 814 id
399 787 525 823 impedit,
547 789 648 816 avertit
681 793 710 816 et
735 781 867 824 prohibet
892 788 1023 820 animam,

231 838 267 858 ne
280 832 483 868 appropinquet
496 833 563 866 Deo,
576 837 605 861 et
626 834 771 862 victoriam
798 834 932 862 adversus
960 842 1025 870 pec-

231 881 323 904 catmn
341 883 479 912 reportet;
498 879 544 906 ubi
563 887 630 907 vero
645 881 781 908 Dominus
799 881 859 916 ipse
880 880 1024 908 inscendat

231 926 261 949 et
274 923 412 958 gubernet
428 925 562 957 animam,
583 933 693 962 semper
710 926 756 954 illa
782 926 928 953 victoriam
956 934 1023 954 con-

233 969 370 1003 sequitur,
387 977 488 1005 regens
501 975 530 998 ct
542 971 648 999 ducens
661 972 785 999 scienter
798 980 911 999 currum
925 972 1024 1000 anima:

232 1021 281 1049 per
297 1015 388 1042 omnia
402 1015 436 1043 ad
451 1017 578 1044 caelestes
591 1025 623 1045 ac
640 1017 749 1045 divinas
763 1019 1023 1053 contemplationes.

231 1059 291 1087 Non
314 1061 388 1088 enim
405 1061 509 1089 bellum
529 1063 600 1098 gerit
617 1069 715 1091 contra
732 1064 878 1098 malitiam,
897 1064 946 1092 sed
960 1073 1023 1092 cum

231 1113 282 1140 pro
303 1106 421 1134 arbitrio
450 1111 478 1134 et
509 1108 677 1136 auctoritate
707 1116 757 1136 sua
787 1109 897 1144 quidvis
924 1109 1023 1145 agendi

231 1156 396 1186 potestatem
416 1152 527 1187 habeat,
549 1154 694 1182 victoriam
717 1155 776 1190 ipse
792 1159 880 1190 parat.
897 1155 1023 1191 Aguntur

232 1195 317 1232 igitur
337 1196 500 1229 Cherubim,
525 1207 580 1226 non
608 1207 663 1234 quo
690 1200 820 1235 progredi
847 1200 958 1234 volunt;
974 1201 1023 1229 sed

231 1249 286 1276 qua
300 1250 392 1270 sessor
407 1247 436 1270 et
448 1243 573 1280 dirigens
589 1244 678 1276 ducit,
699 1253 810 1280 quoque
838 1245 955 1273 libuerit
971 1246 1021 1279 illi,

231 1295 266 1315 eo
281 1289 510 1325 progrediuntur,
537 1296 566 1318 et
590 1291 654 1319 illos
682 1291 798 1327 bajulat.
826 1291 923 1319 Munus
940 1293 1022 1326 enim,

232 1334 335 1370 inquit,
354 1340 412 1363 erat
424 1337 471 1363 sub
481 1336 536 1364 illis
549 1337 582 1364 ¹⁸.
596 1337 742 1365 Ducuntur
755 1339 853 1366 animte
866 1343 979 1371 sanctae,
995 1345 1024 1367 et

232 1386 368 1415 reguntur
396 1389 412 1409 a
440 1381 545 1416 Spiritu
573 1381 688 1415 Christi,
704 1383 752 1418 qui
768 1383 863 1419 dirigit
880 1384 951 1417 illas,
968 1392 1024 1421 quo

232 1426 303 1460 vult,
321 1430 350 1453 et
367 1426 507 1454 interdum
525 1435 576 1463 pro
589 1429 733 1456 voluntate
750 1437 799 1457 sua
823 1438 871 1465 per
895 1431 1023 1459 emlestes

231 1470 426 1506 cogitationes,
455 1472 597 1500 interdum
614 1481 664 1510 per
680 1481 783 1509 corpus
800 1483 807 1502 :
821 1475 869 1502 ubi
898 1476 1023 1510 libuerit,

232 1517 290 1545 illic
321 1518 346 1546 ei
379 1519 549 1548 ministrant.
567 1519 729 1553 Quemadml
742 1521 807 1548 dum
835 1522 909 1549 enim
938 1523 1023 1558 pedes

231 1564 377 1592 volucrum
399 1570 464 1593 sunt
489 1566 540 1594 alae
558 1575 564 1593 :
583 1567 624 1595 sic
649 1567 760 1596 caeleste
786 1569 880 1596 lumen
904 1569 1024 1604 Spiritus

232 1610 334 1647 accipit
347 1611 404 1638 alas
413 1612 612 1647 cogitationum
621 1613 766 1649 dignarum
782 1615 892 1648 animae,
906 1624 1022 1652 eamque

232 1656 329 1692 dirigit
345 1665 377 1685 ae
392 1657 470 1686 ducit
485 1665 568 1694 prout
582 1659 641 1694 ipse
656 1661 745 1688 novit.

267 1745 302 1774 Χ.
323 1746 366 1775 Tu
383 1747 477 1783 igitur,
495 1748 605 1783 quando
630 1749 726 1777 auditu
750 1750 809 1778 haec
825 1751 956 1787 percipis,
976 1759 1022 1780 re—

232 1794 308 1830 spice
324 1799 351 1823 te
377 1794 478 1830 ipsum,
503 1803 538 1823 an
562 1796 706 1831 possideas
730 1797 789 1825 haec
814 1798 904 1834 reipsa
927 1803 955 1826 et
980 1807 1024 1826 re-

231 1848 298 1870 vera
314 1841 341 1868 in
359 1841 450 1868 anima
464 1846 510 1869 tua
527 1850 534 1869 :
549 1850 604 1870 non
618 1843 693 1870 enim
710 1847 776 1871 sunt
798 1844 883 1872 verba
908 1844 1024 1879 simpli—

230 1890 302 1918 citer
324 1899 356 1919 ac
378 1891 453 1919 nude
471 1891 590 1927 prolata,
608 1892 657 1920 sed
686 1900 757 1928 opus
785 1901 851 1921 vere
877 1894 905 1921 in
931 1894 1023 1922 anima

230 1936 359 1965 edicitur.
387 1937 421 1966 Et
449 1937 473 1965 si
492 1945 548 1964 non
563 1938 715 1975 possideas,
731 1946 764 1966 ac
781 1942 920 1968 tantorum
937 1939 1021 1974 spiri-

230 1983 347 2010 tualium
363 1983 502 2011 bonorum
512 1991 616 2019 egenus
641 1984 690 2018 sis,
707 1984 860 2018 tristitiam,
874 1993 1022 2015 maerorem

231 2038 262 2058 ac
273 2030 379 2058 luctum
396 2036 561 2065 perpetuum
575 2032 687 2066 habeto,
700 2033 777 2060 velut
790 2033 882 2061 adhuc
895 2037 1023 2070 mortuus

231 2082 247 2103 a
263 2082 358 2110 regno,
385 2080 414 2103 et
436 2077 512 2104 velut
541 2078 692 2111 sauciatus,
708 2078 842 2106 continuo
874 2079 962 2107 clama
987 2079 1022 2107 ad

229 2120 393 2153 Dominum,
408 2125 437 2148 et
452 2127 515 2157 pete
532 2123 716 2156 conﬁdenter,
736 2127 767 2150 ut
782 2127 807 2151 te
821 2132 934 2159 quoque
957 2132 1022 2153 vera

231 2166 283 2196 hac
308 2167 366 2196 vita
390 2167 529 2204 dignetur.
561 2169 800 2203 Quemadmodum
822 2170 907 2204 enim
938 2170 1022 2204 Deus,

230 2213 277 2247 qui
293 2213 347 2241 hoc
362 2222 465 2249 corpus
483 2215 619 2249 condidit,
634 2223 691 2243 non
700 2223 734 2244 ex
747 2223 796 2244 sua
809 2215 896 2251 ipsius
910 2220 1021 2249 natura,

229 2267 321 2294 neque
336 2267 370 2287 ex
387 2251 504 2296 corpore
521 2261 597 2289 dedit
621 2262 647 2290 ei
663 2261 766 2289 habere
791 2261 888 2295 vitam,
916 2262 1020 2295 cibum,

229 2308 343 2338 potum,
368 2305 530 2334 indumenta
558 2310 586 2335 et
613 2308 800 2336 calceamenta
831 2316 838 2335 :

229 2357 331 2385 corpus
348 2355 470 2379 creasset
492 2359 541 2387 per
567 2360 597 2380 se
621 2352 739 2385 nudum,
767 2357 795 2380 et
821 2354 875 2381 tale
896 2354 1020 2389 quidem,

228 2395 303 2429 quod
319 2395 424 2431 absque
437 2397 504 2430 illis,
522 2405 583 2432 quae
597 2403 675 2426 extra
690 2406 793 2434 corpus
803 2404 880 2432 sunt,
896 2399 950 2427 hoc
964 2404 1020 2433 est,

229 2440 333 2476 absque
349 2441 424 2475 cibo,
444 2448 513 2477 potu
528 2448 556 2471 et
571 2444 755 2478 vestimentis,
773 2445 868 2474 vivere
882 2453 938 2473 non
956 2452 1021 2480 pos-

228 2492 282 2521 set,
297 2495 408 2518 omnem
421 2490 652 2519 sustentationem
672 2491 737 2519 vita:
761 2492 935 2520 extrinsecus
952 2499 1020 2521 con-

228 2535 313 2562 cessit
330 2544 337 2562 :
355 2535 430 2570 quod
444 2536 467 2564 si
482 2537 511 2564 in
528 2545 577 2565 sua
596 2537 684 2572 ipsius
695 2542 795 2566 natura
807 2538 896 2567 solum
915 2538 1022 2566 consti—

229 2579 304 2612 terit,
321 2581 398 2609 nullo
429 2582 561 2610 exteriori
585 2588 743 2618 assumpto,
773 2584 961 2620 corrumpitur
989 2592 1022 2612 ac

229 2624 325 2652 interit
343 2635 349 2652 :
367 2626 466 2654 eodem
491 2627 575 2655 modo
601 2632 630 2655 et
652 2628 761 2661 anima,
794 2629 888 2656 divino
917 2629 1021 2657 lumine

229 2671 373 2703 destituta.
398 2672 510 2701 condita
533 2681 601 2703 vero
617 2674 771 2703 secundum
798 2674 947 2711 imaginem
971 2676 1020 2703 Dei

229 2718 282 2749 (sic
297 2719 371 2746 enim
390 2719 447 2747 Deo
460 2728 495 2747 ex
508 2720 718 2755 dispensatione
747 2721 863 2757 placuit,
882 2730 944 2750 eam
974 2722 1023 2749 ha-

230 2762 298 2790 bere
314 2764 399 2792 vitam
422 2766 566 2801 aeternam)
584 2774 639 2794 non
665 2775 706 2796 ex.
714 2768 827 2803 propria
843 2772 958 2801 natura,
975 2767 1024 2796 sed

231 2817 266 2837 ex
280 2809 367 2845 ipsius
393 2811 442 2839 Dei
471 2811 629 2846 divinitate,
644 2821 678 2841 ex
697 2814 834 2849 peculiari
851 2814 969 2850 Spiritu,
991 2822 1024 2843 ac

231 2856 365 2891 peculiari
381 2856 497 2889 lumine,
512 2858 596 2886 habet
615 2858 708 2888 cibum
726 2867 758 2888 ac
773 2864 869 2897 potum
891 2860 1023 2897 spiritua-

266 2944 288 2960 “
303 2945 407 2972 Ezech.
437 2955 463 2979 Χ,
488 2947 534 2975 ΞΗ.

1036 1631 1058 1660 C

1077 327 1122 354 διὰ
1147 327 1197 362 τῆς
1222 327 1365 363 δυνάμεως
1383 327 1479 360 αὑτοῦ,
1497 328 1544 355 καὶ
1563 327 1711 354 ἀποθανεῖν
1728 326 1768 361 τῷ
1785 327 1866 354 αίῶνι

1077 373 1127 407 τῆς
1144 373 1276 408 πονηρίας
1290 373 1337 401 τοῦ
1358 373 1482 406 σκότους,
1497 373 1545 400 καὶ
1561 372 1737 409 ἀναιρεθῆναι
1754 372 1784 399 ἐν
1801 371 1869 408 ἡμῖν

1077 418 1107 445 τὸ
1123 418 1232 453 πνεῦμα
1246 419 1297 454 τῆς
1312 419 1461 455 ἁμαρτίας,
1476 419 1524 446 καὶ
1538 417 1702 445 ἐνδύσασθαι
1716 417 1764 444 καὶ
1774 417 1868 444 λαϐεῖν

1075 464 1166 500 ψυχὴν
1181 464 1340 501 Πνεύματος
1355 466 1492 501 οὐρανίου,
1513 465 1559 492 καὶ
1573 464 1756 500 μετατεθῆναι
1773 465 1805 491 ὲκ
1819 465 1869 499 τῆς

1077 511 1176 542 κακίας
1195 511 1242 537 τοῦ
1265 512 1379 543 σκότους
1402 512 1442 544 είς
1465 512 1496 538 τὸ
1519 511 1577 546 φῶς
1602 511 1648 538 τοῦ
1669 510 1800 547 Χριστοῦ,
1821 511 1870 538 καὶ

1076 557 1266 593 ἁναπαυθῇναι
1292 558 1320 584 ἐν
1342 558 1398 594 ζωῇ
1421 558 1499 590 ὅλους
1513 557 1626 589 αἰῶνας.
1641 557 1747 593 Ὠσπερ
1766 557 1822 592 γὰρ
1839 557 1869 584 ὲν

1076 603 1178 640 σταδίῳ
1191 604 1226 631 τὰ
1236 603 1349 640 ἅρματα
1362 604 1492 639 τρέχουσι
1507 603 1555 631 καὶ
1573 603 1766 640 προλαμϐάνον
1779 603 1870 638 ἐμπο-

1075 649 1144 681 δίζει
1159 649 1208 676 καὶ¹
1223 650 1316 684 ἐπέχει
1337 650 1384 677 καὶ⁸
1397 650 1496 677 κωλύει
1513 650 1544 677 τὺ
1559 649 1663 685 ἕτερον,
1683 649 1730 676 τοῦ
1747 648 1786 683 μὴ
1802 657 1870 685 προ-

1076 695 1170 731 κόψαι,
1189 696 1236 723 καὶ
1251 696 1403 732 προλαϐεῖν
1425 697 1466 729 είς
1487 698 1581 728 νῖκος’
1603 696 1690 728 οὓτως
1708 696 1733 723 oi
1748 694 1869 729 διαλογι-

1076 742 1141 777 σμοὶ
1159 742 1212 777 τῆς
1229 742 1320 778 ψυχῆς
1335 743 1383 769 καὶ
1405 743 1455 778 τῆς
1478 742 1617 778 ἁμαρτίας
1631 741 1776 777 τρέχουσιν
1789 742 1818 768 ἐν
1829 741 1869 777 τῷ

1074 788 1227 824 ἁνθρώπῳ”
1242 788 1290 815 ἐὰν
1309 789 1359 824 μὲν
1374 788 1445 824 τύχῃ
1465 789 1615 824 προλαϐεῖν
1634 788 1680 815 τὸν
1693 787 1870 823 διαλογισμὸν

1075 835 1126 869 τῆς
1149 834 1297 870 ἁμαρτίας,
1322 834 1466 870 ἐμποδίζει
1489 835 1536 862 καὶ
1560 834 1670 870 ἀπέχει,
1693 834 1741 861 καὶ
1767 833 1868 860 κωλύει

1073 880 1123 916 τὴν
1146 880 1247 916 ψυχὴν,
1271 880 1319 907 τοῦ
1349 880 1386 916 μὴ
1412 880 1595 917 προσεγγίσαι
1620 879 1659 915 τῷ
1679 879 1749 912 Θεῷ,
1769 880 1816 907 καὶ
1838 880 1869 907 τὸ

1074 925 1136 952 κατ’
1155 925 1240 961 αὐτῆς
1256 927 1331 958 νῖκος
1342 925 1461 961 ἄρασθαι
1471 933 1478 941 ·
1494 926 1562 952 ὅπου
1579 925 1609 952 δὲ
1632 925 1716 957 αὐτὸς
1731 926 1745 952 ὸ
1761 925 1868 961 Κύριος

1076 970 1214 997 ἐπιϐαίνει
1223 970 1270 997 καὶ
1282 971 1384 1006 ἡνιοχεῖ
1395 971 1446 1006 τὴν
1459 969 1560 1005 ψυχὴν,
1569 969 1686 997 πάντοτε
1699 969 1780 1001 αὐτὸς
1791 970 1868 1005 νικᾷ,

1076 1016 1192 1052 ἡνιοχῶν
1206 1016 1254 1043 καὶ
1270 1015 1375 1051 ὁδηγῶν
1396 1015 1589 1051 ἐπιστημόνως
1604 1014 1636 1041 τὺ
1653 1014 1729 1050 ἅρμα
1751 1015 1803 1050 τῆς
1817 1015 1869 1050 ψυ-

1074 1062 1126 1098 χῆς
1146 1063 1188 1094 είς
1199 1061 1231 1088 τὸ
1244 1061 1370 1097 οὐράνιον
1383 1061 1432 1088 καὶ
1447 1060 1539 1088 ἔνθεον
1553 1060 1683 1096 φρόνημα
1697 1059 1742 1087 διὰ
1756 1060 1868 1092 παντός.

1074 1108 1144 1136 Οὔτε
1158 1107 1213 1144 γὰρ
1226 1107 1342 1142 πολεμεῖ
1365 1106 1435 1142 πρὸς
1457 1108 1507 1142 τὴν
1524 1106 1636 1139 κακίαν,
1657 1105 1715 1133 ἀλλ’
1730 1106 1868 1142 αὐθέντης

1074 1155 1122 1183 καὶ
1135 1154 1313 1190 ὲξουσιαστὴς
1324 1153 1468 1189 τυγχάνων
1479 1153 1533 1187 ἀεὶ,
1541 1153 1591 1188 τὴν
1603 1152 1681 1188 νίκην
1691 1153 1772 1185 αὐτὸς
1781 1153 1867 1188 ἐργά-

1074 1200 1161 1234 ζεται.
1173 1201 1288 1235 Ἀγεται
1305 1201 1396 1227 τοίνυν
1413 1200 1448 1227 τὰ
1462 1199 1604 1235 Χερουϐὶμ
1618 1200 1667 1235 οὐχ
1682 1200 1748 1226 ὅπου
1761 1199 1868 1226 θέλουσι

1074 1246 1250 1283 πορεύεσθαι,
1258 1246 1316 1273 ἀλλ’
1324 1246 1391 1273 ὅπου
1401 1247 1415 1273 δ
1435 1244 1610 1281 ἐπιϐεϐηκὼς
1622 1245 1670 1273 καὶ
1680 1247 1694 1272 ὀ
1701 1245 1815 1280 ἡνιοχῶν
1823 1245 1869 1272 ὁδ-

1073 1294 1147 1329 ηγεῖ,
1156 1293 1203 1320 καὶ
1217 1293 1284 1320 ὅπου
1297 1292 1369 1319 θέλει
1380 1291 1470 1325 αὐτὸς,
1483 1292 1541 1318 ἐκεῖ
1551 1290 1723 1327 πορεύονται,
1739 1291 1786 1318 καὶ
1799 1290 1868 1318 αὐτὰ

1074 1340 1215 1376 βαστάζει.
1230 1339 1299 1374 Χεὲρ
1307 1339 1373 1374 γὰρ,
1383 1338 1476 1374 φησὶν,
1491 1338 1649 1372 ἀνθρώπου
1665 1337 1804 1365 ὑποκάτω
1814 1338 1870 1365 αὺ-

1072 1386 1132 1414 τῶν
1142 1384 1192 1422 ἦν.
1207 1386 1335 1420 Ἀγονται
1353 1386 1380 1412 al
1396 1384 1473 1419 ἆγιαι
1482 1384 1566 1420 ψυχαὶ
1580 1384 1628 1411 καὶ
1642 1383 1802 1419 ὀδηγοῦνται
1816 1383 1870 1410 ὑπὸ

1072 1433 1119 1460 τοῦ
1135 1431 1306 1469 ἡνιοχοῦντος
1324 1431 1482 1473 Πνεύματος
1507 1429 1554 1457 τοῦ
1573 1430 1702 1465 Χριστοῦ,
1726 1430 1792 1457 ὅπου
1804 1428 1869 1464 βού-

1073 1479 1158 1512 λεται,
1169 1479 1214 1506 ὅτε
1228 1478 1361 1514 βούλεται,
1372 1478 1401 1504 ὲν
1411 1476 1548 1512 οὐρανίοις
1558 1476 1707 1512 λογισμοῖς·
1716 1476 1760 1503 ὅτε
1773 1475 1869 1510 βούλε-

1073 1536 1118 1554 ται
1130 1527 1159 1554 ὲν
1175 1525 1215 1561 τῷ
1231 1524 1349 1560 σώματι,
1368 1524 1432 1551 ἔνθα
1456 1522 1590 1558 βούλεται,
1612 1523 1671 1550 ἐκεῖ
1688 1522 1762 1558 αύτῷ
1779 1522 1870 1549 διακο-

1074 1573 1176 1600 νοῦσιν.
1188 1572 1295 1606 Ὥσπερ
1308 1570 1362 1606 γὰρ
1383 1569 1431 1597 τοῦ
1446 1569 1569 1597 πετεινοῦ
1590 1570 1614 1596 al
1636 1569 1716 1601 πόδες
1729 1569 1764 1596 τὰ
1780 1569 1870 1605 πτερά

1075 1606 1143 1645 είσιν
1153 1626 1160 1632 ·
1174 1617 1245 1645 οὓτω
1254 1616 1285 1643 τὸ
1296 1615 1421 1651 οὐράνιον
1437 1614 1495 1650 φῶς
1509 1614 1555 1641 τοῦ
1572 1613 1642 1640 Πνεύ
1647 1621 1731 1648 ματος
1749 1612 1869 1646 ἀναλαμ-

1077 1665 1154 1692 ϐάνει
1170 1663 1205 1691 τὰ
1227 1662 1315 1698 πτερὰ
1327 1661 1382 1689 τῶν
1399 1660 1536 1696 λογισμῶν
1547 1660 1602 1688 τῶν
1618 1659 1701 1692 ἀξίων
1717 1658 1815 1695 ψυχῆς,
1828 1658 1871 1688 ὁδ-

1075 1710 1161 1746 ηγοῦν
1172 1710 1217 1736 καὶ
1230 1708 1355 1745 ήνιοχοῦν
1367 1707 1405 1740 ὡς
1420 1705 1490 1733 οἶδεν
1506 1706 1582 1735 αύτό.

1111 1755 1140 1783 l’.
1156 1756 1193 1782 Σὺ
1205 1754 1294 1782 τοίνυν
1314 1754 1378 1781 ὅταν
1405 1751 1510 1788 ἀκούῃς
1531 1751 1629 1784 ταῦτα,
1650 1749 1770 1786 πρόσχες
1787 1758 1869 1776 σεαυ-

1076 1801 1125 1837 τῷ,
1146 1801 1171 1828 εί
1191 1801 1326 1835 κέκτησαι
1348 1798 1436 1825 ταῦτα
1452 1799 1481 1825 ὲν
1497 1797 1571 1833 ἔργῳ
1589 1798 1636 1824 καὶ
1648 1796 1764 1832 ἀληθεία
1783 1797 1813 1822 ὲν
1833 1797 1868 1832 τῇ

1079 1848 1154 1883 ψυχῇ
1178 1855 1244 1874 σου’
1258 1846 1288 1873 ού
1315 1845 1369 1882 γάρ
1396 1846 1465 1872 εἰσιν
1488 1844 1582 1876 ἁπλῶς
1594 1843 1669 1878 λόγοι
1692 1842 1868 1878 λαλούμενοι,

1076 1891 1133 1918 ἀλλ’
1143 1891 1223 1926 ἔργον
1229 1889 1357 1926 ἀληθείας
1371 1890 1445 1916 ἐστὶν
1456 1889 1485 1916 ὲν
1500 1891 1532 1924 τῇ
1545 1888 1618 1924 ψυχῇ
1630 1888 1798 1924 γιγνόμενον.
1813 1888 1869 1914 Καὶ

1076 1938 1101 1965 εί
1113 1937 1143 1964 ού
1161 1937 1303 1972 κέκτησαι,
1323 1935 1391 1963 ἀλλὰ
1403 1935 1555 1970 πτωχεύεις
1577 1935 1609 1961 ἐκ
1630 1935 1684 1961 τῶν
1698 1935 1869 1970 τηλικούτων

1076 1983 1272 2018 πνευματικῶν
1292 1982 1416 2017 ἀγαθῶν,
1430 1980 1519 2016 λύπην
1535 1981 1583 2008 καὶ
1608 1981 1707 2012 πένθος
1721 1981 1769 2007 καὶ
1785 1980 1869 2007 πόνον

1075 2030 1246 2058 ἀδιάλειπτον
1257 2029 1376 2065 ὀφείλεις
1387 2028 1460 2064 ἔχειν
1471 2036 1478 2043 ³
1495 2028 1533 2060 ὡς
1549 2028 1642 2064 ἀκμὴν
1654 2028 1751 2064 νεκρὸς
1764 2027 1802 2053 ὢν
1813 2027 1868 2054 ἀπὸ

1074 2076 1125 2110 τῆς
1137 2075 1288 2111 βασιλείας,
1308 2075 1357 2101 καὶ
1368 2075 1405 2104 ὡς
1419 2073 1603 2110 τραυματίας,
1620 2073 1663 2100 ἀεὶ
1678 2073 1727 2109 βόα
1740 2073 1809 2109 πρὸς
1821 2073 1868 2100 τὸν

1075 2121 1188 2157 Κύριον,
1204 2121 1250 2148 καὶ
1265 2121 1335 2147 αῐτει
1352 2119 1465 2152 πιστῶς,
1481 2120 1525 2146 ἵνα
1542 2119 1590 2146 καὶ
1606 2119 1686 2150 αὐτὸς
1699 2118 1803 2154 ταύτης
1817 2119 1869 2154 τῆς

1075 2168 1207 2204 ἀληθινῆς
1229 2167 1302 2204 ζωῆς
1323 2166 1507 2202 καταξιωθῇς.
1524 2166 1631 2202 Ὠσπερ
1654 2166 1708 2202 γὰρ
1727 2165 1759 2192 τὸ
1784 2165 1866 2201 σῶμα

1074 2215 1155 2242 τοῦτο
1177 2215 1294 2250 ποιήσας
1313 2214 1328 2241 ὁ
1353 2214 1430 2246 Θεὸς,
1451 2213 1502 2240 οὒκ
1518 2213 1550 2240 ὲκ
1575 2212 1626 2248 τῆς
1643 2212 1726 2238 αὑτοῦ
1749 2211 1867 2247 φύσεως,

1074 2261 1136 2289 οὐδὲ
1153 2262 1185 2288 ἐκ
1200 2260 1247 2287 τοῦ
1265 2260 1390 2296 σώματος
1407 2260 1509 2286 ἔδωκεν
1525 2258 1600 2294 αὐτῷ
1616 2258 1688 2294 ἔχειν
1711 2258 1761 2293 τὴν
1783 2258 1867 2293 ζωὴν,

869 2307 929 2340 sed,
957 2315 1021 2335 cum
1040 2315 1061 2342 ι)
1074 2307 1123 2343 τὴν
1141 2307 1254 2343 βρῶσιν,
1269 2307 1317 2334 καὶ
1332 2306 1381 2342 τὴν
1398 2305 1488 2339 πόσιν,
1503 2305 1551 2332 καὶ
1569 2305 1603 2332 τὰ
1617 2304 1753 2339 ἐνδύματα
1771 2303 1869 2331 καὶτὰ

1074 2354 1247 2389 ὑποδήματα,
1267 2352 1337 2382 ἀλλὰ
1362 2353 1452 2379 πᾶσαν
1477 2351 1527 2387 τὴν
1551 2351 1708 2386 οἰκονομίαν
1723 2351 1772 2386 τῆς
1795 2350 1870 2385 ζωῆς

1073 2399 1174 2434 ἔξωθεν
1207 2399 1309 2427 ἔδωκεν
1337 2399 1421 2434 ἔχειν,
1447 2398 1513 2425 αὐτὸ
1537 2398 1598 2425 καθ’
1631 2397 1712 2425 ἑαυτὸ
1736 2397 1767 2424 ea
1789 2397 1870 2432 σῶμα.

1073 2446 1177 2482 γυμνὸν
1191 2446 1318 2481 ποιήσας,
1332 2446 1380 2472 καὶ
1390 2445 1476 2480 χωρίς
1488 2444 1543 2472 τῶν
1558 2444 1657 2478 ἔξωθεν
1674 2443 1721 2470 τοῦ
1740 2444 1869 2478 σώματος

1074 2493 1160 2521 ὄντων
1183 2493 1266 2528 ζῆσαι
1289 2492 1320 2519 τὸ
1341 2492 1421 2528 σῶμα
1444 2492 1586 2524 ἀδύνατον,
1607 2491 1681 2518 τοῦτ’
1696 2490 1765 2523 ἐστι,
1781 2490 1868 2525 χωρὶς

1077 2540 1203 2577 βρώσεως
1219 2539 1267 2567 καὶ
1281 2539 1399 2571 πόσεως,
1414 2539 1462 2565 καὶ
1473 2538 1533 2565 ἐνδυ
1539 2538 1646 2573 μάτων
1663 2537 1711 2564 ἐὰν
1725 2537 1753 2564 δὲ
1765 2538 1804 2568 είς
1817 2537 1869 2572 τὴν

1075 2583 1174 2612 ἑαυτοῦ
1195 2583 1277 2620 φύσιν
1293 2584 1374 2620 μόνον
1387 2585 1449 2619 στῇ,
1467 2583 1550 2619 μηδὲν
1563 2583 1617 2610 τῶν
1628 2582 1728 2616 ἔξωθεν
1743 2582 1868 2618 προσλα-

1076 2631 1125 2658 ϐὸν
1135 2651 1144 2664 ,
1158 2630 1349 2666 διαφθείρεται
1362 2630 1410 2657 καὶ¹
1430 2629 1595 2656 ἀπόλλυται·
1607 2629 1654 2656 τὸν
1669 2629 1751 2657 αὑτὸν
1766 2629 1869 2665 τρόπον

1075 2677 1124 2704 καὶ
1134 2676 1208 2712 ψυχὴ
1225 2677 1242 2712 ἡ
1259 2676 1298 2712 μὴ
1311 2676 1411 2712 ἔχουσα
1435 2675 1493 2710 φῶς
1509 2675 1590 2709 θεῖον,
1605 2675 1748 2703 κτισθεῖσα
1760 2676 1789 2702 δὲ
1805 2676 1868 2702 κατ’

1074 2722 1168 2749 εἰκόνα
1183 2722 1269 2749 Θεοῦ·
1287 2721 1376 2754 οὕτως
1389 2721 1444 2757 γὰρ
1455 2721 1539 2757 αὐτὴν
1549 2722 1709 2758 ᾠκονόμησε
1726 2722 1774 2748 καὶ
1790 2721 1868 2748 εὐδό-

1074 2776 1159 2804 κησεν
1172 2767 1246 2803 ἔχειν
1262 2768 1313 2803 τὴν
1327 2767 1437 2795 αἰώνιον
1451 2768 1524 2803 ζωήν
1535 2776 1543 2784 ο
1559 2768 1609 2794 οὐκ
1620 2768 1652 2794 ἔκ
1666 2767 1717 2802 τῆς
1731 2767 1799 2798 ιδίας
1816 2767 1869 2801 (pti-

1075 2823 1154 2846 σεως,
1180 2813 1239 2841 ἀλλ’
1263 2814 1295 2841 ἐκ
1317 2815 1367 2848 τῆς
1394 2813 1493 2840 ἑαυτοῦ
1515 2813 1653 2848 θεότητος,
1672 2813 1704 2839 ὲκ
1726 2811 1773 2839 τοῦ
1801 2811 1868 2838 ίδίου

1080 2860 1245 2897 πνεύματος,
1260 2861 1293 2888 ὲκ
1305 2859 1352 2888 τοῦ
1369 2860 1435 2888 ίδίου
1452 2859 1551 2896 φωτὸς,
1568 2859 1623 2895 ἔχει
1638 2858 1739 2895 βρῶσιν
1754 2858 1802 2885 καὶ
1818 2857 1868 2886 πό-
