2064 3152
208 164 258 198 461

844 165 1028 196 HOMILhE.
1044 178 1078 183 -
1095 164 1188 195 HOM.
1210 164 1236 195 Ι.

1784 156 1839 198 462

209 228 251 246 σιν
267 218 467 254 πνευματικὴν,
489 217 537 245 καὶ
557 217 702 254 ένδύμαιαμ
712 225 838 254 ουρανια,
854 219 957 246 ἆὲστιν
978 220 995 254 ἡ

1061 227 1112 252 em,
1127 225 1155 248 et
1170 219 1335 248 vestimenta
1352 219 1485 252 coelestia,
1508 228 1569 256 qua:
1599 224 1664 247 sunt
1691 227 1757 248 vera
1782 220 1839 248 vita

208 265 293 296 ὅπως
307 263 364 300 ζωὴ
378 264 427 299 τῆς
437 264 539 299 ψυχῆς-

244 309 297 336 ΙΔ’.
313 309 420 344 ’Ὥσπερ
430 307 477 336 οὖν
493 308 532 344 τῷ
548 308 667 343 σώματι,
684 307 777 340 καθὼς
793 308 967 345 προείρηται,
982 309 999 344 ἡ

209 356 268 393 ζωὴ
286 357 337 384 οὐκ
352 356 382 390 ἐξ
404 355 503 383 ἑαυτοῦ
519 356 605 388 ἐστιν,
622 355 680 382 ἀλλ’
696 354 797 388 ἔξωθεν
818 354 913 389 αὑτοῦ,
927 355 1000 383 τοῦτ’

209 403 285 430 ἐστιν
306 401 361 429 ἀπὸ
383 402 434 438 τῆς
455 401 519 436 γῆς,
531 401 579 428 καὶ
605 401 690 437 χωρὶς
713 401 768 428 τῶν
790 400 891 434 ἔξωθεν
915 401 1000 428 αὑτοῦ

209 448 304 480 ὄντων,
318 447 448 475 ἀδύνατον
466 446 541 482 αὐτῷ
559 447 659 482 ζῆσαι·
675 445 748 474 οὕτω
761 447 808 473 καὶ
824 446 935 482 ἡψυχὴ,
952 447 1002 474 ἐὰν

215 494 252 529 μὴ
267 493 386 529 γεννηθῇ
411 493 466 520 ἀπὸ
491 493 539 520 τοῦ
553 493 601 519 νῦν
626 493 667 524 είς
688 493 798 528 ἐκείνην
818 493 869 528 τὴν
882 494 934 528 γῆν
947 493 1002 520 τῶν

210 538 330 572 ζώντων,
357 538 486 566 κάκεῖθεν
507 540 599 575 τραφῇ
630 539 826 574 πνευματικῶς
847 538 887 574 τῷ
906 539 1003 574 Κυρίῳ

211 586 415 621 προκύπτουσα,
429 585 476 612 καὶ
487 586 630 621 ἅμφιασθῇ
645 586 678 612 ἐκ
693 586 744 621 τῆς
755 586 882 621 θεότητος
895 585 1002 622 ἄρρητα

209 631 301 667 ἄμφια
317 631 444 666 οὐρανίου
459 632 585 664 κάλλους,
601 632 685 668 χωρὶς
705 632 814 668 ἐκείνης
828 633 877 667 τῆς
899 631 1004 667 τροφῆς

210 678 292 713 ζῆσαι
307 678 393 714 αὐτὴν
406 678 435 705 ἐν
448 678 598 706 ἀπολαύσει
612 679 660 705 καὶ
673 678 827 706 ἀναπαύσει
840 678 888 714 ἀφ’
902 678 1004 714 ἑαυτῆς

212 724 354 751 ἀδύνατον.
375 725 452 760 Ἔχει
471 724 527 760 γὰρ
548 725 565 761 ἡ
581 725 641 752 θεία
656 725 738 760 φύσις
757 726 806 753 καὶ
819 725 903 761 ἄρτον
919 725 1002 763 ζωῆς,

212 770 259 797 τὸν
286 771 409 804 είπόντα,
431 771 502 807 Ἐγώ
526 772 585 806 ειμι
600 773 617 799 ὁ
631 771 720 806 ἄρτος
747 770 802 806 τῆς
827 770 918 806 ζωῆς·
945 771 1004 803 καὶ,

215 816 312 851 ’Υδωρ
329 817 394 848 τῶν·
409 817 466 848 καὶ,
483 814 573 844 οἷν-ον
585 818 789 852 εὐφραίνοντα
811 817 939 852 καρδίαν
953 817 1005 844 άν-

210 863 344 897 θρώπου·
362 863 421 896 καὶ,
450 863 669 899 Ἀγωλιάσεως
683 864 798 898 ἔλαιον,
809 865 859 892 καὶ
882 865 1006 900 παμποί-

210 909 286 936 κιλον
301 909 404 945 τροφὴν
432 910 559 946 οὐρανίου
585 911 767 947 Πνεύματος,
791 913 839 939 καὶ
866 912 1005 948 ἐνδύματα

211 955 300 989 φωτὸς
315 956 430 992 οὐράνια
443 957 476 983 ἐκ
492 957 539 984 τοῦ
552 956 619 984 Θεοῦ
636 958 815 994 τυγχάνοντα.
839 958 884 987 Ἐν
897 959 1003 991 τούτοις

211 1002 313 1038 ἑστὶνή
329 1003 436 1035 αἰώνιος
452 1002 509 1040 ζωὴ
537 1004 586 1041 τῆς
602 1004 702 1041 ψυχῆς.
727 1005 794 1032 Οὐαὶ
825 1004 941 1041 σώματι,
958 1006 1007 1032 ὁπ-

212 1047 278 1075 όταν
299 1049 338 1082 είς
353 1050 404 1084 τὴν
420 1049 518 1077 ἑαυτοῦ
536 1050 616 1086 φύσιν
638 1051 752 1087 ἑστήκῃ,
770 1051 810 1078 ὄτι
823 1051 1008 1087 διαφθείρεται

211 1095 260 1122 καὶ
282 1095 451 1132 ἀποθνήσκει
463 1105 470 1113 ·
487 1097 536 1124 καὶ
557 1097 619 1124 οὐαὶ
635 1096 719 1132 ψυχῇ,
735 1098 760 1124 εί
774 1097 815 1129 είς
833 1097 882 1133 τήν
905 1097 1006 1133 ἑαυτῆς

212 1140 293 1175 φύσιν
311 1143 390 1177 μόνον
412 1143 523 1179 ἕστηκε,
540 1143 587 1170 καὶ
611 1143 652 1176 είς
673 1137 707 1171 τὰ
723 1144 825 1179 ἑαυτῆς
838 1143 907 1180 ἔργα
924 1144 1004 1179 μόνον

212 1187 338 1220 πέποιθε,
360 1189 398 1225 μὴ
412 1189 512 1224 ἔχουσα
527 1189 600 1220 θείου
612 1189 772 1226 Πνεύματος
790 1189 946 1222 κοινωνίαν,
961 1190 1004 1217 ὅτι

212 1233 382 1270 ἀποθνήσκει
401 1234 474 1271 ζωῆς
487 1235 598 1263 αεωνίου
618 1235 745 1272 θεότητος
761 1236 799 1272 μὴ
819 1236 1003 1269 καταξιωθεῖ-

213 1288 258 1307 σα.
272 1280 376 1317 Ὥσπερ
393 1281 447 1317 γὰρ
463 1282 510 1309 ἐπὶ
524 1282 579 1310 τῶν
595 1282 793 1316 ἀσθενούντων,
809 1282 879 1310 ὲπὰν
906 1283 1005 1319 μηκέτι

212 1326 244 1352 τὸ
258 1326 340 1362 σῶμα
361 1326 474 1363 δύνηται
493 1327 587 1355 λαϐεῖν
604 1327 720 1364 τροφήν,
743 1327 938 1361 ἀπελπίζουσιν
953 1329 1004 1356 αὑ-

212 1371 289 1404 τοὺς,
304 1371 352 1398 καὶ
373 1372 498 1401 κλαίουσι
518 1374 619 1405 πάντες
642 1375 748 1410 γνήσιοι
764 1375 847 1410 φίλοι,
863 1377 1005 1411 συγγενεῖς

213 1417 263 1442 καὶ
282 1417 419 1453 ἀγαπητοί
431 1427 438 1435 ·
454 1418 525 1445 οὕτω
546 1419 635 1447 κλαίει
650 1421 664 1446 ὁ
678 1420 745 1453 Θεὸς
759 1421 806 1447 καὶ
823 1422 847 1448 oi
862 1421 936 1456 ἅγιοι
951 1421 1004 1455 ἄγ-

214 1462 290 1497 γελοι
304 1463 355 1496 τὰς
371 1463 460 1499 ψυχὰς
480 1464 530 1497 τὰς
546 1465 584 1501 μὴ
603 1465 776 1502 τρεφομένας
799 1467 902 1503 τροφὴν
924 1467 1006 1503 οὐρά-

213 1517 271 1536 νιον
286 1509 333 1536 τοῦ
347 1510 515 1546 Ηνεύματος,
533 1513 580 1539 καὶ
592 1512 621 1540 ὲν
635 1512 776 1549 ἀφθαρσίᾳ
793 1512 924 1548 ζησάσας.
935 1513 1008 1541 Ταῦ-

1051 273 1160 294 animai.

1086 312 1132 340 XI.
1153 312 1389 346 Quemadmodum
1405 312 1489 349 igitur
1505 320 1622 347 corpus,
1637 316 1669 339 ut
1691 319 1778 347 supra
1795 311 1839 339 di-

1052 361 1138 390 ctum,
1153 357 1238 384 vitam
1255 365 1311 385 non
1324 366 1358 385 ex
1379 365 1419 390 se,
1443 357 1491 385 sed
1518 357 1630 385 aliunde
1658 357 1754 390 habet,
1785 356 1841 385 hoc

1051 408 1095 430 est
1110 410 1124 430 a
1137 406 1222 436 terra,
1237 409 1266 431 et
1279 403 1384 438 absque
1398 403 1443 436 iis,
1459 411 1521 438 qum
1535 407 1612 431 extra
1633 406 1709 435 sunt,
1735 403 1842 438 impos-

1052 449 1134 478 sibile
1148 454 1191 477 est
1204 449 1230 477 ei
1244 449 1329 477 vitam
1344 449 1447 477 ducere
1464 458 1471 475 ε
1485 449 1524 477 ita
1535 453 1564 477 et
1575 450 1678 483 anima,
1693 449 1747 478 nisi
1763 450 1798 478 ab
1813 450 1844 485 8

1053 496 1107 524 hoc
1125 501 1251 531 tempore
1263 500 1444 531 regeneretur
1462 495 1491 523 in
1514 496 1587 523 illam
1604 496 1757 524 viventium
1783 500 1842 524 ter-

1054 549 1123 574 ram,
1140 545 1170 569 et
1183 541 1239 569 illic
1265 542 1449 577 spiritualiter
1477 542 1578 576 alatur,
1608 546 1637 570 et
1660 542 1843 578 spiritualitcr

1054 588 1172 616 Domino
1187 588 1335 624 proﬁciens
1347 592 1464 621 crescat,
1491 593 1518 616 et
1533 588 1643 616 arcanis
1670 590 1846 618 vestimentis

1054 633 1178 662 caelestis
1193 634 1409 669 pulchritudinis
1420 642 1453 662 ex
1467 635 1615 663 divinitate
1630 635 1783 671 desumptis
1800 635 1845 663 in.-

1055 680 1167 714 duatur,
1183 681 1288 717 absque
1303 681 1350 709 illo
1362 682 1426 710 cibo
1442 682 1471 709 in
1487 682 1587 717 gaudio
1599 686 1628 710 et
1642 682 1734 718 quiete
1757 690 1792 710 ex
1817 691 1851 711 sc-

1056 725 1115 762 ipsa
1128 726 1222 754 vivere
1236 727 1318 762 plane
1334 735 1391 755 non
1412 732 1514 763 potest.
1542 727 1632 756 Habet
1661 728 1735 755 enim
1763 728 1849 756 etiam

1056 772 1150 800 divina
1161 778 1262 801 natura
1279 781 1379 809 panem
1391 774 1465 807 vitae,
1482 774 1529 810 qui
1543 775 1612 802 dicit
1627 784 1633 802 :
1649 774 1707 810 Ego
1724 784 1782 802 sum
1800 783 1849 810 pa-

1057 820 1097 846 m'a
1109 820 1169 847 vitm
1183 820 1216 852 ¹⁶,
1231 825 1259 848 et
1279 829 1287 847 :
1302 820 1408 856 Aquam
1421 821 1550 848 viventem
1565 821 1599 853 ‘7,
1612 825 1641 848 et
1657 830 1663 848 :
1684 821 1781 848 Vinum
1797 820 1848 848 ιω-

1059 866 1164 900 tiﬁcans
1182 875 1227 893 cor
1246 867 1360 894 hominis
1369 865 1403 899 ¹⁸,
1427 871 1456 894 et
1474 875 1481 895 :
1497 867 1590 895 Oleum
1615 867 1801 895 exsultatiom's
1814 869 1852 900 ’⁸,

1058 914 1087 938 et
1104 910 1286 945 multiplicem
1301 911 1423 939 cmlestis
1444 911 1566 947 Spiritus
1580 912 1684 946 cibum,
1711 918 1740 941 et
1762 914 1849 941 vesti-

1059 961 1152 985 menta
1168 957 1282 985 luminis
1296 957 1430 991 caelestia,
1460 966 1476 985 a
1509 958 1565 987 Deo
1581 957 1715 994 profecta.
1744 958 1774 986 ln
1804 958 1850 987 his

1058 1003 1187 1031 consistit
1202 1008 1305 1031 aeterna
1320 1003 1420 1031 animae
1430 1003 1498 1031 vita.
1511 1004 1558 1032 Vae
1572 1005 1694 1040 corpori,
1716 1004 1740 1032 si
1757 1004 1785 1032 in
1799 1012 1851 1034 sua

1060 1050 1149 1086 ipsius
1162 1056 1262 1078 natura
1278 1052 1444 1085 constiterit,
1461 1053 1526 1087 quia
1543 1052 1732 1087 corrumpitur
1747 1056 1776 1080 et
1790 1059 1851 1080 mo-

1058 1097 1140 1124 ritur.
1156 1097 1202 1125 Vae
1215 1097 1298 1125 etiam
1317 1098 1427 1130 animae,
1456 1098 1479 1126 si
1506 1098 1534 1125 in
1563 1105 1612 1126 sua
1637 1098 1724 1134 ipsius
1750 1102 1850 1126 natura

1059 1142 1203 1176 consistat,
1214 1146 1242 1171 et
1254 1143 1313 1171 suis
1327 1143 1459 1179 operibus
1473 1144 1563 1172 solum
1578 1143 1656 1177 ﬁdat,
1668 1151 1724 1171 non
1742 1144 1850 1172 habens

1058 1187 1301 1223 participationem
1316 1188 1438 1223 Spiritus
1450 1189 1550 1223 divini,
1563 1189 1628 1225 quia
1644 1190 1774 1224 moritur,
1798 1197 1852 1217 nec

1058 1234 1122 1262 vita:
1137 1238 1246 1263 aeternae
1270 1242 1303 1262 ac
1329 1234 1431 1262 divinae
1445 1235 1545 1263 idonea
1565 1240 1689 1271 putatur.
1710 1235 1850 1269 Quemad-

1058 1279 1171 1308 modum
1187 1280 1262 1308 enim
1273 1280 1391 1308 inﬁrmis
1402 1281 1514 1314 accidit,
1528 1286 1569 1315 ut,
1584 1282 1608 1310 si
1619 1290 1722 1317 corpus
1732 1282 1851 1317 amplius

1058 1325 1151 1354 cibum
1165 1333 1263 1362 capere
1277 1330 1409 1362 nequeat,
1419 1334 1530 1354 otnnem
1543 1327 1578 1355 de
1591 1335 1689 1355 eorum
1701 1327 1758 1355 vita
1773 1335 1850 1362 spem

1058 1371 1200 1408 abjiciant,
1215 1379 1367 1408 omnesque
1377 1372 1437 1400 veri
1450 1373 1542 1406 amici,
1555 1373 1663 1409 cognati
1673 1377 1758 1408 atque
1769 1372 1849 1400 fami—

1058 1417 1142 1446 liares
1156 1418 1266 1453 plorent
1282 1427 1289 1446 :
1307 1417 1348 1446 sic
1361 1417 1487 1453 deplorat
1500 1419 1574 1446 Deus
1587 1423 1616 1446 et
1639 1418 1727 1446 sancti
1757 1417 1848 1453 angeli

1059 1464 1176 1497 animas,
1196 1472 1252 1492 non
1265 1468 1410 1492 vescentes
1431 1464 1538 1493 caelesti
1563 1464 1626 1492 cibo
1645 1465 1776 1500 Spiritus,
1799 1472 1852 1493 nec

1059 1510 1089 1538 in
1106 1509 1316 1546 incorruptione
1332 1510 1469 1539 viventes.
1491 1510 1555 1539 Haec
1570 1518 1638 1538 vero
1659 1518 1756 1538 rursus
1776 1510 1852 1543 dico,

213 1563 250 1582 τα
263 1556 292 1583 δὲ
303 1556 351 1583 καὶ
367 1556 448 1584 πάλιν
460 1557 544 1594 φημὶ,
560 1559 612 1585 οὑκ
625 1559 694 1586 εἰσὶν
707 1559 801 1592 ἁπλῶς
818 1559 893 1594 λόγοι
911 1559 1008 1587 λαλού-

1061 1566 1115 1585 non
1133 1562 1198 1585 sunt
1211 1557 1295 1586 verba
1317 1557 1393 1585 nude
1420 1561 1449 1585 et
1477 1557 1643 1592 simpliciter
1667 1556 1785 1592 prolata,
1803 1556 1853 1584 sed

216 1609 303 1636 μινοι,
328 1602 386 1629 ἀλλ’
405 1602 488 1639 ἔργον
510 1605 699 1640 πνευματικῆς
725 1604 810 1640 ζωῆς,
836 1604 918 1641 ἔργον
944 1606 1012 1641 ἀλη-

215 1647 300 1682 θείας,
316 1650 357 1682 εἰς
383 1649 434 1686 τὴν
465 1650 544 1685 ἀξίαν
561 1651 608 1678 καὶ
638 1651 738 1688 πιστὴν
762 1651 850 1687 ψυχὴν
879 1651 1011 1687 γιγνόμε-

215 1703 269 1724 νον.

251 1742 302 1770 lB'.
320 1743 352 1770 Εἰ
368 1743 459 1770 τοίνυν
473 1743 567 1778 ἐγένου
583 1743 678 1780 θρόνος
693 1743 743 1771 τοῦ
761 1743 841 1776 Θεοῦ,
855 1744 902 1771 καὶ
915 1744 1012 1772 ἐπιϐέ-

218 1789 304 1825 ϐηκεν
319 1781 367 1816 ὲπἿ.
380 1790 410 1817 σὲ
426 1791 441 1818 ό
453 1789 580 1826 οὐράνιος
590 1790 708 1826 ἡνίοχος,
724 1790 771 1817 καὶ
785 1790 919 1826 ἐγένετοὴ
935 1789 1009 1827 ψυχή

218 1843 267 1862 σου
277 1835 328 1871 ὅλη
342 1835 480 1871 ὀφθαλμὸς
492 1836 691 1871 πνευματικὸς,
704 1835 752 1863 καὶ
770 1835 819 1870 ὅλη
832 1836 891 1871 φῶς
900 1843 907 1850 ’
924 1837 972 1864 καὶ
984 1838 1010 1865 εί

217 1880 339 1916 ἐτράφης
353 1881 462 1914 ἐκείνην
481 1881 531 1917 τὴν
552 1881 600 1908 τοῦ
622 1880 782 1917 Πνεύματος
800 1881 913 1918 τροφὴν,
924 1882 973 1910 καὶ
984 1883 1010 1910 εί

216 1927 365 1962 ὲποτίσθης
388 1928 421 1955 ἐκ
436 1927 484 1954 τοῦ
500 1927 602 1960 ζῶντος
616 1927 723 1960 ὕδατος,
737 1927 785 1954 καὶ
803 1928 828 1954 εί
842 1927 960 1954 ὲνεδύσω
975 1928 1010 1955 τὰ

216 1973 265 2000 τοῦ
282 1973 402 2009 ἀρρήτου
420 1973 509 2008 φωτὸς
526 1973 680 2009 ὲνδύματα’
696 1974 721 2000 εί
733 1972 837 2000 τούτων
850 1973 979 2001 ἁπάντων
995 1975 1009 2001 ὁ

218 2018 273 2046 ισω
289 2027 337 2046 σου
354 2018 497 2055 ἄνθρωπος
525 2019 554 2046 έν
576 2018 660 2055 πείρᾳ
680 2018 728 2046 καὶ
751 2018 924 2056 πληροφορίᾳ
941 2019 1009 2047 καθ-

218 2064 345 2100 έστηκεν,
365 2065 420 2092 ἰδοὺ
436 2065 486 2101 ζῇς
502 2065 549 2092 καὶ
563 2064 613 2101 τὴν
625 2065 710 2097 ὅντως
722 2065 833 2093 αἰώνιον
856 2065 939 2101 ζωὴν,
955 2066 1011 2093 ἀπὸ

218 2109 266 2138 τοῦ
280 2110 329 2138 νῦν
345 2113 416 2146 μετὰ
430 2111 476 2138 τοῦ
492 2111 597 2146 Κυρίου
617 2111 829 2147 ἁναπαυομένης
853 2111 903 2147 τῆς
920 2111 1011 2148 ψυχῆς

220 2166 278 2185 σου.
299 2158 366 2185 Ἰδοὺ
392 2158 527 2193 κέκτησαι
549 2158 597 2184 καὶ
622 2157 720 2189 ἔλαϐες
744 2157 831 2185 ταῦτα
857 2157 935 2193 παρὰ
962 2158 1010 2184 τοῦ

220 2203 324 2238 Κυρίου
352 2204 381 2229 ὲν
399 2203 514 2239 ἀληθείᾳ
539 2203 583 2230 ἵνα
605 2202 655 2239 ζῇς
674 2203 747 2238 ζωὴν
764 2203 907 2239 ἀληθινήν.
925 2203 1010 2238 Ει,δὲ

1065 1612 1136 1639 opus
1149 1604 1211 1632 vita:
1234 1603 1397 1638 spiritualis,
1425 1610 1496 1638 opus
1512 1610 1622 1635 verum.
1636 1601 1713 1638 quod
1735 1601 1855 1631 eﬁicitur

1063 1648 1093 1677 in
1108 1651 1201 1678 anima
1212 1649 1295 1686 digna
1307 1653 1336 1677 et
1353 1648 1438 1677 ﬁdeli.

1099 1739 1158 1767 ΧΠ.
1180 1738 1209 1767 Si
1227 1738 1311 1775 igitur
1326 1739 1447 1767 thronus
1461 1738 1511 1766 Dei
1527 1737 1644 1766 eﬂ'eetus
1665 1745 1707 1771 es,
1731 1741 1761 1766 et
1783 1737 1861 1766 iussa

1064 1786 1139 1816 derit
1150 1786 1179 1813 in
1194 1790 1220 1814 te
1234 1785 1355 1814 caelestis
1366 1785 1473 1821 auriga,
1486 1789 1515 1813 et
1525 1785 1619 1815 anima
1632 1789 1679 1813 tua
1689 1788 1746 1813 tota
1758 1785 1857 1813 oculus

1065 1832 1229 1869 spiritualis,
1245 1837 1274 1860 et
1288 1837 1345 1860 tota
1357 1832 1452 1860 lumen
1467 1831 1567 1860 eﬂ‘ecta
1594 1836 1638 1860 est
1661 1840 1668 1858 :
1698 1831 1721 1861 si
1745 1838 1858 1866 quoque

1065 1877 1172 1906 caelesti
1187 1877 1235 1905 illo
1249 1877 1371 1913 Spiritus
1386 1876 1450 1905 cibo
1466 1876 1611 1904 enutritus
1619 1883 1661 1908 es,
1682 1880 1711 1904 et
1734 1883 1768 1903 ex
1785 1883 1855 1911 aqua

1064 1924 1130 1951 vitae
1145 1923 1253 1955 bibisti,
1268 1927 1352 1958 atque
1367 1922 1534 1951 vestimenta
1549 1921 1645 1949 arcani
1672 1920 1787 1949 luminis
1812 1920 1856 1948 in-

1065 1969 1150 1997 duisti
1170 1978 1177 1996 :
1194 1968 1216 1997 si
1229 1969 1350 2004 denique
1365 1973 1431 1996 tuus
1445 1967 1563 1996 interior
1579 1967 1664 1996 homo
1683 1968 1742 1996 hzec
1763 1967 1858 1995 omnia

1064 2019 1198 2051 expertus
1213 2022 1245 2042 ac
1263 2014 1293 2042 in
1317 2014 1382 2042 ﬁdei
1413 2013 1583 2045 abundantia
1608 2014 1777 2042 constitutus
1803 2019 1857 2047 est,

1065 2067 1131 2088 ecce
1141 2059 1213 2087 vivis
1226 2059 1311 2087 vitam
1321 2067 1419 2088 revera
1434 2063 1576 2092 atternam,
1591 2059 1785 2094 requiescente
1795 2059 1840 2087 ani
1848 2074 1857 2081 -

1066 2114 1111 2134 ma
1127 2110 1174 2133 tua
1187 2106 1222 2133 ab
1234 2106 1288 2133 hoc
1301 2110 1442 2134 momento
1459 2113 1522 2133 cum
1535 2105 1663 2133 Domino.
1684 2105 1727 2134 En
1741 2105 1859 2141 adeptus

1065 2160 1097 2180 es
1108 2156 1137 2180 et
1150 2151 1280 2187 accepisti
1296 2151 1355 2180 haec
1368 2159 1384 2179 a
1398 2151 1517 2179 Domino
1533 2151 1562 2179 in
1577 2151 1706 2184 veritate,
1730 2155 1761 2179 ut
1772 2151 1859 2179 vitam

1066 2207 1160 2227 veram
1173 2198 1260 2226 vivas.
1277 2198 1306 2226 Si
1319 2205 1387 2226 vero
1402 2197 1472 2225 nihil
1490 2197 1590 2226 borum
1603 2197 1653 2225 tibi
1670 2198 1801 2225 conscius
1816 2205 1858 2230 es,

221 2249 305 2285 μηδὲν
318 2249 421 2276 τούτων
434 2249 558 2282 σύνοιδας
571 2248 689 2285 σεαυτῷ,
702 2249 779 2276 κλαῖε
797 2249 844 2276 καὶ
858 2248 945 2275 λυποῦ
961 2248 1008 2275 καὶ

1065 2245 1154 2281 plora,
1182 2244 1348 2272 contristare
1372 2252 1405 2272 ac
1423 2251 1513 2280 geme,
1536 2243 1611 2279 quod
1635 2248 1804 2272 teternarum
1826 2251 1861 2271 ac

220 2296 327 2332 ὀδύρου,
347 2296 389 2323 δτι
407 2296 455 2323 τοῦ
480 2295 591 2323 αἰωνίου
614 2295 662 2322 καὶ
684 2294 872 2330 πνευματικοῷ
888 2295 1012 2322 πλούτου

221 2342 314 2378 ἀκμὴν
341 2342 449 2370 οὐδέπω
473 2341 637 2377 τετύχηκας,
671 2341 718 2369 καὶ
750 2341 801 2377 τὴν
826 2341 911 2374 ὅντως
939 2341 1013 2377 ζωὴν

222 2388 314 2424 ἀκμὴν
330 2388 437 2416 οὐδέπω
452 2386 546 2420 ἐδέξω.
565 2387 649 2415 Πόνον
663 2387 710 2415 οὖν
732 2386 778 2422 ἔχε
792 2387 857 2423 περὶ
873 2389 923 2423 τῆς
936 2397 1013 2415 πτω-

222 2435 299 2470 χείας
313 2443 372 2468 σου,
394 2434 522 2469 δεόμενος
538 2433 586 2461 τοῦ
603 2434 707 2468 Κυρίου
723 2433 819 2463 νυκτὸς
833 2433 880 2460 καὶ
895 2433 1012 2469 ἡμέρας,

223 2481 264 2507 ὅτι
290 2481 330 2512 είς
354 2481 405 2516 τὴν
426 2480 516 2516 δεινὴν
533 2480 630 2508 πενίαν
649 2481 698 2515 τῆς
717 2479 856 2515 ἁμαρτίας
880 2479 1011 2515 ἕστηκας.

224 2527 287 2554 Em;
303 2527 333 2554 δὲ
351 2527 403 2554 κᾶν
429 2527 509 2555 πόνον
535 2535 578 2559 τις
602 2526 746 2561 ἐκέκτητο,
769 2526 814 2553 διὰ
837 2525 888 2561 τὴν
915 2526 1015 2553 ἑαυτοῦ

222 2574 376 2609 πτωχείαν·
389 2573 420 2600 τδ
431 2574 469 2610 μὴ
483 2573 579 2609 ὥσπερ
595 2571 790 2607 κεκορεσμένοι
807 2572 837 2599 ὲν
864 2571 1018 2607 ἁμεριμνίςι

222 2621 363 2656 διήγομεν,
380 2621 421 2664 ﬁt
433 2622 448 2648 ὸ
462 2620 543 2648 πόνον
556 2620 638 2655 έχων,
651 2620 699 2646 καὶ
710 2618 800 2654 ζητῶν
812 2618 859 2646 καὶ
874 2618 959 2646 αίτῶν
973 2617 1019 2645 τὸν

223 2667 325 2703 Κύριον
335 2667 526 2698 ἀδιαλείπτως,
538 2666 642 2701 ταχέως
652 2665 777 2698 τεύξεται
791 2665 842 2700 τῆς
858 2663 1018 2700 ἀπολυτρώ-

225 2722 306 2746 σεως,
320 2714 368 2741 καὶ
383 2713 430 2741 τοῦ
445 2713 608 2749 ἐπουρανίου
632 2712 761 2744 πλούτου,
778 2712 871 2744 καθὼς
882 2712 896 2738 ό
911 2711 1014 2747 Κύριος

225 2760 314 2795 ἔλεγε,
327 2760 391 2796 περὶ
406 2760 454 2787 τοῦ
468 2759 561 2787 ἀδίκου
577 2758 671 2795 κριτοῦ
688 2758 736 2786 καὶ
749 2758 798 2794 τῆς
811 2758 900 2794 χήρας
914 2757 1016 2792 διεξερ-

226 2805 340 2842 χόμενος
353 2806 400 2833 τὸν
415 2806 494 2840 λόγον
505 2814 512 2822 ·
529 2805 618 2838 Πόσῳ
639 2804 761 2840 μᾶλλον
774 2805 791 2831 ό
807 2803 880 2837 Θεὸς
896 2802 1017 2836 ποιήσει

1065 2292 1253 2328 spiritualium
1274 2291 1437 2319 divitiarum
1460 2290 1600 2326 particeps
1625 2289 1717 2317 factus
1736 2288 1860 2316 nondum

1063 2347 1105 2372 es,
1127 2343 1157 2366 et
1181 2345 1276 2366 veram
1298 2337 1384 2365 vitam
1410 2336 1536 2364 nondum
1551 2335 1693 2370 accepisti.
1718 2334 1863 2363 Sollicitus

1065 2392 1131 2421 ergo
1145 2388 1205 2412 esto
1219 2384 1253 2412 de
1269 2383 1363 2419 inopia
1378 2386 1437 2417 tua,
1452 2382 1613 2418 supplicans
1628 2381 1746 2409 Domino
1764 2384 1863 2409 noctes

1065 2436 1093 2459 et
1107 2431 1179 2463 dies,
1199 2438 1234 2458 eo
1248 2430 1323 2465 quod
1347 2429 1376 2457 in
1401 2429 1477 2466 gravi
1508 2432 1673 2464 paupertate
1694 2427 1800 2462 peccati
1828 2434 1863 2455 es

1066 2477 1244 2505 constitutus.
1258 2476 1370 2505 Utinam
1386 2483 1453 2506 vero
1467 2475 1505 2502 sit
1518 2474 1619 2510 aliquis
1632 2473 1680 2508 qui
1693 2473 1728 2501 de
1740 2472 1861 2508 penuria

1066 2530 1117 2551 sua
1132 2522 1231 2550 anxius
1244 2522 1299 2549 sitl
1316 2526 1345 2550 et
1361 2529 1419 2549 non
1435 2521 1511 2550 velut
1531 2519 1650 2548 saturati
1667 2518 1695 2546 in
1709 2518 1860 2547 securitate

1067 2568 1210 2596 vivamus!
1236 2567 1301 2603 quia
1323 2566 1371 2602 qui
1400 2566 1526 2594 laborem
1560 2564 1697 2601 ejusmodi
1730 2563 1861 2596 sustinet,

1068 2613 1168 2650 quaerit
1192 2618 1221 2641 et
1245 2612 1435 2641 indesinenter
1458 2610 1605 2639 Dominum
1628 2609 1773 2640 obsecrat,
1798 2615 1863 2636 mox

1069 2663 1256 2695 consequetur
1279 2657 1502 2693 redemptionem
1526 2664 1558 2684 ac
1580 2656 1706 2684 caelestes
1731 2654 1861 2687 divitias,

1070 2705 1304 2743 quemadmodum
1324 2703 1457 2732 Dominus
1471 2703 1557 2736 dixit,
1580 2701 1615 2730 de
1639 2701 1741 2737 injusto
1765 2699 1862 2735 judico

1070 2758 1099 2782 et
1111 2753 1195 2781 vidua
1213 2759 1371 2780 sermonem
1390 2750 1497 2778 habens
1520 2758 1526 2776 :
1548 2748 1654 2782 Quanto
1681 2747 1764 2782 magis
1791 2745 1862 2773 Deus

1073 2800 1215 2828 vindictam
1243 2798 1320 2833 faciet
1342 2796 1518 2825 clamantium
1538 2795 1573 2822 ad
1603 2803 1630 2823 se
1652 2799 1725 2822 nocte
1747 2796 1773 2821 et
1796 2790 1863 2819 die?

265 2898 378 2928 "Joan.
403 2906 439 2932 vr,
458 2898 502 2926 55.
542 2896 763 2932 "Joan.tv,10.
802 2894 907 2924 1aPsal.
923 2902 977 2928 CIV,
1003 2893 1045 2922 l5.
1082 2893 1104 2910 "
1127 2892 1200 2921 Psal.
1224 2899 1286 2925 xtv,
1311 2891 1334 2919 8.
