2064 3152
213 133 267 167 463

841 138 871 169 S.‘
891 137 1052 168 MACARII
1072 136 1235 168 IEGYPTII

1789 130 1844 164 ια

213 199 282 222 certe
293 194 351 222 dico
360 194 443 227 vobis,
454 196 518 230 quia
528 195 580 222 cito
598 194 676 230 faciet
691 194 834 223 vindictam
847 195 958 223 illorum
967 195 1000 221 ‘°.

1054 194 1112 229 τὴν
1132 195 1291 228 ἐκδίκησιν
1309 192 1370 220 τῶν
1376 191 1521 226 ,Βοώντων
1535 191 1611 226 πρὸς
1626 189 1721 218 αὐτὸν
1731 191 1844 225 νυκτὸς

212 241 264 269 Cui
276 240 363 277 gloria
373 245 402 269 et
416 241 540 276 potentia
554 241 582 268 in
593 242 704 269 saecula.
723 243 821 270 Amen.

511 389 655 419 HOMILIA
675 391 708 419 ll.

213 434 253 463 De
276 443 358 472 regno
386 436 565 466 tenebrarum,
584 437 631 464 hoc
648 442 696 469 est,
712 442 819 472 peccato
838 446 848 465 :
875 442 901 464 et
917 437 1001 465 Deum

247 471 334 507 solum
348 479 424 506 pone
437 481 453 499 a
466 472 538 499 nobis
554 476 691 506 peccatum
706 471 823 507 auferre,
845 481 876 500 nc
901 481 948 500 nos
967 473 1002 500 li-

248 505 354 533 berare
364 515 379 534 ε
400 507 462 543 iugo
475 505 608 535 servitutis
622 505 749 543 principis
765 508 930 544 nequissimi.

249 631 268 659 l.
288 631 415 667 Regnum
433 631 624 665 tenebrarum,
640 631 795 660 malitiosus
805 633 938 661 nimirum
955 634 1001 662 ille

213 676 352 711 princeps.
377 677 489 705 homine
515 677 549 704 ab
572 678 651 707 initio
677 679 787 715 captivo
814 678 934 712 reddito,
961 681 1002 708 sic

213 721 398 750 circumdedit
418 728 447 751 et
463 723 554 751 induit
570 725 690 753 animam
715 731 844 761 tanquam
861 726 1001 755 hominem

215 772 350 803 potestate
372 769 550 797 tenebrarum
571 779 578 798 :
598 770 633 798 Et
649 777 738 799 creent
760 781 819 800 eum
840 781 949 808 regem,
977 779 1004 800 et

213 815 327 842 induant
343 824 403 843 eum
415 817 527 845 vestibus
541 817 684 853 regalibus,
696 823 720 845 et
736 827 751 846 a
763 819 849 855 rapite
859 820 894 846 ad
905 829 1003 856 ungues

1052 241 1102 268 καὶ
1130 240 1253 275 ἡμέρας·
1266 240 1317 267 ναι
1340 239 1429 275 λέγω.
1460 238 1583 273 ποιήσει
1600 236 1659 271 τὴν
1684 235 1844 270 ἐκδίκησιν

1052 286 1151 316 αὐτῶν
1172 287 1208 314 ἐν
1219 286 1303 321 τάχει
1318 295 1326 303 ·
1341 283 1363 320 ᾧ
1374 287 1391 321 ἡ
1403 285 1468 319 δόξα
1482 285 1531 312 καὶ
1548 284 1580 312 τὸ
1591 283 1693 321 κράτος
1715 283 1756 315 τις
1779 283 1842 317 τοὺς

1052 333 1164 364 αίῶνας.
1180 332 1277 367 Ἀμήν.

1358 386 1479 417 OMIMA
1501 387 1541 415 Β.

1053 437 1122 470 Περὶ
1138 436 1193 471 τῆς
1202 437 1364 470 ,βασιλείας
1375 435 1429 463 τοῦ
1444 435 1587 471 σκότους,
1604 432 1684 471 tofi}:
1698 432 1774 464 ἐστι,
1787 431 1842 471 τῆς

1088 468 1233 506 ἂμιιρῖίὰς
1244 480 1252 488 ·
1282 472 1331 499 καὶ
1352 468 1402 498 ’ὅτι
1418 472 1512 505 μόνος
1526 471 1543 506 d
1562 469 1635 502 Θεὸς
1649 468 1774 506 δύκαται
1798 468 1844 506 ql-

1087 503 1154 544 ρὲιῇ
1172 503 1323 544 ἀφ”ἣλῄης
1346 503 1591 544 τὴνξάμαρξίαν,
1614 503 1664 530 καὶ
1687 504 1843 544 ῥύσασθαι

1089 517 1154 542 ρειν
1172 517 1191 535 a
1237 517 1323 541 ημων
1346 517 1404 540 την
1432 517 1591 540 aptantur,
1614 517 1664 530 mu
1687 517 1843 544 puuguuut

1089 517 1218 583 ἡμᾶς-ἐζ
1240 541 1297 577 τῆς
1309 541 1450 574 δουλείας
1465 539 1519 568 τοῦ
1540 539 1688 574 ἄρχοντος
1710 547 1764 566 του
1790 546 1843 566 πο-

1088 586 1194 612 γηρου.

1088 634 1129 662 Α’.
1149 634 1182 663 Ἦ
1198 633 1320 670 βασιλεία
1334 632 1382 660 τοῦ
1409 631 1533 665 σκότους,
1563 631 1578 658 6
1603 629 1721 666 πονηρὸς
1737 629 1843 665 ἄρχων,

1054 680 1283 717 αίχμαλωτεύσας
1296 680 1342 707 τὸν
1356 679 1500 715 ἄνθρωπον
1522 677 1662 712 ἀπαρχῆς,
1681 676 1751 704 οὕτω
1765 684 1844 712 περι-

1054 729 1136 764 έθηκε
1147 728 1195 756 καὶ
1210 727 1316 755 ἐνέδυσε
1334 727 1383 763 τὴν
1397 726 1485 762 ψυχὴν
1496 726 1525 752 ὲν
1540 726 1573 761 τῇ
1586 724 1695 761 ἐξουσίᾳ
1711 723 1758 751 τοῦ
1778 723 1842 750 σκό-

1053 784 1117 808 τους
1133 774 1233 802 ὡσανεὶ
1243 773 1398 809 ἄνθρωπον·
1416 773 1471 800 Καὶ
1480 769 1844 804 ποιήσωσιναύτὸνβασι-

1054 821 1119 852 λέα,
1137 820 1187 848 καὶ
1210 819 1383 847 ἑνδύσωσιν
1409 818 1503 846 αὐτὸν
1517 817 1670 851 ἐνδύματα
1682 815 1842 849 βασιλικὰ,

214 860 317 896 regalia
346 862 415 896 ferat
436 863 600 891 vestimenta.
631 863 670 892 Ita
699 864 835 898 animam,
860 872 892 892 ac
918 869 1001 893 totum

1055 868 1105 894 καὶ
1133 866 1192 894 ἀπὸ
1219 865 1354 900 κεφαλῆς
1368 864 1423 898 ἕως
1446 864 1564 898 ὀνύχων
1573 862 1651 895 βασι
1661 862 1728 889 ληιά
1752 860 1842 896 φορῇ.

214 908 275 943 ejus
291 907 476 936 substantiam
489 915 605 945 peccato
621 910 711 938 induit
726 919 844 946 nequam
867 911 913 939 ille
930 912 1006 947 prin-

215 961 290 989 ceps.
305 958 390 982 totam
410 956 577 990 inquinavit,
599 961 627 984 et
650 961 734 984 totam
761 957 897 993 captivam
928 958 956 986 in
977 958 1006 994 9

215 1007 331 1035 regnum
358 1009 438 1029 suum
463 1002 594 1033 abduxit.
624 1011 676 1030 nec
691 1003 805 1038 reliquit
830 1004 915 1031 ullum
945 1005 1005 1040 ejus

214 1047 370 1075 membrum
390 1055 405 1075 a
427 1056 456 1076 se
484 1048 613 1081 liberum,
643 1057 698 1076 non
724 1051 924 1085 cogitationes,
949 1059 1004 1079 non

215 1096 347 1125 mentem,
367 1101 422 1121 non
443 1101 555 1129 corpus,
578 1095 626 1122 sed
649 1095 772 1122 amicivit
795 1104 856 1124 eam
881 1105 1003 1132 purpura

215 1138 406 1166 tenebrarum.
425 1138 664 1173 Quemadmodum
694 1141 768 1168 enim
794 1143 920 1177 corporis
947 1150 1003 1171 non

216 1191 270 1211 una
287 1191 361 1219 pars.
376 1189 424 1212 aut
441 1193 526 1213 unum
549 1187 705 1215 membrum
722 1188 838 1223 patitur,
851 1189 899 1217 sed
915 1194 1003 1218 totum

215 1230 328 1257 omnino
339 1231 462 1266 passioni
479 1231 629 1260 obnoxium
644 1238 687 1261 est
707 1243 713 1261 :
730 1234 770 1261 sic
787 1239 816 1262 et
837 1239 894 1263 tota
910 1236 1003 1264 anima

214 1275 410 1304 all‘ectionibus
423 1277 535 1305 malitiae
545 1282 573 1306 et
582 1278 699 1313 peccati.
712 1279 805 1307 Induit
819 1280 904 1316 igitur
917 1286 1002 1309 totam

214 1321 346 1354 animam,
358 1323 529 1358 praacipnum
540 1324 661 1352 hominis
673 1325 828 1354 membrum
840 1335 872 1354 ac
883 1333 1001 1362 partem,

215 1367 358 1402 improbus
381 1369 426 1396 ille
452 1370 557 1398 malitia
583 1378 643 1403 sua,
663 1371 716 1398 hoc
742 1377 795 1404 est,
818 1378 932 1408 peccato
950 1383 957 1402 :
974 1379 1003 1402 et

214 1412 256 1440 sic
276 1420 377 1449 corpus
391 1415 512 1449 passioni
528 1423 560 1444 ae
573 1417 745 1452 corruptioni
762 1418 917 1454 subjectum
929 1424 983 1448 est.

249 1499 283 1528 ll.
303 1500 372 1529 Cum
387 1501 461 1529 enim
482 1502 631 1537 Apostolus
656 1503 725 1532 dicit
741 1513 748 1531 :
765 1504 863 1534 Exuite
881 1501 1000 1536 'vetcrem

1055 913 1149 944 Οὕτως
1170 912 1220 948 τὴν
1237 912 1337 948 ψυχὴν,
1353 911 1401 938 καὶ
1423 910 1488 946 ὃλην
1504 909 1554 945 τὴν
1575 908 1726 936 ὑπόστασιν
1753 907 1841 942 αὐτῆς

1056 959 1162 986 ἐνέδυσε
1176 959 1227 993 τὴν
1241 957 1380 994 ἁμαρτίαν
1399 958 1413 984 6
1434 956 1526 992 ἄρχων
1539 955 1553 982 6
1564 955 1694 990 πονηρὸς,
1711 953 1758 980 καὶ
1777 953 1843 988 ὅλην

1055 1005 1162 1042 ἐμίανε,
1182 1005 1229 1032 καὶ
1249 1005 1314 1041 ὅλην
1339 1002 1553 1040 ᾐχμαλώτευσεν
1575 1002 1614 1034 εἰς
1635 1001 1685 1036 τὴν
1701 999 1841 1036 βασιλείαν

1054 1052 1147 1082 αὑτοῦ.
1168 1053 1215 1079 καὶ
1227 1052 1278 1079 οὐκ
1291 1050 1398 1086 ἀφῆκεν
1414 1048 1477 1077 οὔτε
1492 1048 1521 1075 ἓν
1538 1047 1620 1083 μέλος
1635 1047 1720 1082 αὐτῆς
1735 1045 1842 1073 ἐλεύθε-

1056 1109 1102 1136 ρον
1115 1099 1162 1127 ἀπ’
1176 1098 1270 1131 αὐτοῦ,
1281 1099 1312 1125 οὐ
1330 1096 1488 1132 λογισμοὺς,
1503 1096 1533 1122 οὒ
1550 1094 1621 1126 νοῦν,
1639 1094 1668 1121 οὗ
1681 1094 1770 1130 σῶμα,
1784 1093 1841 1120 ἀλλ’

1054 1146 1178 1173 ἐνέδυσεν
1194 1145 1280 1180 αὐτὴν
1295 1143 1450 1180 πορφυρίδα
1465 1142 1510 1168 τοῦ
1526 1141 1650 1172 σκότους.
1667 1140 1774 1174 Ὥσπερ
1786 1139 1842 1175 γὰρ

1053 1192 1084 1218 τὸ
1101 1191 1180 1227 σῶμα
1195 1190 1256 1226 οὐχὶ
1276 1190 1305 1217 ἓν
1328 1190 1421 1225 μέρος,
1435 1189 1451 1224 ἦ
1467 1188 1558 1224 μέλος,
1580 1187 1691 1222 πάσχει,
1708 1185 1765 1213 ἀλλ’
1782 1185 1842 1213 ὅλον

1053 1239 1084 1271 ἐξ
1103 1238 1164 1264 ὅλου
1178 1237 1300 1273 παθητόν
1311 1242 1387 1264 εστιν
1396 1243 1403 1250 ·
1419 1234 1506 1267 οὕτως
1519 1234 1568 1262 καὶ
1579 1235 1597 1269 ἡ
1610 1233 1684 1269 ψυχὴ
1695 1233 1742 1268 ὅλη
1759 1232 1844 1259 ἔπαθε

1052 1285 1088 1312 τὰ
1099 1285 1149 1320 τῆς
1160 1283 1259 1315 κακίας
1271 1282 1342 1318 πάθη
1357 1283 1404 1309 καὶ
1420 1280 1568 1317 ἁμαρτίας.
1586 1280 1725 1307 Ἐνὲδυσεν
1736 1278 1782 1305 οὖν
1794 1278 1844 1314 τὴν

1053 1330 1141 1366 ψυχὴν
1156 1330 1231 1364 ὃλην.
1249 1329 1280 1356 τὸ
1294 1328 1444 1363 ἀναγκαῖον
1459 1326 1507 1353 τοῦ
1521 1325 1666 1361 ἀνθρώπου
1688 1325 1769 1360 μέλος
1794 1325 1842 1351 καὶ

1055 1378 1136 1413 μέρος
1155 1377 1170 1403 6
1191 1375 1308 1411 πονηρός
1322 1375 1372 1410 τὴν
1387 1373 1486 1401 κακίαν
1500 1372 1595 1405 αὐτοῦ,
1611 1371 1685 1399 τοῦτ’
1701 1371 1770 1403 ἐστι,
1788 1370 1839 1406 τὴν

1053 1419 1201 1456 ἁμαρτίαν,
1216 1419 1264 1446 καὶ
1280 1418 1367 1450 οὕτως
1381 1418 1412 1445 τὸ
1427 1417 1507 1452 σῶμα
1522 1417 1643 1452 παθητὸν
1655 1416 1702 1444 καὶ
1719 1415 1841 1452 φθαρτὸν

1053 1465 1170 1500 ἐγένετο.

1088 1510 1126 1538 Β’.
1142 1510 1227 1536 Ὅταν
1253 1508 1307 1543 γὰρ
1331 1507 1399 1544 λέγῃ
1417 1507 1432 1534 6
1452 1507 1615 1539 Ἀπόστολος
1626 1514 1635 1523 ·
1651 1505 1844 1534 Ἐκδύσασθε

214 1547 345 1574 hominem
356 1548 390 1580 ",
405 1548 542 1583 integrum
560 1549 638 1582 dicit,
662 1549 810 1579 habentem
825 1553 921 1581 oculos
945 1555 1001 1583 suis

1053 1554 1107 1581 τὸν
1123 1554 1255 1582 παλαιὸν
1280 1553 1449 1587 ἄνθρωπον,
1467 1552 1570 1579 τέλειον
1582 1552 1668 1587 λέγει,
1684 1551 1839 1586 ὀφθαλμοὺς

214 1592 304 1620 oculis
318 1593 450 1628 adjectos.
464 1599 547 1629 caput
559 1595 653 1630 capiti,
667 1604 750 1624 aures
762 1598 887 1632 auribus,
902 1608 1002 1630 manus

215 1637 355 1670 manibus,
379 1638 464 1673 pedes
487 1639 614 1674 pedibus.
638 1641 738 1669 Totum
755 1644 829 1672 enim
850 1645 1001 1681 hominem,

213 1682 334 1710 animam
344 1688 373 1711 et
382 1691 493 1719 corpus,
506 1685 648 1720 improbus
658 1687 704 1715 ille
715 1689 813 1723 polluit
825 1695 854 1718 et
863 1691 1002 1727 distraxit,

214 1729 356 1765 subiitque
377 1730 528 1765 hominem,
543 1738 665 1762 veterem
684 1735 835 1770 hominem,
854 1739 1001 1774 pollutum,

214 1775 355 1811 impurum
377 1781 460 1813 atque
479 1778 528 1806 Dei
552 1779 670 1814 hostem,
698 1790 753 1810 non
776 1784 930 1820 subjectum
949 1787 1003 1823 legi

213 1822 274 1854 Dei,
288 1821 342 1850 hoc
357 1827 410 1856 est,
426 1824 516 1859 ipsum
533 1831 689 1861 peceatum,
706 1827 742 1855 ita
761 1834 791 1856 ut
805 1831 925 1866 amplius
945 1821 1001 1861 non

212 1868 306 1896 videat
330 1869 414 1897 homo
442 1878 492 1905 pro
518 1871 608 1899 lubitu
638 1880 700 1905 suo.
726 1875 775 1902 sed
799 1880 830 1903 ut
856 1885 1002 1914 perperam

212 1914 316 1948 videat,
331 1923 475 1952 perperam
492 1917 596 1952 audiat,
615 1924 644 1947 et
659 1921 744 1955 pedes
758 1921 859 1951 habeat
882 1925 916 1955 ad
936 1934 1001 1961 per-

212 1962 376 1996 petrandum
394 1962 502 1991 facinus
525 1965 753 2000 aceelerantes",
777 1976 810 1996 ae
825 1977 924 1998 manus
947 1972 1001 1999 ini-

212 2006 347 2041 quitatem
371 2014 529 2044 operantes,
551 2015 579 2038 et
598 2018 646 2040 cor
667 2014 791 2049 cogitans
812 2016 893 2044 mala.
912 2017 999 2047 Obse-

212 2060 322 2080 cremus
335 2053 419 2088 igitur
438 2059 468 2082 et
490 2063 542 2083 nos
563 2057 662 2090 Deum,
676 2063 707 2085 ut
721 2065 805 2088 exuat
819 2069 870 2089 nos
887 2062 1000 2093 homine

212 2097 311 2130 veteri,
326 2099 392 2133 quia
408 2099 467 2134 ipse
481 2101 556 2129 solus
567 2111 582 2129 ει
598 2103 678 2131 nobis
695 2105 803 2133 auferre
820 2113 911 2142 potest
934 2118 1001 2145 pec-

211 2146 304 2170 catum
317 2152 323 2170 :
336 2145 401 2179 quia
414 2145 542 2174 fortiores
553 2153 627 2180 sunt.
639 2149 686 2184 qui
697 2158 748 2178 nos
768 2154 894 2187 captivos
912 2155 1000 2184 abdu-

211 2192 321 2221 xerunt,
332 2193 360 2216 et
372 2190 400 2217 in
411 2199 496 2226 regno
506 2200 557 2220 suo
568 2193 705 2222 detinent.
725 2196 786 2231 Ipse
797 2206 863 2226 vero
873 2202 1001 2235 promisit

1055 1599 1152 1635 ἔχοντα
1175 1598 1244 1634 πρὸς
1273 1597 1441 1634 ὀφθαλμοὺς,
1468 1597 1590 1633 κεφαλὴν
1615 1597 1684 1633 πρὸς
1709 1596 1843 1631 κεφαλὴν,

1054 1641 1111 1671 ὦτα
1129 1643 1197 1679 πρὸς
1212 1640 1280 1674 ὦτα,
1296 1643 1391 1678 χεῖρας
1405 1642 1474 1678 πρὸς
1487 1643 1592 1677 χεῖρας,
1609 1641 1692 1674 πόδας
1706 1641 1775 1677 πρὸς
1793 1641 1844 1668 τιὸ-

1053 1691 1111 1723 δας.
1129 1690 1209 1717 Ὅλον
1235 1689 1289 1725 γὰρ
1313 1689 1360 1715 τὸν
1389 1688 1533 1724 ἄνθρωπον
1561 1687 1651 1723 ψυχὴν
1675 1688 1725 1714 καὶ
1760 1686 1843 1720 σῶμα

1058 1736 1171 1772 ἐμίανεν
1191 1736 1205 1762 6
1221 1735 1349 1771 πονηρὸς,
1365 1735 1412 1762 καὶ
1428 1734 1595 1766 κατέσπασε,
1615 1733 1661 1760 καὶ
1675 1733 1782 1761 ἐνέδυσε
1796 1733 1843 1759 τὸν

1055 1782 1209 1818 ἄνθρωπον,
1231 1781 1345 1808 παλαιὸν
1370 1780 1525 1816 ἄνθρωπον,
1551 1779 1599 1807 καὶ
1631 1778 1738 1816 μιαρὸν,
1773 1779 1844 1806 ἀκά-

1055 1828 1166 1864 θειρτον⁹
1183 1828 1231 1854 καὶ
1256 1826 1401 1862 θεομάχον,
1418 1825 1466 1852 καὶ.
1494 1825 1532 1860 μὴ
1563 1824 1786 1859 ὑποτασσόμενον
1803 1822 1844 1858 τῷ

1055 1875 1129 1909 νόμῳ
1155 1873 1203 1900 τοῦ
1230 1872 1309 1904 Θεοῦ,
1338 1871 1423 1906 αὐτὴν
1448 1871 1498 1907 τὴν
1517 1871 1666 1906 ἁμαρτίαν,
1684 1870 1728 1897 ἵνα
1743 1869 1844 1905 μηκέτι

1055 1921 1152 1957 βλέπῃ,
1177 1920 1215 1952 ὡς
1238 1919 1309 1946 Θέλει
1338 1920 1352 1946 6
1380 1918 1533 1954 ἄνθρωπος,
1560 1917 1619 1943 ἀλλ’
1640 1917 1685 1944 ἵνα
1715 1916 1843 1951 πονηρῶς

1053 1967 1115 2001 ὁρᾷ,
1130 1965 1177 1992 καὶ
1191 1965 1318 2000 πονηρῶς
1330 1964 1428 2001 ἀκούῃ,
1449 1964 1496 1990 καὶ
1512 1963 1596 1995 πόδας
1606 1963 1656 1999 ἔχῃ
1675 1963 1843 1994 σπεύδοντας

1054 2011 1101 2038 ἐπὶ
1118 2009 1291 2042 κακοποιίαν,
1309 2009 1356 2036 καὶ
1382 2009 1478 2043 χεῖρας
1503 2006 1692 2043 ἐργαζομένοις
1716 2005 1842 2041 ἀνομίαν,

1053 2057 1100 2084 καὶ
1119 2055 1233 2092 καρδίαν
1252 2054 1359 2090 πονηρὰ
1379 2052 1614 2088 διαλογιζομένην.
1640 2051 1844 2088 Παρακαλέσω-

1054 2111 1104 2137 μεν
1125 2101 1171 2128 οὖν
1197 2101 1245 2128 καὶ
1263 2101 1345 2135 ἡμεῖς
1370 2099 1415 2126 τὴν
1431 2099 1508 2131 Θεὸν,
1521 2099 1565 2126 ἵνα
1583 2098 1685 2135 usus“
1708 2097 1784 2132 ἡμᾶς
1797 2097 1843 2124 τὸν

1052 2148 1167 2175 παλαιὸν
1181 2146 1335 2183 ἄνθρωπον,
1358 2147 1399 2174 ὅτι
1415 2146 1497 2177 αὐτὸς
1518 2145 1599 2181 μόνος
1614 2143 1680 2180 ἆραι
1700 2144 1746 2177 ἀφ’
1761 2143 1841 2179 ἡμῶν

1052 2194 1103 2230 τὴν
1120 2193 1261 2229 ἁμαρτίαν
1275 2193 1405 2220 δύναται·
1424 2194 1466 2220 ὃτι
1485 2192 1654 2228 ἰσχυρότεροι
1676 2191 1754 2227 ήμῶν
1774 2191 1843 2217 εἰσιν

210 2242 241 2261 se
253 2234 434 2264 liberaturum
449 2245 501 2265 nos
519 2246 552 2266 ex
576 2240 711 2269 servitute
725 2242 787 2271 hae.
815 2234 999 2278 Quemadmo—

1053 2240 1363 2276 οἱαίχμαλωτεύσαντες
1384 2241 1470 2276 ἡμᾶς1
1494 2239 1541 2266 καὶ
1571 2238 1732 2274 κατέχοντες
1754 2239 1783 2265 ὲν
1807 2238 1841 2273 τῇ

209 2280 276 2307 dum
294 2281 370 2309 enim
393 2283 433 2310 sol
462 2291 525 2311 cum
551 2285 635 2318 lucet,
661 2292 691 2315 et
712 2293 811 2318 ventus
833 2292 935 2327 spirat,
958 2295 999 2322 sol

209 2326 321 2361 quidem
349 2330 492 2365 proprium
520 2339 621 2367 corpus
644 2338 674 2362 et
699 2326 855 2371 propriam?
871 2344 998 2369 naturam

209 2373 303 2407 habet,
319 2375 383 2403 item
401 2381 429 2404 et
445 2383 544 2406 ventus
562 2380 703 2415 propriam
730 2387 858 2412 naturam
876 2391 905 2414 et
932 2396 999 2423 pro-

208 2420 299 2454 prium
319 2428 421 2457 corpus
434 2423 527 2456 habet,
545 2430 574 2452 et
584 2434 666 2454 nemo
681 2433 772 2463 potest
786 2438 916 2466 separare
929 2420 997 2462 ien-

209 2470 266 2493 tnm
283 2474 298 2493 a
317 2467 385 2500 sole,
409 2468 462 2496 nisi
480 2470 556 2498 solus
578 2471 652 2500 Deus
665 2479 789 2507 ventum,
821 2485 855 2504 ne
878 2479 997 2514 amplius

207 2511 306 2546 spiret,
322 2513 461 2542 sedaverit
478 2525 484 2541 :
502 2516 542 2543 sic
558 2521 585 2545 et
597 2524 740 2553 peccatum
761 2523 860 2550 anima:
882 2511 997 2553 commi-

206 2563 281 2586 stum
308 2563 362 2591 est,
375 2564 496 2596 utroque
517 2562 699 2593 nihilominus
713 2568 852 2602 propriam
869 2575 995 2599 naturam

208 2604 338 2633 habente.

243 2693 285 2721 Ill.
307 2694 481 2730 lmpossihile
509 2696 592 2732 igitur
620 2704 663 2727 est
689 2709 818 2736 separare
845 2705 993 2733 animama

206 2742 331 2772 percato,
347 2739 401 2767 nisi
416 2741 490 2769 Deus
511 2742 588 2770 sedet
604 2747 633 2770 et
646 2744 726 2771 sistat
742 2746 908 2774 malitiosum
921 2748 995 2775 hunc

204 2788 329 2816 Ventum,
346 2785 517 2814 habitantem
541 2789 567 2814 in
593 2789 684 2816 anima
701 2793 729 2817 et
745 2799 872 2826 corpore.
890 2793 922 2819 lit
939 2801 999 2819 rur-

239 2863 262 2880 ”
286 2863 354 2892 Luc.
374 2873 447 2897 xun,
466 2867 492 2892 ἶ.
532 2868 550 2884 ²¹
574 2868 674 2903 Ephcs.
701 2877 736 2901 Iw,
767 2871 811 2898 22.

1050 2287 1178 2322 βασιλείᾳ
1203 2286 1304 2313 αὐτῶν.
1320 2286 1407 2318 Αὐτὸς
1421 2286 1450 2312 δὲ
1475 2285 1660 2320 ἐπηγγείλατο
1683 2283 1729 2310 τοῦ
1755 2283 1841 2320 ῥύσα-

1051 2334 1113 2360 σθαι
1138 2333 1212 2368 ἡμᾶς
1242 2333 1273 2359 ὲκ
1298 2332 1348 2368 τῆς
1377 2331 1497 2363 δουλείας
1521 2331 1642 2365 ταύτης·
1661 2331 1755 2366 ὥσπερ
1787 2329 1843 2365 γὰρ

1048 2379 1113 2406 ὅταν
1125 2378 1201 2414 ἥλιος
1218 2375 1246 2413 ᾖ,
1261 2378 1307 2404 καὶ
1324 2376 1426 2413 ἄνεμός
1441 2385 1482 2408 τις
1500 2377 1579 2413 πνέῃ,
1594 2377 1608 2403 6
1622 2377 1670 2411 μὲν
1686 2376 1761 2411 ἥλιος
1775 2375 1842 2402 ἴδιον

1049 2426 1130 2460 σῶμα
1157 2425 1213 2459 ἔχει
1243 2424 1291 2450 καὶ
1317 2423 1386 2450 ἰδίαν
1413 2423 1506 2458 φύσιν,
1521 2423 1621 2457 ὁμοίως
1644 2423 1692 2448 καὶ
1711 2423 1724 2449 ὁ
1741 2422 1843 2456 ἄνεμος

1052 2471 1121 2498 ἰδίαν
1134 2470 1216 2506 φύσιν
1234 2470 1291 2505 ἔχει
1310 2470 1355 2496 καὶ
1367 2469 1432 2496 ἴδιον
1449 2469 1528 2504 σῶμα
1541 2477 1547 2483 “
1563 2469 1610 2495 καὶ
1625 2468 1711 2500 οὐδεὶς
1729 2468 1841 2494 δύναται

1051 2516 1167 2551 χωρίσαι
1187 2515 1233 2542 τὸν
1257 2515 1359 2549 ἄνεμον
1382 2514 1436 2542 ἀπὸ
1452 2514 1500 2541 τοῦ
1520 2513 1608 2548 ἡλίου,
1627 2514 1650 2539 εὶ
1677 2513 1714 2548 μὴ
1736 2512 1843 2548 μόνοςό

1050 2563 1118 2594 θεὸς
1138 2562 1241 2599 παὺσῃ,
1258 2562 1301 2588 ἵνα
1319 2561 1418 2597 μηκέτι
1432 2561 1502 2598 πνέῃ
1512 2569 1518 2575 ·
1531 2560 1602 2586 οὕτω
1627 2560 1675 2586 καὶ
1689 2560 1706 2595 ἡ
1718 2560 1842 2595 ἁμαρτία

1052 2610 1083 2644 τῇ
1103 2609 1175 2645 ψυχῇ
1196 2608 1353 2644 μεμιγμένη
1374 2609 1460 2640 ἐστὶν,
1478 2607 1594 2643 ἐχούσης
1626 2607 1746 2642 ἑκάστης
1771 2605 1842 2633 ἰδίαν

1051 2655 1142 2690 φύσιν.

1086 2701 1124 2727 Γ’.
1149 2701 1291 2728 Ἀδύνατον
1316 2701 1362 2728 οὖν
1385 2703 1443 2728 ὲστι
1468 2701 1585 2736 χωρίσαι
1609 2701 1658 2735 τὴν
1677 2699 1767 2735 ψυχὴν
1786 2699 1841 2726 ἀπὸ

1052 2748 1102 2781 τῆς
1118 2748 1266 2783 ἁμαρτίας,
1285 2748 1332 2774 ἐὰν
1351 2748 1388 2783 μὴ
1402 2748 1416 2773 ὁ
1431 2748 1496 2778 Θεὸς
1511 2748 1603 2783 παύσῃ
1619 2747 1666 2774 καὶ
1689 2749 1775 2781 στήσῃ
1796 2746 1842 2772 τὸν

1056 2802 1123 2829 πονη
1130 2794 1174 2830 piri
1195 2795 1288 2822 τοῦτον
1307 2794 1418 2830 ἄνεμον,
1434 2794 1478 2821 τὸν
1493 2793 1650 2822 ἐνοικοῦντα
1661 2794 1694 2829 τῇ
1706 2791 1779 2828 ψυχῇ
1795 2792 1842 2820 καὶ

851 2872 871 2886 ⁵³
895 2872 966 2899 Paul.
999 2881 1069 2905 um,
1086 2874 1112 2902 5.
