2064 3152
188 191 241 223 465

812 195 997 227 HOMILI/E.
1011 208 1046 213 —
1060 196 1153 228 ΗΟΜ.
1172 197 1215 228 ΙΙ.

1760 199 1813 231 466

189 248 228 284 τῷ
243 246 360 283 σώματι.
377 249 431 276 Καὶ
449 249 542 282 πάλιν,
563 249 658 286 ὥσπερ
672 259 715 282 τις
735 251 834 287 Θεωρεῖ
853 251 975 278 πετεινὺν

1037 259 1098 285 tum,
1109 251 1342 287 quemadmodum
1367 251 1390 279 si
1401 252 1464 288 quis
1476 252 1567 280 cernit
1576 259 1653 280 avem
1666 251 1816 286 volantem.

190 293 348 329 πετόμενον,
363 295 410 322 καὶ
423 294 545 330 βούλεται
562 297 609 323 καὶ
625 297 707 329 αὐτὸς
725 297 836 332 πτῆναι,
853 297 891 333 μὴ
906 297 976 332 ἔχων

190 340 219 367 δὲ
241 340 328 375 πτερὰ
362 341 501 374 ἀδυνάτως
526 341 582 378 ἔχει
605 342 755 370 πέτασθαιι
779 342 851 370 οὕτω
865 344 911 370 καὶ
937 343 977 378 τῷ

191 384 337 421 ἀνθρώπῳ,
355 385 386 412 τὸ
408 386 457 421 μὲν
478 387 565 414 Θέλειν
584 387 751 423 παράκειται
775 388 823 415 τοῦ
845 386 914 416 εἶναι
930 397 978 414 κα-

194 430 286 466 θαρὸν,
313 430 361 457 καὶ
381 431 507 466 ἄμωμον,
533 433 583 460 καὶ
607 433 731 465 ἄσπιλον,
746 433 792 461 καὶ
808 435 846 469 μή
861 432 934 468 ἔχειν
948 433 978 460 ἐν

192 476 282 512 ἑαυτῷ
297 477 347 512 τὴν
362 478 470 510 κακίαν,
491 478 550 506 ἀλλ’
566 480 608 506 ἀεὶ
626 480 695 515 μετὰ
709 480 755 508 τοῦ
770 480 837 508 8εοῦ
852 478 933 513 εἶναι,
947 480 979 507 τδ

191 523 322 550 δύνασθαι
335 524 364 551 δὲ
378 524 428 551 οὐκ
442 524 516 561 ἔχει·
537 526 706 561 ’σπασθῆναι
730 527 779 562 μὲν
795 527 835 558 είς
851 527 896 553 τὸν
909 527 979 562 ἀέρα

191 569 238 596 τὸν
251 568 340 596 θεῖκὺν
356 569 403 597 καὶ
417 570 467 606 τὴν
484 570 642 607 ἐλευθερίαν
654 571 701 598 τοῦ
719 573 797 606 ἁγίου
820 572 980 608 Πνεύματος

192 615 273 645 θέλει.
290 615 348 643 ἀλλ’
362 616 409 643 ἐὰν
426 617 463 653 μὴ
482 616 553 654 λάϐῃ
568 618 717 653 πτέρυγας,
729 618 760 645 οὐ
772 619 895 647 δύναται.
920 620 978 646 Πα-

194 661 390 697 ρακαλέσωμεν
406 662 452 689 οὖν
469 663 514 689 τὸν
531 663 608 695 Θεὸν,
628 663 672 690 ἵνα
692 663 729 698 δῷ
747 665 814 699 ἡμῖν
840 664 980 700 πτέρυγας

193 709 357 743 περιστερᾶς
377 708 424 735 τοῦ
444 709 522 743 ἁγίου
545 709 714 745 Πνεύματος,
733 711 776 738 ἵνα
800 711 980 746 πετασθῶμεν

193 755 263 790 πρὸς
283 755 365 782 αὑτὸν
389 755 437 782 καὶ
453 757 684 792 καταπαύσωμεν.
704 757 751 784 καὶ
765 758 809 784 ἴνα
830 757 980 794 διαχωρίσῃ

194 801 242 829 καὶ
258 801 350 838 παύσῃ
371 802 425 829 ἀπὸ
441 802 493 838 τῆς
516 803 606 838 ψυχῆς
626 803 673 831 καὶ
705 803 752 830 τοῦ
767 804 892 840 σώματος
904 803 983 839 ἡμῶν

193 847 239 874 τὸν
251 848 368 882 πονηρὸν
387 848 499 882 ἄνεμον,
510 849 595 883 αὐτὴν
611 849 660 883 τὴν
675 849 813 885 ἁμαρτίαν
824 849 873 884 τὴν
889 857 981 875 κατοι-

194 893 295 920 κοῦσαν
317 894 346 920 ἐν
365 895 422 926 τοῖς
447 893 538 929 μέλεσι
561 894 610 928 τῆς
629 894 719 930 ψυχῆς
732 894 841 922 καὶτοῦ
857 895 982 930 σώματος

195 940 283 974 ἡμῶν.
301 940 379 976 Αὑτῷ
396 940 449 976 γὰρ
483 941 556 977 μόνῳ
571 941 681 968 δυνατὸν
697 942 776 968 τοῦτο
788 942 909 976 ποιῆσαι.
926 943 983 970 Ἴδε

195 985 357 1021 γὰρ,φησὶν,
366 987 382 1014 ό
396 986 497 1022 Ἀμνὸς
504 987 557 1014 τοῦ
567 986 640 1014 Θεοῦ
648 988 665 1014 ὁ
670 987 761 1021 αζρων
771 987 828 1020 τήν
836 987 983 1022 ἁμαρτίαν

195 1033 248 1060 τοῦ
263 1033 389 1067 κόσμου.
405 1033 494 1065 Αὐτὸς
507 1034 587 1069 μόνος
607 1035 657 1070 τὴν
681 1035 865 1072 ἐλεημοσύνην
881 1036 983 1071 ταύτην

196 1077 307 1112 ἐποίησε
334 1077 388 1105 τῶν
408 1078 561 1114 ἀνθρώπων
578 1081 634 1109 τοῖς
648 1080 821 1108 πιστεύουσιν
838 1081 923 1117 αὐτῷ,
940 1082 982 1108 ὅτι

196 1123 340 1158 λυτροῦται
357 1123 413 1151 ἀπὸ
427 1125 478 1161 τῆς
499 1125 647 1161 ἁμαρτίας,
665 1126 712 1154 καὶ
725 1128 782 1160 τοῖς
798 1127 984 1163 προσδοκῶσιν

197 1169 240 1197 ἀεὶ
255 1171 302 1197 καὶ
316 1170 468 1204 ἐλπίζουσι,
494 1172 539 1198 καὶ
556 1172 684 1208 ζητοῦσιν
704 1173 898 1207 ἀδιαλείπτως,
912 1174 985 1201 ποιεῖ

197 1216 247 1251 τὴν
261 1217 396 1252 σωτηρίαν
411 1217 513 1252 ταύτην
528 1217 577 1254 τὴν
592 1218 796 1254 ἀνεκδιήγητον.

233 1264 271 1290 Δ¹.
291 1262 397 1297 Ὠσπερ
423 1263 452 1289 ἐν
477 1263 555 1290 νυκτὶ
572 1263 676 1300 ζοφερᾷ.
704 1265 752 1291 καὶ
775 1265 889 1302 μελαίνῃ
908 1265 985 1293 πνέει

199 1308 297 1343 ἄνεμός
313 1317 356 1340 τις
366 1309 473 1344 ἄγριος,
487 1309 534 1336 καὶ
547 1310 634 1337 πάντα
655 1310 690 1337 τὰ
704 1311 776 1345 φυτὰ
794 1311 839 1338 καὶ
856 1312 889 1338 τὰ
902 1312 985 1346 σπέρ-

201 1365 274 1391 ματα
297 1358 376 1387 κινεῖ,
399 1357 445 1383 καὶ
467 1357 575 1392 ἐρευνᾷ,
590 1358 638 1385 καὶ
663 1358 745 1384 σείει·
761 1358 831 1385 οὕτω
851 1359 898 1384 καὶ
937 1358 985 1385 ἄν-

200 1403 308 1438 θρωπος
320 1402 410 1430 πεσὼν
421 1403 473 1430 ὑπὸ
486 1404 536 1440 τὴν
550 1403 676 1436 ἐξουσίαν
691 1403 741 1437 τῆς
754 1403 849 1435 νυκτὸς
861 1404 908 1430 τοῦ
920 1404 985 1431 σκό-

199 1456 273 1478 τους.
301 1447 348 1474 τοῦ
373 1447 507 1482 διαϐόλου,
529 1448 576 1475 καὶ
598 1448 635 1474 ὣν
657 1449 686 1475 ἐν
706 1449 784 1475 νυκτὶ
810 1448 856 1474 καὶ
884 1448 984 1480 σκότει,

201 1493 335 1520 κλονεῖται
359 1493 398 1528 τῷ
424 1493 503 1529 δεινῷ
521 1494 615 1530 ἀνέμῳ
632 1494 682 1529 τῆς
704 1494 842 1528 ἁμαρτίας
866 1494 985 1525 πνέοντι,

201 1539 250 1566 καὶ
265 1539 378 1572 σείεται,
393 1541 440 1567 καὶ
452 1542 576 1567 κινεῖται.
591 1541 646 1567 Καὶ
660 1541 804 1575 ἑρευνᾶται
828 1541 918 1567 πᾶσαν
937 1540 986 1576 τὴν

1026 298 1086 325 vult
1106 302 1135 325 et
1163 298 1222 332 ipse
1251 298 1361 330 volare,
1377 298 1428 325 alis
1452 305 1519 326 vero
1544 298 1694 326 destitutus
1722 298 1816 325 volare

1027 343 1124 378 nequit
1143 351 1150 370 :
1163 343 1204 370 sic
1219 350 1331 378 quoque
1343 343 1448 371 homini
1463 344 1541 372 adest
1552 344 1689 375 voluntas,
1704 351 1816 378 purum,

1028 389 1301 424 irreprchensibilem
1321 394 1350 417 et
1365 390 1540 425 impollutum
1564 398 1635 420 esse.
1660 390 1730 417 nihil
1757 398 1817 418 [ηας

1028 434 1094 462 litim
1108 434 1137 462 in
1152 443 1182 463 se
1201 434 1262 470 ipso
1275 435 1388 467 habere,
1402 435 1450 463 sed
1465 443 1575 470 semper
1588 443 1652 463 cum
1673 436 1730 464 Deo
1753 444 1819 464 cou-

1028 483 1145 515 versari,
1163 483 1321 511 facultatem
1335 491 1402 511 vero
1414 491 1471 511 non
1484 483 1576 511 habet.
1594 484 1691 512 Volare
1705 484 1817 519 quidem

1029 526 1057 554 in
1071 535 1163 556 aerem
1180 528 1306 557 divinum
1319 532 1403 563 atque
1416 528 1573 556 libertatem
1595 529 1714 564 Spiritus
1730 529 1818 557 sancti

1029 573 1117 609 cupit,
1131 573 1191 606 sed,
1204 574 1258 602 nisi
1272 575 1395 610 acceptis
1409 574 1472 606 alis,
1488 582 1542 602 non
1555 579 1654 609 potest.
1670 575 1819 603 Precemur

1032 619 1116 655 igitur
1144 620 1243 653 Deum,
1267 625 1297 648 ut
1318 620 1452 648 concedat
1467 620 1548 648 nobis
1564 620 1622 648 alas
1644 620 1781 649 columba;
1795 621 1818 637 "

1030 666 1119 694 sancti
1145 665 1275 701 Spiritus,
1298 670 1330 694 ut
1352 667 1478 694 volemus
1490 666 1524 694 ad
1537 674 1602 694 eum
1615 670 1644 694 et
1663 667 1821 701 requiesca-

1031 719 1101 743 mus,
1118 716 1149 738 ut
1162 711 1246 739 etiam
1263 717 1390 748 segreget
1404 717 1434 740 et
1451 713 1530 740 tollat
1552 713 1588 741 ab
1604 713 1697 740 anima
1713 717 1741 740 et
1756 721 1819 741 eor-

1031 764 1098 792 pore
1111 762 1208 786 nostro
1226 759 1385 793 improbum
1397 764 1524 792 ventum,
1540 759 1630 794 ipsum
1640 759 1747 787 scilicet
1757 767 1822 795 pec-

1031 808 1123 833 catum
1143 803 1171 831 in
1188 805 1319 832 membris
1333 805 1432 833 anima;
1451 810 1479 833 et
1499 806 1624 840 corporis
1640 806 1727 833 nostri
1744 806 1822 834 habi-

1032 852 1104 877 tans.
1115 850 1168 884 Ipsi
1177 851 1252 878 enim
1265 851 1318 878 hoc
1328 851 1420 879 facere
1434 851 1523 879 solum
1534 857 1576 879 est
1586 852 1731 887 possibile.
1743 853 1821 884 Ecce,

1032 894 1071 922 ait
1088 896 1173 927 enim.
1193 896 1284 932 Agnus
1303 896 1362 928 Dei,
1389 898 1433 932 qui
1460 897 1528 924 tollit
1555 901 1662 933 peccata
1687 897 1821 924 mundi".

1033 941 1094 976 Ipse
1119 941 1195 969 solus
1217 941 1437 970 misericordiam
1462 943 1544 976 hanc,
1569 943 1644 978 quod
1670 951 1686 971 ιι
1708 947 1823 978 peccato

1032 987 1161 1021 redimat,
1188 989 1314 1016 exhibuit
1338 989 1498 1018 hominibus
1526 990 1557 1018 in
1582 999 1611 1018 se
1631 991 1821 1023 credentibus,

1032 1038 1062 1061 et
1090 1033 1161 1061 hanc
1189 1027 1405 1062 inenarrabilem
1428 1036 1545 1063 salutem
1576 1037 1684 1064 confert
1712 1044 1823 1072 semper

1033 1080 1266 1115 exspectantibus,
1298 1085 1328 1109 et
1354 1082 1464 1109 assidue
1493 1082 1682 1111 (tumentibus
1699 1091 1775 1115 eum,
1794 1083 1822 1110 in

1033 1133 1121 1162 eoque
1136 1134 1213 1162 spem
1227 1134 1306 1155 suam
1319 1127 1499 1162 ponentibus.

1070 1262 1114 1290 IV.
1134 1262 1369 1296 Quemadmodum
1382 1263 1410 1290 in
1420 1267 1502 1291 nocte
1511 1263 1659 1299 caliginosa
1668 1268 1696 1291 et
1705 1263 1823 1292 obscura

1035 1308 1184 1336 vehemens
1201 1309 1314 1344 quidam
1328 1313 1428 1337 ventus
1441 1309 1538 1344 spirat,
1561 1313 1590 1337 ct
1604 1317 1700 1337 onmes
1714 1310 1822 1344 plantas

1036 1363 1068 1383 ac
1085 1355 1190 1382 semina
1205 1356 1338 1388 concutit,
1354 1360 1510 1384 commovet
1538 1361 1566 1384 et
1580 1358 1665 1392 agitat
1680 1365 1686 1383 :
1704 1356 1745 1384 sic
1756 1364 1825 1391 quo—

1036 1409 1090 1436 que
1105 1401 1188 1428 homo
1201 1401 1295 1436 lapsus
1306 1402 1358 1429 sub
1371 1406 1535 1437 potestatem
1546 1402 1637 1430 noctis
1648 1401 1825 1430 tenebrarum

1037 1446 1150 1479 diaboli,
1181 1451 1210 1475 et
1230 1447 1259 1475 in
1288 1452 1369 1476 nocte
1398 1448 1578 1483 tenebrisque
1609 1448 1722 1484 degens,
1749 1448 1826 1483 gravi

1036 1498 1120 1521 vento
1141 1494 1246 1528 peccati
1272 1493 1356 1522 ﬂante
1382 1499 1582 1526 commovetur,
1609 1494 1768 1522 concutitur
1799 1499 1826 1521 et

1038 1544 1192 1574 quassatur,
1209 1539 1257 1574 qui
1277 1548 1387 1567 omnem
1405 1545 1542 1573 naturam,
1565 1540 1684 1567 animam
1709 1539 1826 1571 scilicet,

202 1585 293 1620 φύσιν,
318 1586 368 1621 τὴν
390 1586 490 1621 ψυχὴν,
511 1587 574 1618 τοὺς
596 1586 743 1622 λογισμοὺς
763 1587 845 1614 αὑτοῦ
871 1588 916 1614 καὶ
939 1587 984 1614 τὸν

1041 1585 1094 1620 ιο
1121 1585 1303 1620 cogitationes
1325 1590 1354 1613 et
1377 1590 1497 1613 mentem
1511 1585 1828 1621 perscrutatnrmmnia

201 1632 274 1659 νοῦν.
297 1633 351 1660 Καὶ
369 1632 460 1660 πάντα
480 1633 584 1659 σείεται
603 1633 637 1660 τὰ
660 1633 804 1666 σωματικὰ
828 1634 914 1669 μέλη·
938 1634 987 1661 καὶ

201 1679 279 1705 οὐδὲν
292 1679 451 1714 ἐλεύθερον,
468 1679 529 1706 οὐδὲ
542 1679 647 1711 ἀπαθὲς
662 1680 741 1714 μέλος
755 1679 844 1715 ψυχῆς
856 1680 872 1715 ἢ
891 1680 986 1715 σώμα-

202 1725 246 1756 τός
265 1726 339 1752 ἐστιν
359 1725 414 1751 ἀπὸ
434 1726 484 1760 τῆς
509 1723 668 1759 ὲνοικούσης
688 1725 718 1751 ὲν
743 1725 809 1759 ἡμῖν
832 1725 986 1759 ἁμαρτίας·

203 1770 302 1806 ὁμοίως
326 1771 400 1798 ἐστὶν
423 1771 515 1806 ἡμέρα
542 1770 630 1806 φωτὸς
654 1771 702 1797 καὶ
727 1770 826 1804 ἄνεμος
854 1771 925 1802 θεῖος
940 1770 988 1797 τοῦ

202 1816 280 1850 ἁγίου
303 1816 471 1851 Πνεὺματος,
487 1815 576 1842 πνέων
593 1815 640 1842 καὶ
656 1814 803 1850 ἀναψύχων
822 1815 872 1846 τὰς
890 1815 987 1850 ψυχὰς,

202 1862 251 1894 τὰς
263 1862 347 1894 οὔσας
360 1863 389 1889 ἐν
401 1862 493 1898 ἡμέρᾳ
518 1861 565 1888 τοῦ
578 1861 665 1895 φωτὸς
683 1860 729 1887 τοῦ
756 1860 847 1888 θεῖκοῦ
858 1869 864 1876 ⁸
879 1861 926 1887 καὶ
949 1861 990 1888 δι-

205 1908 362 1944 ικνούμενος
372 1909 461 1936 πᾶσαν
475 1907 524 1943 τὴν
539 1908 688 1935 ὑπόστασιν
698 1907 747 1940 τῆς
756 1906 856 1942 ψυχῆς,
865 1907 914 1934 καὶ
926 1907 989 1938 τοὺς

205 1954 355 1989 λσγισμοὺς
377 1954 423 1980 καὶ
449 1954 540 1980 πᾶσαν
567 1952 616 1988 τὴν
644 1952 749 1984 οὐσίαν,
770 1952 818 1979 καὶ
844 1952 933 1978 πάντα
956 1951 991 1978 τὰ

206 1999 275 2035 μέλη
290 1998 337 2026 τοῦ
351 1998 476 2034 σώματος
490 1998 637 2033 ἀναψύχων
645 1997 693 2024 καὶ
707 1997 855 2024 ἀναπαύων
869 1997 991 2024 ἀναπαύ-

206 2053 248 2072 σει
264 2045 342 2079 θεῖκῇ
358 2044 406 2071 καὶ
421 2043 555 2079 ἀλαλήτῳ.
577 2043 661 2070 Τοῦτο
676 2042 768 2077 ἔλεγεν
784 2044 798 2070 ὁ
818 2042 990 2074 Ἀπόστολος·

210 2090 305 2125 Ἡμεῖς
321 2089 355 2117 δὲ
369 2091 424 2117 οὐκ
433 2089 526 2123 ἐσμὲν
536 2089 626 2116 τέκνα
639 2089 759 2121 νυκτὸς,
771 2088 842 2115 οὐδὲ
851 2088 991 2120 σκότους·

206 2137 316 2170 πάντες
332 2137 386 2171 γὰρ
400 2135 484 2171 ὑμεῖς
502 2135 561 2162 viai
575 2135 672 2170 φωτός
685 2135 766 2166 ἐστε,
785 2134 833 2160 καὶ
849 2133 908 2161 υίοί
920 2132 993 2168 ἠμέ-

203 2191 269 2216 ριις.
289 2182 444 2217 Καὶὥσπερ
459 2182 517 2208 ἐκεῖ
533 2182 562 2207 ὲν
577 2181 611 2215 τῇ
629 2180 716 2216 πλάνῃ
732 2179 874 2215 ἄνθρωπον
890 2179 994 2206 τέλειον

207 2230 360 2256 ἀπεδύσατο
375 2229 389 2255 ὁ
412 2227 529 2259 παλαιὸς
551 2227 703 2260 ἄνθρωπος,
726 2226 773 2252 καὶ
793 2226 872 2260 φορεῖ
893 2225 995 2260 ἔνδυμα

1037 1631 1158 1666 denique
1187 1632 1387 1659 concutiuntur
1417 1632 1542 1667 corporis
1567 1631 1711 1662 membra,
1735 1639 1826 1665 nequc

1038 1677 1125 1704 ullum
1140 1677 1296 1704 membrum
1310 1677 1409 1704 animae
1420 1681 1468 1704 aut
1486 1677 1612 1712 corporis
1627 1676 1760 1708 immune,
1775 1683 1828 1703 nec

1037 1723 1124 1750 ullum
1139 1723 1173 1751 ab
1189 1723 1385 1752 affectionibus
1396 1723 1514 1758 peccati,
1532 1723 1560 1750 in
1573 1722 1654 1750 nobis
1666 1722 1827 1754 habitantis,

1038 1768 1158 1796 liberum
1172 1772 1214 1796 est
1233 1777 1239 1795 :
1255 1768 1356 1796 similis
1375 1769 1468 1803 itaque
1494 1768 1554 1796 dies
1579 1769 1645 1800 luci,
1673 1773 1701 1796 et
1729 1773 1829 1795 ventus

1039 1813 1151 1841 divinus
1168 1813 1284 1848 Spiritui
1309 1818 1414 1844 sancto.
1431 1814 1590 1849 perspirans
1616 1818 1645 1841 et
1673 1813 1830 1841 refocillans

1040 1858 1158 1891 animas,
1175 1866 1235 1894 qua:
1250 1858 1277 1885 in
1293 1858 1339 1885 die
1360 1859 1432 1886 lucis
1450 1858 1552 1885 divinae
1576 1858 1683 1890 vivunt,
1708 1862 1736 1884 et
1764 1865 1830 1892 pcr-

1042 1907 1178 1934 transiens
1192 1914 1301 1939 omnem
1324 1910 1450 1933 naturam
1469 1905 1567 1933 anime
1592 1910 1621 1933 et
1635 1905 1829 1941 cogitationes,

1042 1960 1074 1980 ac
1102 1960 1210 1980 omnem
1236 1952 1429 1983 substantiam,
1446 1956 1475 1979 et
1506 1951 1599 1978 omnia
1626 1951 1748 1978 membra
1765 1958 1832 1978 cor-

1043 1998 1118 2032 poris
1131 2005 1259 2025 recreans
1273 2001 1302 2024 et
1319 1996 1478 2024 refocillans
1493 1996 1587 2023 divina
1609 1999 1638 2023 et
1651 1995 1832 2023 inenarrabili

1043 2042 1148 2077 requie.
1171 2042 1200 2069 ld
1225 2042 1299 2077 quod
1317 2041 1387 2069 dixit
1407 2041 1555 2076 Apostolus
1573 2049 1580 2067 :
1597 2040 1651 2068 Nos
1675 2048 1726 2067 non
1741 2048 1833 2067 sumus

1042 2089 1093 2123 lilii
1108 2090 1201 2122 noctis,
1217 2097 1301 2124 neque
1321 2088 1488 2115 tenebrarum
1502 2096 1512 2115 :
1525 2095 1614 2114 omnes
1633 2088 1703 2114 enim
1722 2095 1767 2114 vos
1782 2087 1834 2121 ﬁlii

1045 2135 1110 2163 lucis
1122 2136 1182 2162 estis
1196 2139 1220 2161 ct
1238 2134 1288 2168 ﬁlii
1298 2135 1350 2161 diei
1359 2133 1393 2161 “.
1414 2134 1448 2161 Et
1464 2132 1698 2168 quemadmodum
1713 2132 1781 2165 illic,
1801 2132 1831 2160 in

1043 2182 1087 2209 via
1102 2189 1230 2213 crronca,
1243 2180 1385 2208 hominem
1399 2180 1534 2214 integrum
1546 2187 1579 2207 ac
1591 2178 1744 2215 perfectum
1758 2178 1835 2206 exuit

1045 2227 1129 2254 homo
1143 2232 1233 2259 vetus,
1247 2230 1276 2254 et
1298 2229 1387 2262 gestat
1400 2226 1591 2253 indumentum
1613 2225 1690 2260 regni
1707 2224 1835 2252 tenebra-

209 2276 348 2312 βασιλείας
371 2276 496 2306 σκότους,
521 2274 623 2308 ἔνδυμα
641 2272 825 2308 βλασφημίας,
850 2272 986 2315 ἀπιστίας,

1045 2281 1117 2304 rum,
1146 2272 1344 2300 vestimentum
1371 2271 1559 2306 blasphemiae,
1589 2269 1759 2301 diﬂidentiae,
1783 2277 1834 2296 au-

208 2322 334 2357 ἁφοὸιας,
364 2321 536 2354 κενοδοξίας,
562 2318 767 2354 ὑπερηφανίας,
789 2317 993 2353 φιλαργυρίας,

208 2367 370 2402 ἐπιθυμίας·
387 2367 434 2393 καὶ
454 2366 488 2393 τὰ
514 2364 582 2392 ἄλλα
606 2364 706 2399 ὁμοίως
727 2364 778 2398 τῆς
792 2363 930 2399 βασιλείας
947 2362 995 2390 τοῦ

209 2415 321 2445 σκότους
330 2412 472 2448 φορὲματα
488 2410 596 2447 ρακὼδη
609 2411 656 2437 καὶ
666 2410 820 2444 ἀκάθαρτα,
833 2410 881 2437 καὶ
894 2410 991 2445 μιαρὰ-

209 2459 279 2486 οὖτω
298 2459 379 2485 πάλιν
400 2457 517 2484 ἐνταῦθα
536 2457 592 2483 ὅσοι
617 2455 788 2482 ἀπεδύσαντο
810 2455 857 2481 τὸν
878 2455 994 2482 παλαιὸν

210 2503 257 2529 καὶ
276 2502 454 2537 καταχθόνιον
472 2501 625 2537 ἄνθρωπον,
643 2501 690 2527 καὶ
699 2501 779 2532 ὅσους
794 2501 827 2526 ἂν
842 2500 967 2533 ἐξέδυσεν
981 2501 995 2526 ὁ

216 2549 319 2584 Ἰησοῦς
346 2549 380 2575 τὰ
405 2548 542 2582 ἐνδύματα
568 2547 618 2581 τῆς
639 2546 777 2581 βασιλείας
796 2546 844 2572 τοῦ
871 2546 996 2578 σκότους,

210 2595 369 2622 ὲνεδύσαντο
386 2594 430 2621 τὸν
452 2595 511 2620 νέον
533 2593 580 2620 καὶ
601 2593 761 2627 ἐπουράνιον
780 2592 923 2628 ἄνθρωπον
945 2593 998 2627 Ἰη-

212 2641 274 2668 σοῦν
287 2641 415 2675 Χριστὸν,
433 2640 515 2667 πάλιν
530 2638 630 2674 ὁμοίως
647 2638 803 2673 ὀφθαλμοὺς
817 2638 885 2673 πρὸς
900 2638 999 2672 ὀφθαλ-

213 2687 291 2721 μοὺς,
308 2684 366 2714 ὦτα
388 2687 456 2721 πρὸς
475 2684 544 2718 ὦτα,
565 2684 686 2720 κεφαλὴν
707 2685 775 2719 πρὸς
798 2684 929 2720 κεφαλὴν,
954 2685 998 2711 ἵνα

212 2732 271 2764 ὅλος
286 2733 405 2768 καθαρὸς
419 2731 448 2768 ᾗ,
467 2733 514 2759 καὶ
530 2731 620 2767 φορῶν
634 2731 683 2766 τὴν
696 2730 856 2765 ἐπουράνιον
871 2731 974 2768 είκόνα.

250 2778 287 2805 E’.
303 2779 358 2805 Καὶ
377 2779 500 2805 ἐνέδυσεν
515 2776 614 2808 αὐτοὺς
629 2776 643 2802 ὁ
660 2775 760 2812 Κύριος
775 2775 911 2810 ἐνδύματα
926 2775 1000 2810 βασι-

215 2826 289 2859 λείας
309 2827 396 2862 φωτὸς
416 2826 547 2862 ἀρρήτου,
570 2824 705 2859 ἐνδύματα
725 2823 852 2856 πίστεως,
880 2823 998 2855 ἐλπίδος,

216 2898 219 2901 Δ
255 2919 276 2935 ’³
289 2918 358 2948 Psal.
373 2927 414 2952 LV,
430 2921 456 2949 'i.
493 2920 515 2937 “
533 2920 611 2950 Joan;
627 2927 646 2951 ι,
664 2917 708 2946 29.
748 2917 770 2932 ³⁸
788 2916 797 2944 l
813 2915 908 2944 Thess.
924 2923 948 2948 ν,
967 2914 992 2943 5.

1045 2318 1141 2350 daciat,
1158 2317 1248 2344 inanis
1264 2316 1367 2351 gloria,
1394 2315 1542 2350 superbiae,
1560 2314 1682 2342 avaritia:
1714 2318 1742 2341 et
1766 2321 1833 2340 con-

1045 2363 1231 2400 cupiscentiae,
1247 2367 1276 2390 et
1291 2362 1344 2389 alia
1359 2362 1462 2389 similia
1490 2360 1568 2396 regni
1593 2359 1769 2387 tenebrarum
1785 2366 1834 2394 ge-

1046 2409 1162 2438 stamina
1181 2415 1320 2443 pannosa,
1336 2407 1445 2442 impura
1469 2410 1498 2434 et
1523 2405 1709 2433 contaminata
1726 2413 1732 2430 :
1749 2404 1790 2431 sic
1817 2411 1834 2430 e

1046 2462 1180 2483 converso
1194 2453 1353 2489 quicunque
1378 2455 1516 2480 exuerunt
1542 2455 1664 2478 veterem
1690 2453 1719 2477 et
1744 2453 1833 2476 terre-

1046 2506 1133 2529 strem
1148 2500 1299 2529 hominem.
1311 2503 1340 2526 et
1353 2504 1534 2533 quoscunque
1549 2496 1625 2524 exuit
1641 2496 1722 2524 Iesus
1747 2495 1836 2522 vesti--

1046 2546 1147 2574 mentis
1163 2545 1240 2581 regni
1265 2544 1454 2575 tenebrarum,
1469 2542 1620 2570 induerunt
1635 2541 1676 2568 illi
1690 2547 1793 2568 novum
1808 2544 1837 2567 et

1046 2593 1186 2621 cmlcstcm
1211 2590 1350 2618 hominem
1379 2589 1473 2617 Jcsum
1491 2587 1651 2618 Christum,
1678 2590 1709 2613 ut
1739 2592 1836 2612 rursus

1047 2639 1120 2667 oculi
1134 2637 1234 2669 oculis,
1250 2644 1332 2664 aures
1354 2635 1480 2666 auribus,
1498 2637 1584 2668 caput
1607 2632 1691 2667 capiti
1719 2631 1835 2667 conjun-

1049 2689 1159 2721 gantur,
1175 2688 1207 2711 ut
1223 2687 1297 2711 totus
1312 2689 1399 2718 purus
1411 2681 1458 2714 sit,
1471 2684 1581 2715 gestans
1605 2679 1753 2714 imaginem
1778 2685 1835 2706 cur.

1051 2731 1160 2759 lestem.

1087 2777 1119 2805 ν.
1139 2776 1174 2804 Et
1196 2774 1287 2803 induit
1300 2773 1375 2809 ipsos
1402 2771 1535 2800 Dominus
1560 2768 1731 2798 indumentis
1756 2766 1834 2803 regni

1052 2823 1122 2852 lucis
1137 2829 1254 2854 arcanae,
1276 2819 1445 2849 indumentis
1467 2817 1542 2852 ﬁdei,
1571 2816 1640 2854 spei,
1666 2813 1834 2850 dilectionis,
