2064 3152
220 198 272 231 ιδτ

836 203 868 234 S.
887 201 1047 234 MACARII
1067 203 1227 234 EGYPTII

1790 197 1844 230 468

220 256 325 292 gaudii,
348 256 434 292 pacis,
452 257 595 290 bonitatis,
621 257 802 287 humanitatis
826 264 855 287 et
880 260 1010 287 omnibus

1069 261 1184 296 ἀγάπης,
1195 267 1291 296 χαράς,
1307 260 1430 296 εἰρήνης,
1446 256 1637 292 ἀγαθωσύνης,
1653 254 1846 291 χρηστότητος,

221 302 329 330 caeteris
341 301 508 329 indumentis
524 302 605 335 lucis,
622 303 696 336 vitae,
713 304 825 334 divinis.
840 304 1009 337 viventibus,

220 348 327 383 requiei
350 348 543 377 inenarrabilis
557 358 564 376 :
583 354 614 378 ut
630 351 746 385 perinde
760 359 792 379 ac
811 352 883 379 Deus
898 351 1012 380 dilectio

220 398 273 425 est,
289 393 470 428 etgaudium,
482 399 509 421 ct
529 402 592 430 pax,
613 400 640 423 et
662 396 827 433 benignitas,
844 401 872 425 et
889 397 1010 431 bonitas,

222 438 284 465 talis
297 442 325 465 et
337 446 426 466 novus
442 439 524 467 homo
542 441 589 468 liat
606 449 655 477 per
669 443 797 477 gratiam.
822 443 857 471 Et
876 444 1011 478 quemad-

222 483 336 511 modum
354 492 467 520 regnum
480 486 660 514 tenebrarum
675 491 704 515 et
718 492 863 523 peccatum
877 489 905 516 iu
920 489 1012 517 anima

223 537 310 564 usque
337 530 372 557 ad
401 530 474 558 diem
501 533 712 561 resurrectionis
742 534 934 562 absconditum
957 538 1011 568 est,

223 575 334 610 quando
354 575 446 611 ipsum
472 585 574 612 corpus
590 583 770 613 peccatorum
796 587 860 607 cum
890 580 1014 608 tenebris

225 627 297 647 nunc
309 621 337 648 in
346 621 437 649 anima
448 623 594 651 occultatis
606 624 776 652 revelabitur
788 633 794 652 :
806 625 845 653 sic
857 629 886 653 et
898 633 1014 661 regnum

223 667 303 701 lucis,
318 672 348 695 et
370 669 492 697 caelestis
514 670 613 706 imago,
641 672 722 701 Jesus
737 672 875 706 Christus,
900 673 1014 708 mystice

225 721 298 741 nunc
313 714 432 743 animam
452 716 600 750 illuminat,
615 723 644 745 et
664 718 824 746 dominatur
838 719 938 746 animis
949 727 1014 747 san—

225 764 345 787 ctorum.
374 760 559 790 Absconditus
598 771 665 791 vero
694 764 728 792 ab
755 765 844 792 oculis
870 765 1015 793 hominum

225 804 363 839 Christus,
376 807 443 835 solis
456 808 543 836 oculis
557 809 655 837 animae
665 818 729 837 vere
739 810 912 845 conspicitur
927 818 1015 846 usque

225 851 260 878 ad
276 851 349 879 diem
366 854 582 882 resurrectionis
594 875 601 887 ,
617 856 729 890 quando
754 862 783 883 et
800 856 890 890 ipsum
914 864 1016 892 corpus

226 897 406 931 revelabitur,
434 905 462 927 et
491 900 692 936 gloriﬁcabitur
715 903 777 931 luce
803 903 930 936 Domini,
954 911 1016 939 qua:

1062 307 1110 333 καὶ
1131 307 1219 334 πάντα
1241 306 1342 342 ὁμοίως
1355 307 1388 333 τά
1412 305 1476 340 ἑξῆς
1489 304 1627 339 ἐνδύματα
1646 301 1746 337 φωτδς,
1763 300 1847 334 ζωῆς.

1063 350 1151 382 θεῖκὰ,
1170 351 1269 385 ζῶντα,
1282 351 1467 382 ἀναπαύσεως-
1481 349 1676 384 άνεκλαλήτου,
1691 348 1735 374 ἵνα
1754 346 1849 381 ὥσπερ

1062 399 1076 425 ὸ
1092 398 1157 430 Θιδς
1174 398 1268 433 ἀγάπη
1283 399 1352 432 lcet,
1368 398 1416 425 καὶ
1429 397 1512 433 χαρὰ,
1528 389 1576 424 καὶ
1592 396 1701 432 είρήνη,
1715 394 1762 421 καὶ
1781 402 1850 429 χρη-

1064 445 1170 479 στότης,
1184 446 1231 471 καὶ
1247 445 1424 480 ἀγαθωσύνη·
1438 444 1510 472 οὕτω
1533 444 1581 470 καὶ
1598 444 1613 470 ό
1626 442 1686 473 νέος
1706 442 1850 477 ἅνθρωπος

1063 491 1175 526 γένηται
1203 491 1273 518 κατά
1301 491 1393 526 χάριν.
1416 490 1470 517 Καὶ
1494 489 1588 524 ὥσπερ
1613 489 1630 524 ή
1655 486 1779 523 βασιλεία
1803 486 1851 513 τοῦ

1065 538 1178 570 σκότους
1205 537 1252 564 καὶ
1274 538 1291 572 ἡ
1314 537 1436 572 ἁμαρτία
1455 535 1610 571 κέκρυπται
1632 534 1672 566 είς
1695 534 1744 569 τὴν
1760 533 1852 568 ψυχὴν

1063 582 1116 614 ἕως
1132 583 1237 618 ἡμέρας
1256 583 1306 617 τῆς
1320 581 1504 613 ἀναστάσεως,
1515 581 1580 608 ὃταν
1592 579 1639 606 καὶ
1651 578 1717 605 αὐτὸ
1729 577 1761 605 τὺ
1773 577 1853 612 σῶμα

1065 629 1119 656 τῶν
1134 628 1306 664 ἁμαρτωλῶν
1325 627 1364 664 τῷ
1382 628 1472 655 σκότει
1484 626 1608 662 καλυφθῇ
1625 625 1665 661 τῷ
1678 624 1732 652 ἀπὸ
1748 624 1796 651 τοῦ
1805 623 1853 651 νῦν

1065 676 1251 711 κεκρυμμένῳ
1276 677 1316 707 είς
1339 675 1390 710 τὴν
1415 673 1606 710 ψυχήνοοῦτω
1622 673 1670 700 καὶ
1694 672 1711 708 ἡ
1730 671 1854 707 βασιλεία

1065 721 1112 749 τοῦ
1125 721 1224 756 φωτὸς,
1239 721 1316 757 καὶὴ
1332 721 1492 756 ἐπουράνιος
1515 719 1599 747 ε-ίκὼν
1619 718 1723 754 Ἰησοῦς
1737 717 1855 753 Χριστὸς

1068 767 1209 802 μυστικῶς
1224 767 1272 794 νῦν
1284 767 1333 803 τὴν
1349 767 1441 802 ψυχὴν
1463 766 1586 801 φωτίζει,
1604 765 1653 793 καὶ
1668 765 1804 801 βασιλεύει
1814 765 1856 795 είς

1066 813 1115 848 τὴν
1142 812 1233 848 ψυχῆν
1256 812 1311 839 τῶν
1336 812 1440 846 ἁγίων·
1465 810 1657 846 κεκρυμμένος
1679 809 1708 837 δὲ
1730 809 1785 836 ἀπὸ
1801 809 1856 836 τῶν

1066 858 1214 894 ὀφθαλμῶν
1229 859 1283 885 τῶν
1303 858 1467 892 ἀνθρώπων,
1484 853 1576 892 μόνοις
1592 856 1652 883 ἔστι
1670 855 1787 892 Χριστὸς
1800 855 1857 886 τοῖς

1066 905 1116 939 τῆς
1132 905 1221 940 ψυχῆς
1235 903 1586 946 ὸφθαλμοῖςίθεωρούμενος
1609 903 1639 930 ὲν
1664 900 1777 936 ἀληθείᾳ
1803 900 1856 932 ἓως

226 950 300 971 nunc
318 948 361 972 est
388 945 416 972 in
443 946 534 973 anima
551 948 683 981 hominis,
699 953 730 976 ut
755 953 784 977 et
807 949 897 985 ipsum
914 957 1016 985 corpus

1069 951 1174 986 ἡμέρας
1200 951 1250 986 τῆς
1280 945 1466 983 ἀναστάσεως,
1485 950 1530 977 ὅτε
1558 948 1606 976 καὶ
1627 947 1693 975 αὐτὸ
1718 947 1748 974 τδ
1776 946 1855 982 σῶμα

227 994 323 1023 regnet
355 998 418 1017 cum
446 992 549 1024 anima,
579 1001 641 1028 quae
664 1002 740 1023 nunc
766 1003 882 1031 regnum
912 995 1015 1023 Christi

226 1040 385 1069 consecuta,
403 1037 553 1072 requiescit
582 1044 610 1067 et
635 1040 697 1068 luce
721 1041 815 1069 divina
830 1041 1012 1069 illuminatur.

226 1080 317 1109 Gloria
330 1085 365 1111 slt
377 1085 610 1114 commiserationi
620 1092 648 1115 et
659 1088 858 1117 misericordiae
869 1090 940 1125 ejus,
950 1089 1016 1125 quia

227 1128 374 1156 miseretur
396 1137 538 1159 servorum
555 1140 681 1166 suorum,
699 1134 847 1166 illuminat,
873 1140 901 1163 et
916 1135 1017 1163 liberat

225 1180 274 1199 eos
290 1181 324 1200 ex
339 1182 425 1210 regno
439 1177 632 1212 tenebrarum,
652 1187 684 1207 ac
704 1180 789 1207 donat
804 1188 854 1208 eos
870 1181 976 1208 lumine
989 1185 1018 1209 et

227 1225 311 1252 regno
321 1227 381 1253 suo,
393 1221 437 1248 cui
451 1222 536 1256 gloria
553 1227 582 1250 et
599 1225 722 1258 potentia
738 1225 766 1252 in
783 1226 894 1253 saecula.
912 1226 1010 1254 Amen.

1067 995 1271 1031 καλυφθήσεται
1285 996 1331 1022 καί
1343 995 1538 1031 δοξασθήσεται
1548 994 1588 1030 τῷ
1598 993 1645 1021 τοῦ
1656 993 1760 1029 Κυρίου
1775 992 1856 1028 φωτὶ,

1067 1041 1105 1077 τῷ
1118 1042 1175 1069 ὄντι
1188 1042 1243 1070 ἀπὸ
1253 1041 1300 1068 τοῦ
1315 1041 1363 1068 νῦν
1377 1041 1406 1068 εν
1429 1041 1468 1077 τῷ
1481 1039 1617 1077 ἀνθρώπῳ
1630 1041 1669 1071 είς
1683 1039 1732 1075 τήν
1756 1038 1857 1074 ψυχὴν,

1068 1089 1114 1116 tvo.
1136 1088 1184 1116 καὶ
1211 1088 1277 1115 αὐτὸ
1299 1087 1329 1114 τὸ
1353 1087 1433 1124 σῶμα
1458 1086 1664 1123 συμϐασιλεύσῃ
1679 1087 1713 1121 τῇ
1725 1085 1809 1120 ψυχῇ,
1823 1085 1857 1120 τῇ

1069 1135 1124 1161 ἀπὸ
1135 1134 1183 1161 τοῦ
1197 1133 1246 1161 νῦν
1260 1133 1438 1169 λαμϐανούσῃ
1451 1133 1500 1169 τὴν
1512 1132 1652 1168 βασιλείαν
1668 1131 1715 1159 τοῦ
1726 1130 1857 1167 Χριστοῦ,

1071 1179 1265 1216 ἀναπαυομένη
1282 1179 1330 1206 καὶ
1347 1179 1520 1215 φωτιζομένῃ
1548 1178 1619 1213 (poni.
1641 1177 1757 1211 αἰωνίῳ.
1788 1175 1858 1208 Δόξα

1070 1225 1127 1256 τοῖς
1141 1225 1294 1260 οίκτιρμοῖς
1306 1224 1354 1251 καί
1366 1224 1399 1258 τῇ
1418 1222 1606 1258 εὐσπλαγχνίᾳ
1620 1220 1715 1253 αὑτοῦ,
1730 1221 1770 1247 ὅτι
1787 1218 1858 1246 ὲ).εεῖ

225 1265 288 1296 τοὺς
299 1265 408 1298 δούλους
419 1267 528 1300 ἑαυτοῦ,
543 1269 590 1296 καὶ
604 1270 726 1304 φωτίζει,
740 1271 788 1298 καί
803 1272 896 1307 ῥύεται
910 1273 1008 1304 αὐτοὺς
1027 1271 1059 1299 ἐκ
1071 1272 1121 1307 τῆς
1136 1271 1274 1307 βασιλείας
1294 1269 1341 1297 τοῦ
1366 1269 1489 1302 σκότους,
1501 1270 1549 1296 καὶ
1564 1267 1706 1304 χαρίζεται
1720 1266 1811 1298 αὐτοῖς
1827 1264 1859 1292 τὸ

226 1313 323 1340 ἑαυτοῦ
339 1314 408 1349 φῶς,
424 1315 471 1341 καὶ
486 1315 536 1350 τὴν
551 1316 647 1343 ἑαυτοῦ
680 1317 818 1352 βασιλείαν
842 1315 865 1353 ᾧ
893 1319 910 1354 ή
923 1319 998 1352 δόξα,
1016 1319 1064 1345 καὶ
1079 1318 1111 1345 τδ
1125 1318 1235 1354 κράτος,
1253 1318 1293 1349 εἰς
1306 1317 1370 1348 τοὺς
1386 1315 1498 1347 αἰῶνας.
1523 1314 1621 1350 Ἀμήν.

520 1371 663 1400 IIOMILIA
682 1373 727 1400 ill.

228 1413 304 1446 Quod
323 1415 419 1453 fratres
445 1416 472 1442 in
497 1417 663 1450 sinceritate,
681 1419 860 1453 simplicitate,
880 1419 1017 1447 dilectione

263 1458 303 1491 oc
314 1458 378 1491 pace
393 1451 469 1491 inter
495 1460 523 1478 se
539 1455 699 1491 conversari,
718 1451 749 1481 uc
762 1455 790 1482 in
818 1456 1017 1491 cogitationibus

265 1485 376 1512 internis
389 1485 485 1513 bellum
497 1495 587 1522 gerere
600 1488 721 1516 debeant.

1384 1372 1504 1400 ΟΜῙΛΙΔ
1522 1372 1561 1401 Γ’.

1069 1423 1131 1449 Ὅτι
1146 1423 1172 1449 οι
1184 1420 1308 1456 ἀδελφοί
1323 1420 1358 1456 ἐν
1370 1420 1557 1456 εἱλικρινείω
1615 1418 1812 1456 ἀκεραιόζητι,
1823 1415 1860 1442 ἐν

1104 1457 1216 1491 ἀγάπῃ,
1232 1452 1281 1483 mil
1297 1455 1400 1489 εἰρήνῃ
1421 1452 1484 1488 μετ’
1503 1452 1647 1491 ἀλλήρω
1672 1452 1858 1491 σῳνδᾳίγειν,

1105 1487 1155 1519 xui
1168 1487 1284 1524 ἐν’τοῒς
1298 1487 1359 1517 dirui
1373 1487 1530 1525 λογισμοῖς
1541 1490 1642 1526 ἀγῶνα
1663 1488 1711 1516 καί
1725 1487 1860 1521 πόλεμον

1105 1527 1203 1554 ποιεῖν
1217 1527 1404 1561 ὀφείλουσιν.

262 1579 284 1608 Ι.
298 1579 407 1608 Fratres
419 1580 448 1608 in
461 1588 568 1609 summa
580 1581 728 1611 dilectione
737 1583 853 1612 invicem
862 1585 1017 1613 conversari

1107 1586 1148 1613 A'.
1167 1585 1200 1612 Οί
1214 1584 1323 1620 ἀδελφοὶ
1337 1583 1490 1619 ὀφείλουσιν
1501 1583 1530 1611 ὲν
1543 1583 1638 1621 ἀγάπῃ
1658 1583 1743 1620 πολλῆ
1759 1584 1857 1611 συνετ-

229 1626 342 1659 debent,
358 1625 416 1654 sive
430 1634 528 1661 preces
542 1626 655 1658 iaciant,
670 1628 728 1656 sive
745 1628 837 1664 legant
847 1628 1019 1664 Scripturas,

230 1672 288 1700 sive
299 1673 392 1707 operis
403 1671 472 1707 quid
484 1671 597 1705 faciant,
612 1677 643 1700 ut
653 1673 866 1700 fundamentum
878 1673 1022 1702 charitatis

231 1722 358 1745 mutuum
384 1718 520 1752 habeant;
539 1722 568 1745 et
583 1718 630 1759 (ita
650 1718 796 1754 approbari
812 1723 943 1754 poterunt
959 1719 1021 1747 illo-

231 1772 294 1791 rum
310 1765 437 1792 instituta
450 1773 498 1792 seu
513 1765 616 1798 studia,
635 1769 664 1792 et
685 1764 732 1800 qui
756 1765 888 1800 precibus
910 1773 1022 1801 operam

231 1809 311 1842 dant,
326 1814 355 1837 et
368 1810 415 1845 qui
429 1811 534 1846 legunt,
550 1817 578 1839 et
594 1811 641 1846 qui
655 1816 824 1846 operantur,
840 1819 937 1839 omnes
957 1819 1022 1847 pos-

234 1860 299 1883 sunt
325 1857 353 1884 in
375 1857 537 1886 sinceritate
566 1862 594 1885 et
620 1857 796 1893 simplicitate
813 1857 944 1893 degentes
958 1866 974 1886 a
993 1866 1022 1886 se

233 1902 350 1930 invicem
379 1903 514 1938 adjuvari.
544 1903 600 1931 Cur
625 1903 700 1931 enim
722 1903 857 1938 scriptum
877 1907 936 1936 est,
963 1903 1023 1931 Fiat

232 1949 356 1977 voluntas
370 1954 417 1978 tua
425 1952 492 1978 sicut
510 1952 539 1978 in
553 1951 616 1979 caelo
631 1955 655 1978 et
664 1952 693 1979 in
705 1957 777 1979 terra
789 1952 827 1978 “‘l
849 1952 898 1987 ιι
908 1957 939 1980 ιιι
949 1960 1021 1987 quo-

232 1995 316 2023 modo
336 1996 425 2032 angeli
449 1997 478 2024 in
502 1997 580 2025 caelis
597 1998 670 2025 inter
694 2005 724 2025 se
749 1997 968 2033 congrediuntur
993 1998 1022 2025 in

233 2041 416 2070 unanimitate
428 2050 545 2076 summa,
558 2044 585 2070 in
596 2051 663 2078 pace
675 2048 704 2071 et
712 2043 862 2071 dilectione
876 2043 1020 2079 degentes,

232 2094 285 2114 nec
297 2091 340 2114 est
354 2087 426 2114 ullus
450 2088 508 2115 illic
531 2088 618 2116 fastus
631 2092 679 2116 aut
692 2088 814 2122 invidia;
836 2088 884 2116 sed
906 2089 935 2116 in
950 2089 1021 2116 dile-

233 2132 325 2159 ctione
336 2137 366 2159 et
383 2133 544 2161 sinceritate
559 2138 654 2160 mutua
680 2138 883 2162 convcrsantur
898 2144 905 2162 :
922 2135 1020 2163 eodem

233 2176 316 2204 modo
329 2176 428 2205 fratres
442 2178 515 2205 inter
538 2185 568 2205 se
592 2178 658 2206 sint.
683 2179 824 2214 Contingit
838 2180 971 2214 quosdam
987 2180 1021 2208 ad

234 2221 346 2257 triginta
362 2222 389 2250 in
403 2231 489 2250 unum
501 2224 661 2257 convenire,
674 2229 764 2252 totum
773 2225 846 2252 diem
861 2233 894 2253 ac
908 2231 1017 2254 noctem

1071 1641 1116 1660 ναι
1131 1632 1267 1668 ἀλλήλοις,
1280 1632 1336 1658 εττε
1352 1631 1488 1667 εὕχοντάι,
1504 1630 1560 1658 εἴτε
1574 1630 1792 1665 ἀναγινώσκουσι
1807 1630 1859 1662 τὰς

1073 1678 1196 1714 Γραφὰς,
1210 1678 1266 1705 εἴτε
1279 1677 1360 1713 ἔργον
1373 1686 1400 1704 τι
1423 1677 1555 1710 ποιοῦσιν,
1570 1677 1613 1704 ἵνα
1627 1677 1709 1712 ἔχωσι
1720 1676 1766 1703 τὸν
1778 1676 1862 1712 θεμέ-

1071 1724 1126 1751 λιον
1141 1724 1191 1759 τῆς
1204 1724 1315 1759 ἀγάπης
1329 1723 1398 1758 πρὸς
1420 1723 1566 1758 ἀλλήλους·
1586 1723 1634 1750 καὶ
1647 1722 1734 1754 οὕτως
1747 1722 1861 1750 δύναται

1071 1770 1180 1797 εὐδοκία
1194 1770 1321 1804 γενέσθαι
1336 1770 1376 1801 είς
1395 1768 1504 1802 ὲκείνας
1526 1769 1576 1802 τὰς
1603 1769 1789 1804 προαιρέσεις,
1813 1768 1862 1795 καὶ

1071 1815 1096 1842 ot
1109 1811 1261 1850 εὐχόμενοι,
1277 1815 1325 1841 καὶ
1336 1814 1361 1841 οί
1377 1813 1621 1847 ἀναγινώσκοντες,
1636 1813 1684 1839 καὶ
1702 1812 1728 1839 οι
1743 1811 1860 1847 ἐργαζό-

1074 1869 1159 1897 μενοι,
1175 1861 1276 1893 πάντις
1291 1860 1418 1887 δύνανται
1431 1861 1460 1887 ἐν
1476 1859 1653 1895 ἀκεραιότητι
1663 1859 1712 1886 καὶ
1727 1857 1862 1894 ἁπλότητι

1071 1907 1212 1943 διάγοντες
1226 1907 1285 1943 μετ’
1303 1907 1427 1942 ἀλλήλων
1440 1905 1628 1942 ὠφεληθῆναι.
1641 1905 1674 1932 Τί
1688 1904 1743 1940 γὰρ
1763 1904 1862 1940 γέγρα-

1075 1962 1153 1986 πται,
1162 1953 1322 1987 Γενηθήτω
1329 1952 1363 1979 τὸ
1376 1951 1492 1987 θέλημά
1505 1960 1565 1979 σου
1582 1951 1621 1984 ὡς
1638 1951 1673 1978 ἐν
1686 1949 1802 1985 οὐρανῷ
1811 1948 1863 1976 καί

1072 1999 1123 2027 ἐπὶ
1137 1999 1193 2033 τῆς
1204 1998 1261 2033 γῆς
1276 2007 1285 2032 ;
1302 1998 1345 2025 ἵνα
1357 1998 1387 2026 ὃν
1400 1998 1501 2034 τρόπον
1517 1998 1543 2024 οί
1564 1998 1594 2024 ὲν
1607 1997 1732 2032 οὐρανοῖς
1749 1995 1860 2030 ἄγγελοι

1074 2045 1195 2072 σύνεισιν
1213 2044 1348 2080 ἀλλήλοις,
1368 2045 1397 2071 ὲν
1420 2043 1531 2080 ὁμονοίᾳ
1546 2043 1642 2079 πολλῇ.
1657 2044 1686 2069 ἐν
1696 2043 1792 2079 είρήνῃ
1809 2043 1858 2069 καὶ

1072 2090 1167 2126 ἀγάπῃ
1174 2089 1324 2124 διάγοντες,
1335 2089 1382 2115 καὶ
1392 2089 1442 2116 οὑκ
1454 2088 1528 2116 ἔστιν
1542 2089 1601 2116 ἐκεῖ
1615 2088 1742 2123 ἔπαρσις,
1759 2088 1774 2123 ἥ
1791 2087 1859 2122 φθό-

1072 2143 1131 2168 νος·
1153 2136 1211 2163 ἀλλ’
1223 2136 1252 2162 ἐν
1276 2135 1372 2172 ἀγάπῃ
1394 2135 1442 2162 καὶ
1473 2135 1634 2171 είλικρινείᾳ
1655 2135 1714 2170 μετ’
1736 2134 1861 2170 ἀλλήλων

1072 2183 1151 2215 εἰσὶν,
1167 2182 1254 2214 οὕτως
1270 2182 1314 2209 ἴνα
1335 2183 1382 2209 καὶ
1400 2182 1426 2208 ot
1450 2181 1561 2216 ἀδελφοὶ
1579 2180 1629 2207 ὦσι
1656 2181 1715 2216 μετ’
1727 2180 1860 2215 ἀλλήλων.

1072 2228 1221 2264 Συμὸαίνει
1233 2228 1309 2260 τινὰς
1327 2226 1397 2254 εῖναι
1410 2227 1557 2263 τριάκοντα
1569 2228 1621 2254 ὑπὸ
1633 2227 1664 2254 τὸ
1681 2227 1721 2260 ἓν,
1733 2227 1797 2260 ὃλην
1812 2225 1863 2261 τὴν

234 2276 288 2295 una
305 2276 483 2303 perseverare
501 2277 557 2297 non
571 2274 700 2305 possunt;
727 2271 775 2299 sed
790 2271 902 2307 quidam
917 2279 1017 2300 eorum

1071 2275 1178 2310 ἡμέραν
1194 2274 1242 2301 καὶ
1257 2274 1308 2309 τὴν
1326 2273 1413 2301 νύκτα
1426 2274 1457 2300 οὺ
1473 2273 1599 2300 δύνανται
1620 2273 1838 2310 προσκαρτερεῖν
1853 2281 1861 2289 ο

233 2313 300 2340 dant
312 2321 423 2348 operam
440 2315 569 2350 precibus
580 2323 628 2343 sex
641 2315 735 2348 horas,
752 2320 782 2345 et
795 2318 892 2345 volunt
905 2317 997 2353 legere
1011 2327 1019 2346 :

231 2359 344 2394 quidam
372 2368 440 2387 vero
469 2365 596 2396 prompte
627 2370 660 2389 ac
690 2363 823 2391 benevole
849 2363 1019 2398 ministrant,

231 2404 325 2432 caeteri
338 2412 372 2432 ex
384 2405 451 2440 ipsis
467 2406 559 2440 operis
575 2406 641 2441 quid
653 2406 769 2436 faciunt.

265 2450 299 2478 ll.
315 2451 422 2479 Debent
435 2452 519 2487 igitur
535 2453 645 2487 fratres,
660 2453 683 2482 si
702 2454 770 2490 quid
792 2454 887 2490 operis
903 2454 1019 2488 faciunt,

232 2496 261 2524 in
277 2497 413 2525 charitate
429 2502 457 2526 et
471 2499 566 2527 laetitia
582 2500 654 2527 inter
667 2508 697 2528 se
716 2501 890 2534 conversari;
918 2506 946 2530 et
972 2502 1020 2537 qui

231 2547 374 2576 operatur,
392 2543 427 2571 de
443 2551 488 2577 eo,
508 2545 556 2580 qui
573 2553 671 2580 preces
684 2545 760 2580 facit,
786 2546 827 2574 sic
843 2546 938 2574 dicat:
953 2547 1018 2574 The-

230 2596 341 2615 saurum
350 2597 427 2624 quem
441 2590 524 2625 frater
536 2599 608 2618 meus
619 2592 744 2626 possidet,
761 2593 886 2627 quoniam
904 2601 1021 2620 commu-

232 2635 273 2661 nis
288 2638 336 2668 est,
360 2640 385 2662 et
400 2643 446 2671 ego
459 2636 540 2663 habeo
552 2645 562 2670 ;
573 2642 601 2665 et
616 2638 665 2672 qui
682 2643 824 2673 precatur,
854 2638 889 2666 de
899 2647 944 2672 eo,
971 2639 1019 2674 qui

231 2679 309 2715 legit,
326 2681 367 2708 sic
379 2681 454 2709 dicat
477 2690 485 2710 :
507 2681 582 2715 Quod
600 2683 646 2710 ille
668 2685 778 2720 percipit
799 2685 966 2712 commodum
989 2694 1020 2713 ex

233 2725 353 2760 lectione,
365 2728 393 2755 in
411 2737 499 2756 meum
514 2730 581 2756 cedit
602 2729 717 2758 lucrum.
743 2731 777 2759 Et
800 2731 848 2766 qui
875 2736 1019 2767 operatur,

232 2782 328 2802 rursus
369 2775 410 2803 sic
446 2777 537 2804 dicat:
559 2777 738 2806 Ministerium
766 2779 836 2815 quod
859 2784 967 2814 prauo,
991 2781 1019 2807 in

231 2827 396 2847 communem
420 2822 487 2849 cedit
510 2821 660 2851 utilitatem.
688 2823 926 2857 Quemadmodum
944 2825 1018 2853 enim

234 2865 357 2893 membra
374 2867 498 2901 corporis
526 2869 610 2896 multa
630 2877 692 2897 cum
718 2870 785 2904 sint,
818 2878 903 2899 unum
919 2879 1020 2907 corpus

270 2922 292 2939 “
304 2923 399 2952 Matth.
416 2933 452 2958 vt,
468 2925 511 2953 10.

1073 2321 1142 2348 ἀλλὰ
1156 2321 1228 2352 τινες
1245 2320 1295 2356 μὲν
1314 2320 1405 2347 αὐτῶν
1425 2319 1586 2355 σχολάζουσι
1597 2320 1630 2354 τῇ
1651 2319 1717 2354 εὐχῇ
1728 2318 1804 2354 ὥρας
1820 2317 1860 2351 ἓξ,

1072 2366 1120 2394 καὶ
1145 2365 1286 2401 βούλονται
1304 2363 1477 2398 ἀναγνῶναι·
1497 2363 1615 2391 dum-6e
1633 2363 1781 2398 προθύμως
1799 2363 1861 2389 δια-

1071 2412 1207 2445 κονοῦσιν,
1220 2411 1296 2439 ἄλλοι
1308 2411 1330 2437 δ’
1342 2410 1372 2444 ἐξ
1384 2410 1475 2437 αὐτῶν
1488 2409 1652 2445 ἐργάζονταί
1668 2417 1696 2435 τι
1711 2408 1801 2445 ἔργον.

1108 2459 1144 2485 B'.
1169 2457 1336 2492 Ὀφείλουσιν
1357 2454 1404 2483 οὖν
1429 2457 1453 2483 οί
1473 2455 1594 2490 ἀδελφοὶ,
1609 2456 1637 2482 ετ
1655 2463 1682 2481 τι
1694 2454 1813 2486 ποιοῦσι,
1833 2454 1863 2480 έν

1074 2504 1170 2540 ἀγάπῃ
1185 2503 1234 2530 καὶ
1253 2503 1327 2538 χαρᾷ
1345 2501 1414 2529 εἶναι
1431 2503 1490 2538 μετ’
1504 2501 1637 2537 ἀλλήλων·
1653 2501 1701 2528 καὶ
1717 2502 1731 2527 ό
1745 2500 1863 2536 ἐργαζό-

1073 2558 1154 2585 μενος
1174 2549 1239 2584 περὶ
1262 2548 1308 2575 τοῦ
1332 2548 1480 2584 εὐχομένου
1502 2547 1573 2575 οὕτω
1594 2547 1706 2581 λεγέτω,
1722 2548 1763 2574 ὄτι
1776 2548 1832 2574 ’ον
1845 2548 1862 2574 ὁ

1071 2595 1204 2630 ἁδελφός
1208 2603 1268 2629 μου
1283 2594 1386 2622 κτᾶται
1401 2595 1564 2628 θησαυρὸς,
1576 2593 1640 2620 ἐπεὶ
1650 2593 1751 2626 κοινός
1764 2593 1861 2624 ἐστιν,

1072 2641 1154 2677 κάγὼ
1173 2641 1243 2675 ἔχω.
1261 2640 1316 2666 Καὶ
1327 2641 1342 2666 ὁ
1355 2639 1502 2675 εὐχόμενος
1512 2640 1577 2674 περὶ
1593 2639 1641 2666 τοῦ
1658 2637 1862 2673 ἀναγινώσκον-

1071 2695 1117 2718 τος
1144 2686 1216 2712 οὕτω
1243 2685 1345 2719 λεγέτω
1358 2706 1365 2717 ,
1387 2686 1427 2712 ὅτι
1453 2687 1487 2712 '0
1499 2685 1614 2718 ἐκεῖνος
1639 2685 1795 2720 ὠφελεῖται
1816 2685 1863 2716 sic

1071 2731 1129 2764 τὴν
1144 2730 1326 2765 ἀνάγνωσιν,
1340 2731 1384 2763 είς
1397 2730 1472 2764 ἐμὸν
1484 2730 1655 2764 προσχωρεῖ
1672 2728 1787 2763 κέρδος.
1803 2729 1863 2756 Καὶ

1071 2778 1085 2804 ὁ
1107 2777 1291 2813 ἐργαζόμενος
1306 2774 1384 2808 αὖθις
1398 2776 1478 2803 τοῦτο
1496 2775 1608 2810 λεγέτω,
1624 2776 1667 2802 ὅτι
1684 2775 1745 2809 Τὴν
1757 2775 1863 2802 διακο-

1071 2823 1141 2850 νίαν
1170 2821 1212 2856 ἣν
1229 2821 1312 2854 ποιῶ,
1332 2821 1418 2855 κοινή
1435 2822 1520 2848 ἐστιν
1535 2821 1672 2856 ὠφέλεια.
1689 2821 1793 2856 Ὥσπερ
1805 2820 1862 2855 γὰρ

1072 2869 1107 2896 τὰ
1129 2868 1198 2904 μέλη
1211 2867 1258 2895 τοῦ
1271 2867 1397 2903 σώματος
1410 2867 1495 2894 πολλὰ
1513 2868 1577 2895 ὄντά
1591 2868 1620 2895 ἓν
1637 2868 1695 2895 ἐστι
1707 2866 1796 2901 σῶμα,
1811 2866 1864 2894 καὶ
