2064 3152
214 185 268 218 469

828 190 1011 222 HOMILIE.
1024 204 1060 210 -
1068 190 1162 222 HOM.
1176 191 1234 221 III.

1795 188 1850 221 4⁵10

216 242 361 280 βοηθοῦσιν
379 243 524 280 ἀλλήλοις,
542 245 590 273 καὶ
611 245 727 274 ἕκαστον
749 247 814 275 ῐδιον
836 248 941 275 ὲκτελεί
962 248 1005 283 ἑρ-

1058 252 1132 280 sunt,
1157 252 1185 275 et
1201 255 1231 275 se
1248 251 1345 275 mutuo
1358 247 1499 284 adjuvant,
1518 251 1546 275 et
1563 246 1781 283 unumquodque
1798 255 1848 275 suo

214 298 272 324 γον”
284 289 355 325 πλὴν
366 291 380 317 6
395 290 534 326 ὀφθαλμὸς
548 291 619 327 ὑπὲρ
630 291 691 318 ὅλου
702 291 750 318 τοῦ
764 292 890 327 σώματος
902 293 1006 328 βλέπει,

214 335 264 362 καὶ
280 337 297 372 ἡ
309 336 371 371 χεὶρ
387 336 458 372 ὑπερ
479 336 547 363 ὅλων
561 337 616 364 τῶν
642 337 733 373 μελῶν
755 338 912 374 ἐργάζεται,
930 340 978 366 καὶ
993 340 1007 366 6

216 383 282 414 ποὺς
312 383 470 417 περιπατεῖ,
497 383 546 410 ὅλα
572 383 607 411 τὰ
638 384 708 420 μέρη
731 384 939 420 ἐπιφερόμενος,
960 386 1008 412 καὶ

213 428 277 456 ἄλλο
291 428 459 463 συμπάσχει·
482 428 555 456 οὕτω
574 430 621 457 καὶ
637 431 662 457 οἱ
681 430 791 466 ἀδελφοὶ
810 432 869 466 μετ’
884 431 1008 467 ἀλλήλων

213 474 349 501 εστωσαν.
364 475 420 501 Καὶ
438 475 508 509 μήτε
527 476 541 502 6
561 475 707 511 εὐχόμενος
727 477 844 511 κρινέτω
856 476 903 504 τδν
922 477 1007 513 ἐργα-

214 520 340 554 ζόμενον,
353 519 420 547 διότι
432 520 481 547 οὐκ
492 520 612 556 εὔχεται·
633 522 703 557 μήτε
719 522 733 548 ὁ
746 521 929 557 ἐργαζόμενος
943 531 1006 558 κρι-

213 565 283 592 νάτω
303 565 350 593 τὸν
371 567 528 602 εὐχόμενον,
551 568 593 594 ὃτι
619 567 724 599 ἐκεῖνος
750 568 914 603 παραμένει,
928 568 1007 603 κάγὼ

198 611 379 647 γὲργάξομαι·
396 613 465 649 μήτε
489 614 503 640 6
528 613 665 640 διακονῶν
691 613 808 648 κρινέτω
832 613 879 640 τὸν
900 613 1005 649 ἓτερον.

220 657 292 684 Ἀλλ’
305 657 422 690 ἕκαστος
447 658 474 685 εἰ
491 667 519 686 τι
536 660 610 686 ποιεῖ
630 659 670 691 είς
693 659 772 691 δόξαν
792 659 861 687 Θεοῦ
883 660 1005 688 ποιείτω.

220 703 250 731 '0
265 703 461 738 ἀναγινώσκων
486 705 532 732 τὸν
549 705 697 740 εὐχόμενον
725 705 776 742 ἔχῃ
794 706 824 732 ὲν
847 705 944 742 ἀγάπῃ
958 707 1007 734 καὶ

215 750 298 785 χαρᾷ,
313 750 394 776 τοῦτο
410 750 602 785 λογιζόμενος,
621 751 662 777 ὅτι
681 751 767 787 ’Υπὲρ
781 752 849 787 ἐμοῦ
875 751 984 787 εὔχεται
997 760 1004 768 ·

214 794 263 820 καὶ
277 795 292 821 6
316 795 462 830 εὐχόμενος
478 797 545 831 περὶ
564 795 613 836 τοῦ
639 796 825 832 ἐργαζομένου
841 797 922 824 τοῦτο
936 798 1006 832 λογι-

214 840 314 873 ζέσθω,
329 841 371 868 ὅτι
386 840 401 867 ὃ
420 843 504 874 ποιεῖ,
520 842 560 873 εῑς
576 842 669 878 κοινὴν
683 842 817 877 ὠφέλειαν
832 844 916 871 ποιεῖ.

250 885 287 913 Γ¹.
303 885 360 912 Καὶ
375 885 446 913 οὕτω
457 886 569 914 δύναται
582 888 724 926 ὁμοφωνία
739 889 835 924 πολλὴ,
848 890 1003 927 καὶείρήνη

213 931 263 958 καὶ
282 931 428 967 συμφωνία
441 932 472 959 ὲν
488 932 528 968 τῷ
541 933 683 969 συνδέσμῳ
698 934 749 969 τῆς
761 935 873 971 εἰρήνης
890 937 1003 972 κρατεῖν

215 975 360 1012 ἀλλήλους,
375 977 423 1004 καὶ
445 977 599 1012 συνδιάγειν
618 979 677 1014 μετ’
692 970 815 1016 ἀλλήλων
829 970 858 1008 ὲν
875 970 1005 1017 ἀκεραιό-

213 1029 287 1056 τητι,
302 1022 348 1048 καὶ
362 1021 526 1058 ἀφελότητι,
546 1024 593 1051 καὶ
614 1024 728 1061 εὐδοκία
751 1026 830 1054 Θεοῦ.
851 1027 889 1054 Τὸ
906 1027 936 1054 δὲ
959 1036 1006 1055 κε-

215 1067 450 1104 φαλαιωδέστερον
477 1069 606 1103 πάντων,
631 1070 752 1106 δηλονότι
776 1073 793 1107 ἠ
822 1073 891 1109 πρὸς
909 1075 1005 1110 καιρδν

214 1113 382 1149 καρτέρησίς
404 1114 463 1141 ἐστι
484 1115 534 1150 τῆς
557 1116 653 1151 εὐχῆς·
679 1117 751 1152 πλὴν
773 1117 802 1144 δὲ
821 1118 851 1145 ἒν
869 1119 1003 1155 ζητεῖται,

214 1159 260 1185 ἵνα
275 1159 324 1196 ἔχῃ
341 1167 384 1191 τις
403 1159 539 1196 θησαυρὸν
560 1161 589 1188 ὲν
615 1163 648 1197 τῇ
674 1161 759 1198 ψυχῇ,
786 1164 832 1190 καὶ
854 1163 904 1199 τὴν
918 1165 1003 1200 ζωὴν,

213 1205 276 1240 ἥτις
294 1205 367 1231 ἐστὶν
382 1206 396 1232 6
411 1205 514 1241 Κύριος
528 1207 557 1233 ιν
571 1207 610 1243 τῷ
625 1207 673 1242 νῷ·
689 1208 744 1235 εἴτε
766 1208 931 1244 ἐργάζεται,
948 1211 1004 1237 εἴτε

213 1249 336 1285 εὔχεται,
351 1250 407 1278 εἴτε
422 1251 615 1286 ἀναγινώσκει,
632 1253 677 1280 ἵνα
695 1253 746 1290 ἔχῃ
764 1254 852 1281 ὲκεῖνο
867 1255 898 1282 τὸ
912 1256 1005 1292 κτῆμα

213 1296 245 1323 τὸ
266 1296 304 1332 μὴ
319 1297 535 1333 παρερχόμενον,
553 1298 568 1325 ὃ
580 1299 638 1325 ἔστι
653 1299 683 1326 τὸ
699 1299 776 1334 ἅγιον
793 1301 917 1337 Πνεῦμα.
943 1303 1004 1329 Εἰσὶ

211 1342 244 1369 δέ
257 1351 330 1375 τινες
341 1342 421 1370 τοῦτο
436 1343 572 1377 λέγοντες,
597 1345 637 1372 ὅτι
655 1345 670 1371 ὁ
683 1345 786 1381 Κύριος
802 1347 903 1382 μόνους
920 1357 1004 1383 φανε-

215 1389 280 1425 ροὺς
297 1390 422 1424 καρποὺς
445 1390 557 1417 ἀπαιτεῖ
579 1392 656 1427 παρὰ
676 1393 732 1419 τῶν
745 1393 907 1429 ἀνθρώπων·
929 1395 964 1422 τὰ
976 1396 1006 1423 δὲ

214 1434 326 1470 κρυπτὰ
340 1435 354 1462 6
370 1434 435 1466 Θεὸς
448 1435 586 1471 κατορθοῖ.
601 1437 656 1471 Οὐχ
667 1436 755 1470 οὕτως
769 1438 797 1465 δέ
816 1439 869 1466 είσι
882 1441 917 1468 τὰ
934 1440 1006 1477 πρά-

213 1489 320 1516 γματα,
335 1481 392 1508 ἀλλ’
407 1482 502 1518 ὥσπερ
520 1483 560 1514 είς
581 1483 627 1510 τὸν
647 1483 699 1516 ἔξω
722 1483 867 1520 ἄνθρωπον
887 1486 1004 1521 ἀσφαλί-

215 1528 304 1560 (stat,
322 1527 409 1560 οὕτως
432 1529 536 1562 ὀφείλει
561 1529 609 1555 καὶ
627 1529 657 1556 ὲν
679 1531 738 1562 τοῖς
761 1530 903 1566 λογισμοῖς
917 1533 1005 1560 ποιεῖν

213 1572 309 1607 ἀγῶνα
325 1573 370 1600 καὶ
393 1573 523 1609 πόλεμον·
545 1574 658 1601 ἀπαιτεῖ
678 1583 708 1601 σε
725 1575 780 1611 γὰρ
799 1577 814 1602 6
830 1577 944 1611 Κύριος,
961 1578 1005 1605 ἵνα

216 1617 346 1654 ὀργισθῇς
359 1618 476 1655 σεαυτῷ,
497 1618 544 1645 καὶ
562 1619 653 1655 μάχην
667 1621 785 1656 ποιήσῃς
801 1622 871 1657 μετά
883 1622 930 1649 τοῦ
945 1623 1005 1656 νοός

216 1672 274 1698 σου,
294 1665 363 1701 μήτε
387 1668 581 1703 συμφωνήσῃς,
606 1668 675 1704 μήτε
699 1669 867 1705 συνηδυνθῇς
885 1671 943 1702 τοῖς
959 1670 1006 1697 λο-

215 1712 326 1746 γισμοῖς
337 1711 387 1747 τῆς
401 1712 511 1744 κακίας.

250 1758 288 1785 Δ’.
299 1758 400 1785 Λοιπὸν
427 1759 458 1786 τὸ
483 1759 632 1795 ὲκριζῶσαι
660 1761 710 1796 τὴν
734 1761 874 1798 ἁμαρτίαν
900 1765 948 1790 καὶ
973 1763 1005 1789 τδ

216 1804 294 1832 συνὸν
310 1805 407 1838 κακὸν,
423 1805 503 1832 τοῦτο
522 1807 555 1841 τῇ
571 1805 635 1842 θείᾳ
659 1806 772 1842 δυνάμει
790 1807 872 1843 μόνον
889 1808 1005 1836 δυνατόν

215 1852 275 1879 ἐστι
290 1853 473 1888 κατορθῶσαι.
487 1853 544 1880 Οὐκ
559 1853 648 1886 ἔξεστι
666 1853 721 1889 γὰρ
738 1854 799 1881 οὔτε
821 1854 932 1882 δυνατὸν
954 1855 1005 1882 ἀν-

215 1898 318 1935 θρώπῳ
328 1899 358 1932 ἐξ
375 1899 441 1932 ίδίας
458 1899 599 1936 δυνάμεως
610 1900 760 1937 ἐκριζῶσαι
781 1901 831 1937 τὴν
843 1902 998 1937 ἁμαρτίαν·

212 1945 245 1972 τὸ
259 1946 460 1979 ἀπιπαλαῖσαι,
477 1947 508 1973 τὸ
519 1947 762 1983 ἁντιμαχεσθῆναι,
776 1947 874 1983 δείραι.
890 1949 1004 1984 δαρῆναι

214 1991 263 2018 σόν
280 1993 365 2019 ἐστιν·
383 1992 533 2028 ὲκριξῶσαι
558 1993 605 2026 δὲ,
623 1994 691 2021 Θεοῦ
717 1995 802 2022 ἐστιν.
835 1995 868 2021 ΕΞ
894 1995 948 2031 γὰρ
971 1996 1003 2023 σὺ

212 2037 305 2073 ἠδύνω
326 2038 406 2066 τοῦτο
434 2039 557 2074 ποιῆσαι,
577 2039 620 2072 τίς
641 2041 721 2076 χρεία
744 2041 793 2077 τῆς
807 2041 940 2074 ἐλεύσεως
956 2042 1003 2069 τοῦ

213 2084 337 2119 Κυρίου;
352 2085 397 2117 Ὠς
413 2085 467 2120 γὰρ
482 2086 533 2112 οὐκ
548 2086 606 2114 ἔστι
616 2087 663 2114 τὸν
682 2087 822 2123 ὀφθαλμὸν
837 2088 902 2115 ἄνευ
916 2090 1004 2124 φωτὸς

215 2130 327 2165 βλέπειν
340 2151 348 2164 ,
363 2132 381 2166 ἧ
407 2132 499 2160 λαλεῖν
523 2133 587 2160 ἄνευ
607 2133 742 2169 γλώττης,
774 2134 790 2170 ἦ
812 2135 922 2162 ἀκούειν
939 2135 1004 2162 ἄνευ

213 2175 331 2212 ὥτων,ῆ
351 2179 515 2212 περιπατεῖν
532 2179 596 2205 ἄνευ
612 2179 739 2215 ποδῶν,ἢ
757 2180 924 2214 ἐργάξεσθαι
938 2181 1003 2208 ἄνευ

213 2221 316 2257 χειρῶν
327 2230 334 2237 ·
345 2223 431 2255 οὕτως
444 2224 474 2250 οὐ
489 2224 603 2252 δύνασαι
620 2225 685 2252 ἄνευ
698 2225 744 2252 τοῦ
765 2226 852 2261 Ἰησοῦ
873 2227 1003 2262 σωθῆναι,

1059 294 1183 329 fungitur
1195 292 1295 325 oﬂicio,
1319 293 1396 320 velut
1414 293 1512 320 oculus
1529 300 1578 328 pro
1591 297 1648 320 toto
1665 300 1781 327 corpore
1806 293 1849 319 vi-

1058 339 1116 371 det,
1148 343 1177 366 et
1194 346 1292 366 manus
1309 346 1359 373 pro
1377 338 1507 366 omnibus
1525 339 1658 366 membris
1682 338 1802 369 laborat.
1820 343 1849 366 et

1059 393 1107 420 pes
1131 384 1255 412 ambulat
1274 384 1367 411 omnia
1395 383 1518 410 membra
1540 384 1694 415 sustinens,
1727 387 1756 410 et
1773 382 1848 409 aliud

1058 431 1214 459 membrum
1229 430 1397 465 compatitur
1415 438 1422 456 :
1441 428 1481 456 sic
1493 433 1522 456 et
1535 429 1634 456 fratres
1649 429 1722 456 inter
1735 436 1765 456 se
1780 428 1847 456 sint.

1058 478 1152 513 Itaque
1166 477 1213 512 qui
1228 483 1325 511 preces
1346 475 1424 507 facit,
1456 482 1512 502 non
1536 475 1642 510 jndicet
1662 475 1847 505 laborantem.

1057 523 1131 558 quod
1147 531 1202 550 non
1213 526 1344 558 precetur
1358 531 1365 549 :
1385 527 1475 556 neque
1491 521 1539 557 qui
1554 521 1674 552 laborat.
1683 520 1850 548 condemnet

1057 573 1228 604 precantem,
1236 568 1310 603 quod
1321 567 1366 595 ille
1374 567 1510 602 quiescat,
1520 566 1578 601 ipse
1587 574 1654 594 vero
1662 566 1770 593 laboret
1779 574 1787 592 :
1797 572 1849 592 ne-

1057 622 1111 650 que
1127 615 1174 649 qui
1190 614 1342 647 ministrat,
1353 614 1470 641 alterum
1486 613 1609 640 damnet.
1635 612 1689 640 Sed
1700 612 1850 646 unusquis-

1056 669 1122 696 que,
1133 661 1156 688 si
1169 660 1235 696 quid
1251 660 1326 693 facit,
1346 661 1374 688 in
1393 660 1442 687 Dei
1460 660 1574 695 gloriam
1593 659 1686 686 faciat.
1704 658 1756 691 Qui
1769 658 1848 693 legit,

1056 713 1151 734 amore
1168 710 1196 733 et
1216 706 1320 741 gaudio
1342 709 1529 741 prosequatur
1546 709 1718 739 precantem,
1750 703 1791 730 sic
1808 709 1851 730 se-

1056 760 1119 780 cum
1136 752 1279 787 colligens,
1303 751 1369 786 quia
1390 759 1440 787 pro
1458 758 1501 778 me
1515 754 1586 778 orat.
1610 750 1645 777 Et
1664 749 1711 784 qui
1722 753 1792 782 orat,
1814 749 1850 777 de

1055 799 1198 826 laborante
1210 798 1263 825 hoc
1279 801 1393 829 statuat,
1404 797 1468 832 quia
1477 796 1552 832 quod
1565 800 1708 831 operatur,
1725 795 1759 822 ad
1774 802 1851 822 com-

1016 854 1021 857 -
1056 851 1167 872 munem
1185 844 1334 871 utilitatem
1347 843 1423 871 facit.

1090 887 1135 915 Ill.
1148 887 1182 914 Et
1193 887 1233 915 sic
1246 895 1352 914 summa
1378 886 1528 914 concordia
1543 889 1571 914 et
1585 893 1649 921 pax,
1678 884 1850 912 animarum-

1057 941 1113 967 que
1124 941 1277 961 consensus
1298 933 1326 960 in
1337 933 1450 961 vinculo
1463 933 1541 968 pacis
1553 940 1601 960 eos
1618 933 1693 960 inter
1711 939 1741 959 se
1759 931 1850 959 conti-

1056 986 1122 1008 nere
1131 979 1206 1015 polis
1228 980 1292 1011 erit.
1308 984 1340 1006 ut
1366 983 1570 1007 conversenlur
1595 979 1623 1006 in
1642 978 1801 1006 sinceritate
1822 983 1851 1005 et

1056 1026 1234 1061 simplicitate
1243 1030 1272 1053 et
1285 1025 1478 1053 benevolentia
1499 1025 1560 1052 Dei.
1585 1024 1733 1052 Maximum
1756 1029 1850 1051 autem

1055 1073 1179 1100 omnium
1193 1076 1246 1105 est,
1261 1071 1400 1103 videlicet,
1409 1074 1565 1106 opportuna
1580 1078 1693 1106 precum
1703 1071 1850 1098 continua—

1056 1119 1106 1146 tio.
1123 1119 1259 1146 Praaterea
1270 1126 1355 1146 unum
1370 1117 1536 1152 requiritur,
1552 1122 1583 1145 ut
1597 1117 1660 1152 quis
1675 1117 1776 1144 habeat
1791 1117 1851 1144 the-

1054 1172 1169 1192 saurum
1187 1164 1214 1191 in
1229 1164 1331 1197 anima,
1348 1168 1377 1191 et
1391 1163 1488 1196 vitam,
1516 1171 1577 1198 quae
1599 1167 1641 1191 est
1664 1163 1799 1190 Dominus
1819 1162 1850 1190 in

1056 1210 1148 1238 animo
1165 1219 1173 1236 :
1188 1209 1247 1237 sive
1263 1210 1382 1240 laboret,
1409 1209 1468 1237 sive
1481 1213 1623 1244 precetur.
1645 1210 1704 1236 sive
1721 1209 1801 1244 legat,
1819 1212 1850 1235 ut

1055 1255 1158 1283 habeat
1175 1255 1250 1282 illam
1262 1254 1467 1290 possessionem
1483 1261 1538 1281 non
1554 1253 1717 1288 perituram,
1735 1260 1796 1288 quae
1807 1257 1850 1281 est

1036 1296 1042 1303 ’
1056 1301 1177 1338 Spiritus
1194 1306 1316 1330 sanctus.
1341 1301 1402 1329 Non
1429 1301 1540 1332 desunt,
1574 1300 1621 1335 qui
1645 1300 1738 1328 dicant
1753 1300 1855 1327 Domi—-

1054 1357 1122 1377 num
1137 1349 1298 1376 manifestos
1319 1348 1394 1376 solos
1415 1347 1522 1375 fructus
1537 1346 1682 1382 requirere
1706 1346 1740 1373 ab
1757 1346 1849 1373 homi-

1055 1396 1158 1424 nibus:
1175 1395 1305 1422 interiora
1322 1402 1389 1421 vero
1405 1393 1492 1421 Deum
1507 1393 1658 1428 corrigere.
1679 1392 1740 1420 Non
1756 1396 1848 1420 autem

1056 1450 1101 1470 res
1124 1443 1164 1470 sic
1190 1449 1220 1469 se
1248 1441 1332 1469 habet
1358 1441 1432 1468 :sed
1462 1439 1693 1473 quemadmodum
1718 1439 1850 1466 adversus

1054 1488 1219 1516 exteriorem
1233 1487 1372 1515 hominem
1386 1494 1416 1514 se
1431 1486 1534 1518 munit,
1552 1486 1592 1513 sic
1607 1490 1636 1514 et
1650 1485 1785 1512 adversus
1801 1491 1849 1511 co-

1056 1534 1203 1570 gitationes
1224 1533 1328 1560 bellum
1358 1532 1429 1560 inire
1451 1536 1479 1559 et
1507 1540 1603 1567 gerere
1629 1531 1722 1558 debet.
1755 1529 1850 1565 Exigit

1057 1579 1130 1607 enim
1145 1587 1161 1606 a
1175 1583 1201 1606 te
1215 1578 1355 1611 Dominus,
1369 1581 1400 1605 ut
1410 1578 1459 1606 tibi
1474 1576 1680 1612 ipseirascaris,
1689 1580 1717 1604 et
1728 1582 1849 1610 pugnam

1056 1625 1214 1654 committas
1228 1632 1291 1652 cum
1312 1628 1406 1652 mente
1428 1628 1487 1656 tua,
1505 1631 1596 1659 neque
1617 1622 1778 1651 assentiaris
1801 1625 1849 1648 aut

1059 1672 1206 1701 delecteris
1217 1671 1431 1707 cogitationibus
1442 1671 1546 1707 pravis.

1089 1763 1134 1791 ιν.
1152 1762 1231 1797 Quod
1245 1766 1381 1798 superest,
1412 1766 1557 1797 peccatum
1583 1761 1679 1797 illique
1703 1760 1850 1788 adhaerens

1055 1810 1157 1837 malum
1183 1808 1317 1836 radicitus
1339 1808 1469 1841 evellere,
1487 1807 1541 1835 hoc
1566 1807 1660 1835 divina
1683 1807 1772 1834 solum
1790 1805 1850 1832 vir-

1055 1859 1116 1883 tute
1133 1855 1274 1883 emendari
1287 1858 1388 1889 potest.
1404 1853 1464 1882 Non
1479 1854 1545 1881 licet
1559 1853 1644 1885 enim,
1656 1860 1747 1887 neque
1762 1851 1852 1887 possi-

1055 1902 1109 1929 bile
1120 1905 1162 1928 cst
1170 1900 1275 1928 homini
1287 1900 1406 1935 propriis
1414 1899 1520 1927 viribus
1528 1899 1680 1933 exstirpare
1690 1902 1848 1933 peccatutn.

1055 1947 1194 1975 Reluctari
1207 1946 1330 1981 quidem,
1344 1953 1509 1980 repugnare.
1526 1944 1644 1976 caedere,
1661 1943 1802 1970 vulnerari
1816 1943 1845 1970 in

1054 1993 1110 2022 tuis
1124 1992 1233 2020 viribus
1252 1996 1311 2025 est;
1330 1992 1472 2020 eradicare
1489 1998 1557 2018 vero
1581 1990 1667 2018 solius
1687 1989 1734 2017 Dei
1751 1993 1804 2016 est.
1820 1988 1850 2016 Si

1054 2040 1156 2068 etenim
1177 2039 1230 2067 hoc
1245 2032 1376 2074 prastare
1394 2038 1422 2065 in
1438 2042 1484 2064 tua
1504 2040 1641 2072 potestate
1656 2035 1765 2068 fuisset,
1782 2035 1851 2070 quid

1055 2094 1125 2122 opus
1136 2085 1234 2113 fuisset
1242 2084 1377 2112 adventus
1390 2083 1518 2112 Domini?
1530 2082 1648 2111 Perinde
1657 2081 1743 2113 enim,
1756 2086 1787 2108 ut
1797 2089 1852 2108 non

1055 2131 1122 2160 licet
1134 2131 1245 2159 oculum
1257 2130 1362 2165 absque
1381 2130 1444 2157 luce
1459 2129 1564 2162 videre,
1579 2133 1628 2156 aut
1647 2128 1724 2163 loqui
1747 2127 1852 2162 absque

1056 2178 1160 2213 lingua,
1187 2181 1235 2204 aut
1256 2176 1354 2204 audire
1374 2176 1479 2210 absque
1502 2175 1628 2207 auribus,
1649 2178 1698 2202 aut
1719 2173 1852 2201 incedere

1057 2225 1164 2260 absque
1181 2225 1308 2260 pedibus,
1321 2228 1368 2252 aut
1382 2224 1490 2252 labores
1506 2223 1630 2259 perferre
1646 2223 1749 2258 absque
1763 2222 1854 2250 mani-

215 2267 234 2302 ἣ
252 2268 383 2295 είσελθεῖν
402 2270 440 2301 εἰς
458 2269 597 2304 βασιλείαν
615 2271 749 2307 οὐρανῶν.
766 2272 797 2298 Εί
812 2272 840 2298 δὲ
851 2272 951 2307 λέγεις.
965 2274 1005 2300 ὅτι

1060 2272 1113 2300 bus
1129 2281 1136 2299 :
1154 2272 1194 2300 sic
1204 2280 1257 2300 nec
1266 2271 1369 2306 absque
1380 2271 1445 2299 Jesu
1459 2271 1570 2303 salvari,
1583 2275 1630 2298 aut
1643 2278 1757 2306 regnum
1769 2270 1854 2297 caelo-

221 2313 268 2340 Ἐν
283 2315 340 2346 τοῖς
366 2315 540 2350 φαινομένοις
560 2317 592 2343 οὐ
607 2316 741 2352 πορνεύω,
754 2317 784 2344 οὐ
800 2317 917 2353 μοιχεύω
929 2339 937 2350 ,
956 2320 1005 2347 οὐκ

215 2360 274 2395 εἰμὶ
299 2360 479 2396 φιλάργυρος,
496 2361 587 2389 λοιπὸν
612 2362 714 2395 δίκαιός
736 2363 795 2398 είμι
810 2371 818 2379 ⁸
832 2364 1004 2400 πεπλάνησαι

215 2406 247 2432 ὲν
259 2405 358 2441 τούτῳ,
375 2407 490 2442 νομίσας
512 2408 553 2435 ὅτι
575 2408 664 2435 τιάντα
688 2409 858 2443 ἐξετέλεσας.
873 2411 932 2438 Οὐκ
952 2412 1006 2438 elei.

219 2451 299 2486 μόνον
312 2453 377 2488 τρία
387 2454 457 2489 μέρη
470 2454 519 2488 τῆς
528 2455 663 2489 ἁμαρτίας
675 2456 715 2488 είς
723 2456 850 2490 ἆόφείλει
862 2465 904 2489 τις
916 2458 1006 2491 ἀσφα-

216 2496 352 2531 λίσασθαι,
361 2498 430 2525 ἀλλὰ
441 2500 534 2535 μυρία·
543 2501 560 2535 ή
571 2500 699 2534 τύφωσις.
707 2502 724 2537 ὴ
735 2502 845 2536 ἀφοϐία,
854 2503 871 2536 ὴ
881 2502 1006 2536 ἀπιστία,

216 2542 248 2569 τὸ
268 2544 357 2578 μῖσος,
371 2545 502 2579 όφθόνος,
521 2546 538 2580 ἡ
562 2546 691 2582 δολιότης,
712 2548 728 2582 ἡ
751 2547 905 2584 ὑπόκρισις,
924 2548 1007 2575 πόθεν

218 2588 292 2616 ἐστίν
302 2589 368 2622 ;οὐκ
378 2590 496 2625 ὀφείλεις
502 2591 570 2627 πρὸς
580 2591 666 2619 ταῦτα
675 2592 746 2627 ἔχειν
754 2593 803 2628 τὴν
811 2593 900 2630 πάλην
909 2593 1007 2620 καὶτὸν

219 2635 313 2669 ᾴγῶνα
329 2636 359 2663 ὲν
379 2639 436 2669 τοῖς
456 2637 597 2674 λεληθόσιν
618 2639 647 2665 ὲν
668 2640 723 2670 τοῖς
738 2639 898 2674 λογισμοϊς;
913 2639 1007 2675 ὥσπερ

220 2681 267 2709 ἐὰν
287 2680 305 2719 ᾗ
323 2682 426 2720 λῃστὴς
446 2684 475 2711 ἐν
491 2685 525 2720 τῇ
542 2684 628 2720 οίκίᾳ,
642 2684 674 2710 τὸ
692 2684 785 2711 λοιπὸν
802 2685 943 2712 ὑπθλίὸει
965 2694 1006 2717 σε,

221 2729 266 2756 καὶ
278 2730 329 2757 οὐκ
342 2731 375 2766 ἑᾷ
393 2738 422 2757 σε
442 2731 615 2767 ἀμεριμνεῖν,
633 2731 704 2767 ἄρχῃ
727 2731 756 2758 δὲ
782 2731 830 2758 καὶ
847 2731 880 2758 σὺ
899 2731 1008 2758 ἀντιτύ-

221 2783 297 2803 πτειν
316 2776 409 2810 αὒτὸν,
431 2777 519 2813 δέρεις
546 2778 594 2804 καὶ
618 2777 811 2814 δέρῃνοῦτως
830 2778 933 2813 ὀφείλει
960 2778 1010 2804 καὶ

221 2821 329 2858 ἡψυχὴ
356 2823 530 2852 ἀντιτύπτειν
556 2825 604 2852 καὶ
627 2824 845 2861 ἀντιμάχεσθαι,
871 2824 918 2852 καὶ
934 2824 1010 2852 ἀντι-

223 2876 339 2903 κρουειν.

1055 2325 1117 2345 rum
1129 2317 1235 2353 ingredi
1248 2321 1337 2352 potes.
1353 2316 1432 2350 Quod
1444 2316 1467 2344 si
1482 2316 1569 2349 dicas,
1587 2316 1734 2344 manifesto
1754 2320 1852 2351 stupro

1061 2368 1109 2390 aut
1128 2362 1264 2390 adulterio
1278 2370 1321 2389 me
1334 2370 1391 2389 non
1417 2361 1522 2396 polluo,
1537 2369 1590 2389 nec
1606 2361 1730 2388 avaritia:
1746 2360 1852 2389 crimen

1060 2408 1184 2440 incurro,
1201 2414 1374 2441 consequens
1392 2410 1446 2439 est,
1459 2410 1490 2433 ut
1506 2407 1597 2442 justus
1616 2406 1668 2433 sim
1683 2415 1690 2433 :
1708 2410 1767 2434 toto
1781 2406 1853 2434 caelo

1056 2454 1102 2481 hic
1115 2453 1238 2485 aberras,
1255 2457 1355 2488 putans
1375 2456 1400 2480 te
1420 2452 1514 2479 omnia
1530 2451 1689 2486 perfecisse.
1707 2451 1767 2479 Non
1786 2455 1852 2479 sunt

1059 2499 1110 2532 12
1118 2498 1206 2525 solum
1219 2502 1275 2525 tres
1282 2498 1389 2532 species
1396 2497 1514 2532 peccati,
1526 2497 1660 2525 adversus
1670 2505 1739 2532 quas
1747 2497 1810 2532 quis
1821 2505 1852 2525 se

1058 2545 1166 2572 muniat
1180 2548 1301 2580 oportet,
1323 2545 1372 2572 sed
1396 2544 1523 2572 inﬁnitae.
1543 2545 1717 2580 Arrogantia,
1742 2544 1853 2572 temeri-

1058 2595 1111 2624 tas,
1132 2590 1294 2623 diﬂidentia,
1323 2590 1428 2623 odium,
1453 2590 1567 2623 invidia,
1586 2590 1672 2623 fraus,
1694 2590 1851 2626 hypocrisis

1058 2637 1132 2665 unde
1147 2638 1230 2665 sunt?
1247 2637 1346 2664 Nonne
1368 2636 1419 2665 tibi
1436 2636 1571 2664 adversus
1586 2637 1646 2664 haec
1662 2641 1804 2664 certamen
1824 2641 1853 2664 et

1059 2692 1149 2719 pugna
1165 2683 1194 2711 in
1216 2684 1331 2711 secretis
1346 2683 1401 2711 tuis
1419 2682 1636 2719 cogitationibus
1653 2683 1776 2711 ineunda
1789 2683 1852 2711 est?

1058 2730 1306 2764 Quemadmodum,
1333 2730 1357 2758 si
1382 2730 1453 2758 latro
1475 2730 1588 2758 domum
1606 2734 1681 2757 tuam
1706 2730 1851 2762 invaserit,

1057 2777 1114 2812 jam
1131 2779 1157 2804 te
1172 2775 1295 2803 molestia
1311 2783 1409 2811 magna
1425 2775 1509 2804 afﬁcit
1521 2796 1528 2808 ,
1547 2783 1598 2803 nec
1615 2779 1641 2804 te
1663 2782 1779 2803 vacuum
1791 2782 1852 2802 esse

1060 2823 1135 2852 curis
1148 2823 1233 2856 sinit;
1247 2822 1347 2857 incipis
1360 2830 1427 2850 vero
1443 2826 1471 2849 et
1487 2827 1515 2849 tu
1533 2829 1687 2858 repugnare
1702 2821 1754 2852 illi,
1769 2820 1852 2848 czedis

1061 2875 1143 2905 atque
1156 2869 1269 2897 czederis
1287 2877 1294 2896 :
1315 2869 1353 2896 ita
1370 2874 1398 2897 et
1413 2868 1505 2897 anima
1520 2868 1602 2896 debet
1617 2868 1751 2902 referire,
1769 2874 1850 2903 repu-

1062 2923 1145 2952 gnare
1160 2919 1188 2944 et
1199 2914 1357 2944 retundere.
