2067 3149
219 175 270 209 471

835 179 866 210 S.
884 178 1044 210 MACARII
1064 179 1226 210 [EGYPTII

1791 172 1845 205 472

256 233 288 260 γ.
317 231 432 260 Demum
457 239 522 259 vero
544 231 673 260 voluntas
691 240 858 269 repugnans,
885 234 1009 262 molestia

1097 235 1135 262 E’.
1151 233 1252 262 Λοιπὸν
1265 234 1282 269 ἡ
1296 232 1456 269 προαίρεσις
1475 230 1691 267 ἀντιμαχομένη.
1707 231 1754 258 καὶ
1768 230 1847 265 έχου-

221 283 303 314 atque
317 278 464 306 allliclione
482 278 592 311 obruta,
607 278 706 314 incipit
729 280 857 315 superior
875 280 945 312 ﬁeri,
961 288 1008 308 ea-

222 325 274 357 dit,
289 325 415 359 erigitur.
428 325 524 352 Denuo
549 329 691 360 peccatum
714 326 823 361 coniicit
836 326 957 354 animam
980 327 1008 354 in

223 370 317 398 decem
335 374 382 398 aut
392 370 487 405 viginti
503 378 682 406 congressus;
695 371 781 399 vincit
794 372 912 399 animam
926 377 1010 407 atque

222 416 394 450 prosternit:
423 421 451 444 et
468 417 559 444 anima
575 416 688 452 quidem
715 417 847 452 temporis
866 417 1010 445 intervallo

221 461 374 488 decretoria
387 469 478 497 pugna
485 466 599 496 superat
613 466 767 497 peccatum.
784 463 903 489 Rursum
916 462 938 489 si
948 470 1010 497 per-

222 506 325 534 stiterit
336 507 439 539 anima,
452 515 504 535 nec
522 507 681 543 languidior
700 508 729 535 in
745 511 822 543 parte
840 507 933 542 aliqua
952 507 1011 535 fue-

225 553 271 585 rit,
290 553 388 588 incipit
402 553 529 588 superior
545 554 673 586 evadere,
688 557 717 581 et
728 553 900 585 discernere,
915 561 1011 588 repor-

223 602 282 626 tare
299 599 402 634 palmas
412 599 543 627 adversus
562 604 716 635 peceatum.
742 599 797 627 Sed
813 600 841 626 in
858 599 910 631 his,
928 600 950 627 si
965 607 1009 627 re-

220 649 266 671 cte
280 652 325 672 res
335 644 394 672 suis
407 645 576 679 ponderibus
592 645 690 672 librata
706 645 888 677 examinetur,
907 645 1010 672 tamdiu

223 694 365 723 peccatum
381 690 518 717 hominem
534 690 678 723 subvertit,
700 691 790 719 donec
804 691 901 719 evadat
927 692 955 718 in
969 691 1010 718 υἱ-

223 743 282 762 rum
306 736 461 771 perfectum,
482 737 511 764 in
538 745 690 764 mensuram
703 738 789 765 aetatis
801 738 835 770 “,
855 741 883 765 et
897 737 1010 765 omnino

222 786 333 816 superet
354 787 482 810 mortem.
502 783 641 818 Scriptum
661 783 734 810 enim
751 789 794 811 est
818 792 825 810 :
847 783 1010 811 Nouissimas

221 827 302 853 hostis
314 826 433 853 aboletur
445 836 515 855 mors
525 828 559 854 ’⁸.
575 828 609 856 Ει
624 829 663 857 sic
676 830 833 865 superiores
847 830 967 858 evadunt
982 835 1011 858 et

220 872 340 900 victores
363 872 475 901 diaboli.
503 874 531 901 Si
552 882 628 906 vero,
654 879 686 902 ut
705 876 760 911 jam
782 875 910 908 diximus,
937 877 1010 904 dicat

221 918 294 952 quis,
309 926 360 946 nec
385 924 502 952 scortor,
527 928 578 948 nec
605 920 741 949 adulterio
765 929 809 950 me
835 923 938 957 polluo,
958 931 1009 950 nec

220 971 319 991 avarus
335 971 406 997 sum,
420 965 473 992 hoc
486 965 586 993 sullicit
600 966 686 999 mihi;
702 967 845 995 dimicavit
861 968 884 995 is
897 968 1008 1003 quidem

220 1009 273 1037 hoc
293 1010 374 1038 modo
399 1011 530 1039 adversus
556 1016 612 1040 tres
634 1013 740 1047 peccati
767 1013 893 1048 species:
911 1018 1009 1042 contra

220 1055 343 1090 reliquas
355 1065 421 1084 vero
436 1057 543 1092 viginti,
557 1066 626 1092 quas
638 1063 780 1093 peccatum
802 1059 935 1087 adversus
948 1060 1009 1088 ani-

220 1110 292 1129 mam
310 1103 403 1136 habet,
420 1111 475 1132 non
490 1105 631 1140 pugnavit,
648 1105 696 1132 sed
712 1106 802 1132 victus
818 1109 869 1132 est.
882 1107 1010 1142 Pugnan-

220 1148 285 1175 dum
300 1149 384 1182 igitur
399 1154 426 1177 et
439 1150 628 1178 dimicandum
643 1156 688 1179 est
706 1151 745 1179 illi
765 1151 899 1180 adversus
915 1159 1011 1180 omnes

219 1194 325 1228 peccati
342 1195 457 1230 species.
474 1196 550 1223 Mens
560 1196 646 1228 enim,
664 1201 696 1223 ut
709 1197 809 1232 saepius
822 1197 952 1229 diximus,
962 1197 1011 1224 ad-

219 1239 342 1267 versaria
356 1245 408 1272 est,
423 1244 451 1268 et
463 1249 554 1276 aequas
573 1242 657 1269 habet
671 1241 745 1269 vires
759 1242 892 1270 adversus
912 1250 1010 1277 pecea-

219 1290 290 1318 tum,
303 1291 334 1313 ut
346 1287 518 1315 contradicat
530 1292 559 1315 et
572 1289 682 1316 resistat
699 1288 922 1324 cogitationibus.

256 1332 300 1360 Vl.
320 1331 399 1365 Quod
428 1333 451 1359 si
478 1332 564 1365 dicas,
596 1333 767 1368 potentiores
795 1341 856 1362 esse
881 1333 1012 1362 adversas

221 1378 307 1410 vires,
324 1383 351 1405 ct
376 1379 506 1406 malitiam
524 1379 638 1406 omnino
654 1380 759 1407 homini
771 1380 918 1413 dominari,
938 1380 1011 1416 inju-

221 1428 296 1451 stum
311 1423 380 1451 facis
400 1424 498 1457 Deum,
513 1433 561 1459 qui
573 1425 739 1453 condemnet
759 1426 907 1453 humanam
928 1431 1011 1453 natu-

207 1475 292 1507 φαμὶ,
307 1475 342 1496 eo
365 1469 439 1504 quod
468 1469 576 1497 Satanas
594 1470 742 1504 obedierit,
768 1471 878 1506 quando
901 1471 1012 1506 quidem

344 1519 398 1546 est,
423 1518 452 1542 et
468 1515 494 1541 vi
516 1520 630 1550 cogente
646 1516 785 1543 hominem
803 1516 856 1543 sibi
877 1516 985 1552 subjicit
1002 1525 1010 1543 :

161 1560 164 1561 ⁷
190 1571 200 1574 κ
214 1555 356 1595 Mrem
380 1563 409 1587 et
424 1560 566 1588 f0rtiorem
589 1569 652 1588 eum
668 1562 759 1589 anima
777 1562 932 1589 constituis.
958 1562 1010 1590 Sed

223 1605 335 1634 tandem
355 1613 399 1634 me
412 1607 519 1635 audies.
540 1607 777 1640 Quemadmodum
801 1608 824 1635 si
836 1608 946 1643 juvenis
963 1608 1010 1641 sit,

223 1652 272 1687 qui
287 1652 388 1680 luctam
410 1653 484 1680 ineat
496 1661 559 1680 cum
573 1653 675 1688 puello,
690 1657 719 1680 et
733 1653 757 1680 si
771 1653 890 1688 puellus,
909 1653 932 1680 si
949 1660 1013 1680 suc~

224 1698 361 1730 cubuerit,
371 1698 582 1730 condemnetur,
591 1698 662 1733 quod
675 1698 790 1725 inferior
801 1699 930 1730 evaserit,
940 1698 1013 1725 mul-

225 1748 284 1770 tum
298 1743 350 1771 hoc
361 1743 444 1771 habet
461 1743 615 1779 iniquitatis
628 1753 635 1771 :
653 1743 768 1778 perinde
782 1743 900 1771 dicimus
912 1748 940 1771 et
951 1751 1013 1775 nos,

224 1794 344 1817 mentem
360 1789 545 1817 adversariam
560 1797 632 1822 esse,
648 1793 676 1817 et
689 1790 776 1824 aequis
793 1789 900 1817 viribus
915 1789 1015 1825 praedi-

225 1839 292 1862 tam.
317 1836 352 1862 Et
376 1835 535 1871 hujusmodi
558 1835 660 1867 anima,
682 1843 762 1871 opem
779 1839 806 1863 et
829 1836 972 1867 auxilium,
990 1835 1013 1863 si

225 1883 298 1910 serio
313 1886 427 1916 quaerat,
442 1881 469 1908 id
482 1881 672 1916 consequitur,
689 1885 717 1909 et
737 1881 819 1917 digna
830 1886 958 1909 censetur
969 1890 1014 1909 re-

225 1927 392 1963 demptione.
409 1927 554 1954 Certamen
572 1927 646 1955 enim
663 1931 690 1955 et
707 1935 797 1963 pugna
815 1927 842 1954 in
857 1927 1014 1963 mqualitate

223 1974 325 2001 virium
347 1974 483 2001 consistit.
498 1973 691 2001 Glorilicemus
706 1974 815 2002 Patrem
825 1978 854 2002 et
872 1974 971 2002 Filium
987 1977 1015 2001 et

227 2020 359 2055 Spiritum
371 2026 496 2048 sanctum
512 2020 541 2047 in
555 2020 665 2048 szecula.
680 2020 777 2048 Amen.

516 2088 661 2116 HOMILIA
680 2087 728 2115 IV.

226 2134 340 2162 Cursum
353 2135 434 2161 studii
446 2134 523 2162 huius
539 2133 630 2160 mundi
645 2137 745 2160 attente
752 2138 777 2159 et
792 2137 915 2160 accurate
928 2133 1014 2160 absol-

261 2178 321 2196 vere
341 2174 442 2204 oportet
463 2167 637 2200 Christianos,
660 2172 689 2194 ut
705 2167 806 2195 calcate
822 2169 983 2203 praeconium
997 2177 1013 2196 a

260 2204 314 2231 Deo
324 2209 348 2231 et
361 2204 462 2240 angelis
475 2207 679 2239 consequantur.

260 2305 283 2333 Ι.
302 2305 354 2339 Qui
368 2305 453 2332 vitam
473 2304 659 2332 Christianam
679 2301 772 2330 studio
787 2306 916 2330 accurato
937 2305 1013 2329 tran.

225 2351 314 2387 sigere
339 2351 495 2382 intendunt,
511 2358 560 2378 eos
582 2357 639 2385 pne
653 2349 758 2377 caeteris
779 2348 915 2376 facultatis
931 2348 1012 2376 intel—

225 2397 329 2433 ligendi
344 2401 372 2424 et
395 2396 582 2427 discernendi,
595 2402 657 2430 quae
670 2394 697 2422 in
710 2394 800 2422 anima
809 2398 862 2426 est,
877 2402 1013 2422 summam

226 2451 320 2472 curam
336 2442 439 2471 habere
457 2445 577 2476 oportet,
592 2445 633 2473 ut,
654 2449 716 2469 eum
732 2445 855 2468 exactam
875 2439 939 2468 boni
956 2448 1013 2467 ma-

225 2489 301 2524 lique
326 2487 552 2523 dijudicationem
570 2487 644 2515 nacti
667 2495 710 2518 ea,
736 2494 797 2522 quae
818 2490 917 2521 praeter
934 2490 1014 2513 natu-

227 2543 286 2562 ram
303 2541 379 2569 puras
390 2537 495 2561 natura:
504 2533 687 2568 undequaque
696 2532 872 2564 invehantur,
882 2531 1014 2559 distinxe-

227 2581 328 2612 rimus,
351 2583 427 2607 rccte
449 2583 477 2607 et
499 2579 602 2614 absque
620 2579 787 2607 oﬂ'endiculo
802 2585 1014 2610 conversemur;

227 2632 259 2654 ut
268 2626 343 2654 velut
354 2625 530 2655 discernendi
542 2626 671 2654 facultate
682 2626 763 2654 oculo
776 2630 895 2657 utentes,
907 2625 935 2653 id
946 2633 1014 2653 con—

229 2679 388 2707 sequamur,
404 2676 435 2700 ut
447 2672 539 2700 idonei
552 2679 608 2700 non
625 2672 721 2704 simus,
737 2671 785 2706 qui
801 2679 864 2699 eum
879 2671 1013 2706 pravitate

228 2723 257 2747 et
271 2718 375 2746 malitia
388 2718 478 2747 foedus
487 2723 631 2754 percutere
644 2718 781 2753 possimus
792 2725 800 2750 ;
817 2717 911 2752 sicque
921 2717 1014 2745 divino

230 2771 346 2792 munere
365 2765 455 2792 ornati
485 2764 560 2801 digni
586 2763 701 2792 Domino
720 2763 826 2791 ﬁamus.
846 2762 896 2797 13
917 2762 1015 2789 Exem-

228 2811 306 2850 plum
319 2811 461 2847 capiamus
475 2811 566 2844 abiis,
583 2819 643 2846 qum
660 2810 731 2838 visui
747 2810 870 2845 subjecta
882 2812 956 2837 sunt.
972 2808 1015 2836 Si-

266 2898 288 2914 "
307 2898 407 2938 Ephcs.
427 2907 465 2931 iv,
476 2899 505 2929 ε),
541 2898 563 2914 ⁸⁸
583 2898 592 2926 ι
608 2897 673 2927 Cor.
688 2905 731 2930 xv,
748 2896 796 2927 26.

1061 289 1096 308 σα
1117 280 1198 307 πόνον
1231 279 1280 306 καὶ
1304 279 1405 313 θλίψιν,
1426 277 1541 313 ἄρχεται
1570 277 1694 312 ἀνωτέρα
1711 277 1845 311 γίνεσθαι·

1059 326 1172 358 πίπτει,
1184 325 1331 361 ἱγείρεται·
1344 324 1426 351 πάλιν
1447 323 1540 358 ῥίπτει
1551 323 1568 358 ἡ
1581 322 1705 358 ἁμαρτία
1725 323 1766 354 είς
1779 322 1847 349 δέκα

1059 371 1076 407 ἢ
1100 372 1141 403 είς
1159 371 1246 398 εἴκοσι
1261 371 1379 405 ἀγῶνας·
1397 371 1461 406 νικᾷ
1483 370 1532 405 τὴν
1560 369 1650 404 ψυχὴν
1672 369 1719 396 καὶ
1744 369 1847 404 ῥίπτει,

1060 419 1107 446 καὶ
1130 418 1235 454 ἡψυχὴ
1252 419 1297 446 διὰ
1323 418 1420 454 χρόνου
1442 419 1482 449 είς
1508 418 1572 453 μίαν
1592 416 1704 452 ἀγωγὴν
1717 418 1779 452 νικᾷ
1798 417 1849 453 τὴν

1060 465 1207 500 ἁμαρτίαν
1222 465 1304 492 πάλιν
1316 465 1364 491 ὲάν
1389 465 1407 500 ὴ
1422 464 1495 500 ψυχὴ
1511 463 1647 499 ὑπομείνῃ
1661 463 1710 489 καὶ
1730 463 1767 499 μὴ
1782 472 1849 498 χαυ-

1060 512 1133 547 νωθῆ
1147 511 1218 538 κατὰ
1229 511 1325 547 μέρος,
1337 510 1452 547 ἄρχεται
1459 510 1617 542 πλεονάζειν
1629 509 1676 536 xal.
1687 509 1848 544 διακρίνειν,

1060 557 1109 584 καὶ
1126 557 1315 593 ἀποφέρεσθαι
1330 557 1365 584 τά
1380 557 1526 592 νικητήρια
1540 555 1610 583 κατά
1623 557 1673 590 τῆς
1695 555 1848 590 ἁμαρτίας,

1059 603 1118 631 ἀλλ’
1134 605 1159 631 εἰ
1176 604 1225 631 καὶ
1239 604 1268 631 ἐν
1281 603 1388 634 τούτοις
1406 603 1572 636 ἐξετάζεται,
1585 602 1678 638 ἀκμὴν
1693 602 1711 636 ἡ
1725 601 1849 638 ἁμαρτία

1061 651 1244 686 καταστρέφει
1257 651 1303 677 τὸν
1327 649 1479 686 ἄνθρωπον,
1495 649 1547 680 ἓως
1565 646 1596 675 οὗ
1622 648 1686 684 ἔλθῃ
1701 649 1745 681 εις
1754 647 1849 682 ἄνδρα

1060 698 1188 730 τέλειον,
1205 698 1250 730 εις
1270 696 1380 732 μέτρον
1399 696 1531 729 ἡλικίας.
1552 695 1600 722 καὶ
1619 694 1730 726 τελείως
1748 695 1849 730 νικήσῃ

1060 745 1106 771 τὸν
1115 744 1229 771 θάνατον
1241 751 1248 758 ·
1258 743 1411 777 γέγραπται
1427 741 1491 777 γὰρ.
1505 742 1650 775 Ἕσχατος
1663 740 1768 775 ἐχθρὸς
1779 748 1850 768 καιν-

1060 790 1190 825 αρτεῗται
1205 791 1222 817 ό
1235 788 1375 822 θάνατος·
1409 788 1456 814 καὶ
1471 787 1558 819 οὕτως
1568 786 1701 822 ἀνώτεροι
1718 786 1848 820 γίνονται,

1061 837 1108 864 καὶ
1120 836 1229 871 νικηταὶ
1242 835 1290 862 τοῦ
1302 834 1439 861 διαϐόλου.
1452 834 1483 860 El.
1495 833 1535 865 δὲ,
1553 832 1644 863 καθὼς
1668 831 1848 867 προείπομεν,

1061 883 1135 916 λέγει
1153 891 1206 914 τις,
1222 882 1259 909 Οὐ
1280 881 1415 917 πορνεύω,
1431 880 1462 907 οὐ
1481 879 1610 915 μοιχεύω,
1624 878 1654 905 οὺ
1677 878 1848 913 φιλαργυρῶ,

1060 930 1140 968 ᾁρκεϊ
1154 937 1210 963 μοι·
1226 927 1313 958 οὕτως
1329 928 1368 958 εἰς
1381 927 1446 962 τρία
1469 926 1540 961 μέρη
1563 925 1729 960 ἠγωνίσατο,
1751 924 1798 951 καὶ
1810 925 1850 956 εἰς

1059 976 1127 1003 ἄλλα
1142 975 1240 1007 εἰκοσι,
1254 974 1327 1007 ἅπερ
1345 973 1402 1008 ἔχει
1418 973 1435 1007 ἡ
1453 972 1576 1007 ἁμαρτία
1595 971 1666 998 κατά
1686 971 1736 1006 τῆς
1747 970 1850 1006 ψυχῆς,

1058 1021 1108 1047 οὐκ
1122 1020 1285 1055 ἠγωνίσατο,
1304 1019 1361 1046 ἀλλ’
1376 1018 1491 1054 ἡττήθη,
1512 1017 1630 1052 Ὀφείλει
1648 1014 1695 1043 οὖν
1710 1016 1750 1048 είς
1760 1016 1850 1044 πάντα

1058 1066 1258 1102 ἀγωνίσασθαι,
1278 1066 1326 1092 καὶ
1349 1065 1450 1092 ἀθλεῖψ
1471 1065 1485 1091 ό
1506 1065 1560 1100 γὰρ
1575 1063 1649 1095 νοῦς,
1673 1062 1765 1094 καθὼς
1784 1062 1850 1090 πολ-

1059 1110 1139 1142 λάκις
1155 1111 1278 1144 εἴπομεν,
1306 1108 1453 1141 ἀντὶπαλός
1468 1109 1527 1135 ἐστι
1537 1129 1545 1141 ,
1562 1109 1610 1135 καὶ
1624 1108 1681 1143 ἔχει
1705 1108 1852 1144 ίσόρροπον

1059 1156 1174 1192 δύναμιν
1185 1156 1253 1192 πρὸς
1263 1156 1314 1191 τὴν
1329 1155 1465 1191 ἁμαρτίαν
1476 1155 1524 1182 τοῦ
1549 1154 1700 1189 ἀντιλέγειν
1711 1154 1758 1181 xal.
1774 1154 1852 1181 ὲναν-

1059 1202 1186 1229 τιοῦσθαι
1199 1202 1257 1234 τοῖς
1272 1202 1425 1237 λογισμοῖς.

1096 1334 1141 1367 ς’.
1159 1333 1191 1360 Εἰ
1213 1333 1242 1361 δὲ
1259 1333 1348 1367 λέγεις
1367 1331 1546 1368 ἰσχυροτέραν
1570 1331 1641 1358 εἶναι
1656 1331 1708 1367 τὴν
1722 1330 1850 1359 ἐναντίαν

1060 1379 1188 1414 δύναμιν,
1201 1378 1249 1406 καὶ
1260 1377 1417 1412 βασιλεύειν
1430 1376 1461 1403 τὸ
1473 1376 1534 1403 δλον
1548 1376 1597 1412 τὴν
1614 1376 1714 1403 κακίαν
1724 1375 1794 1402 κατά
1802 1374 1851 1402 τοῦ

1061 1426 1220 1461 ἀνθρώπου,
1249 1425 1344 1452 ἄδικον
1362 1425 1453 1455 ποιεῖς
1479 1423 1526 1450 τὸν
1545 1423 1622 1455 Θεὸν,
1651 1422 1853 1457 κατακρίνοντα

1061 1472 1111 1508 τὴν
1121 1470 1332 1506 ἁνθρωπότητα,
1344 1469 1411 1496 διότι
1430 1470 1570 1505 ὑπήκουσε
1584 1468 1623 1504 τῷ
1639 1468 1756 1503 Σατανᾷ,
1769 1468 1850 1495 ὁπότε

1064 1517 1173 1552 ἰσχυρός
1197 1517 1276 1548 ἐστι,
1301 1515 1349 1542 καὶ
1368 1515 1557 1550 ἁναγκαστικῇ
1572 1523 1626 1541 τινι
1650 1513 1765 1548 δυνάμει
1789 1513 1852 1540 ὐπο-

1061 1563 1167 1589 τάσσει’
1184 1561 1269 1597 μείζω
1292 1561 1338 1587 καὶ
1359 1560 1534 1596 ἰσχυρότερον
1557 1559 1639 1587 αὑτὸν
1655 1559 1785 1594 ἐποίησας
1801 1558 1852 1594 τῆς

1062 1609 1162 1645 ψυχῆς.
1181 1609 1237 1636 Kal.
1258 1609 1287 1635 ὲν
1303 1607 1375 1635 τέλει
1394 1615 1439 1642 μοι
1454 1606 1630 1638 ὐπακούσεις·
1654 1605 1749 1640 ὥσπερ
1770 1601 1851 1641 ὲάνῇ

1063 1655 1214 1688 νεανίσκος,
1240 1654 1287 1681 καὶ
1317 1653 1366 1688 ἔχῃ
1391 1652 1484 1688 πάλην
1510 1651 1580 1686 πρὸς
1603 1645 1727 1682 παιδίον,
1741 1650 1788 1677 καὶ
1803 1648 1853 1676 ἐὰν

1064 1700 1166 1737 ἡττηθῇ
1183 1700 1213 1726 τὺ
1245 1699 1373 1732 παιδίον,
1403 1697 1615 1733 κατακρίνηται,
1642 1696 1709 1723 διότι
1734 1695 1851 1731 ἡττήθη,

1063 1747 1143 1775 τοῦτο
1158 1746 1258 1782 πολλῆς
1274 1745 1383 1777 ἀδικίας
1400 1744 1484 1771 ἐστίν·
1500 1744 1562 1771 ὅθεν
1581 1743 1661 1778 ἡμεῖς
1675 1741 1791 1777 λέγομεν
1806 1741 1853 1768 ἀν-

1064 1793 1177 1822 τίπαλον
1192 1790 1263 1819 εἶναι
1272 1792 1318 1818 τὸν
1330 1791 1392 1818 νοῦν
1410 1790 1458 1818 καὶ
1471 1789 1627 1826 ἰσόρροπον.
1639 1788 1696 1815 Καὶ
1711 1788 1728 1822 ὴ
1738 1787 1853 1821 τοιαύτη

1064 1839 1138 1874 ψυχὴ
1164 1836 1348 1872 ἐπιζητοῦσα,
1374 1835 1504 1869 τυγχάνει
1525 1832 1653 1868 βοηθείας
1672 1831 1720 1858 καὶ
1745 1829 1854 1864 ἀντιλή-

1064 1873 1148 1919 sese,
1162 1883 1210 1910 καὶ
1221 1879 1396 1914 καταξιοῦται
1410 1879 1459 1914 τῆς
1470 1877 1642 1914 λυτρώσεως.
1660 1875 1694 1902 Ἡ
1706 1875 1761 1910 γὰρ
1778 1873 1850 1909 πάλη

1065 1930 1112 1956 καὶ
1135 1930 1150 1956 ό
1166 1927 1241 1963 ἀγὼν
1264 1929 1311 1954 ἐπὶ
1331 1927 1365 1962 τῇ
1385 1923 1546 1960 ίσοδυναμίᾳ
1568 1923 1668 1950 κεῖται.
1689 1920 1854 1954 Δοξάζωμεν

1065 1974 1188 2010 Πατέρα,
1207 1973 1256 2000 καὶ
1266 1973 1343 2007 Υἱὸν,
1359 1971 1408 1999 καί⁸
1427 1971 1505 2006 ἅγιον
1523 1969 1638 2016 Πνεῦμα
1654 1967 1695 2000 είς
1707 1967 1771 1999 τοὺς
1786 1965 1853 1993 αιῶ-

1065 2029 1124 2051 νας.
1151 2019 1249 2055 Ἀμήν.

1365 2084 1486 2112 OMIAIA
1514 2083 1552 2110 A'.

1067 2133 1123 2162 Τὸν
1144 2133 1257 2169 δρόμον
1284 2131 1338 2159 τοῦ
1366 2130 1496 2169 eruditio
1521 2129 1575 2169 τρῆ
1601 2125 1853 2169 κόσμου-εούτου

1100 2162 1310 2202 amcos-161*th
1325 2166 1374 2193 καὶ
1389 2164 1516 2202 ᾴκριόῶς
1529 2163 1699 2202 διέρχεσθαι
1717 2162 1765 2202 de?
1781 2162 1853 2202 Ξοὺς

1099 2197 1306 2238 Χριστὶἱινοὺς,
1317 2201 1368 2238 ἵνα
1385 2197 1517 2228 ἐπαίνων
1527 2198 1674 2233 οὐρανίων
1687 2197 1766 2230 παρὰ
1777 2197 1852 2223 Θεοῦ

1031 2248 1053 2276 ι)
1102 2236 1152 2266 καὶ
1167 2238 1303 2273 ἀγγέλων
1322 2236 1445 2271 τύχωσι.

1099 2307 1139 2334 A'.
1158 2305 1190 2332 Ol
1211 2304 1257 2332 τὸν
1269 2304 1324 2339 βίον
1334 2303 1382 2331 τοῦ
1403 2299 1619 2338 Χριστιανισμοῦ
1631 2300 1660 2326 ἐν
1671 2298 1755 2333 πολλῇ
1772 2297 1853 2331 ἀκρι-

1065 2353 1126 2388 ϐείᾳ
1142 2351 1316 2388 κατορθῶσαι
1342 2349 1510 2386 βουλόμενοι,
1528 2348 1582 2383 πρὸ
1603 2347 1714 2374 πάντων
1729 2343 1777 2371 τοῦ
1796 2344 1854 2370 δια-

1064 2398 1191 2433 νοητικοῦ
1204 2398 1252 2426 καὶ
1266 2396 1435 2432 διακριτικοῦ
1448 2395 1548 2431 μέλους
1563 2394 1613 2428 τῆς
1630 2393 1720 2428 ψυχῆς
1733 2392 1762 2419 ὲν
1778 2391 1856 2426 πάσῃ

1064 2445 1179 2480 δυνάμει
1203 2443 1393 2478 ἐπιμελεῖσθαι
1411 2441 1576 2477 ὀφείλουσιν,
1591 2440 1634 2466 ἵνα
1648 2439 1698 2474 τὴν
1717 2437 1853 2472 διάκρισιν

1065 2489 1112 2517 τοῦ
1139 2489 1224 2517 καλοῦ
1248 2489 1296 2516 καὶ
1311 2487 1360 2515 τοῦ
1380 2487 1467 2515 κακοῦ
1483 2487 1512 2513 ὲν
1529 2484 1657 2520 ἀκριϐείᾳ
1672 2482 1851 2517 κτησάμενοι,

1065 2538 1112 2564 καὶ
1142 2537 1176 2564 τὰ
1201 2536 1278 2572 παρὰ
1302 2536 1384 2571 φύσιν
1407 2533 1570 2569 είσαχθέντα
1596 2532 1630 2566 τῇ
1649 2529 1758 2567 καθαρᾷ
1773 2528 1855 2564 φύσει

1065 2581 1181 2608 πάντοτε
1198 2576 1392 2616 διακρίνοντες,
1407 2579 1508 2610 εὐθέως
1520 2578 1568 2605 καὶ
1590 2576 1789 2611 ἀπροσκόπτως
1805 2581 1855 2599 πο-

1064 2626 1252 2662 λιτευσώμεθα
1264 2635 1271 2643 ·
1288 2626 1331 2654 ἵνα
1350 2626 1389 2658 ὼς
1405 2625 1537 2660 ὀφθαλμῷ
1562 2623 1602 2658 τῷ
1622 2623 1672 2657 τῆς
1689 2620 1853 2656 διακρίσεως

1067 2673 1142 2709 μέλει
1171 2673 1318 2709 χρώμενοι,
1335 2672 1526 2704 ἀσυνδύαστοι,
1553 2670 1601 2697 καὶ
1623 2667 1764 2696 ἀσύνθετοι
1783 2665 1853 2701 πρὸς

1065 2718 1114 2750 τὰς
1128 2719 1178 2753 τῆς
1193 2719 1293 2750 κακίας
1307 2718 1451 2749 ὑποθέσεις
1467 2715 1537 2743 εἶναι
1551 2715 1721 2750 δυνηθῶμεν,
1740 2711 1788 2739 καὶ
1805 2709 1852 2737 οὓ-

1064 2773 1119 2796 τως
1133 2765 1183 2799 τῆς
1199 2764 1274 2797 θείας
1294 2764 1398 2799 δωρεᾶς
1413 2761 1640 2794 καταξιωθέντες,
1655 2759 1725 2792 αξιοι
1740 2756 1787 2784 τοῦ
1801 2757 1853 2783 Ku-

1067 2809 1125 2846 ρίου
1151 2809 1304 2845 γενώμεθα.
1327 2809 1394 2838 Ἀπὸ
1409 2808 1437 2836 δὲ
1463 2807 1518 2835 τῶν
1537 2806 1683 2844 ὁρωμένων
1699 2803 1852 2836 ὑπόδειγμα
