2067 3149
179 132 233 165 473

796 132 980 163 HOMILL‘E.
994 145 1029 150 -
1043 133 1137 164 HOM.
1159 134 1208 164 IV.

1756 137 1808 169 474

179 191 319 224 λάϐωμεν·
341 187 414 215 ἔοικε
441 187 495 223 γὰρ
516 187 546 213 τὸ
561 187 641 222 σῶμα
656 188 690 223 τῇ
706 187 790 223 ψυχῇ,
808 189 856 214 καὶ
877 187 911 214 τὰ
925 187 969 214 τοῦ

1024 187 1209 215 militudinem
1240 195 1313 215 enim
1343 188 1488 223 quamdam
1513 188 1596 218 habet
1619 197 1721 225 c0rpus
1745 199 1808 220 cum

181 235 309 270 σώματος
325 233 478 270 πράγματα
493 233 527 268 τῇ
540 231 626 268 ψυχῇ,
642 233 689 259 καὶ
699 232 734 260 τὰ
749 234 898 267 φαινόμενα
911 234 969 265 τοῖς

181 279 317 316 κρυφίοις.

218 364 255 391 B’.
269 364 373 398 Ὠσπερ
385 362 439 398 γὰρ
449 363 480 389 τὸ
496 362 577 396 σῶμα
587 362 643 398 ἔχει
657 361 754 397 ὁδηγὸν
764 361 810 388 τὸν
819 362 967 398 ὀφθαλμὸν,

182 410 231 437 καὶ
245 409 328 440 αὐτὸς
341 409 412 444 ὁρῶν
433 409 494 435 ὅλον
515 410 606 444 ὁδηγεί
620 409 651 436 τὺ
667 409 745 444 σῶμα
759 409 799 440 είς
812 409 947 443 εὐθύτητα
959 418 966 425 -

183 455 284 482 ὑπόθου
296 455 324 481 δέ
341 463 387 490 μοι
408 455 564 490 διέρχεσθαι
587 463 648 481 τινα
663 455 707 481 διὰ
724 455 815 482 τόπων
840 455 967 488 ὑλωδῶν,

181 500 230 527 καὶ
255 499 382 526 ἀκανθῶν
406 500 630 535 πεπληρωμένων
654 501 700 527 καὶ
724 502 863 537 βορϐόρων
876 522 883 534 ,
904 501 968 529 ἔνθα

180 546 228 573 καὶ
242 545 298 581 πῦρ
310 545 469 578 ἀναϐάλλει,
478 547 525 573 καὶ
533 546 597 581 ξίφη
610 548 839 584 παραπεπήγασι,
849 549 968 584 κρημνοί

179 599 210 617 τε
237 591 284 617 καὶ
310 591 416 618 ὑδάτων
442 591 532 629 πλήθη
557 593 616 619 ἐκεῖ
634 593 762 628 τυγχάνει
775 602 783 610 ·
805 594 836 620 τὸ
848 594 941 621 λοιπὸν
954 595 968 621 ό

179 635 279 671 γοργὸς
294 637 343 662 καὶ
356 636 500 669 σπουδαῖος
512 637 559 664 καὶ
575 637 713 673 ἀκίνητος,
728 638 798 674 ἔχων
807 639 854 666 τὸν
867 640 967 674 ὀφθαλσ

181 683 232 718 μὸν
250 682 347 718 ὁδηγὸν
360 704 367 716 ,
392 684 463 710 πάνυ
491 685 680 720 προσεχόντως
701 687 868 722 παρέρχεται
899 687 964 718 τοὺς

179 729 317 764 χαλεποὺς
347 729 469 762 ἐκείνους
496 730 616 762 τόπους,
650 731 771 767 συνέχων
798 732 968 768 πανταχόθεν

180 775 260 809 χερσὶ
286 774 335 801 καὶ
346 774 410 801 ποσὶ
431 774 477 801 τὸν
490 775 590 810 χιτῶνα
604 777 714 809 ἑαυτοῦ,
740 777 782 804 ἵνα
800 778 838 813 μὴ
855 779 883 804 ἐν
909 781 969 810 ταῖς

179 819 257 851 ὕλαις
271 820 319 847 καὶ
333 820 466 852 ἀκάνθαις
477 822 650 858 περισχισθῇ,
668 822 684 858 ἢ
700 823 753 849 ἀπὸ
766 823 814 849 τοῦ
836 823 967 860 βορϐόρου

179 864 329 901 ἀφανισθῇ,
356 865 373 900 ἢ
400 865 453 892 ὑπὸ
478 866 574 901 ξίφους
589 867 716 903 διακοπῇ.
730 869 785 895 Καὶ
799 869 814 895 ὁ
826 869 966 904 ὀφθαλμὸς
983 864 1003 893 Β

179 911 240 938 ὅλον
252 912 345 947 ὁδηγεῖ
358 911 389 938 τὸ
405 911 495 948 σῶμα,
505 912 564 947 φῶς
574 912 612 939 ῶν
627 913 722 947 αὑτοῦ,
731 914 775 940 ἶνα
784 914 821 950 μὴ
833 916 966 951 κρημνοῖς

181 958 359 993 ιαταρῥαγῇ,
372 957 390 993 ἢ
406 957 484 985 ὕδασι
509 959 725 995 καταποντισθῇ,
749 960 766 995 ἡ
779 969 832 987 τινι
856 959 967 996 χαλεπῷ

181 1003 353 1038 καταὸλαόῇ.
375 1003 405 1030 '0
416 1003 488 1030 οὕτω
501 1004 602 1040 γοργὸς
617 1005 665 1031 καὶ
679 1006 806 1038 συνετὸς,
823 1006 871 1033 καὶ
898 1006 967 1041 μετὰ

182 1047 272 1083 πάσης
287 1049 397 1083 νήψεως
412 1050 616 1085 παρερχόμενος
630 1050 788 1085 συσφίγγων
802 1052 847 1078 τὸν
866 1052 967 1086 χιτῶνα

182 1094 276 1126 αὑτοῦ,
291 1094 344 1120 ὑπὸ
355 1094 402 1121 τοῦ
419 1094 561 1129 ὀφθαλμοῦ
577 1095 679 1128 εὐθέως
696 1095 887 1132 όδηγούμενος,
916 1106 967 1132 φυ-

182 1140 277 1167 λάσσει
289 1141 336 1168 καὶ
352 1141 448 1168 ἑαυτὸν
462 1141 580 1177 ἀϐλαϐῆ,
595 1144 642 1168 καὶ
654 1142 700 1169 τὸν
714 1143 818 1178 χιτῶνα
831 1143 878 1170 τοῦ
892 1144 968 1170 ἐνδύ-

182 1196 266 1222 ματος
290 1187 374 1215 αὐτοῦ
390 1187 525 1214 ἀκαυστον
541 1189 588 1214 καὶ
608 1188 736 1223 ἄσχιστον
750 1189 882 1225 διατηρεῖ.
903 1190 966 1218 Ἐὰν

180 1233 209 1260 δέ
221 1232 290 1271 τιςῇ
302 1233 387 1268 ἀργὸς
399 1234 446 1260 καὶ
458 1234 585 1269 ὀκνηρὸς,
601 1235 648 1260 καὶ
667 1235 797 1270 ῥᾴθυμος,
815 1236 859 1262 καὶ
869 1236 966 1272 βαρὺς,

180 1279 230 1306 καὶ
245 1279 356 1314 χαῦνος,
372 1279 415 1306 διὰ
427 1280 482 1306 τῶν
495 1279 624 1306 τοιούτων
638 1281 843 1316 παρερχόμενος
857 1282 947 1308 τόπων
958 1303 966 1315 ,

181 1326 337 1362 περιρρέων
357 1327 371 1353 ὁ
393 1325 477 1362 χιτὼν
500 1326 583 1353 αὑτοῦ
607 1326 683 1352 ἔνθεν
698 1328 745 1353 καὶ
764 1327 850 1361 ἐνθεν,
864 1329 904 1360 είς
918 1330 968 1360 τὰς

183 1372 248 1404 ὕλας
267 1372 315 1399 καὶ
339 1372 461 1404 ἀκάνθας
478 1372 667 1408 περισχίζεται
679 1393 686 1405 ,
717 1373 733 1408 ῆ
751 1373 802 1400 ὑπὸ
819 1373 866 1400 τοῦ
883 1374 967 1410 πυρὸς

182 1419 373 1451 κατακαίεται,
386 1418 432 1445 διὰ
448 1419 478 1445 τὸ
493 1420 530 1454 μὴ
551 1419 673 1454 συνέχειν
687 1420 819 1446 πάντοθεν
839 1420 969 1456 ἀνδρείως

181 1465 213 1492 τὸ
239 1465 341 1500 ἔνδυμα
357 1472 365 1480 ⁸
382 1465 398 1500 ἦ
429 1465 481 1491 ὑπὸ
506 1465 563 1491 τῶν
591 1466 853 1501 παραπεπηγμένων
886 1465 969 1500 ξιφῶν

183 1512 404 1546 παρακόπτιται,
423 1511 505 1547 ῆὺπὸ
530 1511 577 1538 τοῦ
588 1511 720 1547 βορὸόρου
740 1511 893 1543 σπιλοῦται,
922 1513 969 1538 καὶ

184 1557 354 1589 ἁπαξαπλῶς
372 1557 466 1592 τάχιον
484 1558 661 1593 καταφθείρει
680 1558 726 1584 τὸν
747 1557 830 1584 καλὸν
844 1559 892 1584 καὶ
909 1567 970 1584 και-

183 1603 228 1629 νὸν
243 1602 291 1629 τοῦ
304 1603 455 1638 ἐνδύματος
471 1604 573 1639 χιτῶνα
588 1624 595 1636 ,
609 1604 654 1630 διὰ
666 1604 715 1639 τὴν
730 1603 906 1639 ἀπροσεξίαν,
923 1604 970 1630 καὶ

1019 233 1121 266 anima,
1143 237 1172 261 et
1190 241 1234 266 ea,
1250 241 1311 268 qua;
1326 239 1389 261 sunt
1405 235 1541 270 corporis,
1555 243 1618 263 cum
1635 236 1669 264 iis
1690 245 1751 271 qua:
1774 238 1808 266 ad

1019 278 1138 305 animam
1159 283 1294 313 spectant,
1318 283 1346 306 et
1369 287 1429 314 qua:
1449 280 1589 314 videntur,
1606 289 1670 309 eum
1686 282 1720 310 iis
1748 291 1809 318 qua:

1018 324 1069 351 sub
1084 329 1224 359 aspectum
1240 332 1296 352 non
1309 325 1419 352 cadunt.

1054 370 1086 396 ll.
1107 370 1345 403 Quemadmodum
1364 371 1438 397 enim
1465 379 1567 406 corpus
1592 373 1704 400 oculum
1722 374 1810 402 habet

1018 414 1128 448 ducem,
1151 420 1178 442 et
1202 416 1260 450 ipse
1285 415 1383 442 oculus
1405 416 1504 443 videns
1532 422 1621 445 totum
1648 426 1750 454 corpus
1779 420 1808 447 in

1019 466 1122 489 rectam
1148 461 1175 488 id
1203 462 1275 489 viam
1298 461 1422 489 deducit.
1447 462 1557 490 Statuas
1583 464 1661 497 mihi,
1691 466 1809 493 transire

1017 507 1162 543 quemdam
1178 515 1227 542 per
1242 507 1301 534 loca
1318 508 1466 540 silvestria,
1482 508 1592 543 spinosa
1609 511 1747 543 etlutosa,
1761 512 1808 539 ubi

1017 558 1045 582 et
1060 554 1130 590 ignis
1146 559 1283 589 erumpat,
1295 558 1323 581 et
1336 554 1418 589 gladii
1433 553 1515 586 aflixi,
1537 560 1564 582 et
1578 557 1728 591 praecipitia
1742 558 1809 592 sint,

1017 605 1045 628 et
1059 600 1152 628 multa:
1173 608 1261 635 aqua.
1293 600 1353 628 Jam
1374 608 1439 635 ergo
1468 601 1547 635 agilis
1570 601 1626 633 ille,
1651 602 1764 630 sedulus
1781 609 1809 631 et

1018 645 1160 678 immotus,
1173 645 1278 672 habens
1297 645 1409 672 oculum
1434 645 1543 678 ducem,
1568 646 1681 673 omnino
1704 651 1809 675 attente

1019 692 1117 719 transit
1140 692 1200 719 loca
1228 692 1273 719 illa
1296 691 1426 724 difﬁcilia,
1447 692 1592 719 continens
1621 692 1806 728 undequaque

1018 737 1146 765 manibus
1159 742 1188 765 et
1200 737 1319 773 pedibus
1333 738 1454 765 tunicam
1467 745 1556 771 suam,
1572 745 1608 765 ne
1625 746 1640 765 a
1662 738 1809 766 fruticibus

1017 788 1046 811 et
1063 784 1149 819 spinis
1164 784 1347 819 discerpatur,
1361 789 1409 811 aut
1423 784 1481 811 luto
1494 784 1723 817 commaculctur,
1735 789 1782 812 aut
1792 793 1809 812 ει

1019 829 1108 864 gladio
1126 830 1293 857 dilIindatur.
1314 829 1348 857 Et
1362 830 1459 857 oculus
1473 835 1559 856 totum
1582 837 1683 864 corpus
1700 830 1805 866 dirigit,

1017 875 1111 902 lumen
1127 876 1213 911 ipsius
1225 876 1412 907 exsistcns,ue
1430 883 1479 910 per
1490 875 1644 910 praecipitia
1652 876 1809 911 disrumpa-

1017 925 1072 953 tur,
1088 925 1136 947 aut
1149 921 1228 956 aquis
1249 921 1436 956 immergalur,
1454 925 1502 948 aut
1523 929 1588 948 casu
1606 920 1708 949 dillicili
1723 922 1808 949 laeda-

1017 969 1079 992 tur:
1097 965 1137 992 sic
1154 972 1220 1000 ergo
1239 965 1337 992 alacris
1356 965 1401 992 ille
1423 969 1452 992 et
1472 970 1569 992 cautus
1604 967 1809 1001 transgrediens

1017 1015 1154 1038 coarctata
1169 1015 1244 1038 veste
1267 1019 1327 1044 sua,
1355 1018 1463 1038 summa
1483 1010 1569 1038 animi
1592 1011 1750 1044 sobrietate,
1773 1013 1808 1039 ab

1017 1056 1098 1083 oculo
1111 1059 1188 1083 recta
1202 1055 1348 1087 deductus.
1364 1063 1419 1084 non
1431 1055 1550 1090 seipsum
1578 1056 1668 1083 solum
1681 1056 1807 1089 illmsum,

1017 1102 1066 1129 sed
1089 1106 1119 1129 et
1142 1101 1262 1128 tunicam
1286 1109 1363 1128 suam
1387 1101 1588 1128 incombustam
1611 1107 1639 1128 et
1663 1102 1809 1129 indivisam

1018 1152 1173 1175 conservat.
1191 1147 1220 1174 Si
1235 1154 1302 1174 vero
1325 1147 1460 1182 quispiam
1476 1147 1569 1173 minus
1584 1147 1683 1180 alacer,
1702 1148 1806 1180 tardus,

1017 1193 1119 1229 segnis,
1140 1201 1243 1226 socors,
1262 1193 1354 1220 lentus
1376 1197 1404 1219 et
1423 1193 1539 1227 ignavus
1560 1193 1691 1220 luecloca
1718 1198 1810 1221 trans-

1018 1242 1170 1277 grediatur,
1190 1241 1282 1268 tunica
1296 1241 1357 1276 ejus
1370 1241 1436 1268 hinc
1452 1240 1516 1267 inde
1544 1240 1682 1273 difﬂuens,
1697 1240 1808 1268 frutici-

1018 1288 1070 1315 bus
1085 1291 1113 1314 et
1125 1287 1212 1322 spinis
1226 1286 1404 1321 discerpitur,
1425 1290 1474 1313 aut
1494 1286 1549 1321 igni
1572 1286 1755 1319 comburitur,
1774 1294 1808 1314 eo

1017 1332 1091 1368 quod
1102 1340 1162 1359 eam
1172 1340 1227 1359 non
1237 1336 1349 1358 strenue
1357 1331 1507 1363 contineat;
1516 1336 1563 1360 aut
1571 1332 1606 1359 ab
1615 1331 1701 1359 afﬁxis
1712 1332 1809 1367 gladiis

1019 1378 1182 1410 difﬁnditur,
1200 1381 1248 1404 aut
1258 1384 1338 1405 emno
1349 1376 1492 1412 polluitur,
1515 1380 1553 1410 et,
1573 1381 1602 1404 ut
1626 1377 1748 1404 breviter
1768 1376 1809 1403 di-

1020 1431 1090 1455 cam,
1103 1423 1186 1450 citius
1196 1422 1289 1457 perdit
1303 1422 1456 1457 elegantem
1474 1429 1505 1449 ac
1528 1430 1626 1449 novam
1650 1422 1724 1449 illam
1761 1430 1810 1449 ve-

1026 1474 1107 1501 stem,
1132 1473 1246 1503 propter
1266 1467 1471 1502 negligentiam,
1497 1466 1670 1494 oscitantiam
1694 1471 1722 1494 et
1737 1467 1811 1502 igna-

1022 1515 1094 1541 viam
1114 1521 1201 1541 suam.
1214 1513 1355 1547 Quinimo,
1377 1513 1400 1540 si
1425 1513 1517 1540 minus
1539 1513 1686 1548 diligenter
1705 1518 1734 1540 et
1755 1513 1812 1540 ala-

1024 1560 1108 1587 criter
1119 1560 1200 1587 oculo
1218 1560 1354 1592 attendat,
1372 1563 1419 1586 aut
1434 1559 1538 1587 incidet
1565 1559 1594 1586 in
1617 1559 1735 1592 foveam,
1763 1563 1812 1586 aut

1024 1605 1104 1639 aquis
1113 1603 1297 1638 demergetur.

183 1649 336 1683 χαυνότητα
352 1668 360 1679 ,
390 1649 437 1675 καὶ
460 1648 591 1683 ὀκνηρίαν
626 1648 709 1675 αὐτοῦ
727 1657 734 1664 ·
753 1649 777 1674 εί
801 1648 885 1685 δὲμὴ
919 1649 1007 1680 καλῶς
1027 1650 1074 1676 καὶ
1097 1650 1199 1681 εὐθέως
1226 1648 1266 1684 τῷ
1296 1648 1429 1684 ὀφθαλμῷ
1464 1650 1618 1684 προσέχει,
1653 1650 1701 1677 καὶ
1729 1650 1810 1682 αὐτὸς

184 1695 224 1726 εἰς
242 1694 372 1730 φάραγγα
392 1695 535 1727 πεσεῖται,
551 1695 568 1729 ἢ
582 1695 612 1721 ὲν
630 1696 687 1726 τοῖς
708 1694 786 1721 ὔδασ.
804 1695 1098 1731 καταποντισθήσεται.

218 1751 256 1778 1".
273 1751 325 1778 Τὸν
342 1752 423 1778 αὑτὸν
434 1751 534 1786 τρόπον
553 1752 601 1778 καὶ
616 1752 633 1786 ή
652 1750 725 1786 ψυχὴ
739 1751 860 1786 φοροῦσα
876 1751 971 1786 ῶσπερ

183 1797 285 1833 χιτῶνα
299 1798 382 1824 καλὸν
391 1797 421 1823 τὸ
432 1797 533 1832 ἔνδυμα
548 1796 595 1823 τοῦ
605 1796 741 1832 σώματος,
755 1797 853 1832 ἔχουσα
867 1797 972 1832 διακρι-

181 1844 258 1870 τικὸν
276 1844 357 1879 μέλος
368 1843 479 1870 εὐθύνον
494 1843 557 1877 ὃλην
572 1842 620 1878 τὴν
633 1843 723 1878 ψυχὴν
739 1844 807 1878 μετὰ
820 1842 866 1868 τοῦ
878 1843 972 1877 σώμα-

184 1898 242 1922 τος,
260 1889 470 1924 παρερχομένην
487 1888 531 1914 διὰ
545 1888 599 1914 τῶν
615 1887 686 1914 ὑλῶν
709 1888 757 1914 καὶ
777 1886 904 1914 ἀκανθῶν
924 1886 971 1913 τοῦ

185 1935 255 1971 βίου,
275 1935 322 1961 καὶ
337 1935 478 1970 βορὸόρου,
494 1936 540 1961 καὶ
554 1934 650 1968 πυρὸς,
662 1934 709 1960 καὶ
733 1932 865 1968 κρημνῶν
875 1954 881 1966 ,
899 1933 971 1960 τοῦτ’

185 1981 259 2007 ἔστιν
274 1980 438 2015 ἐπιθυμιῶν,
451 1981 499 2007 καὶ
519 1981 620 2016 ἡδονῶν
630 2001 637 2013 ,
661 1979 708 2006 καὶ
724 1979 778 2006 τῶν
792 1979 892 2006 λοιπῶν
907 1979 969 2006 ἀτό-

185 2036 244 2054 πων
257 2027 304 2053 τοῦ
317 2027 416 2058 αἰῶνος
430 2027 527 2054 τοίιτου
540 2047 548 2059 ,
571 2026 702 2053 πάντοθεν
722 2025 824 2061 ὀφείλει
839 2028 907 2061 μετά
921 2025 970 2061 νή-

184 2074 267 2109 ψεως,
297 2075 345 2101 καὶ
373 2075 504 2111 ἀνδρίας,
527 2076 575 2101 καὶ
597 2074 732 2109 σπουδῆς,
757 2074 804 2100 καὶ
834 2073 970 2109 προσοχῆς

188 2122 352 2156 συσφίγγειν
370 2123 416 2148 καὶ
430 2122 577 2156 φυλάσσειν
589 2121 688 2156 ἑαυτὴν
700 2142 707 2153 ,
726 2121 772 2146 καὶ
798 2121 843 2148 τὸν
868 2120 970 2156 χιτῶνα

182 2168 231 2194 τοῦ
243 2168 379 2203 σώματος,
394 2169 432 2204 μή
447 2177 498 2194 που
517 2168 679 2203 περισχισθῇ
694 2169 723 2194 ἐν
736 2169 796 2200 ταῖς
809 2167 856 2194 τοῦ
866 2168 969 2202 κόσμου

1063 1750 1107 1778 Ill.
1130 1751 1233 1778 Eodem
1256 1750 1338 1777 modo
1359 1754 1388 1777 et.
1402 1750 1504 1783 anima,
1529 1757 1590 1784 quae
1608 1750 1730 1778 tunicam
1748 1758 1811 1778 cor-

1025 1796 1101 1830 poris
1129 1799 1228 1830 gestat,
1253 1795 1338 1822 veluti
1373 1795 1532 1824 prmclaram
1563 1799 1676 1828 vestem,
1705 1796 1811 1830 pollens

1026 1841 1158 1868 facultate
1175 1840 1361 1873 discernendi,
1378 1848 1438 1874 qua:
1454 1839 1548 1874 dirigit
1564 1845 1648 1867 totam
1669 1848 1731 1868 cum
1751 1850 1812 1868 cor-

1025 1895 1091 1922 pore
1117 1888 1246 1919 animam,
1274 1892 1459 1914 transeuntem
1480 1894 1530 1920 per
1550 1894 1662 1914 nemora
1675 1891 1702 1914 et
1718 1889 1813 1922 spinas

1025 1933 1098 1966 vitae,
1112 1938 1141 1960 et
1155 1941 1204 1968 per
1224 1940 1344 1966 ctenum,
1362 1937 1390 1960 et
1409 1932 1510 1967 ignem,
1528 1937 1556 1959 et
1572 1932 1733 1967 praecipitia,
1759 1933 1811 1960 hoc

1024 1983 1077 2011 est,
1103 1979 1271 2013 cupiditates
1294 1982 1323 2005 et.
1346 1979 1513 2013 voluptates,
1539 1982 1567 2005 et
1592 1979 1712 2013 reliquas
1729 1979 1812 2014 hujus

1025 2025 1117 2052 saeculi
1133 2025 1327 2058 absurditatcs,
1349 2024 1452 2059 ubique
1470 2024 1553 2051 debet
1568 2024 1671 2056 sobrie,
1690 2025 1812 2058 fortiter,

1024 2071 1173 2106 diligenter
1195 2075 1223 2098 et
1250 2075 1353 2097 attente
1385 2070 1529 2097 continere
1557 2075 1585 2096 et
1607 2070 1753 2098 observare
1781 2079 1811 2099 se

1024 2118 1121 2153 ipsam,
1142 2122 1170 2144 et
1192 2117 1312 2144 tunicam
1330 2117 1465 2151 corpm-is,
1495 2125 1529 2144 ne
1550 2116 1712 2144 dilaceretut
1738 2117 1812 2145 inter

1024 2163 1139 2190 frutices
1156 2166 1185 2189 et
1205 2162 1298 2197 spinas
1321 2161 1405 2196 hujus
1420 2160 1525 2192 mundi,
1547 2165 1577 2187 ut
1594 2165 1659 2187 sunt
1672 2161 1809 2188 sollicitu-

187 2212 263 2245 ὕλαις
278 2215 325 2241 καὶ
342 2214 476 2245 ἀκάνθαις
489 2234 496 2246 ,
516 2213 657 2250 μεριμνῶν
672 2234 679 2246 ,
697 2213 744 2239 καὶ
759 2213 904 2248 ἀσχολιῶν,
923 2213 969 2240 καὶ

1023 2208 1113 2241 dines,
1127 2208 1238 2243 negotia
1255 2211 1284 2234 et
1295 2214 1369 2234 cura:
1388 2210 1552 2238 terrestres;
1569 2209 1616 2232 aut
1625 2206 1660 2232 ab
1673 2206 1733 2241 igne
1745 2213 1811 2232 con-

184 2259 388 2294 περισπασμῶν
401 2260 518 2294 γηΐνων·
532 2260 580 2285 καὶ
597 2259 650 2285 ὑπὸ
662 2258 721 2285 ’τοῦ
741 2258 825 2293 πυρὸς
841 2258 890 2293 τῆς
911 2259 971 2284 ἐπι-

185 2305 285 2340 θυμίας
298 2305 458 2341 κατακαυθῇ
473 2314 480 2321 ·
506 2303 562 2331 οἷον
581 2304 742 2340 ὲνδεδυμὲνη
765 2305 811 2330 τὸν
833 2304 970 2338 όφθαλμὺν

185 2352 353 2387 ἀποστρέφει
367 2372 375 2384 ,
392 2351 439 2378 τοῦ
463 2351 501 2386 μὴ
530 2350 595 2377 ίδεῖν
617 2351 725 2386 πονηρά
741 2358 748 2366 ⁸
764 2350 795 2376 τὺ
809 2349 855 2381 οὓς
871 2351 970 2385 ὁμοίως

185 2398 364 2434 ἀποστρέφει,
378 2398 426 2424 τοῦ
443 2398 480 2434 μὴ
491 2397 602 2424 ἀκούειν
615 2397 791 2424 καταλαλιάν.
811 2397 866 2432 Τὴν
885 2396 971 2430 γλῶσ-

186 2452 236 2470 σαν
252 2444 299 2470 τοῦ
317 2445 354 2479 μὴ
371 2444 461 2471 λαλεῖν
475 2443 577 2479 μάταια
600 2451 607 2458 ·
632 2445 727 2478 χεῖρας
742 2443 789 2469 καὶ
810 2442 893 2473 πόδας
917 2443 970 2468 ἀπὸ

185 2490 406 2525 ἐπιτηδευμάτων
421 2490 523 2516 κακῶν.
544 2489 620 2523 Ἔχει
648 2490 703 2523 γὰρ
729 2488 835 2523 Θέλημα
856 2489 873 2523 ὴ
898 2488 969 2523 ψυχὴ

183 2533 232 2560 τοῦ
250 2535 420 2569 ἀποστρέψαι
434 2535 479 2561 καὶ
498 2533 617 2561 κωλῦσαι
637 2534 670 2559 τὰ
693 2534 761 2568 μέλη
777 2534 823 2559 τοῦ
846 2533 969 2568 σώματος

184 2581 238 2607 ἀπὺ
266 2581 405 2607 κακίστων
426 2581 569 2614 θεαμάτων
595 2580 642 2606 καὶ
663 2580 749 2615 ἀκοῆς
772 2580 906 2614 πονηρᾶς,
923 2580 970 2605 καὶ

184 2628 311 2662 αἰσχρᾶς,
335 2628 383 2653 καὶ
405 2626 492 2661 λόγων
509 2625 653 2660 ἀπρεπῶν,
672 2625 720 2652 καὶ
746 2626 970 2661 ἐπιτηδευμάτων

183 2673 325 2708 κοσμικῶν
345 2674 392 2700 καὶ
405 2673 542 2709 πονηρῶν.

219 2719 256 2746 Δ’.
272 2710 451 2754 Ἀποστρέφει
466 2719 494 2745 δὲ
508 2719 555 2746 καὶ
575 2718 674 2754 ἑαυτὴν
688 2719 705 2753 ἡ
720 2718 793 2754 ψυχὴ
802 2719 854 2745 ὑπὸ
869 2718 970 2753 ρεμόα-

184 2766 261 2800 σμῶν
271 2766 408 2801 πονηρῶν,
419 2766 589 2800 φυλάττουσα
595 2765 645 2799 τὴν
655 2765 779 2799 καρδίαν,
788 2764 835 2790 τοῦ
855 2765 892 2798 μὴ
901 2764 969 2799 ῥέμ-

184 2811 280 2838 ϐεσθαι
295 2812 323 2838 ὲν
339 2812 379 2847 τῷ
392 2812 487 2847 κόσμῳ
505 2811 539 2837 τὰ
555 2811 623 2846 μέλη
637 2810 691 2836 τῶν
708 2809 846 2844 λογισμῶν
861 2809 946 2844 αὐτῆς
960 2817 966 2823 ·

184 2857 233 2884 καὶ
252 2857 337 2889 οὕτως
351 2857 551 2893 ἀγωνιζομένη,
564 2856 610 2884 καὶ
627 2854 826 2887 σπουδάζουσα,
841 2855 887 2882 καὶ
906 2864 968 2882 συν-

1022 2254 1200 2289 cupiscentiaa
1214 2253 1394 2281 comburatur
1413 2261 1421 2278 :
1436 2260 1469 2280 ea
1490 2252 1567 2279 velut
1588 2252 1682 2279 induta
1698 2253 1812 2279 oculum

1021 2300 1130 2333 avertit,
1149 2307 1184 2327 ne
1202 2299 1296 2327 videat
1315 2299 1447 2326 malitiam
1475 2307 1482 2326 :
1513 2298 1643 2326 similiter
1664 2303 1693 2325 et
1712 2306 1808 2330 aures,

1021 2354 1056 2373 ne
1075 2345 1190 2373 audiant
1215 2345 1448 2375 detrectationes;
1475 2344 1607 2379 linguam,
1630 2351 1665 2370 ne
1680 2344 1811 2377 loquatur

1023 2399 1090 2418 vana
1101 2401 1108 2424 ;
1118 2398 1215 2418 manus
1230 2390 1350 2425 etpedes
1363 2391 1397 2417 ab
1411 2390 1604 2418 actionibuset
1611 2388 1710 2416 studiis
1726 2389 1804 2415 inho-

1021 2435 1118 2462 nestis.
1136 2435 1223 2462 Habet
1236 2435 1309 2461 enim
1324 2435 1413 2462 anima
1428 2435 1598 2462 voluntatem
1615 2433 1767 2464 avertendi,
1779 2438 1808 2461 et

1022 2481 1155 2508 avocandi
1171 2480 1294 2508 membra
1314 2481 1439 2516 corporis
1463 2480 1497 2507 ab
1523 2480 1676 2507 inhonestis
1699 2485 1806 2514 specta-

1022 2527 1101 2559 culis,
1116 2526 1150 2553 ab
1169 2526 1369 2554 auscultatione
1383 2527 1442 2562 ejus
1466 2527 1540 2561 quod
1558 2526 1659 2553 malum
1681 2529 1708 2552 et
1728 2529 1811 2559 turpe

1021 2577 1073 2604 est,
1090 2580 1105 2598 a
1119 2579 1246 2598 sermone
1263 2571 1354 2599 minus
1373 2572 1492 2603 decenti.
1508 2577 1535 2599 et
1550 2571 1647 2599 officiis
1662 2569 1812 2598 mundanis

1022 2625 1053 2645 ac
1069 2617 1214 2652 perversis.

1054 2717 1100 2746 IV.
1118 2718 1225 2746 Avertit
1244 2719 1326 2746 etiam
1340 2719 1458 2754 seipsam
1473 2718 1563 2746 anima
1590 2718 1625 2745 ab
1645 2716 1792 2752 occupatio

1020 2765 1102 2792 nibus
1117 2766 1216 2793 mentis
1235 2765 1328 2792 minus
1342 2766 1406 2800 piis,
1422 2765 1571 2792 observans
1581 2771 1640 2796 cor,
1655 2772 1689 2791 ne
1701 2763 1805 2798 cogita-

1021 2810 1111 2837 tiones
1124 2811 1183 2845 ejus
1202 2819 1251 2846 per
1263 2811 1396 2838 mundum
1408 2811 1473 2837 hinc
1487 2810 1550 2837 inde
1565 2810 1804 2845 circumagantur:

1020 2859 1049 2883 et
1063 2855 1103 2883 sic
1119 2864 1174 2884 non
1194 2857 1300 2892 absque
1320 2863 1409 2892 pugna
1425 2860 1453 2884 et
1466 2856 1572 2890 labore,
1595 2863 1630 2883 ex
1641 2856 1714 2884 omni
1730 2860 1808 2891 parte
