2064 3152
257 120 310 153 475

882 118 914 149 S.
931 117 1092 149 MACARII
1108 117 1270 148 IEGYPTII

1844 115 1897 148 476

259 175 413 211 diligenter
431 179 458 202 ct
471 178 577 202 attente
590 173 736 202 continens
756 172 880 200 membra
898 172 1023 209 corporis
1039 180 1054 200 a

1106 174 1209 208 έχουσα
1232 173 1365 200 πάντοθεν
1389 173 1419 200 ὲν
1444 172 1529 209 πολλῇ
1553 173 1675 209 προσοχῇ
1705 171 1740 199 τά
1757 172 1825 210 μέλη
1847 175 1896 202 τοῦ

260 221 378 252 malitia,
395 220 430 249 ab
443 220 519 247 omni
551 220 731 251 laceratione,
753 219 944 247 combustione
964 224 992 247 et
1012 219 1055 246 in-

258 267 430 304 quinatione,
448 266 608 301 prteclaram
623 266 748 301 corporis
763 265 894 298 tunicam,
906 265 1056 293 immunem

259 316 415 340 conservat.
438 312 484 338 Illa
502 312 560 346 ipsa
578 311 698 346 denique
713 319 763 346 per
777 318 854 338 suam
873 311 1055 344 voluntatem,

264 367 324 393 qua:
331 357 523 393 cognoscendi.
537 357 709 392 intelligendi
722 361 751 385 et
762 356 937 384 discernendi
949 357 976 384 vi
988 365 1055 392 pra:-

260 403 320 429 dita
339 407 392 434 est,
407 409 438 428 ac
452 402 568 429 omnino
581 407 612 430 ut
626 401 727 435 dicam,
739 411 789 438 per
801 402 909 430 Domini
924 402 1056 430 virtutem

262 447 483 480 conservabitur,
507 455 567 482 quze
597 453 625 475 et
642 448 770 483 seipsam
793 456 842 483 pro
872 448 977 475 viribus
998 447 1056 476 suis

258 494 368 520 cohibet
386 499 414 520 et
428 493 463 520 ab
483 493 559 520 omni
578 494 804 528 concupiscentia
831 493 972 521 mundana
987 493 1055 521 sub-

258 539 351 566 ducit:
369 539 421 575 14
435 544 517 574 atque
530 539 570 566 sic
580 540 714 566 auxilium
729 540 866 568 aDomino
875 540 1053 572 nanciscitur,

260 590 288 612 ut
304 592 400 611 revera
415 585 589 612 custodiatur
601 593 616 612 a
631 585 722 618 malis,
739 593 800 620 qua:
816 590 896 613 antea
907 593 1054 613 enumera-

258 631 360 658 vimus.
380 630 407 658 Si
419 631 528 665 quando
541 631 614 658 enim
629 631 763 658 Dominus
776 632 932 666 quempiam
940 631 1053 664 viderit,

260 676 307 710 qui
321 675 446 711 gnaviter
461 675 495 702 ab
515 675 597 711 hujus
610 675 705 702 mundi
718 676 918 711 voluptatibus,
949 676 1050 703 distra-

260 721 400 748 ctionibus
413 726 441 748 et
452 722 528 749 curis
543 722 644 748 crassis
660 729 692 748 ac
707 723 826 749 terrenis
843 722 961 750 vinculis
971 728 1053 758 atque

260 775 392 794 vanarum
411 767 610 802 cogitationum
636 768 867 803 occupationibus
893 776 922 796 se
944 771 1052 801 avocet,

259 819 371 848 praestat
389 814 428 840 illi
450 814 590 848 peculiare
613 814 709 849 gratia:
724 814 867 848 auxilium,
884 814 1052 850 illzesamqne

259 860 379 887 animam
392 860 478 891 illam,
495 867 555 895 quae
570 859 679 887 fortiter
696 868 818 895 praesens
841 860 894 888 hoc
919 861 1050 888 sarculum

255 914 422 941 perversum
457 907 619 941 pertransit,
653 911 810 934 conservat.
835 906 868 934 Et
893 907 933 934 sic
961 906 1052 934 anima

259 953 371 980 cmleste
383 953 552 988 praeconium
571 961 586 980 a
602 954 658 980 Deo
672 959 701 981 et
717 953 822 989 angelis
831 954 892 988 ejus
905 953 1052 988 consequi-

259 1001 314 1031 tur,
331 998 406 1033 quod
422 1004 525 1026 vestem
542 998 666 1033 corporis
681 999 723 1026 sui
735 1004 764 1026 et
780 1007 808 1026 se
823 999 908 1034 ipsam
924 1003 1052 1026 accurate

259 1044 443 1081 conservarit,
462 1048 490 1071 et
507 1044 592 1078 quod,
610 1049 743 1079 quantum
758 1044 786 1071 in
798 1052 827 1072 se
847 1044 910 1077 fuit,
926 1044 960 1071 ab
975 1044 1051 1071 omni

259 1089 485 1124 concupiscentia
511 1090 648 1116 mundana
671 1097 766 1117 aversa
793 1093 821 1116 et
838 1096 956 1122 remota,
972 1090 1052 1117 auxi-

258 1134 352 1169 lioque
386 1134 480 1161 divino
510 1134 606 1169 potita,
636 1142 749 1161 cursum
776 1133 858 1161 stadii
885 1134 967 1170 hujus
988 1135 1052 1162 vitae

260 1179 381 1206 feliciter
397 1179 557 1207 absolverit.

295 1224 327 1251 V.
349 1224 377 1252 Si
397 1225 460 1260 quis
473 1229 565 1252 autem
586 1224 695 1260 pigritia
721 1229 749 1253 et
775 1225 892 1260 segnitie
909 1225 1048 1258 diﬂluens,

260 1275 342 1298 caute
368 1271 395 1297 in
424 1271 476 1297 hac
503 1271 559 1298 vita
585 1271 828 1304 nonambulet,et
850 1279 882 1298 ex
902 1279 950 1298 sua
967 1271 1053 1306 ipsius

262 1318 405 1344 voluntate
418 1325 528 1344 omnem
544 1318 796 1352 concupiscentiam
817 1317 982 1345 mundanam
997 1325 1052 1345 non

264 1369 420 1396 aversetur,
449 1371 500 1391 nec
513 1364 659 1390 Dominum
674 1364 764 1390 solum
780 1363 807 1390 in
826 1363 904 1390 onmi
914 1363 1053 1391 desiderio

260 1407 403 1443 requirat,
437 1408 466 1434 in
499 1408 592 1443 spinas
627 1412 656 1435 et
693 1416 806 1437 nemora
838 1409 921 1444 hujus
956 1409 1053 1437 mundi

261 1453 420 1490 conjicitur,
446 1458 474 1481 et
503 1455 537 1481 ab
553 1455 608 1490 igni
635 1456 863 1491 concupiscentia:
889 1456 974 1483 vestis
993 1463 1055 1484 cor-

264 1499 344 1536 poris
359 1499 543 1533 comburitur,
561 1505 589 1528 et
602 1509 681 1528 coeno
692 1502 863 1537 voluptatum
875 1501 1051 1537 inquinatur:
1066 1520 1088 1551 C

259 1549 291 1574 et
299 1544 340 1573 sic
356 1545 461 1579 timida,
477 1553 508 1573 ac
518 1547 578 1573 sine
599 1546 699 1573 ﬁducia
725 1547 753 1574 in
775 1547 820 1574 die
835 1547 934 1582 judicii
960 1547 1051 1575 anima

261 1590 491 1627 deprehenditur,
508 1599 541 1618 eo
556 1591 644 1626 quod,
657 1600 719 1620 cum
733 1600 811 1619 suam
837 1598 940 1621 vestem
954 1594 1053 1620 imma-

263 1637 383 1666 culatam
408 1645 572 1665 conservare
605 1646 660 1665 non
684 1639 819 1674 potuerit,
845 1647 905 1666 eam
938 1640 1054 1668 fallaciis

264 1684 346 1720 hujus
359 1684 452 1711 saeculi
465 1685 639 1720 corruperit:
654 1689 682 1712 et
696 1689 842 1720 propterea
859 1693 943 1721 regno
961 1690 1055 1712 extru-

265 1731 351 1770 ditur.
364 1730 435 1764 Quid
453 1730 526 1758 cnim
546 1730 672 1759 facturus
686 1731 760 1758 Deus
771 1735 812 1758 est
827 1731 877 1764 illi,
895 1731 942 1767 qui
957 1736 1055 1767 sponte

264 1785 294 1805 se
320 1777 410 1812 ipsum
434 1777 537 1804 mundo
563 1777 720 1810 tradiderit,
739 1778 982 1813 voluptatibusque
1008 1778 1056 1806 de-

265 1827 367 1858 ceptus
385 1830 418 1850 ac
433 1823 552 1850 terrenis
582 1823 811 1859 occupationibus
826 1823 958 1851 seductus
974 1824 1056 1851 ober-

268 1867 335 1895 rat?
359 1867 402 1895 llli
429 1867 540 1902 quidem
560 1867 692 1894 auxilium
712 1872 832 1902 przestat,
861 1868 908 1903 qui
929 1868 1056 1896 sordidas

265 1915 434 1950 voluptates,
449 1919 477 1941 et
493 1914 599 1949 priores
612 1921 703 1941 mores
721 1918 871 1947 aversatus,
888 1914 962 1941 omni
983 1914 1009 1941 vi
1024 1921 1056 1942 ac

264 1961 372 1997 impetu
404 1961 587 1996 cogitationes
622 1969 820 1997 suas-semper
849 1961 883 1988 ad
909 1961 1055 1989 Dominum

264 2008 368 2044 dirigit,
384 2013 412 2034 ct
435 2015 465 2036 se
481 2008 571 2042 ipsum
597 2007 725 2043 abnegat,
745 2008 888 2043 solumque
909 2008 1055 2035 Dominum

269 2055 403 2082 ardenter
415 2054 522 2088 quaerit.
536 2054 614 2082 llunc
624 2058 778 2086 conservat,
793 2054 840 2089 qui
855 2061 884 2081 se
900 2053 1021 2081 custodit
1041 2061 1057 2080 a

265 2101 371 2135 laqueis
394 2108 426 2127 ac
447 2101 566 2128 restibus
588 2101 662 2128 silvae
681 2101 764 2136 hujus
781 2101 887 2134 mundi,
908 2101 955 2135 qui
973 2101 1057 2128 etiam

265 2156 325 2174 cum
348 2148 438 2174 timore
455 2151 480 2173 et
505 2151 604 2174 terrore
621 2156 698 2174 suam
721 2148 803 2182 ipsius
825 2147 936 2174 salutem
961 2155 1057 2180 opera-

1109 221 1235 257 σώματος
1253 220 1307 248 ἀπὸ
1320 219 1423 251 κακῶν,
1442 219 1580 254 ἄσχιστον,
1609 219 1657 245 καὶ
1677 218 1823 251 ἄκαυστον,
1849 220 1897 247 καὶ

1107 267 1223 295 ἄσπιλον
1237 265 1283 294 τὸν
1295 265 1377 293 καλὸν
1391 265 1493 301 χιτῶνα
1507 264 1554 291 τοῦ
1567 263 1693 299 σώματος
1707 264 1894 299 διαφυλάσσει·

1107 314 1156 341 καὶ
1168 312 1238 349 αὐτὴ
1256 312 1301 340 διὰ
1324 311 1372 338 τοῦ
1393 310 1546 346 γνωστικοῦ
1571 310 1619 337 καὶ
1638 311 1820 344 διανοητικοῦ,
1848 312 1897 339 καὶ

1107 358 1277 394 διακριτικοῢ
1294 359 1448 394 θελήματος
1462 357 1563 392 αὐτῆς,
1580 357 1611 384 τὸ
1627 356 1655 384 δὲ
1667 357 1722 383 πᾶν
1732 357 1775 384 διὰ
1787 358 1836 392 τῆς
1848 358 1896 385 τοῦ

1106 406 1211 441 Κυρίου
1227 405 1379 441 δυνάμεως,
1396 403 1601 440 φυλαχθήσεται
1613 423 1621 435 ,
1638 403 1708 436 αὑτὴ
1729 404 1829 438 ἑαυτὴν
1844 404 1895 439 ὅση

1105 451 1220 486 δύναμις
1230 450 1429 485 συσφίγγουσα,
1443 449 1490 476 καὶ
1500 449 1591 483 πάσης
1599 448 1747 483 ἐπιθυμίας
1760 449 1896 484 κοσμικῆς

1105 495 1329 531 ἀποστρέφουσασ
1341 494 1386 521 καὶ
1396 494 1482 525 οὓτως
1492 493 1544 520 ὑπὸ
1552 492 1598 520 τοῦ
1611 494 1712 529 Κυρίου
1725 494 1822 529 βοηθου
1826 495 1895 530 μόνη

1105 542 1146 573 είς
1158 541 1188 568 τὸ
1201 540 1231 574 ἐξ
1244 540 1372 575 ἀληθείας
1387 539 1559 574 φυλαχθῆναι
1571 539 1656 574 αὐτὴν
1673 539 1728 566 ἀπὸ
1735 539 1789 566 τῶν
1802 548 1896 574 προει-

1106 586 1233 622 ρημένων
1256 584 1361 612 κακῶν.
1377 584 1464 610 Ἐπάν
1479 584 1533 619 γὰρ
1548 584 1589 618 ἴδῃ
1605 584 1619 610 ό
1636 583 1738 619 Κύριός
1755 592 1816 610 τινα
1831 593 1896 618 γεν-

1104 632 1187 664 ναίως
1212 631 1450 666 ἀποστρεφόμενον
1472 630 1522 661 τὰς
1547 629 1595 657 τοῦ
1621 629 1679 664 βίου
1705 630 1822 665 ἡδονὰς,
1847 631 1896 657 καὶ

1104 677 1314 713 περισπασμοὺς
1339 676 1387 704 καὶ
1417 677 1553 712 μερίμνας
1578 676 1674 708 ὑλικὰς
1703 676 1751 702 καὶ
1776 676 1893 710 δεσμοὺς

1103 725 1225 759 γητνους.
1240 724 1289 751 καὶ
1307 722 1485 758 ῥεμδασμοὺς
1499 722 1637 758 λογισμῶν
1653 723 1786 757 ματαίων,
1803 723 1895 750 δίδωσι

1102 773 1152 808 τὴν
1174 772 1241 799 ίδίαν
1257 773 1307 807 τῆς
1323 771 1435 807 χάριτος
1453 770 1590 806 βοήθειαν,
1610 770 1733 798 ἄπτωτον
1754 770 1891 805 διατηρῶν

1103 819 1151 854 τὴν
1164 818 1253 853 ψυχὴν
1265 817 1373 853 ἐκείνην
1387 817 1596 853 διεξερχομένην
1604 817 1694 848 καλῶς
1703 816 1750 843 τδν
1757 816 1894 844 ἐνεστῶτα

1103 865 1222 900 πονηρὸν
1235 864 1333 892 αἰῶνα.
1348 865 1403 891 Καὶ
1417 863 1504 895 οὕτως
1514 864 1531 899 ἡ
1543 863 1616 899 ψυχὴ
1626 862 1747 890 ιπαίνων
1759 862 1894 898 οὐρανίων

1103 911 1180 947 παρὰ
1193 910 1261 938 Θεοῦ
1274 911 1321 937 καὶ
1331 910 1454 945 ἀγγέλων
1466 909 1603 942 τεύξεται,
1615 909 1657 936 ὅτι
1672 908 1718 935 τὸν
1732 908 1835 944 χιτῶνα
1844 908 1892 935 τοῦ

1103 957 1229 992 σώματος
1241 957 1327 992 αὐτῆς
1341 957 1432 988 καλῶς
1444 955 1589 991 διεφύλαξε
1602 955 1648 983 καὶ
1663 955 1774 990 ἑαυτὴν,
1786 955 1850 982 ὅσον
1861 954 1894 981 τὸ

1102 1004 1132 1030 ὲν
1146 1003 1215 1038 αὐτῇ
1230 1003 1353 1036 δυνατὸν,
1369 1003 1461 1030 πᾶσαν
1475 1001 1624 1037 ἐπιθυμίαν
1637 1000 1686 1028 τοῦ
1699 1001 1803 1036 κόσμου
1817 1002 1891 1028 ἀπο-

1103 1049 1266 1084 στραφεῖσα,
1296 1048 1344 1075 καὶ
1369 1047 1415 1074 ὑπ’
1446 1047 1530 1074 αὐτοῦ
1560 1046 1735 1082 βοηθηθεῐσα,
1758 1045 1806 1073 τδν
1831 1045 1894 1082 δρό-

1104 1101 1155 1128 μον
1167 1093 1214 1120 τοῦ
1232 1093 1340 1120 σταδίου
1357 1092 1406 1120 τοῦ
1422 1093 1527 1128 κόσμου
1542 1092 1640 1119 τούτου
1660 1091 1752 1124 καλῶς
1773 1090 1894 1128 διεξελή-

1101 1137 1181 1165 λυθεν

1137 1227 1175 1254 E'.
1187 1227 1217 1254 El
1225 1226 1254 1254 δέ
1263 1236 1304 1258 τις
1312 1227 1341 1253 ὲν
1347 1225 1493 1262 χαυνότητι
1501 1225 1548 1253 καὶ
1561 1225 1682 1262 ῥᾳθυμίᾳ
1697 1225 1734 1261 μὴ
1746 1225 1895 1261 προσεχόν·

1105 1282 1160 1305 τως
1178 1274 1206 1300 ἐν
1223 1273 1262 1308 τῷ
1283 1273 1334 1308 βίῳ
1347 1272 1436 1308 τούτῳ
1447 1271 1594 1308 πορεύεται
1606 1291 1613 1303 ,
1631 1272 1678 1298 καὶ
1695 1272 1727 1298 ἐκ
1743 1271 1895 1307 θελήματος

1105 1319 1169 1346 ίδίου
1184 1319 1234 1346 οὐκ
1247 1319 1450 1354 ἀποστρέφεται
1458 1319 1549 1345 πᾶσαν
1562 1317 1708 1352 ἐπιθυμίαν
1718 1317 1765 1344 τοῦ
1777 1318 1893 1353 κόσμου,

1104 1367 1150 1392 καὶ
1159 1365 1205 1393 τὸν
1220 1365 1322 1401 Κύριον
1341 1366 1421 1401 μόνον
1434 1366 1463 1392 ἐν
1478 1365 1554 1401 πάσῃ
1568 1364 1702 1400 ἐπιθυμίᾳ
1713 1364 1894 1400 ὲπιζητεῐ,είς

1103 1412 1155 1444 τὰς
1176 1411 1297 1443 ἀκάνθας
1311 1412 1359 1438 καὶ
1373 1410 1438 1443 ὕλας
1460 1411 1557 1438 τούτου
1572 1410 1619 1437 τοῦ
1638 1411 1742 1446 κόσμου
1763 1410 1893 1446 περιπεί-

1103 1466 1182 1494 ρεται
1197 1476 1205 1489 ,
1225 1457 1272 1484 καὶ
1288 1456 1341 1484 ὑπὸ
1362 1456 1410 1483 τοῦ
1428 1456 1516 1491 πυρὸς
1538 1456 1589 1491 τῆς
1614 1455 1763 1490 ἐπιθυμίας
1778 1456 1792 1482 ό
1808 1454 1893 1490 χιτὼν

1103 1503 1151 1530 τοῦ
1179 1503 1305 1538 σώματος
1330 1502 1534 1538 παρακαίεται,
1555 1503 1602 1528 καὶ
1618 1502 1671 1528 ὑπὸ
1693 1501 1741 1528 τοῦ
1761 1501 1893 1537 βορϐόρου

1104 1549 1158 1576 τῶν
1174 1548 1275 1584 ἡδονῶν
1292 1547 1447 1580 σπιλοῦται,
1460 1548 1508 1574 καὶ
1525 1547 1613 1580 οὓτως
1627 1548 1851 1584 ἀπαρρησίαστος
1875 1548 1893 1584 ἡ

1103 1595 1177 1631 ψυχὴ
1190 1596 1219 1622 ἐν
1234 1595 1326 1630 ὴμέρᾳ
1337 1594 1454 1630 κρίσεως
1464 1595 1634 1629 εὑρίσκεται,
1649 1594 1680 1620 τὸ
1697 1594 1799 1629 ἔνδυμα
1808 1595 1894 1629 αὐτῆς

1105 1642 1219 1670 ἄσπιλον
1233 1642 1270 1677 μὴ
1289 1640 1434 1676 δυνηθεῖσα
1452 1641 1588 1676 τηρῆσαι,
1603 1640 1672 1668 ἀλλά
1685 1641 1894 1676 καταφθείρασα

1106 1688 1174 1716 αὐτὸ
1188 1689 1249 1720 ταῖς
1262 1688 1382 1720 ἀπάταις
1397 1686 1444 1714 τοῦ
1456 1687 1553 1719 αίῶνος
1566 1686 1662 1714 τούτου
1673 1695 1681 1702 ·
1697 1687 1746 1714 καὶ
1757 1687 1802 1714 διὰ
1813 1686 1894 1715 τοῦτο

1105 1734 1259 1768 ἀπόϐλητος
1275 1733 1325 1767 τῆς
1349 1732 1490 1768 βασιλείας
1515 1732 1659 1767 γίγνεται·
1671 1732 1698 1759 τί
1711 1733 1766 1769 γὰρ
1784 1733 1895 1769 ποιήσει

1105 1780 1120 1805 ὁ
1133 1779 1199 1812 Θεὸς
1213 1779 1252 1814 τῷ
1268 1779 1402 1814 θελήματι
1418 1777 1457 1814 τῷ
1473 1778 1533 1814 ίδίῳ
1549 1777 1726 1814 παραδιδόντι
1742 1778 1837 1804 ἑαυτὸν
1853 1778 1894 1813 τῷ

1106 1826 1212 1861 κόσμῳ,
1228 1826 1276 1852 καὶ
1291 1826 1466 1861 ἀπατωμένῳ
1481 1826 1542 1856 ταῖς
1557 1825 1664 1860 ἡδοναῖς
1680 1824 1774 1857 αὐτοῦ,
1789 1824 1805 1860 ἢ
1822 1825 1894 1860 ῥεμ-

1107 1871 1223 1906 ϐασμοϊς
1235 1871 1339 1903 ὑλικοῐς
1349 1871 1568 1906 ὲκπλανωμένῳς
1585 1871 1683 1906 ἐκείνῳ
1696 1871 1750 1906 γὰρ
1766 1870 1894 1906 βοήθειαν

1105 1918 1207 1951 δίδωσι,
1221 1918 1260 1953 τῷ
1277 1917 1509 1954 ἀποστρεφομένῳ
1528 1917 1578 1949 τὰς
1594 1917 1689 1949 ὑλικὰς
1712 1916 1820 1951 ἡδονὰς.
1845 1916 1894 1943 καὶ

1107 1965 1245 2000 προτέρας
1268 1963 1414 1999 συνηθείας
1431 1970 1438 1978 ’
1455 1963 1502 1990 καὶ
1514 1963 1561 1998 βίᾳ
1574 1962 1625 1998 τὴν
1639 1962 1759 1989 διάνοιαν
1777 1962 1894 1989 πάντοτε

1107 2010 1177 2046 πρὸς
1193 2010 1296 2046 Κύριον
1308 2009 1424 2042 ἕλκοντι,
1436 2009 1593 2045 ἀρνουμένῳ
1606 2017 1636 2035 τε
1650 2008 1757 2040 ἑαυτὸν,
1776 2007 1825 2034 καὶ
1848 2007 1894 2034 τὸν

1106 2056 1210 2091 Κύριον
1228 2055 1308 2091 μόνον
1319 2054 1492 2090 ὲπιζητοῦντι
1504 2063 1511 2070 ·
1527 2054 1621 2081 τοῦτον
1635 2054 1768 2090 διατηρεῖ,
1783 2053 1828 2080 τὸν
1845 2062 1896 2088 φυ-

1107 2100 1273 2136 λασσόμενον
1284 2099 1453 2135 πανταχόθεν
1467 2101 1499 2126 ὲκ
1514 2099 1569 2127 τῶν
1588 2099 1710 2133 παγίδων
1725 2099 1773 2126 καὶ
1789 2099 1895 2135 βρόχων

1108 2146 1158 2181 τῆς
1171 2146 1238 2181 ὕλης
1254 2145 1302 2172 τοῦ
1319 2145 1435 2181 κόσμου,
1449 2145 1504 2172 τὸν
1521 2144 1596 2181 μετὰ
1609 2146 1704 2180 φόϐου
1719 2144 1770 2172 καὶ
1784 2145 1896 2180 τρόμου

266 2199 311 2220 tur
326 2193 360 2225 ”,
378 2192 508 2227 omnique
527 2193 680 2220 intentione
694 2200 743 2227 per
770 2193 895 2227 laqueos,
919 2197 1007 2220 restes
1027 2197 1055 2220 et

1109 2191 1167 2225 τὴν
1179 2190 1290 2218 ἑαυτοῦ
1306 2192 1461 2225 σωτηρίαν
1473 2191 1743 2226 κατεργαζόμενον,
1763 2190 1811 2217 καὶ
1826 2190 1897 2225 μετά

266 2239 505 2274 concupiscentias
517 2239 600 2274 hujus
613 2239 706 2266 saeculi
715 2239 823 2271 transit,
830 2239 993 2274 Dominique
1005 2246 1055 2266 au-

266 2286 364 2313 xilium
379 2285 512 2320 requirit,
536 2293 568 2313 ac
587 2293 638 2321 per
655 2285 769 2321 gratiam
784 2285 982 2314 misericordia:
998 2285 1057 2321 ejus

268 2332 368 2359 salvari
377 2335 469 2361 sperat

302 2421 346 2449 Vl.
359 2421 429 2449 Ecce
436 2421 510 2449 enim
521 2421 543 2437 ’°
556 2421 677 2457 quinque
687 2421 837 2457 prudentes
850 2430 882 2450 ac
894 2423 994 2451 sobria:
1004 2424 1058 2451 vir-

269 2467 359 2504 gines,
376 2467 506 2495 alacriter
521 2473 696 2496 accersentes
721 2468 856 2503 hospitem
868 2474 975 2497 naturae
992 2477 1056 2504 suat,

269 2519 383 2549 accepto
399 2514 426 2541 in
450 2514 562 2542 vasibus
587 2514 680 2542 cordis
700 2514 742 2541 sui
759 2514 832 2547 oleo,
861 2514 913 2542 hoc
934 2519 987 2548 cst,
1010 2523 1058 2542 su-

268 2569 353 2596 perna
370 2561 457 2596 gratia
483 2560 613 2596 Spiritus,
628 2565 780 2596 potuerunt
801 2561 907 2596 ingredi
929 2569 982 2588 una
996 2569 1058 2589 cum

271 2607 378 2642 Sponso
394 2607 420 2634 in
434 2607 572 2634 ccelestcm
589 2607 748 2634 thalamum.
764 2607 887 2642 Reliquae
898 2615 963 2635 vero
980 2607 1062 2635 fatum

270 2654 298 2681 in
313 2661 363 2681 sua
386 2654 472 2689 ipsius
487 2658 585 2681 natura
604 2659 809 2688 permanentes,
831 2661 886 2681 non
900 2654 1060 2689 vigilarunt,

270 2709 322 2727 nec
337 2708 448 2736 operam
477 2700 622 2733 dederunt,
649 2704 679 2728 ut
707 2700 796 2727 oleum
812 2700 1002 2728 cxsultationis
1015 2708 1062 2727 ac-

272 2746 396 2781 cipercnt
407 2746 435 2773 in
455 2746 527 2773 vasis
550 2745 618 2779 suis,
646 2745 693 2773 sed
715 2746 791 2773 velut
816 2745 844 2773 in
867 2753 950 2774 carne
973 2745 1063 2774 adhuc

323 2834 346 2851 ¹²
363 2834 461 2870 Philip.
481 2843 509 2868 ll,
525 2835 570 2863 12.
607 2835 629 2877 ³έ
642 2834 737 2862 Matth.
751 2842 813 2868 xxv,
835 2834 846 2860 1
862 2842 938 2869 seqq.
971 2815 975 2818 γ

1109 2237 1201 2273 πάσης
1213 2238 1375 2274 προσεχείας
1390 2237 1434 2264 διὰ
1455 2237 1510 2264 τῶν
1525 2237 1647 2272 παγίδων
1666 2237 1714 2265 καὶ
1729 2237 1835 2273 βρόχων
1850 2236 1898 2264 καὶ

1109 2283 1261 2318 ἐπιθυμιῶν
1276 2284 1323 2310 τοῦ
1340 2283 1438 2315 αἰῶνος
1454 2283 1549 2311 τούτου
1561 2284 1833 2320 παρερχόμενον,καὶ
1846 2284 1897 2320 τὴν

1108 2329 1156 2356 τοῦ
1169 2329 1272 2366 Κυρίου
1291 2329 1418 2366 βοήθειαν
1427 2330 1619 2365 ἐπιζητοῦντα,
1629 2330 1722 2366 καὶτῷ
1733 2330 1804 2357 ὲλέει
1814 2330 1898 2358 αὑτὸν

1109 2376 1154 2403 διὰ
1173 2377 1223 2411 τῆς
1239 2377 1350 2412 χάριτος
1365 2375 1500 2408 σώζεσθαι
1511 2376 1668 2409 ἐλπίζοντα.

1145 2423 1190 2455 ς’.
1199 2422 1264 2449 Ἰδοὺ
1271 2422 1358 2457 γάραί
1366 2423 1445 2449 πέντε
1453 2423 1583 2458 παρθένοι
1594 2423 1622 2450 αι
1636 2422 1771 2459 φρόνιμοι,
1778 2423 1898 2458 νήψασαι

1109 2469 1157 2494 καὶ
1173 2469 1392 2504 γοργευσάμεναι
1405 2469 1436 2496 τὸ
1451 2469 1524 2501 ξένον
1537 2469 1586 2505 τῆς
1599 2470 1705 2497 ἑαυτῶν
1716 2470 1835 2504 φύσεως,
1851 2471 1900 2496 λα-

1110 2514 1207 2541 ϐοῦσαι
1221 2515 1250 2541 τὸ
1263 2514 1352 2541 ἔλαιον
1366 2516 1396 2542 ὲν
1407 2517 1465 2547 τοῖς
1479 2516 1601 2550 ἀγγείοις
1613 2516 1662 2552 τῆς
1672 2516 1786 2552 καρδίας
1797 2517 1900 2550 αὐτῶν,

1109 2561 1232 2588 τουτέστι
1244 2561 1294 2595 τὴν
1307 2561 1410 2588 ἄνωθεν
1427 2563 1507 2598 χάριν
1521 2562 1568 2589 τοῦ
1586 2563 1756 2599 Πνεύματος,
1771 2563 1902 2599 ἠδυνήθη-

1113 2615 1161 2633 σαν
1181 2607 1361 2633 συνεισελθεῖν
1375 2607 1414 2642 τῷ
1422 2608 1539 2644 Νυμφίῳ
1552 2609 1592 2641 είς
1605 2609 1652 2636 τὸν
1661 2609 1822 2645 ἐπουράνιον
1832 2618 1901 2644 νυμ-

1113 2653 1199 2688 φῶνα.
1227 2653 1259 2680 Αἱ
1279 2653 1308 2680 δὲ
1325 2653 1404 2681 ἄλλαι
1419 2655 1447 2681 at
1471 2656 1579 2691 μωραὶ,
1594 2656 1624 2683 αι
1647 2657 1676 2683 ὲν
1694 2658 1727 2692 τῇ
1751 2657 1805 2692 ίδίᾳ
1820 2656 1901 2690 φύσει

1114 2699 1308 2734 ἀπομείνασαι,
1322 2699 1372 2727 οὑκ
1392 2700 1495 2736 ἐνηψαν
1513 2702 1561 2729 καὶ
1582 2702 1752 2730 ἐσπούδασαν
1773 2702 1902 2738 δέχεσθαι

1115 2745 1144 2773 τὸ
1157 2745 1247 2773 ἔλαιον
1256 2747 1305 2782 τῆς
1316 2746 1504 2781 ἀγαλλιάσεως
1524 2749 1553 2775 ἐν
1572 2749 1628 2782 τοῖς
1644 2748 1766 2784 ἀγγείοις
1787 2747 1877 2776 αὐτῶν
1893 2768 1901 2783 ,
