2064 3152
249 132 303 166 479

875 134 906 164 S.
926 134 1085 164 MACARII
1104 133 1263 164 ΑΞΟΥΡΤΙΙ

1831 135 1884 166 480

293 188 339 219 IX.
358 190 441 226 Atqui
460 190 590 218 subtilius
611 194 640 217 et
660 187 826 224 promndius
840 195 897 223 pro.
913 196 1043 216 concessa

1130 189 1170 216 8'.
1196 189 1302 216 Λεπτὸν
1323 188 1351 216 δὲ
1375 197 1437 216 τινα
1458 187 1536 224 λόγον
1560 189 1608 216 καὶ
1632 189 1716 224 βαθὺν
1740 191 1811 217 κατά
1834 193 1884 228 τὴν

252 236 322 264 mihi
333 236 466 265 facultate
474 237 622 265 disseram.
630 235 804 270 Quapropter
818 240 922 263 attente
934 235 1040 263 audite.

253 283 392 314 lnilnitus,
405 284 564 311 inaccessus
578 287 607 310 et
624 282 764 309 increatus
778 282 861 314 Deus,
880 289 981 317 corpus
1000 289 1044 308 as-

252 328 379 363 sumpsit,
386 333 499 363 propter
507 328 668 355 immensam
677 332 705 355 et
716 327 882 355 inen’abilcm
891 327 1042 355 bonitatem

251 382 341 407 suam,
357 380 397 408 et,
414 381 444 402 ut
463 375 501 402 ita
526 375 633 410 loquar,
648 375 723 402 velut
747 374 885 402 imminuit
907 382 936 402 se
953 375 1042 409 ipsum

251 421 286 448 ab
301 421 442 448 inaccessa
455 421 554 456 gloria;
567 426 597 449 ut
617 420 690 448 uniri
709 425 803 456 posset
815 420 972 448 visibilibus
985 420 1044 448 suis

251 465 400 498 creaturis,
418 466 507 494 veluti
520 466 621 494 animis
635 471 795 494 sanctorum
816 470 845 493 et
861 466 1032 502 angelorum,

250 515 282 537 ut
296 512 404 546 possint
420 512 483 539 vita:
503 512 604 540 divinae
618 513 767 548 participes
783 512 1044 547 ﬂeri.Unumquod-

252 565 307 592 que
324 558 400 585 enim
414 558 526 590 borum,
539 559 691 586 secundum
705 563 830 586 naturam
847 566 924 586 suam
941 566 1044 593 corpus

251 609 306 636 est,
328 604 443 639 angelus
472 604 590 636 scilicet.
615 605 708 632 anima
725 605 872 633 etdaemon
894 605 1044 640 :quamvis

252 650 327 676 enini
352 651 463 678 subtilia
483 651 549 683 sint,
567 656 658 679 tatncn
686 651 714 679 in
732 652 898 685 substantia,
914 652 1001 679 forma
1015 656 1044 679 et

253 695 339 730 ﬁgura
354 696 506 723 secundum
522 697 685 724 tenuitatem
703 702 808 725 natura:
823 705 930 730 eorum,
943 705 1042 732 corpo-

253 749 281 768 ra
309 747 373 769 sunt
396 743 491 769 tetmia
511 753 517 770 :
535 742 767 778 quemadmodum
783 748 811 770 et
822 743 874 770 hoc
894 750 994 778 corpus
1015 743 1043 769 itt

251 786 406 814 substantia
420 796 469 814 sua
478 796 601 815 crassum
617 793 645 815 et
659 787 778 815 solidum
790 793 842 815 est.
853 788 899 816 Sic
911 793 939 816 et
951 788 1043 815 anima

251 833 362 860 subtilis
377 842 439 860 cum
467 835 513 867 sit,
534 833 746 869 comprehendit
770 834 799 861 in
813 842 843 862 se
857 835 979 867 oculum,
993 841 1043 869 per

251 888 334 914 quem
358 881 444 911 videt,
462 889 569 913 aurem,
586 889 635 916 per
651 888 733 916 quam
750 880 849 908 audit:
866 881 996 908 similiter
1014 885 1042 908 et

252 924 386 959 tinguant,
403 933 452 960 per
472 934 554 961 quam
573 932 727 953 sermonem
744 925 867 961 profert:
886 933 993 959 manus,
1014 931 1043 954 et

253 969 281 995 in
293 977 398 996 summa
425 975 513 998 totum
530 979 641 1006 corpus,
659 974 688 997 et
700 971 823 998 membra
842 972 901 1008 ejus
920 972 1042 1007 comple-

252 1019 330 1042 ctens
343 1016 445 1048 anima,
466 1018 662 1044 eommiscetur
675 1023 738 1043 cum
749 1025 794 1051 eo,
804 1026 852 1053 per
863 1018 937 1054 quod
948 1025 1044 1046 omnes

253 1060 335 1095 hujus
352 1061 476 1090 actiones
492 1071 540 1090 seu
557 1072 641 1099 opera
657 1066 716 1094 edit
729 1070 757 1093 et
771 1069 891 1093 exercet.

288 1107 322 1134 Χ.
338 1109 441 1136 Eodem
461 1111 542 1137 modo
558 1111 640 1142 Deus,
658 1112 705 1147 qui
726 1112 795 1139 ﬁnes
819 1116 848 1139 et
872 1110 1043 1138 intellectum

252 1158 377 1180 nostrum
396 1155 477 1189 longe
491 1157 672 1189 transcendit,
685 1165 734 1192 per
748 1156 900 1184 bonitatem
915 1164 992 1184 suam
1015 1164 1044 1184 se

253 1198 343 1232 ipsum
359 1199 507 1233 imminuit,
519 1205 546 1228 ct
564 1202 653 1229 induit
666 1202 790 1230 tuembra
807 1202 931 1237 corporis
950 1202 1042 1238 hujus,

253 1248 281 1270 et
300 1245 415 1271 retraxit
435 1253 464 1273 se
488 1247 578 1280 ipsum
606 1247 640 1273 ab
666 1247 806 1275 inaccessa
816 1247 904 1282 gloria
920 1255 973 1275 :ac
995 1255 1045 1282 per

254 1290 476 1319 benevolentiam
502 1298 529 1319 et
544 1293 745 1321 humanitatem
759 1301 847 1326 suam,
861 1298 1044 1321 transmutata

255 1338 353 1370 forma,
369 1339 517 1374 assumpsit
532 1348 632 1374 corpus
645 1344 674 1367 et
685 1340 890 1374 eommiscetur,
903 1345 986 1376 atque
1000 1348 1045 1368 ase

254 1384 340 1410 sumit
352 1384 458 1410 animas
472 1390 581 1411 sanctas
598 1385 651 1412 sibi
667 1393 750 1421 quam
762 1389 890 1420 acceptas
899 1390 927 1413 et
937 1385 1042 1418 ﬁdeles,

252 1434 281 1456 et
292 1429 322 1456 tit
332 1436 394 1456 cum
408 1430 449 1456 eis
460 1438 526 1456 unus
536 1430 662 1465 Spiritus,
670 1431 823 1458 secundum
834 1431 940 1458 dictum
951 1430 1041 1458 Pauli:

252 1474 357 1506 anima,
371 1479 402 1502 ut
414 1475 451 1502 ita
463 1476 571 1510 loquar,
585 1476 678 1503 evadit
692 1476 719 1504 in
735 1477 865 1510 animam,
880 1481 909 1504 et
916 1477 1044 1504 substan-

254 1520 292 1547 tia
308 1520 337 1547 in
359 1519 541 1553 subtantiam,
556 1526 586 1548 ut
598 1521 685 1556 possit
701 1522 792 1549 anima
806 1522 834 1549 in
857 1521 980 1549 novitate
990 1521 1043 1558 ιθ
1055 1532 1078 1563 C

254 1564 349 1593 vivere
372 1570 401 1593 et
424 1565 607 1593 immortalem
633 1567 715 1594 vitam
740 1567 857 1601 seruire,
880 1575 912 1595 ac
934 1572 1044 1595 interna

253 1609 347 1645 pluria:
361 1610 502 1645 particeps
518 1611 587 1643 iieri,
608 1619 651 1645 ca,
666 1611 790 1647 inquam,
803 1612 905 1645 anima,
922 1621 982 1648 qua:
997 1620 1042 1647 eo,

253 1655 310 1683 Deo
324 1656 438 1688 scilicet,
458 1657 539 1691 digna
567 1663 620 1690 est,
646 1658 728 1693 eique
756 1659 906 1693 perplacet.
925 1659 954 1686 Si
968 1659 1043 1686 enim

254 1701 328 1729 Deus
341 1709 374 1728 ex
397 1702 441 1734 iis,
468 1711 528 1735 qua:
550 1711 605 1729 non
626 1708 717 1736 erant,
738 1708 769 1731 ut
785 1708 888 1737 essent,
920 1704 1044 1732 condidit

254 1751 326 1778 lianc
343 1751 480 1778 visibilem
501 1757 668 1784 creaturam,
681 1760 778 1788 magna
802 1760 865 1780 cum
886 1752 1043 1780 differentia

253 1797 433 1828 ctvarietate,
449 1805 520 1831 qum,
536 1802 683 1832 antequam
696 1797 785 1831 ﬁeret,
801 1805 857 1825 non
872 1798 978 1831 erat";
995 1805 1044 1825 vo-

254 1842 307 1869 luit
321 1842 416 1873 etiam,
429 1847 458 1869 et
473 1843 549 1869 nullo
565 1850 627 1869 cum
642 1842 735 1870 labore
750 1843 916 1872 condiditex
928 1843 972 1875 iis,
982 1851 1043 1879 qua:

256 1895 313 1915 non
328 1892 418 1920 erant,
435 1889 603 1916 substantias
619 1888 723 1916 solidas
738 1893 766 1916 et
785 1889 880 1923 duras,
897 1890 974 1917 velut
988 1894 1044 1917 ter-

256 1942 327 1967 ram,
356 1939 474 1967 montes,
500 1935 615 1962 arbores
644 1936 717 1971 (qua:
745 1935 861 1964 durities
883 1941 989 1964 natura:
1008 1936 1044 1964 sit

255 1980 357 2015 vides),
373 1986 401 2008 et
419 1989 515 2008 rursus
538 1982 642 2009 medias
659 1989 755 2017 aquas,
769 1986 798 2009 et
816 1990 848 2010 ex
862 1982 896 2010 iis
917 1982 1044 2010 volucres

254 2026 330 2053 nasci
348 2026 489 2053 mandavit
507 2035 513 2053 :
530 2031 557 2053 et
573 2027 664 2053 denuo
681 2027 817 2060 tenuiora,
834 2027 924 2063 ignem
936 2035 968 2055 ac
978 2036 1044 2055 ven-

255 2077 310 2103 tus,
335 2076 363 2098 ct
390 2076 500 2103 ets-tera,
526 2080 585 2106 qua:
612 2077 725 2108 propter
748 2073 930 2101 subtilitatem
957 2074 1043 2101 aciem

256 2117 330 2143 oculi
346 2117 473 2151 corporei
491 2117 635 2152 effugiunt.

289 2159 337 2189 XI.
354 2162 413 2194 Quo
432 2167 512 2197 pacto
541 2163 648 2191 inﬁnita
670 2168 699 2192 et
720 2164 870 2193 ineﬂ'abilis
884 2165 1044 2201 multiplicis

254 2207 397 2242 sapientia:
411 2208 511 2235 divina:
524 2209 639 2236 scientia
658 2209 783 2238 condidit
796 2218 830 2238 ex
850 2210 895 2243 iis,
910 2218 971 2246 qua:
985 2218 1041 2238 non

255 2259 345 2285 erant,
375 2258 403 2280 et
427 2255 574 2286 crassiora,
601 2260 628 2282 et
654 2255 808 2289 subtiliora,
819 2262 848 2283 et
875 2257 1043 2292 simpliciora

260 2309 388 2335 corpora,
404 2309 465 2334 quae
488 2301 672 2329 subsisterent
691 2302 832 2330 voluntate
848 2310 898 2330 sua
915 2311 922 2329 :
938 2309 1042 2338 quanto

256 2346 343 2380 magis
374 2346 442 2380 ipse,
461 2347 508 2378 qui
536 2351 577 2373 est
613 2351 642 2373 ut
672 2347 741 2380 vult,
763 2351 791 2374 et
812 2347 886 2382 quod
907 2347 974 2380 vult,
993 2355 1042 2382 per

255 2391 470 2418 incnarrabilem
490 2392 664 2418 clementiam
686 2395 715 2419 et
738 2392 1042 2427 incomprehensibilem

254 2437 404 2464 bonitatem
418 2445 447 2464 se
462 2439 519 2471 ipse
534 2437 884 2464 transmutatctimminuit
903 2445 986 2472 seque
1000 2446 1043 2465 as-

254 2483 368 2515 similat,
397 2488 548 2517 assumpto,
581 2483 671 2517 quoad
705 2491 790 2518 capax
820 2483 890 2516 fuit,
914 2491 1041 2519 corpore,

255 2529 369 2560 sanctis,
380 2529 470 2563 dignis
483 2537 514 2556 ac
530 2529 659 2556 ﬁdelibus
669 2529 828 2562 animabus;
844 2533 875 2556 ut
886 2530 1042 2565 conspicia-

256 2579 301 2600 tur
315 2574 349 2600 ab
364 2574 397 2600 iis
412 2574 435 2600 is
450 2574 496 2608 qui
509 2575 559 2600 sub
573 2578 713 2608 aspectum
726 2581 781 2601 non
791 2574 875 2607 cadit,
889 2579 919 2602 et
931 2579 1043 2603 contre-

255 2625 348 2647 etetur
364 2620 518 2647 secundum
538 2624 666 2647 naturam
681 2620 824 2647 tenuitatis
835 2620 943 2654 animae,
958 2620 981 2647 is
994 2621 1042 2656 qui

255 2672 358 2693 laetum
385 2675 494 2693 omnem
511 2667 608 2701 eiiugit
626 2675 632 2693 :
651 2672 679 2694 et
691 2666 731 2694 sic
752 2666 899 2701 degustent
919 2665 972 2701 ipsi
983 2666 1043 2701 ejus

254 2714 430 2745 suavitatem,
449 2719 476 2740 et
501 2713 673 2748 benignitate
698 2712 812 2740 luminis
831 2711 979 2739 ineil'abilis
994 2719 1044 2739 vo-

253 2759 367 2795 luptatis
383 2759 444 2795 ipso
460 2759 649 2794 experimento
663 2758 801 2786 fruantur.
819 2756 1044 2793 Quandocunque

292 2849 313 2865 ³⁸
328 2849 408 2877 ltum.
438 2855 475 2881 tv,
489 2847 532 2875 Π.

1094 234 1252 270 προσοῦσάν
1268 244 1314 270 μοι
1327 235 1442 271 δύναμιν
1456 236 1544 263 εἰπεῖν
1557 236 1699 272 βούλομαι·
1714 235 1755 263 διὸ
1767 239 1885 271 συνετῶς

1093 280 1229 308 ἀκούσατε
1246 289 1253 296 ·
1277 281 1534 317 Ἐσωματοποίησεν
1558 281 1655 308 ἑαυτὸν
1670 282 1685 308 6
1703 282 1817 319 ἄπειρος
1838 285 1885 311 καὶ

1094 325 1244 358 ἀπρόσιτος
1255 345 1262 357 ,
1289 325 1337 352 καὶ
1351 326 1485 362 ἀποίητος
1496 326 1574 358 Θεδς,
1591 326 1636 353 διὰ
1649 327 1763 363 ἄπειρον
1776 329 1822 355 καὶ
1835 330 1884 356 ἀνα

1093 371 1219 406 εννόητον
1234 372 1424 407 χρηστότητα.
1448 373 1497 399 καὶ
1516 373 1554 405 ὡς
1569 373 1655 401 εἰπεῖν
1669 374 1708 406 ὡς
1722 375 1884 411 ἑσμίκρυνεν

1093 417 1176 444 αὐτὸν
1193 418 1226 444 ἐκ
1237 418 1287 454 τῆς
1299 419 1448 455 ἀπροσίτου
1461 419 1541 455 δόξης
1553 439 1560 452 ,
1579 421 1623 447 ἵνα
1640 422 1823 457 συνενωθῆναι
1837 423 1884 450 δυ-

1093 463 1163 499 νηθῇ
1187 465 1245 496 τοῖς
1269 464 1376 500 ὁρατοῖς
1401 465 1486 492 αὑτοῦ
1511 466 1679 502 κτίσμασιν,
1705 465 1762 495 οἷον
1784 469 1884 505 ψυχαῖς

1094 510 1180 544 ἁγίων
1198 514 1245 538 καί
1259 511 1383 545 ἀγγέλων
1400 511 1490 546 λέγω,
1518 512 1562 539 ἵνα
1582 512 1719 549 δυνηθῶσι
1734 514 1807 551 ζωῆς
1822 515 1884 544 θεό-

1093 564 1176 591 τητος
1193 558 1351 592 μετασχεῖν.
1367 557 1503 585 Ἐκαστον
1517 559 1574 594 γὰρ
1596 560 1667 587 κατὰ
1682 561 1733 596 τὴν
1750 561 1818 588 ίδίαν
1832 562 1884 596 φύ-

1094 609 1138 628 σιν
1155 602 1236 637 σῶμά
1249 603 1340 637 ἐστιν,
1363 604 1378 631 ό
1392 604 1519 639 ἄγγελος,
1536 606 1554 640 ἡ
1569 605 1654 641 ψυχή,
1667 606 1683 632 ό
1697 606 1818 642 δαίμων·
1842 608 1884 635 ὅτι

1093 647 1146 674 κᾶν
1161 647 1246 675 λεπτὰ
1260 645 1340 682 ὦσιν,
1357 650 1433 685 ὅμως
1447 652 1476 678 ἑν
1490 651 1642 679 ὑποστάσει
1657 653 1705 680 καὶ
1718 654 1883 690 χαρακτῆρι,

1093 693 1142 719 καὶ
1166 694 1250 721 εικόνι
1276 695 1348 722 κατά
1369 696 1419 732 τὴν
1432 696 1583 733 λεπτότητα
1599 700 1649 734 τῆς
1661 698 1770 733 φύσεως
1781 699 1882 733 αὐτῶν,

1094 738 1209 773 σώματα
1223 741 1354 776 τυγχάνει
1367 741 1454 769 λεπτά
1464 763 1472 776 ,
1489 743 1585 779 ὥσπερ
1598 744 1628 770 ὲν
1640 744 1789 771 ὑποστάσει
1804 744 1884 772 τοῦτο

1093 784 1124 811 τὸ
1142 785 1222 820 σῶμα
1245 787 1320 822 παχύ
1336 788 1422 817 ἐστιν.
1441 788 1520 816 οὕτω
1533 790 1581 816 καὶ
1597 791 1615 825 ἠ
1628 790 1702 826 ψυχὴ
1718 789 1804 827 λεπτὴ
1816 791 1884 819 οὖσα

1095 831 1243 866 περιέλαϐε
1269 833 1315 860 τὸν
1338 833 1478 870 ὀφθαλμὸν
1500 835 1535 862 δι’
1549 832 1579 863 οὗ
1603 836 1655 872 ὁρᾷ
1666 857 1674 870 ,
1694 837 1724 864 τὸ
1741 835 1788 869 οὖς
1803 838 1837 865 δι’
1851 834 1883 865 οὗ

1095 877 1200 905 ἀκούει.
1220 878 1338 914 Ὁμοίως
1361 880 1412 916 τὴν
1426 881 1552 915 γλῶσσαν
1565 881 1600 909 δι’
1611 880 1647 919 ἧς
1660 883 1745 916 λαλεῖ,
1760 884 1810 919 τὴν
1825 887 1884 920 χεῖ-

1095 932 1129 959 ρα
1143 943 1151 956 ,
1173 924 1221 951 καὶ
1235 925 1415 960 ἁπαξαπλῶς,
1431 928 1487 954 πᾶν
1503 928 1594 964 σῶμα,
1610 928 1657 955 καὶ
1670 929 1704 956 τὰ
1718 930 1786 966 μέλη
1799 931 1883 958 αὑτοῦ

1092 970 1281 1005 περιλαϐοῦσα
1303 972 1320 1008 ἠ
1335 972 1427 1008 ψυχὴ,
1446 974 1647 1010 συγκέκραται,
1665 975 1699 1002 δι’
1712 972 1743 1003 οὗ
1758 977 1883 1013 ἀπεργά-

1094 1016 1173 1048 ζεται
1189 1018 1279 1045 πάντα
1294 1019 1328 1046 τὰ
1340 1019 1389 1046 τοῦ
1403 1019 1462 1055 βίου
1478 1021 1691 1057 ἐπιτηδεύματα.

1130 1106 1160 1135 1'.
1191 1106 1245 1134 Τδν
1267 1107 1350 1135 αὑτδν
1371 1108 1473 1145 τρόπον
1497 1109 1511 1135 ό
1531 1109 1645 1145 ἄπειρος
1663 1111 1707 1137 καὶ
1725 1111 1884 1148 ἀνεννόητος

1094 1151 1162 1183 Θεὸς
1189 1154 1222 1187 τῇ
1248 1153 1414 1189 χρηστότητι
1437 1154 1520 1181 αὑτοῦ
1542 1154 1708 1190 ἑσμίκρυνεν
1727 1156 1819 1189 αὑτὸν,
1836 1160 1885 1184 καὶ

1095 1198 1240 1225 ἐνεδύσατο
1263 1198 1297 1225 τὰ
1320 1197 1390 1234 μέλη
1406 1199 1452 1226 τοῦ
1470 1199 1596 1235 σώματος
1611 1201 1723 1234 τούτου,
1741 1202 1789 1229 καὶ
1803 1211 1883 1239 περι-

1095 1243 1193 1270 έλαϐεν
1216 1244 1313 1271 ἑαυτὸν
1337 1244 1392 1271 ἀπὸ
1411 1245 1462 1280 τῆς
1481 1246 1629 1282 ἀπροσίτου
1650 1247 1749 1283 δόξης·
1775 1249 1823 1276 καὶ
1838 1249 1884 1276 διὰ

1094 1288 1254 1324 ἡμερότητα
1271 1289 1319 1316 καὶ
1334 1289 1538 1326 φιλανθρωπίαν
1554 1292 1814 1328 μεταμορφούμενος
1829 1302 1884 1321 σω-

1096 1336 1240 1369 ματοποιεϊ
1253 1335 1360 1369 ἑαυτὸν,
1375 1336 1422 1363 καὶ
1433 1337 1628 1372 ἀναμίγνυται,
1642 1338 1689 1365 καὶ
1701 1339 1884 1375 παραλαμϐά-

1094 1388 1133 1406 νει
1151 1379 1201 1411 τάς
1214 1380 1295 1415 ἁγίας
1310 1382 1357 1408 καὶ
1371 1381 1534 1417 εὐαρέστους
1549 1384 1599 1410 καὶ
1609 1384 1708 1416 πιστὰς
1721 1384 1821 1420 ψυχὰς,
1836 1386 1885 1412 καὶ

1093 1425 1217 1459 γίγνεται
1234 1427 1293 1461 μετ’
1309 1427 1399 1454 αὐτῶν
1415 1428 1455 1459 είς
1469 1427 1504 1455 ἐν
1515 1429 1646 1463 Πνεῦμα,
1663 1430 1735 1456 κατά
1748 1430 1779 1456 τὺ
1793 1430 1884 1465 λόγιον

1094 1472 1201 1499 Παύλου
1212 1481 1219 1488 ·
1243 1472 1317 1509 ψυχὴ
1340 1475 1378 1506 ὼς
1394 1474 1484 1501 είπεῖν
1499 1475 1539 1507 εις
1552 1475 1653 1511 ψυχὴν,
1670 1477 1718 1503 καὶ
1734 1477 1884 1510 ὑπόστασις

1094 1519 1135 1551 εἱς
1150 1519 1311 1551 ὑπόστασιν,
1330 1520 1375 1547 ἴνα
1391 1521 1408 1556 ή
1421 1520 1495 1556 ψυχὴ
1508 1520 1609 1557 δυνηθῇ
1625 1522 1656 1548 ὲν
1669 1523 1701 1558 τῇ
1714 1522 1820 1557 νεότητι
1835 1523 1884 1559 ζῆ-

1095 1572 1151 1597 σαι,
1166 1564 1215 1591 καὶ
1228 1564 1369 1592 αίσθέσθαι
1383 1565 1520 1593 ἀθανάτου
1533 1565 1617 1601 ζωῆς,
1630 1568 1678 1594 καὶ
1689 1567 1767 1603 δόξης
1779 1568 1885 1604 ἀφθάρ-

1092 1619 1140 1637 του
1156 1610 1270 1646 μέτοχος
1282 1611 1407 1647 γένηται,
1418 1612 1436 1647 ἥ
1450 1620 1482 1646 γε
1495 1612 1559 1646 ἀξία
1569 1613 1653 1640 αὐτοῦ
1667 1614 1713 1640 καὶ
1725 1614 1883 1649 εὐάρεστος.

1093 1656 1126 1683 Εἰ
1140 1656 1195 1692 γὰρ
1210 1656 1240 1689 ἐξ
1254 1657 1303 1683 οὐκ
1318 1657 1404 1684 ὅντων
1419 1659 1459 1688 είς
1474 1657 1505 1684 τὺ
1516 1656 1587 1685 εἶναι
1601 1659 1736 1695 πεποίηκε
1750 1660 1800 1696 τὴν
1813 1661 1885 1697 δρω-

1095 1702 1180 1737 μένην
1204 1703 1294 1729 κτίσιν
1315 1703 1462 1739 τοιαύτην,
1492 1705 1522 1731 ὲν
1538 1704 1621 1740 πολλῇ
1636 1714 1688 1732 τινι
1704 1706 1820 1742 διαφορᾷ
1836 1708 1885 1733 καὶ

1093 1748 1226 1784 ποικιλίᾳ,
1235 1749 1283 1776 καὶ
1299 1750 1363 1785 πρὶν
1375 1750 1502 1784 γενέσθαι
1516 1751 1566 1778 οὐκ
1577 1748 1612 1787 ἦν
1622 1760 1628 1766 ·
1646 1751 1762 1787 ἠθέλησε
1776 1752 1815 1785 δὲ,
1832 1753 1881 1779 καὶ

1094 1794 1212 1826 εὐκόλως
1243 1796 1371 1831 ἐποίησεν
1405 1797 1438 1823 ὲκ
1466 1796 1520 1824 τῶν
1548 1797 1587 1832 μὴ
1610 1797 1695 1824 ὄντων
1719 1798 1884 1831 ὑποστάσεις

1094 1841 1211 1876 παχείας
1236 1842 1283 1868 καὶ
1307 1841 1428 1877 σκληρὰς
1439 1862 1446 1873 ,
1471 1838 1527 1869 οἷον
1543 1843 1595 1878 γῆν
1610 1842 1692 1877 λέγω,
1710 1843 1772 1879 ὅρη,
1786 1844 1884 1880 δένδρα

1094 1886 1173 1921 (ὁρᾷς
1185 1886 1230 1912 οῖα
1242 1885 1394 1922 σκληρότης
1406 1887 1536 1922 φύσεως)·
1550 1887 1599 1914 καὶ
1611 1888 1692 1915 πάλιν
1706 1889 1776 1924 μέσα
1786 1888 1882 1917 ὕδατα·

1094 1933 1142 1958 καὶ
1157 1932 1187 1964 ἐξ
1201 1933 1291 1959 αὐτῶν
1305 1933 1453 1968 γεννᾶσθαι
1466 1934 1577 1960 πετεινά
1590 1934 1753 1970 προσέταξε·
1769 1936 1817 1962 καὶ
1830 1937 1884 1963 πά-

1094 1980 1136 2007 λιν
1149 1980 1312 2016 λεπτότερα,
1328 1981 1395 2016 πῦρ,
1410 1982 1458 2008 καὶ
1471 1982 1598 2016 ἀνέμους,
1611 1982 1658 2009 καὶ
1671 1982 1716 2009 διά
1730 1982 1884 2018 λεπτότητα

1096 2026 1134 2061 μὴ
1146 2026 1273 2062 ὁρώμενα
1288 2026 1327 2062 τῷ
1341 2026 1388 2053 τοῦ
1404 2026 1530 2063 σώματος
1542 2027 1685 2063 ὀφθαλμῷ.

1130 2158 1182 2185 1Δ’.
1210 2158 1273 2190 Πῶς
1290 2159 1438 2194 ήάπειρος
1457 2159 1505 2185 καὶ
1521 2159 1717 2195 ἀνεκδιήγητος
1733 2160 1783 2195 τῆς
1798 2161 1883 2188 πολυ-

1059 2201 1082 2228 D
1096 2204 1219 2230 ποικίλου
1236 2204 1333 2238 σοφίας
1348 2204 1396 2231 τοῦ
1410 2204 1478 2231 Θεοῦ
1492 2205 1574 2240 τέχνη
1588 2205 1695 2231 ἔκτισεν
1706 2206 1739 2232 ὲκ
1751 2205 1788 2241 μὴ
1799 2206 1885 2233 όντων

1095 2250 1238 2285 παχύτερα
1263 2251 1311 2276 καὶ⁸
1335 2250 1487 2285 λεπτότερα
1511 2251 1560 2277 καὶ
1583 2250 1747 2286 ἁπαλώτερα
1769 2251 1885 2286 σώματα

1095 2295 1264 2321 ὲνυπόστατα
1278 2294 1317 2330 τῷ
1331 2294 1464 2329 θελήματι
1477 2294 1575 2328 αὑτοῦ;
1594 2296 1671 2331 πόσῳ
1687 2296 1787 2331 μᾶλλον
1802 2297 1885 2330 αὐτὸς

1095 2340 1133 2368 ὢν
1149 2341 1186 2372 ὡς
1201 2340 1284 2373 θέλει,
1299 2341 1348 2367 καὶ
1360 2340 1375 2367 ὃ
1390 2340 1471 2372 θέλει,
1488 2339 1532 2366 διὰ
1546 2341 1718 2375 χρηστότητα
1732 2341 1883 2377 ἄφραστον,

1094 2387 1143 2413 καὶ
1156 2387 1313 2421 ἀγαθότητα
1322 2387 1481 2422 ἀνεννόητον
1496 2386 1658 2422 μεταϐάλλει
1668 2388 1716 2414 καὶ
1725 2388 1882 2424 σμικρύνει,

1094 2435 1142 2461 καὶ
1165 2434 1284 2468 ἐξομοιοῖ
1306 2433 1403 2460 ἑαυτὸν
1416 2453 1423 2466 ,
1451 2434 1650 2468 σωματοπυιῶν
1666 2434 1736 2461 κατὰ
1750 2434 1881 2470 χώρησιν,

1093 2481 1154 2512 ταῖς
1178 2480 1270 2514 ἁγίαις
1296 2480 1344 2506 καὶ
1363 2479 1452 2512 ἀξίαις
1476 2480 1585 2511 πισταῖς
1605 2479 1720 2515 ψυχαϊς“
1740 2480 1784 2507 ἵνα
1797 2480 1883 2516 ὁραθῇ

1092 2527 1190 2559 αὐταῖς
1213 2528 1227 2553 ὁ
1249 2527 1365 2562 ἀόρατος
1379 2548 1386 2560 ,
1413 2526 1460 2553 καὶ
1483 2526 1632 2562 ψηλαφηθῇ
1652 2526 1723 2553 κατὰ
1738 2526 1788 2562 τὴν
1802 2527 1883 2561 φύσιν

1093 2574 1143 2608 τῆς
1159 2573 1321 2608 λεπτότητος
1342 2574 1393 2608 τῆς
1407 2572 1497 2608 ψυχῆς
1521 2574 1535 2599 ὸ
1549 2572 1725 2608 ἀψηλάφητος
1739 2581 1746 2589 ο
1771 2573 1818 2600 καὶ
1839 2573 1882 2600 αἶ-

1094 2619 1212 2646 σθωνται
1227 2619 1310 2646 αὑτοῦ
1324 2619 1372 2653 τῆς
1386 2618 1565 2653 γλυκύτητος,
1578 2618 1687 2653 καὶτῆς
1698 2619 1883 2654 χρηστότητος

1091 2666 1140 2693 τοῦ
1162 2666 1251 2701 φωτὸς
1277 2666 1328 2700 τῆς
1353 2666 1474 2701 ἀρῤήτου
1498 2664 1677 2696 ἀπολαύσεως
1704 2665 1774 2700 αὐτῇ
1799 2665 1882 2701 πείρᾳ

1092 2712 1295 2739 ἀπολαύσωσιν.
1312 2712 1377 2738 ὀτε
1394 2711 1518 2747 βούλεται
1535 2711 1591 2747 πῦρ
1605 2712 1721 2746 γίνεται,
1740 2713 1795 2738 πᾶν
1811 2712 1883 2746 φαῦ-

1093 2758 1139 2785 λον
1155 2759 1202 2785 καὶ
1217 2758 1379 2785 ἐπείσακτον
1392 2757 1478 2790 πάθος
1493 2758 1542 2794 τῆς
1557 2758 1646 2794 ψυχῆς
1659 2759 1820 2786 κατακαῖυψ
1837 2758 1883 2785 καὶ
