2064 3152
173 174 223 206 481

781 168 965 200 HOMILLE.
983 180 1016 185 —
1031 167 1125 198 110M.
1146 168 1194 198 IV.

1742 168 1796 200 482

174 229 228 263 γὰρ
244 228 261 254 ὀ
275 225 347 259 Θεὸς
362 224 447 260 ἡμῶν
461 224 522 258 πῦρ
535 224 777 256 καταναλίσκον,
794 222 961 258 φησίν.⁹’οτε

1017 221 1073 247 vult
1091 220 1121 247 iit
1137 220 1217 255 ignis,
1234 227 1343 247 omnem
1371 219 1523 255 improbam
1542 224 1570 247 ct
1594 219 1665 247 ultro
1679 221 1799 248 accersi-

176 272 310 308 βούλεται,
323 270 477 300 ἀνάπαυσις
489 267 608 304 ἄῤῥητος
619 269 666 296 καὶ
678 268 827 304 ἄφραστος,
841 268 885 294 ἴνα
895 267 960 293 ἁνα-

175 319 231 353 παῇ
243 315 396 344 ἀναπαύσει
411 315 536 350 θεότητος
550 315 565 349 ἡ
580 313 668 350 ψυχή·
684 314 728 340 ὅτε
740 313 875 348 βούλεται,
887 311 959 347 χαρὰ

174 366 220 391 καὶ
235 363 340 398 εἰρήνη,
358 361 468 388 θάλπων
486 361 532 387 καὶ
547 361 685 396 περιέπων
698 360 794 392 αὑτήν.

211 493 260 522 ΙΒ”.
281 494 312 520 El
328 493 357 519 δὲ
373 492 421 519 καὶ
444 492 484 523 είς
498 491 527 517 ἓν
542 492 597 518 τῶν
619 491 776 526 κτισμάτων
794 491 890 517 ἑαυτὸν
909 492 961 524 ἀφ-

177 539 309 576 ομοιῶσαι
333 536 476 572 βούλεται,
494 535 528 562 δι’
541 535 700 569 ἁγαλλίασιν
724 535 771 561 καὶ
792 533 962 569 εὐφροσύνην

175 586 230 613 τῶν
246 584 347 620 νοερῶν
363 583 521 618 κτισμάτων
534 602 542 614 ,
561 579 617 608 οἷον
632 581 648 616 ἢ
664 581 740 613 πόλις
754 580 842 615 φωτδς
863 581 962 614 Ἰερου-

175 631 281 666 σαλὴμ,
309 629 325 664 ἢ
348 629 409 664 ὅρος
429 627 497 653 Σιὼν
518 626 688 662 ἐπουράνιον,
707 625 816 652 δύναται
838 625 875 656 ὡς
891 624 963 651 θέλει

175 676 265 703 πάντα
288 674 378 706 καθὼς
396 673 503 708 εἴρηται
517 680 523 688 ·
550 671 649 706 Ὑμεῖς
663 671 697 697 δὲ
714 671 963 705 προσεληλύθατε

176 722 254 750 Σιὼν
271 721 331 755 ὄρει
343 740 350 753 ,
369 720 418 746 καὶ
436 719 522 745 πόλει
539 717 612 745 Θεοῦ
627 717 743 750 ζῶντος,
765 716 964 751 Ἰερουσαλὴμ

175 766 351 802 ἐπουρανίῳ.
365 765 457 791 Πάντα
469 763 568 790 εὔκολα
577 763 651 798 αὐτῷ
665 764 711 789 καὶ¹
722 763 832 798 εὐχερῆ,
842 763 881 793 είς
892 761 910 788 ἂ.
920 761 964 787 θέ-

174 813 215 840 λει
233 810 488 847 μεταμορφουμένῳ
510 810 569 840 ταῖς
588 809 677 841 ἀξίαις
695 807 778 835 αὑτοῦ
795 808 842 834 καὶ
854 807 964 838 πισταῖς

173 858 273 893 ψυχαῖς
284 864 291 872 ·
311 856 391 890 μόνον
408 863 449 886 τις
466 854 643 888 ἁγωνιζέσθω
661 853 736 888 φίλος
755 852 802 879 καὶ
817 852 965 887 εὐάρεστος

174 889 250 937 αὐτ-ᾦ
262 889 384 934 γίνεσθαι
395 921 402 934 ,
419 901 467 937 καὶ
482 901 550 934 αὐτῇ
566 899 650 934 πείρᾳ
665 899 713 926 καὶ
727 899 850 934 αἰσθήσει
866 897 961 932 ὕψεται
979 889 1000 916 Β

175 947 265 982 ἀγαθὰ.
289 946 461 981 ἐπουράνια,
492 946 538 972 καὶ
563 945 670 981 τρυφὴν
694 944 896 979 ἀνέκφραστον,
915 944 962 971 καὶ

177 993 290 1020 πλοῦτον
309 992 422 1027 ἄπειρον
445 991 571 1026 θεότητος
585 991 703 1026 ἀληθῶς,
723 990 741 1017 ἃ
758 990 895 1025 ὀφθαλμὸς
911 990 963 1016 οὐκ

179 1039 216 1066 ἴδε
226 1059 234 1071 ,
253 1039 300 1065 καὶ
316 1036 362 1070 οὖς
378 1038 428 1064 οὑκ
440 1038 554 1073 ἢκουσε,
571 1037 618 1064 καὶ
631 1037 678 1063 ἐπὶ
693 1036 806 1071 καρδίαν
818 1036 962 1071 ἀνθρώπου

175 1086 225 1112 οὒκ
247 1084 348 1119 ἀνέση,
374 1083 404 1110 τὸ
428 1083 540 1118 Πνεῦμα
562 1082 609 1109 τοῦ
628 1082 731 1118 Κυρίου
750 1082 909 1117 γιγνόμενον
923 1082 964 1113 εἰς

177 1131 329 1157 ἀνάπαυσιν
353 1128 408 1155 τῶν
430 1128 513 1161 ἀξίων
535 1127 648 1162 ψυχῶν,
667 1127 715 1154 καὶ
733 1127 899 1161 ἁγαλλίασιν,
917 1126 963 1153 καὶ

176 1175 294 1212 τρυφὴν,
312 1175 360 1201 καὶ
376 1174 448 1209 ζωὴν
464 1174 583 1200 αἰώνιον.
602 1173 788 1208 Σωματοποιεῖ
800 1173 854 1209 γὰρ
869 1172 964 1199 ἑαυτὸν

177 1221 225 1249 καὶ
239 1222 280 1253 εἰς
292 1220 393 1256 βρῶσιν
406 1221 452 1246 καὶ
463 1220 541 1246 πόσιν
556 1221 570 1246 ό
582 1219 694 1255 Κύριος,
706 1219 796 1250 καθὼς
809 1219 964 1254 γέγραπται

178 1270 206 1295 ὲν
217 1267 256 1302 τῷ
267 1265 436 1300 Εὑαγγελίῳ·
454 1266 486 1292 'O
500 1264 619 1300 τρώγων
630 1265 683 1291 τὸν
694 1264 784 1299 ἄρτον
793 1264 911 1297 τοῦτον,
919 1263 965 1297 ζή-

178 1321 262 1340 σεται
290 1314 332 1345 εῐς
355 1312 410 1339 τὸν
428 1311 530 1344 αἰῶνα,
548 1312 590 1338 ἴνα
605 1311 752 1348 ἀναπαύσῃ
764 1310 963 1346 ἀνεκλαλήτως.

178 1360 225 1386 καὶ
250 1358 377 1394 ἐμπλήσῃ
401 1358 573 1393 εὐφροσύνης
594 1356 784 1392 πνευματικῆς
797 1356 846 1392 τὴν
860 1355 963 1391 ψυχήν·

178 1404 225 1430 καὶ
237 1404 292 1438 γάρ
305 1411 396 1437 φησιν·
407 1403 479 1437 Ἐγώ
490 1403 548 1437 ειμι
564 1403 580 1429 ό
591 1402 679 1436 ἄρτος
691 1401 747 1436 τῆς
758 1401 842 1436 ζωῆς.
851 1401 965 1436 Ὁμοίως

178 1449 226 1476 καὶ
250 1450 290 1481 είς
315 1449 393 1475 πόσιν
416 1448 536 1483 νάματος
557 1448 734 1483 ἐπουρανίου,
753 1446 844 1478 καθώς
862 1454 943 1481 φησιν
956 1466 963 1478 ,

183 1494 212 1522 '0
223 1495 319 1522 πίνων
331 1495 366 1521 ἐκ
378 1493 431 1521 τοῦ
443 1494 551 1527 ὕδατος
567 1491 602 1521 οὗ
614 1493 671 1529 ἐγὼ
683 1493 768 1520 δώσω
780 1492 870 1525 αὐτῷ,
881 1492 966 1528 γενή-

179 1548 264 1568 σεται
285 1541 319 1568 ἐν
335 1539 415 1572 αὐτῷ
432 1539 513 1575 πηγὴ
528 1539 637 1572 ὓδατος
650 1538 820 1573 ἁλλομένου
834 1539 877 1571 είς
889 1537 966 1572 ζωὴν

179 1587 300 1615 αἰώνιον
310 1596 317 1602 ·
341 1587 389 1614 καὶ
411 1585 533 1619 πάντες,
549 1584 627 1621 φησι,
642 1585 675 1612 τὸ
688 1585 761 1612 αὐτὸ
773 1584 854 1619 πόμα
867 1584 966 1611 ἐποινί-

179 1633 304 1666 σθημεν.

216 1676 267 1705 ll".
288 1677 381 1709 Οὕτως
397 1676 504 1711 ἑκάστῳ
517 1675 571 1702 τῶν
584 1675 669 1710 ἁγίων
681 1675 810 1711 Πατέρων
824 1674 914 1710 ὤφθη,
929 1674 967 1706 ὼς

180 1723 307 1758 ἠθέλησε,
326 1722 372 1749 καὶ
387 1722 424 1754 ὼς
439 1721 597 1757 συνέφερεν·
615 1720 703 1752 ἄλλως
716 1720 755 1756 τῷ
772 1719 907 1756 Ἀὖραὰμ.
920 1718 968 1746 ἄλ-

180 1769 233 1801 λως
256 1768 296 1803 τῷ
312 1768 405 1795 Ἰσαὰκ
415 1788 422 1799 ,
450 1767 537 1798 ἄλλως
560 1766 598 1802 τῷ
612 1765 721 1799 Ἰακὼϐ,
737 1766 824 1797 ἄλλως
840 1765 878 1800 τῷ
894 1765 967 1798 Νῶε,

180 1815 218 1851 τῷ
230 1813 340 1850 Δανιὴλ,
357 1813 394 1849 τῷ
407 1813 501 1845 Δασὶδ,
517 1812 556 1848 τῷ
567 1812 731 1847 Σολομῶντι,
745 1811 783 1846 τῷ
800 1811 906 1846 Ἡσαΐᾳ,
920 1810 969 1836 καὶ

180 1861 288 1895 ἑκάστῳ
297 1859 442 1894 τῶνξὰγίων
455 1857 722 1894 προφητῶν.Ἀλλως
735 1856 773 1892 τῷ
782 1857 870 1892 Ἠλίᾳ,
881 1856 968 1888 ἄλλως

180 1907 219 1943 τῷ
233 1907 354 1941 Μωῦσῇ·
380 1906 427 1932 καὶ
443 1903 498 1938 ἐγὼ
511 1902 624 1939 νομίζω,
642 1903 683 1930 ὅτι
698 1902 816 1937 Μωῡσῆς
831 1902 900 1928 κατὰ
914 1902 968 1927 πᾶ-

181 1962 230 1981 σαν
244 1953 320 1988 ὤραν
337 1953 365 1978 ἐν
378 1951 417 1987 τῷ
430 1951 487 1986 ὄρει
498 1971 506 1984 ,
525 1951 553 1977 ἐν
568 1951 601 1985 τῇ
616 1949 670 1976 τῶν
682 1949 885 1984 τεσσαράκοντα
897 1949 968 1983 ἠμε-

183 1999 236 2035 ρῶν
254 1997 366 2033 νηστείᾳ
388 1998 427 2027 είς
443 1995 551 2030 ἐκείνην
566 1995 615 2030 τὴν
630 1994 820 2028 πνευματικὴν
831 1992 969 2029 τράπεζαν

181 2045 372 2081 εἰσερχόμενος
397 2041 532 2078 ὲνετρύφα
556 2041 604 2068 καὶ
625 2040 770 2068 ἀπέλαυεν.
785 2040 909 2074 Ἐκάστῳ
923 2039 970 2066 οὖν

182 2092 236 2119 τῶν
252 2091 338 2125 ἁγίων
353 2090 390 2120 ὼς
404 2089 537 2124 ἠθέλησεν
552 2087 642 2122 ὤφθη,
657 2088 697 2119 είς
710 2086 740 2113 τὺ
753 2086 909 2113 ἀναπαῦσαι
922 2085 969 2112 καὶ

182 2138 283 2169 σῶσαι,
303 2136 349 2162 καὶ
366 2136 405 2167 είς
419 2135 568 2168 ἐπίγνωσιν
582 2133 649 2160 Θεοῦ
665 2133 790 2167 ἀγαγεῖν.
808 2132 900 2158 Πάντα
915 2131 969 2167 γὰρ

181 2181 256 2218 αὐτῷ
271 2180 370 2216 εὐχερῆ
388 2180 461 2206 ἐστιν
477 2179 494 2206 ὓ.
508 2178 647 2213 βούλεται,
667 2178 712 2204 καὶ
728 2177 765 2208 ὼς
779 2176 850 2203 θέλει
869 2176 969 2211 μικρύ-

1014 272 1070 293 tam
1096 266 1272 293 aﬂ‘ectionem
1293 265 1424 293 adurens.
1446 265 1515 293 Deus
1533 266 1602 292 enim
1626 270 1715 292 noster
1729 266 1798 300 ignis

1011 319 1164 338 consumens
1176 311 1252 343 est",
1268 311 1372 345 inquit;
1388 311 1498 345 quando
1511 311 1569 338 vult
1594 311 1623 338 lit
1651 311 1799 339 ineﬂ'abilis

1010 361 1039 383 et
1052 365 1150 384 arcana
1164 356 1283 392 requies,
1310 361 1340 383 ut
1360 357 1515 392 requiescat
1539 357 1630 393 anima
1654 357 1682 384 in
1704 356 1799 390 requie

1012 401 1104 428 divina
1123 410 1129 427 :
1148 401 1258 436 quando
1271 401 1340 433 vult,
1355 401 1385 427 tit
1399 401 1528 436 gaudium
1542 406 1570 429 et
1586 410 1648 437 pax,
1660 401 1756 430 fovens
1770 405 1799 428 et

1012 449 1159 481 protegens
1171 446 1302 473 animam.

1046 492 1103 519 XII.
1126 492 1154 519 Si
1172 499 1237 519 vero
1252 492 1325 520 Deus
1339 492 1415 526 velit,
1431 492 1478 519 uni
1500 497 1655 520 creaturam
1680 493 1798 521 similem

1013 547 1042 567 se
1058 539 1186 572 reddere,
1206 544 1319 575 propter
1345 540 1557 567 exsultationem
1577 545 1605 568 ct
1618 541 1740 568 laetitiam
1756 542 1800 569 in-

1014 586 1198 621 telligioilium
1209 591 1410 618 creaturarum,
1422 587 1497 614 velut
1510 590 1550 613 est
1564 591 1612 613 aut
1623 587 1719 615 civitas
1729 588 1801 615 lucis

1013 631 1174 664 Jerusalem,
1203 636 1250 658 aut
1288 639 1368 659 mons
1399 631 1463 658 Sion
1488 631 1618 663 caelestis,
1637 636 1728 666 potest
1749 640 1801 667 pro
1838 635 1841 640 '

1014 677 1155 703 voluntate
1171 677 1274 709 omnia,
1291 676 1523 711 quemadmodum
1539 677 1643 704 dictum
1661 681 1704 704 est
1722 685 1729 703 :
1751 678 1801 704 Vos

1015 725 1103 748 autent
1123 721 1266 748 accessistis
1288 722 1322 748 ad
1345 721 1408 748 Sion
1419 727 1544 754 mentem,
1557 726 1582 748 et
1603 722 1737 749 civitatem
1755 722 1802 750 Dei

1016 767 1137 799 viventis,
1149 766 1434 793 Jerusalemcmlestcm
1442 767 1475 800 “;
1485 767 1578 794 omnia
1589 767 1615 794 ei
1632 772 1697 795 sunt
1709 767 1803 796 facilia

1015 815 1045 838 et
1063 811 1206 846 proclivia,
1220 812 1266 846 qui
1278 819 1318 844 se,
1339 812 1366 838 in
1382 819 1463 846 quam
1478 813 1537 839 vult
1559 812 1802 847 speciem,.trans-

1015 860 1114 888 mutat,
1130 856 1157 883 in
1173 857 1288 890 gratiam
1316 865 1349 884 eo
1375 857 1518 891 dignarum
1541 862 1569 885 et
1595 858 1718 885 ﬁdelium
1744 859 1804 885 ani-

1017 910 1124 929 marum
1139 911 1146 928 :
1165 902 1246 929 modo
1263 902 1326 938 quis
1340 902 1464 930 intendat
1481 903 1508 930 ei
1523 908 1618 938 gratus
1634 909 1662 931 et
1674 909 1804 939 acceptus

1015 946 1076 973 ﬁeri
1091 954 1097 971 :
1112 949 1140 974 et
1161 946 1273 981 quidem
1287 947 1348 981 ipso
1364 947 1437 974 facto
1453 951 1482 974 et
1505 955 1588 975 sensu
1605 943 1712 975 videbit
1731 947 1804 976 bona

1015 991 1149 1023 coelestia,
1175 996 1203 1019 et
1224 991 1337 1019 delicias
1366 991 1530 1024 inetfabiles,
1548 996 1631 1027 atque
1656 991 1806 1020 immensas

1015 1045 1081 1065 vere
1097 1037 1208 1065 divitias
1224 1037 1377 1065 divinitatis
1387 1038 1419 1070 ",
1434 1046 1495 1073 qua
1514 1043 1589 1066 certe
1601 1038 1694 1066 omnia
1707 1038 1806 1066 oculus

1016 1090 1072 1110 non
1083 1083 1164 1114 vidit,
1191 1091 1243 1110 nec
1266 1084 1342 1110 auris
1365 1084 1480 1116 audivit,
1507 1092 1558 1112 nec
1570 1092 1631 1119 quae
1644 1085 1673 1111 in
1690 1092 1739 1112 cor
1755 1084 1806 1112 bo—

1015 1129 1098 1156 minis
1108 1128 1304 1156 ascendcrunt.
1329 1129 1426 1164 Fitque
1452 1129 1572 1164 Spiritus
1585 1130 1692 1157 Domini
1714 1129 1748 1158 ad
1762 1138 1806 1157 re-

1016 1175 1108 1210 quiem
1121 1175 1274 1201 animarum
1298 1175 1454 1210 dignarum,
1477 1181 1506 1203 et
1526 1176 1750 1207 exsultationem,
1776 1181 1805 1203 et

1017 1219 1142 1251 delicias,
1157 1224 1186 1246 et
1200 1219 1284 1246 vitam
1304 1223 1447 1246 aeternam.
1470 1219 1596 1254 Seipsum
1611 1221 1684 1247 enim
1712 1225 1803 1248 trans-

1016 1264 1116 1292 format
1130 1264 1262 1291 Dominus
1275 1264 1303 1291 in
1315 1264 1408 1292 cibum
1420 1269 1448 1292 et
1463 1269 1568 1300 potum,
1587 1266 1658 1294 sicut
1670 1266 1804 1302 scriptum

1015 1314 1058 1337 est
1075 1310 1103 1337 in
1117 1309 1284 1345 Evangelio:
1302 1309 1354 1342 Qui
1369 1311 1512 1338 manduca!
1531 1319 1626 1346 panem
1642 1312 1721 1344 hunc,
1738 1313 1805 1339 vivet

1015 1357 1043 1383 in
1059 1357 1234 1389 celet-num";
1251 1361 1283 1383 ut
1308 1361 1416 1384 recreet
1446 1357 1528 1385 modo
1548 1357 1691 1391 ineffabili,
1707 1362 1736 1386 et
1755 1358 1804 1385 lae-

1018 1403 1078 1430 titia
1095 1403 1232 1438 spirituali
1248 1403 1353 1439 repleat
1372 1404 1502 1432 animam.
1525 1404 1618 1439 lnquit
1636 1405 1709 1433 enim
1725 1414 1733 1432 :
1749 1405 1805 1441 Ego

1015 1457 1074 1476 sum
1087 1450 1164 1482 panis
1177 1450 1236 1476 vim
1247 1449 1279 1476 ⁸⁸.
1292 1449 1424 1477 Similiter
1436 1450 1611 1478 transformat
1621 1458 1650 1478 se
1666 1451 1693 1478 in
1708 1456 1805 1486 potum

1017 1495 1136 1522 caelestis
1146 1495 1332 1530 scaturiginis,
1345 1496 1417 1523 sicut
1450 1496 1488 1523 ait
1504 1504 1511 1522 ε
1528 1496 1651 1531 Quisquis
1663 1497 1752 1524 biberit
1774 1505 1806 1524 ea:

1017 1548 1099 1575 aqua,
1117 1548 1198 1574 quam
1220 1549 1267 1575 ego
1293 1541 1316 1567 ei
1338 1541 1418 1573 dabo,
1442 1541 1488 1575 ﬁet
1501 1542 1530 1568 in
1544 1550 1574 1569 eo
1587 1542 1644 1576 fons
1663 1550 1739 1577 aqua
1761 1550 1807 1569 sa-

1018 1586 1103 1613 lientis
1119 1587 1146 1612 in
1170 1586 1251 1613 vitam
1264 1590 1391 1614 cateruam
1408 1587 1442 1614 ⁵“¹.
1457 1587 1492 1615 Et
1506 1595 1605 1620 omnes,
1621 1587 1671 1620 ait,
1687 1588 1807 1615 eumdem

1018 1635 1108 1666 potum
1125 1630 1235 1658 bibimus
1241 1631 1273 1656 ³⁸.

1052 1676 1122 1703 XIII.
1132 1676 1177 1704 Sic
1190 1676 1308 1712 singulis
1321 1677 1423 1704 sanctis
1433 1677 1559 1706 [‘atribus
1574 1678 1712 1713 apparuit,
1724 1682 1808 1713 prout

1017 1722 1128 1749 volebat
1145 1727 1173 1750 et
1187 1723 1215 1749 in
1230 1730 1287 1750 rem
1306 1723 1463 1756 videbatur,
1487 1724 1569 1751 aliter
1582 1724 1710 1757 Abrahae,
1725 1725 1808 1752 aliter

1017 1767 1102 1800 Isaac,
1130 1767 1210 1794 aliter
1231 1767 1326 1799 Jacol),
1351 1767 1433 1794 aliter
1470 1767 1541 1798 Noe,
1572 1768 1679 1800 Daniel,
1708 1767 1806 1802 David,

1020 1813 1160 1844 Salomon,
1178 1813 1264 1846 lsaiaa,
1278 1818 1307 1840 et
1321 1813 1470 1847 unicuique
1484 1817 1643 1842 sanctorum
1656 1814 1807 1848 propheta-

1023 1866 1094 1886 rum.
1112 1858 1198 1885 Aliter
1213 1858 1289 1890 Elite,
1307 1864 1334 1885 et
1348 1859 1428 1885 aliter
1447 1859 1544 1894 Moysi.
1557 1859 1590 1886 Et
1601 1863 1678 1886 certe
1693 1859 1808 1894 quidem

1018 1912 1069 1940 ego
1083 1908 1185 1937 statuo,
1193 1903 1297 1937 Mosen,
1306 1911 1339 1931 eo
1346 1907 1468 1938 tempore
1481 1912 1536 1938 quo
1547 1903 1639 1931 eratin
1649 1905 1806 1939 17monte,

1019 1950 1047 1977 in
1067 1950 1172 1985 jejunio
1192 1949 1372 1984 quadraginta
1399 1950 1519 1982 dierum,
1540 1950 1677 1984 spirituali
1704 1956 1806 1977 mensae

1019 1995 1179 2028 accessisse,
1203 2003 1235 2022 ac
1261 1995 1355 2023 multis
1381 1995 1489 2023 deliciis
1518 1995 1686 2023 oblectatum
1707 1995 1805 2023 fuisse.

1020 2041 1175 2076 Unicuique
1189 2041 1272 2076 igitur
1283 2046 1442 2068 sanctorum
1464 2045 1495 2068 ut
1513 2041 1602 2068 voluit
1621 2041 1758 2076 apparuit,
1776 2046 1807 2068 ut

1020 2088 1188 2116 reioeillaret
1203 2095 1235 2114 ac
1253 2091 1377 2114 servaret
1400 2094 1459 2119 eos,
1473 2091 1501 2114 et
1520 2086 1550 2114 in
1561 2087 1745 2122 cognitionem
1757 2087 1807 2115 Dei

1020 2133 1180 2161 deduceret.
1198 2131 1296 2159 Omnia
1309 2130 1382 2158 enim
1400 2130 1490 2158 facilia
1503 2131 1529 2158 ei
1549 2136 1625 2164 sunt,
1639 2139 1700 2167 quae
1724 2131 1807 2159 modo

1019 2179 1088 2211 vult,
1103 2182 1132 2206 et
1145 2177 1255 2212 quando
1266 2176 1291 2204 ei
1307 2177 1407 2212 placet,
1422 2177 1543 2212 scipsum
1559 2177 1724 2205 imminuens
1740 2185 1807 2205 cor-

181 2235 234 2255 νων
247 2226 344 2253 ἑαυτὸν
357 2225 550 2258 σωματοποιεῖ,
564 2223 611 2249 καὶ
624 2221 846 2257 μεταμορφοῦται
856 2221 966 2248 ὀπτανό-

1021 2231 1137 2260 porcum
1165 2223 1302 2251 redditae
1332 2222 1519 2255 transformat,
1533 2229 1562 2251 et
1583 2223 1750 2258 conspicuus
1776 2223 1807 2250 ﬁt

183 2281 263 2308 μενος
275 2272 331 2302 τοῖς
344 2269 489 2304 ἀγαπῶσιν
501 2269 592 2300 αὑτὸν,
604 2269 633 2294 ὲν
644 2268 783 2302 ἅπροσίτῳ
793 2267 855 2302 δόξῃ
866 2267 965 2302 φωτὸς,

183 2318 252 2345 κατὰ
276 2316 377 2350 πολλὴν
402 2315 450 2342 καὶ
472 2314 610 2349 ἄφραστον
633 2314 744 2348 ἀγάπην
768 2312 967 2348 φανερούμενος

182 2365 238 2395 τοῖς
263 2362 349 2394 ἀξίοις
376 2360 447 2387 κατὰ
473 2360 522 2395 τὴν
545 2359 626 2386 αὑτοῦ
653 2359 777 2394 δύναμιν.
809 2358 889 2394 Ψυχὴ
912 2359 967 2394 γὰρ

182 2411 199 2447 ὴ
217 2409 416 2442 καταξιωθεῖσα
436 2408 465 2433 ἐν
482 2406 564 2441 πολλῇ
581 2405 726 2441 ἐπιθυμίᾳ,
744 2406 790 2432 καὶ
805 2405 964 2440 προσδοκίᾳ,

182 2457 229 2484 καὶ
250 2455 358 2486 πίστει,
385 2454 433 2480 καὶ
458 2453 553 2487 ἀγάπῃ
577 2451 704 2483 δέξασθαι
729 2451 837 2485 εκείνην
861 2450 911 2485 τὴν
938 2450 967 2483 ἐξ

183 2502 266 2537 ὕψους
281 2500 406 2534 δύναμιν,
423 2498 473 2533 τὴν
488 2498 650 2532 ἐπουράνιον
664 2496 710 2523 τοῦ
727 2496 883 2531 Πνεύματος
899 2497 967 2530 ἁγά-

182 2556 251 2582 πην.
279 2546 327 2573 καὶ
353 2545 384 2572 τὸ
406 2543 565 2578 ἐπουράνιον
589 2542 645 2577 πῦρ
669 2542 719 2576 τῆς
741 2541 874 2568 ἀθανάτου
894 2541 967 2576 ζωῆς

181 2593 300 2621 λαϐοῦσα
312 2612 319 2624 ,
335 2592 424 2626 πάσης
443 2590 553 2624 ἀγάπης
569 2588 703 2623 κοσμικῆς
720 2588 749 2619 ἐξ
764 2587 892 2623 ἀληθείας
907 2588 968 2614 λύει

182 2648 237 2671 ut,
256 2638 304 2666 καὶ
319 2638 419 2669 παντὸς
432 2636 531 2671 δεσμοῦ
546 2635 646 2665 κακίας
660 2633 860 2668 ἐλευθεροῦται.

217 2686 266 2712 1Δ’.
295 2685 399 2718 Ὥσπερ
420 2683 474 2717 γὰρ
495 2681 619 2716 σίδηρος,
641 2680 657 2715 ἢ
676 2679 810 2715 μόλιῆδος,
827 2680 843 2714 ἢ
858 2681 966 2715 χρυσῆς,

183 2731 199 2767 ἦ
214 2731 333 2766 ἄργυρος
357 2730 404 2756 ἐπὶ
419 2729 474 2763 πῦρ
490 2727 598 2763 βληθεὶς
619 2725 712 2752 λύεται
723 2745 730 2757 ,
755 2727 787 2752 ὲκ
800 2726 849 2761 τῆς
862 2727 968 2760 φύσεως

181 2777 229 2812 τῆς
253 2775 374 2812 σκληρᾶς
399 2775 440 2806 εἰς
463 2773 620 2807 ἁπαλότητα
646 2771 896 2806 μεταϐαλλόμενος,
922 2773 968 2799 καὶ

219 2839 239 2853 ⁸³
257 2837 336 2863 Deut.
350 2843 386 2865 ιν,
405 2835 456 2865 Ὴς
473 2832 554 2860 Hebr.
568 2840 616 2864 xu,
633 2831 679 2859 ‘29.

185 2873 205 2888 "
222 2872 299 2900 Joan.
316 2879 353 2901 Iv,
368 2870 409 2896 li.
441 2868 461 2884 ³⁸
476 2868 486 2895 ι
499 2867 563 2895 Cor-
579 2875 605 2898 κ,
623 2867 649 2893 .t.

347 2916 483 2946 PATROL.
506 2915 563 2944 Gn.
587 2913 719 2943 XXXIV.

733 2831 754 2847 ³³
770 2831 852 2858 llcbr.
876 2835 923 2864 χιι,
938 2831 982 2863 ⁸22,
998 2831 1043 2859 ‘25.

1019 2270 1197 2306 diligentibus
1221 2276 1296 2301 eum,
1316 2268 1345 2295 in
1364 2268 1503 2296 inaccessa
1521 2269 1607 2304 gloria
1628 2269 1761 2303 luminis;
1778 2273 1806 2295 et

1020 2322 1134 2352 apparet
1152 2323 1187 2342 ex
1198 2315 1330 2342 immensa
1345 2318 1373 2341 et
1390 2314 1524 2342 inell'abili
1539 2314 1686 2342 dilectione
1703 2314 1746 2345 iis,
1758 2314 1805 2348 qui

1020 2363 1097 2398 digni
1110 2365 1174 2389 sunt
1185 2360 1336 2388 secundum
1349 2360 1499 2395 potentiam
1513 2368 1601 2387 suam.
1613 2359 1710 2386 Anima
1719 2359 1805 2390 enim,

1020 2416 1081 2442 quae
1097 2407 1179 2442 digna
1197 2406 1249 2433 fuit
1264 2405 1358 2433 habita
1380 2406 1409 2432 in
1429 2413 1536 2433 summo
1553 2405 1702 2437 desiderio,
1717 2409 1745 2432 et
1759 2412 1806 2431 ex-

1020 2453 1200 2488 spectatione,
1217 2456 1245 2478 et
1259 2451 1322 2483 lidc,
1336 2455 1364 2478 et
1377 2451 1536 2483 dilectione,
1554 2455 1582 2478 ut
1604 2450 1718 2485 recipiat
1733 2451 1806 2477 illam

1020 2506 1036 2525 e
1058 2497 1170 2524 sublimi
1193 2497 1336 2528 virtutem,
1364 2496 1505 2523 caelestem
1535 2495 1653 2530 Spiritus
1679 2496 1808 2522 dilectio-

1021 2551 1094 2575 nem,
1107 2547 1135 2570 et
1149 2550 1209 2576 qua:
1221 2542 1358 2569 caelestem
1374 2541 1464 2576 ignem
1478 2546 1588 2573 alterum
1599 2541 1661 2568 vitae
1674 2541 1725 2568 fuit
1739 2549 1808 2568 con-

1022 2594 1126 2621 secuta,
1142 2588 1215 2615 omni
1231 2588 1377 2615 dilectione
1398 2587 1534 2615 mundana
1557 2587 1718 2620 exsolvitur,
1730 2592 1758 2614 et
1772 2587 1807 2614 ab

1022 2636 1096 2662 omni
1115 2635 1224 2662 vinculo
1239 2633 1350 2661 malitiae
1366 2633 1512 2661 liberatur.

1058 2681 1124 2708 XIV.
1137 2679 1372 2713 Quemadmodum
1387 2679 1460 2707 enim
1475 2679 1578 2707 ferrum
1592 2683 1640 2706 aut
1651 2679 1806 2714 plumbum,

1023 2731 1070 2754 aut
1085 2734 1193 2758 aurum,
1206 2729 1253 2752 aut
1267 2729 1411 2760 argentum
1428 2725 1455 2751 in
1472 2725 1563 2760 ignem
1577 2725 1712 2760 conjecta,
1724 2733 1739 2752 a
1753 2724 1806 2751 du-

1024 2773 1086 2800 ritie
1103 2777 1209 2799 natura:
1227 2778 1283 2798 sua:
1299 2771 1455 2803 solvuntur,
1471 2771 1498 2797 in
1517 2771 1659 2798 mollitiem
1678 2775 1780 2798 mutata
1799 2780 1806 2797 :

1096 2833 1117 2848 ³⁵
1134 2832 1143 2858 l
1158 2830 1220 2858 Cor.
1237 2838 1264 2862 ιι,
1286 2831 1311 2858 8.
1363 2831 1383 2846 aa
1406 2831 1483 2858 Joan.
1501 2839 1534 2857 γι.
1556 2831 1600 2857 35.
1639 2831 1662 2847 ⁸⁵
1679 2830 1744 2858 ibid.
1762 2830 1807 2858 58.

1575 2911 1609 2942 16
