2064 3152
257 197 308 230 483

880 192 909 221 S.
930 189 1088 220 MACARII
1107 186 1266 219 [EGYPTII

1830 187 1881 219 l8!

257 259 284 281 et
299 257 401 288 quanto
411 250 516 278 diutius
530 249 557 275 in
573 248 634 283 igne
648 247 759 278 fuerint,
772 250 847 272 tanto
860 246 945 281 magis
957 245 1043 273 resol-

1110 245 1136 278 φ’
1151 246 1211 271 ὅσον
1227 246 1255 270 ἐν
1267 243 1306 278 τῷ
1322 243 1387 279 πυρὶ
1401 243 1546 278 τυγχάνει,
1565 242 1657 268 λύεται
1676 243 1721 268 καὶ
1738 242 1880 276 ἠλλοίωται

257 301 331 327 vitur
342 303 369 325 et
385 298 516 324 alteratur
531 302 626 321 eorum
644 293 776 319 naturalis
791 292 919 324 durities,
933 296 1044 326 propter

257 344 373 371 calidam
395 341 465 376 ignis
483 340 614 367 virtutem
638 347 644 364 :
664 338 761 365 eodem
786 337 867 364 modo
889 341 916 363 et
938 339 1043 368 attinnt,

258 397 319 423 qua:
343 387 481 421 abnegans
505 384 637 412 tnundum
663 383 750 410 solitis
775 383 885 409 Domini
908 381 1044 408 desiderio

260 438 371 460 tenetur
390 433 416 458 in
438 439 534 466 magna
555 429 642 457 animi
663 428 912 464 pervestigatione,
929 432 1045 454 e0ntcn-

259 479 333 505 tione
354 485 386 504 ac
404 476 513 508 labore;
536 482 618 509 atque
639 470 827 501 indesinenter
843 473 870 500 in
889 480 937 507 spe
952 476 981 499 et
993 471 1045 499 lidc

259 530 323 550 cum
349 526 489 556 exspectat
511 529 518 547 :
543 528 659 555 quaeque
683 520 823 547 cmlestem
852 519 928 546 illum
956 518 1045 553 ignem

259 567 414 594 divinitatis
435 571 463 593 ct
483 565 639 592 dilectionis
661 564 783 599 Spiritus
804 567 954 590 consecuta
976 566 1017 589 est
1038 571 1044 588 :

261 619 319 640 tum
336 619 432 640 revera
449 611 522 638 omni
533 610 681 637 dilectione
691 608 956 640 mundicxsolvitur,
969 612 997 635 ct
1013 607 1048 634 ab

261 658 337 686 omni
359 657 429 684 mala
449 656 594 684 affectione
616 655 757 686 liberatur,
774 659 802 681 et
818 654 911 681 omnia
932 653 1011 688 longe
1033 661 1049 680 a

262 712 292 732 se
313 704 424 738 projicit
439 722 446 735 ,
464 707 546 736 atque
567 701 686 728 naturali
707 708 758 727 suo
778 699 872 726 habitu
894 707 926 726 ac
946 699 1049 726 duritie

264 749 367 784 peccati
386 748 508 779 mutatis,
522 753 620 774 caetera
632 746 725 773 omnia
743 746 879 780 superllua
892 744 978 776 ducit,
992 745 1050 772 solo

263 793 370 822 coalcsti
393 793 510 827 Sponsa,
525 799 607 827 quem
625 791 739 825 recepit,
756 790 932 825 requiescens
950 789 977 816 in
993 789 1048 817 fcr-

264 839 340 867 'venti
354 844 382 866 et
396 837 530 865 iuell'abili
545 839 603 873 ejus
617 836 776 864 dilectione.

300 934 356 962 XV.
382 933 447 960 Dico
472 937 564 959 autem
590 931 656 963 tibi,
678 931 752 965 quod
778 931 829 957 hos
854 930 910 957 Deo
934 929 1049 956 dilectos
1066 915 1088 944 Β

265 978 375 1010 fratres,
392 985 462 1012 quos
477 980 540 1003 ante
551 976 647 1002 oculos
661 975 753 1006 habet,
768 974 790 1002 si
805 974 960 1002 subducant
973 982 1002 1001 se
1017 974 1050 1002 ab

267 1024 312 1051 illa
333 1023 497 1055 dilectione,
517 1026 546 1048 ut
568 1021 605 1048 ita
620 1021 725 1053 dicam,
744 1021 861 1056 rejiciat.
880 1021 960 1047 Illam
982 1021 1052 1047 enim

267 1070 364 1096 animo:
378 1070 429 1095 vim
446 1073 483 1095 est
498 1072 522 1094 ct
535 1067 650 1102 requies,
667 1067 774 1102 mystica
789 1074 882 1101 nempe
897 1071 921 1093 et
935 1067 1054 1101 ine/Tabi-

269 1115 300 1142 lis
315 1115 387 1150 regni
401 1114 509 1141 cwlcstix
522 1112 701 1148 participatio.
717 1112 745 1139 Si
759 1112 832 1139 enim
846 1111 966 1138 carnalis
977 1119 1052 1138 eom-

268 1160 409 1186 munionis
422 1159 536 1186 dilectio
551 1163 660 1192 Separat
673 1165 687 1184 a
701 1161 789 1191 patre,
800 1156 895 1188 fratre,
908 1155 1052 1187 matribus,

267 1210 297 1232 et
311 1205 403 1232 omnia
424 1208 557 1231 extranea
574 1202 643 1228 liunt
658 1201 766 1233 animo,
782 1206 809 1228 et
826 1201 848 1227 si
866 1201 932 1235 quid
951 1200 1053 1235 diligit,

268 1251 303 1277 ad
321 1249 432 1277 modum
450 1252 628 1275 externorum
645 1246 734 1281 diligit
751 1255 758 1272 :
776 1253 885 1272 omuetn
901 1253 969 1272 vero
987 1246 1054 1272 all‘c-

268 1296 390 1324 ctionem
410 1301 474 1329 erga
497 1294 644 1328 conjugem
667 1299 744 1319 suam
767 1291 868 1318 retinet
887 1299 894 1317 :
911 1291 1054 1326 Propterea

269 1343 354 1373 enim,
372 1340 477 1374 inquit,
494 1339 622 1373 relinquet
638 1339 714 1364 homo
732 1341 835 1371 patrem
851 1341 875 1362 et
892 1340 1018 1368 matrem,
1031 1341 1055 1362 et

271 1386 412 1414 adhwrebil
438 1385 513 1412 uxori
535 1392 607 1416 sum,
631 1388 656 1409 et
677 1386 752 1409 erunt
776 1383 802 1408 1ιί
825 1382 876 1407 duo
898 1382 925 1407 in
950 1389 1056 1408 carnem

270 1441 352 1459 unam
362 1433 394 1458 ³⁵.
408 1432 436 1458 Si
451 1431 535 1466 igitur
544 1429 659 1457 dilectio
672 1428 764 1455 carnis
777 1427 817 1454 sic
831 1427 866 1454 ab
879 1427 953 1454 omni
965 1435 1057 1454 amore

271 1479 368 1510 solvit,
383 1481 486 1512 quanto
503 1476 588 1510 magis
606 1475 640 1507 ii,
654 1474 702 1509 qui
719 1473 793 1508 digni
811 1473 896 1500 habiti
913 1476 977 1499 sunt
993 1480 1058 1500 vera

272 1523 483 1559 participatione
499 1522 620 1556 Spiritus
635 1519 710 1546 illius
724 1518 809 1545 sancti
819 1539 825 1550 ,
838 1518 957 1545 caelestis
971 1525 1003 1544 ac
1015 1518 1058 1544 di-

273 1569 350 1601 lecti,
365 1568 397 1595 ab
411 1567 486 1594 omni
499 1573 592 1593 amore
610 1563 705 1591 mundi
721 1563 913 1598 expedientur,
926 1566 954 1589 et
968 1563 1058 1589 omnia

274 1615 342 1649 ipsis
354 1613 492 1648 superﬂua
504 1611 686 1643 videbuntur;
698 1617 732 1637 eo
743 1609 816 1644 quod
830 1608 936 1636 cwlesti
949 1609 1056 1636 deside-

275 1661 316 1687 rio
331 1659 396 1686 victi
413 1663 442 1685 et
459 1657 546 1692 lapsui
563 1657 622 1691 ejus
638 1655 707 1682 uniti
725 1655 806 1682 sunt?
822 1655 879 1681 lllie
894 1654 968 1681 enim
985 1654 1059 1681 desi-

275 1705 362 1736 deria,
376 1704 432 1730 illic
445 1703 624 1737 cogitationes
641 1709 704 1728 suas
718 1701 869 1735 deponunt,
883 1700 940 1727 illic
953 1700 1058 1732 vivunt,

274 1751 332 1778 illic
344 1749 525 1784 cogitationes
536 1756 633 1775 eorum
647 1748 897 1781 circumvagantur,
908 1751 990 1781 atque
1005 1746 1060 1772 illic

272 1802 354 1822 meus
364 1794 472 1821 assidue
483 1793 567 1828 degit,
579 1792 673 1819 divino
683 1799 715 1820 ac
727 1791 831 1819 cmlcsti
845 1799 938 1818 amore
950 1795 977 1818 et
987 1791 1060 1818 desi—

275 1841 354 1868 derio
367 1839 502 1875 spirituali
516 1842 654 1873 superata.

312 1929 381 1957 XVI.
397 1929 536 1960 Tandem,
552 1927 647 1955 dilecti
670 1927 783 1958 fratres,
799 1933 861 1952 cum
885 1929 958 1952 tanta
983 1924 1062 1951 nobis

277 1977 333 2005 sint
343 1976 434 2003 oblata
445 1975 529 2007 bona,
539 1979 568 2001 et
581 1979 662 2000 tanta:
673 1971 871 2007 promissioues
882 1971 969 2003 facte,
979 1971 1061 2005 agite,

277 2023 370 2051 omnia
394 2021 590 2056 impedimenta
615 2027 630 2046 a
655 2018 735 2046 nobis
758 2018 929 2054 rejiciamus,
952 2025 1062 2044 omnem

277 2075 400 2096 amorem
424 2066 520 2093 mundi
541 2072 710 2096 aversemur,
726 2069 807 2098 atque
831 2063 897 2090 huic
918 2063 967 2090 soli
990 2063 1062 2090 bono

278 2113 511 2149 pervesﬁgatioue
528 2116 556 2138 et
570 2111 708 2138 desiderio
726 2118 778 2137 nos
792 2109 941 2141 dedamus,
955 2114 985 2136 ut
999 2116 1062 2143 pos-

279 2160 368 2186 simus
382 2158 530 2193 participes
545 2157 602 2183 fieri
618 2164 724 2183 arcanae
740 2156 815 2182 illius
827 2155 984 2182 dilectionis
1000 2155 1063 2189 Spi-

279 2205 362 2236 ritus,
373 2202 408 2230 ad
423 2210 504 2237 quam
520 2202 601 2228 divus
613 2201 714 2228 Paulus
729 2208 778 2228 nos
794 2200 954 2227 adhortatus
968 2204 1019 2230 est,
1034 2203 1064 2225 ut

1094 291 1142 324 τῆς
1157 290 1273 325 φυσικῆς
1289 289 1484 324 σκληρότητος,
1500 289 1544 315 διὰ
1558 288 1608 323 τὴν
1621 288 1667 314 τοῦ
1682 287 1766 322 πυρδς
1778 287 1882 322 θερμὴν

1094 335 1225 370 δύναμιν⁹
1246 335 1291 361 τὸν
1307 335 1388 361 αὑτὸν
1404 334 1504 369 τρόπον
1520 335 1537 368 ὴ
1551 333 1625 368 ψυχὴ
1641 333 1819 368 ἀρνησαμὲνη
1837 333 1882 359 τὶν

1096 383 1215 417 κάσμον,
1239 384 1286 409 καὶ
1310 383 1355 409 τὸν
1373 383 1474 418 Κύριον
1490 383 1568 417 μόνον
1584 381 1737 417 ποθήσασα,
1754 382 1782 406 ἐν
1798 380 1883 415 πολλῇ

1096 429 1183 464 ψυχῆς
1198 429 1325 464 ζητήσει,
1351 429 1399 455 καὶ
1420 430 1493 464 πόνῳ
1506 429 1553 455 καὶ
1565 428 1660 461 ἀγῶνι,
1679 428 1726 454 καὶ
1739 427 1788 462 τὴν
1800 432 1884 462 προσ-

1095 475 1187 501 δοκίαν
1203 475 1372 501 ἀδιάλειπτον
1386 475 1484 509 ἔχουσα
1500 474 1567 509 πρὸς
1581 473 1662 500 αὑτὸν
1675 472 1762 499 ἐλπίδι
1778 473 1824 499 καὶ
1838 471 1884 497 πί-

1098 529 1165 547 στει*
1180 521 1228 548 καὶ
1239 521 1373 556 δεξαμένη
1388 521 1475 547 ἐκεῖνο
1487 521 1518 546 τὸ
1528 521 1691 556 ἐπουράνιον
1701 520 1757 554 πῦρ
1768 520 1816 554 τῆς
1827 519 1885 545 θεό-

1096 576 1178 602 τητος
1196 569 1242 594 καὶ
1257 568 1367 603 ἀγάπης
1382 568 1428 594 τοῦ
1442 567 1600 602 Πνεῦματος
1613 575 1620 582 ι
1637 566 1698 593 τότε
1713 565 1743 598 ἐξ
1755 565 1886 601 ἀληθὲιας

1099 613 1188 646 πάσης
1211 613 1321 648 ἀγάπης
1343 613 1445 647 κόσμου
1469 612 1580 644 λύεται,
1605 612 1652 638 καὶ
1674 611 1765 646 πάσης
1785 611 1886 642 κακίας

1099 657 1192 684 παθῶν
1204 657 1404 693 ἐλευθεροῦται,
1416 657 1464 684 καὶ
1473 657 1561 683 πάντα
1572 657 1650 688 ἐκτός
1662 658 1779 683 ποιεῖται
1788 656 1884 690 αὐτῆς,

1100 704 1146 729 καὶ
1159 703 1187 736 ἐξ
1199 703 1282 737 αὐτῆς
1293 703 1342 738 τῆς
1354 703 1470 737 φυσικῆς
1481 703 1563 735 ἕξεως
1577 702 1623 728 καὶ
1639 701 1820 737 σκληρότητος
1838 702 1887 735 τῆς

1099 749 1235 784 ἁμαρτίας
1255 747 1454 784 μεταϐάλλεται
1467 767 1475 780 ,
1503 749 1551 774 καὶ
1575 747 1664 774 πάντα
1680 747 1797 782 περισσὰ
1812 747 1887 781 ἠγεῖ-

1100 804 1162 827 ται,
1190 795 1257 829 πρὸς
1281 795 1360 829 μό-,ον
1386 795 1432 821 τὸν
1453 794 1615 829 ἐπουράνιον
1635 793 1761 828 Νυμφίον
1782 793 1811 819 ὃν
1831 793 1888 819 ἐδέ-

1103 840 1167 872 ξατο
1179 861 1185 872 ,
1210 840 1404 875 ἀναπαυομένη
1421 840 1450 866 ἐν
1461 841 1494 875 τῇ
1509 839 1607 874 ζεούσῃ
1622 839 1668 865 καὶ
1682 839 1795 873 ὰρῤήτῳ
1807 838 1888 865 αὑτοῦ

1103 886 1207 922 ἀγάπῃ.

1140 933 1189 959 ll-I'.
1215 932 1294 966 Λέγω
1319 940 1359 958 σοι
1381 931 1419 965 δὲ,
1439 932 1478 958 ὅτι
1494 931 1594 962 αὐτοὺς
1609 931 1674 961 τοὺς
1687 929 1888 965 περιποθήτους

1102 978 1246 1012 ἀδελφοὺς,
1264 977 1311 1008 οὒς
1326 977 1382 1011 ἔχει
1399 977 1452 1012 πρὸ
1465 976 1627 1011 ὀφθαλμῶν,
1646 975 1694 1002 ἐὰν
1707 975 1891 1009 ἐμποδίζωσιν

1103 1024 1148 1050 ἀπ’
1167 1023 1273 1056 ἐκείνης
1298 1022 1347 1056 τῆς
1368 1022 1496 1055 ἀγάπης,
1520 1021 1613 1056 ὥσπερ
1637 1020 1736 1052 εἰπεῖν,
1756 1020 1892 1055 ἀποστρέ-

1104 1077 1192 1104 φεται·
1203 1068 1314 1095 Ἐκεῖνο
1325 1067 1379 1102 γάρ
1391 1067 1475 1094 ἐστιν
1485 1066 1580 1100 αὐτῆς
1587 1066 1642 1100 ζωὴ
1653 1065 1701 1093 καὶ
1710 1065 1890 1100 ἀνάπαυσις,

1104 1116 1122 1149 ὴ
1137 1115 1189 1142 τοῦ
1199 1115 1380 1148 ἐποιιριινίου
1392 1113 1545 1146 βασιλέως
1559 1112 1688 1146 μυστικὴ
1705 1112 1752 1139 καὶ
1763 1112 1892 1146 ἇρῤητος

1105 1162 1254 1189 κοινωνία.
1268 1161 1299 1187 Εἰ
1311 1160 1365 1195 γὰρ
1379 1159 1512 1194 σαρκικῆς
1524 1159 1664 1190 κοινωνίας
1676 1159 1770 1192 ἀγάπη
1781 1157 1892 1193 χωρίζει

1106 1207 1217 1241 πατρδς,
1237 1206 1349 1241 μητρὸς,
1365 1205 1498 1239 ἀδελφῶν,
1510 1204 1558 1231 καὶ
1571 1204 1660 1230 πάντα
1672 1203 1792 1239 ἐξώτερα
1803 1203 1893 1230 αὐτῶν

1106 1253 1229 1286 γίγνεται
1245 1252 1273 1277 ἐν
1288 1250 1326 1285 τῷ
1338 1249 1376 1285 νῷ
1387 1257 1393 1264 ·
1413 1249 1460 1276 καὶ
1475 1250 1499 1276 εἰ
1511 1249 1617 1284 ἀγαπᾷ,
1632 1249 1772 1283 ἐξωτέρως
1785 1248 1890 1282 ἀγαπᾷ·

1106 1298 1154 1333 τὴν
1169 1297 1197 1324 δὲ
1215 1297 1334 1324 διάθεσιν
1349 1296 1431 1322 αὑτοῦ
1448 1296 1537 1323 πᾶσαν
1556 1296 1596 1327 εἰς
1612 1295 1661 1330 τὴν
1675 1295 1796 1321 σύνοικον
1809 1293 1892 1321 αὑτοῦ

1107 1343 1249 1378 κέκτηται·
1271 1342 1350 1370 Ἀντί
1365 1342 1472 1368 τούτου
1488 1342 1552 1376 γὰρ,
1566 1342 1642 1376 φησι,
1658 1340 1830 1374 καταλείψει
1842 1338 1895 1366 ᾶνκ

1107 1390 1222 1422 Upon-tog
1232 1388 1284 1415 τὸν·
1294 1386 1417 1421 πατέρα,
1429 1386 1477 1412 καὶ
1488 1386 1545 1419 τὴν
1552 1384 1675 1420 μητέρα,
1682 1385 1729 1410 καί
1743 1385 1894 1417 προσκολ-

1107 1432 1272 1467 ληθήσεται
1282 1432 1318 1466 τῇ
1327 1431 1454 1466 γυναικί,
1468 1432 1515 1458 καὶ
1531 1431 1653 1459 ἔσονται
1667 1432 1693 1457 ol
1705 1429 1758 1456 δύο
1772 1431 1813 1462 εις
1825 1429 1895 1462 etip-

1109 1487 1146 1504 κα
1158 1478 1241 1512 μίαν.
1261 1477 1291 1503 El
1307 1476 1352 1503 οὖν
1368 1478 1383 1511 ἡ
1402 1476 1450 1510 τῆς
1465 1476 1564 1510 σαρκὸς
1579 1477 1672 1509 ἀγάπη
1687 1475 1757 1500 οὓτω
1770 1474 1826 1500 λύει
1841 1474 1895 1499 iti-

1109 1531 1157 1557 σης
1170 1523 1288 1561 ἀγάπης,
1301 1521 1377 1556 πόσῳ
1390 1521 1488 1556 μᾶλλον
1500 1521 1556 1547 ὅσοι
1566 1520 1773 1554 κατηξιώθησαν
1787 1519 1891 1546 ἐκείνου

1074 1582 1096 1612 c
1110 1566 1155 1592 τοῦ
1171 1567 1247 1600 ἁγίου
1262 1565 1425 1599 Πνεύματος
1440 1565 1487 1591 τοῦ
1510 1565 1672 1599 ἐπουρανίου
1690 1566 1736 1592 καὶ
1749 1564 1893 1599 ἀγαπητοῦ

1111 1611 1140 1644 ἐξ
1152 1611 1279 1646 ἀληθείας
1288 1611 1461 1645 κοινωνῆσαι,
1471 1611 1561 1644 πάσης
1574 1611 1682 1644 ἀγάπης
1695 1610 1798 1645 κόσμου
1813 1610 1896 1644 λυθή-

1111 1657 1266 1690 σονται,καὶ
1275 1656 1365 1683 ’πάντα
1378 1657 1494 1691 περισσὰ
1507 1656 1598 1687 αὐτοῖς
1611 1657 1843 1690 καταφανήσεται,
1855 1655 1896 1691 τῷ

1110 1703 1264 1737 νενικῆσθαι
1280 1703 1378 1733 αὐτοὺς
1391 1702 1428 1736 τῷ
1441 1701 1557 1736 οὐρανίῳ
1572 1701 1645 1736 πόθῳ
1655 1722 1662 1734 ,
1682 1702 1729 1727 καὶ
1746 1703 1778 1736 τῇ
1793 1702 1896 1728 πτώσει

1110 1749 1191 1776 αὑτοῦ
1207 1748 1340 1783 ἡνῶσθαιῑ
1355 1749 1429 1774 Ἐκεῖ
1439 1749 1493 1783 γὰρ
1505 1747 1690 1781 ἐπιποθοῦσιν,
1707 1748 1764 1774 ἐκεῖ
1775 1748 1896 1781 λογίζον-

1110 1803 1165 1827 ται,
1175 1796 1234 1821 ἐκεῖ
1248 1794 1340 1827 ζῶσιν,
1351 1795 1407 1820 ἐκεῖ
1418 1795 1440 1820 οξ
1453 1794 1578 1828 λογισμοὶ
1588 1793 1677 1820 αὐτῶν
1689 1793 1896 1829 περιπατοῦσιν,

1111 1841 1193 1866 ἐκεῖὸ
1205 1839 1266 1870 νοῦς
1281 1839 1395 1865 πάντοτε
1409 1837 1458 1870 τὴν
1472 1837 1614 1873 διατριϐὴν
1628 1837 1683 1872 ἔχει
1693 1859 1699 1870 ,
1719 1838 1897 1872 νενικημένος

1111 1886 1149 1921 τῷ
1164 1886 1228 1921 θείῳ
1243 1886 1289 1912 καὶ
1302 1885 1419 1920 οὐρανίῳ
1433 1884 1530 1918 ἔρωτι,
1555 1884 1602 1910 καὶ
1621 1885 1693 1918 πόθῳ
1707 1884 1896 1918 πνευματικῷ.

1148 1932 1206 1965 ις’.
1233 1931 1270 1956 Ίὺ
1290 1931 1398 1963 λοιπὸν,
1422 1927 1444 1956 ὦ
1470 1930 1607 1965 ἀγαπητοὶ
1624 1929 1750 1962 ἀδελςοὶ,
1768 1930 1898 1956 τοιούτων

1112 1977 1222 2011 ἀγαθῶν
1233 1977 1431 2012 προκειμένων,
1445 1977 1492 2003 καὶ
1504 1975 1638 2002 τοσούτων
1651 1975 1822 2009 ἐπαγγελιῶν
1832 1977 1898 2011 ἡμῖν

1114 2024 1166 2051 ὑπὸ
1188 2023 1233 2050 τοῦ
1255 2023 1357 2057 Κυρίου
1382 2022 1594 2058 ἐπηγγελμένων
1606 2043 1612 2053 ,
1631 2022 1720 2048 πάντα
1734 2022 1768 2048 τὰ
1783 2022 1900 2056 ἐμπόδια

1114 2071 1159 2104 ἀφ’
1174 2069 1276 2096 ἑαυτῶν
1291 2069 1499 2105 ἀποῤῥίπξωμεν,
1513 2069 1559 2094 καὶ
1573 2069 1662 2094 πᾶσαν
1675 2068 1785 2102 ἀγάπην
1796 2067 1843 2093 τοῦ
1857 2067 1901 2093 κό-

1115 2125 1184 2150 σμου
1202 2114 1434 2150 ἀποστραφῶμεν,
1451 2115 1497 2140 καὶ
1512 2114 1579 2149 πρὸς
1595 2114 1683 2140 ἐκεῖνο
1698 2114 1778 2149 μόνον
1791 2115 1819 2140 τὸ
1833 2116 1901 2148 ἀγα-

1115 2161 1160 2187 θὸν
1177 2162 1209 2195 τῇ
1228 2160 1349 2196 ζητήσει,
1369 2160 1414 2186 καὶ
1430 2159 1469 2194 τῷ
1485 2160 1558 2194 πόθῳ
1575 2160 1687 2190 ἑαυτοὺς
1701 2159 1837 2194 ἐκίὦμεν,
1857 2161 1900 2187 ἵνα

1115 2206 1272 2240 δυνηθῶμεν
1290 2207 1380 2240 τυχεῖν
1402 2205 1509 2239 ἐκείνης
1531 2205 1579 2238 τῆς
1594 2205 1713 2240 ἁρρητου
1730 2206 1839 2240 ἀγάπης
1854 2206 1900 2231 τοῦ

279 2251 483 2281 acceleremus;
503 2247 662 2279 Sectamini,
682 2246 825 2281 inquiens,
845 2245 1008 2272 dilectionem
1018 2245 1038 2260 W
1055 2254 1057 2270 :

1117 2251 1274 2286 Πνεύματος
1288 2270 1295 2282 ,
1322 2251 1386 2286 περὶ
1402 2248 1436 2286 ἧς
1461 2251 1475 2276 ὁ
1493 2251 1626 2285 μακάριος
1643 2250 1748 2281 Παῦλος
1764 2251 1900 2286 παρῄνεσε

280 2300 312 2323 ut
326 2295 399 2329 digni
414 2294 508 2321 haberi
523 2293 671 2328 possimus,
684 2299 801 2327 quorum
816 2295 937 2318 mutetur
948 2290 1066 2318 durities

280 2350 330 2377 per
341 2341 464 2368 dextram
479 2339 622 2372 Altissimi,
634 2343 662 2366 et
676 2344 706 2366 ut
718 2338 912 2373 perveniamus
926 2337 960 2364 ad
976 2338 1068 2367 suavi-

281 2391 364 2415 tatem
378 2391 405 2414 et
415 2386 536 2421 requiem
548 2385 730 2420 spiritualem,
742 2391 835 2411 amore
847 2383 935 2410 divini
948 2383 1068 2418 Spiritus

281 2433 408 2460 sauciati.
425 2433 478 2467 18
494 2431 626 2458 Dominus
639 2430 714 2458 enim
728 2430 812 2457 multa
829 2430 856 2456 in
873 2430 998 2456 homines
1012 2429 1068 2456 fer-

281 2483 328 2506 tur
343 2477 524 2512 benignitate,
537 2480 566 2502 et
580 2475 677 2502 intima
694 2474 884 2502 misericordia
901 2475 1030 2510 tangitur,
1044 2475 1066 2501 si

282 2524 393 2559 quando
405 2523 454 2550 toti
468 2529 582 2557 prorsus
594 2521 628 2548 ad
639 2528 702 2548 eum
715 2525 919 2553 convertamur,
930 2521 965 2547 ab
977 2521 1068 2548 omni-

283 2570 350 2602 bus,
366 2577 426 2604 quaa
444 2568 583 2596 contraria
600 2571 679 2598 sunt,
695 2575 746 2594 nos
763 2567 921 2601 eripientcs.
937 2566 1067 2600 Quamvis

283 2616 357 2643 énim
382 2623 430 2642 nos
450 2622 498 2649 per
511 2621 645 2641 summam
664 2612 861 2648 ignorantiam,
877 2612 1018 2639 infantiam
1037 2621 1068 2640 ae

284 2661 462 2695 anticipatam
475 2660 509 2687 dc
521 2659 624 2686 malitia
636 2659 794 2694 opinionem
806 2666 967 2685 aversetuur
979 2666 1069 2685 veram

283 2708 385 2740 vitam,
399 2715 430 2734 ac
446 2706 642 2740 impedimenta
659 2705 742 2732 multa
758 2704 838 2732 nobis
853 2705 904 2739 ipsi
919 2713 1068 2739 ponamus,

285 2760 382 2780 revera
402 2753 564 2787 resipiscere
585 2752 711 2779 nolentes
732 2761 739 2779 :
762 2752 820 2786 ipse
845 2757 934 2779 tamen
953 2751 1070 2778 multum

286 2798 435 2826 miseretur
449 2799 551 2831 nostri,
566 2799 759 2833 longanimiter
772 2803 942 2834 exspectans,
961 2798 1070 2834 quando

325 2890 344 2904 "‘
356 2889 451 2916 Matth.
466 2897 519 2922 τις,
532 2889 561 2921 5;
577 2889 675 2924 Eplles.
686 2897 713 2923 v,
725 2889 769 2916 3i.
809 2889 831 2904 ‘°
842 2888 854 2915 Ῑ
866 2888 929 2915 Cor.
942 2896 995 2922 χεν,
1007 2889 1030 2914 l.

1115 2297 1239 2324 σπεύδειν
1252 2297 1326 2332 ἡμᾶς
1339 2297 1406 2331 πρὸς
1419 2296 1514 2330 αὐτὴν,
1527 2296 1624 2330 λέγων⁸
1636 2296 1758 2322 Διώκετε
1768 2296 1902 2331 τὴνὰγά-

1115 2350 1177 2377 amr
1188 2352 1195 2358 ·
1216 2343 1260 2369 ἶνα
1277 2342 1434 2377 δυνηθῶμεν
1453 2343 1484 2368 ἐκ
1499 2343 1548 2377 τῆς
1565 2342 1747 2376 σκληρότητος
1761 2343 1838 2376 ἡμῶν
1853 2345 1902 2378 τῆς

1116 2387 1284 2419 ἀλλοιώσεως
1299 2388 1349 2422 τῆς
1369 2388 1459 2420 δεξιᾶς
1481 2387 1528 2413 τοῦ
1542 2387 1670 2422 Ὑψίστου
1688 2387 1903 2422 καταξιωθῆναι,

1117 2435 1164 2461 καὶ
1201 2436 1241 2466 εἰς
1272 2435 1430 2470 ἡμερότητα
1462 2434 1508 2460 καὶ
1535 2434 1689 2461 ἀνάπαυσιν
1717 2434 1904 2469 πνευματικὴν

1118 2480 1215 2513 ἐλθεῖν,
1228 2480 1309 2515 ἔρωτι
1321 2479 1393 2506 θείου
1407 2479 1563 2514 Πνεύματος
1575 2479 1733 2514 τρωθέντες.
1743 2479 1772 2505 ’0
1784 2479 1838 2513 γὰρ
1850 2479 1905 2505 Κύ-

1119 2535 1176 2561 ριος
1194 2526 1261 2553 πολὺ
1279 2525 1532 2562 φιλανθρωπεύεται
1550 2526 1801 2560 σπλαγχνιξόμενος
1813 2546 1819 2556 ,

1118 2571 1328 2606 ἐπιστρέψωμεν
1342 2571 1397 2598 ὅλοι
1413 2571 1442 2604 ἐξ
1455 2571 1515 2598 ὅλου
1532 2572 1599 2607 πρὸς
1613 2571 1710 2602 αὑτὸν,
1730 2571 1838 2597 πάντων
1853 2571 1906 2596 τῶν

1121 2617 1249 2644 ἐναντίων
1273 2618 1386 2649 ἑαυτοὺς
1404 2617 1566 2653 ἐξαίροντες.
1587 2618 1617 2643 El
1636 2617 1688 2652 γὰρ
1704 2617 1751 2642 καὶ
1764 2617 1842 2650 ἡμεῖς
1862 2616 1905 2642 διὰ

1122 2664 1221 2698 πολλὴν
1231 2664 1367 2697 ἀγνωσίαν
1381 2665 1428 2690 καὶ
1440 2663 1592 2698 νηπιότητα
1603 2663 1650 2689 καὶ
1662 2662 1795 2698 πρόληψιν
1807 2662 1906 2691 κακίας

1121 2709 1351 2744 ἀποστρεφόμεθα
1376 2709 1425 2743 τὴν
1449 2709 1520 2744 ζωὴν
1533 2729 1541 2741 ,
1570 2710 1614 2734 καὶ
1634 2708 1750 2743 ἐμπόδια
1764 2707 1846 2733 πολλὰ
1862 2706 1905 2732 τί-

1123 2753 1205 2788 θεμεν
1222 2755 1337 2786 ἑαυτοῖς,
1355 2754 1392 2790 μὴ
1405 2754 1560 2789 βουλόμενοι
1574 2754 1603 2786 ἐξ
1614 2753 1742 2788 ἀληθείας
1755 2752 1905 2787 μετανοεῖν

1123 2800 1180 2828 ἀλλ’
1205 2801 1285 2832 αὐτὸς
1312 2800 1380 2828 πολὺ
1403 2800 1616 2835 σπλαγχνίςεται
1634 2799 1676 2834 ἐφ’
1705 2800 1778 2833 ἡμᾶς
1804 2806 1907 2834 μακρο-

1841 2526 1905 2552 ποτε
