2064 3152
183 207 233 238 ιθδ

797 209 978 239 ΠΟΜΙΙᾸίΕ.
991 221 1025 226 -·
1035 209 1127 242 ΠΟΜ,
1148 212 1192 242 IV.

1760 215 1809 245 486

183 264 286 300 θυμῶν,
296 264 362 290 πότε
373 263 586 299 ἐπιστρέψαντες
596 263 790 300 προσέλθωμεν
800 264 867 299 πρὸς
875 264 968 294 αὐτὸν,

1026 266 1147 293 conversi
1170 266 1332 294 accedamus
1355 266 1388 293 ad
1412 274 1490 298 cum,
1508 271 1537 294 et
1557 267 1646 302 quoad
1670 268 1807 295 internum

183 312 229 338 καὶ
252 311 299 337 τὸν
321 309 376 337 ἔσω
397 311 476 345 ἡμῶν
496 309 638 346 ἄνθρωπον
655 310 912 345 φωτισθῶμενηῖνα
929 310 966 345 μὴ

181 356 400 391 καταισχυνθῶσι
414 356 447 382 τὰ
461 356 594 391 πρόσωπα
605 356 685 390 ὴμῶν
698 357 727 382 ἐν
739 356 830 391 ἡμέρᾳ
839 356 966 391 κρίσεως.

215 402 266 429 ιε’.
284 402 316 428 Et
329 402 358 428 δὲ
371 402 417 428 καὶ
431 401 560 429 δύσκολον
575 402 640 436 ἡμῖν
653 401 850 435 καταφαίνεται
864 401 909 428 διὰ
919 402 968 437 τὴν

184 448 305 484 σκληρὰν
317 448 367 481 τῆς
380 448 481 483 ἀρετῆς
493 448 622 482 ἄσκησιν,
638 447 738 483 μᾶλλον
748 448 776 475 δὲ
788 448 833 474 διὰ
842 447 892 482 τὴν
902 448 970 474 ὑπό-

183 495 258 522 θεσιν
274 495 322 521 καὶ
338 494 506 528 ωμόουλιαν
523 494 570 520 τοῦ
586 494 777 529 ἀντικειμένου
789 515 796 526 ,
817 494 871 521 ἰδοὺ
888 494 969 525 αὐτὸς

184 540 395 575 σπλαγχνίξεται
433 540 481 566 καὶ
515 540 689 575 μακροθυμεῖ
715 540 892 575 ἐκδεχόμενος
921 541 970 575 τὴν

183 585 320 620 ἡμετέραν
349 585 518 620 ἐπιστροφὴν
534 604 541 616 ,
575 585 623 611 καὶ
651 585 863 620 ἁμαρτανόντων
890 584 970 620 ἡμῶν

183 631 328 666 ἀνέχεται,
354 631 497 665 ἀναμένων
521 630 571 666 τὴν
593 630 739 665 μετάνοιαν
757 630 846 665 ἡμῶν,
866 631 912 656 καὶ
925 630 971 657 πί-

184 685 300 707 πτοντας
326 676 399 711 ἡμᾶς
425 677 474 702 οὐκ
497 677 689 711 ἐπαισχύνεται
717 676 797 703 πάλιν
823 676 968 710 δέχεσθαι,

184 721 276 753 καθὼς
290 719 366 748 εἶπεν
376 722 389 748 ὁ
402 722 546 757 Προφήτης
557 730 564 737 ·
576 722 624 755 Μὴ
632 723 647 749 ὀ
656 722 772 749 πίπτων
780 723 836 749 οὐκ
849 722 972 749 ἀνίστα-

184 776 241 800 ται,
260 768 280 801 ἢ
299 767 496 801 ἀποστρέφων
516 768 573 794 οὐκ
593 767 880 802 ὲπιστρέφει;Μόνον
893 768 972 803 ἡμεῖς

185 812 358 847 διανήψωμεν
371 812 475 839 ἔννοιαν
488 813 593 847 ἀγαθὴν
604 813 781 848 κτησάμενοι,
790 813 836 840 καὶ
847 814 974 848 ἐπιστρέ-

185 857 280 892 ψωμεν
306 858 406 889 εὐθέως
437 858 485 885 καὶ
510 858 615 893 ὀρθῶς,
646 858 771 894 βοήθειαν
796 859 867 894 παρ’
892 858 972 885 αὺτοῦ

185 903 394 939 ἐπιζητοῦντες·
415 904 461 930 καὶ
480 904 560 935 αὐτός
575 904 633 930 ἐστι
652 904 737 931 σῶσαι
751 905 825 939 ἡμᾶς
844 904 970 938 ἕτοιμος·

186 948 326 983 ἐκδέχεται
349 949 403 983 γὰρ
425 948 473 975 τοῦ
491 949 641 984 θελήματος
654 949 732 984 ἡμῶν
745 950 794 984 τὴν
809 949 877 985 πρὸς
891 950 974 976 αὐτὸν

185 994 302 1026 ζέουσαν
319 994 418 1030 ὁρμὴν,
437 995 499 1021 ὅσον
516 995 613 1030 ἔχομεν
627 995 769 1030 δυνάμεως
780 1003 787 1011 ·
814 996 861 1022 καὶ
877 995 926 1031 τὴν
941 997 973 1022 ἐκ

187 1039 373 1074 προαιρέσεως
392 1040 498 1075 ἀγαθὴν
517 1040 608 1066 πίστιν
632 1041 679 1067 καὶ
696 1040 861 1075 προθυμίαν,
881 1041 928 1075 τὴν
944 1041 974 1067 δὲ

188 1084 358 1120 κατόρθωσιν
377 1086 465 1112 πᾶσαν
483 1085 563 1117 αὐτὸς
581 1087 610 1112 ἐν
624 1087 690 1121 ἡμῖν
705 1086 861 1121 ἐργάζεται.
886 1087 974 1113 Σπου-

185 1129 310 1164 δάσωμεν
324 1130 426 1162 τοίνυν,
441 1131 588 1166 ἀγαπητοὶ,
603 1131 640 1162 ὼς
652 1131 737 1158 τέκνα
748 1130 828 1164 Θεοῦ,
838 1131 974 1158 ἀποδυσά-

190 1183 263 1210 μενοι
281 1176 372 1203 πᾶσαν
389 1176 524 1211 πρόληψιν
547 1177 594 1202 καὶ
611 1177 743 1211 ἀμέλειαν
762 1177 810 1203 καὶ¹
826 1177 974 1211 χαύνωσιν,

187 1222 304 1254 γενναῖοι
338 1221 385 1247 καὶ
413 1221 518 1256 ἕτοιμοι
545 1222 673 1256 γενέσθαι
699 1223 857 1249 ἀκολουθεῖν
888 1223 975 1250 ὀπίσω

189 1266 272 1292 αὐτοῦ
282 1286 289 1298 ,
316 1266 353 1302 μὴ
376 1267 556 1303 ἁναόάλωμεν
572 1268 679 1303 ἡμέραν
692 1268 722 1301 ἐξ
734 1268 840 1304 ἡμέρας
859 1269 911 1296 ὑπὸ
925 1270 975 1304 τῆς

187 1312 288 1343 κακίας
302 1312 534 1348 ὑποκλεπιόμενοι
547 1321 554 1329 ι
569 1314 599 1340 οὐ
613 1314 667 1348 γὰρ
680 1314 803 1349 οἴδαμεν,
815 1315 879 1341 πότε
893 1315 909 1350 ή
922 1315 975 1341 ἀπὸ

187 1358 237 1393 τῆς
263 1359 364 1393 σαρκὸς
399 1359 477 1394 ἡμῶν
506 1358 595 1392 ἔξοδος
623 1360 736 1393 γίνεται.
767 1360 892 1394 Μεγάλαι
921 1361 975 1397 γὰρ

188 1405 237 1430 καὶ
252 1404 369 1440 ἄρρητοί
387 1405 456 1431 είσιν
481 1406 509 1431 at
532 1405 587 1432 τῶν
606 1405 777 1441 Χριστιανῶν
801 1406 975 1440 ἐπαγγελίαι,

188 1448 314 1475 τοσοῦτον
327 1468 334 1481 ,
359 1449 400 1476 ὅτι
427 1450 491 1484 μιᾶς
511 1449 601 1484 ψυχῆς
625 1450 716 1476 πίστιν
733 1451 780 1477 καὶ
795 1450 910 1478 ⁴πλοῦτον
925 1452 975 1478 οὐκ

188 1495 316 1528 ἀναλογεῖ
342 1496 417 1522 πᾶσα
440 1496 457 1530 ἡ
478 1495 541 1528 δόξα
566 1496 615 1523 καὶ
635 1496 666 1523 τὺ
686 1496 783 1528 κάλλος
797 1497 844 1523 τοῦ
860 1497 975 1533 οὐρανοῦ

189 1540 237 1567 καὶ
261 1541 309 1576 τῆς
329 1541 394 1575 γῆς,
422 1543 469 1567 καὶ
488 1542 506 1576 ἡ
517 1541 600 1577 λοιπὴ
615 1541 796 1577 διακόσμησις
808 1551 838 1569 τε
853 1543 900 1577 καὶ
913 1552 974 1570 ποι-

190 1585 263 1612 κιλία
274 1606 282 1619 ,
309 1587 356 1613 καὶ
380 1586 495 1618 πλοῦτος
521 1588 569 1613 καὶ
591 1587 737 1623 ὡραιότης,
755 1589 803 1615 καὶ
816 1590 906 1625 τρυφὴ
920 1589 975 1616 τῶν
989 1600 1011 1628 C

189 1631 344 1667 ὁρωμένων.

225 1723 281 1750 ιη’.
309 1722 371 1754 Πῶς
393 1722 483 1749 τοίνυν
509 1723 539 1749 οὐ
565 1723 714 1758 θελήσομεν
737 1724 883 1756 τοσαύταις
908 1734 974 1759 προ-

190 1769 303 1803 τροπαϊς
326 1768 373 1794 καὶ
395 1767 572 1802 ἐπαγγελίαις
591 1768 638 1795 τοῦ
659 1769 777 1804 Κυρίου,
800 1769 855 1796 ὅλοι
871 1770 901 1802 ὲξ
914 1771 975 1797 ὅλου

192 1812 359 1848 προσελθεῖν,
377 1813 425 1839 καὶ
441 1813 565 1844 ἐκδότους
580 1814 692 1845 ἑαυτοὺς
708 1814 781 1849 αὐτῷ
794 1815 974 1850 καταστῆσαι,

191 1857 386 1892 ἀρνησάμενοι,
403 1857 472 1884 κατὰ
486 1858 516 1884 τὸ
529 1859 706 1892 Εὑαγγέλιον,
721 1859 791 1893 μετὰ
804 1859 912 1886 πάντων
930 1862 976 1886 καὶ

190 1900 240 1934 τὴν
257 1900 362 1926 ἑαυτῶν
376 1900 465 1935 ψυχὴν
475 1920 483 1931 ,
510 1902 556 1928 καὶ
572 1902 652 1936 μόνον
666 1903 746 1930 αὑτὸν
760 1904 914 1938 ἀγαπῆσαι.
929 1905 976 1931 καὶ

193 1945 240 1971 σὺν
260 1944 334 1979 αὑτῷ
356 1944 420 1971 ἄλλο
440 1946 535 1978 οὐδέν,
559 1946 628 1972 Ἀλλ’
649 1947 702 1974 ίδοὺ
720 1947 865 1975 καὶταῦτα
877 1949 975 1982 πάντα,

192 1989 240 2016 καὶ
261 1991 330 2025 πόση
345 1989 407 2023 δόξα
428 1992 526 2026 ὲδὸθη;
549 1992 630 2018 πόσαι
648 1993 800 2028 οἰκονομίαι
812 1994 859 2020 τοῦ
873 1995 976 2030 Κυρίου

191 2035 245 2062 ἀπὸ
267 2035 323 2062 τῶν
347 2037 475 2071 Πατέρων
501 2038 547 2064 καὶ
568 2038 716 2073 προφητῶν
735 2039 878 2073 γεγόνασι;
894 2041 977 2067 πόσαι

192 2081 354 2114 ἐπαγγελίαι
377 2082 604 2117 ἐπηγγέλθησανς
632 2084 679 2110 καὶ
705 2084 786 2111 πόσαι
807 2087 975 2120 προτροπαί;

193 2126 262 2160 πόση
281 2127 467 2162 εὐσπλαγχνία
487 2128 534 2154 τοῦ
551 2129 687 2155 Δεσπότου
705 2129 735 2161 ἐξ
746 2131 832 2165 ἀρχῆς
848 2131 890 2164 ἐφ’
904 2132 977 2166 ἡμᾶς

193 2172 323 2206 γέγονεν;
350 2173 463 2207 ἔσχατον
486 2174 531 2206 δὲ,
557 2175 605 2201 καὶ
627 2174 670 2201 διὰ
686 2176 735 2210 τῆς
750 2175 817 2207 ίδίας
831 2177 977 2211 ἐπιδημίας

193 2217 241 2252 τὴν
257 2219 376 2253 ἄρρητον
391 2219 564 2254 χρηστότητα
586 2220 629 2254 ἐφ’
644 2221 716 2255 ἡμᾶς
733 2220 776 2247 διὰ
788 2221 838 2256 τῆς
852 2223 975 2256 σταυρώ-

1021 315 1146 339 nostrum
1169 312 1308 339 hominem
1331 312 1529 345 illumincmur,
1548 321 1582 340 ne
1605 313 1808 340 confundantur
1847 330 1850 333 -

1020 357 1105 385 facies
1121 362 1221 385 nostra;
1233 358 1261 385 in
1273 357 1318 385 die
1330 357 1437 393 judicii.

1055 401 1136 429 XVII.
1160 401 1238 435 Quod
1266 401 1288 429 si
1315 401 1423 429 dilIicile
1447 409 1480 429 ac
1505 402 1650 429 molestum
1675 402 1756 429 nobis
1781 403 1807 428 id

1021 447 1146 479 videtur,
1171 453 1285 483 propter
1309 447 1405 474 duram
1429 447 1540 474 virtutis
1563 448 1806 478 exercitationem.

1022 494 1109 528 magis
1122 501 1189 521 vero
1205 498 1317 528 propter
1333 494 1536 528 suggestionem
1553 501 1585 520 ac
1601 493 1745 521 consilium
1761 494 1794 520 ad

1022 539 1152 572 versarii;
1175 539 1354 566 nihilominus
1372 540 1430 574 ipse
1448 546 1555 566 summa
1571 538 1809 566 commiseratione

1023 589 1113 612 motus
1135 585 1189 612 leni
1212 589 1239 612 et
1257 585 1371 620 patienti
1391 585 1483 612 animo
1504 590 1561 617 est,
1577 589 1737 619 exspectans
1758 592 1808 611 no-

1024 636 1108 658 stram
1126 630 1350 663 conversionem,
1364 635 1446 665 atque
1465 634 1611 665 peccantes
1627 636 1678 657 nos
1695 630 1808 661 tolerat,

1024 683 1056 703 ac
1074 679 1196 703 nostram
1219 676 1409 710 penitentiam
1432 675 1586 706 desiderat,
1603 679 1631 702 et
1648 675 1740 709 lapsos
1759 681 1810 700 nos

1024 721 1147 756 recipere
1161 729 1216 748 non
1229 721 1379 753 erubescit,
1391 727 1422 748 ut
1437 721 1505 748 dixit
1519 721 1651 755 propheta
1666 729 1672 746 ε
1686 719 1811 754 Nunquid

1024 766 1069 800 qui
1084 765 1168 798 cadit,
1181 773 1233 792 non
1247 766 1375 800 resurgit,
1390 770 1436 792 aut
1452 767 1497 801 qui
1511 773 1617 792 aversus
1630 769 1667 791 est
1677 785 1683 796 ,
1699 772 1751 791 non
1768 771 1811 790 re-

1024 811 1176 838 uertitur“.
1190 811 1269 838 Modo
1284 819 1334 839 nos
1347 811 1421 838 bono
1435 811 1518 838 corde
1532 811 1650 845 prrediti,
1666 811 1692 837 in
1708 810 1812 837 sobrie—

1026 861 1081 885 tate
1093 857 1229 889 vivamus,
1241 861 1269 884 et
1281 857 1372 884 statim
1386 865 1417 884 ac
1428 865 1493 884 vere
1505 857 1652 892 implorato
1664 857 1725 892 ejus
1736 856 1813 883 auxi—

1025 902 1063 929 lio
1079 906 1274 930 convertamur
1292 911 1300 929 :
1318 903 1542 938 promptissimus
1558 910 1625 930 vero
1642 906 1685 930 est
1702 903 1759 937 ipse
1777 902 1812 929 ad

1024 952 1146 975 nostram
1162 948 1289 976 salutem.
1304 948 1412 983 Excipit
1425 949 1497 976 enim
1514 948 1647 975 benevole
1661 948 1812 975 ferventem

1024 993 1174 1020 voluntatis
1186 997 1288 1021 nostra}
1302 993 1334 1020 ad
1350 993 1437 1026 illum,
1450 997 1582 1028 quantum
1595 993 1621 1020 in
1633 993 1736 1020 nostris
1748 993 1813 1020 viri-

1024 1038 1076 1066 bus
1089 1043 1141 1072 est,
1156 1039 1301 1074 impetum,
1321 1043 1349 1066 et
1364 1039 1463 1066 bonam
1481 1039 1561 1066 ﬁdem
1576 1046 1607 1065 ac
1621 1038 1814 1073 promptitudi-

1024 1092 1088 1111 “Cm
1104 1091 1138 1111 ex
1150 1084 1291 1112 voluntate
1305 1089 1399 1112 nostra
1413 1089 1568 1111 manantem
1588 1093 1594 1110 Ζ
1611 1083 1812 1111 correctionem

1025 1137 1091 1156 vero
1115 1137 1224 1156 onmem
1250 1130 1308 1165 ipse
1332 1131 1360 1157 in
1385 1131 1465 1158 nobis
1486 1136 1626 1166 operatur.
1646 1131 1812 1158 ludustriam

1026 1176 1110 1211 igitur
1127 1177 1322 1209 adhibeamus,
1336 1185 1352 1204 ο
1368 1177 1478 1209 dilecti,
1493 1183 1621 1212 tanquam
1640 1178 1687 1204 lilii
1705 1177 1768 1209 Dei,
1785 1182 1815 1204 ut

1026 1230 1135 1249 onmem
1160 1223 1385 1257 occupationem,
1404 1223 1597 1258 negligentiam
1621 1231 1653 1250 ac
1675 1223 1812 1258 pigritiam

1025 1272 1173 1299 exuenles,
1190 1268 1295 1295 alacres
1316 1276 1348 1296 ac
1369 1269 1489 1303 prompti
1511 1269 1608 1296 (lamus
1629 1269 1662 1296 ad
1683 1276 1746 1296 cum
1770 1277 1815 1297 se-

1026 1311 1182 1346 quendum;
1202 1320 1237 1339 ne
1258 1312 1292 1339 de
1311 1312 1355 1339 die
1375 1312 1403 1339 in
1424 1312 1495 1339 diem
1517 1320 1575 1340 rem
1591 1313 1766 1345 diil'eramus,
1783 1321 1814 1340 ac

1027 1365 1042 1384 a
1061 1357 1165 1384 malitia
1181 1357 1391 1392 praeveniantur.
1406 1357 1550 1385 Nescimus
1565 1358 1654 1389 enim,
1672 1365 1725 1392 qua
1746 1358 1813 1384 hora

1026 1402 1118 1430 exitus
1139 1410 1155 1430 ο
1178 1410 1260 1430 carne
1285 1403 1320 1430 sit
1341 1402 1460 1430 futurus.
1478 1403 1580 1438 Magum
1602 1403 1675 1430 enim
1701 1408 1765 1430 sunt
1785 1408 1814 1429 et

1027 1447 1181 1475 inetl‘abiles
1200 1447 1365 1475 Christianis
1383 1447 1460 1475 facta:
1478 1448 1688 1483 promissiones,
1705 1448 1732 1474 in
1755 1452 1816 1474 tan«

1028 1499 1084 1521 tum
1105 1494 1233 1528 quidem,
1247 1499 1277 1521 ut
1293 1501 1355 1521 cum
1373 1494 1456 1521 unius
1472 1494 1571 1522 animus
1586 1494 1639 1522 ﬁde
1657 1502 1689 1522 ac
1708 1494 1815 1522 divitiis

1027 1539 1129 1565 nullam
1151 1538 1264 1565 omnino
1284 1539 1491 1573 proportionem
1508 1539 1608 1566 habeat
1624 1539 1715 1566 omnis
1730 1540 1816 1575 gloria

1027 1589 1055 1611 et
1070 1584 1247 1619 pulchritudo
1261 1585 1323 1612 cmli
1339 1589 1367 1612 et
1381 1589 1470 1617 terrae,
1483 1590 1511 1612 et
1524 1585 1648 1619 reliquus
1662 1589 1776 1612 ornatus
1788 1590 1816 1612 et

1027 1630 1161 1662 varietas,
1175 1634 1203 1657 et
1217 1630 1335 1664 divitix,
1350 1636 1377 1658 et
1398 1631 1482 1658 decor
1502 1639 1534 1658 ac
1553 1631 1659 1658 deliciae
1677 1631 1815 1666 spectabi-

1026 1675 1103 1702 lium.

1062 1721 1154 1750 XVIII.
1167 1722 1220 1756 Qui
1237 1722 1267 1750 ﬁt
1283 1730 1364 1757 ergo,
1377 1722 1451 1756 quod
1473 1722 1555 1749 tantis
1576 1721 1817 1749 exhortationibus

1027 1771 1054 1794 et
1067 1768 1300 1802 promissionibus
1317 1767 1438 1802 impulsi,
1453 1767 1503 1795 toti
1519 1767 1633 1794 omnino
1648 1775 1712 1795 cum
1726 1767 1814 1797 adire.

1026 1818 1054 1840 et
1071 1821 1121 1841 nos
1138 1818 1209 1841 totos
1224 1814 1249 1841 ei
1265 1813 1366 1840 dedere
1376 1833 1383 1845 ,
1397 1812 1540 1847 abnegatis
1555 1813 1708 1840 secundum
1725 1812 1815 1839 Evan—

1027 1858 1130 1892 gelium
1154 1858 1221 1885 cum’
1243 1857 1373 1885 omnibus
1396 1862 1423 1884 et
1449 1856 1539 1883 anima
1565 1860 1676 1888 nostra,
1697 1864 1817 1891 eumque

1027 1903 1116 1930 solum
1132 1911 1226 1930 amore
1244 1901 1374 1937 prosequi
1393 1906 1421 1928 et
1441 1901 1510 1928 nihil
1528 1901 1603 1927 aliud
1625 1908 1688 1928 cum
1706 1908 1754 1932 eo,
1772 1908 1816 1927 re-

1027 1948 1161 1976 nuamus?
1181 1948 1235 1976 Sed
1254 1955 1317 1975 cccc
1334 1947 1392 1974 haec
1409 1946 1503 1973 omnia
1518 1951 1547 1974 et
1561 1950 1664 1995 qu'anta
1681 1951 1816 1980 praeterea

1027 1995 1113 2030 gloria
1135 1995 1198 2022 data
1222 1995 1280 2022 estl
1306 1998 1374 2028 quot
1397 1992 1630 2028 dispositioncs‘a
1652 1992 1764 2019 Patrum
1788 1996 1817 2019 et

1028 2041 1226 2076 prophetarum
1244 2040 1414 2075 temporibus
1429 2039 1507 2066 facta:
1520 2039 1604 2066 sunt?
1616 2041 1684 2073 quot
1698 2037 1816 2072 promis-

1028 2087 1136 2115 siones?
1150 2092 1179 2114 ct
1192 2091 1259 2121 quot
1271 2085 1492 2114 exhortationes?
1507 2089 1609 2119 quanta
1627 2083 1817 2111 misericordia

1028 2133 1136 2160 Domini
1157 2133 1185 2160 in
1209 2141 1259 2160 nos
1278 2132 1313 2159 ab
1333 2132 1411 2159 initio
1429 2131 1496 2159 fuit?
1514 2131 1623 2158 tandem
1641 2138 1707 2157 vero
1723 2134 1751 2157 et.
1766 2137 1817 2157 suo

1028 2178 1115 2213 ipsius
1136 2178 1255 2205 adventu
1275 2177 1441 2205 incﬂ‘abilem
1463 2185 1526 2211 erga
1548 2184 1598 2204 nos
1619 2175 1816 2210 benignitatem

1028 2232 1077 2258 per
1101 2224 1305 2252 cruciﬁxionem
1332 2223 1468 2254 ostendit,
1492 2227 1522 2250 ut
1546 2230 1595 2249 nos
1616 2229 1764 2249 conversos
1788 2221 1816 2248 in

194 2271 261 2295 σεως
277 2263 433 2295 ἐπεδείξατο
443 2284 450 2295 ,
475 2264 518 2291 ἵνα
537 2265 611 2299 ἡμᾶς
626 2266 665 2296 εἰς
678 2265 750 2300 ζωὴν
763 2267 974 2302 ἐπιστρέψαντας

1030 2270 1113 2296 vitam
1134 2269 1280 2297 transferat
1303 2278 1309 2295 2
1330 2277 1380 2296 nos
1401 2274 1492 2296 tamen
1512 2277 1526 2295 a
1547 2268 1686 2295 voluntate
1706 2271 1815 2298 nostra,

194 2309 344 2344 μετενέγκῃ
354 2317 360 2324 ·
379 2309 426 2336 καὶ
441 2310 519 2344 ἡμεῖς
534 2311 588 2336 τῶν
602 2310 762 2346 θεληματων
777 2312 855 2346 ἡμῶν
870 2313 917 2339 καὶ
930 2314 977 2348 τῆς

193 2355 302 2390 ἀγάπης
326 2354 373 2381 τοῦ
391 2355 509 2389 κόσμου,
529 2356 643 2382 καὶτῶν
668 2357 828 2392 προλήψεων
851 2360 898 2386 καὶ
913 2367 976 2386 συν-

193 2400 293 2434 ηθειῶν
308 2400 416 2432 κακῶν,
434 2401 483 2426 οὐκ
500 2401 705 2436 ἀναχωροῦμεν.
726 2402 782 2435 Διὸ,
801 2403 975 2438 ὀλιγόπιστοι,

192 2446 209 2480 ἢ
232 2448 278 2472 καὶ
300 2446 410 2472 ἄπιστοι
433 2445 612 2481 δεικνύμεθα·
641 2449 688 2474 καὶ
705 2449 751 2475 ἐπὶ
765 2450 870 2481 τούτοις
883 2451 976 2482 πᾶσιν,

194 2492 248 2518 ἰδοὺ
275 2492 374 2522 αὐτοὺς
402 2492 603 2527 χρηστεύεται,
632 2494 755 2528 ἀοράτως
781 2496 907 2531 φρουρῶν
932 2497 978 2523 καὶ

194 2536 370 2572 περιθάλπων
383 2557 390 2568 ,
418 2537 456 2571 μὴ
478 2537 549 2563 κατὰ
565 2538 600 2563 τὰ
616 2538 802 2574 ἁμαρτήματα
816 2541 978 2575 παραδιδοὺς

192 2584 266 2618 ἡμᾶς
282 2583 322 2614 εἰς
337 2583 413 2614 τέλος
427 2584 459 2618 τῇ
472 2583 556 2618 κακίᾳ
567 2603 574 2615 ,
595 2584 641 2610 καὶ
657 2585 690 2618 τῇ
708 2584 755 2610 τοῦ
769 2586 872 2619 κόσμου
887 2586 980 2622 ἀπάτῃ

192 2628 280 2663 ἁφιὼν
297 2629 370 2663 ἡμᾶς
387 2628 534 2654 ἀπολέσθαι
548 2649 555 2661 ,
572 2628 616 2654 διὰ
631 2629 730 2664 πολλὴν
745 2631 917 2665 χρηστότητα
932 2632 979 2658 καὶ

195 2673 386 2709 μακροθυμίαν
400 2673 576 2707 ἀποσκοπῶν,
595 2674 660 2700 πότε
676 2675 743 2710 πρὸς
755 2676 836 2703 αὐτὸν
850 2677 978 2712 ἐπιστρέ-

195 2719 297 2754 ψωμεν.

229 2765 278 2792 le'.
304 2765 384 2792 Ἀλλὰ
408 2766 515 2793 δέδοικα
542 2767 579 2800 μή
603 2774 668 2792 ποτε
694 2767 724 2793 τὸ
746 2767 792 2794 τοῦ
818 2768 979 2795 Ἀποστόλου

197 2809 276 2844 ῥητὸν
301 2809 431 2845 πληρωθῇ
450 2811 495 2841 -εἰς
514 2811 587 2845 ἡμᾶς
603 2811 636 2846 τῇ
652 2814 876 2849 καταφρονητικῇ
891 2813 980 2849 ἐννοίᾳ

232 2896 253 2911 ⁸³
265 2896 364 2925 Jercm.
377 2905 434 2931 \'IlI,
447 2899 473 2926 4.

1029 2314 1177 2342 dilectione
1191 2315 1297 2346 mundi,
1310 2314 1553 2349 anticipationibus
1568 2317 1595 2340 et
1607 2312 1816 2339 consuetudini-

1028 2359 1079 2386 bus
1099 2359 1191 2393 pravis
1211 2366 1265 2386 non
1286 2359 1449 2386 secedimus.
1463 2358 1553 2391 Quare
1574 2365 1624 2384 nos
1643 2360 1690 2382 aut
1705 2356 1814 2390 exigua,

1028 2409 1076 2431 aut
1091 2404 1166 2431 nulla
1184 2404 1297 2431 omnino
1314 2403 1367 2430 iide
1385 2403 1513 2438 praeditos
1527 2409 1588 2429 esse
1604 2401 1668 2428 hinc
1685 2404 1812 2434 apparet.

1030 2450 1062 2476 Et
1074 2454 1173 2484 praeter
1188 2449 1246 2476 haec
1264 2449 1371 2481 omnia,
1385 2448 1533 2483 benignum
1552 2454 1580 2474 sc
1597 2446 1709 2473 exhibet
1723 2445 1813 2476 nobis.

1029 2497 1147 2531 protegit
1161 2504 1192 2524 ac
1208 2496 1281 2524 fovet
1297 2503 1347 2523 nos
1363 2495 1549 2526 invisibiliter,
1565 2502 1615 2521 nec
1632 2501 1697 2524 nos.
1714 2500 1815 2520 secun-

1028 2543 1093 2569 dum
1108 2547 1222 2577 peccata
1237 2547 1331 2569 nostra
1341 2562 1348 2574 ,
1362 2541 1473 2568 malitia:
1487 2545 1516 2567 et
1532 2540 1627 2567 mundi
1643 2539 1815 2573 dcceptioni-

1028 2588 1080 2615 bus
1105 2588 1133 2615 in
1158 2592 1320 2622 perpetuum
1348 2587 1479 2618 traditos,
1501 2586 1567 2613 sinit
1590 2586 1681 2620 perire
1705 2589 1817 2619 propter

1029 2641 1161 2660 summam
1182 2633 1355 2660 clementiam
1373 2637 1401 2659 ct
1416 2631 1652 2666 longanimitatem
1675 2637 1751 2657 suam
1763 2649 1769 2661 ,
1783 2629 1816 2656 ab

1032 2680 1086 2706 alto
1101 2679 1260 2714 dispiciens,
1275 2679 1385 2713 quando
1400 2678 1433 2705 ad
1446 2685 1509 2704 cum
1525 2681 1728 2704 convertamur.

1070 2767 1140 2794 XIX.
1155 2767 1238 2802 Atqui
1252 2774 1359 2798 vereor,
1374 2775 1407 2794 nc
1422 2766 1525 2794 dictum
1541 2765 1663 2800 Apostoli
1679 2764 1707 2790 in
1722 2763 1817 2796 nobis,

1035 2814 1082 2849 qui
1107 2813 1198 2841 animo
1221 2814 1254 2841 ad
1275 2814 1366 2841 omnia
1389 2811 1588 2841 contemnenda
1607 2809 1723 2845 proclivi
1745 2808 1819 2838 vivi-
