2064 3152
231 189 283 222 487

846 188 880 218 ‘S.
901 187 1062 218 MACARII
1082 186 1242 216 ZEGYPTII

1802 189 1857 222 483

233 254 310 279 mus,
323 251 351 274 et
366 246 519 281 anteceptis
532 245 711 280 opinionibus
725 245 889 280 abripimur,
904 245 1019 280 implea-

1077 243 1208 276 ιυζῶντας
1219 264 1225 274 ,
1245 245 1292 270 καὶ
1313 245 1372 276 ταῖς
1391 245 1541 280 προλήψεσι
1557 247 1810 281 συναπαγομένους,
1827 247 1858 273 τὸ

232 297 289 324 tur,
302 291 376 328 quod
395 292 433 318 ait
451 300 457 317 ι
476 291 515 317 An
534 290 639 317 divitias
657 290 780 317 bonitatis
798 289 884 322 illius,
900 299 931 317 ac
951 291 1018 317 tole-

233 339 329 365 runliw
342 337 507 371 lenitatisque
518 337 673 368 contemnis,
684 337 820 371 ignorans,
834 336 902 371 quod
916 336 1018 363 bonitas

235 383 288 418 19
304 383 352 409 Dei
369 382 403 409 ad
420 382 600 417 paenitentiam
618 386 643 408 te
659 382 752 408 invitat
761 381 800 408 u?
815 381 894 414 Quod
913 382 936 409 si
957 382 1018 408 Ion-

234 428 406 463 ganimitate,
423 428 545 454 bonitate
560 431 588 454 ct
601 427 746 455 tolerantia
761 428 821 462 ejus
836 427 925 460 abusi,
940 427 1019 462 plura

231 473 423 499 addiderimus
441 477 564 507 peccata,
577 477 604 498 et
616 472 743 507 graviora
753 472 867 507 judicia,
880 472 1018 506 negligen-

233 519 270 546 tia
283 524 311 545 et
321 523 482 553 contemptu
499 522 593 545 nostro
604 518 685 545 nobis
699 518 766 552 ipsis
780 517 1018 550 acccrsiverimus,

231 565 391 599 implebitur
412 564 478 591 illud
501 564 606 591 dictum
630 573 636 590 τ
657 563 708 590 Sed
729 563 872 590 secundum
893 563 1020 590 duritiam

232 617 307 639 tuam
317 633 323 644 ,
336 616 360 638 et
374 620 418 638 cor
431 612 556 647 paenitere
572 612 686 638 nesciens
695 632 701 644 ,
715 611 815 646 colligis
829 611 875 638 tibi
889 611 938 646 ipsi
950 611 1020 637 iram

231 659 259 684 in
274 659 315 684 diu
329 659 376 684 irw
390 658 558 684 reuelationis
569 658 637 692 justi
646 658 741 692 judicii
756 657 845 683 Dei“.
862 657 934 684 Deus
946 656 1021 683 enim

232 711 338 730 summa
351 707 378 730 et
391 703 569 730 inenarrabili
583 703 706 730 bonitate
718 711 749 730 ac
759 703 874 730 lenitate
887 702 1020 730 ineffabili

232 756 297 783 erga
318 756 406 783 genus
425 749 574 775 humanum
599 748 695 780 utitur,
712 749 735 776 si
757 748 840 775 modo
858 749 1021 783 resipiscere

233 794 362 825 velimus,
377 798 404 821 et
417 794 528 829 penitus
543 794 578 821 ad
592 802 655 821 eum
670 794 793 822 converti
807 794 977 826 Studeamus,
991 798 1022 821 ut

233 839 331 867 salutis
345 839 496 874 participes
509 839 570 867 ﬁeri
583 839 734 867 valeamus.

268 970 326 997 XX.
342 969 419 1003 Quod
439 970 462 997 si
484 977 649 1005 cognoscere
669 970 812 998 desideres
831 970 879 998 Dei
899 970 1024 1005 longani-

236 1017 360 1043 mitatem
374 1021 403 1043 et
417 1024 551 1043 summam
567 1017 733 1049 bonitatem,
747 1017 773 1044 id
787 1021 830 1044 est
842 1017 1024 1044 sacrosanctis

234 1061 379 1088 codicibus
399 1061 549 1088 discamus.
567 1061 684 1096 Respice
704 1061 856 1093 Israelitas,
872 1069 906 1088 ex
923 1061 1025 1095 quibus

234 1111 299 1133 sunt
323 1111 434 1141 patres,
452 1107 555 1141 quibus
577 1108 775 1141 promissiones
797 1107 874 1134 facta:
894 1113 974 1140 sunt,
991 1115 1024 1134 ex

234 1152 337 1187 quibus
354 1151 483 1179 Christus
500 1153 654 1179 secundum
672 1160 799 1185 carnem,
815 1153 917 1187 quibus
935 1153 1025 1180 cultus

233 1202 262 1224 et
278 1202 473 1225 testamentum
492 1198 596 1230 erat“,
613 1203 715 1233 quanta
736 1199 935 1233 peccaverunt?
955 1206 1025 1233 quo-

235 1242 286 1270 ties
303 1242 392 1269 aversi
408 1242 489 1269 sunt?
507 1242 566 1277 ipse
583 1246 674 1270 tamen
692 1244 764 1270 Deus
780 1251 835 1270 non
852 1243 964 1278 reliquit
978 1251 1026 1271 eos

235 1289 262 1315 in
286 1293 466 1322 perpetuum,
484 1289 531 1315 sed
549 1289 582 1316 ad
602 1294 707 1316 certum
726 1294 835 1324 tempus
851 1289 885 1316 ad
904 1289 1026 1324 ipsorum

235 1335 412 1361 connnodum
424 1342 473 1361 eos
488 1335 716 1369 castigationibus
728 1335 844 1370 subjecit
859 1344 867 1362 :
884 1335 1028 1363 duritiem-

235 1387 289 1414 que
304 1379 395 1406 cordis
406 1387 504 1406 eorum
516 1387 565 1414 per
576 1379 750 1406 alllictioncm
763 1381 888 1407 emollire
900 1381 1025 1415 cupiens,

236 1425 425 1457 convertebat,
437 1424 614 1456 admonebat,
627 1425 776 1460 prophetas
788 1426 924 1453 mittebat.
948 1427 1027 1453 [nsu-

237 1478 287 1506 per
309 1470 430 1504 quandiu
458 1470 633 1505 longanimus
655 1475 713 1498 erat
735 1479 800 1506 erga
822 1477 980 1506 peccatores
1000 1477 1027 1498 et

238 1517 411 1544 oﬂ‘cndcntes
425 1523 471 1548 se,
484 1521 512 1543 et
527 1516 708 1544 nihilominus
723 1525 870 1545 conversos
882 1525 944 1545 cum
959 1526 1028 1553 gau-

237 1562 284 1589 dio
303 1561 454 1596 recipiebat
470 1570 477 1588 :
495 1565 524 1588 et
539 1569 601 1588 cum
617 1562 709 1589 denuo
724 1570 783 1589 sese
797 1567 967 1596 averterent,
980 1571 1027 1590 eos

237 1607 297 1643 ipse
313 1615 363 1634 nos
377 1607 515 1639 destituit,
530 1607 578 1634 sed
592 1615 642 1642 per
655 1608 806 1643 prophetas
817 1609 852 1636 ad
867 1609 1028 1637 conversio.

238 1661 299 1681 nem
321 1652 459 1680 revocavit
480 1662 487 1679 ι
507 1659 590 1688 atque
610 1653 759 1688 saepissime
779 1662 794 1681 a
813 1662 843 1682 se
862 1662 987 1688 aversos,
1001 1660 1031 1683 et

239 1699 417 1734 postmodum
439 1705 605 1728 conversos.
627 1699 761 1726 benevole
785 1700 926 1733 toleravit,
945 1706 1029 1735 atque

239 1744 398 1771 humaniter
411 1744 525 1778 recepit,
537 1744 626 1772 donec
640 1745 750 1773 tandem
763 1745 791 1772 in
804 1753 903 1780 magno
916 1751 1029 1780 peccato

241 1791 407 1825 deprehensi
422 1795 487 1818 sunt
500 1799 596 1818 manus
609 1791 764 1826 injicientes
777 1792 891 1827 proprio
903 1792 1028 1824 Domino,

241 1844 324 1872 quem
341 1837 538 1871 exspectabant
556 1838 708 1864 secundum
726 1838 902 1866 traditionem
918 1839 1029 1866 Patrum

239 1890 271 1910 ac
285 1882 480 1917 prophetarum
497 1887 656 1910 sanctorum
672 1883 890 1918 redemptorem,
902 1883 1028 1912 Salvato~

239 1936 318 1962 rem,
333 1935 426 1964 regem
450 1932 478 1955 et
498 1928 674 1963 prophetam.
693 1929 854 1956 Venientem
878 1929 950 1956 enim
973 1937 1030 1956 non

239 1975 358 2010 amplexi
375 1979 450 2007 sunt,
467 1974 515 2002 sed
531 1982 547 2001 e
563 1975 703 2002 contrario
718 1982 815 2010 magna
830 1982 894 2002 eum
911 1975 1029 2010 ignomi-

239 2021 286 2048 nia
306 2025 334 2048 et
355 2020 468 2047 infamia
489 2024 631 2052 notatum,
650 2020 761 2048 tandem
783 2021 874 2048 crucis
894 2021 1030 2056 supplicio

241 2066 405 2093 affecerunt.
420 2065 454 2093 Et
471 2065 499 2092 in
517 2066 569 2092 hac
586 2070 639 2092 tam
656 2066 750 2101 grandi
766 2066 871 2094 otl‘ensa
884 2072 912 2094 et
927 2067 1029 2103 ingenti

240 2111 330 2146 lapsu,
349 2115 461 2146 peccata
484 2111 605 2143 illorum,
620 2119 683 2146 quae
702 2112 737 2139 ad
755 2120 893 2139 summum
916 2113 1031 2140 adaucta

241 2161 332 2190 erant,
347 2158 485 2192 completa
504 2162 579 2190 sunt,
593 2162 621 2185 et
641 2158 678 2185 ita
700 2158 811 2185 tandem
831 2163 964 2193 perpetuo
985 2159 1032 2186 de-

239 2203 308 2230 serti
325 2207 400 2236 sunt,
415 2203 520 2238 Spiritu
535 2208 632 2231 sancto
647 2204 682 2231 ab
699 2205 733 2232 iis
748 2204 906 2238 recedente,
921 2205 1031 2240 quando

1069 290 1155 323 λέγον·
1171 291 1207 316 ἾΙ
1217 290 1269 317 τοῦ
1284 291 1417 317 πλούτου
1427 291 1482 325 τῆς
1490 293 1694 325 χρηστότητος
1704 292 1797 319 αὐτοῦ
1810 292 1860 319 καὶ

1069 335 1124 370 τῆς
1140 336 1255 370 ἀνοχῆς
1280 337 1330 363 καὶ
1354 336 1409 371 τῆς
1427 338 1633 371 μακροθυμίας
1651 337 1859 372 καταφρονεῖς,

1069 381 1186 416 ἀγνοῶν
1204 382 1249 409 ὅτι
1267 382 1300 408 τὸ
1316 383 1452 416 χρηστὸν
1472 383 1527 410 τοῦ
1546 384 1620 411 Θεοῦ
1640 385 1684 417 εἰς
1697 383 1860 418 μετάνοιάν

1070 436 1107 454 σε
1120 428 1200 462 tiret;
1214 429 1245 454 Ei
1257 428 1285 454 δὲ
1295 430 1329 463 τῇ
1340 429 1518 465 μακροθυμίᾳ
1531 430 1578 456 καὶ
1591 432 1623 465 τῇ
1638 431 1801 466 χρηστότητι
1814 431 1860 457 καὶ

1070 475 1103 509 τῇ
1125 475 1207 509 ἀνοχῇ
1229 473 1312 501 αὑτοῦ
1333 474 1446 501 πλείονα
1462 475 1643 510 προστίθεμεν
1659 476 1857 511 ἁμαρτήματα,

1070 520 1117 547 καὶ
1133 521 1312 555 κατακρίσεις
1327 520 1437 555 μείζους
1451 521 1495 548 διὰ
1507 521 1557 556 τῆς
1570 521 1699 556 ἀμελείας
1715 522 1762 548 καὶ
1776 531 1860 548 κατα-

1071 565 1231 600 φρονήσεως
1246 565 1325 600 ήμῶν
1340 566 1447 598 ἑαυτοῖς
1460 566 1639 602 πορισόμεθα,
1651 567 1860 602 πληρωθήσεται

1070 610 1100 636 τὺ
1112 610 1215 644 λόγιον·
1231 611 1313 638 Κατὰ
1326 611 1360 638 δὲ
1375 611 1431 645 τὴν
1441 612 1635 646 σκληρότητά
1649 620 1708 639 σου
1725 612 1774 639 καὶ
1789 612 1856 646 ἀμε-

1073 656 1220 689 τανόητον
1245 656 1392 690 καρδίαν,
1419 657 1607 691 θησαυρίζεις
1629 657 1747 690 σεαυτῷ
1767 658 1861 692 ὀργὴν

1071 701 1106 728 ἐν·
1126 701 1220 736 ᾑμέρᾳ
1243 702 1334 737 ὀργῆς
1344 723 1352 735 ,
1379 703 1428 729 καὶ
1444 703 1664 737 ἀποκαλύψεως
1678 703 1733 737 τῆς
1748 703 1859 730 δικαιο-

1071 748 1191 782 κρισίας
1205 748 1257 775 τοῦ
1272 749 1357 776 Θεοῦ.
1373 749 1461 784 Πολλῇ
1473 749 1527 785 γὰρ
1539 749 1688 784 ἀγαθότητι
1700 750 1863 785 ἀνεκδιηγή-

1072 802 1127 828 τῳ,
1153 794 1201 821 καὶ
1220 794 1396 830 μακροθυμίᾳ
1416 795 1596 830 ὰνεκφράστῳ
1617 795 1750 830 κέχρηται
1764 797 1778 822 ό
1791 795 1857 826 Θεὸς

1072 839 1138 875 περὶ
1152 840 1182 866 τὸ
1193 840 1271 873 γένος
1285 840 1340 867 τῶν
1355 839 1516 875 ἀνθρώπων,
1535 841 1615 876 μόνον
1630 842 1653 867 εἰ
1667 842 1747 876 ήμεῖς
1760 842 1862 876 ἀνανῆ-

1073 885 1123 920 ψαι
1150 885 1322 919 θελήσομεν,
1354 885 1401 912 καὶ
1430 885 1460 917 ἐξ
1479 886 1540 913 ὅλου
1567 886 1768 921 ἐπιστραφῆναι
1793 887 1862 922 πρὸς

1073 931 1154 957 αὑτὸν
1167 931 1366 965 σπουδάσομεν,
1384 931 1428 957 ἵνα
1442 931 1580 966 σωτηρίας
1591 933 1682 967 τυχεῖν
1692 931 1860 966 δυνηθῶμεν.

1110 976 1153 1002 K'.
1181 975 1212 1002 Et
1226 975 1254 1002 δὲ
1271 975 1359 1010 βούλει
1375 976 1525 1010 ἐπιγνῶναι
1545 976 1594 1011 τὴν
1614 976 1662 1002 τοῦ
1675 975 1742 1003 Θεοῦ
1757 984 1863 1011 μακρο-

1075 1021 1176 1056 θυμίαν
1189 1041 1196 1053 ,
1217 1022 1264 1047 καὶ
1281 1023 1330 1056 τὴν
1347 1023 1448 1058 πολλὴν
1462 1022 1646 1057 χρηστότητα,
1664 1023 1719 1049 ἀπὸ
1734 1022 1789 1049 τῶν
1802 1022 1863 1049 θεο-

1075 1067 1216 1093 πνεύστων
1230 1067 1346 1102 Γραφῶν
1360 1068 1576 1103 καταμάθωμεν.
1591 1067 1757 1102 Ἀπόῦλεψον
1769 1068 1809 1099 είς
1818 1067 1864 1094 τὸν

1082 1112 1190 1148 Ἰσραὴλ
1201 1132 1208 1144 ,
1227 1112 1257 1144 ἐξ
1271 1109 1308 1139 ὦν
1325 1114 1349 1139 οὶ
1367 1114 1488 1149 Πατέρες
1498 1134 1506 1146 ,
1524 1111 1565 1146 οἷς
1581 1115 1609 1140 αἱ
1623 1115 1783 1148 ἐπαγγελίαι
1797 1114 1865 1149 ὡρί-

1076 1158 1190 1193 σθησαν,
1210 1157 1240 1190 ἐξ
1255 1156 1292 1185 ὧν
1308 1159 1322 1185 ὁ
1336 1159 1454 1194 Χριστὸς
1470 1160 1501 1186 τὸ
1515 1159 1586 1186 κατὰ
1600 1160 1700 1195 σάρκα,
1717 1158 1758 1191 οἷς
1773 1161 1802 1186 αἱ
1815 1161 1865 1187 λα-

1075 1205 1164 1239 τρεῖαι
1189 1204 1237 1231 καὶ
1261 1205 1278 1239 ἠ
1294 1205 1429 1240 διαθήκη,
1447 1206 1518 1232 πόσα
1532 1206 1676 1241 ἦμαρτον;
1693 1207 1810 1238 ποσάκις
1823 1207 1865 1239 ἐξ-

1077 1250 1255 1286 ετράπησανς
1273 1252 1321 1278 καὶ
1336 1252 1418 1283 αὐτὸς
1435 1252 1485 1278 οὐκ
1501 1253 1593 1279 εἴασεν
1607 1252 1707 1284 αὐτοὺς
1722 1253 1762 1284 εἰς
1775 1253 1863 1284 τέλος,

1076 1294 1144 1322 ἀλλὰ
1171 1296 1338 1330 πρόσκαιρον
1362 1296 1458 1331 χρόνον
1482 1297 1550 1331 πρὸς
1569 1296 1599 1323 τὸ
1617 1297 1757 1333 συμφέρον
1773 1297 1866 1329 αὐτοῖς

1078 1341 1196 1373 παιδιαϊς
1219 1342 1364 1376 παρεδίδου
1376 1361 1384 1373 ,
1409 1342 1441 1368 τὸ
1457 1342 1574 1377 σκληρὸν
1588 1343 1637 1378 τῆς
1650 1343 1762 1378 καρδίας
1776 1343 1866 1370 αὐτῶν

1077 1386 1121 1413 διὰ
1130 1387 1178 1421 τῆς
1187 1387 1303 1421 θλίψεως
1315 1388 1434 1422 μαλάξαι
1446 1388 1618 1423 βουλόμενος,
1629 1389 1791 1424 ἐπέστρεφε,
1799 1397 1867 1424 παρ-

1078 1432 1171 1459 εκάλει
1185 1451 1193 1463 .
1222 1434 1365 1468 προφήτας
1393 1434 1551 1461 ἀπέστελλε.
1580 1436 1636 1462 Καὶ
1653 1435 1746 1466 πόσοις
1760 1435 1868 1470 χρόνοις

1078 1478 1267 1513 ὲμακροθύμει
1283 1479 1495 1514 ἁμαρτανόντων
1512 1480 1559 1506 καὶ
1574 1480 1801 1515 προσκοπτόντων
1816 1481 1868 1507 αὑ-

1078 1523 1153 1557 τῶν;
1182 1525 1229 1551 καὶ
1252 1525 1467 1561 ἐπιστρέφοντας
1490 1527 1558 1561 μετὰ
1578 1528 1665 1562 χαρᾶς
1678 1527 1868 1562 προσεδέχετο,

1081 1571 1128 1597 καὶ
1143 1571 1226 1597 πάλιν
1240 1572 1449 1607 ἐκτρεπομένων
1463 1573 1552 1599 αὐτῶν
1566 1573 1647 1604 αὐτὸς
1659 1573 1710 1599 οὐκ
1721 1574 1866 1607 ἀφίστατο,

1080 1616 1149 1643 ἀλλὰ
1163 1617 1205 1643 διὰ
1222 1617 1276 1644 τῶν
1290 1618 1437 1653 προφητῶν
1453 1620 1493 1650 εις
1506 1620 1673 1654 ἐπιστροφὴν
1688 1620 1787 1651 αὐτοὺς
1802 1628 1869 1654 μετ·
1911 1648 1914 1654 ι

1080 1662 1218 1688 εκαλεῖτο·
1244 1663 1294 1688 καὶ⁸
1313 1663 1457 1695 πλεονάκις
1472 1665 1664 1700 ἐκτραπέντων
1679 1665 1726 1691 καὶ
1740 1666 1868 1700 ἐπιστρε-

1081 1708 1209 1742 φομένων
1225 1708 1309 1742 ἡδέως
1324 1709 1465 1745 ἀντείχετο
1478 1730 1485 1742 ,
1506 1711 1553 1736 καὶ
1571 1710 1768 1745 φιλανθρώπως
1782 1719 1869 1746 προσ-

1080 1753 1188 1788 εδέχετο
1200 1774 1208 1786 ,
1235 1753 1288 1785 ἓως
1311 1752 1342 1781 οὗ
1363 1754 1476 1791 ὕστερον
1493 1756 1521 1782 ὲν
1535 1756 1574 1791 τῷ
1590 1756 1702 1791 μεγάλῳ
1716 1755 1870 1792 παραπτώ-

1082 1807 1148 1834 ματι
1171 1799 1339 1835 εὑρέθησαν,
1366 1803 1460 1836 χεῖρας
1482 1802 1656 1835 ἐπιϐαλόντες
1679 1801 1726 1828 ἐπὶ
1743 1803 1787 1828 τὸν
1801 1802 1870 1829 ἴδιον

1080 1845 1234 1880 Δεσπότην,
1260 1846 1289 1873 ὃν
1307 1847 1479 1881 προσεδόκων
1494 1847 1538 1874 διὰ
1552 1847 1726 1882 παραδόσεων
1738 1848 1871 1883 Πατέρων

1081 1893 1127 1918 καὶ
1143 1892 1291 1927 προφητῶν
1305 1893 1391 1927 ἁγίων
1406 1892 1548 1928 λυτρωτὴν
1564 1894 1611 1919 καὶ
1621 1893 1746 1928 Σωτῆρα,
1762 1893 1809 1919 καὶ
1823 1893 1872 1928 βα-

1082 1937 1169 1969 σιλέα,
1187 1938 1234 1964 καὶ
1246 1938 1402 1974 προφήτην.
1422 1938 1549 1965 Ἐλθόντα
1565 1939 1618 1973 γὰρ
1633 1939 1662 1965 οὐ
1676 1939 1869 1974 παρεδέξαντο,

1081 1981 1150 2008 ἀλλὰ
1171 1983 1328 2010 τούναντίον
1351 1983 1437 2010 πολλὰ
1462 1984 1537 2018 αὐτῷ
1558 1984 1739 2018 ὲνδειξάμενοι
1759 1984 1873 2018 ἀτιμίας

1081 2028 1162 2061 ἄξια,
1184 2028 1298 2065 ὕστερον
1319 2030 1429 2065 σταυρῷ
1447 2029 1562 2056 θανάτου
1579 2030 1803 2065 ἐτιμωρήσαντο,
1824 2029 1872 2055 καὶ.

1082 2076 1110 2101 ὲν
1132 2075 1221 2110 τούτῳ
1245 2076 1284 2110 τῷ
1307 2076 1418 2112 μεγάλῳ
1440 2077 1649 2111 προσκόμματι,
1669 2076 1715 2102 καὶ
1731 2075 1870 2111 ὑπερόάλο

1082 2121 1154 2146 λοντι
1167 2120 1384 2156 παραπτώματι,
1403 2121 1431 2148 αι
1445 2121 1577 2156 ἁμαρτίαι
1592 2121 1681 2147 αὐτῶν
1694 2120 1870 2155 ὑπερπληθύ-

1083 2175 1163 2192 νασαι
1187 2166 1440 2202 άνεπληρώθησαν,
1471 2167 1518 2193 καὶ
1540 2166 1611 2193 οὕτω
1634 2167 1727 2193 λοιπὸν
1742 2168 1782 2197 εὶς
1795 2167 1872 2197 τέλος

1082 2211 1252 2247 ἀφείθησαν,
1279 2212 1326 2239 τοῦ
1345 2213 1422 2246 ἁγίου
1438 2212 1594 2247 Πνεύματος
1609 2212 1715 2239 ἐκεῖθεν
1726 2213 1872 2247 ἀναχωρή-

240 2245 333 2276 velum
348 2249 442 2284 templi
456 2249 604 2277 discissum
616 2250 712 2277 est.Et
722 2251 763 2278 sic
775 2250 883 2278 illorum
898 2251 1026 2286 templum

1084 2265 1178 2288 σαντος
1188 2278 1195 2289 ,
1215 2258 1259 2283 ὅτε
1275 2257 1307 2283 τδ
1320 2257 1524 2292 καταπέτασμα
1538 2257 1584 2283 τοῦ
1597 2256 1662 2283 ναοῦ
1675 2256 1799 2292 ἐσχίσθη.
1818 2256 1873 2281 Καὶ

241 2295 372 2330 gentibus
395 2295 543 2329 traditum,
559 2296 726 2324 subversum
747 2301 776 2324 et
796 2296 950 2324 desolatam
973 2303 1029 2330 est,

240 2342 392 2369 secundum
406 2343 514 2370 Domini
527 2343 630 2371 dictum
650 2353 656 2370 :
669 2343 728 2371 Non
737 2343 900 2379 relinquetur
910 2345 951 2372 hic
963 2345 1031 2380 lapis

241 2397 321 2423 super
335 2388 464 2423 lapidem,
478 2390 525 2425 qui
547 2399 600 2417 non
614 2390 765 2417 destruetur
773 2390 805 2417 ⁸⁵.
820 2391 854 2418 Et
869 2391 910 2418 sie
926 2392 953 2418 in
967 2399 1032 2426 pcr-

242 2437 354 2468 pctuum
369 2434 462 2462 traditi
474 2439 538 2462 sunt
550 2435 688 2470 gentibus,
707 2440 735 2463 et.
748 2436 865 2471 dispersi
880 2437 908 2464 in
921 2444 1030 2465 omnem

241 2484 343 2506 terram
361 2487 376 2506 a
394 2480 520 2515 regibus,
536 2489 584 2508 eos
605 2486 670 2509 tunc
690 2483 717 2508 in
739 2482 926 2517 captivitatem
944 2483 1031 2511 abdu-

241 2525 468 2558 centibus,adeo
486 2531 515 2554 ut
534 2527 561 2554 in
579 2528 691 2562 propria
708 2529 767 2556 loca
790 2529 908 2564 amplius
929 2530 1032 2557 reverti

242 2572 355 2598 omnino
368 2572 402 2598 iis
415 2572 586 2606 prohibitum
602 2574 646 2600 sit.

275 2616 347 2644 XXI.
364 2617 409 2645 Sic
427 2618 512 2653 igitur
524 2623 553 2646 et
568 2628 641 2647 nunc
657 2620 731 2647 Deus
748 2620 837 2647 bonus
852 2626 880 2648 et
895 2621 1032 2656 benignus

243 2663 425 2698 longanimem
451 2672 481 2691 se
506 2670 619 2700 praestat
642 2673 707 2701 erga
733 2674 957 2702 unumquemque
984 2675 1033 2694 no-

243 2713 349 2741 strum,
377 2709 474 2736 videns
508 2714 641 2744 quantum
674 2711 791 2745 quisque
821 2711 974 2746 impingat;
1005 2716 1033 2739 et

242 2754 360 2788 quiescit
372 2760 544 2789 exspectans,
558 2756 668 2790 quando
684 2756 837 2791 resipiscat,
851 2761 878 2784 et
890 2762 1032 2784 avertatur

1084 2303 1170 2335 οὕτως
1184 2303 1273 2331 αὐτῶν
1287 2304 1302 2330 ό
1320 2303 1383 2335 ναὸς
1408 2303 1496 2330 ἔθνεσι
1518 2302 1678 2338 παραδοθεὶς
1698 2303 1871 2336 κατεσκάφη,

1082 2349 1130 2376 καὶ
1145 2348 1281 2384 ἠρημώθη
1297 2348 1367 2375 κατὰ
1382 2348 1432 2383 τὴν
1445 2348 1492 2375 τοῦ
1505 2349 1607 2383 Κυρίου
1622 2348 1769 2383 ἀπόφασιν·
1780 2348 1872 2382 οῠμὴ

1080 2396 1169 2430 μείνῃ
1182 2396 1267 2428 λίθος
1279 2396 1329 2422 ἐπὶ
1341 2397 1428 2423 λίθον
1438 2393 1507 2427 ὦδε,
1523 2396 1557 2428 ὃς
1571 2396 1606 2422 οὐ
1619 2395 1872 2427 καταλυθήσεται.

1083 2443 1138 2469 Καὶ
1161 2442 1249 2473 οὕτως
1271 2443 1311 2473 εἰς
1329 2442 1406 2474 τέλος
1424 2441 1615 2477 παρεδόθησαν
1631 2443 1687 2473 τοῖς
1702 2441 1790 2467 ἔθνεσι
1802 2461 1809 2471 ,
1826 2441 1874 2467 καὶ

1083 2488 1330 2523 διεσκορπίσθησαν
1353 2489 1383 2515 ἐν
1405 2488 1480 2524 πάσῃ
1498 2489 1532 2523 τῇ
1547 2489 1581 2523 γῇ
1598 2487 1651 2514 ὑπὸ
1666 2487 1720 2513 τῶν
1734 2486 1873 2521 αἰχμαλω-

1083 2535 1216 2562 τισάντων
1239 2534 1337 2565 αὐτοὺς
1362 2535 1423 2561 τότε
1444 2533 1593 2569 βασιλέων,
1624 2533 1722 2568 μηκέτι
1748 2533 1788 2563 εἰς
1811 2531 1875 2563 τοὺς

1084 2580 1165 2611 ἰδίους
1180 2579 1341 2614 ἀνακάμψαι
1357 2580 1456 2610 τόπους
1471 2579 1670 2610 κελευσθέντες.

1121 2626 1184 2652 KA'.
1208 2625 1301 2657 Οὕτως
1311 2624 1359 2652 οὗν
1373 2625 1419 2652 καὶ
1430 2625 1478 2651 νῦν
1492 2625 1536 2659 ἐφ’
1547 2625 1653 2659 ἑκάστῳ
1666 2623 1744 2658 ἡμῶν
1758 2622 1875 2658 χρηστὸς

1085 2668 1123 2695 ὣν
1153 2670 1199 2695 καὶ
1221 2670 1341 2703 ἀγαθὸς,
1369 2669 1557 2705 μακροθυμεῖ,
1583 2669 1654 2704 δρῶν
1674 2668 1744 2694 πόσα
1759 2668 1874 2697 ἕκαστος

1086 2715 1263 2749 προσκόπτει,
1277 2716 1323 2741 καὶ
1332 2715 1464 2751 ἡσυχάζει
1475 2715 1660 2749 ἐκδεχόμενος,
1667 2714 1731 2739 ποτε
1740 2712 1873 2747 διανήψει,

1086 2760 1133 2786 καὶ
1159 2761 1399 2796 ἀποστραφήσεται
1425 2761 1473 2788 τοῦ
1500 2761 1599 2797 μηκέτι
1620 2759 1820 2794 προσκόπτειν,
1845 2758 1874 2783 ὲν

245 2807 261 2826 a
280 2800 486 2828 committendis
505 2803 642 2836 peccatis,
660 2802 795 2836 recipiens
811 2810 875 2829 eum
893 2811 907 2830 a
926 2808 1026 2837 peccati

1077 2806 1161 2838 πολλῇ
1182 2806 1275 2842 ἀγάπῃ
1301 2809 1348 2834 καὶ
1371 2809 1443 2843 χαρᾷ
1466 2808 1513 2834 τὸν
1535 2806 1733 2841 ἐπιστρέφοντα
1756 2804 1811 2832 ἀπὸ
1826 2803 1874 2838 τῆς

279 2893 301 2909 “
313 2893 391 2920 Rom.
406 2902 434 2927 ιι,
446 2895 473 2921 ft.
512 2895 533 2910 ⁸³
546 2894 614 2922 ibid.
635 2896 660 2922 5.
699 2895 722 2912 δ”
733 2896 812 2924 Rom.
825 2904 862 2930 ix,
876 2897 901 2929 4,
915 2897 940 2924 ὅ.

979 2899 1000 2914 ⁸⁵
1013 2897 1108 2925 Matth.
1121 2905 1193 2931 xxrv,
1204 2899 1231 2925 "2.
