2064 3152
208 149 265 182 (89

827 157 1010 188 iIOMlLIE.
1026 172 1059 178 --
1071 160 1165 190 IIOM.
1186 159 1234 191 IV.

1790 168 1842 201 490

210 204 512 255 αμαρτίαςβεχόμενος.
533 205 611 234 Οὕτω
626 208 678 243 γάρ
694 218 771 246 φησι·
792 211 874 244 Χαρὰ
889 212 1001 246 γίνεται

1053 223 1216 244 conversum
1240 223 1304 243 eum
1329 223 1425 253 magna
1447 217 1594 246 dilectione
1618 223 1646 246 ct
1667 220 1777 255 gaudio.
1798 223 1843 251 Sic

209 250 257 277 ἐπί
269 250 313 277 ἑνὶ
337 250 499 285 ἁμαρτωλῷ
509 254 706 286 μετανοοῦντι
717 263 723 268 ·
755 257 802 283 καὶ
823 258 904 284 πάλιν
919 267 926 274 ·
941 259 1002 286 Οὐκ

209 296 273 323 ἔστι
297 295 411 331 θέλημα
433 298 486 324 τοῦ
499 299 614 333 Πατρός
636 309 707 335 μου,
730 303 781 330 ἵνα
795 304 945 338 ἀπόληται
959 303 1003 339 εἷς

211 342 270 370 τῶν
281 344 397 378 μικρῶν
409 345 523 372 τούτων
537 347 598 374 τῶν
609 348 788 383 ἐλαχίστων.
808 352 839 378 Et
853 352 881 378 δέ
896 361 939 384 τις
951 353 1002 386 τῆς

211 389 395 424 χρηστότητος
412 390 460 417 καὶ
474 392 666 428 μακροθυμίας
680 395 727 422 τοῦ
741 396 808 423 Θεοῦ
826 398 924 433 πολλῆς
941 399 1002 424 επι-

211 434 341 470 κειμένης
367 435 411 462 ὲπ*
432 436 521 471 αὐτῷ,
549 438 588 473 μὴ
607 440 822 477 ὲπεξερχομένου
839 443 878 475 είς
895 443 1002 478 ἄμυναν

209 480 266 528 τοῖς
289 481 360 508 κατὰ
385 481 467 528 μέρος
488 482 541 528 τῶν
556 484 764 520 ἁμαρτημάτων
778 488 1001 528 προεξκόμμασιν,

210 524 265 550 εἴτε
292 527 441 560 κρυπτοῖς,
467 527 524 553 εἴτε
546 530 685 562 φανεροῖς,
703 530 821 564 ὁρῶντος
838 524 885 558 καὶ
899 532 1002 567 ἡσυχά-

211 569 303 601 ζοντος
318 570 355 600 ὡς
369 570 408 602 είς
425 571 570 605 μετάνοιαν
583 573 761 609 ὲκρεχομένου
776 576 822 602 τοῦ
832 576 910 607 Θεοῦ,
922 577 1002 608 αὐτὸς

211 614 251 646 είς
265 615 467 650 καταφρόνησιν
482 617 582 652 πολλὴν
597 618 681 645 ἐλθὼν
691 639 698 651 ,
717 621 903 656 ἁμαρτήματα
918 631 1002 657 προσ-

212 659 318 694 τίθησιν
345 661 391 687 ἐπὶ
413 661 621 697 ἁμαρτήματα,
649 665 697 692 καὶ
723 666 860 701 ρᾳθυμίαν
885 667 931 693 ἐπὶ
953 669 1002 703 ρᾳ-

213 705 314 740 θυμίαν
339 708 489 741 συνάπτει,
517 710 563 736 καὶ
585 711 753 746 πρόσκομμα
771 713 818 739 ἐπὶ
836 714 1003 749 πρόσκομμα

212 751 358 787 οἰκοδομεῖ,
379 753 480 788 πληροῖ
493 755 556 786 τοὺς
569 756 649 790 ὄρους
663 756 718 783 τῶν
731 758 883 794 ἁμαρτιῶν,
902 761 949 787 καὶ
963 761 1003 793 εἰς

212 797 339 824 τοσοῦτον
362 799 455 826 λοιπὸν
480 801 648 837 πρόσκομμα
674 803 799 838 ἔρχεται,
820 805 849 838 ἐξ
864 803 895 832 οἶι
911 806 1002 833 οὐκέτι

212 841 323 869 δύναται
345 843 512 878 ἀνανεῦσαι,
539 846 606 874 ἀλλὰ
625 849 798 884 συντρίϐεται
815 851 861 876 καὶ
876 852 915 883 είς
928 852 1002 883 τέλος

212 887 250 922 τῷ
265 889 376 924 πονηρῷ
391 891 555 925 παραδοθεὶς
570 893 729 921 ἀπόλλυται.

248 934 310 962 ΚΒ’.
318 934 410 967 Οὕτως
417 937 463 962 ἐπὶ
472 937 596 973 Σοδόμων
604 939 708 974 γέγονε.
718 941 807 967 Πολλὰ
814 942 867 977 γὰρ
876 943 1001 978 ἁμαρτά-

211 987 302 1011 νοντες
324 981 373 1007 καὶ
394 981 444 1008 οὐκ
458 982 685 1019 ἐπιστρέφοντες,
703 986 816 1022 ὕστερον
831 987 903 1014 οὕτω
916 998 1001 1023 προσ-

213 1027 313 1062 έκοψαν
338 1029 385 1055 ἐπὶ
405 1031 438 1065 τῇ
461 1031 515 1057 τῶν
535 1032 660 1065 ἀγγέλων
680 1035 753 1069 κακῇ
769 1034 869 1071 βουλῇ,
888 1037 1001 1072 ὀρρενο-

212 1076 316 1102 κοιτίαν
342 1077 383 1108 είς
405 1078 504 1111 αὐτοὺς
529 1079 698 1114 ἐργάσασθαι
724 1081 905 1117 θελήσαντες,
931 1084 1002 1111 ὥστε

214 1121 312 1155 μηκέτι
338 1123 437 1155 αὐτοὺς
467 1123 539 1159 ἔχειν
566 1126 732 1160 μετάνοιαν,
767 1128 833 1155 ἀλλ’
861 1130 900 1161 εις
925 1130 1002 1161 τέλος

211 1167 481 1204 ἀπεδοκιμάσοησαν.
509 1171 720 1208 ’Δνεπλήρωσαν
735 1175 790 1209 γὰρ
810 1176 855 1202 τὸν
869 1176 932 1210 ὅρον
946 1176 1001 1202 τῶν

212 1214 368 1249 ἁμαρτιῶν,
395 1216 443 1242 καὶ
466 1217 655 1252 ὑπερέϐησαν·
685 1219 725 1246 διὸ
751 1221 798 1247 καὶ
820 1223 1001 1257 πυρίκαυστοι

211 1259 263 1285 ὑπὸ
279 1261 329 1296 τῆς
346 1261 421 1293 θείας
436 1262 513 1297 δίκης
530 1264 675 1297 γεγόνασιν
686 1273 693 1280 ·
715 1266 801 1298 οὕτως
815 1268 863 1294 καὶ
879 1268 924 1294 ἐπὶ
939 1268 1001 1295 Νῶε

210 1305 320 1339 γέγονε,
338 1308 557 1342 προσκόπτοντες
573 1309 660 1337 πολλὰ
675 1312 721 1337 καὶ
737 1313 944 1347 μετανοοῦντες,
961 1315 1001 1346 είς

210 1352 361 1388 τηλικαῦτα
385 1354 575 1390 ἁμαρτήματα
602 1356 740 1391 ἔφθασαν,
770 1358 839 1385 ὥστε
864 1361 904 1391 εὶς
924 1360 1001 1392 τέλος

211 1399 299 1424 πᾶσαν
323 1398 371 1434 τὴν
394 1400 446 1434 γῆν
471 1401 693 1437 καταφθαρῆναι.
712 1403 807 1436 Οὕτως
822 1405 869 1431 καὶ
885 1406 1000 1433 ἐπὶτῶν

210 1443 366 1477 Αἰγυπτίων
391 1445 477 1472 πολλὰ
500 1447 732 1482 προσκοψάντων,
754 1449 802 1476 καὶ
819 1450 860 1481 είς
875 1450 922 1477 τὸν
936 1450 1001 1479 λαὸν

209 1489 256 1516 τοῦ
278 1489 346 1516 Θεοῦ
371 1490 609 1527 ἁμαρτησάντων,
635 1493 816 1529 ἐχρηστεύετο
839 1496 853 1523 ὁ
872 1496 938 1529 Θεὸς
962 1498 999 1533 μὴ

1053 261 1127 289 enim
1143 261 1233 296 inquit
1250 270 1257 289 :
1275 262 1407 290 Gaudium
1421 263 1452 297 fit
1466 272 1547 299 super
1559 273 1612 293 uno
1628 270 1763 300 peccatore
1779 269 1844 295 resi-

1053 308 1207 342 piscente“.
1219 308 1253 335 Et
1264 316 1373 336 rursum
1390 317 1397 335 :
1411 309 1469 336 Non
1482 311 1551 337 enim
1567 316 1604 338 est
1616 311 1738 340 voluntas
1753 313 1842 341 Patris

1054 353 1119 384 mei,
1136 356 1164 379 ut
1181 357 1271 387 pereat
1290 361 1356 380 unus
1375 361 1406 380 ea:
1427 352 1544 389 paruulis
1561 356 1618 383 istis
1636 357 1752 384 minimis
1763 358 1797 385 ⁸⁷.
1813 359 1842 387 Si

1053 405 1119 426 vero
1133 399 1195 433 quis
1213 398 1316 434 ingenti
1334 407 1398 434 erga
1414 407 1443 427 se
1460 400 1582 429 bonitate
1599 409 1631 429 ac
1648 403 1763 431 lenitate
1780 405 1840 435 Dei.

1053 445 1100 480 qui
1129 445 1157 472 in
1183 445 1334 472 vindictam
1363 447 1532 481 singulorum
1564 454 1758 482 peccatorum,
1787 455 1842 478 tam

1053 490 1224 517 occultorum
1240 497 1321 524 quam
1338 490 1559 523 manifestorum,
1574 499 1627 519 non
1642 493 1778 527 procedit,
1793 493 1842 520 sed

1053 540 1175 570 spectat,
1191 539 1279 567 tacet.
1292 543 1324 562 ac
1344 540 1472 571 tanquam
1492 537 1681 571 poenilentiam
1700 539 1842 573 priestola<

1055 586 1111 614 tur,
1126 581 1244 614 abusus,
1259 589 1293 609 eo
1314 582 1495 609 contumacia:
1517 583 1664 617 procedat,
1679 589 1710 610 ut
1728 591 1841 619 peccala

1053 629 1177 663 peccatis
1190 632 1323 662 apponat,
1336 633 1362 655 et
1379 628 1532 655 socordiam
1549 629 1684 656 socordia:
1695 635 1824 657 anneetat
1833 650 1840 663 ,

1053 678 1082 700 ct
1096 673 1228 700 oll‘ensam
1245 674 1357 701 oil‘ensxe
1372 673 1589 708 supermdilicet,
1603 674 1648 701 ille
1661 682 1757 701 omnes
1774 674 1843 702 lines

1054 719 1156 754 peccati
1175 719 1280 754 implet,
1292 724 1320 746 et
1333 722 1360 747 in
1377 725 1479 747 tantam
1494 720 1670 755 iniquitatem
1685 720 1794 753 incidit,
1808 728 1843 748 ex

1054 773 1107 800 qua
1128 773 1268 801 cmergere
1288 773 1341 792 non
1364 766 1466 800 possit.
1479 767 1527 794 sed
1549 767 1714 798 conteritur,
1728 771 1755 794 et
1771 767 1843 794 malo

1055 812 1081 839 in
1098 816 1261 847 perpetuum
1277 812 1410 844 traditus,
1425 813 1508 847 perit.

1090 947 1145 981 20
1168 946 1251 973 XXII.
1270 946 1316 974 Sic
1341 945 1491 974 Sodomitis
1515 947 1643 982 contigit.
1663 948 1746 975 Multa
1769 948 1843 975 enim

1054 1004 1117 1024 cum
1131 999 1302 1031 peccassent,
1316 1002 1366 1022 nec
1379 994 1506 1022 conversi
1521 993 1649 1025 fuissent,
1662 1001 1696 1020 eo
1710 994 1844 1025 criminis,

1054 1042 1090 1069 ob
1115 1041 1265 1076 pessimum
1290 1040 1317 1068 in
1342 1039 1454 1074 angelos
1477 1038 1642 1070 consilium,
1661 1038 1844 1065 masculinum

1054 1089 1157 1115 coitum
1178 1094 1240 1114 cum
1260 1086 1315 1113 illis
1333 1084 1497 1117 exercituri,
1512 1084 1632 1119 prolapsi
1653 1088 1733 1116 sunt,
1747 1088 1777 1111 ut
1793 1091 1844 1111 nec

1054 1133 1173 1168 amplius
1189 1131 1353 1167 pmnitcnlia
1369 1131 1547 1163 ducerentur,
1563 1130 1611 1157 sed
1634 1131 1661 1157 in
1680 1135 1843 1165 perpetuum

1055 1180 1281 1216 reprobarentur.
1292 1179 1478 1213 lmpleverunt
1491 1178 1564 1205 enim
1581 1176 1714 1204 terminos
1726 1177 1841 1211 peccati.

1053 1227 1178 1263 quinimo
1204 1225 1369 1260 transgressi
1392 1228 1468 1251 sunt.
1490 1223 1580 1256 Quare
1606 1222 1662 1257 igni
1688 1229 1722 1248 ex
1747 1221 1843 1248 divino

1050 1273 1156 1309 judicio
1185 1271 1342 1306 consumpti
1369 1273 1444 1297 sunt.
1470 1269 1509 1296 ita
1535 1273 1563 1295 et
1589 1267 1760 1303 temporibus
1785 1267 1843 1294 Noe

1052 1320 1182 1354 contigit,
1195 1318 1279 1345 amita
1294 1324 1357 1344 cum
1373 1316 1477 1343 scelera
1492 1317 1714 1350 perpetrassent,
1729 1320 1782 1339 nec
1800 1320 1843 1340 re-

1052 1366 1218 1402 sipuissent,
1234 1365 1262 1391 in
1279 1368 1352 1391 tanta
1369 1366 1479 1397 peccata
1497 1361 1668 1392 inciderunt,
1685 1364 1716 1386 ut
1733 1359 1842 1386 tandem

1053 1413 1181 1441 universa
1205 1417 1280 1439 terra
1304 1409 1417 1445 periret.
1438 1408 1484 1436 Sic
1508 1407 1536 1435 in
1558 1406 1701 1442 [Egyptios
1725 1405 1842 1432 multum

1053 1459 1226 1487 oﬁ‘endentes
1237 1462 1265 1485 et
1277 1457 1304 1484 in
1319 1456 1367 1483 Dei
1379 1454 1511 1490 populum
1531 1456 1677 1488 peccantes
1697 1451 1844 1479 clementia

1053 1506 1126 1533 Deus
1143 1511 1210 1532 usus
1228 1507 1284 1534 est,
1297 1509 1353 1529 non
1370 1501 1455 1528 tantis
1473 1499 1563 1535 penis
1582 1497 1643 1526 illos
1660 1496 1797 1528 alliciens,
1815 1501 1846 1523 ut

209 1535 336 1568 τοιαύτας
362 1537 454 1570 αὐτοῖς
480 1539 615 1573 μάστιγας
639 1541 795 1576 ἐπιφέρειν,
813 1542 884 1570 ὥστε
901 1544 941 1576 είς
957 1544 999 1571 τέ-

1053 1550 1164 1578 omnino
1178 1548 1303 1584 perirent
1318 1555 1325 1573 :
1341 1546 1388 1574 sed
1403 1545 1436 1572 ad
1450 1543 1669 1579 castigationem.
1683 1541 1845 1568 conversio-

209 1581 254 1614 λος
270 1582 369 1615 αὑτοὺς
383 1583 557 1620 διαφθεῖραι·
584 1585 643 1612 ἀλλ’
663 1588 703 1619 είς
724 1588 858 1622 παιδείαν,
875 1590 923 1616 καὶ
939 1590 1001 1616 ὲπι-

210 1629 345 1664 στροφὴν,
369 1631 418 1657 καὶ
443 1631 586 1666 μετάνοιαν
606 1632 704 1668 ἔφερεν
720 1634 813 1666 αὐτοῖς
831 1635 937 1668 ἐκείνας
950 1637 1000 1668 τὰς

210 1677 312 1712 μικρὰς
324 1677 431 1713 πληγὰς
447 1678 501 1705 τῶν
516 1680 666 1714 μαστίγων,
686 1681 881 1716 μακροθυμῶν.
901 1684 948 1709 καὶ
962 1684 1002 1715 είς

210 1722 354 1757 μετάνοιαν
367 1723 466 1756 αὐτοὺς
480 1725 667 1760 ἐκδεχόμενος.
684 1727 716 1752 Οἱ
727 1727 767 1758 δὲ,
780 1728 866 1755 πολλὰ
878 1730 1003 1765 ἁμαρτή-

209 1777 305 1800 σαντες
331 1769 372 1801 είς
393 1770 438 1796 τὸν
461 1770 523 1797 λαὺν
540 1772 587 1798 τοῦ
603 1771 670 1798 Θεοῦ
681 1793 689 1804 ,
709 1774 756 1800 καὶ
773 1775 1001 1810 ἐπιστρέφοντες,

207 1816 254 1841 καὶ
282 1815 363 1842 πάλιν
396 1817 633 1852 μεταμελόμενοι,
673 1820 720 1846 καὶ
754 1822 795 1852 είς
822 1821 869 1856 τὴν
889 1823 1003 1858 ἀρχαίαν

207 1862 336 1888 ἀπιστίαν
353 1863 401 1898 τῆς
415 1864 505 1898 κακῆς
521 1865 709 1900 προαιρέσεως
724 1867 919 1902 καθιστάμενοι
930 1889 938 1901 ,
956 1870 1004 1896 καὶ

207 1908 251 1935 τὸν
263 1909 327 1935 λαὺν
343 1909 389 1938 τοῦ
407 1909 474 1936 Θεοῦ
493 1913 742 1947 καταπονήσαντες,
761 1912 885 1950 ὕστερον,
903 1915 946 1941 ὅτε
961 1915 1004 1942 διὰ

209 1954 368 1989 θαυμασίων
381 1956 484 1983 πολλῶν
502 1958 517 1983 ὁ
535 1957 601 1989 Θεὸς
623 1958 669 1984 τίαν
681 1959 745 1986 λαὸν
760 1959 790 1992 ἐξ
803 1960 941 1994 Αἰγύπτου
960 1961 1004 1988 διὰ

208 2000 328 2032 Μωσέως
347 2001 472 2035 ἐξέϐαλε,
492 2003 563 2037 μέγα
586 2004 773 2039 προσέκοψαν,
789 2006 1005 2040 καταδιώξαντες

207 2046 294 2074 ὀπίσω
304 2047 353 2074 τοῦ
363 2048 428 2075 λαοῦ
437 2049 483 2075 τοῦ
495 2050 573 2077 Θεοῦ.
590 2051 635 2076 Διὸ
647 2051 693 2077 καὶ
703 2052 743 2082 είς
754 2052 830 2084 τέλος
844 2053 860 2085 ή
873 2052 933 2079 Θεία
943 2053 1004 2089 δίκη

206 2091 317 2124 τούτους
331 2093 454 2128 ἀνήλωσε
469 2094 514 2120 καὶ
524 2094 671 2130 διέφθειρε,
682 2096 728 2122 καὶ
740 2097 768 2121 ὲν
779 2098 835 2127 τοῖς
848 2097 928 2124 ὕδασι
939 2106 1006 2124 κατ’

207 2137 331 2165 επόντισε
341 2158 348 2169 .
372 2140 438 2175 μηδὲ
458 2140 508 2175 τῆς
522 2141 663 2176 όρωμένης
678 2141 751 2177 ζωῆς
769 2142 861 2175 ἀξίους
876 2143 1003 2178 κρίνασα.

243 2185 308 2212 KI".
335 2186 453 2221 Ὁμοίως
478 2188 492 2213 ό
509 2187 632 2223 Ἰσραὴλ,
658 2188 696 2220 ὡς
720 2190 897 2225 προείρηται,
916 2191 1000 2217 πολλὰ

209 2231 389 2265 προσκύπτων
415 2233 464 2258 καὶ
489 2233 670 2268 ἁμαρτάνων,
698 2235 762 2266 τοὺς
785 2236 929 2270 προφήτας
952 2237 999 2263 τοῦ
1016 2223 1038 2250 θ

207 2275 273 2302 Θεοῦ
289 2277 459 2304 ἀποκτείνων
469 2298 477 2310 ,
496 2279 544 2305 καὶ
555 2279 621 2306 ἄλλα
634 2280 720 2307 πολλὰ
734 2281 807 2307 κακὰ
818 2282 904 2308 ποιῶν
913 2302 920 2314 ,
940 2283 1001 2309 ἐπεὶ

206 2322 220 2348 ὀ
236 2321 302 2354 Θεὸς
326 2323 516 2359 ἐμακροθύμει
540 2325 685 2361 ἡσυχάζων
697 2347 704 2358 ,
731 2327 778 2353 καὶ
797 2329 837 2359 εὶς
853 2328 1000 2363 μετάνοιαν

207 2366 306 2399 αὐτοὺς
322 2368 511 2404 ἐκδεχόμενος,
529 2370 644 2406 ἔσχατον
658 2371 730 2399 οὕτω
742 2373 927 2408 προσέκοψαν,
939 2373 1000 2401 ὅθεν

208 2415 397 2451 συντριϐέντες
420 2417 513 2444 οὐκέτι
535 2418 701 2454 ἠγέρθησαν.
723 2420 770 2451 Εἰς
786 2420 816 2446 τὸ
832 2420 1000 2447 Δεσποτικὺν

207 2461 262 2496 γὰρ
284 2462 394 2498 ἀξίωμα
418 2463 467 2496 τὰς
490 2464 595 2491 ἑαυτῶν
615 2467 710 2500 χεῖρας
730 2465 873 2494 ἐπέἤαλον.
892 2466 938 2493 Διὸ
952 2467 1001 2494 καὶ

206 2507 247 2539 είς
268 2508 346 2540 τέλος
370 2509 598 2544 καταλειφθέντες
619 2511 832 2547 ἁπεϐλήθησαν,
857 2512 906 2539 καὶ
929 2512 1000 2548 ήρθη

179 2594 182 2597 _
206 2554 253 2580 ἀπ’
268 2554 359 2581 αὐτῶν
381 2556 398 2590 ἡ
420 2557 589 2591 προφητεία,
612 2558 659 2584 καὶ
678 2559 695 2593 ἡ
716 2559 849 2593 ίερατεία,
863 2559 910 2586 καὶ
923 2559 940 2594 ή
955 2559 1001 2586 λα-

206 2601 295 2636 τρεία,
304 2602 351 2628 καὶ
366 2601 443 2637 ἐδόθη
456 2603 512 2634 τοῖς
524 2603 701 2630 πιστεύσασιν
715 2603 830 2636 ἔθνεσιν,
844 2604 882 2636 ὦς
897 2613 979 2639 φησιν
989 2606 1003 2632 ὁ

208 2646 310 2681 Κύριος
320 2656 324 2662 ·
345 2647 515 2681 Ὰρθήσεται
521 2647 571 2682 ἀφ’
579 2647 663 2682 ὑμῶν
669 2649 688 2682 ἡ
693 2648 849 2680 βασιλεία,
857 2649 906 2676 καὶ
914 2649 1002 2682 δοθή-

208 2698 292 2718 σεται
299 2692 379 2720 ἔθνει
385 2694 521 2720 ποιοῦντι
527 2693 598 2726 τοὺς
604 2694 738 2728 καρποὺς
744 2694 1000 2730 αὑτῆς-,Μέχριγὰρ

209 2736 269 2763 τότε
292 2737 416 2773 ἠνείχετο
438 2739 544 2772 αὐτῶν,
562 2741 608 2766 καὶ
624 2741 638 2766 ὁ
649 2739 714 2770 Θεὸς
728 2740 933 2775 ὲμακροθύμει,
951 2741 998 2767 καὶ

210 2782 259 2809 uix
269 2783 402 2817 ἀφίστατο
414 2785 648 2820 σπλαγχιζόμενος
670 2785 820 2818 ὲπάὑτούς
831 2794 837 2800 ·
849 2787 890 2813 ὃτι
905 2786 933 2812 δὲ
950 2787 998 2812 ἁν-

1052 1603 1114 1623 nem
1134 1599 1162 1622 et
1179 1592 1370 1629 pmnitentiam
1392 1590 1490 1618 inﬂixit
1511 1588 1579 1624 ipsis
1599 1588 1711 1622 exiguas
1731 1587 1781 1614 has
1799 1586 1846 1614 tia-

1052 1642 1185 1677 gellorum
1201 1640 1308 1674 plagas,
1325 1637 1439 1673 patienti
1457 1636 1550 1663 animo
1567 1639 1730 1668 exspectans
1747 1640 1844 1660 eorum

1053 1686 1282 1723 resipiscenliam.
1304 1685 1405 1712 Verum
1430 1683 1475 1715 hi,
1496 1689 1558 1709 cum
1583 1680 1679 1708 multis
1703 1679 1792 1706 modis
1818 1679 1846 1706 in

1053 1733 1184 1768 populum
1208 1730 1257 1758 Dei
1281 1732 1459 1765 peccassent,
1476 1732 1505 1755 et
1528 1726 1562 1754 ad
1587 1726 1674 1753 Deum
1697 1731 1847 1752 conversos

1053 1776 1228 1813 postmodum
1242 1773 1434 1803 conversionis
1445 1772 1602 1807 paeniteret,
1611 1775 1639 1798 et
1651 1770 1677 1797 in
1692 1770 1847 1797 inveterata

1054 1830 1145 1859 pravm
1166 1821 1318 1849 voluntatis
1342 1819 1494 1846 dillidentia
1518 1817 1571 1852 ipsi
1596 1816 1845 1847 constituerentur,

1055 1870 1242 1905 populumque
1264 1867 1311 1894 Dei
1333 1864 1466 1893 molestiis
1485 1864 1543 1891 iere
1563 1863 1768 1898 opprimerent,
1785 1866 1846 1888 tau-

1054 1916 1134 1948 dem,
1156 1921 1218 1942 cum
1241 1921 1292 1948 per
1315 1911 1437 1947 ingentia
1461 1910 1593 1937 miracula
1617 1909 1690 1936 Deus
1712 1907 1845 1942 populum

1055 1969 1135 1990 suum
1162 1968 1196 1988 ex
1219 1959 1336 1994 [Egypto
1360 1965 1410 1992 per
1433 1956 1526 1984 Mosen
1549 1955 1700 1985 educeret.
1725 1952 1846 1988 graviter

1055 2009 1226 2042 peccarunt,
1248 2006 1447 2039 persequentes
1473 2008 1489 2027 a
1516 2005 1593 2034 tergo
1622 1998 1754 2034 populum
1784 1997 1845 2024 Dci.

1055 2053 1228 2086 Quapropter
1243 2050 1354 2078 demum
1368 2047 1502 2084 judicium
1517 2045 1643 2073 divinum
1659 2044 1720 2071 illos
1736 2042 1846 2078 penitus

1055 2097 1228 2132 consumpsit
1238 2101 1267 2124 et
1279 2095 1396 2127 delevit,
1408 2098 1438 2122 et
1450 2092 1529 2128 aquis
1542 2092 1656 2120 obrutos
1670 2098 1705 2118 ne
1717 2089 1770 2117 hac
1781 2089 1844 2124 qui-

1055 2144 1118 2172 dem
1131 2143 1186 2170 vita
1201 2143 1329 2177 dignatus
1343 2143 1395 2167 est.

1091 2189 1187 2218 XXIII.
1197 2188 1301 2216 Eodem
1315 2186 1396 2214 modo
1408 2184 1527 2220 populus
1538 2182 1631 2214 lsrael,
1641 2185 1671 2208 ut
1682 2180 1846 2216 praedictum

1052 2242 1105 2270 est,
1118 2244 1182 2264 cum
1197 2234 1294 2263 multis
1308 2231 1501 2267 iniquitatibus
1516 2233 1544 2256 ct
1558 2227 1677 2264 peccatis
1692 2235 1721 2254 se
1735 2226 1844 2262 pollue-

1051 2288 1103 2315 ret,
1117 2280 1287 2310 interﬁciens
1303 2277 1453 2314 prophetas
1467 2275 1527 2307 Dei,
1539 2279 1567 2302 et
1583 2274 1635 2301 alia
1648 2273 1782 2304 facinora,
1797 2272 1842 2298 in-

1052 2328 1128 2355 ﬁnita
1145 2330 1323 2362 perpetrans,
1339 2323 1404 2358 quia
1421 2323 1494 2349 Deus
1511 2321 1656 2355 quiescens
1667 2339 1673 2351 ,
1688 2323 1716 2345 et
1731 2318 1841 2344 illorqu

1050 2372 1242 2410 paenitentiam
1262 2373 1440 2404 exspectans,
1457 2367 1570 2395 lenitate
1594 2365 1681 2393 multa
1701 2364 1842 2393 utebatur,

1052 2409 1163 2448 tandem
1175 2419 1212 2445 ita
1222 2419 1382 2453 peccarunt.
1392 2419 1423 2442 ut
1432 2413 1542 2442 contriti
1557 2420 1612 2439 non
1626 2409 1842 2440 resurrexerint;

1051 2465 1188 2501 siquidem
1204 2464 1232 2491 in
1248 2462 1418 2490 Dominicam
1437 2460 1607 2494 majestatem
1625 2464 1723 2483 manus
1739 2455 1844 2490 injecc-

1051 2500 1124 2539 rant.
1146 2509 1281 2543 Quocirca
1309 2508 1336 2534 in
1363 2510 1525 2542 perpetuum
1556 2503 1657 2531 deserti
1687 2509 1720 2529 ac
1746 2500 1842 2536 rejeeti

1052 2561 1126 2589 sunt,
1141 2560 1169 2583 et
1183 2555 1273 2582 ablata
1290 2553 1324 2580 ab
1341 2553 1396 2580 illis
1411 2555 1455 2579 est
1470 2549 1625 2585 prophetia,
1642 2546 1840 2575 sacerdotium,

1052 2608 1081 2632 et
1092 2603 1184 2631 cultus
1199 2601 1258 2633 Dei,
1271 2605 1299 2628 et
1312 2600 1376 2627 data
1390 2602 1455 2625 sunt
1466 2606 1497 2624 ea
1511 2595 1640 2631 gentibus
1653 2592 1842 2623 credentibus,

1056 2651 1129 2679 sicut
1148 2649 1187 2676 ait
1205 2647 1338 2675 Dominus
1361 2655 1368 2672 :
1389 2644 1531 2679 Auferetur
1550 2652 1565 2669 ιι
1587 2641 1657 2668 vobis
1679 2647 1803 2674 regnum,
1822 2642 1847 2664 et

1056 2696 1161 2723 dabitur
1176 2694 1246 2730 genti
1261 2693 1362 2727 fructus
1379 2691 1434 2725 ejus
1452 2688 1559 2724 facienti
1570 2687 1602 2714 ⁵⁸.
1618 2686 1757 2713 Hactenus
1771 2682 1846 2730 enim

1057 2727 1228 2768 sustinuerat
1240 2738 1302 2765 illos
1316 2737 1399 2768 Dens,
1413 2742 1464 2762 nec
1479 2733 1642 2761 destituerat
1657 2731 1718 2758 illos
1729 2737 1763 2757 ex
1778 2727 1846 2755 inti-

1053 2786 1107 2814 mis
1127 2784 1281 2813 visceribus
1304 2790 1399 2811 eorum
1425 2780 1563 2809 misertus.
1587 2777 1724 2812 Quoniam
1748 2779 1843 2802 autem

247 2872 267 2887 "
279 2872 346 2900 Luc.
360 2881 404 2908 xv,
420 2873 460 2901 10.
498 2874 520 2888 “
534 2873 629 2902 Matth.
643 2883 719 2908 xvnl,
732 2875 774 2903 Η.
814 2875 836 2891 ⁸⁸
848 2875 944 2903 Matth.
959 2883 1015 2909 ut,
1027 2875 1071 2903 45.
