2064 3152
215 149 262 182 491

837 150 868 184 S.
888 150 1048 183 MACARII
1068 151 1228 183 EGYPTII

1797 149 1850 182 492

216 206 400 241 nnplcvcrunt
412 206 559 234 terminum
572 207 690 241 peccati.
703 207 758 235 imo
770 208 899 236 manibus
912 209 1006 237 Domi-

1062 209 1226 245 επλήρωσαν
1242 209 1288 235 τὸν
1309 209 1370 245 ὅρον
1385 208 1438 236 τῶν
1453 207 1606 244 ἁμαρτιῶν,
1619 207 1667 235 καὶ
1683 207 1850 243 ὑπερεπλεό-

217 253 284 280 nicaa
301 253 434 288 majcstati
453 253 562 288 injectis
580 255 742 289 transgressi
762 260 841 288 sunt,
858 255 887 282 in
907 263 1007 290 perpe-

217 303 294 326 tuum
310 307 325 326 a
342 300 396 325 lleo
411 303 476 326 sunt
488 298 601 326 deserti.

251 345 345 372 XXIV.
359 344 509 375 Craterum.
524 345 634 378 dilecti,
649 345 706 373 haec
721 346 861 381 copiosius
875 346 1008 374 disserui-

217 399 293 421 mus,
311 399 344 416 υς
367 390 454 417 sacris
478 390 591 418 Litteris
614 396 786 424 astruentes,
803 396 932 426 oportere
958 399 1008 420 nos

217 436 340 463 converti
364 435 497 468 celerius,
515 441 542 463 et
563 436 694 464 festinare
717 437 752 464 ad
779 437 940 469 Dominum,
960 437 1008 472 qui

216 482 368 508 clementer
389 485 530 516 exspectat
551 490 615 513 nos,
633 487 661 509 ct
679 483 714 509 ab
734 483 807 510 omni
830 483 964 518 pravitate
981 488 1009 510 et

217 528 457 562 przcoccupatione
486 528 555 554 mala
582 529 692 563 penitus
720 529 882 557 recedentes
909 537 1008 565 magno

217 579 279 598 cum
301 572 402 606 gaudio
425 573 537 607 recipit,
553 581 587 600 ne
607 579 775 609 exaugeatur
796 575 821 601 in
839 575 920 602 nobis
941 583 1008 603 con-

217 623 339 652 temptus
360 619 394 645 de
417 619 461 646 die
483 620 508 645 in
531 619 618 651 diem,
637 625 664 647 et
685 625 796 655 peccata
818 621 959 648 cumulata
981 620 1008 648 in

218 672 268 690 nos
288 664 459 695 redundent,
475 670 503 691 ct
520 665 555 691 ob
573 665 599 692 id
619 665 686 692 iram
704 666 825 692 divinam
843 667 924 693 nobis
942 667 1009 701 ipsis

218 717 402 737 accersamus.
417 710 517 737 Demus
531 711 612 745 igitur
624 719 746 745 operarii,
761 716 790 738 ut
803 713 930 739 conversi
946 720 1008 739 cum

218 763 283 782 vero
297 755 380 783 corde
395 755 427 782 ad
443 764 506 783 eum
523 756 696 789 accedamus,
710 765 764 783 non
779 757 960 792 desperantes
974 757 1009 784 de

218 801 306 827 salute
321 800 404 835 (quod
417 801 528 827 malitim
541 806 567 827 et
579 801 724 835 pravitatis
737 803 879 836 proprium
893 803 945 837 est)
961 810 1009 837 per

220 846 439 873 recordationem
467 847 694 881 pratvcnientium
724 853 921 882 peccatorum.
948 857 1009 883 qute

220 891 358 918 hominem
376 892 408 918 ad
426 892 658 926 desperationem,
675 893 708 920 ad
726 894 891 926 socordiam,
907 894 941 921 ad
960 903 1008 922 ne-

219 938 376 972 gligentiam
399 943 426 965 et
443 938 476 965 ad
495 938 638 973 segnitiem
658 939 788 974 adigunt,
807 947 840 967 ne
860 948 1011 968 conversus

220 983 251 1010 ad
269 984 413 1011 Dominum
428 984 551 1015 accedat,
567 989 594 1011 et
610 985 708 1012 salutis
725 985 862 1021 particeps
876 986 932 1019 fiat,
947 994 1009 1014 cum

221 1035 310 1057 tamen
333 1037 440 1057 summa
463 1030 620 1065 benignitas
644 1032 738 1066 generi
766 1032 888 1059 humano
913 1041 928 1059 a
954 1033 1011 1060 Deo

220 1077 360 1111 proposita
379 1077 424 1103 sit.

257 1174 337 1201 XXV.
355 1173 433 1207 Quod
450 1174 472 1201 si
492 1181 558 1201 vero
576 1174 651 1202 velut
668 1174 777 1201 dilIiciIc
796 1179 824 1202 ct
842 1175 1010 1210 impossibile

220 1221 301 1247 nobis
313 1221 452 1251 videatur,
465 1227 515 1247 nos
527 1228 541 1247 a
554 1227 648 1255 magna
664 1225 838 1255 peccatorum
854 1222 924 1248 mole
937 1222 1012 1249 velut

220 1273 426 1302 pratoecupatos
439 1267 576 1298 converti,
591 1267 676 1302 quod,
694 1271 724 1294 ut
738 1267 925 1302 prtediximus,
942 1268 1013 1295 indi-

221 1314 293 1340 cium
312 1312 432 1345 malilim,
448 1317 476 1339 et
493 1313 720 1347 impedimentum
738 1313 835 1340 salutis
850 1317 1010 1347 nostraeest,

220 1360 399 1387 recordemur
413 1363 441 1386 et
455 1359 669 1394 perpendamus,
682 1359 822 1393 quomodo
838 1360 970 1388 Dominus
984 1359 1010 1387 in

220 1405 323 1432 mundo
346 1405 411 1431 dum
436 1409 524 1437 esset,
547 1405 628 1432 orceis
648 1406 735 1432 visum
761 1406 932 1439 restituerit,
958 1407 1009 1441 21

219 1451 385 1486 paralyticos
405 1451 558 1483 curaverit,
576 1459 685 1479 omnem
706 1452 833 1479 morbum
856 1454 1011 1484 sanaverit,

220 1501 346 1522 mortuos
357 1497 412 1531 jam
427 1497 483 1524 fere
498 1502 654 1532 corruptos,
667 1501 695 1524 et
710 1497 738 1524 in
755 1497 894 1525 oblivione
910 1499 1013 1526 consti-

1060 264 1154 288 νασαν,
1168 257 1207 287 είς
1231 255 1262 282 τὸ
1285 255 1449 282 Δεσποτικὺν
1462 255 1571 290 ἀξίωμα
1582 255 1630 286 τὰς
1653 255 1747 289 χεῖρας
1762 254 1850 281 αὐτῶν

1059 301 1244 333 ἐπιϐαλόντες,
1265 302 1304 332 εἰς
1317 301 1394 332 τέλος
1409 301 1462 327 ὑπὸ
1475 300 1522 327 τοῦ
1536 300 1605 327 Θεοῦ
1621 299 1850 334 κατελείφθησαν.

1096 346 1159 373 ΚΔ’.
1179 345 1274 372 Ταῦτα
1291 345 1320 371 δὲ
1347 345 1393 372 διὰ
1410 345 1542 372 πλειόνων
1559 344 1736 380 διεξήλθομεν
1748 364 1756 376 ,
1782 344 1851 378 ἀγα-

1059 392 1152 427 πητοὶ.
1169 391 1223 418 ἀπο
1236 391 1382 427 Γραφικῶν
1395 391 1505 418 ἐννοιῶν
1521 391 1702 422 συνιστῶντες
1713 411 1720 422 ,
1745 391 1776 417 τὸ
1797 391 1853 417 δεῖν

1060 439 1134 474 ἡμᾶς
1151 438 1327 473 ἐπιστρέφειν
1340 437 1446 472 τάχιον,
1462 437 1510 463 καὶ
1522 436 1647 463 σπεύδειν
1662 437 1732 472 πρὸς
1741 436 1852 463 τδνΚύ-

1062 493 1118 520 ριον
1132 483 1349 519 χρηστευόμενον
1360 484 1408 510 καὶ
1419 483 1598 517 ἐκδεχόμενον
1608 483 1683 517 ἡμᾶς
1696 482 1751 508 ἀπο
1762 482 1853 518 πάσης

1061 530 1194 566 πονηρίας
1211 530 1259 556 καὶ
1276 529 1438 565 προλήψεως
1452 528 1542 563 κακῆς
1556 528 1667 560 τελείως
1679 529 1853 563 ἀναχωροῦν-

1059 585 1119 608 τας,
1128 577 1173 602 καὶ
1185 575 1398 610 ἐπιστρέφοντας
1408 573 1476 608 μετὰ
1489 572 1590 608 πολλῆς
1602 572 1689 607 χαρᾶς
1701 572 1851 607 προσδεχό-

1061 631 1153 657 μενον,
1172 621 1216 648 ἴνα
1233 621 1270 655 μὴ
1286 619 1428 655 ὲπαυξήσῃ
1443 620 1459 654 ή
1475 619 1678 654 καταφρόνησις
1689 618 1769 653 ἡμῶν
1783 619 1852 652 ήμὲ-

1061 677 1112 703 ραν
1127 667 1157 700 ἐξ
1170 667 1286 702 ἡμέρας,
1297 666 1343 692 καὶ
1357 666 1392 692 τὰ
1404 666 1608 702 προσκόμματα
1622 664 1754 699 τιθέμενα
1771 664 1853 690 πλεο-

1060 715 1129 750 νάσῃ
1157 714 1196 745 εἰς
1217 713 1290 747 ἡμᾶς
1303 733 1309 743 ,
1327 712 1374 739 καὶ
1389 712 1432 739 διὰ
1448 711 1527 738 τοῦτο
1541 711 1592 746 τὴν
1606 710 1690 746 ὀργὴν
1715 709 1761 736 τοῦ
1783 709 1851 736 Θεοῦ

1061 761 1256 796 ὲπενέγκωμεν
1289 760 1408 789 ἑαυτοῖς.
1444 757 1645 791 Σπουδάσωμεν
1670 756 1761 782 τοίνυν
1790 755 1854 781 ὲπι-

1062 807 1226 842 στραφέντες
1246 807 1275 833 ἐν
1292 806 1406 841 ἀληθινῇ
1425 804 1524 840 καρδίᾳ
1540 802 1699 839 προσελθεῖν
1713 802 1798 837 αὐτῷ,
1815 801 1853 837 μὴ

1063 853 1259 885 ἀπελπίζοντες
1270 853 1318 887 τὴν
1329 852 1476 887 σωτηρίαν,
1484 851 1553 886 ὅπερ
1564 850 1611 876 καὶ
1622 849 1687 876 αὐτὸ
1697 849 1745 883 τῆς
1754 848 1854 880 κακίας

1063 901 1110 928 καὶ
1130 898 1300 936 πανουργίας
1317 898 1463 933 τυγχάνει,
1488 896 1642 931 ὑπομνήσει
1660 894 1854 931 προλαϐουσῶν

1061 945 1205 980 ἁμαρτιῶν
1215 965 1222 976 ,
1240 945 1280 976 εἰς
1294 943 1469 977 ἀπελπισμον
1484 941 1625 977 φερουσῶν
1639 941 1684 967 τὶν
1698 940 1852 975 ἄνθρωπον.

1061 992 1108 1018 καὶ
1124 992 1165 1023 εἰς
1177 991 1314 1026 χαύνωσιν
1331 989 1377 1015 καὶ
1391 988 1550 1023 ὀλιγωρίαν,
1567 988 1615 1014 καὶ
1629 986 1782 1022 ῥᾳθυμίαν·
1809 985 1854 1012 ἵνα

1063 1039 1100 1074 μὴ
1117 1037 1284 1073 ἐπιστρέψας
1299 1036 1345 1063 καὶ
1360 1034 1518 1071 προσελθὼν
1532 1034 1572 1069 τῷ
1584 1034 1698 1070 Κυρίῳ,
1717 1032 1854 1068 σωτηρίας

1061 1085 1145 1120 τύχῃ,
1170 1083 1272 1118 πολλῆς
1294 1082 1480 1117 χρηστότητος
1496 1080 1543 1107 τοῦ
1557 1080 1659 1116 Κυρίου
1674 1078 1854 1114 ἐπικειμένης

1061 1130 1100 1165 τῷ
1116 1128 1280 1164 ἀνθρωπίνῳ
1292 1127 1376 1161 γένει.

1098 1175 1164 1202 KE’.
1194 1175 1224 1201 Ei
1247 1174 1276 1200 δὲ
1298 1173 1393 1209 ὥσπερ
1413 1172 1542 1199 δύσκολον
1560 1172 1626 1207 ἡμῖν
1641 1173 1852 1206 καταφαίνεται,

1063 1223 1110 1250 καὶ
1133 1221 1264 1249 ἀδύνατον
1285 1220 1317 1246 ὲκ
1332 1219 1438 1246 πολλῶν
1455 1218 1664 1254 ἁμαρτημάτων
1677 1217 1852 1252 ἐπιστρέψαι,

1062 1269 1100 1300 ὡς
1106 1266 1354 1303 προειλημμένους,
1362 1266 1442 1300 ὅπερ,
1449 1265 1488 1296 ὠς
1494 1264 1712 1300 προειρήκαμεν,
1725 1262 1854 1293 ὑπόθεσις

1062 1314 1190 1349 τυγχάνει
1207 1314 1257 1348 τῆς
1272 1312 1382 1343 κακίας,
1401 1311 1450 1338 καὶ
1463 1311 1512 1345 τῆς
1526 1310 1663 1345 σωτηρίας
1676 1308 1756 1344 ἡμῶν
1768 1308 1855 1343 ἐμπό-

1062 1361 1119 1388 διον
1129 1369 1135 1375 ³
1165 1358 1400 1395 μνημονεύσωμεν
1416 1356 1464 1383 καὶ
1477 1356 1631 1390 ἀπίδωμεν,
1651 1356 1710 1386 πῶς
1725 1357 1739 1382 ὁ
1753 1355 1855 1390 Κύριος

1063 1405 1240 1440 ἐπιδημήσας
1256 1405 1288 1439 τῇ
1306 1403 1456 1437 ἀγαθότητι
1472 1401 1555 1428 αὐτοῦ
1572 1401 1689 1435 τυφλοὺς
1703 1401 1856 1435 ἀναϐλέψαι

1064 1451 1191 1486 ἐποίησε,
1207 1449 1412 1485 παραλυτικοὺς
1425 1448 1606 1483 ἐθεράπευσε,
1623 1447 1714 1474 πᾶσαν
1725 1447 1802 1474 νόσον
1815 1447 1856 1473 ἰά-

1065 1504 1141 1529 σατο,
1158 1497 1273 1532 νεκροὺς
1287 1495 1352 1527 τοὺς
1365 1496 1405 1526 εἰς
1418 1493 1567 1528 διαφθορὰν
1580 1493 1628 1520 καὶ
1639 1493 1792 1528 ἀφανισμὸν
1804 1493 1856 1528 ήδη

221 1546 305 1572 tutos,
315 1542 531 1576 resuscitaverit,
541 1543 639 1569 surdos
653 1542 749 1570 audire
761 1543 867 1577 fecerit,
877 1544 1010 1579 legionem

1063 1543 1250 1578 τυγχάνοντας
1267 1541 1400 1576 ἀνέστησε
1413 1561 1420 1573 ,
1444 1540 1554 1574 κωφοὺς
1577 1538 1693 1566 ἀκοῦσαι
1709 1538 1855 1574 πεποίηκε,

219 1587 394 1614 diabolorum
416 1592 449 1614 ex
476 1587 588 1615 homine
611 1589 737 1622 eiecerit,
756 1594 785 1616 et
808 1593 882 1617 tanta
905 1591 1012 1618 insania

220 1632 393 1660 laborantem
418 1633 520 1660 mentis
541 1633 692 1668 integritati
712 1635 884 1662 restituerit?
904 1636 1012 1670 Quanto

220 1678 308 1713 magis
321 1679 404 1713 igitur
415 1678 534 1706 animam
551 1679 584 1706 ad
602 1687 665 1707 eum
678 1687 852 1714 conversam,
864 1687 892 1709 et
905 1683 1014 1711 miseri-

220 1725 344 1752 cordiam
357 1725 391 1752 ab
404 1733 437 1752 eo
449 1724 646 1760 requirentem,
659 1730 686 1753 et
697 1726 757 1761 ejus
769 1734 820 1762 ope
833 1727 1012 1763 indigentem,

220 1775 379 1802 convertet,
393 1775 420 1797 et
438 1771 465 1798 in
482 1771 571 1798 ltetam
594 1771 771 1799 atl‘ectionum
789 1773 969 1807 vacuitatem,
984 1779 1013 1802 et

220 1821 322 1843 statum
339 1817 429 1843 omnis
443 1816 553 1844 virtutis
571 1825 603 1844 ac
621 1818 722 1845 mentis
743 1819 948 1847 renovationem
965 1829 1011 1849 re-

219 1862 330 1895 szitaet;
352 1868 434 1898 atque
454 1864 572 1891 sanitate
592 1867 620 1891 et
639 1868 749 1898 aspectu
770 1865 870 1892 mentis
887 1870 916 1892 et
936 1870 1012 1894 tran-

220 1909 356 1942 quillitate
373 1909 570 1945 cogitationum
588 1910 719 1943 redditis,
735 1919 751 1937 ιι
767 1911 905 1945 caecitate,
919 1913 1009 1941 surdi-

221 1959 286 1987 tate,
300 1960 388 1983 morte
401 1956 581 1988 infidelitatis,
595 1960 622 1983 et
638 1956 792 1991 ignorantia
806 1961 889 1992 atque
904 1959 1012 1986 temeri-

220 2008 276 2031 tate
288 2004 321 2031 ad
336 2005 497 2040 sapientiam
512 2004 633 2036 virtutis,
644 2009 672 2031 et
685 2005 832 2039 puritatem
845 2005 938 2032 cordis
950 2013 1010 2033 eam

219 2049 365 2076 traducct?
388 2049 439 2082 Qui
464 2050 539 2077 enim
563 2049 689 2077 condidit
713 2057 830 2084 corpus,
856 2050 928 2077 idem
953 2050 1011 2086 ipse

219 2093 344 2120 condidit
369 2101 479 2128 quoque
509 2095 640 2121 animam.
663 2095 697 2121 Et
721 2094 953 2129 quemadmodum
982 2095 1010 2122 in

220 2139 304 2166 terris
317 2139 382 2166 dum
396 2145 563 2173 versaretur,
576 2140 772 2168 accedentibus
785 2140 819 2167 ad
835 2149 875 2172 se,
887 2146 915 2168 et
928 2142 963 2169 ab
975 2149 1010 2169 eo

220 2184 381 2219 petentibus
405 2185 537 2212 auxilium
566 2190 595 2213 et
621 2186 782 2218 sanitatem;
806 2186 959 2214 liberaliter
982 2192 1010 2214 et

222 2217 339 2265 benigne
355 2230 483 2264 praestitit
499 2233 527 2257 et
542 2229 679 2262 exhibuit,
693 2230 770 2257 velut
785 2230 875 2258 bonus
890 2237 918 2258 et
935 2232 1010 2259 solus
1027 2217 1049 2245 θ

221 2275 360 2309 medicus;
378 2276 474 2304 eodem
493 2276 575 2303 modo
590 2276 618 2303 in
633 2275 832 2311 spiritualibus.

255 2365 348 2392 XXVI.
368 2364 397 2392 Si
416 2365 491 2392 enim
505 2372 569 2400 erga
588 2371 716 2400 corpora,
740 2372 802 2400 qua;
822 2365 1012 2393 dissolvuntur

217 2416 247 2439 et
257 2416 345 2439 morte
359 2415 487 2446 pereunt,
503 2416 578 2438 tanta
589 2415 743 2439 commotus
752 2415 795 2439 est
810 2411 1010 2444 misericordia,

217 2461 246 2485 et
268 2457 418 2492 unicuique
437 2457 512 2492 quod
535 2457 676 2492 quaerebat
692 2462 819 2493 prompte
833 2461 862 2485 et
877 2458 1011 2486 benevole

216 2503 358 2538 pratstitit;
372 2507 476 2538 quanto
492 2503 580 2538 magis
600 2503 699 2530 anima:
714 2504 874 2536 immortali,
894 2504 1012 2531 indisso-

215 2550 295 2578 lubili
307 2555 335 2578 et
349 2550 564 2585 incorruptibili,
575 2557 714 2585 oppressa:
727 2551 823 2578 morbo
837 2552 1009 2586 ignorantiae,

215 2596 345 2627 malitiae.
374 2596 560 2628 inﬁdelitatis,
594 2596 758 2624 temeritatis
784 2601 812 2624 ct
840 2597 1008 2632 reliquarum

215 2643 320 2678 peccati
342 2642 530 2675 aﬂ'ectionum,
547 2643 687 2670 accedenti
704 2643 737 2670 ad
762 2644 919 2675 Dominum,
934 2648 962 2671 ct
975 2644 1010 2671 ab

216 2697 251 2715 eo
277 2689 409 2716 auxilium
435 2690 603 2724 requirenti,
630 2698 661 2717 ac
688 2690 715 2717 in
741 2691 931 2718 misericordia
949 2692 1010 2725 ejus

218 2734 347 2765 intuenti,
366 2743 417 2761 nec
431 2743 485 2762 non
500 2735 614 2769 gratiam
633 2736 752 2770 Spiritus
775 2736 809 2763 ab
828 2744 862 2763 eo
886 2737 1009 2772 recipere.

217 2780 383 2807 desideranti
400 2781 433 2807 ad
452 2781 670 2816 redemptionem
687 2786 716 2809 et
731 2782 847 2809 salutem
873 2791 962 2813 suam,
981 2787 1008 2809 et

216 2827 253 2854 ah
269 2826 344 2853 onmi
361 2827 463 2854 malitia
481 2833 507 2855 et
525 2828 623 2855 affectu
647 2829 838 2856 liberationem
851 2849 857 2858 ,
875 2829 1007 2855 concedet

219 2881 299 2907 quam
315 2873 457 2901 celerrime
474 2879 500 2901 et
515 2875 717 2910 promptissime
735 2876 805 2902 \elut
825 2876 956 2902 medicam
974 2876 1006 2902 li~

1062 1590 1183 1624 λεγεῶνα
1199 1587 1337 1623 δαιμόνων
1353 1587 1408 1614 ἀπὺ
1423 1587 1483 1618 ἑνὸς
1499 1585 1645 1622 ἀνθρώπου
1662 1585 1789 1618 ὲξέὸαλε,
1807 1585 1856 1612 καὶ

1063 1638 1103 1668 είς
1119 1634 1297 1671 σωφροσύνην
1313 1633 1468 1668 κατέστησε
1491 1632 1538 1659 τὸν
1553 1632 1594 1663 είς
1606 1631 1741 1666 τοσαύτην
1755 1631 1857 1665 μανίαν

1063 1682 1255 1717 κεχωρηκότα.
1268 1680 1348 1715 Πόσῳ
1361 1679 1407 1706 οὖν
1422 1679 1523 1714 μᾶλλον
1537 1678 1626 1713 ψυχὴν
1637 1677 1858 1712 ἐπιστρέφουσαν

1064 1728 1133 1764 πρὸς
1150 1727 1232 1754 αὑτὸν
1246 1747 1254 1759 ,
1275 1726 1324 1753 καὶ
1341 1726 1405 1760 παρ’
1422 1724 1506 1752 αὑτοῦ
1523 1725 1553 1751 τὸ
1569 1725 1644 1755 ἔλεος
1659 1723 1855 1759 ἐπιζητοῦσαν,

1063 1773 1112 1801 καὶ
1136 1773 1268 1807 δεομένην
1291 1772 1341 1807 τῆς
1360 1771 1443 1798 αὑτοῦ
1461 1770 1597 1806 βοηθείας,
1617 1771 1667 1796 οὐκ
1684 1769 1856 1805 ἐπιστρέψει,

1062 1820 1109 1846 καὶ
1127 1820 1167 1850 είς
1180 1819 1352 1853 εὐφροσύνην
1367 1817 1514 1850 ἀπαθείας,
1529 1818 1576 1843 καὶ
1588 1817 1755 1843 κατάστασιν
1766 1816 1858 1849 πάσης

1062 1865 1180 1900 ἀρετῆς,
1207 1864 1256 1891 καὶ
1278 1863 1338 1895 νοὸς
1354 1863 1553 1898 ἁνακαινισμδν
1569 1863 1686 1897 ὲνεγκεῖ.
1706 1862 1753 1888 καὶ
1772 1870 1858 1896 μετα-

1062 1911 1141 1938 ϐαλεῖ
1154 1912 1194 1942 είς
1207 1910 1339 1945 ὑγιότητα
1351 1930 1359 1942 ,
1378 1909 1426 1936 καὶ
1440 1908 1588 1943 ἀνάὸλεψιν
1601 1908 1731 1939 διανοίας,
1749 1908 1798 1934 καὶ
1810 1907 1857 1933 λο-

1062 1957 1169 1993 γισμῶν
1181 1957 1304 1992 εἰρήνην,
1319 1955 1374 1982 ἀπὸ
1386 1955 1436 1990 τῆς
1448 1954 1624 1989 τυφλώσεως,
1639 1954 1687 1980 καὶ
1699 1953 1857 1988 κωφώσεως

1061 2005 1110 2039 τῆς
1125 2003 1254 2035 ἀπιστίας
1270 2002 1317 2029 καὶ
1330 2001 1478 2036 ἀγνωσίας,
1496 2001 1543 2027 καὶ
1556 2000 1684 2035 ἀφοϐίας,
1697 2000 1737 2030 είς
1751 2008 1858 2034 σωφρο-

1062 2050 1156 2086 νισμὸν
1172 2049 1274 2085 ἀρετῆς
1287 2049 1336 2075 καὶ
1349 2048 1524 2083 καθαρότητα
1539 2046 1653 2081 καρδίας
1667 2045 1832 2079 ὲνενεγκώνί
1843 2046 1858 2072 ό

1061 2097 1115 2132 γὰρ
1129 2096 1224 2128 κτίσας
1238 2096 1268 2122 τὺ
1280 2095 1360 2130 σῶμα
1369 2115 1376 2127 ,
1396 2094 1445 2120 καὶ
1455 2094 1505 2128 τὴν
1517 2094 1606 2128 ψυχὴν
1619 2093 1700 2124 αὐτος
1711 2092 1858 2126 πεποίηκε,

1062 2143 1116 2169 Καὶ
1132 2142 1227 2177 ὥσπερ
1241 2142 1417 2176 ἐπιδημήσας
1434 2141 1463 2166 ὲν
1476 2142 1509 2175 τῇ
1526 2142 1561 2174 γῇ
1573 2160 1579 2171 ,
1596 2140 1653 2171 τοῖς
1667 2139 1858 2174 προσερχομέ-

1061 2198 1118 2220 νοις
1136 2189 1184 2216 καὶ
1199 2188 1313 2223 ζητοῦσι
1326 2188 1376 2222 τήν
1392 2186 1457 2222 παρ’
1470 2186 1552 2213 αὑτοῦ
1569 2185 1694 2220 βοήθειαν
1710 2184 1759 2211 καὶ
1773 2184 1856 2216 ἴασιν,

1066 2235 1191 2270 ἀφθόνως
1218 2236 1252 2270 τῇ
1276 2233 1442 2270 χρηστότητι
1467 2231 1549 2258 αὑτοῦ
1576 2231 1738 2266 παρείχετο,
1764 2229 1858 2261 καθὼς

1065 2282 1191 2318 ἔχρῃζον,
1209 2281 1246 2312 ὡς
1262 2280 1364 2314 ἀγαθὸς
1379 2279 1426 2306 καὶ
1444 2278 1525 2314 μόνος
1540 2277 1642 2313 ἰατρός·
1661 2276 1733 2304 οὕτω
1749 2276 1798 2303 καὶ
1810 2276 1858 2302 ἐπὶ

1065 2327 1120 2354 τῶν
1137 2326 1340 2362 πνευματικῶν.

1102 2374 1174 2407 KG'.
1191 2373 1222 2399 Ei
1236 2372 1290 2408 γὰρ
1317 2372 1363 2399 ἐπὶ
1389 2372 1424 2399 τὰ
1447 2371 1565 2406 λυόμενα
1587 2371 1634 2397 καὶ
1651 2369 1859 2404 ἀποθνήσκοντα

1067 2419 1148 2446 πάλιν
1166 2419 1290 2454 σώματα,
1305 2418 1393 2450 οὕτως
1407 2416 1638 2451 εὐσπλαγχνίσθη,
1653 2415 1700 2442 καὶ
1715 2415 1824 2448 ἑκάστῳ
1840 2413 1854 2439 ὃ

1064 2467 1192 2502 ἐπεζήτει
1217 2465 1351 2500 πεποίηκε
1375 2463 1534 2498 προθύμως,
1551 2463 1598 2488 καὶ
1625 2460 1761 2497 χρηστῶς,
1782 2459 1858 2492 πόσῳ

1066 2512 1166 2548 μᾶλλον
1185 2513 1218 2547 τῆ
1235 2512 1361 2546 ἀθανάτῳ
1373 2511 1446 2546 ψυχῇ
1461 2510 1507 2536 καὶ
1519 2508 1655 2544 ἀδιαλύτῳ
1665 2508 1712 2534 καὶ
1725 2506 1858 2541 ἀφθάρτῳ

1064 2556 1234 2592 τυγχανούσῃ
1253 2558 1282 2582 ἐν
1300 2556 1370 2591 νόσῳ
1386 2555 1509 2589 ἀγνοίας,
1533 2555 1583 2587 τῆς
1599 2552 1708 2585 κακίας,
1730 2550 1859 2581 ἀπιστίας

1065 2611 1094 2629 τε
1110 2602 1158 2629 καὶ⁵
1174 2602 1300 2637 ἀφοϐίας,
1321 2603 1368 2628 καὶ
1390 2601 1445 2628 τῶν
1461 2600 1564 2627 λοιπῶν
1585 2599 1636 2633 τῆς
1652 2597 1790 2633 ἁμαρτίας
1805 2605 1858 2623 πα-

1064 2648 1129 2675 θῶψ
1151 2648 1358 2683 προσερχομένη
1373 2647 1402 2674 δὲ
1416 2647 1456 2683 τῷ
1476 2646 1581 2681 Κυρίῳ,
1598 2646 1646 2672 καὶ
1660 2645 1709 2680 τὴν
1724 2645 1790 2678 παρ’
1806 2644 1856 2671 αὺ-

1063 2694 1110 2720 τοῦ
1133 2694 1260 2729 βοήθειαν
1285 2692 1454 2729 ἐπιζητούσῃ
1468 2713 1474 2725 ,
1498 2692 1544 2719 καὶ
1571 2692 1611 2721 εἰς
1633 2691 1663 2717 τδ
1685 2690 1768 2717 αὑτοῦ
1785 2689 1857 2721 ἕλεος

1064 2739 1263 2773 ἐπιτκοπούσῃ,
1277 2740 1323 2766 καὶ
1337 2740 1387 2774 τὴν
1403 2739 1483 2774 χάριν
1498 2737 1545 2764 τοῦ
1559 2737 1718 2771 Πνεύματος
1731 2736 1800 2771 παρ’
1812 2736 1846 2762 αὑ

1064 2785 1111 2811 τοῦ
1126 2784 1252 2817 δέξασθαι
1270 2784 1444 2820 ὲπιθυμοὺσῃ
1458 2784 1497 2814 εἰς
1508 2783 1643 2818 λύτρωσιν
1657 2782 1703 2808 καὶ
1717 2780 1855 2815 σωτηρίαν

1062 2830 1164 2864 αὐτῆς,
1183 2831 1230 2856 καὶ
1250 2831 1339 2865 πάσης
1354 2830 1453 2861 κακίας
1470 2830 1516 2856 καὶ
1531 2829 1631 2860 nam;
1652 2827 1756 2859 πάθους
1768 2826 1854 2854 ἀπαλ-

1062 2877 1157 2911 λαγὴν,
1184 2877 1213 2903 οὐ
1235 2877 1387 2912 διιιρήσεται
1414 2876 1507 2911 τάχιον
1530 2876 1576 2902 καὶ
1603 2874 1784 2910 ἑτοιμοτέρως
1805 2871 1854 2908 τὴν
