2064 3152
173 161 226 194 L93

799 159 985 190 IIOMILL’E.
1009 172 1032 176 —
1052 159 1145 189 IIOM.
1166 160 1199 189 Υ.

1752 157 1802 191 494

175 218 369 254 ἀπολύτρωσιν
393 218 441 253 τῆς
461 225 568 250 ιασεως,
587 217 659 245 κατὰ
683 218 726 245 τὸν
755 218 836 245 αυτὸν
863 216 961 250 λόγον’

1024 217 1196 249 ierationcm,
1216 216 1366 244 secundum
1381 216 1452 244 idem
1463 216 1567 244 dictum
1581 226 1587 242 ς
1601 215 1706 248 Quanto
1720 216 1803 250 magis

173 267 262 298 Πόσῳ
295 265 419 299 μᾶλλον
439 266 456 292 ὁ
467 264 620 298 ,οὐράνιος
640 263 742 297 Πατὴρ
767 263 888 296 ποιήσει
905 261 961 295 τὴν

173 311 332 345 ἐκδίκησιν
347 310 407 338 τῶν
418 310 560 342 ,βοώντων
586 310 660 344 πρὸς
675 309 768 337 αὑτὸν
792 309 905 343 ἡμέρας
930 316 962 334 τε

174 359 223 385 καί
236 358 366 390 νυκτός;
384 357 431 384 καὶ
452 357 549 390 ἐπάγει
566 356 653 389 λέγων
668 377 674 386 .
700 356 755 383 Καὶ
779 355 855 390 λέγω
879 355 960 389 ὑμῖν,

175 401 294 434 ποιήσει
305 400 362 433 τὴν
374 400 535 433 ἐκδίκησιν
551 399 650 426 αὐτῶν
666 400 702 426 ἐν
711 399 805 434 τάχει·
823 399 871 426 καὶ
883 399 963 426 πάλιν

177 448 207 473 ὲν
223 446 310 481 ἑτέρῳ
326 447 474 481 παραινεῖ·
503 446 615 472 Αἰτεῖτε
631 445 680 472 καὶ
697 446 858 478 δοθήσεται
878 445 961 480 ύμῖν-⁸

176 491 234 524 πᾶς
250 491 304 526 γὰρ
318 493 334 517 ό
345 491 436 518 αἰτῶν
449 491 604 525 λαμϐάνει,
616 491 664 518 καὶ
683 492 698 517 ό
712 490 804 524 (ntim-
818 492 961 524 εὑρίσκει,

177 537 226 564 καὶ
250 536 289 569 τῷ
303 537 440 570 κρούοντι
458 537 661 571 ἀνοιγήσεται·
675 537 723 563 καὶ
740 536 881 568 διεξελθὼν
904 537 965 562 ἐπι-

177 581 266 616 φέρει,
282 582 371 614 Πόσῳ
388 581 508 616 μᾶλλον
530 583 546 609 ό
572 582 674 616 Πατὴρ
689 582 773 615 ὑμῶν
793 584 808 608 d
828 582 966 615 οΐφὰνιος

177 621 265 654 δώσει
283 628 403 662 Πνεῦμα
417 627 503 662 ᾶγιον
518 627 581 660 τοῖς
591 628 729 654 αἰτοῦσιν
743 628 856 654 αὐτόν]
873 627 967 662 Ἀμὴν

178 672 255 706 ,λέγω
272 673 356 708 ὑμῖν,
372 675 398 700 εί
423 673 472 700 καὶ
495 674 543 700 διὰ
564 674 598 700 τὸ
614 672 690 700 εἶναι
708 673 799 707 φίλον
811 673 904 700 αὐτοῦ
924 673 966 707 μὴ

179 717 266 744 δώσει
283 718 373 751 αὐτῷ,
389 718 439 745 διά
456 727 488 753 γε
510 718 566 752 τὴν
585 718 741 745 ἀναίδειαν
761 718 854 746 αὐτοῦ
879 718 967 745 δώσει

179 765 258 796 αὐτῷ
272 764 418 796 ἀναστὰς,
441 763 517 790 ὅσον
535 763 647 798 χρῄζει.

216 806 277 835 KZ'.
300 809 432 840 'Avat56)¢
447 806 494 835 οὖν
517 809 565 836 καὶ
589 808 782 842 ἀδιαλείπτως,
808 809 856 836 καὶ
871 809 968 844 ἀπερι-

179 855 308 891 κακήτως
319 856 405 881 αἰτεῖν
421 855 495 890 ἡμᾶς
522 855 571 890 τὴν
596 855 660 890 παρ’
682 855 764 882 αὑτοῦ
790 855 839 890 τῆς
857 855 968 890 χάριτος

178 901 332 936 ἀντίληψιν,
352 901 396 927 διὰ
426 901 529 928 τούτων
558 901 666 927 πάντων
693 901 890 936 προετρέψατο.
917 900 967 927 Διὰ

178 946 233 981 γὰρ
246 947 306 978 τοὺς
333 947 512 982 ἁμαρτωλοὺς
533 944 624 982 ἦλθεν,
641 946 684 973 ἵνα
696 946 882 981 ὲπιστρὲψωσι
898 946 965 981 πρὸς

178 992 271 1023 αὑτὸν,
290 992 338 1018 καὶ
363 992 471 1027 ἰάσηται
491 992 554 1023 τοὺς
579 992 756 1023 πιστεύοντας
785 992 868 1027 αὐτῷ·
888 993 967 1027 μόνον

178 1039 259 1073 ἡμεῖς
271 1037 325 1063 τῶν
343 1037 437 1063 κακῶν
452 1037 615 1073 προλήψεων
627 1038 826 1074 ἀποστήσωμεν
841 1038 966 1070 ἑαυτοὺς,

179 1084 241 1110 ὅσον
257 1083 288 1110 τὸ
307 1085 336 1110 ἐν
353 1084 421 1118 ἡμῖν
442 1084 564 1116 δυνατὸν,
586 1085 634 1111 καὶ
650 1084 812 1120 μισήσωμεν
828 1085 864 1111 τὰ
877 1084 970 1118 φαῦλα

179 1129 396 1164 ἐπιτηδεύματα,
413 1130 460 1155 καὶ
470 1129 520 1161 τὰς
529 1129 576 1156 τοῦ
592 1130 695 1165 κόσμου
710 1130 826 1162 ἀπάτας,
847 1130 969 1163 καὶτοὺς

181 1175 315 1209 πονηροὺς
340 1175 388 1200 καὶ
415 1174 547 1208 ματαίους
570 1174 717 1209 λογισμοὺς
739 1174 968 1210 ἀποστραφῶμεν,

181 1219 227 1246 καὶ
246 1220 360 1246 πάντοτε
389 1220 457 1255 προς
486 1220 567 1246 αὑτὸν
591 1220 640 1255 ὅση
666 1219 780 1254 δύναμις
799 1220 969 1256 προσκολλη-

181 1264 282 1298 οὼμεν·
308 1265 355 1291 καὶ
375 1265 456 1296 αὐτὸς
469 1263 578 1299 ἕτοιμος
593 1265 680 1291 ποιεῖν
694 1266 759 1300 ἡμῖν
774 1264 823 1300 τὴν
842 1266 906 1300 παρ’
919 1265 970 1291 αὐ-

180 1309 228 1335 τοῦ
247 1309 384 1344 βοήθειαν.
411 1310 458 1341 Εἰς
475 1309 554 1337 τοῦτο
575 1310 629 1344 γάρ
644 1311 717 1336 ἐστιν
731 1310 825 1342 ἐλεῶν,
845 1311 892 1337 καὶ
905 1311 971 1342 ζωο-

181 1355 278 1386 ποιῶν,
299 1356 345 1381 καὶ
363 1355 476 1390 ἰώμενος
491 1355 526 1381 τὰ
541 1355 639 1392 ἀνίατα
664 1355 748 1391 πάθη,
771 1357 818 1382 καὶ
836 1356 971 1391 λύτρωσιν

182 1401 268 1427 ποιῶν
294 1403 351 1432 τοῖς
374 1401 601 1436 ἐπικαλουμένοις
627 1401 707 1428 αὑτὸν
736 1403 783 1428 καὶ
806 1402 874 1435 πρὸς
891 1402 972 1428 αὑτὸν

182 1447 389 1482 ἐπιστρέφουσι,
407 1447 498 1482 πάσης
510 1447 646 1483 κοσμικῆς
667 1448 776 1482 ἀγάπης
793 1448 842 1483 ὅση
856 1447 972 1483 δύναμις

183 1493 216 1518 ἐκ
232 1491 386 1527 θελήματος
400 1493 448 1519 καὶ
463 1492 648 1529 προαιρέσεως
665 1493 848 1528 ἀναχωροῦσι,
863 1494 910 1520 καὶ
923 1493 972 1528 τὴν

182 1538 302 1565 διάνοιαν
317 1538 371 1565 ἀπὸ
384 1539 436 1574 γῆς
451 1539 572 1571 ἕλκουσι,
591 1539 639 1565 καὶ
653 1539 720 1574 πρὸς
734 1539 816 1565 αὑτὸν
830 1540 862 1574 τῇ
873 1538 973 1575 ἐπιζη-

182 1585 260 1619 τήσει
286 1585 333 1611 καὶ
354 1584 516 1620 ὲπιποῠήσει
542 1585 792 1620 ἀποκρεμαμένοις·
820 1585 837 1620 ἡ
860 1585 971 1621 τοιαύτη

183 1629 258 1665 ψυχὴ
283 1629 333 1664 τῆς
352 1629 417 1666 παρ’
432 1629 514 1656 αὐτοῦ
542 1629 667 1664 βοηθείας
685 1629 829 1662 ἀξιοῦται,
847 1631 864 1665 ἡ
882 1630 972 1657 πάντα

186 1676 305 1711 περισσὰ
321 1676 471 1711 ἡγουμένη,
491 1675 539 1702 καὶ
555 1676 601 1702 ἐπὶ
615 1676 711 1711 μηδενὶ
726 1675 774 1702 τοῦ
790 1676 894 1712 κόσμου
910 1677 974 1703 ἀνα-

184 1722 338 1757 παυομένηο
364 1722 421 1748 ἀλλ’
446 1723 485 1754 εις
506 1721 555 1757 τὴν
569 1722 651 1748 αὑτοῦ
672 1721 827 1749 ἀνάπαυσιν
841 1722 891 1757 τῆς
908 1731 975 1758 χρη-

187 1769 312 1804 στότητος
339 1769 493 1803 ἁναπαῆναι
520 1769 567 1795 καὶ
593 1768 778 1804 εὐφρανθῆναι
796 1768 974 1804 ἐκδεχομένη·

186 1815 234 1841 καὶ
246 1814 332 1846 οὓτως
349 1815 391 1841 διὰ
414 1816 463 1850 τῆς
474 1815 602 1850 τοιαύτης
618 1815 735 1846 πίστεως
749 1814 917 1849 ὲπιτυχοῦσα
927 1815 977 1849 τῆς

187 1860 349 1896 ἐπουρανίου
365 1854 484 1896 δωρεᾶς,
512 1861 559 1888 καὶ
579 1862 629 1896 τὴν
658 1860 807 1896 ἐπιθυμίαν
831 1860 916 1896 αὐτῆς
946 1861 976 1887 ὲν

187 1905 361 1940 πληροφορίᾳ
378 1904 421 1931 διὰ
453 1905 503 1939 τῆς
522 1906 632 1940 χάριτος
649 1904 842 1938 ἀναπαύσασα,
859 1905 907 1932 καὶ
921 1905 975 1931 λοι-

185 1950 237 1976 πον
253 1949 406 1984 συμφώνως
423 1950 470 1976 καὶ
484 1949 637 1982 ἀκολούθως
647 1950 687 1986 τῷ
701 1950 840 1985 Πνεὺματι
855 1949 894 1985 τῷ
907 1950 978 1986 ἁγίῳ

185 1993 386 2030 διακονήσασα,
408 1995 456 2021 καὶ
476 1995 612 2030 ὁσημέραι
637 1996 678 2027 είς
695 1995 726 2022 τὺ
750 1995 851 2030 ἀγαθὸν
879 1995 980 2031 προκό-

186 2048 304 2071 πτουσα,
317 2041 364 2067 καὶ
378 2041 417 2072 είς
428 2041 478 2076 τὴν
491 2041 550 2068 ὁδον
565 2042 614 2077 τῆς
622 2041 797 2077 δικαιοσύνης
811 2042 978 2077 ἐμμένουσα,

187 2088 234 2113 καὶ
253 2088 293 2118 εἰς
308 2087 338 2113 τὸ
358 2087 437 2118 τέλος
458 2087 604 2123 ἄκαμπτος
623 2088 671 2114 καὶ
690 2087 875 2119 ὰσυνδὺαστος
897 2088 936 2119 εἰς
950 2087 979 2115 τὺ

187 2132 288 2164 κακίας
315 2132 398 2169 μέρος
420 2133 592 2168 διαμείνασα,
610 2134 657 2160 καὶ
668 2133 717 2168 τὴν
736 2133 816 2169 χάριν
838 2134 867 2160 ὲν
883 2133 979 2169 μηδεν)⁵

1013 261 1093 288 Pater
1110 261 1218 288 cwlcstis
1236 261 1313 296 faciet
1329 262 1472 288 vindictam
1486 261 1660 288 clamantium
1675 261 1710 287 ad
1725 268 1752 287 se
1763 261 1804 287 die

1014 317 1044 335 ac
1060 308 1157 335 nocte?
1172 308 1206 335 Et
1222 307 1324 339 subdit,
1346 308 1457 334 dicens:
1473 307 1548 335 Certe
1568 307 1625 333 dim
1647 306 1727 336 vobis,
1754 305 1805 332 cito

1014 355 1090 389 faciet
1106 355 1247 381 vindictam
1270 354 1377 380 illorum
1391 354 1423 380 ν’.
1444 354 1479 380 Et
1499 361 1609 380 rursum
1623 352 1688 379 alibi
1703 352 1805 379 adhor-

1016 405 1089 428 tatur
1103 410 1109 426 :
1128 401 1211 427 Periti:
1226 405 1249 426 et
1264 401 1370 427 dabitur
1384 400 1463 426 vobis.
1480 399 1569 426 Omm's
1582 399 1650 425 enim
1666 399 1710 433 qui
1729 397 1803 432 petit,

1016 447 1121 481 accipit,
1135 451 1159 473 et
1171 447 1330 482 quiquwrit.
1344 447 1452 477 invenit,
1466 450 1490 473 et
1503 445 1620 480 pulsanti
1631 444 1805 480 aperietur”.

1016 492 1049 519 Ει
1062 493 1174 527 paulum
1188 500 1347 527 progressus
1361 491 1472 527 subjicit
1487 500 1492 517 :
1509 490 1614 523 Quanto
1629 491 1711 525 magis
1725 490 1807 516 Pater

1015 543 1099 565 uester
1121 539 1230 566 caelestis
1253 539 1324 565 dabit
1349 537 1480 573 Spiritum
1502 541 1622 564 sumtum
1645 536 1806 571 poscentibus

1017 592 1075 610 eum
1086 584 1127 611 “‘3
1142 584 1225 611 Amen
1241 584 1298 611 dico
1312 584 1393 616 vobis,
1411 585 1458 610 etsi
1476 592 1526 611 non
1544 584 1614 610 dabit
1630 583 1680 615 illi,
1695 591 1724 609 eo
1737 583 1807 618 quod

1018 630 1118 657 anticus
1139 631 1182 663 sit,
1205 635 1310 666 propter
1326 631 1518 666 impudentiam
1535 635 1622 656 (utnon
1637 630 1694 664 ejus
1705 631 1807 664 surget,

1019 680 1043 702 et
1056 676 1127 703 dabit
1140 680 1269 711 quantum
1281 685 1346 712 opus
1361 677 1436 704 liabet
1447 677 1481 702 “.

1056 813 1161 840 XXVII.
1186 814 1296 848 Absque
1321 814 1425 848 pudore
1450 813 1547 848 igitur,
1573 811 1761 839 indesinenter
1781 816 1810 840 et

1025 859 1160 886 indefesse
1175 863 1206 886 ut
1219 865 1344 894 petamus
1367 859 1401 886 ab
1423 866 1456 885 eo
1478 858 1582 885 donum
1606 857 1709 893 gratiae,
1735 857 1810 884 hisce

1017 905 1146 932 omnibus
1167 905 1330 932 exhortatus
1347 909 1400 932 est.
1422 905 1537 938 Propter
1559 908 1719 938 peccatores
1735 903 1809 930 enim

1017 949 1102 982 venit,
1121 954 1151 976 ut
1170 953 1367 976 converterent
1383 957 1413 976 se
1427 949 1461 976 ad
1475 949 1563 980 illum.
1577 953 1605 976 et
1621 952 1733 976 curaret
1747 956 1808 976 cre-

1017 995 1112 1022 dentes
1130 995 1191 1030 ipsi.
1207 995 1288 1022 Modo
1301 1002 1354 1022 nos
1369 994 1420 1030 ipsi
1438 1002 1453 1022 a
1469 994 1549 1022 malis
1562 993 1811 1029 prmoccupationi‘

1017 1041 1070 1068 bus
1092 1041 1292 1072 abstineamus,
1311 1045 1444 1075 quantum
1462 1040 1490 1066 in
1509 1039 1616 1067 viribus
1632 1039 1736 1066 nostris
1757 1045 1810 1070 est.

1017 1091 1046 1113 et
1058 1086 1122 1113 odio
1139 1094 1338 1121 prosequamur
1349 1094 1431 1120 opera
1443 1086 1524 1118 mala,
1537 1090 1567 1112 et
1578 1085 1672 1112 mundi
1684 1085 1811 1111 technam

1018 1137 1101 1167 atque
1123 1132 1263 1166 improbos
1279 1139 1311 1159 ac
1322 1139 1408 1158 vanos
1433 1138 1576 1158 sermones
1593 1130 1811 1162 abhorreamus,

1019 1183 1047 1206 et
1063 1186 1112 1213 per
1123 1178 1216 1204 omnia
1232 1178 1268 1209 ei,
1286 1183 1418 1211 quantum
1443 1177 1501 1204 ﬁeri
1528 1181 1629 1211 potest.
1656 1177 1810 1210 agglutine-

1020 1232 1093 1250 mur.
1110 1223 1170 1257 [pse
1185 1223 1295 1257 quidem
1310 1227 1422 1256 paratus
1433 1227 1475 1249 est
1488 1222 1620 1249 exhibere
1634 1221 1715 1248 nobis
1731 1228 1811 1247 suum

1021 1268 1164 1295 auxilium.
1188 1268 1336 1302 Propterea
1348 1267 1422 1295 enim
1434 1267 1590 1295 misericors
1604 1271 1656 1298 est.
1669 1266 1813 1294 viviﬁcans

1022 1317 1051 1340 et
1067 1321 1166 1340 sanans
1187 1313 1347 1340 allectiones
1360 1312 1536 1344 ineurabiles,
1551 1317 1579 1340 et
1593 1312 1811 1347 redemptionem

1021 1359 1125 1386 faciens
1150 1359 1184 1386 iis
1207 1359 1253 1393 qui
1279 1359 1407 1386 invocant
1424 1366 1499 1391 eum,
1513 1364 1541 1386 et
1555 1359 1601 1393 qui
1616 1359 1650 1385 ad
1665 1367 1728 1386 eum
1745 1366 1814 1385 con-

1024 1403 1106 1436 versi,
1122 1404 1156 1431 ab
1170 1403 1245 1430 omni
1261 1403 1408 1431 dilectione
1421 1403 1527 1436 mundi,
1541 1408 1675 1438 quantum
1691 1403 1749 1430 ﬁeri
1767 1411 1814 1438 po-

1024 1454 1088 1482 test,
1102 1454 1199 1484 sponte
1212 1454 1241 1477 et
1251 1450 1406 1476 voluntarie
1419 1450 1563 1481 recedunt,
1577 1450 1680 1484 quique
1695 1453 1814 1476 mentem

1024 1503 1040 1523 a
1057 1496 1173 1523 terrenis
1198 1496 1364 1524 abstractam
1390 1496 1425 1523 ad
1453 1503 1516 1523 eum
1543 1488 1607 1522 voto
1633 1500 1661 1522 et
1675 1495 1816 1522 desiderio

1027 1541 1209 1576 suspendunt.
1237 1541 1378 1577 Ejusmodi
1404 1541 1496 1568 anima
1521 1541 1581 1576 ejus
1603 1540 1706 1568 auxilio
1734 1540 1816 1575 digna

1026 1586 1156 1618 habetur,
1172 1594 1234 1621 qua)
1246 1587 1338 1614 omnia
1353 1594 1403 1622 pro
1416 1586 1564 1621 superﬂuis
1579 1586 1728 1617 existimat,
1744 1590 1773 1613 et
1788 1585 1816 1612 in

1027 1632 1102 1659 nulla
1117 1640 1148 1660 re
1162 1632 1299 1659 mundana
1315 1632 1481 1667 acquiescit;
1500 1631 1549 1659 sed
1570 1636 1710 1666 exspectat
1726 1631 1754 1658 in
1774 1639 1818 1658 re-

1026 1677 1090 1712 quie
1113 1677 1292 1712 benignitatis
1316 1677 1487 1712 requiescere
1511 1681 1539 1704 et
1562 1676 1702 1711 gaudere:
1725 1680 1753 1703 et
1777 1675 1819 1703 sic

1026 1731 1076 1758 per
1100 1723 1258 1759 hujusmodi
1283 1723 1366 1750 ﬁdem
1397 1723 1507 1751 caeleste
1531 1722 1635 1750 donum
1658 1725 1817 1754 consecuta,

1028 1778 1110 1798 omne
1131 1778 1212 1798 suum
1234 1769 1403 1797 desideriqu
1425 1770 1453 1796 in
1470 1770 1551 1804 plena
1568 1769 1621 1797 ﬁde
1636 1777 1685 1804 per
1702 1768 1818 1804 gratiam

1029 1817 1157 1848 collocat,
1171 1820 1200 1843 et
1213 1815 1333 1850 denique
1348 1822 1468 1850 congrue
1480 1819 1508 1842 et
1519 1814 1716 1842 convenienter
1729 1813 1818 1848 Spiri-

1030 1861 1069 1889 tui
1086 1865 1181 1888 sancto
1192 1859 1342 1891 ministrat,
1358 1858 1482 1894 quotidie
1497 1858 1619 1885 bonitate
1631 1858 1684 1891 22
1698 1857 1818 1892 proﬁcit,

1029 1907 1114 1942 inque
1137 1906 1182 1933 via
1202 1905 1315 1941 iustitia:
1340 1911 1520 1939 perseverans
1542 1903 1570 1930 in
1593 1907 1768 1938 perpetuum,
1784 1902 1819 1929 ad

1029 1952 1140 1980 malitias
1151 1959 1252 1987 genera
1266 1958 1321 1977 non
1335 1949 1465 1981 ﬂectitur,
1480 1957 1532 1976 nec
1544 1948 1578 1976 ad
1591 1949 1656 1976 vitia
1670 1948 1725 1975 ullo
1737 1947 1821 1976 modo

1030 1997 1162 2029 declinat,
1179 2000 1262 2031 atque
1279 1995 1395 2030 gratiam
1413 1995 1441 2022 in
1458 1995 1532 2022 nulla
1552 2002 1581 2021 re
1598 1993 1709 2021 tristitia
1725 1993 1820 2026 allicit,

1031 2048 1060 2072 et
1075 2047 1179 2071 aeterna
1196 2042 1285 2070 salute
1302 2049 1365 2070 cum
1387 2040 1516 2068 omnibus
1531 2040 1636 2068 sanctis
1658 2039 1740 2075 digna
1755 2047 1822 2067 cen-

1031 2094 1118 2122 setur,
1143 2089 1222 2116 velut
1246 2088 1280 2116 iis
1305 2088 1380 2115 socia
1401 2092 1430 2114 et.
1446 2094 1538 2114 comes
1556 2085 1709 2113 imitatione
1724 2093 1822 2113 eorum

1034 2134 1062 2161 in
1079 2133 1183 2161 mundo
1200 2136 1373 2160 conversata.
1388 2132 1486 2160 Amen.

192 2180 338 2216 λυπήσασα
363 2182 414 2216 τῆς
449 2181 558 2208 αἰωνίου
586 2182 722 2217 σωτηρίας
758 2182 807 2208 σὺν
836 2182 904 2209 πᾶσι
928 2183 984 2214 τοῖς
1003 2182 1090 2216 ἁγίοις
1118 2182 1293 2214 καταξιοῦται
1339 2180 1387 2208 ἅτε
1417 2180 1449 2214 δὴ
1469 2179 1595 2211 κοινωνδς
1613 2179 1661 2206 καὶ
1675 2178 1824 2214 σύνδρομος

189 2226 260 2253 κατὰ
299 2226 414 2262 μίμησιν
449 2227 539 2254 αὐτῶν
578 2227 608 2254 ὲν
640 2227 736 2263 κόσμῳ
770 2227 979 2263 διαστραφεϊσα.
1005 2228 1103 2264 Ἀμήν.

489 2285 611 2312 ΟΜῐΛΙΑ
636 2285 673 2312 Ε’.

191 2329 294 2363 Πολλὴ
305 2329 490 2364 μετάστασις
503 2331 618 2364 μεταξὺ
634 2330 694 2357 τῶν
715 2331 902 2364 Χριστιανῶν
925 2331 977 2358 καὶ

223 2364 285 2391 τῶν
294 2365 456 2399 ἀνθρώπων
465 2365 518 2392 τοῦ
532 2367 648 2400 κόσμου
669 2366 788 2392 τούτου.
804 2367 834 2392 οι
847 2365 905 2400 μὲν
921 2366 977 2400 γὰρ

224 2400 344 2435 πνεῦμα
360 2400 413 2426 τοῦ
423 2400 538 2434 κόσμου
552 2401 682 2435 ἔχοντες,
699 2400 734 2434 τῇ
747 2400 854 2434 καρδίᾳ
875 2401 925 2427 καὶ
937 2400 975 2434 τῷ

224 2434 267 2466 νῷ
283 2436 318 2462 ἐν
335 2434 398 2468 τοῖς
410 2436 525 2469 γηΐνοις
532 2434 655 2469 δεσμοῖς
666 2435 814 2462 δέδενται·
827 2437 854 2462 οί
875 2436 909 2462 δὲ
921 2435 978 2469 τὴν

225 2469 347 2504 ἀγάπην
360 2469 413 2496 τοῦ
435 2470 616 2503 ἐπουρανίου
629 2471 744 2504 Πατρός
768 2471 977 2503 ὲπιποθοῦσιν,

225 2505 319 2566 gsner
329 2506 426 2539 μόνον
436 2507 492 2539 πρὸ
500 2505 661 2540 ὀφθαλμῶν
671 2505 706 2532 ἐν
718 2505 821 2540 πολλῆ
836 2505 979 2540 ἐπιθυμία

246 2548 361 2566 γοντεσ.

244 2548 361 2574 χοντες.

228 2597 270 2625 A’.
293 2598 322 2624 '0
346 2597 400 2623 τῶν
421 2596 591 2632 Χριστιανῶν
609 2597 710 2632 κόσμος
726 2597 819 2631 ἕτερός
839 2597 909 2628 ἐστι,
931 2597 979 2623 καὶ

194 2643 326 2677 διαγωγὴ,
351 2643 398 2669 καὶ
422 2641 494 2674 νοῦς,
523 2641 571 2668 καὶ
597 2642 685 2676 λόγος,
712 2644 760 2669 καὶ
786 2642 885 2678 πρᾶξις
899 2642 980 2678 ἑτέρα

192 2689 333 2724 τυγχάνει,
357 2688 405 2714 καὶ
422 2689 438 2723 ὴ
463 2688 517 2714 τῶν
538 2687 690 2723 ἀνθρώπων
702 2687 748 2715 τοῦ
764 2688 866 2723 κόσμου
881 2687 976 2715 τούτου

194 2735 328 2769 διαγωγὴ,
353 2734 400 2760 καὶ
413 2734 486 2766 νοῦς,
512 2734 562 2761 καὶ
586 2733 675 2767 λόγος,
697 2733 745 2760 καὶ
761 2733 861 2768 πρᾶξις
885 2733 977 2768 ἑτέρα.

197 2779 278 2806 Ἀλλο
294 2779 320 2805 τί
345 2779 415 2805 εἰσιν
435 2779 534 2805 ἐκεῖνοι
553 2778 598 2805 καὶ
612 2777 676 2804 ἄλλο
692 2777 719 2804 τί
739 2777 808 2803 εἰσιν
825 2773 913 2809 οὗτοι,
932 2777 979 2802 καὶ

1333 2282 1475 2310 HOMILIA
1494 2282 1526 2309 ν.

1026 2330 1129 2367 Magna
1138 2330 1292 2367 differentia
1305 2331 1376 2367 inter
1390 2329 1554 2367 Christianas
1570 2328 1730 2367 “flamines
1743 2327 1824 2362 hujus

1061 2363 1213 2394 sh’culi."lli
1227 2367 1296 2392 enim
1310 2365 1405 2399 spiritu
1423 2363 1514 2390 mundi
1530 2363 1636 2399 praulitt'
1655 2363 1824 2399 aniinotenus

1063 2410 1095 2428 ac
1108 2401 1185 2428 corde
1201 2396 1368 2426 terrestribus
1386 2398 1496 2425 vinculis
1516 2396 1597 2424 vincti
1609 2402 1672 2423 sunt
1685 2405 1694 2423 :
1710 2396 1750 2423 illi
1762 2404 1823 2423 vero

1063 2435 1202 2463 dilectione
1213 2435 1324 2462 cwlcstis
1339 2433 1428 2460 Patris
1440 2433 1548 2465 detenti,
1560 2440 1620 2458 eum
1628 2431 1714 2458 solum
1725 2432 1756 2458 ob
1766 2439 1824 2458 ocu-

1065 2471 1103 2498 los
1119 2472 1148 2497 in
1162 2471 1235 2497 omni
1248 2469 1376 2496 desiderio
1389 2469 1496 2495 habent.

1067 2589 1088 2616 ι.
1113 2588 1192 2616 Alius
1215 2593 1257 2616 est
1277 2587 1499 2615 Christianorum
1521 2587 1651 2619 mundus,
1667 2587 1740 2614 aliud
1760 2587 1824 2614 vita:

1034 2635 1203 2667 institutum,
1213 2634 1265 2662 alia
1275 2642 1363 2665 mens,
1378 2633 1449 2660 alius
1459 2641 1549 2661 sermo
1556 2638 1639 2668 atque
1654 2633 1707 2660 alia
1723 2640 1825 2668 opera;

1033 2686 1062 2709 et
1072 2681 1149 2708 aliud
1159 2685 1200 2707 est
1213 2680 1277 2707 vita:
1291 2679 1447 2707 institutum
1463 2679 1605 2706 hominum
1620 2679 1702 2714 hujus
1719 2678 1827 2710 mundi,

1033 2729 1086 2756 alia
1096 2736 1183 2761 mens,
1194 2728 1265 2755 alius
1279 2735 1382 2759 sermo,
1397 2731 1479 2762 atque
1494 2725 1546 2752 alia
1560 2731 1644 2760 opera
1657 2733 1663 2751 :
1674 2724 1750 2752 aliud
1762 2729 1830 2751 sunt

1034 2775 1085 2808 illi,
1100 2779 1128 2803 et
1139 2773 1214 2801 aliud
1228 2779 1293 2801 sunt
1307 2773 1336 2800 hi
1349 2783 1354 2800 :
1371 2777 1400 2801 et
1415 2779 1511 2808 magna
1528 2770 1685 2799 ditl'erentia
1699 2774 1742 2799 est
1752 2770 1830 2798 inter

231 2859 254 2874 "
269 2857 336 2886 Luc.
354 2866 430 2892 xvm,
445 2858 473 2892 7,
491 2858 517 2886 8.
556 2858 579 2873 "
599 2857 694 2885 Matth.
715 2864 762 2889 vu,
783 2857 809 2889 7,
829 2856 855 2884 8.
895 2856 916 2871 ⁵⁸
937 2855 970 2883 L1

1026 2862 1064 2887 ιι,
1084 2855 1111 2882 9.
1150 2855 1172 2870 "
1191 2852 1260 2881 ibid.
1276 2853 1319 2880 10.
