2064 3152
259 166 311 199 495

875 165 905 196 S.
926 163 1086 195 MACARII
1105 163 1266 194 JEGYPTII

1829 156 1884 189 496

259 225 311 252 hos
331 228 360 252 et
375 223 448 252 illos.
472 223 648 253 llahitatores
661 224 734 252 enim
752 229 843 256 terrae,
858 228 887 251 et
901 222 948 250 lilii
963 222 1046 257 hujus

1100 220 1182 255 πολλὴ
1208 220 1349 251 διάστασις
1372 218 1473 254 μεταξὺ
1490 225 1591 244 τουτων
1617 215 1764 243 κάκείνων.
1783 213 1815 240 Οἱ
1829 214 1884 250 γὰρ

260 270 352 298 διστρυιὶ
365 270 469 297 similes
476 273 540 297 sunt
552 269 690 298 frumento
700 271 727 298 in
742 270 862 298 cribrum
873 269 956 304 hujus
968 273 1047 295 terra:

260 315 396 350 conjecto,
424 314 525 349 quippe
553 315 601 349 qui
628 319 837 342 commoventur
859 313 940 341 ﬂuxis
964 312 1048 347 hujus

260 360 356 388 mundi
382 359 605 395 cogitationibus,
632 365 661 387 et
683 360 879 396 jactationibus
904 357 1048 394 perpetuis

260 411 433 433 terrenarum
460 413 564 437 rerum,
586 406 785 433 desideriorum
799 413 831 432 ac
847 405 983 432 variarum
1003 410 1049 430 eo-

261 451 424 486 gitationum
443 458 598 478 crassarum
610 460 616 477 ε
630 451 751 486 jactante
768 451 874 478 animas
895 450 1004 480 Salano,
1021 452 1049 476 et

261 495 403 522 cribrante
418 495 520 528 cribro,
540 496 592 524 hoc
607 501 658 528 est.
672 496 755 524 rebus
770 496 896 528 terrenis,
913 502 993 522 omne
1005 502 1050 529 ger

259 548 313 568 nus
328 540 489 573 humanum,
505 548 618 576 peccato
630 542 778 570 obnoxium
792 550 806 569 a
823 547 945 577 tempore
958 542 1050 576 lapsus

260 586 336 618 Adae,
363 586 410 621 qui
441 592 629 622 transgressus
658 588 832 620 mandatum,
863 588 890 615 in
917 587 1050 623 principis

261 633 373 660 malitiae
385 637 548 668 potestatem
565 634 649 661 venit.
665 634 722 667 Qua
743 635 788 662 ille
811 638 932 669 accepta.
953 641 1051 669 perpe-

262 679 318 706 tuis
348 678 474 706 fraudum
506 684 534 707 ct
567 680 805 714 perturbationum
837 679 1051 715 cogitationibus

262 724 376 756 cribrat,
392 728 421 751 et
435 725 539 752 collidit
553 725 644 753 Cribro
665 730 743 753 terrm
765 733 862 753 omnes
883 726 954 753 lilios
966 725 1050 760 hujus

263 769 367 796 saeculi.

298 856 332 884 11.
358 856 594 890 Quemadmodum
619 859 692 886 enim
717 859 745 886 in
766 859 860 887 cribro
888 860 1011 887 triticum
1035 868 1051 887 a

262 903 403 931 cribrante
414 903 547 937 alliditur,
561 909 589 932 et
604 905 631 931 in
645 912 679 932 eo
690 905 822 940 agitatum
838 906 968 933 continue
983 913 1051 933 con-

262 947 394 975 vertitur:
409 948 450 976 sie
464 949 591 984 princeps
604 950 715 977 malitiae
725 950 842 979 terrenis
853 951 936 978 rebus
948 951 1052 979 detinet

262 993 399 1025 homines,
412 994 502 1029 iisque
512 1002 559 1022 eos
574 995 669 1030 agitat,
681 996 827 1023 conturbat
839 1004 870 1023 ac
881 1000 1050 1030 commovet;

260 1042 290 1066 et
304 1043 333 1066 ut
348 1039 498 1066 allidantur
515 1040 730 1074 cogitationibus
746 1042 834 1074 vanis,
853 1042 1052 1076 cupiditatibus

260 1085 390 1119 turpibus
410 1093 443 1112 ac
460 1085 579 1113 vinculis
603 1087 721 1114 terrenis
736 1091 764 1114 et
778 1088 933 1120 mundanis,
957 1088 1049 1122 eiiicit,

259 1129 365 1164 absque
391 1130 446 1157 ulla
473 1130 678 1158 intermissione
701 1133 852 1167 captivans,
873 1134 1050 1168 perturbans,

258 1179 288 1202 et
312 1175 439 1203 inescans
461 1183 542 1203 omne
565 1184 653 1212 genus
666 1178 731 1205 Adae
750 1182 862 1214 peccato
877 1179 1026 1207 obnoxium
1042 1189 1048 1207 :

259 1220 492 1255 quemadmodum
509 1221 644 1250 Dominus
659 1224 790 1258 apostolis
810 1225 930 1252 futuram
945 1227 1049 1260 princi—

259 1265 303 1301 pis
314 1267 446 1301 nequitiae
456 1268 588 1295 adversus
603 1277 651 1296 eos
664 1269 892 1298 insurrectionem
905 1272 1048 1306 prmdixit:

258 1311 391 1348 Expctivit
402 1312 519 1341 Satanas
534 1323 578 1341 uos
599 1315 633 1341 ad
649 1316 817 1343 cribrandum
832 1318 898 1343 sicut
915 1318 1029 1344 triticum
1040 1327 1050 1346 :

257 1358 304 1385 sed
326 1366 372 1393 ego
394 1361 485 1394 rogavi
507 1359 617 1387 Patrem
643 1370 739 1393 meum,
757 1371 790 1389 ne
804 1363 909 1397 deﬁciat
923 1364 988 1398 ﬁdes
1005 1373 1049 1391 ve-

258 1407 314 1430 stra
325 1404 358 1430 ⁸³.
377 1404 496 1432 Verbum
515 1406 588 1432 enim
605 1407 672 1434 illud
687 1408 760 1442 quod
782 1416 797 1435 a
811 1408 942 1437 Creatore
965 1410 1050 1438 Caino

259 1449 364 1476 dictum
384 1454 436 1482 est,
450 1455 478 1477 et
492 1452 630 1479 sententia
647 1453 692 1480 illa
707 1454 795 1488 palam
811 1455 927 1489 prolata,
951 1456 1049 1483 videli-

258 1498 313 1526 cet,
329 1493 438 1522 Gemens
453 1504 483 1522 ac
497 1501 609 1523 tremens
631 1506 711 1532 super
735 1502 835 1526 terram
857 1500 998 1535 agitaberis
1014 1501 1047 1534 δ”,

1097 267 1147 301 τῆς
1161 266 1213 302 γῆς
1229 266 1378 302 οἰκήτορες.
1398 265 1444 292 καὶ¹
1454 265 1487 291 τὰ
1505 264 1588 291 τέκνα
1607 263 1654 290 τοῦ
1669 262 1766 294 αἰῶνος
1779 260 1885 295 τούτου,

1099 311 1203 338 ἐοίκασι
1224 311 1289 346 σίτῳ
1309 310 1468 346 βεϐλημένῳ
1485 309 1515 335 ἐν
1536 308 1612 343 σινίῳ
1635 307 1687 342 τῆς
1703 307 1757 340 γῆς
1772 305 1885 339 ταύτης,

1100 357 1282 392 σινιαζόμενοι
1301 358 1329 383 ὲν
1343 357 1471 387 ὰστάτοις
1485 352 1628 390 λογισμοῖς
1641 353 1689 380 τοῦ
1707 354 1810 388 κόσμου
1824 351 1887 378 τού-

1100 413 1157 435 του,
1176 403 1223 430 καὶ
1246 403 1318 437 σάλῳ
1343 403 1476 436 ἀπαύστῳ
1502 401 1556 428 τῶν
1580 401 1683 436 γηΐνων
1702 398 1885 434 πραγμάτων,

1100 449 1264 484 ἐπιθυμιῶν,
1291 448 1337 475 καὶ
1364 447 1542 474 πολυπλόκων
1574 446 1684 473 ἐννοιῶν
1706 444 1817 485 ὐλικῶν,
1838 443 1888 474 τὰς

1101 495 1189 530 ψυχὰς
1221 494 1431 526 κλυδωνίζοντος
1454 493 1501 520 καὶ
1524 492 1690 524 σινιάζοντος
1716 491 1826 517 Σατανᾶ
1844 489 1888 516 διὰ

1100 541 1147 567 τοῦ
1169 540 1263 573 σινῐου,
1276 540 1399 566 τουτέστι
1412 539 1465 565 τῶν
1478 539 1578 573 γηΐνων
1595 538 1777 573 πραγμάτων,
1791 537 1845 563 πᾶν
1858 535 1890 562 τὸ

1102 585 1262 621 ἁμαρτωλὸν
1278 584 1355 618 γένος
1368 583 1422 610 τῶν
1436 583 1598 618 ἀνθρώπων,
1610 583 1664 609 ἀπὸ
1674 583 1724 618 τῆς
1739 581 1786 608 τοῦ
1801 581 1889 616 ’Δδὰμ

1102 631 1265 662 ἐκπτώσεως
1287 629 1460 666 παραὸάντος
1484 629 1534 664 τὴν
1560 629 1681 664 ἐντολήν·
1703 629 1749 655 καὶ
1768 627 1821 654 ὑπὸ
1843 627 1890 654 τὸν

1102 677 1219 713 ἄρχοντα
1233 676 1281 711 τῆς
1295 676 1426 711 πονηρίας
1437 676 1590 710 γεγονότος,
1604 675 1731 706 λαῦόντος
1743 673 1824 701 αὐτοῦ
1841 673 1891 708 τὴν

1103 724 1236 756 ἐξουσίαν,
1266 723 1312 750 καὶ
1331 723 1424 749 λοιπὸν
1451 722 1600 754 ἀπαύστοις
1623 721 1763 756 λογισμοῖς
1781 719 1891 754 ἀπάτης

1103 769 1150 796 καὶ
1169 769 1264 796 κλόνου
1286 769 1450 800 σινιάζοντος
1468 768 1515 794 καὶ
1524 767 1740 803 προσκρούοντος
1757 766 1797 802 τῷ
1814 765 1892 800 σινίῳ

1102 815 1152 848 τῆς
1171 814 1222 848 γῆς
1237 813 1342 845 πάντας
1361 813 1424 845 τοὺς
1437 813 1513 845 υἱοὺς
1533 812 1579 839 τοῦ
1602 812 1698 844 αἰῶνος
1713 812 1818 839 τούτου.

1140 860 1176 885 B'.
1191 860 1296 894 Ὠσπερ
1311 859 1365 894 γὰρ
1380 859 1409 886 ὲν
1423 859 1462 894 τῷ
1479 859 1555 894 σινίῳ
1566 859 1579 885 ὀ
1594 859 1666 889 σῖτος
1679 857 1732 884 ὑπὸ
1744 857 1789 884 τοῦ
1805 856 1891 884 σινιά-

1104 905 1195 938 ζον-τος
1222 907 1399 941 προσκόπτει,
1423 906 1470 931 καὶ
1489 906 1518 931 ἐν
1541 903 1616 940 αὐτῷ
1633 904 1756 935 ἀστάτως
1781 902 1893 930 σαλευό-

1104 959 1184 986 μενος
1207 951 1364 986 στρέφεται·
1380 950 1452 977 οὕτω
1472 950 1516 977 διὰ
1529 950 1585 977 τῶν
1600 949 1701 985 γηΐνων
1719 949 1892 984 πραγμάτων

1102 997 1207 1028 πάντας
1220 997 1284 1028 τοὺς
1312 996 1472 1030 ἀνθρώπους
1500 995 1608 1031 κατέχει
1637 996 1651 1022 ὁ
1682 995 1732 1030 τῆς
1759 994 1893 1029 πονηρίας

1103 1043 1203 1076 ἄρχων,
1218 1041 1265 1068 καὶ
1279 1041 1312 1068 δι’
1325 1041 1415 1068 αὐτῶν
1432 1041 1550 1075 σαλεύει,
1566 1041 1613 1068 καὶ
1630 1041 1728 1071 κλονεῖ,
1745 1040 1793 1067 καὶ
1805 1047 1892 1075 προσ-

1102 1087 1214 1114 κόπτειν
1241 1088 1313 1114 ποιεῖ
1338 1088 1524 1122 διαλογισμοῖς
1547 1087 1684 1123 ματαίοις,
1701 1087 1747 1113 καὶ
1763 1086 1893 1121 αἰσχραῖς

1101 1133 1262 1168 ἐπιθυμίαις
1273 1133 1321 1160 καὶ
1334 1134 1445 1168 δεσμοῖς
1457 1134 1561 1169 γηῖνοις
1575 1134 1622 1160 καὶ
1637 1133 1791 1167 κοσμικοῖς,
1805 1130 1892 1158 ἀστά-

1100 1189 1154 1212 τως
1171 1179 1376 1214 αἰχμαλωτίζων
1393 1179 1438 1206 καὶ
1454 1179 1564 1211 κλονῶν,
1579 1179 1627 1206 καὶ
1638 1177 1778 1210 Δελεάζων
1793 1178 1847 1203 πᾶν
1859 1176 1892 1203 τὸ

1100 1225 1263 1260 ἁμαρτωλὸν
1279 1225 1357 1260 γένος
1368 1226 1415 1252 τοῦ
1433 1225 1529 1260 Ἀδὰμ,
1552 1225 1589 1256 ὠς
1605 1226 1618 1251 ὁ
1631 1225 1730 1259 Κύριος
1745 1225 1802 1256 τοῖς
1818 1224 1888 1250 ἁπο-

1102 1271 1205 1302 στόλοις
1221 1271 1271 1306 τὴν
1293 1271 1340 1298 τοῦ
1366 1271 1485 1307 πονηροῦ
1515 1271 1576 1298 κατ’
1597 1271 1686 1297 αὐτῶν
1702 1270 1888 1296 ἐπανάστασιν

1103 1319 1251 1354 μέλλουσαν
1277 1319 1387 1346 ἔσεσθαι
1417 1319 1574 1354 προέλεγεν·
1599 1317 1782 1352 Ἐξῃτήσατο
1811 1315 1891 1350 ὑμᾶς

1101 1366 1117 1392 ό
1134 1364 1268 1397 Σατανᾶς
1281 1364 1415 1392 σινιάσαι
1430 1365 1470 1397 ὡς
1485 1366 1537 1392 τὸν
1551 1364 1648 1392 σῖτον·
1658 1364 1726 1391 ἀλλ’
1740 1363 1796 1398 ἐγὼ
1807 1363 1892 1396 ἐδεή-

1101 1413 1157 1445 θην
1181 1411 1235 1438 τοῦ
1258 1413 1374 1446 Πατρός
1397 1420 1474 1446 μου,
1491 1412 1542 1438 ἵνα
1562 1411 1605 1445 μὴ
1621 1411 1732 1444 ἐκλίπῃ
1747 1411 1766 1444 ὴ
1786 1410 1891 1443 πίστις

1099 1457 1193 1492 ὑμῶν.
1216 1457 1245 1484 Ὀ
1268 1457 1323 1492 γὰρ
1339 1457 1378 1492 τῷ
1391 1458 1461 1484 Κάἶν
1476 1457 1527 1484 ὑπὸ
1546 1457 1592 1484 τοῦ
1606 1457 1778 1493 Δημιουργοῦ
1796 1455 1891 1492 ῥηθεὶς

1100 1504 1188 1537 λόγος,
1207 1504 1279 1539 καὶὴ
1294 1503 1432 1538 ἀπόφασις
1445 1505 1485 1536 είς
1500 1504 1530 1530 τὸ
1546 1504 1691 1540 προφανὲς,
1708 1504 1749 1538 τὸ,
1760 1503 1890 1537 Στένων,

259 1543 341 1574 typus
363 1544 391 1566 et
411 1540 501 1575 imago
525 1543 633 1570 occulta
656 1544 779 1571 omnium
804 1551 980 1580 peccatorum
996 1551 1048 1574 cst.

1102 1550 1151 1577 καὶ
1176 1550 1299 1585 τρέμων,
1332 1551 1381 1577 καί
1414 1551 1570 1585 σειόμενος
1595 1551 1652 1585 ἔσῃ
1677 1551 1725 1578 ἐπὶ
1743 1550 1797 1584 τῆς
1821 1549 1889 1585 γῆς,

259 1585 306 1612 Sic
327 1586 402 1612 enim
424 1594 510 1622 genus
527 1587 602 1619 Ad:e,
618 1596 681 1615 cum
697 1590 822 1625 neglecto
838 1591 886 1618 Dei
902 1597 1048 1628 prtecepto,

259 1636 375 1665 peccato
399 1632 548 1660 obnoxium
574 1633 677 1661 factum
701 1640 792 1669 esset,
810 1636 885 1664 illam
905 1637 1049 1672 imaginem

259 1677 379 1705 latenter
404 1678 432 1705 in
458 1686 487 1706 se
510 1679 652 1714 possidere
678 1682 770 1716 C(epit,
798 1683 931 1717 agitatum
955 1689 1050 1718 postea

259 1723 400 1750 continuis
423 1725 637 1759 cogitationibus
663 1731 754 1754 metus
773 1732 800 1754 et
821 1728 938 1761 timoris,
968 1734 1050 1764 atque

259 1769 350 1796 omnis
365 1770 594 1804 perturbationis,
616 1772 700 1799 variis
714 1773 911 1807 cupiditatibus
924 1779 951 1802 et
973 1775 1051 1802 volu-

259 1814 393 1848 ptatibus,
418 1816 544 1851 principe
565 1817 648 1853 hujus
672 1819 778 1851 mundi,
798 1827 907 1847 onmem
931 1820 1049 1848 animam

259 1868 293 1887 ex
309 1861 365 1888 Deo
379 1869 434 1889 non
449 1866 584 1896 rcnatam,
599 1863 653 1891 huc
668 1864 734 1892 illuc
750 1865 918 1900 impellente,
934 1871 962 1894 et
974 1867 1051 1894 velut

258 1906 382 1934 triticum
395 1907 422 1935 in
436 1909 528 1936 cribro
542 1909 673 1944 agitatum
696 1910 807 1938 assidue
819 1911 961 1939 hominum
974 1913 1049 1947 cogi-

259 1953 377 1981 tationes
402 1955 601 1988 conturbante,
628 1961 710 1991 atque
733 1957 942 1986 scductionibus
968 1959 1050 1994 hujus

258 1998 366 2031 mundi,
379 2003 407 2026 et
420 2000 619 2035 voluptatibus.
633 2005 661 2029 et
675 2003 822 2030 timoribus
846 2011 877 2031 ac
904 2004 1050 2039 perturba-

259 2043 382 2072 tionibus
396 2053 492 2072 omncs
504 2046 623 2081 agitante
636 2051 718 2074 atcue
730 2048 880 2076 inescante.

293 2140 338 2167 Ill.
355 2141 448 2175 itaque
463 2142 608 2175 Dominus,
623 2144 772 2171 ostendens
783 2152 831 2171 eos
845 2146 892 2179 qui
905 2145 1048 2174 illecebras

257 2189 286 2213 et
301 2186 470 2214 voluntatem
487 2188 620 2223 principis
633 2197 750 2224 nequam
764 2195 928 2224 sequuntur,
950 2191 1047 2226 imagi-

256 2239 320 2259 nem
333 2231 410 2260 Caini
424 2233 533 2260 malitia:
547 2238 665 2269 gestare,
677 2240 704 2262 ct
720 2236 925 2270 reprehendens
936 2237 1046 2264 eosdem

257 2276 346 2304 dixit;
370 2276 429 2309 Vos,
454 2278 501 2310 ait,
527 2278 657 2306 desideria
683 2281 767 2315 patris
784 2283 864 2308 vestri
891 2281 971 2309 vultis
995 2283 1048 2318 23

255 2321 353 2356 facere.
369 2322 420 2350 Ille
436 2323 566 2351 homicida
578 2331 634 2352 erat
647 2325 679 2352 ab
691 2326 777 2357 initio,
793 2330 817 2352 et
833 2327 860 2354 in
874 2328 983 2354 veritate
994 2335 1047 2354 non

254 2369 368 2396 stetit".
391 2369 485 2405 ltaque
502 2370 660 2398 universum
678 2379 764 2407 genus
785 2372 850 2400 Adae
864 2377 977 2407 peccato
998 2374 1048 2401 ob-

254 2414 379 2448 noxium,
415 2416 673 2445 condemnationem
704 2418 778 2445 illam
802 2419 933 2447 latentem
963 2420 990 2447 in
1017 2428 1046 2447 sc

254 2460 349 2493 habet,
365 2461 495 2489 videlicet
509 2467 639 2497 gementes
660 2471 690 2490 ac
712 2468 851 2491 trementes
868 2466 950 2497 eritis,
969 2469 1047 2500 atque

254 2505 421 2539 agitabimini
431 2507 459 2533 in
473 2508 557 2533 cribro
572 2512 650 2534 terra:
666 2517 681 2534 (ι
697 2507 799 2535 Satana
813 2510 953 2537 cribranle.
970 2511 1048 2539 Sicut

253 2550 328 2577 enim
343 2551 378 2578 ab
390 2560 444 2579 uno
453 2552 538 2580 Adam
548 2561 634 2589 genus
644 2554 784 2582 hominum
795 2564 878 2590 super
891 2562 962 2584 terra
975 2558 1048 2585 mul-

254 2597 407 2631 tiplicatum
423 2603 479 2631 cst;
496 2599 531 2626 ita
545 2607 597 2626 una
608 2599 728 2634 pravitas
742 2601 917 2628 alfcctionum
934 2603 1050 2633 univer:

253 2650 313 2669 sum
331 2650 417 2678 genus
432 2644 575 2671 hominum
593 2645 701 2677 invasit,
720 2646 836 2681 illosque
858 2655 954 2675 omnes
970 2648 1045 2682 prin-

252 2695 317 2722 ceps
333 2688 445 2715 malitiae
459 2690 609 2722 continuis,
624 2691 735 2724 crassis,
754 2692 831 2719 vanis
846 2700 877 2720 ac
895 2693 1045 2719 tumultuo-

252 2733 290 2760 sis
307 2734 520 2769 cogitationibus
535 2742 625 2770 potest
642 2738 775 2765 cribrare.
791 2738 858 2766 Nam
881 2739 953 2766 sicut
973 2747 1044 2766 unus

251 2784 351 2806 ventus
373 2788 468 2808 omnes
483 2782 592 2816 plantas
613 2791 644 2810 ac
663 2784 767 2811 semina
788 2789 877 2818 potest
896 2785 998 2820 agitare
1016 2790 1043 2812 et

288 2867 309 2882 ”
325 2867 390 2895 Luc.
410 2878 472 2902 mi,
489 2871 533 2904 3|,
551 2872 592 2898 32.
635 2874 656 2888 θλ
673 2873 740 2900 Gen.
760 2881 796 2905 tv,
820 2874 859 2900 1‘2.

1100 1596 1186 1628 τύπος
1209 1595 1256 1622 καὶ
1276 1595 1359 1622 είκὼν
1380 1597 1489 1623 πάντων
1505 1597 1557 1622 τῶν
1573 1597 1742 1632 ἁμαρτωλῶν
1761 1597 1892 1632 τυγχάνει

1101 1641 1172 1667 κατά
1187 1641 1216 1667 τὸ
1232 1640 1363 1676 κρυπτόν.
1381 1640 1459 1667 Οὕτω
1477 1640 1530 1675 γὰρ
1544 1641 1662 1668 ἐκπεσὸν
1672 1643 1722 1677 τῆς
1737 1641 1847 1676 ἐντολῆς
1861 1640 1891 1668 τδ

1102 1685 1177 1719 γένος
1200 1685 1295 1721 Ἀδὰμ,
1317 1686 1364 1712 καὶ
1378 1686 1539 1722 ἁμαρτωλὸν
1555 1687 1701 1719 καταστὰν,
1722 1686 1830 1722 ἐκείνην
1842 1685 1892 1722 τὴν

1101 1733 1192 1759 είκόνα
1204 1732 1274 1759 κατὰ
1285 1733 1315 1758 τὸ
1328 1732 1448 1768 κρυπτὸν
1459 1732 1601 1767 κέκτηται,
1616 1733 1796 1767 σαλευόμενον
1807 1733 1892 1759 ἀστά-

1100 1788 1157 1810 τοις
1173 1778 1314 1814 λογισμοῖς
1333 1779 1435 1811 δειλίας
1452 1788 1481 1805 τε
1502 1779 1548 1806 καὶ
1564 1779 1658 1813 φόϐου.
1676 1779 1722 1806 καὶΙ
1738 1778 1828 1814 πάσης
1843 1787 1891 1805 τα-

1102 1825 1199 1860 ραχῆς,
1214 1824 1374 1859 ἐπιθυμίαις
1388 1827 1433 1850 καὶ
1449 1825 1558 1860 ἡδοναῖς
1572 1825 1758 1856 παντοδαπαῖς
1775 1825 1822 1851 καὶ
1835 1833 1893 1851 ποι-

1101 1871 1191 1902 κίλαις
1213 1870 1259 1897 τοῦ
1275 1870 1405 1906 ἄρχοντος
1421 1870 1467 1898 τοῦ
1487 1871 1589 1906 κόσμου
1613 1871 1709 1898 τούτου
1736 1872 1826 1898 πᾶσαν
1843 1870 1894 1906 ψυ-

1100 1916 1150 1952 χὴν
1179 1917 1401 1950 κλυδωνίζοντος,
1426 1917 1476 1953 τὴν
1503 1917 1539 1952 μὴ
1564 1917 1767 1952 γεγεννημένην
1788 1918 1820 1944 ὲκ
1845 1916 1892 1944 τοῦ

1100 1962 1177 1995 Θεοῦ,
1198 1964 1245 1989 καὶ
1264 1963 1302 1994 ὡς
1319 1965 1392 1990 σῖτον
1418 1964 1447 1990 ἐν
1470 1964 1548 1998 σινίῳ
1569 1963 1752 1998 στρεφόμενον
1766 1963 1892 1995 ἀστάτως

1100 2008 1162 2040 τοὺς
1181 2008 1236 2034 τῶν
1257 2008 1407 2043 ἀνῡρώπων
1433 2009 1579 2043 λογισμοὺς
1608 2009 1738 2040 ποικίλως
1763 2008 1894 2035 κλυδωνί-

1100 2053 1203 2087 ζοντος,
1221 2055 1250 2080 ὲν
1275 2055 1395 2086 ἀπάταις
1412 2056 1558 2089 κοσμικαῖς
1575 2054 1693 2089 σαρκὸς,
1716 2054 1764 2080 καὶ
1788 2054 1891 2088 φόϐοις,

1100 2101 1148 2127 καὶ
1164 2102 1298 2136 ταραχαῖς
1315 2100 1419 2132 πάντας
1441 2100 1601 2132 σαλεύοντος
1614 2120 1621 2132 ,
1642 2100 1688 2127 καὶ
1706 2099 1891 2132 δελεάζοντος.

1137 2146 1171 2174 Γ’.
1183 2146 1236 2172 Καὶ
1246 2146 1300 2182 γὰρ
1314 2146 1328 2172 ὁ
1337 2146 1438 2181 Κύριος
1447 2146 1510 2177 τοὺς
1520 2147 1578 2176 ταῖς
1591 2146 1710 2177 ἀπάταις
1723 2146 1769 2173 καὶ
1782 2147 1838 2176 τοῖς
1850 2145 1893 2171 Θε-

1099 2190 1202 2226 λήμασι
1219 2190 1265 2217 τοῦ
1284 2190 1402 2225 πονηροῦ
1428 2190 1670 2222 ἐξακολουθοῦντας
1693 2190 1834 2222 δεικνύων,
1850 2190 1891 2217 ὃτι

1099 2237 1149 2270 τὴν
1163 2237 1256 2263 είκόνα
1270 2236 1317 2263 τοῦ
1331 2236 1456 2272 Κάῖντῆς
1468 2236 1599 2272 πονηρίας
1615 2236 1755 2270 φέρουσιν,
1769 2236 1889 2270 ἐλέγχων

1100 2283 1197 2313 αὐτοὺς
1223 2282 1325 2317 ἔλεγεν·
1358 2283 1460 2317 Ύμεις,
1480 2283 1557 2317 φησὶ,
1575 2282 1627 2315 τὰς
1652 2283 1808 2316 ἐπιθυμίας
1837 2282 1890 2310 τοῦ

1099 2328 1214 2362 Πατρός
1227 2327 1311 2362 ὑμῶν
1329 2328 1431 2355 θέλετε
1451 2328 1560 2355 ποιεῖν·
1585 2328 1716 2362 Ἐκεῖνος
1735 2330 1890 2363 ἀνθρωπο-

1099 2375 1207 2407 κτόνος
1234 2372 1274 2409 ἦν
1301 2374 1456 2409 ἁπαρχῆς,
1486 2374 1536 2401 καὶ
1558 2375 1592 2401 ἐν
1614 2374 1650 2409 τῇ
1683 2375 1811 2409 ἀληθείῃ
1833 2375 1890 2409 οὐχ

1099 2420 1238 2454 ἕστηκεν.
1255 2421 1336 2447 Ὥστε
1362 2422 1416 2447 πᾶν
1445 2421 1606 2456 ἁμαρτωλὸν
1635 2421 1713 2455 γένος
1738 2421 1784 2448 τοῦ
1804 2422 1891 2457 Ἀδὰμ

1098 2467 1147 2502 τὴν
1161 2467 1308 2502 καταδίκην
1322 2466 1428 2502 ἐκείνην
1440 2467 1509 2494 κατὰ
1519 2467 1549 2494 τὸ
1559 2467 1678 2502 κρυπτὸν
1691 2467 1836 2502 κέκτηται,
1849 2465 1889 2500 τὸ,

1099 2513 1260 2545 Στένοντες
1276 2512 1325 2539 καὶ
1340 2513 1497 2547 τρέμοντες
1511 2513 1620 2540 ἔσεσθε
1633 2514 1781 2546 σειόμενοι
1795 2513 1830 2540 ἑν
1850 2512 1890 2546 τῷ

1098 2558 1186 2591 σινίῳ
1206 2557 1261 2592 τῆς
1290 2556 1355 2592 γῆς.
1385 2557 1445 2584 ὑπὸ
1465 2558 1518 2584 τοῦ
1544 2558 1730 2591 σινιάζοντυς
1758 2557 1888 2586 Σατανᾶ.

1099 2603 1206 2637 Ὠσπερ
1221 2603 1275 2638 γὰρ
1293 2603 1321 2635 ἐξ
1338 2603 1396 2634 ὲνὸς
1411 2603 1457 2630 τοῦ
1481 2604 1567 2638 ’Λδὰμ
1590 2605 1644 2631 πᾶν
1679 2605 1708 2631 τὸ
1735 2604 1815 2638 γένος
1834 2604 1889 2631 τῶν

1098 2649 1250 2683 ἀνθρώπων
1261 2649 1306 2675 ἐπὶ
1321 2650 1370 2684 τῆς
1386 2649 1437 2684 γῆς
1451 2649 1611 2685 ὲίξηπλώοη·
1626 2650 1697 2676 οὕτω
1713 2650 1763 2685 μία
1781 2659 1822 2682 τις
1837 2658 1888 2677 κα-

1098 2694 1144 2720 κία
1158 2694 1212 2720 τῶν
1228 2694 1322 2721 παθῶν
1339 2696 1378 2726 είς
1398 2695 1427 2721 τὸ
1443 2695 1606 2730 ἁμαρτωλὸν
1621 2696 1699 2729 γένος
1714 2695 1768 2721 τῶν
1783 2695 1888 2730 ἀνθρώ-

1098 2749 1155 2766 πων
1171 2741 1347 2774 ὲγκατὲδυσε,
1363 2741 1410 2768 καὶ
1426 2741 1530 2772 πάντας
1549 2741 1564 2766 ὁ
1577 2742 1626 2776 τῆς
1642 2741 1741 2772 κακίας
1754 2741 1846 2777 ἄρχων
1859 2742 1887 2768 έν

1097 2786 1235 2818 ἀστάτοις,
1252 2787 1300 2812 κα¹ι
1312 2786 1425 2819 ὑλικοϊς,
1439 2786 1485 2813 καὶ
1500 2787 1638 2822 ματαίοις,
1654 2786 1701 2813 καὶ
1716 2786 1886 2822 ταραχώδεσι

901 2875 1006 2901 ⁵³]ῦαιι
1036 2883 1091 2905 Vill,
1122 2875 1160 2901 Η.
