2064 3152
169 132 220 164 497

793 129 978 161 HOMILI/E.
993 143 1029 148 —
1040 131 1132 162 HOM.
1154 132 1187 163 V.

1746 137 1800 170 498

170 186 309 219 Δογισμοῖς
324 184 453 217 σινιάζειν
465 184 592 219 ἐπαρκεῖ.
607 182 713 217 Ὠσπερ
725 181 782 217 γὰρ
799 179 840 214 εἷς
855 182 955 217 ἄνεμος
971 205 977 217 Α

1027 192 1202 218 ommovere;
1227 190 1275 212 aut
1301 186 1384 214 veluti
1410 195 1471 215 una:
1497 189 1617 217 tenebrat
1640 190 1729 218 noctis
1754 199 1803 226 per

169 232 259 259 πάντα
280 232 316 257 τὰ
337 232 408 265 φυτά
431 231 479 258 κιιλ⁴
499 230 533 257 τὰ
550 229 698 265 σπέρματα
715 229 833 263 ἐπαρκεῖ
853 228 958 255 κλονεῖν

170 278 218 304 καὶ
234 277 316 304 σείειν
328 286 334 292 ·
351 276 367 312 ἢ
388 277 481 311 ὥσπερ
500 276 529 302 ἓν
549 275 645 306 σκότος
659 274 709 309 τῆς
724 273 821 306 νυκτὸς
842 273 889 300 ἐπὶ
907 274 960 300 πᾶ-

171 332 221 351 σαν
235 324 284 358 τὴν
296 323 460 357 οἰκουμένην
474 321 652 356 ὲφαπλοῦται,
671 319 758 350 οὓτως
773 320 787 346 ὁ
804 319 854 354 τῆς
874 327 959 355 πονη-

173 370 234 405 ρίας
258 369 361 405 ἄρχων,
381 369 476 400 σκότος
495 376 521 394 τι
537 367 646 401 λογικὸν
666 366 764 398 κακίας
779 366 827 393 καὶ
843 365 959 392 Θανάτου

171 415 315 450 ὑπάρχων,
337 414 386 441 καὶ
410 413 512 448 ἄνεμός
527 422 569 444 τις
592 411 711 447 κρυπτὸς
728 412 776 438 καὶ
792 411 886 447 ἄγριος
900 419 965 445 τυγ-

172 461 272 496 χάνων,
301 460 354 486 πᾶν
379 459 410 486 τὺ
439 459 486 486 ἐπὶ
511 460 560 493 τῆς
583 459 633 493 γῆς
652 457 730 492 γένος
746 457 800 483 τῶν
812 457 963 492 ἀνθρώπων

174 505 344 537 κλυδωνίζει,
365 505 412 532 καὶ
438 504 582 540 περιφέρει
597 503 726 535 ἀπάταις
741 503 891 537 λογισμοῖς,
915 503 963 530 καὶ

173 551 334 586 ἐπιθυμίαις
346 551 449 585 κόσμου
461 549 596 581 δελεάζων
611 549 660 581 τὰς
671 549 785 584 καρδίας
794 548 848 575 τῶν
858 547 963 583 ἀνθρώ-

174 605 243 628 πων,
261 598 309 624 καὶ
331 596 444 628 σκότους
461 595 610 630 ἀγνωσίας,
637 595 789 631 πηρώσεως
813 594 860 621 καὶ
876 594 962 629 λήθης

175 641 352 677 ἐμπίμπλησι
371 642 461 668 πᾶσαν
476 641 638 676 ψυχὴν,.τὴν
656 641 692 676 μὴ
707 640 812 668 ἄνωθεν
832 648 963 674 γεγεννη-

1013 230 1169 258 universam
1199 235 1299 258 terram
1333 233 1580 268 multiplicantur:
1610 235 1646 263 ita
1666 237 1804 271 princeps

1013 276 1133 308 malitiae,
1160 276 1207 311 qui
1229 282 1272 304 est
1288 278 1364 304 velut
1384 279 1504 307 tenehne
1527 281 1674 309 rationales
1691 282 1803 309 malitias

1013 324 1041 348 et
1066 322 1172 352 mortis.
1197 330 1229 350 ac
1255 323 1333 350 velut
1357 329 1457 351 ventus
1480 319 1606 354 occultus
1629 332 1657 354 et
1677 327 1802 362 agrestis.

1015 375 1096 395 omne.
1117 375 1204 402 genus
1229 369 1390 401 humanum,
1417 371 1490 404 quod
1514 377 1557 399 est
1583 380 1666 407 super
1691 377 1803 405 terram,

1016 412 1162 440 conturbat
1176 421 1208 440 ac
1226 413 1388 449 circumagit
1408 416 1547 443 continuis
1569 418 1802 452 cogitationibus:

1017 462 1044 484 et
1061 456 1248 491 voluptatibus
1265 459 1359 485 mundi
1380 459 1485 486 inescat
1505 460 1586 487 corda
1610 461 1751 488 hominum
1772 469 1806 489 ac

1016 502 1192 529 tenebrarum
1209 503 1373 538 ignorantia,
1387 505 1508 532 excitate
1526 510 1553 532 et
1566 506 1703 534 oblivione
1718 508 1806 542 replet

1015 555 1124 575 onmem
1139 549 1257 576 animam
1272 550 1390 585 desnpcr
1404 559 1457 578 non
1473 558 1607 584 renalam,
1621 557 1703 587 atque
1714 558 1807 582 mente

1015 597 1044 621 et
1070 594 1163 621 animo
1189 595 1216 622 in
1245 596 1375 623 szeculum
1398 597 1473 624 aliud
1494 605 1549 624 non
1574 599 1754 626 translatam:
1777 605 1808 627 ut

1016 639 1121 666 dictum
1141 644 1203 667 est:
1220 640 1317 667 Nostra
1333 643 1495 669 conversatio
1509 644 1537 670 in
1551 643 1620 670 cwlis
1636 649 1672 670 est
1682 644 1715 671 ⁵⁸.

177 689 272 724 μένην,
287 688 334 715 καὶ
348 688 387 724 τῷ
402 689 558 723 φρονήματι
580 689 627 714 καὶ
642 687 681 722 τῷ
694 688 731 723 νῷ
747 687 776 713 ὲν
793 686 867 721 ἄλλῳ
882 686 960 713 αίῶνι
979 686 1208 721 μεταῦεϐηκυῖαν·
1239 686 1330 718 καθὼς
1351 688 1473 724 εἴρηται·
1507 688 1601 724 Ἠμῶν
1620 688 1654 716 δὲ
1673 689 1707 716 τὸ
1721 689 1808 716 πολί-

175 740 269 768 τευμα
285 734 320 761 ἐν
335 733 474 768 οὐρανοῖς
487 732 627 766 ὑπάρχει.

211 781 247 807 A'.
278 779 322 806 Ἐν
338 779 427 814 τούτῳ
448 778 502 813 γὰρ
529 778 703 812 διαφέρουσιν
722 776 747 802 οἱ
763 776 874 810 ἀληθεῖς
897 775 966 810 Χρι-

178 826 281 853 στιανοὶ
298 825 400 856 παντὸς
411 825 457 851 τοῦ
469 824 564 858 γένους
576 823 629 850 τῶν
641 822 802 858 ἀνθρώπων,
819 823 866 849 καὶ
881 821 965 857 πολλὴ

1053 774 1097 801 ιν.
1112 774 1142 802 In
1159 775 1212 802 hoc
1226 775 1299 803 enim
1316 770 1449 803 differunt
1459 777 1515 803 veri
1528 776 1675 804 Christiani
1688 778 1722 805 ab
1734 779 1809 806 omni

1019 827 1118 854 genere
1133 820 1291 854 hominum;
1308 825 1335 848 et
1352 829 1449 857 magna
1465 822 1620 850 dillerentia
1635 823 1705 850 inter
1720 828 1811 851 utros-

176 871 317 903 διάστασις
334 870 436 906 μεταξὺ
461 870 622 905 ἀμφοτέρων
640 869 779 903 τυγχάνει,
792 868 830 899 ὡς
859 868 968 902 προελέ-

1027 872 1084 899 lue,
1111 870 1140 892 ut
1161 866 1286 900 pnedixi,
1309 872 1438 894 versatur
1460 868 1488 894 in
1509 876 1552 900 eo,
1567 868 1641 903 quod
1656 868 1764 899 animus
1783 874 1812 897 et

177 925 272 951 γομεν,
303 916 332 942 ὲν
361 916 400 951 τῷ
433 916 478 942 τὸν
497 915 558 942 νοῦν
576 916 622 942 καὶ
653 915 701 950 τὴν
716 914 834 942 διάνοιαν
853 915 968 940 πάντοτε

178 964 207 990 ὲν
225 962 264 997 τῷ
277 962 395 998 οὐρανίῳ
414 962 568 997 φρονήματι
583 960 739 995 τυγχάνειν,
759 960 806 986 καὶ
818 960 851 986 τὰ
868 959 967 986 αἰώνια

177 1007 269 1041 ἀγαθᾶ
287 1006 494 1042 ὲνοπτρίξεσοαι
515 1006 560 1033 διὰ
582 1006 631 1041 τὴν
653 1005 799 1041 μετουσίαν
829 1005 876 1031 καὶ
907 1013 970 1039 μετ-

179 1053 245 1088 οχὴν
266 1051 313 1078 τοῦ
325 1051 484 1087 Πνεύματος
502 1051 549 1077 τοῦ
576 1051 666 1084 ἁγίου,
691 1049 730 1085 τῷ
750 1049 852 1076 ἄνωθεν
871 1049 971 1081 αὐτοὺς

181 1099 213 1125 ὲκ
229 1097 298 1125 Θεοῦ
324 1097 523 1132 γεγεννῆσθαι,
553 1097 600 1123 καὶ
624 1097 708 1123 τέκνα
725 1095 793 1122 Θεοῦ
811 1097 840 1122 ὲν
856 1094 972 1131 ἀληθείᾳ

182 1147 229 1174 καὶ
250 1146 365 1181 δυνάμει
382 1145 510 1180 γενέσθαι
528 1144 728 1179 κατηξιῶσθαι,
746 1145 792 1170 καὶ
818 1143 858 1174 εἰς
879 1142 972 1168 στάσιν

181 1192 229 1219 καὶ
243 1191 417 1226 ἑδραιότητα,
434 1191 481 1217 καὶ
497 1189 647 1224 ἀταραξίαν
670 1189 717 1215 καὶ
738 1187 910 1214 κατάπαυσιν
921 1187 971 1213 αὺ-

181 1238 243 1269 τοὺς
271 1237 316 1264 διὰ
341 1236 446 1264 πολλῶν
463 1236 577 1270 ἀγώνων
603 1235 649 1262 καὶ
679 1235 782 1266 κόπων,
801 1233 849 1260 καὶ
871 1232 973 1268 χρόνων

183 1283 396 1318 κατηντηκέναι,
425 1282 526 1317 μηκέτι
547 1281 751 1313 σινιαζομένους
775 1279 821 1305 καὶ
841 1286 973 1313 κυμαινο-

186 1329 284 1364 μένους
306 1329 335 1354 ἐν
360 1328 498 1358 ἀστάτοις,
527 1327 574 1354 καὶ
603 1325 728 1361 ματαίοις
761 1325 919 1359 λογισμοῖς*
945 1323 975 1349 ὲν

183 1375 271 1410 τούτῳ
289 1375 343 1401 stat
359 1374 468 1410 μείζους
491 1373 538 1400 καὶ
555 1373 710 1408 κρείττονες
724 1370 771 1397 τοῦ
799 1371 915 1405 κόσμου,
931 1369 976 1396 διὰ

184 1422 215 1448 τὸ
230 1422 278 1448 τὸν
303 1420 365 1447 νοῦν
391 1420 481 1446 αὐτῶν
507 1419 554 1446 καὶ
578 1419 609 1445 τὸ
630 1418 756 1453 φρόνημα
778 1417 827 1451 τῆς
843 1417 932 1451 ψυχῆς
947 1417 976 1443 ὲν

184 1469 217 1503 τῇ
233 1467 281 1494 τοῦ
301 1466 419 1501 Χριστοῦ
443 1467 549 1502 είρήνῃ,
574 1465 623 1492 καὶ
645 1465 673 1491 ἐν
695 1465 727 1499 τῇ
746 1463 791 1490 τοῦ
819 1463 977 1497 Πνεύματος

185 1514 282 1548 ἀγάπῃ
304 1511 461 1547 τυγχάνειν·
485 1510 579 1545 ὥσπερ
601 1510 648 1536 καὶ
673 1509 686 1536 ὁ
702 1508 804 1544 Κύριος
834 1508 898 1544 περὶ
923 1508 977 1534 τῶν

186 1547 316 1586 τοιούτων
332 1557 538 1592 διεξερχόμενος
557 1556 633 1590 ἑλεγε
650 1554 868 1590 μεταῦεϐηκέναι
882 1555 913 1580 ἐκ
929 1554 976 1580 τοῦ
991 1547 1011 1576 C

187 1605 305 1632 θανάτου
330 1604 369 1636 είς
387 1603 437 1637 τὴν
453 1603 538 1637 ζωήν.
564 1601 715 1636 Τοιγαροῦν
731 1601 781 1627 οὐκ
803 1601 832 1626 ὲν
857 1600 978 1635 σχήμασι

187 1653 236 1679 καὶ
259 1651 356 1682 τύποις
373 1650 514 1684 ἐξωτέροις
538 1649 555 1684 ἡ
571 1649 713 1680 ἀλλοίωσις
736 1647 791 1674 τῶν
807 1647 979 1682 Χριστιανῶν

189 1697 319 1732 ὑπάρχει,
341 1696 378 1727 ὡς
406 1695 430 1721 οἱ
457 1694 548 1721 πολλοὶ
575 1694 604 1720 ὲν
619 1693 704 1727 τούτῳ
719 1692 819 1719 οἴονται
844 1689 979 1726 εἶναιτὴν

189 1743 320 1778 διαφορὰν
339 1743 387 1769 καὶ
408 1741 541 1777 διάκρισιν
562 1740 664 1774 μεταξὺ
689 1739 736 1766 καὶ
757 1738 847 1765 αὐτῶν
864 1739 892 1764 ὲν
916 1738 980 1773 σχή-

192 1798 256 1825 μασι
274 1789 322 1816 καὶ
336 1787 443 1819 τύποις·
468 1787 514 1814 καὶ
539 1786 594 1812 ἰδοὺ
625 1783 664 1819 τῷ
681 1784 720 1819 νῷ
745 1784 793 1811 καὶ
817 1785 850 1819 τῇ
877 1782 981 1818 διανοίᾳ

189 1836 278 1870 ὅμοιοι
300 1835 339 1870 τῷ
357 1835 453 1869 κόσμῳ
468 1833 642 1868 τυγχάνουσι,
667 1831 713 1857 τὸν
728 1830 839 1866 σεισμὸν
854 1830 900 1857 καὶ
914 1831 981 1856 ἀκα-

190 1881 341 1908 ταστασίαν
364 1880 419 1906 τῶν
437 1879 589 1913 λογισμῶν,
606 1878 652 1904 καὶ
668 1876 808 1908 ἀπιστίαν,
823 1875 869 1902 καὶ
882 1875 982 1910 σύγχυ-

193 1937 246 1960 σιν,
260 1928 306 1953 καὶ
320 1926 455 1961 ταραχὴν,
479 1925 526 1952 καὶ
550 1924 651 1951 δειλίαν
672 1923 709 1955 ὡς
725 1922 824 1953 πάντες
838 1923 862 1948 οἱ
878 1921 983 1956 hepta»

192 1982 239 2000 ποι
267 1973 385 2008 ἔχοντες.
416 1971 472 1998 Καὶ
487 1970 526 2005 τῷ
543 1970 593 2005 μὲν
611 1969 742 2005 σχήματι,
769 1969 817 1995 καὶ
841 1968 879 2004 τῷ
896 1969 983 1995 δοκεῖν

192 2020 239 2047 τοῦ
255 2020 360 2054 κόσμου
384 2017 552 2053 διαφέρουσι,
570 2017 617 2044 καί
632 2025 704 2042 τισιν
723 2015 868 2051 ἐξωτέροις
884 2023 984 2051 κατορ-

193 2066 312 2101 θώμασι·
339 2066 372 2099 τῇ
398 2064 427 2090 δὲ
456 2063 564 2098 καρδίᾳ,
579 2062 626 2090 καὶ
640 2061 680 2097 τῷ
693 2061 741 2097 νῷ,
759 2062 788 2087 ὲν
810 2062 866 2092 τοῖς
881 2061 985 2096 γηῖνοις

193 2113 303 2147 δεσμοῖς
317 2111 450 2141 δέδενται,
466 2109 621 2137 ἀνάπαυσιν
636 2109 668 2134 ἐκ
680 2107 727 2134 τοῦ
748 2107 816 2134 Θεοῦ
842 2108 889 2134 καὶ
907 2106 986 2142 εἰρή-

194 2166 243 2192 νην
266 2158 316 2192 τὴν
338 2156 384 2182 τοῦ
412 2154 572 2190 Πνεύματος
594 2153 718 2189 οὐράνιον
734 2153 762 2179 ὲν
777 2154 809 2188 τῇ
832 2153 931 2188 καρδίᾳ
949 2152 986 2187 μὴ

195 2202 370 2238 κεκτημένοι·
384 2201 446 2227 ἐπεὶ
463 2200 508 2227 οὖν
527 2200 578 2227 οὐκ
595 2199 732 2234 ἐζήτησαν
752 2197 829 2234 παρὰ
841 2197 920 2230 Θεοῦ,
937 2198 985 2224 καὶ
1002 2207 1024 2235 D

196 2249 246 2276 οὐκ
264 2249 430 2275 ἐπίστευσαν
446 2246 548 2273 τούτων
566 2245 782 2279 καταξιωθῆναι.

229 2295 270 2321 ιε’.
288 2294 333 2320 Ἐν
353 2293 408 2328 γὰρ
430 2293 462 2327 τῇ
479 2292 526 2318 τοῦ
549 2291 608 2323 νοὸς
622 2291 792 2317 ἀνακαινίσει
809 2289 856 2317 καὶ
881 2291 913 2325 τῇ
931 2289 986 2316 τῶν

197 2339 335 2375 λογισμῶν
363 2340 470 2375 εἰρήνῃ,
498 2339 545 2365 καὶ
569 2339 603 2372 τῇ
629 2336 677 2363 τοῦ
704 2336 806 2372 Κυρίου
827 2336 922 2372 ἀγάπῃ
940 2335 987 2362 καὶ

197 2385 317 2421 οὐρανίῳ
350 2384 442 2420 ἔρωτι,
469 2385 485 2419 ἡ
515 2383 594 2418 καινὴ
623 2382 712 2413 κτίσις
739 2382 793 2408 τῶν
815 2381 987 2415 Χριστιανῶν

198 2433 307 2460 πάντων
323 2430 475 2466 ἀνθρώπων
497 2429 545 2456 τοῦ
571 2429 675 2463 κόσμου
690 2428 827 2463 διαφέρει.
843 2427 889 2453 Διὸ
907 2428 954 2453 καὶ
971 2427 988 2461 ἡ

198 2477 306 2509 ἐλευσις
329 2476 376 2502 τοῦ
401 2475 505 2511 Κυρίου
522 2475 629 2509 γέγονε,
643 2473 747 2500 τούτων
761 2473 816 2500 τῶν
839 2481 987 2506 πνευματι-

198 2523 254 2550 κῶν
280 2521 394 2557 ἀγαθῶν
411 2520 578 2553 καταξιῶσαι
595 2521 657 2552 τοὺς
679 2519 787 2554 ἀληθῶς
812 2518 990 2550 πιστεύοντας

198 2570 238 2602 εἰς
262 2569 355 2596 αὐτόν.
374 2567 547 2603 Χριστιανῶν
575 2567 630 2601 γὰρ
653 2567 669 2601 ἠ
685 2566 758 2598 δόξα,
777 2566 824 2594 καὶ
838 2565 867 2592 τὸ
881 2565 988 2597 κάλλος,

200 2615 246 2642 καὶ.
262 2616 276 2642 ό
292 2614 406 2645 πλοῦτος
423 2614 438 2640 ὁ
456 2613 582 2648 οὐράνιος
605 2611 737 2646 ἀλάλητός
759 2612 829 2643 ἐστι,
852 2611 898 2637 καὶ
921 2609 991 2645 μετὰ

200 2661 293 2693 πονου,
322 2659 369 2686 καὶ
386 2659 516 2694 ἱδρώτων,
535 2658 583 2684 καὶ
608 2656 786 2692 δοκιμασιῶν,
812 2657 859 2683 καὶ
876 2655 990 2690 ἀγώνων

202 2706 308 2732 πολλῶν
325 2704 513 2740 ποριζόμενος·
525 2704 555 2730 τδ
569 2703 598 2729 δὲ
611 2703 681 2736 ὅλον,
693 2702 783 2737 χάριτι
795 2701 874 2728 Θεοῦ.
891 2703 922 2728 Εἰ
936 2702 991 2737 γὰρ

201 2748 219 2784 ἡ
237 2747 284 2775 τοῦ
299 2748 421 2782 ἐπιγείου
439 2747 570 2783 βασιλέως
584 2746 633 2773 θέα
646 2746 802 2782 ὲπιθυμητὴ
814 2747 889 2782 παρὰ
907 2747 991 2774 πᾶσιν

237 2839 260 2855 ⁸⁸
284 2838 404 2874 Philipp.
423 2846 461 2872 lli,
480 2838 524 2866 20.
563 2838 585 2854 "
598 2837 678 2866 Joan.
695 2845 720 2870 ν,
738 2836 782 2864 24.

1019 910 1176 939 intellectus
1203 911 1423 940 Christianorum
1449 921 1559 948 semper
1585 914 1657 941 circa
1685 914 1812 942 caelestes

1019 960 1199 994 cogitationes
1222 965 1358 994 versetur,
1384 965 1412 989 et
1436 962 1555 989 coelestia
1581 962 1651 989 bona
1672 962 1813 989 intueatur

1019 1010 1132 1040 propter
1148 1006 1386 1041 participationem
1409 1007 1528 1042 Spiritus
1547 1007 1652 1040 sancti;
1669 1007 1742 1042 quod
1764 1007 1814 1035 de-

1020 1059 1103 1086 super
1116 1059 1150 1078 ex
1164 1052 1220 1079 Deo
1232 1052 1299 1085 nati,
1316 1057 1344 1080 et
1359 1058 1391 1080 ut
1405 1053 1470 1080 [iant
1485 1053 1532 1080 filii
1549 1053 1596 1080 Dei
1613 1053 1640 1080 in
1657 1054 1772 1082 veritate
1786 1057 1814 1080 et

1021 1097 1154 1132 potentia,
1173 1097 1248 1133 digni
1270 1098 1419 1125 existimati
1437 1098 1501 1131 sint,
1517 1103 1598 1133 atque
1615 1098 1648 1125 ad
1667 1103 1768 1126 statum
1786 1103 1815 1126 et

1023 1143 1212 1176 Stabilitalem,
1227 1147 1255 1170 et
1271 1143 1496 1178 tranquillitatem
1509 1152 1541 1171 ac
1556 1145 1678 1179 requiem
1693 1153 1741 1179 per
1756 1153 1815 1171 ma-

1023 1195 1090 1222 gnos
1113 1188 1222 1216 labores
1234 1196 1266 1216 ac
1278 1189 1394 1216 sudores
1409 1189 1494 1216 multa
1511 1193 1573 1224 post
1591 1195 1713 1224 tempora
1729 1189 1814 1216 deve-

1024 1237 1127 1268 nerint,
1154 1237 1232 1264 nullo
1264 1238 1382 1273 amplius
1411 1237 1505 1265 cribro
1532 1237 1640 1272 agitati,
1658 1245 1748 1272 neque
1765 1237 1815 1264 ﬂu-

1025 1287 1152 1310 ctuantes
1166 1283 1194 1310 in
1213 1283 1324 1311 caducis
1337 1292 1369 1312 ac
1377 1284 1454 1311 vanis
1465 1283 1688 1319 cogitationibus.
1711 1284 1740 1311 In
1761 1292 1815 1319 quo

1026 1329 1146 1364 majores
1171 1337 1203 1357 ac
1227 1329 1356 1357 meliores
1374 1334 1439 1357 sunt
1461 1330 1574 1362 mundo,
1593 1337 1626 1357 eo
1643 1330 1715 1365 quod
1734 1331 1816 1357 intel-

1025 1375 1112 1402 lectus
1133 1382 1239 1406 eorum,
1260 1380 1288 1402 et
1312 1375 1442 1410 cogitatio
1459 1376 1557 1403 animm
1572 1376 1599 1402 in
1618 1375 1719 1403 Christi
1738 1383 1814 1410 pace.

1027 1426 1108 1455 atque
1119 1420 1146 1448 in
1159 1421 1305 1448 dilectione
1319 1421 1438 1456 Spiritus
1454 1426 1588 1453 versetur,
1602 1421 1673 1448 sicut
1686 1421 1818 1449 Dominus

1028 1466 1062 1493 de
1088 1466 1163 1494 hisce
1187 1473 1341 1493 sermonem
1366 1466 1479 1496 habens.
1505 1467 1592 1494 dixit:
1611 1466 1664 1493 Eos
1682 1467 1818 1493 transiisse

1029 1522 1061 1540 ea;
1078 1519 1162 1540 morte
1183 1514 1210 1540 in
1234 1514 1358 1541 vitum".
1374 1514 1434 1542 Non
1449 1514 1532 1548 igitur
1547 1515 1574 1542 in
1591 1515 1686 1550 figuris
1699 1520 1746 1542 aut
1761 1515 1819 1542 for-

1029 1560 1081 1587 mis
1092 1559 1278 1587 exterioribus
1291 1560 1437 1587 diversitas
1447 1561 1668 1588 Christianorum
1682 1560 1818 1590 consistit.

1029 1607 1259 1641 quemadmodum
1282 1606 1309 1634 in
1327 1607 1381 1634 hoc
1394 1607 1554 1635 existimant
1575 1608 1654 1634 multi
1669 1607 1820 1635 consistere

1029 1653 1216 1681 diversitatem
1234 1661 1267 1680 ac
1280 1652 1463 1680 dill‘erenliam
1479 1653 1551 1680 inter
1564 1661 1620 1685 eos.
1636 1653 1662 1680 in
1674 1654 1821 1687 superﬁcie

1030 1706 1063 1726 ac
1085 1698 1190 1734 ﬁguris.
1212 1698 1319 1734 Quippe
1336 1699 1409 1734 quod
1429 1699 1497 1727 tales
1513 1704 1603 1726 mente
1617 1703 1699 1734 atque
1717 1700 1821 1734 cogita—

1032 1745 1106 1772 tione
1122 1745 1227 1772 similes
1242 1748 1307 1772 sunt
1320 1745 1433 1777 mundo,
1449 1753 1481 1772 ac
1496 1746 1679 1772 commotione
1695 1749 1722 1772 et
1739 1746 1823 1773 iusta-

1031 1790 1138 1818 bilitate
1152 1790 1361 1824 cogilationum.
1376 1789 1579 1822 incredulitate,
1602 1789 1774 1822 confusione,
1795 1795 1823 1818 ct

1035 1836 1242 1871 perturbatione
1260 1843 1291 1862 ac
1307 1840 1391 1867 metu,
1413 1842 1443 1863 ut
1457 1836 1548 1863 caueri
1569 1843 1664 1863 omnes
1685 1836 1822 1868 homines,

1032 1881 1167 1908 laborent.
1183 1880 1217 1907 Et
1231 1880 1258 1906 hi
1273 1880 1383 1915 quidem
1400 1880 1546 1915 superﬁcie
1557 1885 1635 1907 tenus
1648 1887 1679 1906 ac
1693 1881 1823 1914 opinione

1032 1931 1061 1954 et
1074 1930 1189 1953 externo
1204 1925 1322 1960 quodam
1336 1930 1410 1953 recte
1425 1925 1506 1958 facto,
1523 1933 1538 1952 a
1555 1926 1657 1953 mundo
1674 1926 1822 1953 diﬂ‘erunt:

1033 1973 1081 2000 sed
1107 1972 1190 2000 corde
1216 1976 1297 2007 atque
1323 1972 1415 1999 animo
1433 1972 1550 1999 terrenis
1572 1972 1677 2007 laqueis
1699 1972 1823 2006 impediti

1034 2022 1108 2050 sunt,
1127 2017 1250 2052 requiem
1269 2017 1389 2044 divinam
1405 2021 1432 2045 et
1446 2017 1584 2044 caelestem
1599 2025 1693 2052 pacem
1707 2017 1826 2052 Spiritus

1035 2064 1063 2091 in
1087 2064 1169 2091 corde
1194 2071 1250 2090 non
1273 2063 1457 2098 possidentes,
1485 2071 1518 2090 eo
1534 2063 1607 2098 quod
1624 2071 1679 2090 non
1697 2063 1826 2098 petierint

1035 2118 1050 2137 a
1068 2110 1133 2143 Deo,
1155 2117 1207 2137 nec
1231 2110 1266 2137 iis
1291 2117 1320 2137 se
1347 2109 1520 2137 crediderint
1543 2109 1642 2145 dignos
1669 2114 1826 2145 reputatum

1038 2164 1083 2183 ΙΙΊ.

1072 2289 1104 2316 ν.
1125 2289 1176 2316 Per
1195 2288 1295 2315 mentis
1312 2287 1385 2314 enim
1401 2287 1624 2319 renovationem,
1640 2291 1667 2314 et
1684 2286 1827 2321 cogitatio-

1038 2343 1103 2362 num
1135 2334 1379 2369 tranquillitatem,
1403 2337 1430 2361 et
1453 2334 1630 2361 dilectionem
1657 2332 1779 2363 Domini,
1799 2335 1827 2359 et

1038 2388 1159 2408 amorem
1183 2380 1334 2409 ctelestem.
1352 2380 1442 2406 omnis
1460 2387 1530 2406 nova
1545 2383 1670 2405 creatura
1693 2377 1828 2405 Christia-

1037 2434 1137 2453 norum
1159 2425 1193 2452 ab
1213 2425 1372 2452 hominibus
1387 2425 1469 2458 hujus
1484 2424 1578 2450 mundi
1594 2424 1743 2458 discrepal.
1759 2424 1828 2450 Pro-

1037 2476 1132 2506 pterea
1156 2471 1229 2497 enim
1252 2470 1387 2498 adventus
1414 2469 1523 2498 Domini
1549 2469 1679 2504 contigit,
1701 2473 1732 2496 ut
1754 2468 1829 2496 hisee

1039 2517 1230 2552 spiritualibus
1254 2517 1332 2544 bonis
1343 2517 1503 2551 dignaretur
1513 2523 1577 2543 vere
1591 2516 1618 2542 in
1630 2523 1658 2543 se
1673 2515 1828 2543 credentes.

1040 2563 1134 2591 Gloria
1158 2563 1234 2590 enim
1259 2562 1478 2590 Christianorum
1498 2566 1525 2589 et
1540 2561 1728 2596 pulchritudo,
1743 2566 1771 2588 et
1788 2561 1830 2588 di-

1041 2609 1114 2637 vitia:
1132 2609 1257 2637 cmlestes
1279 2608 1432 2636 ineﬂabiles
1445 2613 1519 2640 sunt,
1535 2612 1563 2634 et
1579 2615 1677 2642 magno
1691 2607 1785 2634 labore
1799 2614 1831 2634 ac

1042 2655 1153 2685 sudore.
1171 2654 1368 2682 tenlationibus
1382 2658 1410 2680 et
1424 2652 1624 2680 certaminibus
1635 2651 1729 2679 multis
1737 2652 1831 2686 acqui-

1042 2701 1112 2729 sitae.
1137 2700 1214 2733 Quod
1241 2704 1329 2727 totum
1349 2699 1443 2735 gratiae
1462 2699 1563 2726 divinze
1581 2697 1786 2725 ascribendum.
1801 2697 1831 2724 Si

1042 2746 1117 2775 enim
1135 2746 1236 2774 terreni
1253 2746 1325 2781 regis
1342 2748 1471 2781 aspectus
1483 2745 1518 2772 ab
1531 2743 1661 2772 omnibus
1673 2743 1832 2771 hominibus
