2064 3152
245 143 298 176 439

869 136 1083 177 8.ΜΑ(ΣΑΒῘΙ
1105 145 1266 178 /EGYPTII

1829 149 1882 181 506

246 201 433 234 desideratur,
446 205 473 230 et
486 201 587 234 omnis,
600 201 646 236 qui
666 201 693 228 in
707 201 775 229 urbe
787 201 860 237 regis
872 201 1039 233 diversatur,

1099 203 1248 240 ὶνορὼποις
1265 205 1405 240 τυγχάνει,
1422 205 1469 232 καὶ
1480 205 1532 237 πᾶς
1549 213 1591 237 τις
1606 205 1747 240 ἑπιδημίὶιν
1761 206 1790 232 ὲν
1809 207 1884 232 πόλει

246 247 385 276 desiderat
403 248 437 275 ad
456 247 598 274 minimum
614 247 847 282 pulchritudinem
861 248 921 282 ejus
933 247 1038 279 videre,

247 299 295 322 aut
316 294 479 329 elegantiam
503 293 557 329 24
579 293 818 325 vestimentorum,
843 297 891 320 aut
911 300 1040 328 purpura:

248 341 433 375 splendorem,
450 340 588 367 variarum
607 340 818 374 margaritarum
837 340 966 372 niterent,
979 339 1040 366 dia-

248 387 365 414 dematis
382 386 522 417 decorent.
545 391 628 421 atque
650 386 836 420 praestantiam
856 393 963 417 eorum,
981 392 1041 419 qua:

248 433 281 459 ad
296 433 463 467 majestatem
481 433 540 467 eius
557 432 710 467 pertinent;
728 432 780 459 nisi
796 431 869 466 quod
883 431 1042 466 spiritttales

249 479 345 506 isthme
362 483 556 509 contemnant,
580 479 645 513 quia
664 479 744 505 aliam
764 478 878 512 gloriam
901 477 1041 504 cmlestetn

250 526 439 560 incorporeatn
463 524 579 559 experti,
602 525 654 552 alia
681 523 813 551 ineﬂ‘ahili
837 522 1042 557 pulchritudine

249 572 383 603 sauciati,
410 571 582 606 aliarumque.
614 571 772 597 divitiarum
805 569 954 604 participes
979 573 1044 595 sunt

249 618 324 650 facti,
341 623 369 644 et
389 618 539 645 secundum
567 618 703 643 internum
722 616 871 647 hominem,
887 615 970 641 alium
987 615 1044 648 spi—

250 664 333 690 ritum
356 663 497 689 consecuti
516 667 590 689 snnt.
607 661 741 695 Quoniam
757 661 839 696 igitur
852 660 936 696 hujus
949 661 1044 687 mundi

250 709 392 740 homines,
420 709 467 743 qui
493 709 620 743 spiritum
644 707 738 734 mundi
764 707 922 742 possident,
947 714 1045 741 magno

249 755 388 782 desiderio
418 759 546 782 tenetttttr
572 754 676 781 terreni
717 753 789 789 regis
823 753 1044 787 contemplandi,

249 802 346 828 saltem
369 809 430 828 cum
457 801 531 828 omni
556 805 657 827 ornatu
681 806 709 827 et
732 801 818 835 gloria
840 800 920 835 ejus:
943 802 1046 834 quanto

249 848 322 874 (‘tlllli
337 847 363 874 in
379 848 412 874 iis
434 855 495 882 (ιιιιο
509 847 649 878 videnlur,
673 847 796 874 conditio
815 847 876 882 eius
897 846 983 881 major
1005 849 1047 872 est

251 902 334 929 quam
360 894 483 920 omnittm
508 893 666 924 hominum,
682 897 758 920 tanto
784 893 945 927 gloriosius,
971 896 1046 920 tanto

251 940 402 975 optabilius
416 940 450 966 ab
464 940 592 966 omnibus
611 940 732 966 habetur
749 940 791 966 vel
806 944 911 966 tantum
929 938 1044 969 vidisse,

251 990 280 1013 et
304 985 493 1020 unusquisque
508 985 579 1020 apud
602 993 630 1012 sc
649 986 717 1012 dicit
736 995 741 1011 :
768 985 875 1012 Utinam
898 985 956 1020 quis
981 984 1045 1010 mihi

251 1032 329 1059 illam
355 1033 479 1067 gloriam,
504 1033 622 1058 decorem
649 1040 680 1058 ac
702 1031 867 1066 splenderent
893 1030 1016 1057 concedat
1037 1031 1046 1056 !

253 1078 406 1113 pnedicans
423 1085 486 1104 ettm
500 1077 620 1109 beatum,
637 1077 754 1104 similem
771 1077 873 1112 alioqui
888 1077 942 1108 sui,
959 1081 1047 1104 terre-

252 1131 330 1154 num,
342 1123 494 1157 iisdemque
507 1123 699 1150 atl'cctionibus
713 1123 862 1149 obnoxium
877 1126 959 1157 atque
972 1130 1047 1150 utor-

253 1171 350 1203 talem,
374 1175 490 1205 propter
516 1175 739 1197 tnomcntancum
770 1178 838 1197 vero
869 1173 998 1196 ornatum
1019 1172 1046 1196 et

255 1217 369 1252 gloriam
385 1217 608 1244 desiderabilem.

288 1263 333 1291 Vl.
358 1262 385 1290 Si
406 1263 500 1298 igitur,
516 1263 639 1297 inquam,
655 1262 779 1290 carnales
798 1262 924 1289 homines
936 1261 1046 1289 deside-

255 1313 316 1336 rant
328 1313 471 1344 tantopere
487 1309 601 1344 gloriam
621 1309 723 1336 terreni
745 1310 827 1344 regis,
841 1312 945 1344 quanto
961 1308 1046 1343 magis

254 1354 294 1386 hi,
311 1354 337 1381 in
358 1363 428 1389 quos
451 1354 593 1382 instillavit
617 1359 693 1390 gutta
712 1354 831 1389 Spiritus
851 1355 923 1387 vitae,
939 1355 986 1390 qui
1004 1359 1046 1383 est

254 1401 424 1432 divinitatis;
437 1404 465 1427 et
478 1408 595 1435 quorum
608 1408 657 1428 cor
671 1401 828 1428 vulneravit
842 1409 935 1428 amore
951 1401 1046 1428 divino

253 1454 318 1482 erga
334 1447 475 1474 cmlestcm
492 1454 583 1482 regem
598 1446 749 1478 Christum,
765 1447 884 1474 devincti
899 1453 963 1474 sunt
985 1447 1047 1481 pul-

254 1491 413 1520 chritudine
427 1492 471 1518 illa
489 1496 517 1519 et
535 1491 621 1526 gloria
641 1492 782 1523 ineﬂ'ahili.
799 1497 827 1519 et
842 1493 942 1520 decore
956 1493 1046 1519 ineor-

1092 250 1234 285 βασιλέως,
1252 251 1381 286 ἐπιθυμεῖ
1402 251 1453 277 κᾶν
1473 251 1554 286 μόνον
1575 251 1725 278 θεάσασθαι
1742 251 1772 277 τὸ
1788 252 1886 284 κάλλος

1091 296 1184 329 αὑτοῦ,
1201 297 1216 331 ἢ
1233 297 1282 331 τὴν
1295 297 1450 337 ὡραιότητα
1466 297 1520 323 τῶν
1535 297 1703 332 ἐνδυμάτων,
1720 298 1736 333 ἣ
1752 299 1801 333 τῆς
1818 307 1885 333 πορ-

1092 342 1182 377 φύρας
1211 343 1258 377 τὴν
1280 343 1376 375 δόξαν.
1397 343 1451 369 τῶν
1481 344 1612 369 ποικίλων
1644 343 1824 379 μαργαριτῶν
1855 344 1886 370 τδ

1092 389 1200 420 κάλλος,
1225 388 1271 415 τοῦ
1297 389 1462 424 διαδήματος
1486 389 1535 423 τὴν
1556 389 1735 423 εὐπρέπειαν,
1754 389 1806 415 τῶν
1837 389 1886 416 σὺν

1092 434 1167 469 αὑτῷ
1197 434 1362 468 ἀξιωμάτων
1397 434 1446 468 τὴν
1474 434 1636 469 τιμιότητα⁸
1657 434 1736 465 ἐκτὸς
1758 435 1782 460 εἰ
1801 434 1837 468 μὴ
1860 434 1885 460 οἱ

1094 481 1276 514 πνευματικοὶ
1299 480 1480 513 ἐξουδενοῦσιν
1498 481 1578 513 αὐτὰ,
1599 481 1643 507 διὰ
1663 481 1692 507 τὸ
1708 481 1791 515 ἄλλης
1805 481 1886 514 δόξης

1094 527 1258 562 ἐπουρανίου
1288 528 1334 554 καὶ
1361 528 1507 562 ἀσωμάτου
1533 526 1728 562 πεπειρᾶσθαι⁷
1745 527 1791 553 καὶ
1813 526 1886 561 ἄλλῳ

1095 574 1188 601 κάλλει
1200 574 1312 608 ἀρρήτῳ
1329 573 1490 609 τετρῶσθαι,
1507 574 1555 599 καὶ
1570 573 1650 600 ἄλλου
1664 573 1779 599 πλούτου
1796 581 1886 599 κεκοι-

1095 619 1258 654 νωνηκέναι.
1278 619 1325 644 καὶ
1340 619 1377 653 τῷ
1399 618 1453 644 ἔσω
1472 617 1608 653 ἀνθρώπῳ
1631 618 1752 649 ἔσεσθαι,
1777 618 1824 644 καὶ
1839 617 1886 649 5,).-

1095 666 1141 693 λου
1162 665 1318 700 πνεύματος
1335 665 1468 699 μετέχειν.
1493 664 1571 690 Ἐπεὶ
1582 664 1628 690 οὖν
1643 664 1689 690 τοῦ
1704 665 1806 699 κόσμου
1821 663 1886 690 τοὺ-ν

1097 721 1143 739 του
1160 712 1310 746 ἄνθρωποι,
1328 712 1352 737 οἱ
1372 712 1404 737 τὸ
1422 711 1532 746 πνεῦμα
1541 710 1588 736 τοῦ
1602 711 1706 745 κόσμου
1723 710 1841 744 ἔχοντες,
1856 709 1886 735 ἐν

1098 759 1183 793 πολλῇ
1195 758 1328 793 ἐπιθυμία
1349 757 1402 783 εἰσὶ
1423 757 1470 783 τοῦ
1488 757 1533 782 τὴν
1553 756 1673 790 ἐπίγειον
1693 755 1804 790 βασιλέα
1821 755 1886 781 θεά-

1099 804 1208 835 σασθαι,
1226 804 1305 838 μόνον
1319 812 1367 830 συν
1379 803 1453 839 πάσῃ
1471 804 1503 838 τῇ
1520 803 1673 838 εὐπρεπείᾳ
1695 803 1742 829 καὶ
1763 802 1826 839 δόξῃ
1843 803 1888 834 αὺ-

1099 850 1156 877 τοῦ·
1179 851 1242 876 ὅσον
1257 850 1310 884 γὰρ
1327 850 1356 875 ἐν
1376 850 1431 880 τοῖς
1446 849 1619 883 φαινομένοις
1641 848 1731 883 πολλῷ
1747 849 1848 884 μείζων
1870 849 1887 883 ἡ

1100 895 1178 930 μερὶς
1206 894 1288 921 αὑτοῦ
1315 896 1372 920 ἐστι
1397 894 1473 928 παρὰ
1499 893 1603 925 πάντας
1626 894 1689 924 τοὺς
1714 893 1887 928 ἀνθρώπους,

1098 942 1185 973 οὕτως
1206 940 1320 972 ἔνδοξον,
1338 939 1422 970 οὕτως
1438 938 1605 973 ἐπιθυμητὸν
1622 938 1674 964 ὑπὸ
1692 938 1812 970 πάντων,
1835 938 1889 964 κᾶν

1097 987 1136 1022 τῷ
1159 987 1291 1021 θεαθῆναι
1320 986 1416 1020 μόνον·
1445 986 1492 1011 καὶ
1511 985 1627 1016 ἕκαστος
1643 985 1672 1010 ὲν
1689 984 1779 1018 ἐαυτῷ
1802 984 1888 1018 λέγει’

1098 1033 1168 1060 Εἴθε
1186 1041 1231 1064 τις
1245 1031 1336 1057 ἑδωκέ
1354 1039 1403 1065 μοι
1425 1030 1548 1062 ἐκείνην
1565 1029 1622 1062 τὴν
1635 1028 1740 1061 δόξαν,
1766 1028 1815 1055 καὶ
1831 1028 1891 1062 τὴν·

1097 1077 1289 1111 εὐπρέπειαν,
1303 1076 1351 1102 καὶ
1370 1075 1427 1108 τὴν
1442 1076 1616 1109 ὡραιότητα,
1639 1075 1798 1110 μακαρίζων
1816 1075 1890 1101 ἐκεῖ·

1098 1131 1142 1149 νον
1162 1122 1207 1148 τὸν
1227 1122 1320 1156 ὅμοιον
1348 1120 1430 1147 αὐτοῦ
1458 1121 1563 1156 γήἶνον,
1592 1120 1639 1146 καὶ
1671 1120 1824 1154 ὁμοιοπαθῆ
1842 1120 1890 1146 καὶ

1099 1169 1195 1204 θνητὸν
1210 1169 1284 1199 ὄντα,
1299 1168 1343 1194 διὰ
1358 1168 1386 1194 δὲ
1400 1167 1449 1202 τὴν
1467 1168 1635 1202 πρόσκαιρον
1648 1167 1827 1202 εὐπρέπειαν,
1843 1166 1891 1192 καὶ⁹

1098 1215 1188 1247 δόξαν,
1202 1214 1384 1250 ἑπιθυμητόν.

1135 1263 1181 1295 ς’.
1206 1262 1237 1288 Εἰ
1255 1259 1301 1287 οὖν
1323 1261 1410 1292 οὕτως
1434 1261 1460 1287 oi.
1481 1259 1608 1296 σαρκικοὶ
1625 1259 1765 1294 ἄνθρωποι
1788 1259 1892 1285 ἐπιθυ-

1101 1308 1181 1343 μοῦσι
1201 1309 1252 1342 τῆς
1264 1308 1343 1342 δόξης
1359 1308 1405 1334 τοῦ
1421 1308 1517 1342 γηῖνου
1535 1307 1678 1342 βασιλέως,
1697 1306 1773 1340 πόσῳ
1789 1305 1892 1340 μᾶλλον

1098 1353 1138 1386 οἷς
1154 1355 1298 1387 ὲνέσταξεν
1326 1354 1417 1390 ἐκείνη
1445 1355 1462 1389 ἡ
1491 1354 1566 1389 ῥανὶς
1591 1353 1638 1380 τοῦ
1662 1352 1821 1387 Πνεύματος
1841 1353 1891 1386 τῆς

1099 1403 1171 1437 ζωῆς
1185 1402 1233 1436 τῆς
1247 1402 1374 1436 θεότητος
1386 1422 1393 1434 ,
1417 1401 1464 1427 καὶ
1480 1401 1583 1436 ἔτρωσε
1597 1400 1647 1435 τὴν
1669 1400 1783 1434 καρδίαν
1801 1397 1892 1425 αὐτῶν

1099 1448 1180 1484 ἔρωτι
1206 1448 1281 1482 θείῳ,
1299 1447 1367 1482 προς
1389 1446 1434 1473 τὸν
1457 1446 1619 1482 ἐπουράνιον
1635 1445 1747 1480 βασιλέα
1762 1443 1890 1479 Χριστὸν,

1099 1497 1138 1528 εἰς
1163 1497 1251 1522 ἐκεῖνο
1269 1495 1299 1521 τὸ
1316 1495 1413 1526 κάλλος
1428 1494 1546 1521 δέδενται
1568 1493 1615 1519 καὶ
1639 1493 1688 1527 τὴν
1707 1491 1892 1526 ἀνεκλάλητον

255 1537 383 1573 rttptibili
407 1542 435 1565 et
462 1538 791 1572 incotnprehensihilibtts
814 1539 919 1566 divitiis
942 1540 999 1566 veri
1018 1544 1046 1567 et

1099 1543 1175 1574 δόξαν
1191 1542 1237 1568 καὶ
1255 1540 1392 1575 ἄφθαρτον
1408 1540 1588 1575 εὐπρέπειαν,
1605 1540 1651 1565 καὶ
1666 1539 1713 1565 τον
1728 1539 1891 1572 ἀνεννόητον

254 1584 351 1612 aeterni
373 1583 445 1619 regis
462 1583 576 1616 Christi,
592 1584 670 1619 cujus
686 1589 749 1611 voto
769 1589 798 1611 et
814 1584 954 1612 desiderio
973 1585 1046 1619 capti

256 1634 396 1662 tenentur,
414 1629 461 1657 toti
475 1629 588 1656 omnino
603 1629 636 1656 ad
648 1638 711 1657 ettm
724 1630 862 1663 conversi,
881 1635 963 1665 atque
974 1631 1048 1658 desi-

255 1676 356 1704 derant
374 1676 506 1711 consequi
529 1677 724 1704 inenarrabilia
751 1677 796 1704 illa
818 1677 900 1710 bona,
920 1685 982 1712 quae
1000 1685 1049 1712 per

255 1721 390 1756 Spiritum
414 1722 576 1755 intuentur;
600 1730 718 1757 quorum
745 1723 832 1757 gratia
855 1723 963 1756 omnia,
988 1731 1050 1758 quae

255 1771 320 1795 sunt
338 1776 422 1803 super
434 1773 535 1796 terram
552 1768 677 1803 pulchra,
690 1774 718 1796 et
728 1774 867 1799 ornatum.
881 1774 909 1796 et
921 1769 1048 1804 gloriam,

255 1817 285 1841 et
300 1814 447 1847 honorem,
464 1819 491 1842 et
506 1814 616 1842 divitias
634 1822 727 1850 regum
746 1822 778 1842 ae
801 1815 959 1850 principum
970 1816 1049 1843 niltili

256 1860 382 1888 ducunt:
400 1861 492 1888 divina
507 1861 582 1888 enim
605 1861 813 1896 pulchritudine
834 1862 951 1889 sauciati
973 1867 1048 1894 sunt,

254 1911 284 1934 et
303 1907 358 1934 vita
382 1907 597 1934 immortalitatis
622 1907 744 1935 cmlestis
767 1907 794 1934 in
817 1907 928 1935 illorum
950 1908 1051 1935 animis

255 1953 410 1980 instillavit.
423 1953 558 1986 Quocirca
572 1953 645 1980 illam
658 1953 834 1981 dilectionem
847 1953 967 1981 cmlestis
979 1954 1051 1989 regis

254 2003 396 2034 exoptant,
424 2000 557 2034 illumque
580 2000 669 2027 solum
694 2000 730 2027 ob
750 2000 845 2027 oculos
869 2000 896 2027 in
921 2000 1051 2027 omnibus

255 2045 404 2072 desideriis
423 2046 569 2078 habentes,
590 2046 696 2081 scipsos
723 2046 798 2073 omni
829 2046 968 2073 mundana
984 2046 1052 2072 dile-

256 2090 349 2118 ctione
373 2099 421 2126 per
447 2099 509 2119 cum
529 2092 690 2125 exsolvunt,
717 2096 745 2119 et
769 2091 903 2119 recedunt
928 2092 962 2119 ab
975 2092 1051 2119 omni

256 2137 369 2164 vinculo
389 2142 513 2171 terreno,
529 2143 559 2165 ut
575 2139 682 2173 possint
700 2138 768 2166 illud
783 2138 951 2166 desiderium
963 2139 1052 2166 solunt

255 2191 366 2219 semper
395 2184 422 2211 itt
451 2185 582 2212 cordibus
609 2185 668 2212 suis
701 2185 842 2220 possidere
869 2193 958 2219 neque
976 2185 1052 2212 aliud

256 2238 319 2257 cutn
340 2231 386 2257 illo
405 2232 595 2259 commiscere.
616 2232 700 2259 Pauci
724 2239 788 2259 vero
810 2238 876 2261 sunt
898 2231 1048 2262 admodum

256 2276 303 2310 qui
335 2276 408 2304 bono
430 2277 509 2305 initio
536 2278 639 2305 bonum
667 2279 749 2306 linem
779 2285 939 2314 procurent,
966 2285 994 2308 et
1015 2280 1049 2307 ad

257 2322 339 2350 linem
361 2324 525 2357 perveniant
548 2325 652 2360 absque
671 2325 766 2360 lapsu,
792 2325 970 2354 dilectionem
998 2326 1049 2353 soli

257 2368 313 2395 Deo
339 2368 483 2401 habentes,
497 2373 525 2396 et
550 2370 656 2404 seipsos
681 2371 716 2398 ab
743 2371 872 2398 omnibtts
897 2372 1048 2399 solventes.

257 2413 334 2441 Multi
357 2415 431 2441 enim
457 2420 695 2450 compunguntur,
709 2421 737 2443 et
753 2417 833 2443 multi
847 2417 941 2452 gratiae
965 2418 1050 2445 cmic-

257 2458 308 2486 stis
341 2459 491 2494 participes
520 2460 599 2493 ﬁunt,
627 2466 656 2488 et
675 2461 780 2490 caelesti
802 2470 895 2490 amore
911 2464 1050 2491 vulnerati

257 2509 342 2536 sunt,
376 2505 424 2532 sed
461 2513 510 2540 per
552 2507 728 2542 quotidianas
762 2516 867 2543 pugnas
902 2513 930 2537 et
959 2514 1050 2537 certa-

260 2550 345 2580 ntina,
362 2555 390 2577 et
405 2551 525 2584 labores,
543 2556 573 2579 et
586 2553 753 2581 tentationcs
765 2555 855 2581 varias
867 2555 980 2590 maligni
995 2563 1051 2583 non

259 2595 439 2629 sustinentes,
459 2597 546 2625 variis
573 2601 602 2625 et
619 2598 735 2626 diversis
751 2599 899 2627 mundanis
913 2602 1051 2636 cupidita-

260 2641 335 2669 tibus
349 2643 455 2678 agitati.
478 2643 543 2678 quia
566 2646 738 2673 voluntatem
753 2646 870 2681 quisque
884 2647 969 2680 habet
984 2647 1049 2675 dili-

260 2689 342 2723 gendi
356 2689 460 2724 aliquid
474 2698 507 2717 ex
522 2690 576 2718 hoc
600 2691 714 2724 tnundo,
743 2696 772 2719 et
796 2700 851 2719 non
869 2693 994 2721 solvendi
1021 2703 1051 2723 se

261 2736 375 2763 omnino
389 2737 424 2764 ab
437 2736 497 2771 ejus
510 2737 669 2772 dilectione,
682 2745 846 2767 manserunt
865 2744 894 2767 et
912 2741 1049 2769 submersi

262 2787 327 2810 sunt
343 2782 370 2810 in
394 2783 490 2811 mundi
507 2784 616 2820 abysso,
642 2785 677 2813 ob
700 2786 818 2822 propria:
837 2788 988 2815 voluntatis
1002 2795 1050 2815 ve-

1101 1588 1216 1614 πλοῦτον
1230 1588 1277 1614 τοῦ
1289 1587 1416 1622 ἀληθινοῦ
1430 1587 1477 1613 καὶ
1487 1586 1597 1613 αἰωνίου
1612 1585 1745 1620 βασιλέως
1757 1583 1889 1619 Χριστοῦ,

1100 1631 1131 1661 οὗ
1146 1635 1179 1669 τῇ
1197 1633 1339 1668 ἐπιθυμίᾳ,
1358 1633 1406 1659 καὶ
1417 1632 1456 1666 τῷ
1471 1632 1547 1666 πόθῳ
1560 1631 1818 1666 αἰχμαλωτίζονται,
1836 1630 1894 1657 ὅλοι

1101 1681 1131 1713 ἐξ
1145 1681 1206 1707 ὅλου
1222 1680 1291 1715 πρὸς
1303 1680 1385 1706 αὑτὸν
1396 1679 1587 1714 τυγχάνοντες,
1604 1680 1651 1706 καὶ
1667 1678 1829 1712 ἐπιθυμοῦσι
1845 1685 1894 1703 τυ-

1101 1727 1158 1761 χεῖν
1185 1726 1297 1752 ἐκείνων
1318 1721 1355 1751 ὧν
1379 1725 1582 1761 ὲνοπτρίζονται
1605 1724 1649 1750 διά
1671 1723 1718 1750 τοῦ
1734 1723 1894 1757 Πνεῦματος

1102 1774 1244 1808 ἀλαλήτων
1257 1772 1377 1807 ἀγαθῶν,
1392 1769 1423 1799 οὗ
1440 1772 1533 1798 ἕνεκεν
1547 1771 1635 1798 πάντα
1654 1771 1688 1797 τὰ
1703 1771 1747 1796 ἐπὶ
1759 1770 1811 1804 γῆς
1826 1769 1894 1795 κάλ-

1101 1820 1134 1855 λη
1149 1820 1196 1846 καὶ
1211 1818 1390 1854 εὐπρεπείας,
1408 1818 1456 1844 καὶ
1476 1817 1566 1849 δόξας,
1580 1817 1627 1843 καὶ
1642 1815 1735 1851 τιμὰς,
1748 1816 1795 1841 καὶ
1812 1814 1894 1841 πλοῦ-

1101 1874 1146 1892 τον
1163 1865 1296 1900 βασιλέων
1320 1865 1368 1892 καὶ
1388 1865 1527 1899 ἀρχόντων
1553 1863 1731 1895 ὲξουδενοῦσι·
1750 1862 1816 1896 θείῳ
1839 1861 1894 1896 γὰρ

1102 1911 1195 1938 κάλλει
1216 1910 1385 1945 ἐτρώθησαν,
1406 1910 1454 1936 καὶ
1473 1909 1530 1945 ζωὴ
1548 1909 1700 1940 ἀθανασίας
1723 1907 1849 1943 οὐρανίου
1866 1908 1894 1933 ὲν

1101 1958 1162 1988 ταῖς
1177 1957 1277 1992 ψυχαῖς
1295 1956 1385 1982 αὐτῶν
1411 1956 1549 1989 ἐνέσταξε.
1569 1956 1616 1982 Διὸ
1646 1955 1694 1981 καὶ
1719 1955 1760 1986 εἰς
1787 1953 1895 1988 ἐκείνην

1102 2004 1152 2037 τὴν
1175 2003 1288 2037 ἀγάπην
1307 2002 1354 2028 τοῦ
1375 2003 1538 2037 ἐπουρανίου
1563 2001 1696 2037 βασιλέως
1720 1999 1893 2032 ἐπιποθοῦσι,

1103 2050 1150 2075 καὶ
1171 2048 1253 2075 αὑτὸν
1274 2048 1355 2083 μόνον
1372 2048 1425 2083 πρὸ
1444 2048 1592 2083 ὀφθαλμῶν
1613 2048 1643 2073 ὲν
1661 2047 1745 2082 πολλῇ
1761 2046 1896 2081 ἐπιθυμίᾳ

1104 2094 1210 2129 ἔχοντες
1231 2094 1264 2120 δι’
1290 2093 1373 2121 αὑτοῦ
1396 2094 1487 2128 πάσης
1514 2094 1625 2129 ἀγάπης
1655 2093 1759 2127 κόσμου
1785 2093 1896 2118 λύουσιν

1104 2141 1228 2173 ἑαυτοὺς,
1242 2140 1290 2167 καὶ¹
1307 2140 1479 2176 ἀναχωροῦσι
1497 2140 1598 2171 παντδς
1613 2140 1707 2174 γηῒνου
1725 2138 1838 2173 δεσμοῦ,
1852 2139 1898 2165 ἴνα

1103 2187 1256 2222 δυνηθῶσιν
1279 2188 1383 2213 ἐκεῖνον
1399 2187 1478 2221 μόνον
1499 2187 1545 2214 τὸν
1567 2186 1649 2213 πόθον
1669 2186 1698 2212 ὲν
1717 2187 1777 2217 ταῖς
1790 2184 1898 2211 ἑαυτῶν

1105 2233 1230 2268 καρδίαις
1243 2233 1314 2268 ἒχειν
1336 2233 1452 2259 πάντοτε
1471 2233 1481 2268 L
1495 2232 1547 2267 (Ι),
1564 2232 1611 2258 καὶ
1636 2232 1720 2267 μηδὲν
1735 2231 1830 2266 ἕτερον
1847 2232 1896 2258 σὺν

1104 2280 1201 2314 ἐκείνῳ
1227 2279 1368 2314 μιγνύειν·
1382 2279 1468 2312 ὀλίγοι
1498 2279 1526 2305 δέ
1549 2279 1603 2304 είσι
1629 2278 1700 2304 πάνυ
1717 2279 1740 2304 οἱ
1754 2279 1786 2313 τῇ
1804 2277 1896 2312 ἀγαθῇ

1105 2327 1175 2361 ἀρχῇ
1198 2326 1274 2357 τέλος
1295 2325 1397 2359 ἀγαθὸν
1413 2325 1603 2360 πορισάμενοι,
1619 2324 1667 2350 καὶ
1681 2323 1896 2359 διεξερχόμενοι,

1104 2373 1156 2404 ’ἐως
1171 2372 1263 2402 τέλους
1289 2372 1420 2402 ἄπτωτοι,
1446 2371 1496 2405 τὴν
1513 2370 1578 2405 μίαν
1591 2370 1702 2405 ἀγάπην
1731 2369 1799 2404 πρὸς
1815 2369 1897 2404 μόνον

1071 2450 1073 2452 _
1104 2419 1150 2445 τὸν
1164 2417 1230 2444 Θεὸν
1252 2417 1375 2452 ἔχοντες,
1390 2418 1438 2444 καὶ
1465 2417 1574 2444 πάντων
1603 2416 1718 2447 ἑαυτοὺς
1741 2415 1897 2448 λελυκότες.

1106 2463 1211 2490 Πολλοὶ,
1226 2463 1281 2498 γὰρ
1317 2463 1551 2495 κατανύσσονται,
1586 2463 1633 2489 καὶ
1663 2461 1755 2488 πολλοὶ
1786 2462 1900 2496 χάριτος

1105 2510 1232 2546 οὐρανίου
1257 2509 1364 2545 μέτοχοι
1392 2509 1523 2543 γίνονται,
1554 2509 1600 2536 καὶ
1615 2509 1696 2544 ἔρωτι
1711 2508 1829 2544 οὐρανίῳ
1857 2517 1900 2535 τι-

1105 2556 1285 2592 τρώσκονται,
1301 2556 1368 2582 ἀλλὰ
1380 2555 1424 2582 διὰ
1437 2556 1499 2587 τοὺς
1513 2556 1541 2581 ὲν
1552 2555 1627 2591 μέσῳ
1641 2555 1748 2589 ἀγῶνας
1757 2554 1899 2589 καὶάθλή-

1107 2611 1164 2634 σεις
1190 2602 1239 2629 καὶ
1261 2602 1359 2633 πόνους
1396 2602 1442 2628 καὶ
1476 2602 1646 2636 πειρασμοὺς
1677 2600 1824 2635 διαφόρους
1850 2599 1898 2626 ’τοῦ

1106 2648 1225 2684 πονηροῦ
1259 2648 1296 2683 μὴ
1321 2648 1522 2683 ὑπομένοντες,
1540 2649 1568 2674 ὲν
1597 2647 1734 2678 ποικίλαις
1763 2646 1810 2673 καὶ
1841 2646 1899 2672 ﬁta-

1105 2697 1199 2731 φόροις
1213 2694 1371 2729 ἐπιθυμίαις
1394 2695 1542 2729 κοσμικαῖς
1559 2694 1734 2730 τρεπόμενοι,
1750 2693 1794 2720 δια
1810 2693 1841 2718 τὸ
1854 2691 1900 2718 θέ-

1105 2743 1180 2777 λημα
1208 2740 1281 2776 ἔχειν
1296 2740 1412 2766 ἕκαστον
1433 2739 1480 2765 τοῦ
1501 2739 1642 2773 ἀγαπῆσαί
1671 2747 1698 2765 τι
1723 2737 1770 2765 τοῦ
1793 2737 1898 2772 κόσμου

1105 2788 1211 2820 τούτου,
1226 2787 1275 2814 καὶ
1288 2786 1325 2822 μὴ
1348 2785 1491 2812 λελυκέναι
1504 2786 1636 2813 πάντοθεν
1650 2785 1699 2820 τὴν
1715 2785 1828 2819 ἀγαπην
1847 2783 1897 2811 αὺ-

302 2861 339 2896 (l)
356 2861 438 2889 Uncis
455 2861 560 2891 inclusa
576 2865 740 2899 supplentur
756 2874 788 2893 ex
801 2866 863 2894 cod.
880 2875 930 2894 ms.
946 2865 1033 2894 Graec.
1051 2875 1078 2894 n.
1101 2867 1132 2894 16
1147 2866 1326 2894 Bibliotheca:
1341 2863 1538 2893 Berolinensis.
