2064 3152
187 177 237 211 501

803 181 988 212 HOMILME.
1008 181 1138 212 —HOM.
1160 181 1192 213 V.

1760 181 1813 213 502

187 235 245 268 τοῦ,
258 234 412 270 ἀπέμειναν
426 234 474 262 καὶ
487 234 672 272 ὲϐυθίσθησαν
691 236 721 264 ἐν
747 235 785 272 τῷ
807 237 853 263 τοῦ
872 237 977 272 κόσμου

1030 238 1166 272 eordiam,
1187 242 1216 266 et
1240 237 1471 272 imbecillitatem,
1493 242 1522 267 et
1551 237 1741 271 timiditatem,
1767 243 1815 266 aut

189 281 272 317 βυθῷ,
287 281 333 308 διὰ
355 281 402 308 τοῦ
424 281 489 309 ἰδίου
505 281 657 318 θελήματος
677 282 834 316 ἀνανδρίαν,
852 283 899 310 καὶ
912 283 977 318 χαύ-

187 335 278 360 νωσιν,
296 327 313 362 ἢ
327 326 441 360 δειλίαν,
462 327 479 363 ἢ
497 328 531 354 δι’
546 328 657 363 ἀγάπην
675 328 737 355 τινὰ
757 329 859 363 γήϊνος.
877 329 909 355 Oi
923 329 978 364 γὰρ

188 373 217 405 ἐξ
230 372 360 408 ἀληθείας
373 373 517 405 διεξελθεῖν
532 374 585 406 ἕως
599 374 692 406 τέλους
707 374 737 400 ἐν
751 374 841 410 ἀγαθῇ
853 374 977 410 διαγωγῇ

189 418 345 454 βουλόμενοι
358 419 437 446 ἄλλον
451 419 541 455 ἔρωτα
556 420 603 447 καὶ
617 421 700 457 ἀλλην
716 420 829 456 ἀγάπην
845 421 893 448 σὺν
907 421 977 448 ὲκεί-

188 473 221 499 νῃ
238 465 272 499 τῇ
288 464 443 500 ἐπουρανίῳ
462 465 667 501 παραδέξασθαι
687 466 820 498 ἑκουσίως
836 467 885 493 καὶ
902 466 978 502 μῖξαι

188 509 237 535 οὐκ
252 509 418 542 ὀφείλουσιν,
434 509 476 536 ῖνα
494 510 532 545 μὴ
552 510 738 545 ὲμποδισθὼσι
761 510 816 538 τῶν
829 519 978 546 πνευματι-

189 553 254 586 κῶν,
268 554 316 580 καὶ
332 554 490 589 στραφῶσιν
505 556 545 587 εἰς
563 556 597 582 τὰ
618 556 717 589 ὀπίσω,
736 556 785 583 καὶ
802 556 879 588 τέλος
894 556 977 584 ἐκπέ-

189 608 255 626 σωσι
274 601 324 635 τῆς
346 600 429 633 ζωῆς.
452 601 558 637 Ὥσπερ
571 602 626 637 γὰρ
653 602 760 638 μεγάλα
784 602 833 629 καὶ
855 602 978 639 ἀλάλητα

188 644 235 670 καὶ
254 644 438 680 ἀνεκδιήγητα
455 646 652 681 ἐπηγγελμένα
670 647 745 682 παρά
759 647 821 682 Θεῷ
836 648 976 683 τυγχάνει,

188 689 259 716 οὕτω
275 690 394 722 πίστεως
411 691 458 717 καὶ
480 691 587 723 ἐλπίδος
610 692 658 719 καὶ
682 692 772 719 πόνων
799 692 846 718 καὶ
864 692 978 726 ἀγώνων

190 736 315 771 μεγάλων
332 736 412 772 χρεία
432 737 480 763 καὶ
499 737 599 772 πολλῆς
622 738 797 773 δοκιμασίας.
819 738 857 766 Οὐ
875 738 929 774 γάρ
950 747 978 765 τι

189 780 287 815 μικρὸν
299 781 438 815 τυγχάνει,
450 780 468 808 ἃ.
479 782 585 814 ἐλπίζει
597 783 687 817 ἀγαθά
703 782 795 810 λαὸεῖν
806 784 820 810 ὀ
837 783 979 818 ἅνθρωπος

193 825 332 861 βασιλείας
349 826 473 862 οὐρανῶν
490 827 649 862 ἐπιθυμῶν
672 826 889 862 συμϐασιλεῦσαι
910 827 979 862 Χρι-

189 872 245 907 στῷ
261 873 302 904 εἰς
323 873 387 904 τοὺς
402 874 573 908 ἀπεράντους
596 873 699 905 αἰῶνας
723 872 826 908 βούλει,
843 874 893 899 καὶ
914 873 978 904 τοὺς

188 917 298 952 ἀγῶνας
312 918 360 945 καὶ
379 907 479 950 πόνους
495 919 544 946 καὶ
559 907 728 954 πειρασμοὺς
741 917 789 945 τοῦ
805 917 896 953 ὀλίγου
912 918 977 953 χρό-
990 907 1014 937 Β

188 972 233 991 νου
253 964 302 998 τῆς
325 964 399 999 ζωῆς
416 964 519 999 ταύτης
541 963 739 996 καταδέξασθαι
756 962 904 998 προθύμως
924 963 976 994 ἕως

188 1009 305 1045 θανάτου
326 1010 357 1036 ού
384 1009 535 1045 καταδέχῃς
555 1009 603 1036 106
619 1010 723 1044 Κυρίου
742 1009 872 1044 βοῶντος·
886 1007 923 1034 El
932 1016 975 1041 τις

188 1044 267 1082 θὲλει
280 1055 378 1083 ὀπίσω
382 1064 442 1090 μου
449 1044 559 1088 ἐλθεῖν,
567 1055 793 1090 ἀπαρνησάσθω
800 1054 919 1086 ἑαυτὸν,
927 1053 977 1081 καί

187 1101 284 1136 ἀράτω
296 1102 349 1129 τὸν
356 1102 488 1136 σταυρὸν
497 1102 591 1130 αὐτοῦ
601 1102 668 1128 καθ’
675 1101 790 1135 ἡμέραν
799 1101 920 1135 χαίρων,
928 1099 977 1126 καὶ

187 1147 389 1176 ἀκολουθείτω
404 1157 466 1183 μοι.
477 1148 533 1175 Καὶ
543 1148 626 1174 πάλιν
636 1155 643 1161 ·
667 1147 739 1174 Ἐὰν
747 1147 789 1181 μή
803 1155 848 1179 τις
857 1146 976 1181 μισήσῃ

187 1194 311 1228 πατέρα,
317 1193 442 1228 μητέρα,
452 1193 590 1228 γυναῖκα,
601 1193 702 1225 τέκνα,
711 1188 874 1226 ἀδελφοὺς,
887 1190 961 1218 ἀδελ
968 1204 977 1211 -

187 1239 257 1274 φὰς,
270 1240 314 1266 ἔτι
324 1238 359 1265 δὲ
368 1239 417 1266 καί
427 1239 486 1273 τὴν
497 1238 605 1266 ἑαυτοῦ
613 1237 731 1272 ψυχὴν,
739 1237 776 1264 οὐ
787 1236 913 1263 δύναταί
917 1243 977 1270 μου

187 1282 264 1312 εῖναι
274 1283 427 1319 μαθητής·
439 1285 463 1311 οἰ
471 1283 594 1311 πλεῖστοι
618 1283 648 1310 δὲ
667 1282 721 1310 τῶν
736 1281 888 1318 ἀνθρώπων
898 1281 978 1317 βασι-

187 1330 263 1362 λείας
281 1330 331 1365 μέν
344 1331 483 1365 ἐπιτυχεῖν
497 1330 648 1365 βούλονται,
663 1329 711 1357 καὶ
720 1329 770 1364 τὴν
782 1329 889 1357 αἰώνιον
906 1327 979 1363 ζωὴν

187 1377 390 1413 κληρονομῆσαι
406 1377 523 1411 θέλουσι,
534 1376 584 1412 ζῇν
591 1377 620 1405 δὲ
634 1378 664 1404 ἐν
672 1377 729 1409 τοῖς
744 1375 818 1408 ἰδίοις
830 1375 921 1402 αὐτῶν
933 1373 979 1402 θε-

186 1422 304 1459 λήμασι,
323 1423 372 1450 καὶ
396 1423 488 1455 αὺτοῖς
503 1423 691 1456 ἐξακολουθεῖν
705 1423 756 1450 οὐκ
770 1421 977 1454 ἀπαναίνονται,

189 1469 291 1505 μᾶλλον
303 1469 332 1496 δὲ
344 1469 383 1505 τῷ
394 1469 532 1506 σπείροντι
541 1470 576 1497 τὰ
589 1470 691 1506 μάταια
702 1469 769 1506 (16),
781 1469 829 1496 καὶ
841 1469 878 1505 μὴ
891 1469 980 1505 ἀπαρσ

188 1515 316 1550 νούμενοι
339 1515 453 1547 ἑαυτοὺς
482 1515 622 1551 βούλονται
645 1517 694 1551 τὴν
717 1515 827 1543 αἰώνιον
845 1515 977 1552 κληρονοα

190 1561 278 1596 μῆσαι
295 1561 378 1596 ζωὴν,
394 1561 463 1597 ὅπερ
479 1562 551 1588 ἐστὶν
573 1561 715 1589 ἀδύνατον.

229 1605 260 1633 ’0
277 1583 425 1642 γάρθιύγος
445 1583 492 1633 :06
743 1607 884 1642 τυγχάνει.
901 1603 981 1635 Οὗτοι
993 1583 1016 1612 c

189 1652 244 1688 γὰρ
259 1652 381 1680 ἀπτωτοι
399 1652 592 1688 διεξέρχονται,
604 1653 629 1679 οί
653 1653 724 1680 κατά
740 1653 790 1689 τὴν
808 1653 918 1689 ἐντολὴν
933 1653 981 1680 τοῦ

190 1697 294 1733 Κυρίου
306 1697 493 1733 ἀρνησάμενοι
505 1697 562 1724 ὅλοι
573 1697 603 1731 ἐξ
617 1697 678 1724 ὅλου
691 1698 815 1731 ἑαυτοὺς,
831 1698 878 1726 καὶ
892 1698 984 1730 πάσας

190 1744 239 1776 τὰς
255 1744 302 1771 τοῦ
316 1744 420 1780 κόσμου
435 1743 587 1780 ἐπιθυμίας
612 1745 660 1771 καὶ
686 1744 803 1780 δεσμοὺς
818 1745 867 1772 καὶ
879 1753 982 1780 μετεω-

192 1791 308 1826 ρισμοὺς
328 1791 374 1817 καὶ
388 1790 485 1824 ἡδονὰς
510 1790 558 1818 καὶ
573 1790 704 1828 ἀσχολίας
716 1790 920 1826 βδελυξάμενοι,
934 1790 983 1817 καὶ

190 1836 272 1863 αὑτὸν
288 1836 369 1871 μόνον
385 1836 439 1872 πρὸ
453 1836 602 1872 ὀφθαλμῶν
616 1835 733 1872 ἔχοντες,
753 1835 860 1867 καὶτὰς
872 1835 982 1868 ἐντολὰς

191 1880 274 1908 αὑτοῦ
303 1882 392 1908 ποιεῖν
415 1881 614 1917 ἐπιθυμοῦντες
629 1902 637 1915 ,
661 1880 733 1908 ὥστε
764 1880 822 1916 ἰδίῳ
848 1881 982 1916 θελήματι

195 1927 400 1962 ἀποστρέφεται
410 1927 537 1959 ἕκαστος,
548 1928 599 1963 τῆς
614 1926 754 1962 βασιλείας
764 1926 795 1953 τὸ
809 1927 839 1959 ἐξ
854 1927 982 1963 ἀληθείας

193 1972 231 2007 μὴ
250 1972 362 2008 θελῆσαι
396 1972 489 1999 λαϐεῖν
511 1972 558 1999 καὶ
588 1971 759 2008 ἀρνήσασθαι
786 1972 881 2000 ἑαυτὸν
894 1993 902 2006 ,
934 1972 982 1999 καὶ

191 2018 304 2054 ἀγαπᾷν
321 2027 347 2045 τι
366 2019 415 2045 σὺν
431 2018 524 2054 ἐκείνῃ
545 2019 579 2054 τῇ
602 2019 709 2055 ἀγάπῃ,
726 2018 766 2053 τῷ
788 2018 901 2054 ἦδεσθαί
924 2026 982 2045 τισι

191 2064 239 2091 τοῦ
254 2065 354 2096 αἰῶνος
367 2064 466 2091 τούτου
479 2064 587 2099 ἡδοναῖς
600 2065 617 2100 ἦ
634 2057 806 2100 ἐπιθυμίαις,
824 2065 872 2092 καὶ
888 2064 927 2100 τῷ
943 2065 981 2101 μὴ

191 2110 256 2146 ὃλην
277 2111 328 2146 τὴν
342 2110 464 2145 ἀγάπην,
488 2111 551 2137 ὅσον
565 2112 594 2138 ἐν
611 2111 773 2147 προαιρέσει
787 2111 835 2139 καὶ
849 2110 981 2146 θελήματι

193 2156 317 2189 δυνατὸν,
333 2156 402 2191 πρὸς
416 2156 519 2193 Κύριον
535 2156 619 2192 ἔχειν.
638 2157 685 2189 Ἐξ
700 2157 760 2189 ἑνὸς
774 2157 803 2184 δὲ
818 2156 982 2192 ὑποδείγμα-

191 2210 237 2233 τος
265 2202 412 2238 συννόησόν
443 2211 489 2238 μοι
513 2202 614 2231 πάντα.
640 2202 792 2238 Διακρίνων
812 2202 863 2238 μὲν
895 2202 981 2230 ἐνίοτε

1028 285 1064 313 ob
1081 289 1240 312 terrestrem
1258 284 1405 320 quamdam
1421 284 1608 312 dilectionem.
1626 283 1678 317 Qui
1694 283 1768 311 enim
1786 284 1814 311 in

1028 331 1144 358 veritate
1156 331 1189 358 ad
1205 330 1287 358 ﬁnem
1304 331 1450 366 pervenire
1464 331 1560 358 volunt
1574 331 1602 358 in
1615 329 1687 358 bona
1701 338 1816 358 conver-

1028 378 1146 409 satione,
1161 377 1245 404 alium
1262 384 1384 405 amorem
1401 381 1449 404 aut
1464 377 1545 404 aliam
1560 375 1736 404 dilectionem
1751 383 1816 403 cum

1029 423 1074 450 illa
1102 423 1207 450 caelesti
1230 423 1378 450 dilectione
1408 422 1555 451 admittere
1578 421 1698 450 libenter
1719 425 1748 449 et
1765 422 1815 449 ad-

1027 468 1144 497 miscere
1167 476 1221 496 non
1250 468 1363 501 debent,
1381 476 1416 496 ne
1442 467 1628 503 impediantur
1646 476 1664 496 a
1683 467 1816 503 spiritua-

1027 513 1111 546 libus,
1126 518 1154 541 et
1169 517 1367 542 convertantur
1377 519 1541 547 retrorsum,
1556 517 1585 541 et
1597 513 1708 541 demum
1724 521 1741 541 a
1760 513 1816 540 vita

1027 568 1078 589 sua
1094 561 1233 590 excidant.
1252 561 1330 590 Sicut
1349 562 1424 589 enim
1443 568 1552 596 magna,
1565 565 1593 588 et
1614 560 1775 594 ineli'abilia,
1787 565 1817 588 et

1028 607 1224 636 inenarrabilia
1254 608 1391 643 promissa
1410 607 1484 642 apud
1509 607 1596 634 Deum
1618 607 1815 639 inveniuntur;

1028 652 1066 680 ita
1083 653 1147 686 ﬁde,
1163 657 1191 681 et
1203 660 1252 688 spe
1267 657 1296 681 et
1306 653 1450 680 laboribus
1466 656 1494 680 et
1512 652 1613 687 pugnis
1624 652 1730 687 magnis
1744 659 1818 686 opus

1027 703 1070 726 est
1081 703 1110 726 et
1129 699 1214 726 multa
1228 698 1401 733 probatione.
1416 698 1477 726 Non
1492 698 1567 726 enim
1584 705 1700 733 parvum
1712 696 1818 732 aliquid

1027 749 1094 772 sunt
1115 745 1188 772 bona
1215 752 1276 780 quae
1299 749 1393 780 sperat
1424 745 1508 772 homo
1542 744 1681 779 accipere,
1707 742 1819 778 quando

1028 798 1142 826 regnum
1166 791 1299 819 caelorum
1318 791 1428 819 aﬂ‘ectat
1453 799 1460 817 :
1486 797 1602 826 regnare
1626 797 1690 818 cum
1708 788 1820 817 Christo

1028 836 1058 863 in
1080 836 1186 863 inﬁnita
1200 836 1300 864 saecula
1316 836 1405 871 cupis,
1419 840 1448 864 et
1468 843 1574 872 pugnas
1596 838 1625 863 et
1650 835 1760 862 labores
1791 839 1820 861 ct

1028 881 1196 910 tentationes
1223 881 1317 909 brevis
1345 881 1478 916 temporis
1493 882 1576 917 hujus
1593 881 1658 908 vitae
1682 880 1820 908 sustinere

1032 928 1147 955 viriliter
1162 935 1250 962 usque
1272 927 1306 955 ad
1324 931 1441 955 mortem
1467 935 1524 955 non
1548 927 1689 962 suscipis?
1705 926 1820 954 Dicente

1029 972 1146 1000 Domino
1158 981 1166 999 :
1177 971 1205 999 Si
1217 973 1275 1007 quis
1289 971 1345 999 vult
1361 973 1450 999 uenire
1467 976 1526 1008 post
1540 980 1591 1004 me,
1605 972 1714 1007 abneget
1730 975 1821 998 semet-

1029 1018 1126 1051 ipsum,
1143 1022 1168 1044 et
1190 1017 1268 1044 tollat
1293 1026 1397 1045 crucem
1411 1026 1490 1045 suam
1503 1017 1620 1053 quotidie
1641 1017 1769 1052 gaudens,
1795 1021 1821 1044 et

1029 1067 1156 1098 sequatur
1173 1071 1215 1090 me
1226 1063 1266 1096 ’λς
1286 1067 1314 1091 et
1328 1070 1459 1090 rursum:
1473 1062 1503 1090 Si
1522 1063 1580 1099 quis
1603 1071 1656 1091 non
1672 1063 1756 1090 oderit
1771 1072 1821 1098 pa-

1031 1113 1110 1142 trem,
1125 1113 1248 1142 matrem,
1263 1117 1384 1142 uzarem,
1405 1108 1488 1143 ﬁlias,
1511 1109 1619 1144 fratres,
1642 1117 1756 1142 sorores,
1771 1110 1821 1136 αα-

1031 1155 1081 1182 huc
1104 1160 1193 1182 autent
1212 1159 1236 1182 et
1255 1155 1374 1182 animam
1386 1163 1475 1188 suam,
1499 1163 1552 1182 non
1570 1159 1654 1190 potest
1673 1163 1746 1182 meus
1767 1162 1822 1181 me

1031 1202 1214 1238 discipulus".
1228 1202 1357 1238 Plerique
1373 1203 1500 1230 homines
1513 1210 1628 1238 regnum
1643 1202 1759 1238 adipisei
1775 1209 1823 1229 vo-

1031 1248 1104 1281 lunt,
1119 1253 1147 1277 et
1162 1253 1295 1276 aeternam
1316 1249 1401 1276 vitam
1415 1249 1542 1283 accipere
1566 1249 1703 1283 cupiunt;
1727 1249 1822 1276 vivere

1031 1299 1124 1322 autem
1153 1294 1182 1322 in
1209 1294 1329 1330 propriis
1352 1294 1411 1322 suis
1429 1294 1631 1327 voluntatibus,
1654 1297 1685 1321 et
1698 1293 1753 1321 illis
1769 1294 1822 1321 ob-

1032 1345 1187 1375 temperare
1201 1348 1256 1368 non
1271 1345 1412 1373 recusant,
1434 1340 1521 1376 magis
1536 1344 1629 1368 autem
1642 1340 1747 1368 similes
1757 1339 1822 1368 facti

1033 1385 1099 1413 huic
1117 1385 1166 1420 qui
1184 1392 1254 1413 vana
1278 1385 1409 1418 seminat,
1430 1391 1523 1420 neque
1542 1385 1710 1420 abnegantes
1723 1390 1823 1412 semet-

1033 1429 1108 1466 ipsos
1121 1431 1220 1458 volunt
1230 1434 1361 1459 aatemam
1374 1431 1459 1459 vitam
1476 1430 1621 1466 accipere;
1635 1429 1710 1465 quod
1720 1428 1824 1464 impos-

1033 1477 1114 1506 sibile
1129 1482 1182 1506 est.

1068 1612 1167 1640 Sermo
1179 1610 1254 1639 enim
1274 1609 1383 1638 Domini
1403 1617 1486 1637 verus
1505 1608 1658 1636 invenitur.
1683 1607 1752 1635 Nam
1783 1607 1823 1635 illi

1032 1657 1111 1694 lapsu
1144 1656 1326 1693 perveniunt,
1358 1655 1406 1690 qui
1437 1654 1588 1682 secundum
1615 1653 1724 1681 Domini
1745 1659 1824 1681 man-

1033 1704 1128 1732 datum
1151 1703 1288 1739 abnegant
1302 1701 1354 1729 toti
1368 1701 1484 1736 seipsos,
1502 1704 1531 1728 et
1546 1699 1639 1728 omnia
1664 1698 1763 1726 mundi
1777 1707 1826 1727 eu-

1032 1749 1174 1784 piditates,
1189 1747 1310 1781 vincula,
1328 1746 1484 1782 superbias,
1511 1746 1670 1780 voluptates
1681 1749 1709 1772 et
1734 1745 1824 1779 impe-

1032 1794 1155 1822 dimenta
1183 1793 1336 1829 abjiciant,
1365 1797 1394 1820 et
1422 1792 1501 1820 illum
1525 1791 1615 1819 solum
1643 1797 1706 1825 quae
1736 1789 1825 1817 oculis

1035 1839 1149 1872 habent,
1163 1843 1192 1867 et
1218 1838 1292 1866 illius
1316 1838 1445 1866 mandata
1462 1844 1574 1865 servare
1590 1836 1716 1871 cupiunt,
1742 1835 1779 1862 ita
1794 1839 1825 1862 ut

1032 1885 1150 1921 quisque
1167 1879 1277 1920 propria
1290 1884 1432 1912 voluntate
1455 1887 1606 1916 avertatur,
1622 1888 1736 1919 regnum
1751 1880 1824 1908 nolle

1033 1932 1062 1959 in
1088 1931 1205 1959 veritate
1232 1930 1360 1958 obtinere
1392 1934 1421 1957 et
1460 1929 1580 1964 seipsum
1614 1928 1773 1963 abnegare,
1796 1930 1825 1953 et

1033 1977 1149 2014 diligere
1167 1975 1273 2011 aliquid
1288 1983 1352 2003 cum
1379 1975 1427 2002 illa
1441 1974 1602 2006 dilectione,
1626 1972 1771 2009 gaudendo
1797 1972 1825 1999 in

1032 2023 1174 2059 aliquibus
1200 2021 1294 2050 saeculi
1325 2021 1409 2057 hujus
1434 2019 1624 2055 voluptatibus
1642 2023 1670 2047 et
1687 2017 1824 2053 cupidita-

1033 2069 1118 2101 tibus,
1144 2073 1173 2096 et
1205 2075 1262 2095 non
1289 2066 1419 2094 habendo
1443 2065 1472 2093 in
1489 2065 1637 2094 Dominum
1651 2069 1734 2092 totam
1752 2064 1823 2092 dile-

1033 2114 1164 2147 ctionem,
1185 2116 1318 2148 quantum
1336 2111 1484 2139 intentioni
1504 2110 1679 2139 etvoluntati
1693 2108 1825 2145 possibile

1032 2164 1085 2189 est.
1102 2160 1143 2187 Ex
1163 2167 1219 2187 uno
1238 2158 1365 2194 exemplo
1387 2157 1456 2185 mihi
1470 2156 1594 2192 intellige
1619 2155 1722 2183 omnia.
1744 2154 1826 2183 Judi-

1033 2206 1121 2234 cando
1136 2205 1244 2241 iudicat
1268 2205 1388 2240 quisque
1412 2207 1441 2232 et
1459 2202 1549 2231 noscit
1576 2202 1739 2229 indecorum
1764 2209 1827 2229 esse

190 2247 325 2283 διακρίνει
352 2247 467 2280 ἕκαστος
492 2248 541 2275 καὶ
556 2246 644 2281 οἶδεν,
670 2247 713 2275 ὅτι
739 2248 841 2275 ἄτοπόν
868 2248 953 2281 ἐστιν,
967 2248 980 2275 ὃ

1033 2251 1108 2287 quod
1127 2251 1219 2279 facere
1236 2251 1314 2284 vult;
1340 2249 1390 2279 sed
1403 2249 1514 2285 quando
1530 2248 1620 2284 diligit
1632 2251 1661 2276 et
1675 2255 1730 2275 non
1746 2254 1826 2274 recu-

192 2292 262 2320 θέλει
276 2292 401 2329 ποιῆσαι,
423 2293 483 2320 ἀλλ’
494 2293 590 2330 ἐπειδὴ
607 2294 704 2330 ἀγαπᾷ
721 2294 769 2321 καὶ
783 2293 835 2321 οὐκ
848 2294 982 2330 ἀρνεῖται,

190 2340 306 2376 ἣττηται
335 2339 421 2375 αὐτῷ.
450 2340 588 2376 Πρότερον
612 2340 666 2376 γὰρ
682 2340 737 2367 ἑσω
751 2340 781 2367 ἐν
802 2341 836 2375 τῇ
853 2340 952 2376 καρδίᾳ
968 2341 983 2367 ὀ

191 2386 308 2421 πόλεμος
323 2385 440 2420 γίνεται,
461 2386 509 2413 καὶ
533 2387 548 2413 ὁ
561 2386 648 2421 ἀγὼν,
661 2386 710 2413 καὶ
726 2385 756 2413 τδ
773 2386 916 2421 στάθμιον,
933 2388 982 2414 καὶ

191 2431 304 2467 ήροπὴ,
325 2431 374 2458 καὶ
397 2431 428 2458 τὸ
451 2430 545 2466 ζύγιον
570 2431 622 2466 τῆς
640 2431 752 2466 ἀγάπης
775 2430 823 2457 τοῦ
837 2429 916 2463 Θεοῦ,
932 2431 981 2457 καὶ

192 2478 240 2512 τῆς
255 2477 368 2512 ἀγάπης
385 2477 433 2504 τοῦ
451 2477 566 2513 κόσμου,
590 2477 639 2504 καὶ
657 2477 718 2504 τότε
735 2477 909 2513 προέρχεται,
932 2477 980 2504 καὶ

193 2522 325 2558 ᾰακρίνει
342 2523 470 2556 ἕκαστος,
493 2524 519 2550 εἰ
538 2523 609 2559 τύχῃ
624 2524 665 2556 είς
679 2525 772 2560 μάχην
794 2523 843 2551 καὶ
866 2523 980 2558 διαπλη-

195 2569 306 2604 κτισμὸν
321 2568 390 2604 πρὸς
408 2568 454 2596 τὸν
472 2569 598 2604 ἀδελφὸν,
612 2570 699 2603 λέγων
717 2570 747 2596 ἐν
757 2569 857 2605 ἑαυτῷ·
881 2570 979 2601 Είπως

197 2615 319 2650 utilem;
334 2614 404 2642 ἀλλά
420 2614 458 2650 μὴ
472 2614 600 2651 λαλήσως
617 2614 797 2651 μνημονεύων
811 2615 861 2649 μὲν
876 2615 980 2642 καὶτοῦ

229 2705 252 2721 ⁸⁶
262 2704 360 2734 Matth.
378 2713 433 2739 ινι,
446 2706 491 2734 24.
530 2706 553 2722 ⁵⁹
565 2705 632 2734 Luc.
644 2697 700 2739 xtv,
714 2705 760 2733 26.

1032 2303 1086 2332 sat,
1113 2297 1168 2327 hoc
1181 2297 1313 2325 vincitur.
1332 2295 1457 2324 Primum
1489 2295 1564 2323 enim
1589 2295 1618 2322 in
1641 2293 1726 2322 corde
1749 2292 1826 2319 intus

1033 2343 1138 2371 bellum
1159 2341 1200 2375 ﬁt,
1222 2346 1252 2370 et
1279 2349 1389 2376 pugna,
1412 2345 1441 2368 et
1463 2339 1586 2372 libratio,
1605 2338 1825 2375 ponderatioque

1032 2387 1209 2416 dilectionem
1223 2385 1274 2414 Dei
1286 2386 1358 2413 inter
1372 2389 1401 2413 et
1421 2385 1598 2413 dilectionem
1626 2382 1737 2415 mundi;
1760 2387 1825 2409 tunc

1033 2432 1141 2462 accedit
1172 2431 1293 2467 quisque
1326 2435 1355 2458 et
1377 2430 1501 2467 judicat,
1531 2429 1554 2457 si
1581 2429 1654 2456 forte
1676 2432 1772 2463 agatur
1790 2427 1825 2454 de

1034 2479 1093 2507 rixa
1113 2483 1142 2506 et
1163 2477 1306 2505 iracundia
1324 2481 1420 2504 contra
1439 2477 1553 2504 fratrem
1570 2483 1577 2502 :
1594 2474 1694 2506 dicam,
1705 2477 1753 2501 aut
1767 2481 1823 2501 non

1034 2524 1144 2552 dicam?
1162 2523 1271 2558 loquar,
1295 2526 1344 2550 aut
1360 2530 1416 2549 non
1439 2521 1558 2557 10quar?
1586 2527 1692 2548 memor
1712 2518 1824 2554 quidem

1034 2569 1094 2602 Dei,
1117 2568 1165 2597 sed
1189 2568 1330 2604 propriam
1367 2567 1482 2603 gloriam
1510 2573 1679 2602 procurans,
1707 2570 1736 2591 et
1768 2571 1824 2592 non

1036 2614 1157 2649 seipsum
1185 2613 1346 2648 abnegans,
1375 2620 1472 2640 verum
1494 2612 1516 2640 si
1542 2611 1624 2647 paulo
1649 2609 1825 2646 pmvaluerit

844 2783 958 2812 VARIA‘I
973 2781 1176 2811 LECTlONES.

236 2851 290 2887 (ίῧ)
318 2849 404 2880 Locus
420 2857 493 2881 Certe
506 2852 634 2885 mutilus;
657 2858 716 2892 post
734 2853 834 2889 μάταια
852 2853 954 2882 nullum
984 2853 1010 2881 in
1029 2850 1122 2879 codice
1149 2845 1384 2885 interpunctionis
1403 2845 1510 2882 signum

811 2930 841 2939 ..ι
