2064 3152
264 190 319 220 503

885 184 915 213 S.
936 182 1096 213 MACARII
1114 181 1274 214 IEGYPTII

1839 167 1892 210 ξέοι

263 243 375 270 dilectio
391 246 418 270 et
430 243 538 277 pondus
559 241 655 269 mundi
679 241 708 269 in
736 240 827 269 cordis
853 239 937 273 libra,
954 238 1043 266 statim

1101 238 1181 269 Θεοῦ.
1197 238 1265 266 ἀλλὰ
1281 238 1330 273 τὴν
1354 236 1424 265 ίδίαν
1437 236 1517 270 δόξαν
1533 235 1773 272 περιποιούμενος,
1791 235 1837 264 καὶ
1853 236 1890 270 μὴ

265 289 441 324 progreditur
455 296 556 324 pravus
573 282 664 315 seruio
687 295 773 323 usque
789 288 822 315 ad
847 287 931 314 labia.
945 285 1050 313 Deinde

263 339 394 370 tanquam
414 335 527 370 sagittas
549 334 672 370 dirigens
699 340 776 362 mens
794 334 870 361 intus
895 332 1050 368 proximum

263 381 328 408 telis
342 381 449 416 impetit
470 384 520 416 per
545 381 678 416 linguam,
697 380 803 416 jaciens
820 380 873 407 tela
891 385 1049 406 sermonum

262 425 526 454 eontumeliosorum
547 426 574 453 in
604 427 746 454 voluntate
770 430 933 460 spontanea,
957 429 1050 450 suam-

262 475 318 498 met
344 471 458 506 gloriam
483 480 645 507 procurans.
680 471 782 499 Deinde
809 471 902 498 multis
926 470 963 497 ita
987 469 1050 497 telis

261 518 416 553 proximum
440 518 576 553 impetens
596 526 644 553 per
660 517 874 545 contumeliosos
896 523 1048 548 sermones,

261 564 416 599 usquedum
447 568 475 591 et
506 564 533 591 in
565 564 683 591 decursu
713 566 817 590 crescat
845 566 987 597 peccatum
1015 561 1049 588 ad

261 610 387 637 laesione:
409 610 556 645 aliquando
580 615 608 636 et
633 609 765 641 vulnera,
795 608 823 635 in
853 613 968 642 corpore
988 615 1049 634 mue

261 658 323 681 tuas
348 654 412 682 belli
443 658 536 689 partes
561 658 693 686 exercet,
719 653 885 688 quandoque
906 659 993 687 usque
1015 652 1048 679 ad

260 704 397 733 mortem;
414 700 454 728 sic
482 700 559 728 necis
574 705 670 728 auctor
696 692 814 727 edicitur
839 698 959 726 hominis
972 698 1048 733 pravi

260 745 412 780 Cupiditas.
435 746 509 778 vide,
533 746 607 774 unde
628 750 724 773 exorta
748 746 784 773 sit
798 766 805 778 ,
827 750 855 773 et
876 745 985 780 qualem
1001 744 1049 772 ha-

260 791 354 818 buerit
370 792 450 818 linem
466 792 579 819 dilectio
593 792 738 820 mundanae
750 792 844 827 gloriae
854 792 975 827 pondere
985 799 1050 826 pne-

258 835 352 862 valens
364 836 390 862 in
405 836 496 863 cordis
509 836 578 864 libra
587 841 614 864 ct
625 837 736 872 propria
749 837 900 865 voluntate.
912 837 1047 870 Quoniam

258 882 331 909 enim
353 883 452 917 aliquis
469 883 590 918 seipsum
606 891 661 910 non
686 883 840 919 abnegavit,
867 888 895 910 et
912 883 1015 917 aliquid
1032 891 1048 910 e

257 928 361 955 mundo
376 927 482 962 dilexit,
502 929 547 956 illa
557 930 649 956 omnia
660 929 761 965 ﬂagitia
775 930 917 957 eveniunt.
935 929 973 956 Ita
985 937 1046 957 esse

257 974 393 1001 arbitrare
416 975 444 1001 in
466 982 632 1010 quocunque
658 979 771 1010 peccato
796 979 824 1002 et
844 975 1046 1003 consuetudine

257 1021 339 1054 mala,
354 1029 416 1048 cum
434 1021 575 1048 blanditur
590 1022 693 1048 malitia
714 1026 742 1049 et
758 1022 926 1049 voluntatem
947 1022 1046 1048 mentis

257 1066 371 1094 inclinat
392 1067 425 1094 ad
446 1067 599 1095 mundanas
621 1068 787 1103 cupiditates
810 1072 838 1095 et
855 1067 1000 1095 illecebras
1018 1071 1047 1094 et

255 1111 409 1146 voluptates
424 1113 524 1140 carnis.
541 1112 578 1140 ita
589 1121 670 1141 omne
682 1113 791 1141 malitiae
803 1121 872 1148 opus
882 1118 1027 1141 exercetur
1036 1134 1043 1146 ,

255 1156 293 1184 ita
311 1157 490 1192 impudicitiae
507 1163 535 1186 et
559 1159 676 1193 furtum,
697 1160 735 1187 ita
752 1160 866 1186 avaritia
880 1163 908 1186 et
923 1159 1044 1195 pigritia,

255 1200 293 1228 ita
307 1201 367 1228 auri
380 1202 518 1237 cupiditas
528 1208 556 1230 et
572 1210 641 1231 vana
659 1204 756 1239 gloria,
771 1204 809 1231 ita
828 1203 932 1231 invidia
946 1208 974 1231 et
985 1212 1044 1231 am-

254 1245 336 1278 bitio,
358 1251 386 1274 et
402 1248 589 1284 quodcunque
605 1254 646 1277 est
664 1250 774 1277 malitite
786 1257 866 1284 opus.
890 1250 1045 1285 Aliquando

254 1299 337 1328 opera
361 1301 422 1329 quae
446 1295 517 1323 bona
542 1296 672 1324 videntur
696 1296 728 1324 ad
750 1297 863 1331 gloriam
887 1301 916 1324 et
934 1297 1043 1324 laudem

253 1338 397 1368 lmminum
412 1343 604 1376 perﬁciuntur,
632 1351 693 1378 quae
722 1343 793 1378 apud
827 1344 912 1371 Deum
944 1343 1044 1371 similia

253 1389 318 1412 sunt
335 1386 485 1422 iniustitiae,
499 1387 573 1415 furto
593 1391 621 1416 et
644 1389 707 1416 aliis
724 1389 854 1424 peccatis.
872 1389 956 1417 Dens,
969 1390 1043 1416 enim

253 1430 338 1458 dicit:
355 1431 482 1464 Dispersi!
495 1441 554 1461 ossa
565 1442 656 1461 eorum
673 1436 717 1470 qui
729 1435 877 1462 hominibus
892 1435 1041 1470 placent";

253 1476 292 1504 ita
308 1482 337 1505 ut
349 1486 400 1513 per
415 1488 446 1507 ea
460 1488 521 1514 quae
536 1480 607 1508 bona
620 1481 750 1508 videntur
764 1482 900 1517 malignus
916 1482 1043 1510 minister

252 1522 372 1558 diligens
384 1532 518 1559 apparere
530 1526 606 1557 velit,
619 1526 712 1553 varius
725 1526 797 1553 cnim
820 1531 862 1554 est
881 1532 909 1554 et
927 1528 1043 1555 mendax

253 1568 282 1596 in
312 1569 514 1604 cupiditatibus
554 1572 662 1600 mundi.
696 1572 762 1599 Nam
789 1580 838 1607 per
866 1573 1041 1602 dilectionem

253 1613 400 1648 quamdam
412 1620 572 1643 terrestrem
598 1621 626 1644 et
649 1618 797 1650 carnalem,
810 1617 837 1644 in
851 1624 905 1653 qua
925 1618 1045 1646 vincitur

253 1660 336 1688 homo
355 1661 467 1696 propria
493 1662 644 1695 voluntate,
668 1663 790 1690 allicitur
816 1664 930 1696 malitia,
947 1669 977 1692 ut
998 1665 1045 1693 ﬁat

252 1706 292 1734 illi
307 1707 448 1735 vinculum
469 1708 615 1736 insolubile
634 1713 662 1736 et
684 1709 792 1736 sarcina
812 1710 914 1744 gravis,
929 1711 1043 1738 immer-

252 1760 319 1788 gens
339 1758 367 1780 et
388 1753 527 1782 suﬂ'oeans
549 1762 612 1782 cum
630 1755 657 1782 in
679 1755 779 1782 sxeculo
798 1756 937 1791 nequitiae,
953 1764 1044 1792 neque

251 1800 347 1827 sinens
371 1807 526 1835 assurgere,
548 1805 575 1828 et
598 1801 631 1828 ad
657 1801 743 1828 Deum
767 1801 876 1835 redire;
900 1803 1042 1837 quoniam,

251 1845 387 1880 quidquid
405 1853 420 1873 e
434 1846 538 1874 mundo
560 1847 660 1882 aliquis
681 1847 819 1882 dilexerit,
835 1848 908 1878 illius
924 1855 1043 1878 mentem

251 1886 384 1926 Opprimit
400 1894 428 1919 et
441 1891 557 1925 obtinet,
579 1900 668 1928 neque
689 1901 832 1931 assurgere
850 1897 924 1924 sinit.
941 1897 970 1924 lu
991 1897 1043 1925 hac

251 1937 325 1965 enim
344 1937 493 1966 libratione
515 1944 542 1966 et
566 1940 765 1974 pouderatione
789 1949 850 1977 quae
874 1950 922 1977 per
944 1943 1042 1970 libram

250 1982 362 2010 malitia
388 1983 429 2015 lit,
456 1984 586 2018 penditur
605 1989 632 2012 et
648 1985 780 2020 probatur
798 1993 880 2013 omne
900 1987 1042 2015 hominum

250 2035 348 2063 genus,
358 2027 580 2057 Christianorum
592 2037 690 2065 nempe
701 2031 728 2058 in
741 2031 858 2059 urbibus
872 2032 1042 2068 degentium,

251 2078 299 2100 aut
316 2073 344 2101 in
358 2075 511 2107 montibus,
531 2079 578 2102 aut
594 2076 620 2103 in
635 2078 821 2111 monasteriis,
837 2083 885 2106 aut
910 2079 938 2106 in
960 2079 1042 2114 agris.

251 2123 299 2146 aut
312 2119 339 2146 in
353 2119 471 2148 desertis
485 2120 564 2152 locis,
587 2121 651 2156 quia
664 2122 805 2151 voluntate
834 2124 945 2158 propria
961 2124 1044 2152 sedu-

251 2170 313 2192 ctus
329 2165 412 2192 homo
425 2165 515 2202 diligit
529 2167 631 2202 aliquid
642 2173 670 2196 et
686 2169 784 2203 quovis
797 2170 878 2196 modo
898 2171 987 2198 vincta
1002 2175 1044 2198 est

251 2211 312 2245 ejus
327 2210 451 2244 dilectio,
470 2215 497 2239 et
513 2220 567 2240 non
583 2217 625 2240 est
644 2217 700 2241 tota
726 2214 755 2240 in
769 2214 873 2247 Deum;
891 2214 936 2250 llic
956 2215 1041 2248 enim,

250 2256 329 2284 verbi
355 2258 453 2292 gratia,
473 2258 569 2286 dilexit
588 2267 665 2294 opes,
693 2259 762 2287 alius
785 2266 884 2287 aurum
902 2265 930 2288 ct
949 2269 1044 2296 argen-

252 2306 320 2334 tum,
338 2302 407 2330 alius
426 2303 557 2331 disertam
583 2304 678 2332 mundi
698 2305 861 2340 sapientiam
874 2306 909 2333 ob
924 2307 1038 2341 gloriam

251 2346 405 2379 hominum,
417 2348 488 2375 alius
505 2349 602 2376 dilexit
623 2351 785 2385 potentiam,
806 2351 878 2378 alius
888 2351 996 2379 laudem
1011 2356 1039 2380 et

249 2393 371 2421 honores
386 2393 542 2427 hominum,
555 2396 625 2424 alius
641 2396 709 2423 iram
730 2401 758 2423 et
779 2397 949 2424 violentiam.
971 2397 1038 2424 Nam

250 2440 435 2474 permittendo
449 2449 478 2469 se
493 2446 619 2476 prompte
634 2442 756 2478 passioni
773 2443 844 2470 banc
858 2443 958 2479 diligit,
968 2444 1039 2471 alius

249 2485 361 2513 inutiles
375 2493 502 2519 eventus,
516 2487 587 2514 alius
601 2487 743 2520 invidiam,
760 2488 831 2516 alius
845 2489 921 2515 omni
934 2489 979 2516 die
993 2496 1039 2516 su-

247 2531 340 2564 perbit
355 2536 384 2558 et
396 2532 516 2563 laztatur,
536 2533 608 2560 alius
626 2532 756 2560 inanibus
778 2533 931 2561 rationibus
947 2533 1039 2560 illudi-

248 2580 304 2608 tur,
318 2576 388 2603 alius
402 2581 532 2611 tanquam
549 2578 618 2613 legis
635 2578 766 2613 magister
784 2578 878 2606 haberi
892 2579 991 2614 diligit,
1002 2578 1037 2606 ob

248 2622 390 2649 hominum
401 2623 526 2658 gloriam,
538 2623 608 2651 alius
623 2624 750 2651 socordia
763 2629 791 2651 et
805 2624 910 2651 incuria
924 2625 1037 2659 gaudet,

248 2667 319 2694 alius
336 2668 459 2695 vestibus
477 2672 506 2696 et
524 2669 623 2704 pannis
638 2669 789 2702 detinetur,
806 2669 876 2696 alius
889 2669 964 2696 curis
985 2674 1038 2696 ter-

247 2714 382 2742 restribus
395 2722 425 2742 se
446 2715 503 2748 dat,
517 2715 588 2743 alius
609 2723 736 2743 somnum
751 2721 779 2743 et
799 2715 934 2743 sermonis
959 2716 1037 2750 lepo-

280 2800 304 2817 ⁶⁰
318 2801 387 2828 Psal.
401 2808 447 2832 ιιι,
462 2801 487 2828 6.

1102 285 1198 312 ἑαυτὸν
1220 284 1396 320 ἀρνούμενος.
1425 283 1497 310 Ἀλλ’
1523 284 1571 310 ἐὰν
1593 283 1684 316 ὀλίγον
1706 282 1890 318 καταδαρήσῃ

1101 332 1117 366 ἠ
1132 331 1225 366 ἀγάπη
1240 330 1287 357 τοῦ
1304 331 1408 365 κόσμου
1431 330 1479 356 καὶ
1492 330 1509 365 ἠ
1523 328 1594 364 ῥοπὴ
1611 329 1641 355 ὲν
1653 327 1692 363 τῷ
1707 329 1757 363 τῆς
1776 327 1891 363 καρδίας

1101 377 1203 412 ζυγίῳ,
1219 376 1300 408 εὐθὺς
1314 377 1477 412 προέρχεται
1493 376 1508 402 ὁ
1524 374 1640 410 πονηρὸς
1651 374 1728 408 λόγος
1746 373 1825 408 μέχρι
1837 373 1890 399 τῶν

1100 425 1220 460 χειλέων.
1235 422 1300 452 Εἶτα
1317 423 1412 458 ὥσπερ
1440 423 1503 458 βέλη
1522 422 1648 449 ἐντείνων
1663 422 1677 448 ὁ
1699 420 1763 451 νοῦς
1780 420 1889 446 ἔνδοθεν

1100 470 1204 505 τοξεύει
1225 470 1271 497 τὸν
1296 470 1411 505 πλησίον
1426 469 1470 496 διὰ
1485 469 1618 503 γλώττης,
1635 467 1751 502 πέμπων
1766 466 1830 501 βέλη
1846 466 1889 492 λό-

1100 526 1156 549 γων
1172 516 1306 551 ἀπρεπῶν
1323 517 1351 543 ὲν
1367 515 1501 550 θελήματι
1518 513 1645 549 ἑκουσίῳ,
1660 513 1709 548 τὴν
1728 512 1825 539 ἑαυτοῦ
1845 511 1888 538 δό-

1100 564 1149 597 ξαν
1164 563 1402 599 περιποιούμενος.
1414 559 1480 588 Εἶτα
1492 559 1610 593 τοξεύων
1620 560 1665 587 ἐπὶ
1677 559 1745 586 πολὺ
1758 558 1804 586 τὸν
1820 558 1889 594 πλη-

1101 610 1157 636 σίον
1173 610 1217 636 διὰ
1238 609 1326 644 λόγων
1342 608 1485 643 ἀπρεπῶν,
1503 608 1555 639 ἓως
1570 604 1600 633 οὗ
1619 607 1667 634 καὶ
1680 606 1709 632 ἐν
1722 607 1779 638 τοῖς
1794 605 1888 641 μέλεσι

1099 656 1212 692 διαχυθῇ
1227 656 1256 682 τὸ
1280 655 1432 691 ἁμάρτημα
1455 656 1496 686 είς
1513 653 1710 688 συμπληγάδας
1733 652 1818 679 ἐνίοτε
1841 651 1889 678 καὶ

1098 703 1255 739 τραύματα,
1283 702 1326 729 διὰ
1357 701 1404 728 τοῦ
1431 701 1557 735 σώματος
1571 700 1673 734 ἄλληλα
1699 700 1733 726 τὰ
1752 697 1820 734 μέλη
1839 706 1889 724 πο-

1099 749 1238 785 λεμοῦντιιΔ
1247 748 1443 784 ἀπεργάζεται,
1459 748 1543 774 ἐνίοτε
1565 747 1613 774 καὶ
1628 746 1680 777 ἕως
1700 746 1791 780 φόνου,
1806 744 1888 771 θανάι

1098 800 1145 822 του
1161 795 1341 830 ἀπαρτίζεται
1358 795 1388 821 τὸ
1412 794 1459 821 τοῦ
1485 793 1602 829 πονηροῦ
1627 792 1799 827 ἐπιθύμημα.
1821 792 1886 824 Ἴδε,

1100 841 1184 868 πόθεν
1199 841 1312 876 ἤρξατο,
1327 840 1375 867 καὶ
1390 841 1465 867 ποῖον
1479 839 1542 875 ἔσχε
1556 839 1587 865 τδ
1602 839 1677 870 τέλος
1693 838 1786 874 ἀγάπη
1807 837 1887 873 δόξης

1100 885 1235 920 κοσμικῆς
1256 884 1405 920 βαρυθεῖσα
1431 884 1468 920 (1)
1485 885 1518 919 τῇ
1537 885 1606 919 ῥοπῇ
1631 883 1678 909 τοῦ
1696 883 1747 917 τῆς
1773 880 1886 917 καρδίας

1099 931 1182 964 ζυγοῦ
1197 930 1226 962 ἐξ
1239 929 1304 957 ἰδίου
1319 930 1480 965 θελήματος.
1494 930 1542 956 Διὰ
1555 929 1609 964 γὰρ
1621 928 1650 955 τὺ
1668 928 1705 963 μὴ
1717 927 1886 963 ἀρνήσασθαι

1099 977 1206 1008 ἑαυτὸν,
1229 977 1276 1003 κοιλ¹
1300 976 1409 1011 ἀγαπᾷν
1426 985 1452 1002 τι
1469 975 1516 1002 τοῦ
1538 975 1652 1010 κόσμου,
1672 975 1765 1001 ἐκεῖνα
1780 974 1828 1000 ὅλα
1851 974 1886 1000 τὰ

1099 1022 1262 1056 ἀτοπήματα
1273 1023 1405 1056 γίγνεται.
1422 1019 1515 1053 Οὕτως
1530 1022 1584 1047 νόει
1601 1029 1645 1054 μοι
1663 1020 1757 1052 καὶείς
1770 1020 1886 1047 ἕκαστον

1098 1067 1250 1103 ἁμάρτημα
1264 1067 1311 1094 καὶ
1334 1067 1503 1103 ἐπιτήδευμα
1522 1067 1621 1102 φαῦλον
1646 1067 1697 1101 τῆς
1721 1066 1820 1097 κακίας
1837 1074 1886 1092 κο-

1098 1113 1279 1148 λακευούσης,
1293 1114 1340 1141 καὶ
1352 1113 1577 1149 προτρεπομένης
1598 1113 1628 1139 τὸ
1642 1113 1748 1148 θέλημα
1766 1111 1811 1138 τοῦ
1826 1111 1887 1144 νοὸς

1098 1160 1147 1187 καὶ
1158 1159 1317 1194 ἐπιθυμίαις
1333 1160 1479 1195 κοσμικαῖς
1493 1159 1539 1186 καὶ
1553 1159 1644 1195 ἀπάτῃ
1662 1159 1710 1186 καὶ
1725 1158 1804 1194 ἡδονῇ
1819 1167 1887 1193 σαρ-

1098 1206 1155 1237 κός.
1184 1205 1262 1232 Οὕτω
1293 1206 1347 1233 πᾶν
1372 1206 1487 1240 πρᾶγμα
1512 1205 1611 1236 κακίας
1636 1205 1817 1240 ἀπαρτίζεται
1835 1204 1886 1240 (2),

1098 1252 1169 1280 οὕτω
1185 1252 1293 1288 μοιχεία
1309 1253 1356 1280 καὶ
1373 1252 1472 1288 κλοπὴ,
1492 1252 1561 1279 οὕτω
1581 1252 1722 1284 πλεονεξία
1744 1252 1792 1278 καὶ
1815 1251 1885 1286 μέθη

1098 1298 1169 1326 οὕτω
1188 1298 1355 1335 φιλαργυρία
1387 1299 1433 1325 καὶ
1460 1298 1615 1331 κενοδοξία,
1641 1298 1712 1325 οὕτω
1733 1298 1813 1334 ζῆλος
1838 1298 1886 1324 καὶ

1098 1344 1229 1381 φιλαρχία
1254 1344 1301 1371 καὶ
1327 1345 1380 1372 πᾶν
1409 1344 1497 1371 ὁτιοῦν
1517 1343 1575 1371 ἐστι
1599 1344 1648 1378 τῆς
1671 1344 1771 1375 κακίας
1787 1344 1886 1379 ἐπιτή-

1097 1391 1195 1425 δευμα.
1229 1389 1328 1416 Ἑνίοτε
1361 1389 1431 1416 καλὰ
1455 1389 1585 1416 δοκοῦντα
1610 1389 1813 1424 ἐπιτηδεύματα
1838 1389 1883 1416 διὰ

1097 1435 1175 1467 δόξαν
1196 1434 1241 1461 καὶ
1253 1434 1364 1461 ἔπαινον
1381 1434 1533 1470 ἀνθρώπων
1547 1433 1721 1466 ἐπιτελεῖται,
1739 1434 1812 1470 ἅπερ
1827 1434 1887 1461 ἐστὶ

1099 1481 1173 1515 παρὰ
1183 1480 1242 1515 Θεῷ
1263 1479 1307 1506 tua
1325 1479 1432 1512 ἀδικίας
1457 1481 1502 1507 καὶ
1524 1479 1628 1513 κλοπῆς
1649 1480 1696 1507 καὶ
1720 1480 1775 1507 τῶν
1798 1480 1888 1507 ἄλλων

1096 1526 1206 1562 ἀμαρτη
1211 1526 1315 1561 μάτων.
1324 1526 1352 1552 '0
1360 1526 1425 1557 Θεὸς
1436 1526 1490 1561 γάρ
1500 1534 1592 1562 φησιν·
1601 1526 1801 1560 Ἐσκόρπισεν
1810 1525 1887 1554 ὀστᾶ

1096 1572 1353 1606 ἀνθρωπαρέσκων
1363 1581 1369 1588 ·
1382 1572 1452 1599 ὥστε
1470 1572 1514 1599 διὰ
1526 1572 1579 1599 τῶν
1599 1571 1747 1599 δοκούντων
1767 1572 1857 1599 καλῶν
1871 1573 1887 1600 ὁ

1096 1619 1213 1654 πονηρὸς
1240 1619 1436 1654 ὑπηρετεῖτθαι
1459 1619 1593 1652 βούλεται.
1610 1618 1805 1651 Πολυποίκιλος
1829 1619 1885 1654 γάρ

1095 1665 1153 1692 ἐστι
1170 1665 1216 1691 καὶ
1232 1665 1369 1700 ἀπατηλὸς
1386 1665 1414 1691 ὲν
1433 1664 1591 1700 ἐπιθυμίαις
1618 1664 1731 1699 κόσμου.
1755 1665 1805 1691 Διὰ
1828 1665 1884 1700 γὰρ

1094 1710 1206 1745 ἀγάπην
1221 1711 1283 1737 τινὰ
1308 1711 1406 1746 γηΐνην
1430 1709 1468 1745 (5)
1489 1710 1537 1737 καὶ
1556 1709 1702 1745 σαρκικὴν,
1725 1709 1764 1742 είς
1787 1710 1821 1746 ἣν
1839 1709 1885 1736 δε-

1096 1757 1205 1791 σμεῖται
1230 1756 1376 1792 ἄνθρωπος
1396 1755 1530 1791 θελήματι
1554 1755 1621 1790 ἰδίῳ,
1648 1755 1804 1788 δελεάζεται
1829 1755 1884 1782 ὑπὸ

1094 1801 1145 1837 τῆς
1166 1803 1276 1834 κακίας,
1291 1802 1365 1833 ὅπως
1381 1802 1485 1836 γίνεται
1506 1801 1580 1836 αύτῷ
1598 1801 1692 1833 ἅλυσις
1714 1801 1761 1828 καὶ
1784 1800 1887 1836 δεσμὸς

1095 1847 1141 1874 καὶ
1164 1848 1272 1883 φορτίον
1300 1848 1380 1883 βαρὺ,
1401 1847 1584 1879 καταὸυθίζον
1608 1848 1657 1874 καὶ
1681 1848 1776 1881 πνῖγον
1796 1848 1826 1874 ὲν
1845 1846 1885 1883 τῷ

1095 1891 1173 1918 αἰῶνι
1196 1893 1245 1927 τῆς
1263 1891 1396 1926 πονηρίας
1408 1912 1415 1923 ,
1434 1891 1470 1926 μὴ
1492 1890 1650 1926 συγχωροῦν
1668 1890 1816 1925 ἀνακύψαι,
1832 1891 1885 1918 καί⁷

1095 1938 1163 1972 πρδς
1181 1937 1227 1963 τὸν
1247 1937 1313 1964 Θεὸν
1330 1936 1467 1964 ἀπελθεῖν.
1489 1936 1597 1971 Ἐπειδὴ
1614 1937 1681 1971 ὅπερ
1693 1942 1735 1968 τις
1755 1936 1884 1972 ἠγάπησε

1093 1982 1142 2009 τοῦ
1161 1984 1275 2017 κόσμου,
1291 1983 1445 2017 κατασαρεῖ
1457 1982 1502 2008 τὸν
1521 1981 1582 2008 νοῦν
1609 1981 1691 2008 αὑτοῦ
1722 1982 1770 2008 καὶ
1797 1990 1885 2008 κατα-

1095 2029 1192 2064 κρατεῖ
1207 2029 1256 2063 (ἃ),
1275 2028 1323 2055 καὶ
1335 2029 1384 2054 οὐκ
1406 2029 1439 2064 ἑᾷ
1460 2027 1608 2063 ἀνακύψαι.
1621 2028 1668 2059 Εἰς
1681 2027 1761 2054 τοῦτο
1783 2027 1837 2062 γὰρ
1855 2027 1885 2054 τὺ

1096 2074 1227 2109 στάθμιον
1246 2075 1292 2101 καὶ
1307 2074 1356 2108 τὴν
1372 2074 1459 2109 ῥοπὴν
1475 2074 1523 2100 καὶ
1545 2074 1576 2100 τδ
1598 2073 1648 2108 τῆς
1670 2073 1769 2105 κακίας
1791 2073 1885 2107 ζύγιον

1095 2121 1244 2155 κρέμαται,
1270 2120 1317 2146 καὶ
1342 2119 1520 2154 δοκιμάζεται
1536 2120 1590 2146 πᾶν
1609 2118 1638 2145 τδ
1661 2118 1739 2153 γένος
1761 2119 1816 2145 τῶν
1835 2120 1884 2146 ἀν-

1095 2165 1220 2201 θρώπων,
1236 2166 1296 2200 ἤτοι
1310 2165 1482 2200 Χριστιανῶν
1492 2165 1545 2192 τῶν
1560 2165 1590 2191 ὲν
1601 2165 1711 2192 πόλεσιν
1725 2164 1883 2197 οἰκούντων,

1094 2212 1110 2247 ἦ
1126 2212 1155 2239 ὲν
1173 2212 1274 2247 apem,
1292 2211 1308 2247 ἢ
1331 2212 1360 2238 ἐν
1384 2212 1478 2246 μοναῖς
1491 2232 1498 2243 ,
1521 2211 1537 2246 ἢ
1562 2211 1591 2237 ὲν
1612 2211 1723 2247 ἀγροῖς,
1739 2211 1754 2247 ἥ
1773 2212 1802 2237 ἐν
1817 2211 1884 2246 ἐρή-

1060 2262 1081 2291 D
1098 2265 1157 2292 μοις
1182 2257 1286 2290 τόποις,
1308 2258 1348 2284 ὅτι
1367 2256 1500 2292 θελήματι
1528 2257 1585 2292 ἰδίῳ
1602 2257 1793 2292 δελεαζόμενος
1806 2257 1820 2283 ὁ
1835 2257 1885 2284 ἄν·

1094 2302 1201 2337 θρωπος
1221 2302 1316 2338 ἀγαπᾷ
1332 2311 1358 2328 τι
1384 2302 1432 2328 καὶ
1457 2302 1623 2336 ὁπουδήποτε
1638 2302 1742 2328 δέδεται
1765 2301 1849 2328 αὑτοῦ
1866 2303 1884 2337 ἡ

1092 2348 1186 2384 ἀγάπη
1197 2369 1203 2379 ,
1225 2349 1271 2375 καὶ
1291 2348 1342 2374 οὐκ
1357 2347 1430 2374 ἔστιν
1449 2347 1496 2382 ὅλη
1522 2347 1589 2382 πρὸς
1603 2347 1649 2374 τὸν
1662 2347 1738 2374 Θεὸν·
1754 2347 1884 2383 ἠγάπησε

1092 2395 1145 2429 γάρ
1161 2402 1212 2426 τις,
1229 2395 1252 2421 εί
1267 2394 1342 2429 τύχοι
1359 2396 1497 2429 κτήματα,
1516 2393 1595 2425 ἄλλος
1614 2394 1714 2429 χρυσὸν
1733 2394 1780 2420 καὶ
1795 2393 1882 2428 ἄργυ-

1092 2449 1148 2476 ρον,
1172 2440 1251 2471 ἄλλος
1279 2440 1373 2474 σοφίαν
1401 2440 1494 2474 λογίαν
1529 2440 1631 2475 κόσμου
1659 2439 1703 2466 διά
1728 2440 1807 2471 δόξαν
1837 2441 1883 2466 ἁν-

1092 2485 1218 2521 θρώπων,
1241 2485 1320 2517 ἀλλος
1345 2486 1490 2520 ἠγάπησεν
1510 2485 1615 2520 ἀρχὴν,
1637 2484 1715 2516 ἀλλος
1735 2484 1814 2517 δόξαν
1834 2485 1884 2511 καὶ¹

1091 2532 1172 2566 τιμὰς
1188 2530 1350 2566 ἀνθρώπιον,
1382 2530 1461 2562 ἄλλος
1481 2530 1566 2565 ὀργὴν
1594 2529 1641 2556 καὶ
1661 2530 1752 2564 μῆνιψ
1771 2530 1814 2556 διὰ
1829 2530 1884 2565 γὰρ

1091 2579 1121 2604 τὸ
1135 2577 1239 2612 ταχέως
1258 2577 1353 2604 ἑαυτὸν
1369 2577 1514 2603 ἐπιδιδόναι
1532 2576 1570 2610 τῷ
1585 2577 1665 2604 πάθει
1687 2576 1781 2612 ἀγαπᾷ
1800 2577 1882 2604 αὐτό·

1091 2623 1169 2656 ἄλλος
1189 2623 1320 2658 ἀκαίρους
1344 2622 1504 2657 συντυχίας,
1520 2621 1600 2654 ἄλλος
1617 2621 1709 2658 ζῆλον,
1727 2622 1807 2653 ἄλλος
1831 2623 1883 2649 πᾶ-

1091 2677 1141 2695 σαν
1168 2668 1277 2704 ἡμέραν
1299 2668 1494 2703 μετεωρίζεται
1510 2668 1556 2695 καὶ
1570 2668 1676 2703 ἥδεται,
1693 2667 1772 2699 ἄλλος
1786 2668 1883 2702 ἀργοῖς

1090 2715 1230 2750 λογισμοῖς
1244 2714 1393 2746 ἀπατὶται,
1410 2713 1491 2746 ἄλλος
1505 2713 1543 2746 ὦς
1564 2712 1791 2750 νομοδιδάσκαλος
1808 2711 1879 2740 εἶναι

880 2849 995 2877 ΥΑΠΙΑΕ
1013 2848 1158 2877 LECTION
1164 2849 1213 2876 ER.

283 2908 320 2941 {1)
333 2907 380 2935 Sic
393 2907 453 2934 cod.
493 2907 531 2942 (εἰ)
544 2905 618 2935 Cod.
635 2904 802 2939 ἀαρτιζεται.
852 2905 888 2940 (5;
906 2904 950 2930 ’ἦν
967 2904 1042 2937 cod.,

1093 2906 1129 2940 (ιι)
1144 2907 1162 2933 C
1169 2908 1215 2932 od.
1237 2904 1419 2939 xathpazai.
