2067 3149
253 139 306 172 439

876 133 1090 173 εζΜΑεΑῐιῐῐ
1112 142 1273 174 .IEGYPTII

1836 144 1889 176 500

253 198 440 230 desideratur,
453 202 481 226 et
494 198 594 230 omnis,
607 198 653 233 qui
673 197 700 224 in
714 197 783 225 urbe
794 197 867 233 regis
879 198 1046 229 diversatur,

1107 199 1255 236 ivOpdmot;
1271 201 1412 235 τυγχάνει,
1429 200 1476 228 καὶ
1486 201 1539 232 πᾶς
1556 209 1598 233 τις
1613 199 1754 235 ἐπιδημῶν
1768 201 1798 227 ἐν
1816 202 1891 228 πόλει

253 244 393 272 desiderat
411 244 444 271 ad
463 244 606 271 minimum
622 243 854 278 pulchritudinem
868 244 928 278 ejus
940 244 1045 275 videre,

255 296 302 318 aut
323 291 487 326 elegantiam
510 290 564 325 24,
586 290 826 321 vestitm‘ntorun),
851 293 898 316 aut
918 296 1047 324 purpura:

255 337 441 372 splendorem,
458 337 596 363 variarum
615 336 825 371 margaritarum
845 336 973 367 nitorem,
986 335 1047 362 (lia-

256 384 372 410 dematis
389 383 529 414 decorem,
553 388 635 417 atque
658 382 843 417 priestantiam
863 389 970 414 eorum,
988 389 1048 415 qua:

256 429 289 456 ad
303 430 471 464 majestatem
488 429 548 464 ejus
565 429 717 463 pertinent;
735 428 787 455 nisi
803 428 876 462 quod
890 427 1049 462 spirituales

257 476 353 503 isthmc
370 480 563 506 contenmant,
588 475 652 509 quia
672 475 751 501 aliam
771 474 885 509 gloriam
908 473 1048 500 emlestem

257 523 446 557 incorpoream
470 521 586 556 experti,
610 521 662 548 alia
688 520 821 547 inell‘abili
845 518 1049 554 pulchritudine

256 569 390 600 sauciati,
418 568 589 602 aliarumque
621 567 779 594 divitiarum
813 566 961 601 participes
986 569 1051 592 sunt

257 615 331 646 facti,
349 620 376 641 ct
396 615 546 642 secundum
574 614 710 640 internum
729 612 878 643 hominem,
894 611 977 638 alium
994 611 1051 645 spi-

258 661 340 687 ritum
363 659 504 686 consecuti
523 664 598 686 sunt.
614 658 748 691 Quoniam
764 657 846 692 igitur
860 657 942 692 hujus
956 657 1052 683 mundi

258 706 400 737 homines,
427 706 474 740 qui
501 705 628 740 spiritum
652 704 746 731 mundi
772 704 929 738 possident,
955 710 1053 737 magno

257 752 396 779 desiderio
425 757 554 778 tenentur
580 751 683 777 terreni
725 750 797 785 regis
830 749 1052 783 contemplandi,

257 799 354 825 saltem
376 806 438 825 cum
464 798 539 825 omni
564 801 665 824 ornatu
688 802 716 824 et
739 797 826 832 gloria
848 797 927 831 ejus:
950 799 1054 830 quanto

257 845 330 871 enim
345 845 371 872 in
387 845 420 871 iis
441 852 502 879 quae
517 844 656 875 videntur,
681 844 804 870 conditio
823 843 883 878 ejus
904 843 990 877 major
1011 845 1054 868 est

258 899 341 926 quant
367 891 490 917 omnium
515 890 674 921 hominum,
689 894 766 917 tanto
791 889 952 924 gloriosius,
978 892 1054 916 tanto

259 937 410 972 optabilius
424 936 458 963 ab
471 936 600 963 omnibus
619 936 739 962 habetur
756 936 798 962 vel
813 940 918 962 tantum
936 934 1051 965 vidisse,

259 987 288 1010 et
312 982 501 1017 unusquisque
516 982 587 1016 apud
609 990 638 1009 se
657 982 725 1009 dicit
743 991 749 1008 :
776 981 881 1008 Utinam
905 981 963 1015 quis
988 980 1052 1006 mihi

259 1029 337 1056 illam
363 1029 487 1064 gloriam,
512 1029 630 1055 decorem
657 1037 687 1054 ac
709 1028 874 1063 splenderent
899 1026 1023 1053 concedat
1044 1026 1053 1052 !

260 1075 414 1109 pnedicans
431 1082 494 1101 eum
507 1075 628 1105 beatmn,
645 1074 762 1100 similem
778 1073 879 1108 alioqui
895 1073 950 1104 sui,
966 1077 1054 1100 terre-

260 1128 338 1151 num.
350 1120 502 1154 iisdemque
515 1119 707 1146 alfactionibus
720 1119 869 1146 obnoxium
884 1123 966 1152 atque
979 1126 1054 1146 mor—-

261 1168 358 1200 talem,
383 1172 498 1202 propter
524 1172 746 1194 momentaneum
778 1174 845 1193 vero
876 1169 1005 1192 ornatum
1026 1169 1054 1192 et

263 1214 378 1249 gloriam
393 1213 616 1240 desiderabilem.

296 1260 341 1287 Vl.
365 1259 393 1286 Si
414 1259 508 1295 igitur,
525 1260 647 1294 inquam,
663 1258 786 1286 carnales
805 1257 932 1285 homines
943 1257 1054 1285 deside-

264 1309 325 1333 rant
336 1310 479 1340 tantopere
495 1305 608 1340 gloriam
628 1305 731 1332 terreni
753 1306 835 1340 regis,
849 1308 952 1340 quanto
969 1304 1054 1339 magis

262 1351 302 1382 hi,
319 1351 346 1378 in
367 1359 437 1386 quos
459 1351 601 1378 instillavit
625 1355 700 1386 gutta
719 1350 839 1386 Spiritus
859 1351 930 1383 vitm,
947 1351 994 1386 qui
1011 1355 1054 1379 est

262 1397 432 1430 divinitatis;
445 1401 473 1424 et
487 1405 603 1432 quorum
616 1405 664 1424 eor
679 1397 835 1424 vulneravit
849 1405 943 1423 amore
959 1397 1054 1424 divino

261 1451 327 1480 erga
342 1444 484 1472 emlestem
500 1451 591 1478 regem
606 1442 756 1474 Christum.
772 1443 892 1470 devincti
907 1449 971 1470 sunt
992 1443 1055 1478 pul—

262 1489 421 1518 chritudine
436 1489 479 1516 illa
497 1493 525 1515 et
543 1488 629 1523 gloria
649 1488 791 1520 ineffabili,
807 1493 835 1515 et
849 1489 950 1516 decore
964 1489 1054 1516 incor-

1099 246 1241 280 βασιλέως,
1258 246 1388 282 ἐπιθυμεῖ
1408 246 1460 273 κᾶν
1480 247 1561 282 μόνον
1582 247 1732 274 θεάσασθαι
1749 247 1779 272 τὺ
1795 247 1892 279 κάλλος

1098 292 1191 325 αὑτοῦ,
1208 293 1224 327 ἢ
1239 293 1289 327 τὴν
1302 293 1457 333 ὡραὶότητα
1473 293 1528 319 τῶν
1542 293 1711 328 ἐνδυμάτων,
1727 293 1744 328 ἢ
1759 294 1809 328 τῆς
1825 302 1892 328 πορ-

1099 338 1188 373 φύρας
1217 339 1265 373 τὴν
1287 339 1383 371 δόξαν,
1404 339 1458 365 τῶν
1488 339 1620 365 ποικίλων
1652 339 1831 374 μαργαριτῶν
1862 339 1893 366 τὸ

1099 385 1207 416 κάλλος,
1231 384 1278 410 τοῦ
1304 385 1469 420 διαδήματος
1493 385 1542 419 τὴν
1563 385 1743 419 εὐπρέπειαν,
1761 384 1814 411 τῶν
1843 384 1892 411 σὺν

1100 430 1175 465 αὐτῷ
1204 430 1369 464 ἀξιωμάτων
1404 429 1453 464 τὴν
1481 430 1644 464 τιμιότητα·
1665 429 1743 461 ἐκτὸς
1766 430 1790 455 εἰ
1808 429 1844 464 μὴ
1867 429 1892 455 οἱ

1101 477 1283 510 πνευματικοὶ
1306 475 1488 509 ἐξουδενοῦσιν
1506 476 1586 509 αὐτὰ,
1606 476 1650 502 διὰ
1671 477 1700 502 τὸ
1715 476 1798 510 ἄλλης
1813 476 1893 510 δόξης

1101 523 1264 559 ἐπουρανίου
1295 524 1342 550 καὶ
1369 524 1514 558 ἀσωμάτου
1540 522 1736 557 πεπειρᾶσθαι,
1753 522 1799 548 καὶ
1820 521 1892 556 ἀλλῳ

1102 570 1195 597 κάλλει
1207 570 1320 605 ἀρῤήτῳ
1336 569 1498 604 τετρῶσθαι,
1515 569 1562 595 καὶ
1577 568 1658 595 ἄλλου
1672 568 1787 594 πλούτου
1803 577 1893 594 κεκοι-

1103 615 1264 650 νωνηκέναι,
1286 616 1332 641 καὶ
1347 614 1385 649 τῷ
1407 614 1460 640 ἔσω
1479 613 1616 648 ἀνθρώπῳ
1639 613 1760 644 ἔσεσθαι,
1786 612 1893 644 2115,1-

1103 662 1149 688 λου
1169 661 1326 696 πνεύματος
1343 661 1475 695 μετέχειν.
1501 660 1578 686 Ἐπεὶ
1589 659 1636 686 οὖν
1651 659 1697 686 τοῦ
1712 660 1814 694 κόσμου
1829 659 1893 685 τοὺ-

1104 717 1151 735 του
1168 708 1317 742 ἄνθρωποι,
1335 708 1360 733 οί
1380 707 1411 733 τὸ
1430 707 1539 741 πνεῦμα
1549 706 1596 732 τοῦ
1610 706 1713 740 κότμου
1731 705 1848 740 ἔχοντες,
1864 704 1894 730 ὲν

1106 755 1191 788 πολλῇ
1203 754 1336 788 ἐπιθυμίᾳ
1356 752 1409 779 εἰσὶ
1430 752 1478 778 τοῦ
1496 753 1541 778 τὸν
1561 752 1681 785 ἐπίγειον
1701 750 1812 786 βασιλέα
1829 750 1894 776 θεά-

1107 800 1216 831 σασθαι,
1233 799 1312 834 μόνον
1327 808 1375 825 συν
1387 799 1461 834 πάσῃ
1478 799 1511 833 τῇ
1528 798 1681 833 εὐπρεπείᾳ
1703 798 1750 824 καὶ
1771 797 1834 834 δόξῃ
1850 798 1895 830 qd.

1106 846 1163 873 τοῖν
1187 847 1249 872 ὅσον
1264 845 1318 880 γὰρ
1335 845 1364 870 ὲν
1384 846 1439 875 τοῖς
1454 844 1627 879 φαινομένοις
1649 843 1739 878 πολλῷ
1754 844 1856 879 μείζων
1878 844 1895 878 ἠ

1107 891 1186 926 μερὶς
1214 890 1296 916 αὐτοῦ
1322 891 1380 916 ἐστι
1405 889 1481 923 παρὰ
1507 889 1611 920 πάντας
1634 889 1696 920 τοὺς
1722 888 1894 923 ἀνθρώπους,

1105 937 1192 969 οὕτως
1214 935 1328 968 ἔνδοξον,
1345 935 1430 966 οὕτως
1446 934 1613 969 ἐπιθυμητὸν
1630 933 1682 960 ὑπὸ
1700 933 1820 965 πάντων,
1844 933 1896 959 κᾶν

1104 983 1143 1018 τῷ
1167 983 1299 1016 θεαθῆναι
1328 981 1425 1016 μόνον·
1452 981 1500 1006 καὶ
1519 980 1635 1012 ἕκαστος
1652 980 1681 1006 ὲν
1697 979 1787 1014 ἑαυτῷ
1810 979 1895 1013 λέγει·

1105 1029 1175 1055 Εἴθε
1194 1036 1238 1060 τις
1253 1027 1344 1053 ἔδωκέ
1361 1035 1411 1061 μοι
1433 1026 1556 1058 ἐκείνην
1574 1024 1631 1058 τὴν
1644 1024 1747 1057 δόξαν,
1774 1024 1823 1051 καὶ
1839 1023 1898 1057 τὴν

1105 1073 1297 1108 εὐπρέπειαν,
1311 1072 1359 1098 φισὶ
1378 1071 1435 1104 τὴν
1450 1072 1625 1105 ὡραιότητα,
1647 1070 1807 1106 μακαρίζων
1824 1071 1898 1096 ἐκεῖ-

1106 1127 1150 1145 νον
1170 1118 1215 1144 τὸν
1235 1118 1328 1152 ὅμοιον
1356 1116 1439 1143 αὐτοῦ
1467 1117 1572 1151 γήϊνον,
1600 1115 1648 1142 καὶ
1679 1115 1832 1150 ὁμοιοπαθῆ
1850 1115 1898 1141 καὶ

1106 1166 1203 1200 θνητὸν
1218 1165 1292 1195 ὅντα,
1307 1164 1351 1190 διὰ
1366 1164 1395 1190 δὲ
1409 1163 1458 1198 τὴν
1475 1164 1644 1198 πρόσκαιρον
1657 1163 1835 1198 εὐπρέπειαν,
1851 1161 1899 1188 καὶ

1105 1211 1196 1243 δόξαν,
1210 1211 1392 1246 ἐπιθυμητὸν.

1142 1259 1189 1292 (τ’,
1214 1258 1245 1284 Εἰ
1263 1255 1309 1284 οὖν
1331 1257 1418 1288 οὕτως
1443 1257 1468 1283 οἱ
1489 1255 1617 1292 σαρκικοὶ
1634 1255 1773 1290 ἄνθρωποι
1796 1254 1900 1281 ἐπιθυ-

1108 1305 1190 1340 μοῦσι
1209 1305 1260 1338 τῆς
1272 1304 1351 1338 δόξης
1367 1304 1414 1331 τοῦ
1430 1304 1526 1338 γηῖνου
1544 1303 1687 1338 βασιλέως,
1706 1302 1782 1336 πόσῳ
1797 1301 1900 1336 μᾶλλον

1105 1349 1146 1383 οἷς
1162 1351 1306 1384 ὲνέσταξεν
1334 1350 1425 1386 ὲκείνη
1454 1351 1470 1385 ή
1500 1350 1576 1385 ῥανὶς
1600 1349 1648 1376 τοῦ
1671 1348 1829 1382 Πνεὺματος
1849 1348 1899 1382 τῆς

1106 1399 1179 1433 ζωῆς
1193 1399 1241 1433 τῆς
1256 1398 1382 1432 θεότητος
1395 1419 1401 1430 ,
1426 1398 1473 1423 καὶ
1489 1397 1592 1432 ἔτρωσε
1607 1396 1656 1431 τὴν
1678 1395 1792 1430 καρδίαν
1809 1393 1900 1420 αὐτῶν

1107 1445 1188 1480 ἔρωτι
1214 1445 1290 1479 θείῳ,
1307 1444 1376 1479 πρὸς
1397 1443 1442 1470 τὸν
1465 1442 1628 1478 ἐπουράνιον
1645 1440 1756 1476 βασιλέα
1771 1439 1898 1475 Χριστὸν,

1107 1493 1147 1524 εἰς
1171 1493 1259 1518 ἐκεῖνο
1277 1491 1308 1517 τὸ
1325 1491 1421 1522 κάλλος
1436 1490 1555 1516 δέδενται
1577 1489 1625 1515 καὶ
1648 1488 1698 1523 τὴν
1717 1486 1899 1521 ἀνεκλάλητον

264 1535 391 1571 ruptibili
415 1539 444 1562 et
470 1534 799 1569 incomprehensibililms
822 1535 927 1562 divitiis
950 1536 1007 1562 veri
1026 1541 1054 1563 et

1107 1538 1183 1570 δόξαν
1199 1538 1245 1564 καὶ
1262 1537 1399 1571 ἄφθαρτον
1416 1535 1597 1571 εὐπρέπειαν,
1614 1535 1661 1560 καὶ
1676 1535 1722 1560 τὸν
1738 1533 1898 1567 ἀνεννόητον

262 1581 360 1610 mterni
382 1580 454 1616 regis
471 1580 584 1613 Christi,
600 1581 679 1616 cujus
694 1585 757 1607 voto
777 1586 806 1608 et
822 1581 961 1608 desiderio
981 1581 1054 1616 capti

265 1631 405 1660 tenentur,
422 1626 470 1654 toti
483 1627 596 1653 omnino
611 1626 644 1653 ad
656 1634 719 1654 eum
732 1627 870 1660 conversi,
889 1631 971 1662 atque
982 1627 1056 1654 desi-

264 1674 365 1701 derant
382 1673 514 1708 consequi
538 1674 732 1701 inenarrabilia
760 1674 804 1701 illa
827 1674 908 1706 bona,
929 1681 990 1708 quae
1008 1681 1057 1708 per

264 1719 399 1754 Spiritum
423 1720 584 1751 intuentur;
609 1727 726 1754 quorum
753 1719 840 1754 gratia
863 1719 971 1752 omnia,
996 1727 1058 1754 qua;

265 1769 330 1793 sunt
347 1773 431 1800 super
443 1770 544 1793 terram
561 1765 685 1800 pulchra,
698 1771 726 1793 et
737 1771 876 1796 ornatum,
890 1770 918 1793 et
929 1765 1057 1801 gloriam,

265 1815 294 1839 et
310 1811 456 1844 honorem,
473 1816 500 1839 et
515 1811 625 1839 divitias
642 1819 736 1847 regum
755 1819 787 1839 ac
810 1812 967 1847 principum
978 1812 1058 1839 nihili

266 1858 391 1886 dueunt:
409 1858 502 1885 divina
517 1858 591 1885 enim
614 1858 822 1893 pulchritudine
843 1859 959 1886 sauciati
982 1863 1057 1891 sunt,

264 1909 293 1932 ct
312 1905 368 1931 vila
392 1905 606 1932 immortalitatis
631 1905 753 1932 cmlestis
775 1905 803 1932 in
826 1905 937 1932 illorum
959 1904 1060 1931 animis

265 1951 420 1978 instillavit.
433 1950 567 1983 Quocirca
582 1951 654 1978 illam
667 1951 843 1978 dilectionem
855 1950 976 1978 cmlestis
987 1950 1060 1985 regis

264 2001 406 2032 exoptant,
434 1997 567 2032 illumque
590 1998 679 2025 solum
704 1997 740 2024 ob
759 1997 854 2025 oculos
877 1997 905 2024 in
931 1996 1061 2023 omnibus

265 2043 414 2070 desideriis
433 2043 579 2076 habentes,
600 2043 706 2078 seipsos
733 2043 808 2070 omni
838 2042 978 2070 mundana
993 2041 1062 2068 dile-

266 2089 358 2116 ctione
383 2097 431 2124 per
456 2098 520 2118 cum
539 2090 700 2122 exsolvunt,
726 2093 754 2116 et
778 2088 913 2115 recedunt
937 2087 972 2114 ab
985 2087 1060 2114 omni

266 2136 378 2163 vinculo
399 2141 523 2169 terreno,
539 2140 569 2162 ut
585 2136 691 2170 possint
710 2134 778 2162 illud
793 2134 961 2161 desiderium
973 2134 1061 2160 solum

265 2190 376 2218 semper
404 2183 431 2210 in
460 2183 593 2210 cordibus
619 2182 677 2210 suis
711 2181 852 2216 possidere
878 2187 968 2214 neque
986 2179 1062 2206 aliud

266 2237 329 2256 cum
350 2229 396 2256 illo
415 2230 605 2257 commiscere.
626 2228 710 2256 Pauci
734 2235 798 2255 vero
820 2234 886 2256 sunt
908 2225 1058 2256 admodum
1079 2215 1099 2242 Ῑ)

266 2275 314 2309 qui
345 2275 418 2302 bello
440 2275 520 2302 initio
547 2275 650 2302 bonum
678 2275 758 2302 linem
790 2279 950 2309 procurent,
976 2279 1004 2302 et
1025 2274 1059 2301 ad

268 2321 350 2348 ﬁnem
372 2321 536 2355 perveniant
558 2321 662 2356 absque
682 2321 776 2355 lapsu,
802 2320 980 2348 dilectionem
1008 2321 1059 2348 soli

268 2367 324 2393 Deo
350 2366 495 2397 habentes,
508 2370 536 2393 et
560 2366 667 2400 seipsos
692 2366 726 2392 ab
753 2365 882 2392 omnibus
907 2366 1059 2393 solventes.

267 2411 346 2439 Multi
369 2411 442 2438 enim
468 2416 705 2446 compunguntur,
720 2416 748 2438 et
764 2411 843 2439 multi
857 2412 952 2447 gratiae
975 2412 1060 2440 coele-

268 2456 319 2483 stis
353 2456 502 2491 participes
531 2457 610 2489 liunt,
638 2462 666 2484 et
686 2456 790 2484 etelesti
812 2465 906 2485 amore
922 2458 1060 2486 vulnerati

268 2507 353 2533 sunt,
388 2501 436 2528 sed
471 2510 521 2537 per
564 2503 739 2537 quotidianas
773 2511 878 2539 pugnas
912 2508 940 2532 et
970 2509 1061 2532 certa-

271 2546 357 2577 mina.
374 2551 402 2573 et
417 2547 536 2581 labores,
555 2552 584 2575 et
597 2549 764 2576 tentationes
775 2550 866 2576 varias
879 2550 991 2585 maligni
1006 2558 1061 2578 non

271 2592 450 2625 sustinentes,
471 2594 557 2622 variis
584 2598 613 2621 et
630 2594 747 2622 diversis
762 2595 910 2622 mundanis
924 2596 1062 2631 cupidita-

272 2637 348 2666 tibus
362 2639 467 2674 agitati,
490 2640 555 2675 quia
577 2641 749 2668 voluntatem
764 2641 882 2676 quisque
896 2641 980 2675 habet
995 2642 1060 2670 dili-

272 2685 354 2719 gendi
368 2685 472 2720 aliquid
485 2695 519 2714 ex
533 2687 587 2714 hoc
610 2687 726 2720 mundo,
755 2691 784 2715 et
808 2695 862 2714 non
881 2687 1005 2716 solvendi
1032 2698 1062 2717 se

273 2733 387 2760 omnino
402 2733 436 2760 ab
449 2733 509 2768 ejus
522 2734 681 2767 dilectione,
693 2740 858 2762 manserunt
877 2739 906 2762 et
924 2736 1060 2764 submersi

273 2785 339 2808 sunt
354 2779 382 2807 in
406 2780 502 2808 mundi
518 2781 627 2817 abysso,
653 2781 689 2809 ob
712 2781 830 2817 proprize
849 2782 1000 2810 voluntatis
1013 2790 1061 2810 ve-

313 2859 350 2894 (l)
367 2858 450 2888 Uncis
467 2859 572 2888 inclusa
588 2861 752 2896 supplentur
768 2870 801 2889 ex
813 2861 875 2890 cod.
892 2870 942 2889 ms.
958 2861 1045 2889 Graec.
1063 2870 1090 2888 n.

1109 1583 1224 1610 πλοῦτον
1238 1583 1286 1610 τοῦ
1297 1582 1425 1617 ἀληθινοῦ
1439 1583 1485 1608 καὶ
1496 1582 1606 1608 αἰωνίου
1621 1580 1755 1615 βασιλέως
1766 1578 1897 1615 Χριστοῦ,

1108 1626 1139 1656 ὦ
1153 1631 1187 1664 τῇ
1205 1628 1347 1664 ἐπιθυμίᾳ,
1365 1628 1414 1655 καὶ
1425 1627 1465 1662 τῷ
1479 1627 1555 1661 πόοῳ
1568 1626 1828 1661 αἰχμαλωτίζονται,
1845 1625 1902 1652 ὅλοι

1109 1676 1139 1708 ἐξ
1153 1676 1214 1703 ὅλου
1230 1675 1299 1710 πρὸς
1311 1675 1393 1702 αὐτὸν
1404 1675 1596 1709 τυγχάνοντες,
1612 1675 1659 1700 καὶ
1675 1673 1838 1707 ἐπιθυμοῦσι
1853 1680 1904 1698 τυ-

1109 1723 1167 1756 χείν
1193 1721 1306 1748 ἐκείνων
1327 1717 1364 1747 ὧν
1387 1720 1591 1756 ὲνοπτρίζονται
1614 1719 1657 1745 διὰ
1679 1717 1726 1744 τοῦ
1742 1717 1903 1752 Πνεόματος

1110 1770 1253 1804 ἀλαλήτων
1266 1768 1387 1802 ἀγαθῶν,
1401 1764 1432 1794 οὗ
1449 1767 1542 1793 ἕνεκεν
1555 1766 1644 1793 πάντα
1662 1765 1696 1791 τὰ
1711 1765 1756 1790 ἐπὶ
1767 1764 1820 1798 γῆς
1835 1763 1904 1789 κάλ-

1110 1816 1143 1851 λη
1157 1816 1206 1842 καὶ
1221 1813 1400 1850 εὐπρεπείας,
1417 1813 1466 1839 καὶ
1486 1812 1576 1844 δόξας,
1589 1811 1636 1838 καὶ
1651 1810 1744 1845 τιμὰς,
1757 1810 1804 1835 καὶ
1821 1808 1904 1835 πλοῦ-

1110 1870 1156 1888 τον
1173 1861 1306 1897 βασιλέων
1330 1861 1378 1887 καὶ
1398 1860 1537 1894 ἀρχόντων
1563 1857 1741 1890 ὲξουδενοῦσιο
1760 1856 1825 1890 θείῳ
1849 1855 1904 1890 γὰρ

1112 1907 1205 1934 κάλλει
1225 1906 1396 1941 ἐτρώθησαν,
1416 1905 1464 1932 καὶ
1484 1905 1541 1940 ζωὴ
1559 1903 1710 1934 ἀθανασῖας
1733 1902 1858 1938 οὐρανίου
1874 1902 1903 1926 ὲν

1111 1954 1172 1984 ταῖς
1186 1953 1287 1987 ψυχαῖς
1305 1951 1395 1978 αὐτῶν
1422 1951 1560 1983 ἐνέσταξε.
1580 1950 1626 1976 Διδ
1657 1949 1705 1976 καὶ
1730 1949 1770 1979 είς
1797 1947 1904 1982 ἐκείνην

1111 1999 1162 2033 τὴν
1185 1998 1298 2032 ἀγάπην
1317 1997 1364 2023 τοῦ
1385 1998 1548 2031 ἐπουρανῐου
1574 1996 1707 2030 βασιλέως
1731 1993 1902 2025 ἐπιποθοῦσι,

1113 2044 1160 2070 καὶ
1181 2043 1262 2069 αὐτὸν
1284 2043 1364 2077 μόνον
1382 2042 1435 2077 πρὸ
1454 2041 1602 2076 ὀφθαλμῶν
1624 2041 1653 2067 ἐν
1672 2040 1755 2075 πολλῇ
1772 2039 1904 2074 ἐπιθυμίᾳ

1113 2089 1220 2124 ἔχοντες
1241 2087 1274 2114 δι’
1300 2087 1383 2114 αὑτοῦ
1405 2087 1497 2122 πάσης
1523 2087 1635 2122 ἀγάπης
1665 2087 1769 2121 κόσμου
1795 2086 1905 2111 λύουσιν

1114 2134 1238 2167 ὲαυτοῦς,
1252 2133 1300 2160 καὶ
1317 2133 1489 2169 ἀναχωροῦσι
1507 2133 1608 2164 παντὸς
1623 2134 1717 2168 γηΐνου
1736 2132 1847 2167 δεσμοῦ,
1861 2132 1905 2158 ἵνα

1113 2180 1266 2216 δυνηθῶσιν
1289 2181 1393 2207 ἐκεῖνον
1408 2179 1488 2214 μόνον
1509 2180 1555 2207 τὸν
1577 2180 1659 2206 πόθον
1679 2180 1708 2206 ὲν
1727 2181 1787 2211 ταῖς
1801 2177 1905 2204 ἑαυτῶν

1114 2227 1240 2262 καρδίαις
1253 2227 1325 2262 ἔχειν
1346 2226 1462 2252 πάντοτε
1481 2226 1491 2262 |_
1505 2226 1557 2261 (l),
1574 2225 1621 2252 καὶ
1647 2226 1730 2261 μηδὲν
1746 2225 1839 2260 ἕτερον
1856 2224 1904 2250 σὺν

1113 2273 1211 2307 ἐκείνῳ
1237 2273 1378 2308 μιγνύειν
1393 2272 1478 2306 ὀλίγοι
1508 2272 1536 2298 δέ
1559 2273 1613 2298 εἱσι
1639 2273 1711 2298 πάνυ
1727 2273 1751 2298 οἱ
1765 2273 1797 2307 τῇ
1814 2269 1903 2305 ἀγαθῇ

1115 2321 1185 2356 ἀρχῇ
1208 2320 1285 2351 τέλος
1305 2318 1408 2352 ἀγαθὸν
1423 2319 1614 2353 πορισάμενοι,
1630 2318 1677 2344 καὶ
1692 2317 1903 2353 διεξερχόμενοι,

1114 2367 1166 2398 ἕως
1181 2366 1273 2397 τέλους
1299 2366 1430 2396 ἀπτωτοι,
1456 2365 1507 2398 τὴν
1524 2364 1588 2399 μίαν
1601 2364 1712 2399 ἀγάπην
1741 2363 1810 2398 πρὸς
1825 2362 1905 2396 μόνον

1081 2445 1083 2447 _
1114 2413 1160 2439 τόν
1174 2412 1240 2439 Θεὸν
1262 2411 1385 2446 ἔχοντες,
1401 2411 1448 2438 καὶ
1475 2411 1584 2438 πάντων
1613 2410 1728 2441 ἑαυτοὺς
1751 2409 1905 2440 λελυκότες.

1116 2457 1221 2485 Πολλοὶ.
1236 2457 1292 2493 γὰρ
1328 2457 1561 2490 κατανύοσονται,
1596 2457 1644 2483 καὶ
1673 2455 1765 2482 πολλοὶ
1796 2456 1908 2490 χάριτος

1115 2505 1241 2540 οὐρανίου
1267 2503 1374 2539 μέτοχοι
1402 2503 1534 2537 γίνονται,
1564 2503 1611 2530 καὶ
1625 2502 1706 2538 ἔρωτι
1721 2502 1838 2537 οὐρανίῳ
1865 2509 1908 2527 τι-

1116 2550 1296 2586 τρώσκονται,
1312 2549 1379 2577 άλλά
1391 2549 1435 2576 διὰ
1448 2550 1509 2581 τοὺς
1523 2550 1551 2575 ὲν
1562 2550 1637 2584 μέσῳ
1650 2549 1758 2583 ἀγῶνας
1767 2549 1815 2575 καὶ
1822 2547 1908 2582 ἀθλή-

1117 2605 1174 2628 σεις
1201 2596 1250 2623 καὶ
1271 2597 1370 2627 πόνους
1407 2596 1452 2622 καὶ
1486 2595 1656 2631 πειρασμοὺς
1687 2595 1833 2629 διαφόρους
1859 2591 1907 2619 τοῦ

1116 2642 1236 2678 πονηροῦ
1269 2642 1306 2678 μὴ
1332 2642 1532 2677 ὑπομένοντες,
1551 2643 1578 2668 ὲν
1607 2641 1744 2672 ποικίλαις
1773 2640 1820 2667 καὶ
1849 2635 1908 2666 δια-

1117 2691 1210 2725 φόροις
1223 2688 1382 2723 ἐπιθυμίαις
1404 2689 1553 2723 κοσμικαῖς
1569 2688 1744 2723 τρεπόμενοι,
1760 2687 1804 2714 δια
1819 2686 1850 2712 τὸ
1863 2685 1910 2712 οέ-

1115 2737 1191 2771 λημα
1219 2734 1292 2770 ἔχειν
1307 2734 1422 2760 ’ἑκαστον
1445 2733 1491 2759 τοῦ
1511 2733 1652 2767 ἀγαπῆσαί
1681 2741 1708 2759 τι
1733 2731 1780 2759 τοῦ
1803 2731 1908 2765 κόσμου

1116 2783 1222 2815 τούτου,
1237 2781 1286 2808 καὶ
1299 2781 1337 2816 μὴ
1359 2779 1502 2807 λελυκέναι
1515 2780 1646 2807 πάντοθεν
1660 2779 1710 2815 τὴν
1724 2778 1837 2814 ἀγάπην
1857 2777 1908 2804 αὺ-

1113 2862 1143 2888 lG
1159 2860 1338 2888 Bibliotheca:
1353 2858 1549 2887 Berolinensis.
