2064 3152
196 172 247 207 501

813 177 998 209 HOMILL’E.
1018 177 1148 208 -HOM.
1170 178 1202 209 V.

1770 178 1823 210 502

196 230 255 264 τοῦ,
268 229 422 265 ἀπέμειναν
435 230 484 257 καὶ
498 230 682 267 ἐϐυθίσθησαν
701 231 731 260 ὲν
757 231 795 268 τῷ
817 233 862 259 τοῦ
882 234 986 269 κόσμου

1039 235 1175 268 cordiam,
1197 238 1226 262 et
1250 234 1480 268 imbecillitatem,
1503 239 1532 264 et
1560 234 1751 268 timiditatem,
1776 240 1824 263 aut

198 276 282 312 βυθῷ,
298 277 343 303 διὰ
365 277 412 304 τοῦ
434 277 498 304 ίδίου
514 277 667 313 θελήματος
687 278 844 313 ἀνανδρίαν,
861 279 909 306 καὶ
922 279 987 314 χαύ-

196 331 288 355 νωσιν,
306 322 450 358 ἥδειλίαν,
471 323 489 359 ἢ
506 324 540 350 δι’
555 324 666 359 ἀγάπην
685 324 746 352 τινὰ
766 325 868 359 γήῖνοί.
887 325 918 351 Ol
933 325 987 361 γὰρ

196 368 227 400 ἐξ
240 367 370 403 ἀληθείας
383 368 526 401 διεξελθεῖν
541 369 594 402 ἕως
609 370 702 402 τέλους
717 370 746 396 ἐν
760 370 850 406 ἀγαθῇ
863 370 987 406 διαγωγῇ

198 414 355 450 βουλόμενοι
368 415 447 441 ἄλλον
460 415 551 450 ἔρωτα
566 416 613 443 καὶ
626 416 710 453 ἄλλην
725 416 839 452 ἀγάπην
854 417 903 444 σὺν
916 417 987 444 ὲκεί-

197 468 230 495 νῃ
248 461 281 495 τῇ
298 460 453 495 ἐπουρανίῳ
471 461 677 496 παραδέξασθαι
698 463 830 494 ἑκουσίως
846 463 894 490 καὶ
911 462 988 498 μῖξαι

196 505 247 531 οὐκ
261 504 428 538 ὀφείλουσιν,
443 505 486 532 ἵνα
504 506 541 541 μὴ
561 506 748 541 ὲμποδισθὼσι
771 507 825 534 τῶν
839 515 988 542 πνευματι-

197 549 264 582 χῶν,
278 550 325 576 καὶ
342 550 500 585 στραφῶσιν
514 552 554 583 εἰς
573 552 607 578 τὰ
628 552 726 585 ὀπίσω,
746 552 794 579 καὶ
812 553 889 584 τέλος
904 552 987 580 ἐκπέ-

198 603 265 622 σωσι
284 597 334 631 τῆς
356 596 438 629 ζωῆς.
462 597 567 633 Ὥσπερ
580 598 635 633 γὰρ
662 598 769 634 μεγάλα
794 598 842 625 καὶ
864 598 987 634 ἀλάλητα

197 640 245 666 καὶ
263 640 448 676 ἀνεκδιήγητα
464 642 661 677 ἐπηγγελμένα
679 644 755 678 παρά
769 643 830 678 Θεῷ
846 645 986 679 τυγχάνει,

196 684 269 712 οὕτω
285 685 403 718 πίστεως
420 686 468 713 καὶ
489 687 597 719 ἐλπίδος
619 688 667 715 καὶ
692 688 781 715 πόνων
808 688 856 715 καὶ
873 688 988 722 ἀγώνων

199 731 325 767 μεγάλων
342 732 421 767 χρεία
441 733 488 759 καὶ
508 733 608 768 πολλῆς
631 734 806 769 δοκιμασίας.
829 734 867 762 Οὐ
884 734 938 770 γάρ
960 743 987 761 τι

198 776 296 810 μικρὸν
308 777 447 811 τυγχάνει,
459 776 477 804 ἀ
488 777 594 810 ἐλπίζει
606 779 696 813 ἀγαθά
712 778 804 806 λαϐεῖν
815 781 829 806 ὁ
846 779 988 815 ἄνθρωπος

201 820 341 856 βασιλείας
358 822 482 858 οὐρανῶν
499 823 658 858 ἐπιθυμῶν·
681 822 898 859 συμϐασιλεῦσαι
919 824 988 859 Χρι-

197 867 254 903 στῷ
270 868 311 899 εἰς
333 868 396 900 τοὺς
412 869 582 904 ἀπεράντους
606 869 708 901 αἰῶνας
732 868 835 904 βούλει,
852 870 902 895 καὶ
923 869 988 901 τοὺς

196 913 307 947 ἀγῶνας
322 914 369 940 καὶ
389 915 488 947 πόνους
504 915 553 942 καὶ
568 915 737 950 πειρασμοὺς
750 913 798 941 τοῦ
814 913 906 949 ὀλίγου
921 914 986 949 χρό-
999 904 1023 933 Β

196 967 243 986 νου
262 959 311 994 τῆς
334 959 408 994 ζωῆς
425 960 527 995 ταύτης
550 959 747 992 καταδέξασθαι
765 958 912 994 προθύμως
933 958 985 990 ἕως

197 1005 314 1041 θανάτου
335 1005 366 1032 οὐ
393 1005 544 1041 καταδέχτμ
564 1005 611 1032 τοῦ
628 1006 732 1040 Κυρίου
751 1005 880 1040 βοῶντος·
895 1003 932 1031 EI
941 1012 984 1037 τις

197 1039 277 1078 θὲλει
289 1051 386 1079 ὀπίσω
391 1060 451 1086 μου
458 1039 568 1084 ἐλθεῖν,
576 1039 802 1085 ἀπαρνίησάάθω
809 1050 928 1082 ἑαυτὸν,
935 1049 986 1077 καὶ

196 1097 293 1132 ἀράτω
304 1098 358 1124 τὸν
364 1097 497 1132 σταυρὸν
506 1097 600 1125 αὑτοῦ
610 1098 676 1124 καθ’
683 1097 799 1132 ἡμέραν
807 1097 928 1131 χαίρων,
937 1095 986 1122 καὶ

196 1143 398 1171 ἀκολουθείτω
413 1153 474 1179 μοι.
486 1144 542 1171 Καὶ
552 1144 634 1170 πάλιν
645 1151 652 1157 ·
677 1143 748 1170 Ἐὰν
755 1143 798 1177 μή
811 1151 856 1175 τις
865 1142 984 1177 μισήσῃ

196 1189 320 1224 πατέρα,
326 1189 451 1224 μητέρα,
460 1189 598 1224 γυναῖκα,
610 1189 710 1221 τέκνα,
719 1184 883 1222 ἀδελφοὺς,
895 1187 986 1215 ἀδελ-

196 1235 266 1269 φὰς,
279 1235 322 1262 ἔτι
333 1234 368 1261 δὲ
377 1235 425 1261 καὶ
436 1235 495 1269 τὴν·
505 1234 614 1262 ἑαυτοῦ
622 1233 740 1268 ψυχὴν,
748 1233 784 1260 οὐ
795 1232 922 1259 δύναταί
925 1240 986 1266 μου

195 1277 273 1307 εἶναι
283 1279 436 1314 μαθητής·
448 1279 602 1306 οἱπλεῖστοι
627 1279 657 1306 δὲ
675 1278 729 1306 τῶν
745 1277 896 1314 ἀνθρώπων
907 1278 986 1313 βασι-

196 1325 272 1357 λείας
290 1326 339 1361 μὲν
353 1326 491 1361 ἐπιτυχεῖν
506 1325 657 1361 βούλονται,
672 1326 719 1352 καὶ
729 1325 779 1360 τὴν
791 1325 898 1353 αἰώνιον
915 1323 987 1359 ζωὴν

197 1372 398 1408 κληρονομῆσαι
415 1372 532 1407 θέλουσι,
542 1372 628 1408 {ipse
642 1373 672 1400 ὲν
681 1373 737 1404 τοῖς
752 1372 826 1404 ἰδίοις
838 1371 930 1398 αὐτῶν
942 1370 987 1398 θε-

195 1417 313 1454 λήμασι,
332 1418 380 1446 καὶ
404 1419 496 1451 αὐτοῖς
511 1418 699 1451 ὲξακολουθεϊν
713 1419 764 1446 οὐκ
779 1418 985 1450 ἀπαναίνονται,

198 1464 299 1500 μᾶλλον
311 1464 340 1492 δὲ
353 1464 391 1500 τῷ
402 1465 540 1502 σπείροντι
549 1466 584 1493 τὰ
597 1465 699 1501 μάταια
710 1465 777 1501 (l6),
790 1465 837 1492 καὶ
849 1465 887 1500 μὴ
900 1465 989 1501 ἀπαρ-

196 1510 324 1546 νούμενοι
347 1511 461 1542 ἑαυτοὺς
490 1511 630 1546 βούλονται
653 1513 702 1547 τὴν
725 1511 835 1539 αἰώνιον
854 1511 986 1548 κληρονο-

199 1556 287 1591 μῆσαι
303 1556 386 1592 ζωὴν,
402 1557 472 1592 ὅπερ
486 1557 559 1584 ἐστὶν
581 1557 723 1585 ἀδύνατον.

237 1583 269 1628 ιΟ
285 1579 339 1637 γάρ
353 1579 433 1636 λόγος
453 1579 500 1629 Ἀτοῦ
751 1603 892 1638 τυγχάνει.
909 1600 989 1631 Οὗτοι
1002 1579 1024 1609 c

198 1647 253 1683 γὰρ
268 1647 389 1675 ἄπτωτοι
407 1647 600 1684 διεξέρχονται.
612 1649 636 1675 οι
660 1648 732 1676 κατά
747 1649 798 1685 τὴν
816 1649 927 1685 ἐντολὴν
942 1649 989 1676 τοῦ

198 1692 302 1728 Κυρίου
314 1693 500 1728 ἀρνησάμενοι
513 1693 570 1720 δλοι
581 1693 610 1727 ἐξ
625 1693 686 1720 ὅλου
699 1694 823 1727 ἑαυτοὺς,
839 1695 886 1721 καὶ
900 1694 992 1726 πάσας

198 1739 248 1771 τὰς
263 1740 310 1766 τοῦ
325 1739 428 1775 κόσμου
443 1739 594 1775 ἐπιθυμίας
619 1740 668 1767 καὶ
693 1740 811 1776 δεσμοὺς
826 1741 875 1768 καὶ
887 1749 990 1776 μετεω-

201 1786 317 1821 ρισμοὺς
336 1786 383 1812 καὶ
396 1785 493 1819 ἡδονὰς
518 1786 566 1814 καὶ
581 1786 712 1825 ἀσχολίας
724 1786 927 1822 βδελυξάμενοι,
942 1786 991 1814 καὶ

198 1831 280 1858 αὑτὸν
296 1832 377 1866 μόνον
393 1831 447 1867 πρὸ
461 1831 609 1868 ὀφθαλμῶν
624 1831 741 1868 ἔχοντες,
761 1831 868 1863 καὶτὰς
880 1832 990 1864 ὲντολάς

199 1875 283 1903 αὑτοῦ
311 1877 400 1904 ποιεῖν
423 1877 621 1913 ἐπιθυμοῦντες
636 1898 644 1911 ,
669 1876 741 1904 ὥστε
771 1877 829 1913 ίδίῳ
856 1878 990 1913 θελήματι

203 1921 408 1958 ἀποστρέφεται
417 1922 545 1955 ἕκαστος,
556 1924 606 1958 τῆς
621 1922 762 1958 βασιλείας
771 1923 802 1950 τὸ
816 1923 846 1956 ἐξ
862 1923 990 1958 ἀληθείας

200 1967 239 2002 μὴ
259 1967 370 2003 θελῆσαι
404 1967 497 1995 λαϐεῖν
519 1968 566 1995 καλ⁵
595 1968 767 2004 ἀρνήσασθαι
794 1969 910 2002 ἑαυτὸν,
942 1969 990 1995 καὶ

198 2013 312 2049 ἀγαπᾷν
329 2022 355 2040 τι
373 2014 423 2041 σὺν
439 2014 532 2050 ἐκείνῃ
553 2015 587 2050 τῇ
610 2015 716 2050 ἀγάπῃ,
733 2014 773 2049 τῷ
796 2014 908 2050 ἥδεσθαί
932 2023 990 2041 τισι

199 2059 247 2087 τοῦ
262 2059 362 2091 αἰῶνος
375 2060 473 2087 τούτου
486 2060 595 2095 ἡδοναῖς
608 2061 625 2096 ἢ
642 2060 813 2096 ἐπιθυμίαις,
832 2061 880 2088 καὶ
896 2060 934 2096 τῷ
951 2061 989 2097 μὴ

199 2105 264 2141 ὃλην
285 2106 336 2141 τὴν
350 2106 472 2141 ἀγάπην,
496 2107 558 2133 ὅσον
572 2107 601 2134 ὲν
619 2107 780 2143 προαιρέσει
794 2107 842 2135 καὶ
856 2107 989 2143 θελήματι

201 2150 325 2184 δυνατὸν,
340 2151 409 2187 πρὸς
424 2152 527 2188 Κύριον
543 2152 627 2187 ἐχειν.
646 2153 693 2185 Ἐξ
708 2153 768 2185 ἐνὸς
781 2153 810 2180 δὲ
826 2153 990 2188 ὑποδείγμα-

199 2205 245 2228 τος
273 2197 420 2233 συννόησόν
451 2207 496 2233 μοι
521 2198 622 2227 πάντα.
648 2198 799 2234 Διακρίνων
819 2198 870 2234 μὲν
902 2199 989 2226 ἐνίοτε

1037 281 1074 309 ob
1092 285 1250 309 terrestrem
1268 281 1414 316 quamdam
1430 281 1617 309 dilectionem.
1636 281 1688 314 Qui
1703 280 1777 308 enim
1796 282 1824 309 in

1038 327 1153 355 veritate
1165 327 1199 354 ad
1215 327 1297 354 linem
1314 328 1460 362 pervenire
1473 328 1570 355 volunt
1584 328 1611 355 in
1625 327 1696 354 bona
1710 335 1825 355 conver-

1037 374 1155 406 satione,
1171 373 1255 401 alium
1272 381 1394 401 amorem
1411 377 1458 401 aut
1473 374 1555 401 aliam
1570 373 1746 400 dilectionem
1761 380 1826 400 cum

1038 419 1084 446 illa
1111 419 1216 447 caelesti
1239 419 1388 447 dilectione
1418 419 1564 447 admittere
1588 418 1707 447 libenter
1729 423 1757 446 et
1774 419 1825 447 ad-

1037 465 1154 493 miscere
1176 473 1230 492 non
1260 465 1373 497 debent,
1390 473 1425 493 ne
1451 464 1638 500 impediantur
1656 472 1674 493 a
1692 464 1826 499 spiritua-

1037 510 1120 543 libus,
1135 515 1163 538 et
1179 514 1376 538 convertantur
1387 515 1550 544 retrorsum,
1566 514 1594 538 et
1606 510 1718 538 demum
1734 518 1751 537 τι
1769 510 1825 538 vita

1037 565 1087 585 sua
1103 558 1242 586 excidant.
1261 557 1340 586 Sicut
1358 558 1434 586 enim
1453 565 1561 593 magna,
1574 562 1602 585 et
1624 557 1785 591 ineﬂ‘abilia,
1797 562 1827 585 et

1038 604 1234 632 inenarrabilia
1264 604 1400 640 promissa
1420 603 1494 639 apud
1519 603 1605 631 Deum
1628 603 1824 636 inveniuntur;

1037 649 1075 677 ita
1093 649 1156 682 tide,
1172 654 1201 677 et
1213 656 1261 684 spe
1277 654 1305 678 et
1316 649 1459 677 laboribus
1475 653 1504 676 et
1521 648 1622 684 pugnis
1634 649 1740 684 magnis
1754 656 1827 684 Opus

1036 699 1079 723 est
1090 699 1119 722 et
1138 696 1224 723 multa
1238 695 1411 730 probatione.
1426 695 1487 723 Non
1501 695 1576 723 enim
1593 701 1710 730 parvum
1722 693 1828 729 aliquid

1037 745 1103 769 sunt
1123 741 1196 769 bona
1225 749 1285 777 quae
1308 745 1402 777 sperat
1433 741 1517 769 homo
1551 741 1690 776 accipere,
1717 739 1828 775 quando

1037 795 1152 822 regnum
1175 788 1308 815 caelorum
1327 787 1437 816 affectat
1462 796 1469 814 :
1495 794 1612 823 regnare
1635 794 1699 815 cum
1717 786 1829 814 Christo

1038 832 1067 859 in
1089 832 1196 860 inﬁnita
1209 833 1309 860 saecula
1325 833 1414 868 cupis,
1428 837 1457 861 et
1477 840 1583 869 pugnas
1606 835 1634 860 et
1658 831 1769 859 labores
1800 836 1830 858 ct

1038 878 1205 906 tentaliones
1232 877 1326 905 brevis
1354 878 1488 913 temporis
1502 879 1585 914 hujus
1603 878 1667 905 vitae
1691 877 1829 905 sustinere

1041 924 1155 951 viriliter
1171 931 1259 959 usque
1281 923 1315 951 ad
1333 928 1450 951 mortem
1477 932 1532 952 non
1557 923 1699 959 suscipis?
1714 923 1829 951 Dicente

1038 968 1154 996 Domino
1167 977 1174 995 :
1186 967 1215 996 Si
1227 969 1284 1004 quis
1298 968 1354 995 vult
1370 969 1459 996 venire
1476 973 1535 1004 post
1549 977 1600 1001 me,
1613 969 1724 1004 abneget
1739 973 1830 996 remet-

1037 1014 1135 1048 ipwm,
1152 1018 1176 1041 et
1199 1014 1276 1041 tollat
1302 1022 1406 1041 crucem
1420 1023 1498 1041 suam
1512 1014 1629 1050 quotidie
1650 1014 1778 1049 gaudens.
1804 1018 1831 1041 οι

1038 1063 1164 1094 sequatur
1183 1067 1223 1086 me
1235 1059 1275 1092 ⁵⁸;
1295 1063 1323 1087 et
1337 1067 1467 1087 rursum:
1481 1059 1511 1087 Si
1531 1060 1588 1095 quis
1611 1069 1665 1088 non
1681 1060 1765 1087 oderit
1780 1069 1830 1095 pa-

1040 1109 1118 1138 trem,
1133 1109 1257 1139 matrem,
1272 1114 1393 1138 umorem,
1413 1105 1496 1140 ﬁlias,
1519 1106 1628 1141 fratres,
1651 1115 1764 1139 sorores,
1780 1107 1830 1133 ad-

1040 1151 1090 1178 huc
1112 1156 1202 1179 autem
1221 1156 1245 1179 et
1263 1152 1383 1179 animam
1395 1159 1484 1185 suam,
1508 1160 1560 1179 non
1578 1156 1663 1187 potest
1681 1160 1754 1179 meus
1776 1160 1831 1179 esse

1039 1198 1222 1234 discipulus".
1237 1199 1365 1234 Plerique
1381 1200 1508 1228 homines
1521 1207 1637 1236 regnum
1652 1199 1768 1235 adipisci
1784 1207 1832 1227 vo-

1039 1244 1112 1278 lunt,
1127 1249 1156 1273 et
1171 1250 1304 1273 aeternam
1325 1245 1409 1273 vitam
1424 1245 1551 1281 accipere
1575 1246 1712 1281 cupiunt;
1736 1246 1831 1273 vivere

1040 1295 1132 1318 autem
1161 1291 1191 1318 in
1218 1291 1338 1326 propriis
1361 1291 1420 1319 suis
1438 1291 1639 1325 voluntatibus,
1663 1295 1693 1318 et
1707 1291 1761 1319 illis
1778 1291 1831 1319 ob-

1040 1341 1195 1372 temperare
1209 1345 1265 1364 non
1280 1341 1420 1370 recusant,
1443 1337 1530 1372 magis
1545 1341 1637 1365 autem
1650 1337 1756 1365 similes
1766 1337 1831 1365 facti

1041 1381 1107 1409 huic
1126 1382 1174 1417 qui
1193 1389 1263 1409 vana
1287 1382 1417 1414 seminat,
1439 1389 1532 1417 neque
1551 1382 1718 1417 abnegantes
1732 1387 1831 1410 semet-

1041 1426 1117 1462 ipsos
1130 1427 1228 1455 volunt
1238 1431 1369 1456 aeternam
1382 1427 1467 1455 vitam
1484 1426 1629 1463 accipere;
1643 1425 1719 1462 quod
1728 1426 1832 1461 impos-

1042 1473 1122 1502 sibile
1137 1478 1191 1502 est.

1077 1608 1175 1637 Sermo
1187 1607 1262 1635 enim
1282 1606 1391 1634 Domini
1411 1613 1494 1634 verus
1514 1605 1666 1633 invenitur.
1691 1604 1759 1633 Nam
1791 1604 1831 1632 illi

1040 1653 1119 1690 lapsu
1152 1652 1334 1689 perveniunt,
1366 1652 1415 1687 qui
1445 1651 1597 1680 secundum
1623 1650 1731 1678 Domini
1753 1657 1832 1678 man—

1041 1700 1136 1728 datum
1159 1700 1296 1735 abnegant
1310 1698 1362 1726 toti
1377 1697 1492 1733 seipsos,
1510 1701 1539 1725 et
1555 1696 1647 1724 omnia
1672 1695 1771 1724 mundi
1785 1704 1833 1724 cu-

1040 1745 1182 1780 piditates,
1197 1744 1318 1778 vincula,
1336 1743 1492 1779 superbias,
1519 1743 1678 1778 voluptates
1689 1745 1717 1770 et
1741 1742 1831 1777 impe-

1041 1791 1163 1818 dimenta
1191 1790 1343 1826 abjiciant,
1373 1793 1402 1817 et
1431 1790 1509 1817 illum
1533 1788 1623 1816 solum
1651 1795 1713 1823 qua:
1743 1787 1833 1815 oculis

1043 1836 1157 1869 habent,
1171 1839 1200 1863 et
1226 1835 1300 1863 illius
1323 1835 1453 1863 mandata
1469 1841 1582 1862 servare
1598 1833 1724 1868 cupiunt,
1750 1833 1787 1860 ita
1801 1837 1833 1859 ut

1040 1882 1158 1917 quisque
1175 1876 1285 1916 propria
1298 1881 1440 1909 voluntate
1463 1884 1614 1913 avertatur,
1630 1886 1744 1917 regnum
1759 1878 1832 1906 nolle

1041 1928 1070 1956 in
1096 1928 1213 1955 veritate
1240 1927 1368 1955 obtinere
1400 1930 1429 1954 et
1468 1926 1589 1960 seipsum
1623 1925 1781 1961 abnegare,
1804 1928 1833 1951 et

1040 1973 1156 2010 diligere
1175 1972 1281 2008 aliquid
1296 1980 1359 2000 cum
1387 1971 1434 1999 illa
1449 1971 1610 2004 dilectione,
1634 1971 1779 2006 gaudendo
1805 1970 1833 1997 iu

1040 2019 1182 2056 aliquibus
1208 2018 1303 2047 saeculi
1333 2018 1417 2054 hujus
1441 2015 1632 2052 voluptatibus
1650 2020 1678 2043 et
1694 2016 1832 2050 cupidita-

1041 2065 1126 2097 tibus,
1151 2069 1181 2092 et
1213 2071 1270 2091 non
1297 2062 1426 2091 habendo
1451 2062 1480 2089 in
1496 2062 1644 2091 Dominum
1658 2066 1742 2089 totam
1759 2061 1830 2089 dile-

1041 2111 1172 2143 ctionem,
1192 2112 1326 2144 quantum
1343 2107 1492 2136 intentioni
1512 2112 1540 2135 et
1550 2107 1686 2137 voluntati
1700 2106 1832 2142 possibile

1040 2161 1093 2185 est.
1110 2156 1151 2184 Ex
1170 2163 1227 2183 uno
1246 2154 1373 2190 exemplo
1394 2154 1464 2182 mihi
1478 2153 1601 2189 intellige
1626 2153 1729 2181 omnia.
1751 2151 1833 2180 Judi—

1040 2202 1129 2230 cando
1144 2201 1251 2237 iudicat
1276 2202 1395 2236 quisque
1420 2203 1448 2228 et
1467 2199 1557 2227 noscit
1584 2199 1746 2226 indecorum
1770 2206 1834 2226 esse

199 2242 333 2278 διακρίνει
359 2243 475 2275 ἕκαστος
500 2244 548 2271 καὶ
564 2242 652 2277 οἶδεν,
678 2244 720 2271 ὅτι
747 2244 848 2271 ἄτοπόν
875 2245 960 2278 ἐστιν,
975 2244 989 2272 ὃ

1041 2247 1115 2284 quod
1135 2247 1226 2276 facere
1244 2247 1322 2281 vult;
1347 2246 1397 2275 sed
1410 2245 1521 2281 quando
1537 2245 1627 2281 diligit
1639 2247 1668 2272 et
1681 2251 1737 2271 non
1753 2251 1833 2271 recu—

200 2287 270 2315 θέλει
284 2287 409 2324 ποιῆσαι,
431 2289 491 2316 ἀλλ’
502 2289 597 2326 ἐπειδὴ
614 2290 711 2326 ἀγαπᾷ
728 2290 776 2317 καὶ
791 2290 842 2317 οὐκ
855 2290 989 2326 ἀρνεῖται,

198 2335 314 2371 ἥττηται
343 2334 429 2371 αὐτῷ.
457 2335 595 2372 Πρότερον
619 2336 673 2372 γάρ
689 2336 744 2363 ἑσω
759 2336 788 2364 ἐν
809 2337 844 2372 τῇ
860 2336 959 2372 καρδίᾳ
976 2337 990 2363 ὸ

199 2381 317 2416 πόλεμος
330 2381 448 2415 γίνεται,
469 2382 516 2408 καὶ
540 2383 555 2409 ό
569 2381 656 2416 ἀγὼν,
669 2382 717 2409 καὶ
733 2382 763 2408 τδ
780 2382 923 2418 στάθμιον,
940 2383 988 2410 καὶ

200 2426 311 2461 ἡροπὴ,
333 2426 381 2453 καὶ
404 2426 435 2453 τὸ
458 2425 552 2460 ζύγιον
578 2426 628 2461 τῆς
647 2426 760 2462 ἀγάπης
783 2426 830 2453 τοῦ
844 2425 923 2459 Θεοῦ,
939 2427 988 2453 καὶ

200 2473 248 2507 τῆς
262 2472 375 2507 ἀγάπης
393 2472 441 2499 τοῦ
458 2472 573 2508 κόσμου.
597 2472 646 2499 καὶ
664 2473 726 2500 τότε
742 2472 916 2508 προέρχεται,
939 2473 988 2501 καὶ

202 2516 331 2553 διακρίνει
350 2518 477 2551 ἕκαστος,
500 2519 526 2545 el
545 2518 616 2554 τύχῃ
631 2519 672 2551 είς
686 2519 779 2555 μάχην
801 2519 850 2546 καὶ
873 2520 988 2555 διαπλη-

204 2563 313 2599 κτισμδν
329 2563 397 2598 πρὸς
415 2563 461 2591 τὸν
479 2564 605 2599 ἀδελφὸν,
619 2564 706 2599 λέγων
724 2566 754 2592 ὲν
765 2565 864 2601 ἑαυτῷ·
889 2566 986 2598 Εῐπως

207 2609 326 2644 Ιλαλήσως
341 2609 410 2636 ἀλλά
427 2609 465 2645 μὴ
479 2609 607 2646 λαλήσω;
624 2610 804 2646 μνημονεύων
819 2611 868 2645 μὲν
883 2611 988 2638 καὶτοῦ

237 2700 259 2715 ³⁸
270 2698 367 2728 Matth.
385 2708 439 2734 XVI,
453 2700 498 2729 24.
537 2701 560 2718 ⁵³
572 2701 639 2730 Luc.
651 2709 707 2735 xw,
722 2702 767 2729 26.

1039 2299 1094 2328 sat,
1120 2294 1175 2323 hoc
1188 2294 1320 2321 vincitur.
1339 2291 1464 2320 Primum
1497 2291 1571 2319 enim
1596 2292 1625 2318 in
1649 2290 1732 2318 corde
1755 2289 1833 2316 intus

1041 2340 1145 2368 bellum
1166 2338 1207 2372 ﬁt,
1229 2343 1259 2366 et
1285 2345 1396 2373 pugna,
1419 2341 1448 2365 et
1470 2336 1594 2369 libratio,
1612 2335 1832 2372 ponderatioque

1039 2384 1216 2412 dilectionem
1231 2382 1281 2411 Dei
1293 2383 1365 2410 inter
1379 2385 1408 2410 et
1428 2381 1606 2409 dilectionem
1633 2380 1744 2413 mundi;
1767 2385 1833 2407 tunc

1040 2429 1148 2459 accedit
1180 2428 1300 2464 quisque
1334 2432 1362 2455 et
1384 2427 1508 2463 iudicat,
1538 2427 1561 2454 si
1588 2426 1661 2453 forte
1683 2430 1780 2461 agatur
1797 2425 1832 2452 de

1040 2476 1100 2503 rixa
1120 2480 1149 2503 et
1170 2474 1313 2502 iracundia
1331 2479 1428 2501 contra
1446 2474 1559 2501 fratrem
1577 2481 1584 2500 :
1600 2471 1701 2504 dicam,
1712 2476 1760 2499 aut
1774 2479 1830 2499 non

1041 2521 1151 2548 dicam?
1169 2520 1279 2555 loquar,
1303 2523 1351 2547 aut
1367 2527 1423 2547 non
1446 2519 1565 2554 loquar?
1593 2525 1699 2546 memor
1719 2516 1831 2552 quidem

1041 2566 1102 2599 Dei,
1124 2565 1173 2594 sed
1196 2565 1337 2601 propriam
1374 2565 1489 2601 gloriam
1517 2571 1686 2600 procurans,
1714 2568 1742 2590 ct
1776 2569 1831 2590 non

1043 2611 1164 2646 seipsum
1192 2610 1354 2646 abnegaus,
1381 2618 1479 2638 verum
1501 2610 1523 2638 si
1549 2608 1631 2644 paulo
1656 2607 1832 2644 prtevalucrit

850 2779 966 2808 νΑιιιΑῑ
981 2777 1182 2808 LECTIONES.

242 2846 296 2882 (16)
324 2844 410 2875 Locus
428 2852 500 2876 certe
513 2847 641 2881 mutilus;
664 2854 723 2887 post
741 2849 840 2885 μάταια
859 2849 961 2878 nullum
991 2849 1017 2877 in
1036 2846 1128 2876 codice
1156 2843 1390 2882 interpunctionis
1409 2842 1516 2878 signum
