2067 3149
252 188 307 218 503

873 182 902 211 S.
924 180 1084 211 MACARII
1102 179 1262 212 EGYPTII

1827 169 1880 207 504

251 240 363 268 dilectio
379 244 406 268 et
418 241 525 275 pondus
546 238 643 268 mundi
667 239 696 268 in
724 238 815 267 cordis
842 237 925 270 libra,
942 236 1031 264 statim

1089 236 1168 267 Θεοῦ,
1185 237 1253 264 ἀλλά
1269 236 1318 271 τὴν
1342 235 1411 263 ίδίαν
1424 235 1504 268 δόξαν
1520 234 1761 271 περιποιούμενος,
1779 233 1825 262 καὶ
1840 234 1878 268 μὴ

253 286 428 322 progreditur
443 294 544 322 pravus
560 279 652 314 seruio
674 294 761 321 usque
777 286 810 313 ad
835 285 919 312 labia.
933 283 1038 311 Deinde

251 337 381 367 tanquam
402 333 515 368 sagittas
537 332 660 368 dirigens
687 339 765 359 meus
782 332 858 359 intus
883 330 1038 366 proximum

251 379 316 406 telis
329 379 437 413 impetit
458 382 508 413 per
532 379 665 414 linguam,
685 379 791 414 jacieus
808 378 860 405 tela
879 382 1037 404 sermonum

250 424 514 451 contumeliosorum
535 424 562 451 in
592 425 734 451 voluntate
758 429 921 458 spontauea,
944 427 1038 448 suam-

250 473 306 496 mel
331 469 446 504 gloriam
470 477 633 504 procurans.
667 469 770 497 Deinde
797 469 890 496 multis
914 468 951 495 ita
974 467 1038 495 telis

249 515 403 551 proximum
428 517 563 550 impetens
583 524 632 551 per
648 515 862 543 contumeliosos
883 521 1036 546 sermones,

249 562 404 596 usquedum
434 566 462 589 et
494 562 521 588 in
553 562 671 589 decursu
700 564 805 588 crescat
833 564 974 596 peccatum
1002 559 1036 586 ad

248 608 375 635 laesioues
397 607 544 642 aliquando
568 613 595 634 et
621 607 753 639 vulnera,
783 606 810 633 in
840 613 956 641 corpore
976 613 1037 632 mu—

249 655 311 679 tuas
336 652 400 679 belli
431 656 523 687 partes
549 656 681 684 exercet,
706 651 873 686 quandoque
894 657 980 685 usque
1002 650 1036 677 ad

248 702 385 731 mortem;
401 698 441 725 sic
469 698 546 726 necis
561 703 658 725 auctor
684 690 801 725 eilieitur
826 697 947 724 hominis
960 697 1036 731 pravi

247 743 400 778 cupiditas.
423 744 497 776 vide,
520 744 595 772 unde
616 747 712 771 exorta
736 745 771 771 sit
785 764 793 776 ,
814 748 843 771 ct
864 744 973 778 qualem
988 743 1037 770 ba-

249 788 342 816 bucrit
357 790 438 816 ﬂuent
454 789 566 817 dilectio
581 790 726 818 mundanae
737 790 832 825 glorim
841 790 963 825 pondere
972 797 1037 824 pra:-

246 833 340 861 valens
352 834 378 860 in
392 834 483 862 cordis
497 834 565 862 libra
574 838 602 862 et
613 835 724 870 propria
737 835 888 863 voluntate.
900 835 1035 868 Quoniam

245 880 319 907 enim
341 881 440 916 aliquis
457 882 577 916 seipsum
594 889 649 908 non
673 881 827 917 abnegavit,
854 886 883 908 et
899 881 1003 916 aliquid
1019 889 1035 908 e

244 926 349 953 mundo
364 925 470 960 dilexit,
489 928 534 954 illa
544 928 636 954 omnia
648 927 749 963 ﬂagitia
763 928 904 955 eveniunt.
922 927 961 955 ita
973 935 1033 955 esse

245 972 381 999 arbitrare
404 973 431 999 in
453 980 620 1008 quocunque
645 977 758 1008 peccato
783 978 811 1001 et
831 973 1033 1001 consuetudine

244 1019 326 1051 mala,
341 1026 403 1046 eum
422 1019 562 1047 blanditur
578 1020 681 1047 malitia
701 1024 729 1046 et
746 1021 913 1047 voluntatem
934 1020 1034 1047 mentis

244 1064 358 1091 inclinat
379 1065 413 1092 ad
434 1065 586 1093 mundanas
608 1066 774 1101 cupiditates
798 1070 825 1093 et
842 1066 987 1093 illecebras
1006 1069 1034 1092 et

243 1109 397 1144 voluptates
411 1111 511 1138 carnis.
527 1110 565 1138 lta
576 1119 657 1139 omne
668 1112 778 1139 malitia:
790 1119 859 1146 opus
869 1116 1014 1139 exercetur
1024 1133 1030 1144 ,

242 1154 281 1181 ita
298 1155 477 1190 impudicitiae
494 1161 523 1184 et
546 1157 664 1191 furtum,
685 1158 722 1185 ita
739 1157 853 1185 avaritia
867 1161 895 1184 et
910 1157 1031 1193 pigritia,

243 1198 280 1226 ita
295 1199 355 1226 auri
368 1201 505 1235 cupiditas
516 1205 544 1229 et
559 1208 629 1229 vana
646 1202 743 1237 gloria,
758 1203 796 1229 ita
815 1201 918 1230 invidia
933 1206 961 1230 et
973 1210 1032 1230 am-

241 1244 323 1276 bitio,
345 1250 373 1272 et
390 1246 576 1282 quodcunque
592 1251 634 1275 est
651 1248 761 1275 malitia:
773 1256 853 1282 optts.
877 1248 1032 1283 Aliquando

241 1298 325 1326 opera
349 1300 410 1327 qua:
434 1293 505 1321 bona
530 1294 660 1322 videntur
683 1295 715 1322 ad
736 1295 850 1329 gloriam
874 1299 903 1322 et
921 1295 1031 1322 laudem

241 1336 384 1366 hominum
400 1341 592 1374 perﬁciuntur,
619 1349 680 1376 quae
710 1341 780 1376 apud
814 1342 900 1369 Deum
931 1342 1030 1369 similia

240 1387 306 1410 sunt
322 1384 473 1419 injustitize,
487 1385 561 1413 furto
581 1389 609 1414 et
632 1386 694 1414 aliis
711 1387 841 1422 peccatis.
858 1387 943 1415 Deus.
957 1388 1030 1414 enirn

240 1428 308 1457 dicit
319 1438 326 1456 :
343 1430 470 1462 Dispersi!
483 1439 542 1459 ossa
553 1440 644 1459 eorum
660 1434 704 1468 qui
717 1433 865 1460 hominibus
879 1433 1028 1468 placent";

241 1474 279 1502 ita
295 1479 325 1503 ut
337 1484 387 1511 per
403 1486 434 1504 ea
447 1486 508 1512 quae
524 1479 595 1506 bona
607 1479 737 1506 videntur
751 1480 887 1515 malignus
904 1481 1030 1508 minister

240 1521 359 1557 diligens
372 1530 505 1557 apparere
517 1524 594 1555 velit,
606 1524 699 1551 varius
712 1524 784 1551 enim
807 1529 849 1552 est
869 1530 896 1552 et
914 1526 1030 1553 mendax

240 1567 269 1594 in
300 1568 502 1602 cupiditatibus
542 1570 649 1598 mundi.
683 1570 750 1597 Nam
777 1579 825 1605 per
853 1571 1029 1600 dilectionem

240 1612 387 1647 quamdam
399 1618 560 1641 terrestrem
585 1619 613 1642 et
636 1616 784 1648 carualetu,
797 1616 824 1643 in
839 1622 892 1651 qua
912 1617 1032 1644 vincitur

240 1659 324 1686 homo
343 1660 455 1694 propria
480 1661 631 1694 voluntate,
655 1662 776 1689 allicitur
803 1662 917 1695 malitia,
935 1667 965 1690 ut
986 1663 1032 1691 ﬁat

239 1705 279 1732 illi
295 1706 435 1733 vinculum
456 1706 602 1734 insolubile
621 1711 649 1734 et
671 1707 779 1735 sarcina
800 1708 901 1743 gravis,
917 1708 1030 1737 immer—

239 1759 307 1786 gens
327 1756 355 1779 et
376 1752 515 1780 sull‘ocans
537 1760 599 1780 cum
618 1753 645 1780 in
665 1753 767 1781 saeculo
785 1754 925 1789 nequitiis,
941 1762 1032 1791 neque

239 1798 335 1826 sinens
359 1805 514 1834 assurgere,
535 1803 563 1827 et
586 1799 618 1826 ad
644 1800 730 1827 Deum
754 1799 863 1833 redire;
888 1801 1030 1836 quoniam,

239 1843 375 1879 quidquid
392 1851 408 1872 ο
422 1845 526 1872 muudo
547 1845 648 1880 aliquis
668 1846 807 1881 dilexerit,
823 1846 896 1876 illius
911 1854 1031 1876 mentem

239 1889 372 1924 opprimit
388 1893 416 1918 et
429 1891 545 1924 obtinet,
566 1900 655 1927 neque
676 1900 820 1930 assurgere
838 1895 912 1923 sinit.
928 1895 957 1922 lu
979 1896 1031 1924 hac

239 1936 313 1964 enim
332 1935 481 1965 libratione
503 1943 530 1965 et
554 1939 752 1974 ponderatione
776 1948 838 1976 quae
861 1949 910 1976 per
931 1941 1031 1969 libram

238 1981 350 2009 malitiae
376 1982 417 2015 ﬁt,
444 1983 574 2017 penditur
592 1988 620 2011 et
636 1984 767 2019 probatur
786 1992 868 2012 omne
888 1985 1030 2013 hominum

239 2035 335 2062 genus,
346 2027 567 2056 Christianorum
580 2036 678 2064 nempe
688 2030 716 2057 in
729 2030 846 2058 urbibus
860 2031 1029 2066 degentium,

239 2077 287 2100 aut
304 2073 332 2101 in
346 2074 499 2107 montibus,
518 2079 566 2102 aut
581 2075 608 2102 in
623 2077 808 2109 monasteriis,
825 2081 872 2104 aut
898 2077 925 2104 in
947 2077 1029 2111 agris,

239 2123 286 2146 aut
300 2119 327 2145 in
340 2118 459 2147 desertis
473 2119 551 2151 locis,
574 2120 638 2155 quia
651 2121 793 2149 voluntate
822 2122 933 2156 propria
949 2121 1032 2149 sedu-

239 2169 301 2192 ctus
317 2165 400 2193 homo
413 2165 502 2201 diligit
516 2166 619 2201 aliquid
630 2172 658 2194 et
673 2167 772 2202 quovis
785 2167 865 2193 modo
885 2167 975 2194 vincta
990 2172 1032 2194 est

239 2211 299 2246 ejus
315 2210 439 2243 dilectio,
458 2215 485 2238 et
500 2218 555 2238 non
571 2216 612 2239 est
632 2216 688 2239 tota
714 2211 742 2238 in
757 2211 861 2244 Deum;
879 2211 924 2247 hic
944 2212 1029 2245 enim,

1089 283 1186 310 ἑαυτὸν
1208 282 1383 318 ἀρνούμενος.
1412 282 1484 309 Ἀλλ’
1511 282 1559 309 ἑὰν
1581 282 1671 315 ὀλίγον
1693 279 1877 316 καταϐαρήσῃ

1089 330 1104 365 ὴ
1120 329 1213 364 ἀγάπη
1228 328 1274 356 τοῦ
1292 329 1396 363 κόσμου
1418 328 1466 355 καὶ
1479 329 1496 364 ή
1511 327 1581 363 ῥοπὴ
1597 328 1627 353 ὲν
1641 326 1680 361 τῷ
1695 327 1744 361 τῆς
1764 326 1878 361 καρδίας

1088 375 1190 411 ζυγίῳ,
1206 375 1287 406 εὐθὺς
1301 375 1464 410 προέρχεται
1481 375 1495 400 ὁ
1511 372 1628 408 πονηρὸς
1638 373 1715 406 λόγος
1734 371 1813 407 μέχρι
1823 371 1878 397 τῶν

1087 423 1208 458 χειλέων.
1221 421 1288 450 Εἶτα
1305 421 1399 457 ὥσπερ
1427 422 1491 457 βέλη
1509 420 1635 447 ἐντείνων
1650 420 1665 446 ὁ
1687 417 1750 449 νοῦς
1767 418 1876 445 ἔνδοθεν

1088 469 1192 503 τοξεύει
1213 469 1259 495 τὸν
1284 468 1399 504 πλησίον
1413 467 1457 494 διὰ
1472 467 1605 502 γλώττης,
1622 465 1739 500 πέμπων
1753 464 1818 499 βέλη
1833 464 1876 490 λό-

1087 524 1143 548 γων
1159 511 1294 550 ἀπρεπῶν
1310 516 1339 541 ὲν
1354 514 1489 548 θελήματι
1506 511 1632 547 ἑκουσίῳ,
1647 511 1697 546 τὴν
1715 510 1812 537 ἑαυτοῦ
1832 509 1875 536 δό-

1088 562 1136 596 ξαν
1151 561 1390 598 περιποιούμενος.
1401 557 1467 586 Εἶτα
1479 558 1597 591 τοξεύων
1606 558 1652 585 ἐπὶ
1664 557 1732 584 πολὺ
1745 557 1791 584 τὸν
1808 556 1876 591 πλη-

1088 608 1145 635 σίον
1160 608 1205 634 διὰ
1225 607 1313 642 λόγων
1330 606 1473 642 ἀπρεπῶν,
1490 606 1543 637 ἓως
1557 602 1588 631 οῦ
1607 605 1654 632 καὶ
1667 604 1696 630 ἐν
1710 605 1766 636 τοῖς
1781 603 1874 639 μέλεσι

1087 654 1200 690 διαχυθῇ
1214 654 1244 680 τὸ
1268 654 1419 689 ἁμάρτημα
1443 654 1482 684 είς
1500 651 1697 686 συμπληγάδας
1721 651 1806 677 ἐνίοτε
1828 650 1875 675 καὶ

1086 701 1243 737 τραύματα,
1271 700 1314 727 διὰ
1344 700 1391 727 τοῦ
1419 699 1544 733 σώματος
1559 698 1661 733 ἄλληλα
1686 698 1720 724 τά
1740 696 1807 732 μέλη
1827 703 1875 722 πο-

1086 747 1225 784 λεμοῦντα
1234 747 1431 782 ἀπεργάζεται,
1446 746 1530 773 ἐνίοτε
1553 745 1600 772 καὶ
1615 744 1667 775 ἕως
1687 745 1778 778 φόνου,
1793 742 1875 769 θανάα

1086 800 1132 820 του
1148 793 1329 829 ἀπαρτίζεται
1345 793 1376 820 τὸ
1400 792 1447 819 τοῦ
1472 791 1589 827 πονηροῦ
1614 790 1786 826 ἐπιθύμημα.
1809 791 1872 822 Ἴδε,

1088 840 1171 866 πόθεν
1187 839 1300 874 ἤρξατο,
1315 839 1362 866 καὶ
1377 840 1452 865 ποῖον
1467 837 1530 873 ἔσχε
1543 837 1574 863 τὸ
1589 837 1665 868 τέλος
1681 837 1774 872 ἀγάπη
1794 835 1873 871 δόξης

1087 883 1223 918 κοσμικῆς
1243 883 1392 918 βαρυθεῖσα
1418 882 1455 918 ('l)
1473 883 1505 918 τῇ
1524 883 1593 917 ῥοπῇ
1618 881 1665 907 τοῦ
1684 881 1735 915 τῆς
1760 879 1874 915 καρδίας

1087 929 1170 962 ζυγοῦ
1184 928 1213 961 ἐξ
1226 928 1291 955 ἰδίου
1306 929 1467 963 θελήματος.
1481 928 1530 954 Διά
1542 927 1596 962 γὰρ
1608 926 1638 953 τὸ
1655 926 1693 961 μὴ
1704 926 1873 962 ἀρνήσασθαι

1086 975 1194 1006 ἑαυτὸν,
1216 975 1264 1001 καὶ
1287 975 1396 1010 ἀγαπᾷν
1413 983 1439 1000 τι
1456 973 1503 1000 τοῦ
1526 974 1640 1008 κόσμου,
1659 973 1753 999 ἐκεῖνα
1768 972 1815 999 ὅλα
1838 972 1872 998 τὰ

1086 1020 1250 1054 ἀτοπήματα
1260 1021 1392 1054 γίγνεται.
1410 1018 1502 1051 Οὕτως
1516 1020 1572 1046 νόει
1588 1027 1632 1052 μοι
1650 1018 1696 1045 καὶ
1705 1019 1744 1050 είς
1757 1018 1873 1045 ἕκαστον

1085 1066 1237 1101 ἁμάρτημα
1251 1065 1299 1093 καὶ
1322 1065 1490 1102 ἐπιτήδευμα
1509 1065 1608 1100 φαῦλον
1634 1066 1684 1099 τῆς
1709 1063 1807 1095 κακίας
1823 1072 1873 1090 κο-

1085 1111 1267 1147 λακευούσης,
1280 1113 1327 1139 καὶ
1339 1111 1564 1147 προτρεπομένης
1586 1111 1615 1138 τὸ
1631 1111 1735 1146 θέλημα
1753 1109 1798 1136 τοῦ
1813 1110 1873 1142 νοὸς

1085 1158 1134 1185 καὶ
1145 1158 1304 1193 ἐπιθυμίαις
1321 1158 1467 1193 κοσμικαῖς
1480 1158 1527 1184 καὶ
1540 1157 1632 1193 ἀπάτη
1650 1157 1697 1185 καὶ
1713 1157 1791 1192 ἡδονῇ
1807 1165 1873 1190 σαρ-

1086 1205 1142 1235 κός.
1171 1203 1249 1231 Οὕτω
1280 1204 1334 1231 πᾶν
1359 1203 1474 1238 πρᾶγμα
1500 1203 1598 1235 κακίας
1624 1202 1804 1238 ἀπαρτίζεται
1822 1202 1872 1238 (2‘),

1085 1251 1156 1278 οὕτω
1172 1251 1280 1286 μοιχεία
1297 1251 1343 1278 καὶ
1361 1251 1459 1286 κλοπὴ,
1479 1250 1549 1277 οὕτω
1568 1250 1709 1283 πλεονεξία
1732 1250 1779 1276 καὶ
1802 1249 1871 1285 μέθη

1085 1297 1156 1324 οὕτω
1175 1297 1342 1334 φιλαργυρία
1374 1298 1421 1324 καὶ
1447 1296 1603 1329 κενοδοξία,
1629 1296 1699 1323 οὕτω
1720 1296 1800 1332 ζῆλος
1825 1296 1873 1322 καὶ

1086 1343 1216 1380 φιλαρχία
1241 1343 1289 1370 καὶ
1314 1343 1368 1370 πᾶν
1396 1342 1485 1369 ὁτιοῦν
1505 1342 1562 1369 ἐστι
1587 1343 1635 1376 τῆς
1659 1342 1758 1373 κακίας
1775 1341 1872 1376 ἐπιτή-

1084 1389 1182 1422 δευμα.
1216 1387 1315 1415 Ἐνίοτε
1348 1387 1418 1414 καλά
1442 1388 1572 1414 δοκοῦντα
1598 1387 1800 1422 ἐπιτηδεύματα
1825 1387 1870 1413 διὰ

1084 1433 1163 1465 δόξαν
1183 1432 1228 1459 καὶ
1241 1432 1351 1460 ἔπαινον
1367 1432 1520 1468 ἀνθρώπων
1535 1431 1709 1464 ἐπιτελεῖται,
1727 1431 1799 1467 ἅπερ
1815 1432 1873 1459 ἐστὶ

1085 1479 1161 1513 παρὰ
1170 1478 1229 1514 Θεῷ
1250 1479 1295 1505 ίπα
1312 1478 1419 1510 ἀδικίας
1444 1479 1490 1505 καὶ
1512 1478 1616 1511 κλοπῆς
1636 1478 1683 1505 καὶ
1708 1478 1763 1505 τῶν
1785 1477 1874 1505 ἄλλων

1083 1524 1193 1560 ἁμαρτῇ
1198 1525 1302 1559 μάτων.
1311 1524 1339 1550 Ὀ
1347 1524 1412 1556 Θεὸς
1423 1524 1478 1559 γάρ
1487 1532 1579 1560 φησιν·
1589 1524 1788 1558 Ἐσκόρπισεν
1797 1522 1873 1552 ὀστᾶ

1084 1570 1356 1604 ἀνθρωπαρέσκωι·
1369 1570 1439 1597 ὥστε
1457 1570 1502 1597 διὰ
1513 1570 1566 1596 τῶν
1586 1569 1735 1597 δοκούντων
1754 1570 1844 1597 καλῶν
1858 1570 1874 1596 ὸ

1083 1617 1200 1652 πονηρὸς
1227 1616 1423 1652 ὑπηρετεῖσθαι
1445 1616 1580 1650 βούλεται.
1597 1616 1793 1648 Πολυποίκιλος
1817 1617 1872 1652 γάρ

1082 1663 1141 1690 ἐστι
1157 1663 1204 1689 καὶ
1219 1662 1356 1698 ἀπατηλὸς
1373 1663 1401 1689 ὲν
1420 1662 1578 1697 ἐπιθυμίαις
1604 1662 1718 1697 κόσμου.
1743 1663 1793 1689 Διά
1816 1662 1870 1698 γὰρ

1082 1708 1193 1743 ἀγάπην
1208 1709 1270 1735 τινὰ
1295 1708 1393 1743 γηῖνην
1418 1707 1456 1742 (ὅ)
1477 1707 1524 1735 καὶ
1544 1707 1689 1742 σαρκικὴν,
1712 1707 1752 1740 είς
1775 1707 1809 1743 ἢν
1827 1707 1872 1734 δε-

1083 1754 1193 1789 σμεῖται
1218 1754 1364 1790 ἄνθρωπος
1383 1753 1518 1789 θελήματι
1542 1753 1609 1788 ἰδίῳ,
1636 1753 1791 1785 δελεάζεται
1816 1753 1871 1780 ὑπὸ

1082 1800 1132 1835 τῆς
1153 1800 1264 1832 κακίας,
1279 1800 1352 1831 ὅπως
1368 1799 1473 1834 γίνεται
1494 1799 1568 1834 αὐτῷ
1585 1799 1679 1830 ᾶλυσις
1701 1799 1748 1826 καὶ
1772 1799 1874 1834 δεσμὸς

1083 1845 1129 1872 καὶ
1151 1846 1260 1882 φορτίον
1288 1846 1368 1881 βαρὺ,
1389 1845 1572 1877 καταὸυθίζον
1596 1845 1644 1872 καὶ
1669 1845 1763 1879 πνῖγον
1784 1846 1813 1872 εν
1832 1843 1872 1880 τῷ

1082 1890 1161 1917 αἰῶνι
1183 1892 1232 1925 τῆς
1251 1890 1384 1924 πονηρίας
1396 1910 1403 1922 ,
1421 1889 1458 1924 μὴ
1480 1888 1638 1924 συγχωροῦν
1656 1887 1803 1922 ἀνακύψαι,
1820 1889 1871 1915 καὶ

1083 1936 1152 1970 πρδς
1169 1935 1215 1962 τὸν
1235 1935 1301 1962 Θεὸν
1318 1934 1455 1961 ἀπελθεῖν.
1476 1934 1585 1969 Ἐπειδὴ
1602 1935 1669 1968 ὅπερ
1681 1942 1723 1965 τις
1743 1933 1871 1969 ἠγάπησε

1081 1980 1129 2007 τοῦ
1149 1982 1263 2015 κόσμου,
1279 1981 1433 2014 καταδαρεῖ
1444 1979 1490 2005 τὸν
1509 1978 1570 2005 νοῦν
1596 1979 1680 2005 αὐτοῦ
1709 1979 1758 2006 καὶ
1785 1987 1872 2006 κατα-

1083 2027 1180 2061 κρατεῖ
1195 2026 1243 2059 (4),
1263 2025 1310 2052 καὶ
1322 2026 1372 2051 οὐκ
1394 2025 1427 2060 es
1447 2024 1595 2060 ἀνακύψαι.
1609 2025 1656 2056 Ei;
1669 2025 1749 2052 τοῦτο
1771 2025 1825 2059 γὰρ
1842 2025 1872 2051 τί,

1083 2071 1215 2106 στάθμιον
1234 2071 1280 2098 καὶ
1294 2071 1343 2105 τὴν
1360 2071 1447 2106 ῥοπὴν
1463 2070 1511 2097 καὶ
1533 2071 1564 2097 τὸ
1586 2071 1636 2105 τῆς
1658 2071 1758 2103 κακίας
1779 2070 1872 2105 ζύγιον

1083 2117 1232 2152 κρέμαται,
1258 2116 1305 2143 καὶ
1330 2116 1507 2151 δοκιμάζεται
1523 2117 1577 2144 πᾶν
1597 2115 1626 2143 τὸ
1649 2116 1726 2151 γένος
1749 2117 1804 2143 τῶν
1822 2117 1871 2143 ἀν-

1083 2161 1208 2197 θρώπιον,
1224 2162 1284 2197 ἦτοι
1297 2162 1469 2197 Χριστιανῶν
1479 2162 1533 2188 τῶν
1548 2162 1577 2188 ὲν
1588 2162 1700 2189 πόλεσιν
1713 2162 1870 2195 οἰκούντων,

1081 2209 1098 2243 ἦ
1115 2208 1143 2235 ὲν
1161 2207 1262 2243 ὄρεσιν,
1280 2207 1296 2243 ἢ
1318 2208 1348 2234 ὲν
1372 2209 1466 2243 μοναῖς
1479 2229 1486 2240 ,
1509 2207 1525 2243 ἦ
1549 2208 1578 2234 ὲν
1600 2209 1710 2244 ἀγροῖς,
1727 2209 1742 2245 ἢ
1761 2209 1789 2235 ὲν
1805 2209 1871 2244 ὲρήη

238 2256 317 2284 verbi
343 2257 441 2292 gratia,
461 2257 557 2285 dilexit
575 2265 654 2293 opes,
681 2257 750 2285 alius
773 2263 872 2284 aurum
890 2261 917 2284 ct
936 2265 1031 2293 argen—

1086 2260 1146 2289 μοις
1170 2254 1274 2286 τόποις,
1296 2254 1336 2280 ὅτι
1355 2252 1488 2289 θελήματι
1516 2254 1573 2289 ἰδίῳ
1590 2254 1781 2290 δελεαζόμενος
1793 2255 1808 2280 ὁ
1822 2255 1871 2282 ἄνη

240 2307 308 2333 ιιιηι,
326 2302 394 2330 alius
414 2302 545 2329 disertam
571 2302 667 2329 mundi
686 2302 849 2337 sapientiam
861 2303 897 2330 ob
912 2303 1026 2338 gloriam

239 2346 394 2377 hominum,
405 2347 476 2374 alius
493 2347 590 2375 dilexit
611 2348 774 2382 potentiam,
794 2347 865 2374 alius
875 2347 983 2376 laudem
999 2353 1027 2376 et

238 2392 359 2419 honores
375 2392 530 2425 hominum,
543 2394 614 2422 alius
628 2393 697 2420 iram
718 2398 746 2420 et
768 2393 937 2421 violentiam.
959 2395 1026 2422 Nam

238 2439 423 2473 permittendo
438 2447 467 2467 se
482 2444 607 2474 prompte
622 2439 744 2475 passioni
761 2440 832 2467 hanc
846 2440 946 2476 diligit,
956 2442 1026 2468 alius

238 2484 350 2511 inutiles
364 2490 490 2516 eventus,
504 2484 575 2512 alius
589 2485 732 2518 invidiam,
749 2485 819 2513 alius
833 2485 908 2512 omni
922 2485 966 2513 die
981 2493 1027 2513 su—

236 2529 329 2564 perbit
344 2534 372 2556 et
385 2530 504 2560 laetatur,
525 2530 596 2558 alius
615 2530 744 2557 inanibus
766 2530 919 2558 rationibus
935 2530 1027 2558 illudi-

237 2579 293 2605 tur,
306 2574 376 2601 alius
391 2580 521 2609 tanquam
537 2575 606 2611 legis
624 2575 754 2610 magister
772 2575 866 2603 haberi
880 2576 978 2611 diligit,
990 2575 1025 2603 ob

237 2619 379 2647 hominum
389 2621 514 2655 gloriam,
526 2621 597 2649 alius
612 2621 739 2649 socordia
751 2626 779 2648 et
793 2621 899 2649 incuria
912 2621 1024 2657 gaudet.

237 2665 309 2692 alius
325 2666 447 2693 vestibus
466 2670 494 2693 et
513 2667 612 2702 pannis
626 2667 777 2699 detinetur,
793 2666 864 2693 alius
878 2667 952 2694 curis
972 2671 1026 2693 ter-

236 2712 370 2740 restribus
384 2720 414 2740 se
435 2713 492 2746 dat,
505 2713 576 2741 alius
597 2721 725 2741 somnum
739 2717 768 2741 et
787 2713 922 2740 sermonis
947 2713 1025 2747 lepo-

269 2799 292 2815 ⁶⁰
307 2799 376 2827 Ρεοὶ.
390 2807 436 2831 ιιι,
451 2800 475 2827 G.

1081 2299 1189 2334 θρωπος
1209 2299 1304 2334 ἀγαπᾷ
1320 2307 1347 2325 τι
1372 2299 1420 2326 καὶ
1445 2299 1610 2334 ὁπουδήποτε
1626 2299 1729 2326 δέδεται
1753 2299 1836 2326 αὐτοῦ
1853 2300 1869 2334 ἡ

1080 2345 1174 2381 ἀγάπη
1185 2366 1191 2376 ,
1213 2346 1259 2372 καὶ
1278 2345 1330 2371 οὐκ
1345 2344 1418 2371 ἔστιν
1437 2345 1484 2379 ὅλη
1510 2345 1577 2380 πρὸς
1591 2345 1636 2372 τὸν
1649 2345 1726 2371 Θεὸν·
1742 2345 1870 2380 ἠγάπησε

1079 2392 1133 2426 γάρ
1148 2399 1200 2423 τις,
1217 2391 1240 2417 εί
1254 2391 1330 2426 τύχοι
1347 2392 1486 2426 κτήματα,
1505 2391 1582 2422 ἄλλος
1601 2391 1701 2426 χρυσδν
1721 2392 1767 2417 καὶ
1783 2391 1868 2426 ἄργυ-

1080 2446 1136 2473 ρον,
1160 2437 1239 2468 ἄλλος
1266 2437 1361 2471 σοφίαν
1389 2437 1482 2471 λογίαν
1516 2437 1619 2472 κόσμου
1646 2437 1690 2463 διὰ
1716 2437 1794 2468 δῶξιιν
1823 2438 1869 2463 ἁν-

1079 2482 1207 2518 θρώπων,
1230 2481 1308 2514 ἀλλος
1333 2483 1477 2517 ἠγάπησεν
1498 2482 1603 2518 ἀρχὴν,
1625 2481 1703 2514 ἄλλος
1723 2481 1801 2515 δόξαν
1821 2482 1870 2508 καὶ

1079 2529 1160 2563 τιμὰς
1176 2527 1338 2564 ἀνθρώπων,
1370 2527 1449 2559 ἄλλος
1469 2527 1553 2563 ὀργὴν
1582 2527 1628 2554 καὶ
1648 2527 1738 2561 μῆνιν·
1758 2527 1801 2554 διὰ
1815 2528 1869 2562 γὰρ

1079 2576 1109 2601 τὸ
1123 2574 1227 2608 ταχέως
1246 2574 1342 2601 ἑαυτὸν
1358 2574 1502 2601 ἐπιδιδόναι
1520 2573 1558 2608 τῷ
1572 2574 1652 2601 πάθει
1674 2574 1768 2610 ἀγαπᾷ
1786 2574 1868 2601 αὑτό’

1078 2621 1157 2652 ἄλλος
1177 2621 1308 2656 ἀκαίρους
1332 2620 1492 2654 συντυχίας,
1508 2619 1587 2651 ἄλλος
1604 2618 1696 2655 ζῆλον,
1714 2619 1794 2651 ἄλλος
1817 2620 1868 2646 πᾶ-

1079 2674 1129 2692 σαν
1156 2665 1266 2701 ἡμέραν
1286 2665 1482 2700 μετεωρίζεται
1498 2665 1544 2691 καὶ
1558 2665 1663 2700 ἥδεται,
1680 2665 1759 2696 ἄλλος
1773 2666 1868 2700 ἀργοῖς

1078 2712 1218 2746 λογισμοῖς
1232 2711 1381 2743 ἀπατᾶται,
1398 2710 1478 2743 ἄλλος
1493 2710 1530 2743 ὦς
1551 2709 1778 2746 νομοδιδάσκαλος
1795 2709 1864 2737 εἶναι

868 2847 935 2875 V'AR
942 2847 983 2874 UE
1000 2846 1146 2874 LEGTION
1152 2846 1201 2874 ES.

271 2907 308 2941 (1)
320 2906 367 2935 Sic
381 2906 441 2934 cod.
481 2903 606 2942 (‘1)Cod.
623 2902 790 2937 άαρτιζξται.
840 2902 877 2937 (5,-
894 2900 939 2927 ςίη
956 2901 1030 2935 c0d.,

1081 2903 1118 2938 (ιὶ)
1132 2904 1150 2931 C
1158 2905 1202 2929 od.
1225 2901 1407 2936 κατωκρατεῑ,
