2064 3152
202 180 255 213 505

824 182 1010 214 HOMILIE.
1025 193 1059 200 --
1073 182 1165 212 HOM.
1186 182 1220 213 V.

1780 187 1832 220 506

202 237 300 272 ἀγαπᾷ
321 235 366 263 διὰ
392 235 472 268 δόξαν
493 235 667 271 ἀνθρώπων,
687 235 768 269 ἄλλος
790 237 926 272 χαυνώσει
943 238 985 264 καῖ

1042 245 1099 265 rem
1118 241 1167 266 aut
1185 238 1384 267 obscenitatem
1399 240 1508 276 diligit,
1535 245 1564 268 et
1579 242 1670 270 statim
1687 251 1720 271 ac
1733 244 1833 280 aliquis

202 282 318 318 ἀμελείᾳ
331 282 442 317 ἥδεται,
457 281 537 312 ἄλλος
558 281 676 316 ίματίοις
692 282 741 309 καὶ
766 282 862 317 ῥάκεσι
875 282 990 315 δέδεται,

202 328 281 359 ἄλλος
315 327 462 362 μερίμναις
496 327 606 361 γηϊναις
630 326 725 354 ἑαυτὸν
751 327 859 353 δίδωσιν
876 347 883 358 ,
913 327 991 358 ἄλλος

202 373 286 400 ὕπνον
302 373 348 400 καὶ
363 371 545 408 εὐτραπελίαν
566 371 583 408 ἢ
607 372 798 407 αἰσχρολογίαν
823 373 927 408 ἀγαπᾷ·
944 373 991 399 καὶ

203 418 295 454 μικρῷ
309 418 363 454 γάρ
376 427 417 450 τις
431 418 478 445 καὶ
494 417 604 452 μεγάλῳ
616 417 800 452 δεσμούμενος
813 418 860 444 τοῦ
876 418 989 452 κόσμου,

201 463 297 498 ἐκείνῳ
316 463 463 498 κατέχεται
480 462 528 489 καὶ
552 463 601 489 οὐκ
625 463 702 490 ὲᾶται
720 462 869 497 ἀνακύψαι.
891 463 963 498 Πρὸς
977 462 991 489 ὃ

201 509 255 545 γάρ
272 518 314 541 τις
338 509 422 540 πάθος
438 509 468 535 οὐ
484 507 599 543 πολεμεῖ
618 508 762 543 γενναίως,
776 509 865 536 ἐκεῖνο
884 510 989 545 ἀγαπᾷ,

201 555 311 581 κάκεῖνο
332 554 429 588 κρατεῖ
443 553 536 584 αὑτὸν,
552 554 599 580 καὶ
616 553 739 588 βαρύνει,
755 554 803 581 κα)⁵
824 555 928 589 γίνεται
942 555 990 582 αὐ-

201 600 240 634 τῷ
253 599 383 634 ἐμπόδιον
411 599 458 625 καὶ
477 598 590 630 ἅλυσις,
615 599 662 625 τοῦ
690 599 727 634 μὴ
749 599 795 626 τὸν
824 599 887 626 νοῢν
906 600 989 627 αὑτοῦ

200 645 312 672 ἀπιέναι
332 644 401 678 πρὸς
420 643 466 670 τὸν
486 643 561 676 Θεὸν,
575 644 621 670 καὶ
638 644 821 679 εὐαρεστῆσαι
836 643 921 679 αὐτῷ,
942 644 990 670 καὶ

200 689 276 725 αὐτῷ
297 690 369 725 μόνῳ
382 689 569 724 λατρεύσαντα
587 689 773 724 χρησιμεῡσαι
796 691 829 724 τῇ
854 689 988 726 βασιλείᾳ,

200 735 248 760 καὶ
261 732 334 768 ζωῆς
352 734 461 761 αἰωνίου
478 734 659 769 τυχεῖν-ψυχὴ
696 733 751 768 γὰρ
766 734 902 768 ήὰληθῶς
921 735 989 769 πρὸς

202 779 303 813 Κύριον
318 779 368 814 τὴν
390 779 478 814 ὁρμὴν
494 778 593 814 ἔχουσα
611 779 658 814 ὅλη
676 779 707 812 ὲξ
729 780 789 806 ὅλου
809 780 859 814 τὴν
878 780 988 816 ἀγάπην

201 826 284 859 αὐτῆς
301 825 368 860 πρὸς
387 825 468 852 αὐτὸν
485 826 560 852 ἕλκει
577 825 626 860 (5),
651 827 698 852 καὶ
723 826 791 862 πρὸς
810 826 892 853 αὐτὸν
909 826 989 861 μόνον

199 872 232 897 ἐκ
249 871 446 906 προαιρέσεως,
462 872 511 907 ὅση
534 871 662 907 δύναμις,
687 872 838 906 δεσμεῖται,
861 871 988 898 κάκεῖθεν

200 916 249 951 τὴν
275 916 402 951 βοήθειαν
417 917 467 952 τῆς
490 917 601 952 χάριτος
624 918 804 952 προσκτᾶται,
826 918 873 944 καὶ
889 918 988 952 ἑαυτὴν

199 963 340 997 ἀρνεῖται,
363 963 410 988 καὶ
434 964 490 994 τοῖς
511 963 644 998 θελήμασι
668 963 716 989 τοῦ
744 963 804 994 νοὸς
826 963 912 997 αὐτῆς
938 963 987 989 οὐκ

197 1008 349 1040 ἀκολουθεῖ,
371 1009 411 1035 ὅτι
427 1008 523 1040 δολίως
542 1008 688 1044 πορεύεται
715 1009 773 1044 μεθ’
788 1008 865 1044 ἡμῶν
889 1008 934 1034 διὰ
957 1007 988 1034 τὸ

199 1052 276 1078 συνὸν
290 1052 336 1078 καὶ
349 1051 473 1084 δελεάζον
488 1052 582 1086 κακὸν,
599 1052 667 1079 ἀλλά
681 1052 721 1088 τῷ
735 1052 782 1079 τοῦ
798 1053 899 1089 Κυρίου
915 1053 987 1088 λόγῳ

197 1098 328 1129 όλοτελῶς
355 1098 455 1133 ἑαυτὴν
478 1098 613 1129 ἐκδίδωσι,
641 1099 687 1125 καὶ
709 1099 809 1130 παντὸς
825 1100 986 1134 φαινομένου

196 1143 296 1178 δεσμοῦ
310 1143 367 1169 λύει
386 1143 496 1178 ἑαυτὴν,
513 1144 573 1170 ὅσον
586 1144 618 1170 ὲκ
635 1143 786 1179 θελήματος
803 1144 924 1176 δυνατὸν,
939 1143 987 1170 καὶ

197 1189 235 1224 τῷ
247 1190 341 1224 Κυρίῳ
356 1189 386 1221 ἐξ
396 1189 456 1216 ὅλου
473 1189 573 1225 ἑαυτὴν
583 1189 685 1222 δίδωσι,
702 1190 749 1216 καὶ
759 1189 830 1216 οὕτω
842 1190 986 1223 διεξελθεῖν

196 1234 316 1268 εὐχερῶς
333 1234 478 1269 δυνήσεται
493 1235 557 1265 τοὺς
573 1234 681 1268 ἀγῶνας
699 1235 746 1261 καὶ
760 1235 858 1266 πόνους
868 1235 916 1262 καὶ
929 1235 986 1261 θλί-

195 1277 267 1313 ψεις.
277 1279 363 1305 Ὅπου
376 1279 431 1314 γὰρ
447 1280 597 1313 ἀγαπᾶται,
615 1280 718 1307 ἐκεῖθεν
732 1280 879 1315 βοηθεῖται,
893 1281 986 1307 κάκεῖ-

197 1323 243 1350 θεν
263 1324 396 1360 βαρεῐται·
412 1325 459 1351 ἐάν
473 1334 500 1351 τι
514 1326 561 1351 τοῦ
578 1326 680 1360 κόσμου
697 1326 803 1362 ἀγαπᾷ,
818 1327 885 1353 αὐτὸ
898 1327 986 1354 ἐκεῖνο

195 1369 299 1403 γίνεται
314 1370 389 1405 αὐτῷ
405 1371 513 1405 φορτίον
530 1371 578 1397 καὶ
593 1371 687 1406 δεσμοὶ
703 1372 881 1403 καθέλκοντες
899 1374 985 1406 κάτω,

196 1416 244 1442 καὶ
259 1416 296 1450 μὴ
318 1417 523 1451 συγχωροῦντες
538 1417 594 1445 ἀνω
608 1418 676 1453 πρὸς
689 1418 755 1444 Θεὸν
769 1419 900 1446 ἀνελθεῖν.
923 1419 986 1446 Ἐὰν

194 1460 224 1487 δὲ
240 1462 286 1487 τὸν
297 1461 399 1497 Κύριον
411 1462 458 1488 καὶ
474 1463 523 1494 τὰς
537 1462 648 1494 ἐντολὰς
670 1464 751 1490 αὑτοῦ
762 1465 867 1500 ἀγαπᾷ,
882 1465 986 1492 ἐκεῖθεν

196 1505 333 1541 βοηθεῖται
363 1507 491 1534 κάκεῖθεν
517 1508 688 1542 κουφίζεται,
716 1509 763 1536 καὶ
784 1509 883 1537 εΰκολα
910 1511 985 1547 αὑτῴ

194 1553 286 1580 πάντα
307 1553 412 1587 γίνεται
441 1554 476 1580 τὰ
501 1554 547 1580 τοῦ
572 1555 676 1589 Κυρίου
703 1556 922 1592 παραγγέλματα
945 1557 985 1592 τῷ

193 1598 244 1634 τὴν
269 1599 381 1633 ἀγάπην
403 1599 486 1626 αὑτοῦ
508 1599 577 1641 πρὸς
598 1601 679 1628 αὑτὸν
691 1601 845 1633 ἀποσώζειν
871 1603 984 1638 ὁλοκλή-

194 1653 260 1681 ρως,
285 1645 332 1672 καὶ
350 1645 429 1680 βαρεῖ
451 1647 492 1677 είς
510 1646 540 1672 τὸ
557 1647 669 1681 ἀγαθὸν,
693 1648 793 1682 μᾶλλον
808 1648 836 1675 δὲ
859 1649 906 1675 καὶ
921 1658 985 1675 κου-

193 1691 266 1725 φίζει
281 1691 329 1717 καὶ
343 1691 488 1726 ὲλαερρύνει
512 1692 601 1719 πάντα
619 1693 736 1728 πόλεμον
757 1694 805 1720 καὶ
822 1695 912 1732 πᾶσαν
927 1694 984 1720 Θλί-

192 1736 251 1771 ψιν,
277 1737 324 1762 καί
343 1737 388 1764 διὰ
416 1737 466 1771 τῆς
482 1736 558 1768 θείας
579 1738 720 1773 δυνάμεως
736 1739 781 1765 τὸν
804 1739 906 1774 κόσμον
925 1739 984 1766 δια-

195 1782 300 1813 κόπτει,
316 1783 363 1808 καὶ
387 1782 436 1814 τὰς
452 1782 581 1818 δυνάμεις
597 1783 646 1817 τῆς
662 1783 772 1816 κακίας,
794 1784 844 1815 τὰς
861 1785 889 1810 ὲν
909 1784 984 1819 αὐτῷ

191 1827 395 1861 παγιδευούσας
422 1827 471 1863 τὴν
496 1827 595 1863 ψυχὴν,
625 1828 672 1855 καὶ
700 1828 805 1863 βρόχοις
832 1829 984 1863 ἐπιθυμιῶν

194 1873 374 1900 παντοδαπῶν
386 1874 414 1901 ὲν
428 1874 467 1909 τῷ
482 1874 528 1900 τοῦ
542 1875 645 1910 κόσμου
663 1873 736 1908 βυθῷ
750 1874 982 1908 καταδεσμούσας,

197 1919 244 1944 καὶ
258 1918 344 1950 οὕτως
365 1919 502 1955 ἐξειλῆσαι
517 1920 556 1955 (6)
576 1921 604 1954 ἐξ
622 1919 711 1946 αὐτῶν
722 1919 765 1946 διὰ
781 1919 832 1954 τῆς
855 1919 922 1951 ιδίας
938 1920 982 1946 πί-

194 1973 279 1996 στεως
297 1966 345 1992 καὶ
360 1967 478 2001 σπουδῆς
491 1966 600 2001 πολλῆς,
617 1966 664 1993 καὶ
680 1966 725 1992 διὰ
735 1966 786 2001 τῆς
801 1965 903 1992 ἀνωθεν
919 1966 983 2001 βοη-

193 2014 277 2045 θείας,
294 2012 359 2040 ἔνθα
374 2013 512 2048 ἠγάπησε,
536 2013 585 2048 τῆς
614 2011 724 2039 αἰωνίου
746 2012 882 2047 βασιλείας
897 2011 983 2044 ἀξιοῦ-

193 2068 250 2092 ται,
261 2060 294 2095 ἦν
311 2059 370 2094 ιδίῳ
391 2058 525 2094 θελήματι
545 2058 692 2093 ἀγαπήσας
721 2057 750 2090 ἐξ
778 2057 918 2093 ἀληθείας,
936 2057 983 2084 καὶ

194 2105 248 2132 ὐπὸ
264 2105 312 2132 τοῦ
328 2105 431 2140 Κυρίου
462 2105 616 2141 βοηθηθεὶς,
639 2104 689 2139 τῆς
706 2105 816 2131 αἰωνίου
842 2104 915 2138 ζωῆς
932 2103 983 2130 οὐκ

192 2151 334 2178 ικπίπτει.
352 2152 411 2178 Ἱνα
427 2151 454 2177 δὲ
467 2151 522 2178 ἀπὸ
542 2151 714 2186 πραγμάτων
729 2150 854 2185 φανερῶν
875 2150 983 2177 ἀποδεί-

193 2198 295 2233 ξωμεν,
313 2197 374 2230 πῶς
394 2197 527 2233 θελήματι
550 2197 608 2233 ίδίῳ
631 2197 723 2223 πολλοὶ
739 2197 913 2230 ἀπόλλυνται,
935 2196 983 2223 καὶ

1043 290 1128 318 parvo
1152 287 1200 310 aut
1225 291 1324 319 magno
1340 285 1436 313 mundi
1464 287 1575 314 vinculo
1604 288 1756 323 detinetur,
1779 290 1832 318 hoc

1042 328 1199 363 possidetur
1213 337 1265 357 nec
1284 330 1384 357 sinitur
1395 339 1550 368 assurgere.
1565 334 1724 362 Passionem
1743 337 1830 369 enim,

1041 377 1137 399 contra
1152 380 1234 407 quam
1253 373 1336 400 homo
1349 382 1403 401 non
1422 381 1524 411 pugnat
1546 377 1674 411 viriliter,
1692 379 1767 408 illam
1790 381 1832 408 di-

1041 417 1119 452 ligit;
1135 423 1162 446 et
1175 418 1221 445 illa
1233 419 1307 446 hunc
1320 419 1480 448 dominatur
1501 427 1529 450 et
1541 425 1683 459 opprimit,
1698 425 1729 453 [it
1741 427 1767 454 ei
1780 427 1832 454 im-

1040 463 1229 497 pedimentum
1243 469 1271 492 et
1287 470 1395 499 catena,
1412 475 1446 494 ne
1462 474 1584 497 mentem
1602 478 1679 498 suam
1692 473 1725 498 ad
1744 473 1830 500 Deum

1040 508 1151 544 dirigat,
1164 518 1216 538 nec
1230 510 1269 538 illi
1287 512 1467 547 complaeeat,
1479 521 1569 549 neque
1583 515 1623 543 illi
1639 517 1690 544 soli
1705 519 1833 546 serviens

1041 563 1155 590 regnum
1173 556 1297 584 obtineat
1318 563 1347 585 et
1368 558 1402 585 ad
1426 559 1510 586 vitam
1528 564 1661 588 aeternam
1675 564 1829 596 perveniat.

1040 602 1140 629 Anima
1157 602 1231 630 enim
1250 611 1312 637 qua:
1326 612 1392 631 vcre
1405 605 1439 632 ad
1454 606 1601 633 Dominum
1622 608 1762 643 dirigitur,
1773 615 1830 638 tota

1039 648 1152 674 omnino
1173 656 1251 676 suam
1274 649 1453 678 dilectionem
1471 651 1499 678 in
1518 652 1596 680 illum
1623 655 1783 689 contrahit,
1801 662 1831 684 et

1040 693 1080 721 illi
1096 694 1145 721 soli
1168 702 1202 722 ex
1227 695 1391 730 intentione,
1409 702 1544 732 quantum
1566 704 1668 734 potest,
1690 701 1830 736 vincitur;

1039 744 1067 767 et
1079 740 1142 767 inde
1152 741 1245 776 gratiae
1257 742 1391 769 auxilium
1417 744 1549 778 acquirit,
1564 749 1592 772 et
1608 746 1727 780 seipsam
1746 747 1831 775 abne-

1040 791 1094 819 gat,
1112 790 1140 814 et
1154 787 1290 815 voluntati
1309 788 1412 815 mentis
1431 796 1487 816 suae
1501 798 1558 817 non
1572 790 1830 828 obtemperat,quia

1040 833 1067 860 in
1082 834 1160 860 nobis
1175 841 1223 868 per
1237 834 1362 862 fraudem
1386 835 1509 862 ambulat
1530 838 1766 871 peteoncomitans
1802 844 1830 867 et

1040 878 1177 906 seducens
1192 879 1311 913 malum;
1326 879 1373 907 sed
1386 880 1472 907 verbo
1490 882 1597 909 Domini
1617 883 1738 918 perfecte
1754 885 1830 920 seip-

1038 932 1095 951 sam
1109 925 1254 959 permittit,
1267 931 1295 954 et
1308 926 1342 953 ab
1351 926 1426 953 omni
1442 927 1543 954 visibili
1558 927 1667 956 vinculo
1677 937 1707 957 se
1718 930 1829 963 liberat,

1037 974 1171 1004 quantum
1180 979 1214 997 ex
1225 971 1366 998 voluntate
1375 972 1505 1006 possibile
1516 978 1568 1006 est,
1578 978 1607 1001 et
1619 975 1734 1003 Domino
1745 981 1829 1004 totam

1037 1016 1150 1043 omnino
1162 1018 1336 1052 semetipsam
1356 1017 1414 1050 dat,
1427 1023 1455 1046 et
1471 1019 1508 1047 ita
1524 1022 1695 1054 pertransire
1711 1022 1831 1051 feliciter

1037 1063 1139 1097 poterit
1154 1071 1267 1098 pugnas,
1284 1064 1394 1092 labores
1406 1069 1434 1092 et
1445 1073 1592 1095 aerumnas.
1611 1068 1664 1096 Ubi
1677 1069 1751 1097 enim
1767 1070 1830 1097 dili-

1036 1109 1121 1142 gitur,
1137 1109 1202 1135 inde
1218 1109 1351 1137 auxilium
1366 1111 1442 1139 venit
1455 1116 1483 1139 et
1504 1113 1569 1140 inde
1591 1114 1700 1148 pondus
1715 1117 1792 1143 venit
1805 1117 1828 1144 si

1037 1152 1102 1186 quid
1116 1160 1131 1179 e
1144 1153 1247 1180 mundo
1266 1153 1355 1189 diligit
1371 1155 1464 1189 homo,
1485 1157 1538 1184 hoc
1561 1157 1650 1192 ipsum
1666 1159 1697 1186 ﬁt
1711 1160 1749 1187 illi
1767 1168 1828 1188 sar-

1037 1196 1098 1223 cina
1118 1201 1146 1224 et
1162 1197 1272 1224 vincula
1285 1198 1415 1226 deorsum
1439 1200 1624 1234 demittentia,
1645 1211 1696 1230 nec
1717 1211 1827 1233 sursum

1036 1243 1226 1277 permittentia
1242 1244 1277 1271 ad
1298 1245 1383 1272 Deum
1398 1253 1427 1273 se
1442 1247 1588 1281 attollere;
1609 1249 1652 1276 sin
1667 1254 1758 1277 autem
1773 1251 1827 1279 Do-

1037 1290 1142 1317 minum
1156 1295 1184 1317 et
1199 1291 1260 1326 ejus
1274 1292 1402 1320 mandata
1424 1293 1525 1329 diligit,
1543 1295 1606 1323 inde
1628 1297 1762 1324 auxilium
1784 1305 1829 1325 re-

1036 1335 1113 1370 cipit,
1129 1335 1194 1363 inde
1212 1337 1375 1371 sustinetur,
1394 1343 1423 1366 et
1438 1340 1565 1374 expedita
1591 1341 1630 1368 illi
1652 1343 1743 1369 omnia
1760 1343 1829 1371 tiunt

1036 1380 1146 1408 Domini
1167 1386 1302 1416 przecepta
1326 1383 1360 1410 ad
1386 1385 1549 1412 servandam
1575 1387 1688 1414 omnino
1703 1396 1780 1416 suam
1800 1390 1827 1417 in

1037 1426 1182 1453 Dominum
1198 1426 1386 1462 dilectionem,
1398 1433 1425 1457 et
1442 1430 1577 1458 inclinant
1593 1432 1627 1459 ad
1644 1432 1758 1465 bonum,
1774 1442 1829 1462 aiu-

1037 1472 1109 1507 plius
1120 1476 1212 1499 autem
1226 1477 1254 1500 et
1269 1473 1358 1501 levius
1370 1480 1399 1502 et.
1410 1474 1519 1503 facilius
1535 1477 1659 1504 etliciunt
1677 1486 1758 1506 omne
1770 1479 1830 1508 bel-

1036 1517 1093 1544 lum
1106 1521 1133 1544 et
1150 1524 1260 1544 omnem
1274 1526 1437 1552 aerumnam,
1450 1525 1477 1548 et
1493 1529 1543 1556 per
1556 1523 1687 1551 virtutem
1706 1525 1828 1554 divinam

1037 1563 1171 1589 mundum
1188 1564 1356 1599 proﬂigaret,
1379 1570 1407 1594 et
1425 1566 1536 1594 malitia:
1553 1568 1636 1601 vires,
1655 1578 1716 1605 qua:
1732 1571 1759 1598 in
1781 1572 1829 1600 illo

1036 1608 1156 1635 animam
1168 1608 1329 1643 illaqueaut,
1341 1616 1370 1638 et
1382 1611 1564 1646 cupiditatum
1580 1614 1687 1642 retibus
1695 1617 1830 1652 multipli-

1036 1654 1110 1680 cium
1137 1655 1166 1681 in
1184 1655 1280 1681 mundi
1307 1655 1407 1691 abysso
1425 1657 1504 1685 illum
1532 1659 1704 1694 devinciunt,
1731 1667 1760 1689 et
1792 1663 1829 1691 ita

1035 1699 1169 1727 liberatus
1192 1700 1226 1727 ab
1249 1701 1291 1727 eis
1309 1709 1358 1736 per
1372 1710 1451 1730 suam
1465 1703 1546 1731 ﬁdem
1561 1710 1590 1732 et
1606 1714 1732 1742 magnam
1748 1707 1828 1736 forti-

1035 1747 1171 1780 tudinem,
1198 1751 1226 1774 et
1258 1755 1307 1781 per
1329 1749 1441 1778 caeleste
1468 1751 1618 1786 auxilium,
1645 1754 1691 1781 ubi
1721 1755 1828 1789 dilexit,

1034 1794 1130 1820 aeterni
1165 1795 1241 1830 regni
1275 1794 1375 1831 dignus
1410 1797 1570 1832 judicatur,
1604 1799 1678 1834 quod
1716 1802 1828 1836 propria

1034 1840 1176 1868 voluntate
1202 1842 1300 1869 dilexit
1327 1842 1355 1869 in
1379 1842 1512 1875 veritate,
1537 1848 1565 1871 et
1590 1852 1606 1871 a
1633 1845 1750 1873 Domino
1775 1855 1827 1874 au-

1034 1885 1129 1913 xilium
1156 1887 1305 1922 accipiens,
1334 1892 1438 1915 aeterna
1467 1888 1523 1916 vita
1552 1897 1609 1917 non
1635 1891 1770 1924 privatur.
1793 1892 1829 1920 Ut

1034 1935 1126 1958 autem
1157 1932 1240 1960 rebus
1271 1926 1448 1961 evidentibus
1484 1935 1633 1963 ostendere
1670 1937 1826 1972 possimus,

1034 1976 1172 2009 quomodo
1206 1978 1318 2012 propria
1345 1978 1488 2006 voluntate
1520 1979 1599 2007 multi
1634 1986 1766 2016 pereant,
1798 1987 1828 2010 et

1035 2020 1062 2047 in
1077 2028 1154 2049 mare
1168 2022 1390 2058 submerguntur,
1403 2027 1432 2050 ct.
1452 2023 1480 2050 in
1491 2024 1655 2052 servitutem
1669 2027 1826 2061 trahantur,

1034 2071 1159 2102 suppone
1175 2068 1243 2095 mibi
1264 2069 1411 2103 quamdam
1429 2069 1541 2097 domum
1563 2071 1626 2106 igne
1642 2072 1761 2106 incendi,
1778 2074 1826 2109 qui

1033 2113 1153 2142 voluerit
1175 2121 1205 2141 se
1231 2115 1348 2147 salvare,
1370 2115 1418 2142 ubi
1441 2115 1599 2143 incendium
1618 2117 1719 2151 sensit,
1734 2119 1827 2148 nudus

1033 2156 1140 2192 ell'ugit,
1159 2158 1251 2187 omnia
1268 2159 1428 2194 relinquens
1441 2164 1470 2186 et
1485 2167 1541 2188 suae
1554 2160 1619 2188 vitaz
1630 2162 1718 2190 solum
1731 2164 1827 2200 volens

1033 2210 1128 2230 curam
1143 2203 1262 2236 habere.
1276 2205 1397 2233 salvatus
1412 2210 1465 2234 est.
1481 2206 1559 2234 Alius
1574 2215 1641 2235 vero
1658 2209 1754 2238 volens
1768 2218 1828 2238 scr-

191 2243 221 2269 ὲν
247 2242 371 2278 θαλάσσῃ
399 2242 564 2277 βυθίζονται,
582 2242 629 2269 καὶ
648 2243 677 2269 ἐν
696 2242 870 2278 αἰχμαλωσίᾳ
889 2242 980 2276 ἀρπά-

1036 2254 1098 2274 vare
1112 2248 1204 2283 aliqua
1226 2248 1325 2276 domus
1347 2250 1531 2284 supellectilia
1554 2255 1603 2278 aut
1622 2252 1676 2279 alia
1699 2254 1826 2288 quasdam

192 2291 296 2323 ζονται,
314 2289 416 2316 ὑπόθου
443 2289 488 2324 μοί
513 2297 574 2316 τινα
590 2287 664 2315 οἷκον
684 2288 876 2324 ὲμπίπρασθαι
902 2289 980 2323 πυρὶ,

191 2336 239 2363 καὶ
251 2335 281 2366 ὃς
299 2335 349 2371 μὲν
364 2335 450 2361 σῶσαι
472 2335 569 2362 ἑαυτὸν
592 2335 765 2370 βουλόμενος,
782 2334 922 2369 αίσθηθεις
934 2334 981 2361 τοῦ

192 2380 372 2416 ἐμπρησμοῦ,
396 2380 500 2416 γυμνὸς
523 2380 621 2415 ἔφυγε,
636 2380 796 2408 καταλιπὼν
819 2380 918 2413 πάντα,
934 2380 981 2407 καὶ

192 2428 289 2455 ἑαυτοῦ
304 2429 353 2463 τὴν
367 2428 457 2464 ψυχήν
486 2428 567 2462 μόνον
588 2427 821 2463 περιποιήσασθαι
837 2427 981 2464 βουληθεὶς

191 2473 319 2508 διεσώθη.
335 2473 431 2505 Ἀλλος
448 2473 477 2500 δὲ
489 2473 650 2508 βουλόμενος
663 2473 756 2501 λαϐεῖν
768 2481 829 2501 τινα
845 2473 892 2501 τοῦ
905 2474 980 2500 οἴκου

193 2519 307 2557 σκεύηή
331 2519 399 2546 ἀλλα
425 2522 489 2548 τινὰ
510 2519 635 2555 εἰσῆλθεν
653 2517 729 2555 ἆραι,
753 2520 802 2546 καὶ
826 2519 865 2552 ὡς
887 2520 979 2548 ἔλαϐε.

193 2567 388 2601 χατεκυρίευσε
401 2566 432 2593 τὸ
445 2566 501 2602 πῦρ
513 2566 560 2593 τοῦ
577 2567 663 2599 οἴκου,
676 2567 724 2594 καὶ
739 2566 884 2594 συνέλαϐεν
899 2567 982 2594 αὐτὸν

193 2611 265 2638 ἔνδον
282 2621 330 2638 και
347 2612 528 2639 κατέκαυσεν.
559 2610 652 2647 Ὁρᾷς,
669 2611 710 2638 ὅτι
729 2611 785 2647 ἰδίῳ
802 2612 935 2648 θελήματι
947 2612 981 2639 δι’

194 2659 314 2694 ἀγάπην,
336 2658 398 2685 τινὰ
423 2658 492 2694 πρὸς
507 2658 603 2693 καιρὸν
622 2658 687 2693 παρ’
703 2658 800 2686 ἑαυτὸν
821 2659 980 2694 ἀγαπήσας,

195 2704 223 2730 ὲν
243 2704 282 2740 τῷ
301 2704 368 2740 πυρὶ
386 2703 512 2731 ἀπώλετο
523 2713 529 2719 ·
543 2703 643 2739 ὁμοίως
658 2703 740 2732 πάλιν
760 2705 790 2731 ὲν
803 2705 837 2740 τῇ
859 2704 983 2741 θαλάσσῃ

1032 2295 1175 2330 ingressus
1191 2297 1276 2324 estad
1290 2297 1441 2325 tollendum
1457 2307 1500 2332 ea,
1515 2304 1617 2327 etcum
1630 2303 1824 2336 apprehendit,

1033 2341 1136 2369 invasit
1151 2341 1222 2377 ignis
1238 2347 1323 2370 totam
1339 2343 1463 2377 domum,
1477 2350 1505 2372 et
1520 2345 1596 2373 illum
1614 2347 1690 2374 intus
1705 2348 1824 2377 detinuit

1032 2390 1061 2414 et
1080 2387 1242 2415 combussit.
1263 2388 1347 2417 Vides
1362 2397 1416 2423 ne,
1437 2391 1577 2425 quomodo
1595 2393 1707 2427 propria
1724 2394 1824 2422 volun-

1032 2435 1088 2459 tate
1108 2439 1159 2466 per
1181 2432 1370 2468 dilectionem,
1392 2435 1440 2470 qui
1456 2436 1548 2471 aliqua
1574 2437 1608 2463 ad
1628 2441 1736 2473 tempus
1751 2439 1824 2474 apud

1035 2484 1065 2505 se
1092 2477 1199 2512 dilexit,
1227 2479 1256 2507 in
1278 2480 1340 2516 igne
1353 2482 1487 2516 perierit?
1502 2481 1629 2510 similiter
1646 2483 1746 2511 iterum
1774 2493 1825 2520 per

1035 2530 1112 2551 mare
1147 2524 1174 2551 in
1207 2532 1304 2560 rupem
1337 2526 1471 2554 ﬂuctuum
1497 2527 1645 2554 stationem
1671 2529 1825 2559 incidentes

1035 2568 1148 2603 quidam
1171 2570 1421 2606 naufragaverunt;
1440 2577 1469 2599 et
1491 2572 1537 2607 qui
1551 2572 1644 2600 nudus
1657 2578 1686 2601 et
1702 2574 1825 2603 vestibus

1035 2618 1136 2642 exutus
1145 2615 1173 2642 in
1184 2623 1271 2650 aquas
1290 2624 1319 2644 se
1332 2617 1450 2652 conjecit
1460 2625 1490 2645 se
1500 2618 1589 2645 solum
1601 2619 1708 2647 salvare
1717 2621 1823 2654 volens,

1035 2666 1063 2688 et
1078 2661 1115 2689 ita
1131 2661 1263 2690 ﬂuetibus
1281 2663 1410 2698 agitatus,
1435 2667 1463 2691 et
1483 2671 1566 2698 super
1592 2672 1640 2692 eos
1658 2669 1765 2699 natans,
1789 2674 1825 2694 eo

1036 2705 1109 2741 quod
1121 2706 1266 2742 expeditus
1281 2707 1429 2735 admodum
1444 2707 1491 2741 sis,
1505 2706 1613 2736 lmtatus
1624 2712 1667 2737 est
1682 2708 1827 2738 translissa

832 2791 952 2820 VARIIE
969 2792 1173 2822 LECTIONES.

230 2882 351 2927 (sicut
371 2881 438 2909 εκει.
472 2882 508 2917 (6)
527 2882 600 2912 Cod.
614 2883 755 2920 ὲξηλῆσαι.
