2070 3152
265 153 317 187 507
900 153 932 185 S.
950 153 1112 183 MACARII
1132 154 1274 184 EGYI’T]
1281 155 1295 184 Ι
1843 154 1896 186 508

265 217 394 238 amarum
409 218 515 246 aequor,
533 210 628 246 sicque
639 208 703 238 vitae
717 216 774 238 suae
788 209 904 238 salutem
918 209 1043 245 praestitit

1094 211 1146 244 ,είς
1162 211 1257 238 στάσιν
1267 211 1338 244 τινες
1352 211 1486 242 κλύδωνος
1500 210 1697 245 περιπεσόντες
1709 210 1894 246 ἐναυάγησαν-

264 257 344 285 Alius
357 262 461 289 autem,
477 257 575 284 volens
584 255 689 291 aliquid
699 256 928 284 vestimentorum
941 264 1055 284 suorum

263 303 383 335 salvare,
401 303 508 337 putavit
530 310 560 330 se
582 310 664 337 posse
681 307 794 330 enatare
809 305 839 329 ct
851 303 968 330 transire
991 311 1054 330 cum

265 348 321 381 eis,
336 355 398 382 quae
419 347 480 374 tulit
505 356 611 381 secum,
634 353 663 375 et
683 349 729 376 illa
752 356 813 383 quae
835 349 952 384 sumpsit
977 349 1053 375 illum

264 398 464 428 oppresserunt
477 398 506 421 et
523 394 720 422 immerserunt
733 394 760 421 in
774 395 859 422 maris
874 395 1014 430 abyssum,
1026 399 1054 422 ct

261 438 370 466 interiit
381 438 417 466 ob
436 440 567 475 exiguum
585 440 706 473 lucrum,
720 448 812 476 neque
829 441 894 468 vitae
907 449 963 469 suae
977 441 1053 468 salu-

261 488 316 512 tem
333 486 473 520 prastitit.
484 486 605 519 Videsne
617 487 756 522 quomodo
776 487 888 522 propria
909 487 1052 515 voluntate

260 537 310 558 sua
333 530 512 566 disperierit?
534 532 636 560 lterum
664 541 789 568 suppone
816 533 884 560 mihi
912 541 1052 561 rumorem

261 576 383 604 hostium
400 578 513 611 venire;
534 583 564 606 et
575 578 638 610 hic,
656 579 748 606 statim
773 586 807 606 ac
830 579 935 612 audiit,
955 579 1051 615 effugit

259 624 403 655 continuo,
418 623 525 658 absque
539 624 665 652 vestibus
682 630 710 652 et
724 625 817 652 nudus
830 625 966 658 evadens;
979 625 1051 653 alius

258 671 351 694 autem
373 667 489 695 credere
513 668 620 701 nolens,
642 669 865 704 appropinquare
882 670 985 702 hostes,
1004 674 1051 698 aut

257 712 355 740 volens
377 713 483 748 aliquid
511 721 624 741 scrvare
657 722 672 742 e
696 715 780 742 rebus
797 715 874 749 suis,
894 720 923 743 et
941 716 1051 744 auferre

257 755 366 791 secum:
388 764 512 786 moratus
538 763 581 786 est
606 759 708 795 fugam.
729 761 762 788 Et
789 761 926 789 intrantes
955 761 1049 790 hostes

257 803 507 838 apprehenderunt
523 804 612 837 illum,
631 810 659 832 ct
672 806 812 840 captivum
832 807 1007 834 abduxerunt
1020 808 1048 835 in

259 848 474 884 alienigenarum
494 850 623 885 patriam,
644 857 672 879 et
694 851 749 879 illic
766 852 870 880 servire
889 858 1046 888 coegerunt.

258 897 378 926 Videsne
391 898 530 933 quomodo
544 899 655 934 propria
675 907 724 927 sua
739 901 892 933 voluntate,
905 901 940 928 ob
955 909 1044 928 socor-

256 943 343 976 diam,
356 943 529 972 debilitatem
542 950 570 972 et
585 945 762 974 dilectionem
778 947 897 981 aliquam
916 955 1006 974 rerum
1020 948 1046 975 in

256 989 445 1024 captivitatem
465 990 599 1018 reductus
608 991 666 1018 sit?
692 991 821 1019 similiter
832 993 879 1027 qui
894 1000 949 1019 non
971 1001 1049 1020 man-

256 1034 330 1065 datis
351 1036 460 1064 Domini
476 1037 655 1070 obedientes,
672 1045 723 1065 nec
746 1039 853 1072 seipsos
869 1039 1046 1074 abnegantes,

255 1089 312 1109 non
333 1082 423 1110 solum
438 1083 584 1111 Dominum
597 1083 734 1119 diligunt;
756 1084 805 1111 sed
820 1085 938 1112 vinculis
959 1089 1046 1113 terre—

255 1126 362 1155 stribus
385 1127 506 1155 libenter
523 1128 700 1161 detinentur,
717 1130 829 1164 quando
856 1131 964 1158 venerit
976 1131 1047 1166 ignis

255 1176 388 1206 stemus,
407 1173 481 1200 sicut
497 1173 678 1202 invenientur
689 1175 792 1210 captivi
814 1175 960 1208 virtutum,
984 1177 1046 1203 vin-

256 1219 293 1245 cti
306 1223 399 1246 autem
410 1219 497 1254 magis
511 1219 538 1247 in
559 1220 654 1248 mundi
668 1221 818 1249 dilectione
832 1222 1045 1257 immergentur;

255 1268 284 1292 et
303 1265 353 1292 sub
375 1272 498 1292 amarum
514 1272 590 1294 mare
602 1267 733 1301 nequitiae
744 1267 963 1302 prascipitantur.
976 1273 1004 1296 et
1018 1269 1045 1296 in

255 1311 391 1338 servitute
404 1311 633 1347 alienigenarum,
651 1312 678 1340 id
692 1317 734 1340 est
748 1313 898 1348 spirituum
915 1314 1046 1349 nequitia:

255 1357 358 1392 captivi
373 1356 438 1384 facti
452 1361 579 1392 pereunt.
593 1357 622 1385 Si
638 1366 704 1386 vero
721 1359 790 1386 velis
805 1359 962 1387 dilectionis
981 1369 1046 1395 per-

254 1401 334 1429 fectae
343 1401 536 1429 rectitudinem
552 1403 586 1430 ad
604 1403 751 1430 Dominum
768 1411 783 1431 e
803 1405 907 1432 sanctis
920 1409 948 1432 et
960 1413 975 1432 a
990 1406 1045 1433 Deo

255 1446 400 1481 inspiratis
413 1446 564 1482 Scripturis
586 1449 725 1482 ediscere;
743 1449 805 1476 vide
821 1450 883 1482 Job,
906 1451 1046 1485 quomodo

255 1492 351 1519 omnia
379 1493 498 1526 exuerit,
517 1498 548 1520 ut
572 1494 610 1521 ita
627 1494 728 1526 dicam,
747 1503 807 1529 quae
820 1496 993 1530 possidebat;
1015 1497 1046 1523 tl—

1107 257 1153 283 καὶ
1172 257 1201 288 δς
1220 256 1268 291 μὲν
1289 255 1392 292 γυμνὸς
1420 255 1623 290 ἀποδυσάμενος
1651 255 1774 290 είσῆλθεν
1795 257 1824 282 ἐν
1839 258 1895 289 τοῖς

1105 301 1211 332 ὕδασιν,
1230 301 1326 328 ἑαυτὸν
1342 301 1421 336 μόνον
1443 301 1604 336 βουλόμενος
1626 302 1723 335 σῶσαι,
1746 302 1792 329 καὶ
1808 302 1895 335 οὕτως

1106 347 1158 374 ὑπὸ
1179 347 1232 374 τῶν
1259 347 1392 382 κυμάτων
1411 348 1596 382 τυπτόμενος,
1611 348 1661 374 καὶ
1680 347 1784 375 ἄνωθεν
1804 349 1894 375 αὐτῶν

1103 393 1306 428 ἐπικολυμόὦν,
1331 393 1376 420 διὰ
1404 393 1435 419 τὺ
1451 393 1547 420 ἄλυτον
1564 393 1645 420 αὑτὸν
1667 391 1753 427 εἶναι,
1770 394 1893 430 ἠδυνήθη

1103 438 1248 471 διεξελθεῖν
1275 439 1325 475 τὴν
1352 439 1455 474 πικρὰν
1487 439 1634 471 θάλασσαν,
1661 441 1707 466 καὶ
1737 440 1825 472 οὕτως
1844 440 1894 476 τὴν

1103 484 1192 519 ψυχὴν
1209 484 1292 511 αὑτοῦ
1309 485 1534 519 περιεποιήσατο.
1550 477 1648 517 ’Δλλσς
1672 485 1710 518 δέ,
1730 485 1892 520 βουλόμενος

1103 530 1190 557 σῶσαί
1213 539 1240 558 τι
1266 530 1321 558 τῶν
1346 530 1503 565 ἐνδυμάτων
1521 531 1604 558 αὑτοῦ
1632 531 1742 566 ινόμισι
1761 531 1892 559 δύνασθαι

1102 576 1275 612 κολυμσῆσαι
1286 578 1334 604 καί¹
1353 577 1497 610 διεξελθεῖν
1514 578 1562 604 σὺν
1577 577 1701 611 ἐκείνοις,
1719 574 1760 610 οἷς
1773 575 1826 613 ἦρε
1843 579 1892 605 σὺν

1102 623 1202 658 ἑαυτῷ,
1226 623 1273 650 καὶ
1299 623 1369 650 αὐτὰ
1393 624 1486 650 ἐκεῖνα
1500 623 1573 658 ἀπερ
1592 623 1682 656 ἐλαῦε,
1698 624 1891 660 κατεϐάρησαν

1101 670 1192 702 αὑτὸν,
1209 671 1256 697 καὶ
1272 670 1475 697 κατεσάπτισαν
1489 671 1519 698 ἐν
1538 670 1577 706 τῷ
1594 670 1667 706 βυθῷ
1679 670 1728 706 τῆς
1741 670 1889 706 Θαλάσσης,

1101 715 1148 742 καὶ
1168 715 1291 742 ἀπώλετο
1307 715 1340 742 δι’
1353 716 1442 750 ὀλίγον
1463 716 1568 751 κέρδος,
1596 715 1634 751 μὴ
1656 716 1706 751 τὴν
1723 716 1821 743 ἑαυτοῦ
1835 716 1889 751 ψυ-

1100 761 1152 796 χὴν
1185 761 1446 796 περιποιησάμενος.
1471 761 1575 797 Ὁρᾷς,
1603 761 1644 788 ὅτι
1675 761 1732 796 ἰδίῳ
1756 761 1889 796 θελήματι

1100 805 1184 833 αὑτοῦ
1202 806 1381 842 ἐθανατώθη;
1405 807 1488 834 πάλιν
1506 807 1606 834 ὑπόθου
1629 816 1674 842 μοι
1701 808 1787 843 ἀκοὴν
1810 808 1889 835 ἀλλο·

1101 851 1191 886 φύλων
1205 851 1340 887 ἔρχεσθαι.
1355 852 1410 879 Καὶ
1423 852 1452 883 ὃς
1464 853 1513 887 μὲν
1530 852 1589 888 ἃμα
1597 852 1636 888 τῷ
1650 853 1690 888 (7)
1699 851 1813 880 ἀκούσαι
1823 853 1888 888 ἐφυ-

1100 908 1148 934 γεν
1165 901 1275 933 εὐθέως,
1303 903 1339 936 μὴ
1359 901 1576 936 ἀναϐαλλόμενος
1595 901 1675 933 αὐτὸς
1697 902 1800 937 γυμνὸς
1814 901 1889 935 ἐξελ-

1098 946 1162 974 θών.
1188 947 1284 978 Ἀλλος
1300 946 1328 974 δέ
1342 947 1506 980 δυσπιστῶν,
1525 947 1566 973 ὅτι
1591 947 1716 982 ἔρχονται
1738 947 1764 973 οι
1780 946 1887 983 ἐχὸροὶ,

1097 991 1113 1026 ἢ
1131 991 1216 1018 θέλων
1231 991 1292 1018 τινὰ
1307 991 1361 1018 τῶν
1377 991 1449 1018 ίδίων
1464 991 1646 1026 πραγμάτων,
1666 991 1714 1017 καὶ
1726 990 1890 1025 βουλόμενος

1097 1032 1163 1070 ἆραι
1181 1036 1241 1071 μεθ’
1262 1035 1370 1068 ἑαυτοῦ,
1387 1036 1517 1071 ἐῦράδυνε
1536 1037 1642 1071 φυγεῖν.
1664 1035 1720 1062 Καὶ
1729 1035 1889 1066 ἐπελθόντες

1097 1084 1120 1110 οἱ
1149 1083 1274 1118 πολέμιοι
1295 1082 1446 1110 κατέλαϐον
1466 1082 1556 1114 αύτδν,
1577 1082 1624 1108 καὶ
1638 1082 1889 1117 ῂχμαλωτεύσαντο

1097 1130 1137 1161 είς
1165 1129 1214 1164 τὴν
1241 1128 1296 1155 τῶν
1322 1128 1480 1162 ἀλλοφύλων
1507 1128 1635 1164 πατρίδα,
1655 1128 1736 1155 κάκεῖ
1751 1127 1888 1155 δουλεύειν

1097 1174 1319 1208 κατηνάγκασαν,
1343 1172 1434 1208 Ὁρᾷς,
1451 1173 1491 1200 ὅτι
1516 1173 1554 1209 τῷ
1585 1174 1642 1209 ἰδίῳ
1659 1173 1792 1208 θελήματι
1802 1172 1886 1200 αὑτοῦ

1095 1218 1141 1244 διὰ
1152 1218 1287 1253 χαύνωσιν
1303 1217 1350 1244 καὶ
1367 1217 1513 1253 ἀνανδρίαν
1532 1218 1580 1245 καὶ
1596 1218 1707 1252 ἀγάπην
1723 1217 1783 1244 τινὰ
1797 1225 1888 1252 πραγ-

1098 1264 1191 1299 μάτων
1207 1265 1246 1296 εἰς
1264 1266 1312 1300 τὴν
1332 1264 1522 1300 αἰχμαλωσίαν
1542 1263 1702 1299 ἀπηνέχθη;
1724 1262 1826 1298 ὁμοίως
1839 1263 1888 1290 καὶ

1096 1311 1121 1337 οἱ
1134 1309 1173 1346 μὴ
1187 1312 1247 1342 ταῖς
1259 1310 1379 1341 ἐντολαῖς
1397 1309 1444 1336 τοῦ
1462 1309 1564 1345 Κυρίου
1587 1308 1828 1341 ἐξακολουθοῦντας
1841 1308 1889 1336 καὶ

1096 1355 1209 1386 ἑαυτοὺς
1224 1355 1386 1390 ἀρνούμενοι
1405 1356 1452 1382 καὶ
1476 1356 1555 1390 μόνον
1571 1355 1618 1382 τὸν
1638 1355 1740 1390 Κύριον
1756 1354 1888 1389 ἀγαπῶν-

1095 1409 1151 1433 τες,
1183 1401 1250 1428 ἀλλὰ
1276 1402 1386 1436 δεσμοῖς
1409 1401 1514 1436 γηῖνοις
1537 1400 1668 1431 ἑκουσίως
1694 1401 1887 1435 δεσμούμενοι,

1096 1446 1257 1478 ἐπελθόντος
1271 1446 1318 1474 τοῦ
1336 1447 1421 1482 πυρὸς
1436 1446 1483 1473 τοῦ
1503 1446 1622 1479 αἰωνίου,
1640 1446 1679 1478 ὠς
1697 1447 1888 1481 εὑρισκόμενοι

1096 1492 1264 1526 αἰχμάλωτοι
1278 1492 1394 1527 ἀρετῶν,
1424 1492 1608 1527 συνδεδεμένοι
1635 1492 1664 1518 δέ
1690 1492 1791 1527 μᾶλλον
1808 1493 1838 1519 ἐν
1852 1493 1887 1529 τῇ

253 1533 324 1566 lios,
341 1535 463 1572 divitias.
485 1536 635 1570 animalia,
658 1537 774 1566 famulos
800 1543 829 1566 et
852 1540 958 1575 reliqua
983 1549 1043 1575 quae

1096 1537 1190 1573 ἀγάπῃ
1198 1537 1246 1563 τοῦ
1265 1537 1369 1572 κόσμου
1385 1537 1703 1574 καταὸυθ[ισθ]ἠσονται,
1716 1539 1763 1565 καὶ
1771 1538 1824 1565 ὑπὸ
1837 1538 1889 1574 τῆς

253 1579 388 1614 habebat;
404 1581 543 1616 quomodo
557 1582 598 1609 sic
620 1583 741 1611 nudatus
762 1584 891 1620 etl'ugerit
912 1591 940 1614 et
953 1587 1042 1614 salva-

251 1627 322 1654 verit
355 1627 488 1662 seipsum,
515 1635 542 1655 et
574 1628 661 1662 ipsam
685 1629 806 1657 tunicam
834 1631 977 1659 dimittens
1014 1638 1042 1661 et

251 1671 381 1706 injiciens
410 1673 527 1704 Satanae,
541 1673 611 1700 nihil
634 1674 662 1701 in
688 1682 818 1703 sermone
847 1676 1042 1712 blasphemans

251 1724 342 1752 neque
367 1718 450 1745 corde
479 1727 569 1753 neque
593 1719 672 1747 labiis
703 1727 794 1748 coram
832 1722 958 1756 Domino,
992 1724 1040 1751 sed

251 1771 267 1790 ε
289 1767 388 1790 contra
417 1763 559 1791 benedixit
582 1765 733 1793 Dominum
749 1787 756 1798 ,
781 1767 1040 1797 diccns:Dominus

251 1808 333 1841 dedit,
365 1807 493 1836 Dominus
525 1809 651 1843 abstulit;
671 1815 700 1837 ut
721 1811 833 1839 Domino
861 1813 971 1848 placuit,
1001 1815 1040 1842 ita

251 1853 351 1890 luctum
377 1859 432 1889 est,
457 1856 491 1883 sit
511 1865 606 1884 nomen
629 1857 734 1884 Domini
747 1858 911 1887 benedictum
924 1861 956 1888 “.
983 1861 1040 1888 Etsi

251 1901 401 1935 putabatur
422 1902 508 1930 multa
529 1901 690 1937 possidere,
714 1911 730 1930 a
751 1904 868 1932 Domino
896 1907 1038 1940 probatus,

251 1946 342 1981 patuit
368 1946 438 1974 nihil
464 1947 609 1982 possidens
631 1948 683 1976 nisi
714 1949 803 1976 solum
820 1950 916 1977 Deum.
936 1950 1040 1978 Simili-

251 1996 295 2019 ter
317 1991 458 2019 Abraham
483 1993 576 2028 jussus
592 2001 607 2020 a
625 1993 742 2021 Domino
766 1995 862 2030 egredi
876 2002 892 2022 e
908 2000 992 2028 terra,
1009 2001 1037 2024 et

249 2044 266 2063 e
283 2036 396 2069 familia,
424 2042 452 2064 et
471 2045 487 2065 e
503 2038 587 2065 domo
601 2039 687 2073 patris
704 2039 759 2071 sui,
783 2041 928 2072 continuo,
947 2047 978 2068 ut
1000 2041 1038 2069 ita

251 2083 359 2116 dicam,
379 2084 471 2110 omnia
493 2084 579 2116 exuit,
599 2085 726 2119 patriam,
744 2089 858 2119 terram,
874 2087 1038 2120 consangui-

250 2135 328 2159 neos,
347 2132 487 2162 parentes,
509 2133 538 2156 et
557 2129 681 2157 obedivit
694 2129 778 2157 verbo
794 2130 921 2163 Domini;
938 2131 1038 2159 deinde

250 2172 355 2199 interea
377 2172 470 2199 multis
485 2166 694 2207 probationibus
714 2179 742 2201 et
772 2175 971 2203 tentationibus
997 2176 1036 2203 illi

249 2217 484 2252 contingentibus,
501 2218 558 2245 sive
584 2219 694 2253 quando
710 2220 770 2255 ejus
795 2228 864 2247 uxor
879 2221 969 2248 ablata
984 2227 1036 2254 est,

248 2261 306 2292 sive
338 2262 450 2298 quando
471 2263 499 2290 in
528 2268 601 2291 terra
627 2265 715 2292 aliena
743 2265 845 2301 degens
874 2264 1037 2301 injustitiam

249 2316 346 2343 passus
361 2313 419 2339 εει,
431 2317 480 2343 per
494 2310 586 2336 omnia
611 2314 739 2339 ostensus
765 2317 808 2339 CSI.
831 2312 918 2339 Deum
947 2313 1036 2340 solum

248 2360 331 2390 super
354 2355 447 2382 omnia
476 2355 608 2390 diligere;
623 2356 743 2392 denique
755 2365 817 2385 cum
844 2366 895 2393 per
919 2360 1036 2394 promis-

246 2401 354 2428 sionem
378 2404 407 2428 et
443 2405 504 2436 post
533 2402 635 2429 multos
668 2410 756 2431 annos
798 2404 910 2431 unicum
945 2404 1032 2432 ﬁlium

246 2454 329 2482 quem
347 2447 464 2475 multum
482 2447 689 2477 desideraverat
699 2450 822 2484 possedit
833 2471 840 2483 ,
851 2451 945 2486 jussus
960 2451 1035 2480 hunc

245 2493 275 2521 in
284 2493 451 2521 sacriﬁcium
457 2495 575 2522 viriliter
584 2503 634 2530 per
645 2503 674 2523 se
689 2496 842 2529 immolare,
851 2505 955 2525 exuens
962 2498 1032 2534 seip-

245 2547 307 2568 sum
330 2545 358 2567 et
378 2548 442 2568 vere
469 2541 619 2577 abnegans,
640 2542 762 2570 ostendit
777 2543 916 2578 quomodo
933 2549 1034 2580 praeter

245 2586 333 2613 Deum
343 2587 413 2614 nihil
424 2587 498 2615 aliud
507 2588 641 2615 amaverit
651 2595 701 2623 per
710 2589 845 2624 unigeniti
853 2590 1033 2620 oblationem.

246 2632 276 2658 Si
306 2633 381 2660 enim
402 2633 476 2661 hunc
499 2641 631 2669 generose
651 2633 744 2667 exuit,
767 2641 871 2669 quanto
896 2636 991 2671 magis,
1009 2637 1033 2664 si

283 2719 302 2735 "
313 2720 376 2748 Job.
395 2729 414 2754 I,
430 2721 476 2748 9L

1094 1584 1196 1618 πικρᾶς
1213 1583 1351 1617 θαλάσσης
1367 1584 1416 1619 τῆς
1436 1584 1568 1618 πονηρίας
1585 1583 1824 1616 καταὸυθίζονται,
1839 1585 1886 1612 καὶ

1094 1628 1146 1654 ὑπὸ
1160 1627 1210 1663 τῆς
1225 1627 1412 1663 αἰχμαλωσίας
1426 1627 1480 1654 τῶν
1493 1627 1661 1662 ἀλλοφύλων,
1676 1627 1749 1654 τοῦτ’
1761 1627 1818 1654 ἐστι
1833 1628 1889 1656 τῶν

1093 1674 1258 1708 πνευμάτων
1287 1674 1336 1708 τῆς
1357 1673 1490 1709 πονηρίας
1512 1673 1775 1708 αίχμαλωτιζόμενοι
1800 1674 1888 1700 ἀπόλ-

1091 1718 1183 1745 λυνται
1194 1719 1243 1754 (8).
1250 1719 1281 1745 Et
1293 1719 1321 1745 δὲ
1331 1718 1413 1755 βούλῃ
1420 1719 1530 1753 ἀγάπης
1542 1718 1579 1753 (9)
1590 1718 1797 1754 ἀπηρτισμένης
1805 1719 1887 1746 εὐθύς

1091 1773 1161 1799 τητα
1177 1765 1245 1800 πρὸς
1270 1765 1372 1799 Κύριον
1397 1765 1429 1790 ἐκ
1449 1764 1503 1790 τῶν
1518 1763 1604 1797 ἁγίων
1617 1763 1802 1790 θεοπνεύστων
1817 1765 1887 1799 Γρα-

1092 1810 1150 1845 φῶν
1177 1811 1364 1846 καταμαθεῖν,
1392 1810 1430 1837 ῑδε
1456 1809 1502 1836 τὸν
1531 1809 1608 1843 Ἰὼδ,
1636 1810 1695 1842 πῶς
1732 1810 1888 1838 ἀπεδύσατο

1091 1857 1193 1889 πάντα,
1219 1857 1313 1892 ὥσπερ
1332 1857 1430 1889 εἰπεῖν,
1454 1856 1526 1891 ἅπερ
1547 1854 1581 1892 ἦν
1598 1855 1776 1891 κεκτημένος,
1788 1856 1885 1889 τέκνα,

1090 1901 1230 1936 κτήματα,
1256 1901 1325 1933 ζῶα,
1352 1901 1450 1932 παῖδας
1481 1901 1528 1927 καὶ
1552 1900 1585 1927 τὰ
1609 1901 1690 1927 λοιπά
1714 1901 1884 1936 ὑπάρχοντα,

1091 1944 1150 1976 πῶς
1164 1945 1390 1980 ἀπεκδυσάμενος
1405 1945 1501 1979 ἔφυγε,
1516 1945 1563 1972 καὶ
1574 1945 1702 1972 διέσωσεν
1715 1946 1822 1979 ἑαυτὸν,
1837 1947 1885 1973 καὶ

1090 1991 1170 2017 αὐτὸν
1195 1999 1240 2017 τον
1256 1990 1358 2025 χιτῶνα
1381 1989 1460 2025 ἀφεὶς
1476 1991 1523 2017 καὶ
1546 1991 1626 2026 ῥίψας
1642 1992 1681 2027 τῷ
1699 1992 1816 2028 Σατανᾷ,
1835 1992 1883 2020 καὶ

1091 2036 1160 2071 μήτε
1173 2036 1203 2061 ἐν
1217 2035 1289 2070 λόγῳ
1305 2035 1505 2071 βλασφημήσας
1531 2037 1599 2072 μήτε
1611 2037 1644 2072 τῇ
1670 2037 1779 2073 καρδίᾳ,
1814 2039 1882 2073 μήτε

1089 2082 1144 2112 τοῖς
1155 2079 1257 2115 χείλεσι
1272 2080 1458 2116 φθεγξάμενος
1475 2080 1589 2108 ἐνώπιον
1614 2081 1662 2108 τοῦ
1681 2083 1795 2117 Κυρίου,
1814 2083 1882 2111 ἀλλά

1089 2126 1243 2153 τούναντίον
1262 2126 1392 2162 εὐλόγησε
1419 2126 1464 2153 τὸν
1478 2127 1589 2163 Κύριον,
1605 2127 1704 2156 είπών·
1725 2128 1757 2155 ’0
1773 2129 1880 2163 Κύριος

1089 2171 1212 2204 ἔδωκεν,
1228 2173 1245 2199 ό
1256 2172 1363 2206 Κύριος
1373 2172 1526 2207 ἀφείλετο·
1540 2174 1579 2206 ὡς
1594 2173 1634 2206 τῷ
1649 2175 1747 2208 Κυρίῳ
1761 2175 1878 2209 ἔδοξεν,

1054 2206 1078 2236 D
1091 2216 1185 2250 οὕτως
1197 2217 1247 2243 καί
1260 2217 1379 2252 ἐγένετο
1389 2226 1396 2233 ·
1408 2218 1454 2252 εἴη
1467 2219 1499 2245 τὸ
1510 2218 1604 2253 ὄνομα
1621 2206 1736 2253 Κυρίου
1750 2206 1879 2256 εὐλογηλ

1085 2263 1187 2298 μένον,
1203 2264 1263 2290 Κᾶν
1278 2263 1417 2299 ἐνομίζετο
1430 2264 1484 2300 γὰρ
1498 2265 1646 2300 κεκτῆσθαι
1657 2265 1878 2303 πολλά,δοκιμα-

1087 2309 1160 2341 σθεὶς
1171 2309 1223 2336 ὑπὸ
1230 2310 1276 2337 τοῦ
1287 2310 1400 2345 Κυρίου,
1412 2310 1572 2345 ἐφανερώθη
1585 2312 1668 2347 μηδὲν
1682 2314 1849 2348 κεκτημένος
1860 2313 1877 2350 ἢ

1087 2356 1166 2390 μόνον
1185 2356 1230 2382 τὸν
1245 2355 1321 2382 Θεόν.
1341 2355 1457 2390 Ὀμοέως
1471 2356 1485 2382 ὁ
1506 2357 1630 2393 ’Δδραάμ
1647 2358 1802 2391 κελευσθεὶς
1825 2360 1879 2386 ὑπὸ

1084 2402 1131 2429 τοῦ
1140 2403 1242 2438 Κυρίου
1255 2401 1373 2435 ἐξελθεῖν
1385 2402 1417 2428 ἐκ
1425 2402 1474 2437 τῆς
1486 2402 1539 2438 γῆς
1549 2403 1596 2431 καὶ
1608 2406 1640 2431 ἐκ
1654 2404 1704 2438 τῆς
1716 2406 1877 2440 συγγενείας

1088 2448 1137 2474 καὶ
1152 2448 1183 2474 ἐκ
1199 2447 1248 2474 τοῦ
1265 2448 1340 2475 οῐκου
1355 2447 1401 2474 τοῦ
1417 2448 1520 2483 πατρὸς
1537 2448 1629 2482 αὑτοῦ,
1642 2450 1753 2482 εὐθέως,
1781 2450 1876 2488 ὥσπερ

1086 2495 1184 2526 ειπεῖν,
1201 2494 1354 2521 ἀπεδύσατο
1368 2495 1468 2527 πάντα,
1490 2495 1617 2530 πατρίδα,
1643 2497 1705 2530 γῆν,
1722 2499 1874 2532 συγγενεῖς,

1087 2541 1176 2575 γονεῖς
1194 2541 1242 2567 καὶ
1254 2540 1451 2576 ἐξηκολούθησε
1465 2540 1504 2576 τῷ
1529 2541 1601 2577 λόγῳ
1613 2541 1661 2568 τοῦ
1679 2542 1780 2578 Κυρίου
1792 2551 1800 2558 '
1814 2541 1874 2570 εἶτα

1089 2587 1190 2622 μεταξὺ
1201 2586 1306 2613 πολλῶν
1318 2587 1485 2623 δοκιμασιῶν
1502 2588 1547 2614 καὶ
1569 2589 1730 2624 πειρασμῶν
1745 2590 1820 2625 αύτῷ
1837 2598 1876 2624 γι-

1088 2633 1218 2669 νομένων,
1239 2633 1317 2661 τοῦτο
1333 2633 1383 2670 μὲν
1397 2634 1447 2670 τῆς
1461 2633 1591 2667 γυναικὸς
1604 2635 1688 2663 αὐτοῦ
1701 2635 1875 2673 λαμϐανομέ-

897 2798 1013 2827 VARle
1037 2799 1244 2833 LECTIONES.

285 2855 322 2891 (Ἰ)
351 2853 419 2882 Cod.
437 2854 475 2880 τό.
514 2848 559 2890 (8)’
574 2855 642 2885 Cod.
659 2856 841 2885 ἀπόλλωνται.
881 2858 920 2894 (9)
940 2859 1008 2890 Cod.
1028 2862 1148 2900 ἀγάπην.
