2067 3149
163 165 216 198 509

794 163 977 195 HOMILIIE.
992 175 1025 182 ’-
1041 165 1133 196 ΠΟΜ.
1151 164 1184 194 ν.

1737 162 1789 196 [ΛΟ

164 228 225 254 νης,
234 215 313 245 τοῦτο
323 217 352 244 δέ
362 217 408 244 ἐπὶ
418 217 496 253 ξένης
513 218 569 254 (10)
584 218 694 253 διάγων,
709 219 756 246 καὶ
769 219 956 253 ἀδικούμενος,

1011 219 1115 253 reliqua
1151 218 1243 246 omnia
1282 226 1343 254 qua:
1372 219 1531 255 possidebat
1562 219 1656 255 jussus
1691 218 1790 248 fuisset

166 265 213 292 καὶ
238 263 283 290 διὰ
299 263 408 290 πάντων
421 263 603 298 ἀποδειχθεὶς,
618 264 660 291 ὅτι
675 264 741 291 Θεὸν
759 264 838 299 μόνον
854 263 951 298 ἀγαπᾷ

166 309 237 343 ὑπὲρ
264 308 371 335 πάντα’
387 307 500 343 ὕστερον
515 308 576 334 ἐπεὶ
598 309 633 335 δι’
658 309 824 343 ἐπαγγελίας
850 308 897 335 καὶ
917 307 950 334 δι’

166 354 235 381 ἐτῶν
249 353 354 380 πολλῶν
369 353 499 388 μονογενῆ
515 354 572 380 υἱὸν
588 355 659 381 κατὰ
677 354 778 390 πολλὴν
802 353 951 388 ἐπιθυμίαν

166 400 308 434 ἐκτήσατο,
327 399 449 434 αἰτηθεὶς
467 400 561 426 τοῦτον
575 400 616 431 είς
643 400 738 427 Θυσίαν
754 399 902 434 προθύμως
918 399 951 425 δι’

166 446 264 473 ἐαυτοῦ
278 446 433 481 ἀναφέρειν,
457 446 663 481 ἀποδυσάμενος
678 447 772 472 ἑαυτὸν
787 446 834 472 καὶ
845 445 953 480 άληθῶς

167 491 356 526 ἀρνησάμενος
366 498 373 505 ⁸
382 489 507 522 ἀπέδειξε
520 490 583 525 γὰρ,
596 491 636 517 ὅτι
648 491 738 526 παρὲκ
749 491 772 525 (ί
780 490 803 525 l)
812 490 878 516 Θεοῦ
890 489 954 516 ἄλλο

167 543 193 560 τι
205 535 254 560 ούκ
265 534 393 568 ἠγάπησε
401 533 446 560 διὰ
459 535 508 568 τῆς
519 535 565 561 τοῦ
581 534 741 570 μονογενοῦς
757 534 952 569 προσκομιδῑκ.

168 580 199 606 Et
214 579 267 613 γὰρ
283 580 387 605 ἐκεῖνον
404 579 553 614 προθύμως
569 580 732 612 ἀπεδύσατο,
749 580 826 615 πόσῳ
841 579 953 614 μᾶλλον,

168 625 193 651 εί
204 625 239 650 τὰ
251 624 332 650 λοιπὰ
345 624 429 650 αὑτοῦ
444 624 601 659 ὑπάρχοντα
615 625 762 660 ἐκελεύσθη
780 625 886 660 ἐᾶσαιῆ
905 624 955 650 πέ-

169 678 248 705 νησιν
271 670 315 704 ὑφ’
332 669 361 695 ἓν
386 669 535 704 διανεῖμαι,
561 671 678 706 ἑτοίμως
692 670 739 698 καὶ
761 670 908 706 προθύμως
922 670 955 696 ἂν

170 715 297 749 ἐποίησεν
307 716 314 742 l
326 715 406 750 Ὁρᾷς
417 714 527 749 ἀγάπης
542 715 746 751 ἀπηρτισμένης
758 716 791 742 ὲκ
805 715 956 750 θελήματος

171 760 238 796 πρὸς
253 760 355 794 Κύριον
366 760 516 796 εύθύτητα;
532 761 618 793 οὕτως
629 762 675 788 καὶ
685 762 710 787 οἱ
725 761 826 787 τούτων
841 761 958 794 συγκλη-

174 805 282 840 ρονόμοι
309 806 435 839 γενέσθαι
454 806 611 841 βουλόμενοι
627 807 717 842 παρὲκ
729 806 784 840 (12)
798 806 865 832 Θεοῦ
881 807 956 832 οὐδὲν

172 850 326 885 ὀφείλουσιν
353 851 506 886 ἀγαπῆσαι,
530 852 584 886 ἵνα,
599 853 663 879 ὅταν
678 852 874 887 δοκιμασθῶσι,
889 851 956 886 χρή-

1005 263 1165 298 relinquere
1181 283 1189 296 ,
1220 268 1268 291 aut
1296 264 1480 297 privationem
1510 265 1538 292 in
1563 273 1619 292 uno
1646 264 1787 300 experiri.

1004 308 1124 336 libenter
1160 316 1192 336 ac
1228 316 1360 344 generose
1404 310 1526 338 fecisset.
1565 310 1679 338 Videsne
1718 310 1789 338 dile-

1006 353 1105 380 ctionis
1148 353 1278 388 perfectae
1319 363 1352 382 ex
1390 355 1531 382 volutttate
1567 355 1602 382 ad
1643 355 1789 383 Dominum

1006 397 1231 426 rectitudinem?
1270 399 1316 427 Sic
1355 405 1384 426 et
1429 400 1475 434 qui
1511 400 1605 427 talium
1644 401 1791 435 participes

1007 443 1066 470 ﬁeri
1089 443 1187 471 volunt
1209 449 1309 479 praeter
1335 444 1422 471 Deum
1449 444 1517 471 nihil
1537 445 1639 472 debent
1665 446 1789 481 diligere,

1007 493 1054 520 ut,
1084 489 1194 523 quando
1227 489 1440 524 probabuntur,
1473 491 1555 517 utiles
1590 495 1618 517 et
1660 492 1716 525 apti
1746 491 1791 518 in-

1007 533 1164 565 veniantur,
1183 535 1330 569 perfectam
1350 535 1526 563 dilectionem
1546 544 1622 562 suam
1642 536 1674 563 ad
1698 537 1791 563 Domi-

1007 587 1073 606 nutn
1095 585 1297 607 conservantes.
1315 580 1394 608 Tales
1412 588 1499 614 usque
1516 580 1550 607 ad
1568 580 1649 607 tinem
1670 588 1789 615 pugnam

1007 625 1177 659 pertransire
1193 630 1333 660 poterunt,
1346 626 1393 660 qui
1411 633 1426 653 e
1443 626 1583 654 voluntate
1601 626 1685 652 Deutn
1703 627 1791 654 solum

1008 670 1120 697 omnino
1132 670 1297 702 dilexerunt.
1311 675 1339 698 et
1351 672 1386 698 ab
1399 671 1473 698 omni
1490 671 1585 698 mundi
1600 671 1748 698 dilectione
1762 679 1793 698 se

1009 715 1206 743 liberaverunt.
1227 717 1308 744 Pauci
1333 721 1423 744 autem
1446 717 1593 744 admodum
1615 717 1795 744 inveniutttur

1009 763 1056 797 qui
1075 763 1155 790 talem
1173 762 1348 789 dilectionem
1367 763 1530 797 suscipiunt,
1543 767 1571 790 et
1586 770 1683 790 omnes
1699 762 1794 792 mundi

1009 807 1165 841 voluptates
1189 811 1218 834 et
1242 807 1408 842 cupiditates
1433 812 1608 840 aversantur,
1628 813 1656 835 et
1677 808 1795 835 viriliter

1011 851 1232 886 impugnationes
1261 857 1289 878 et
1315 852 1481 879 tentationes
1508 853 1618 888 maligni
1646 853 1792 880 sustinent.

173 903 247 930 σιμοι
262 896 308 921 καὶ
322 895 428 931 δόκιμοι
440 897 584 931 εύρεθῶσι,
599 897 705 923 τελείαν
718 897 767 932 τὴν
780 897 891 932 ἀγάπην
908 897 957 922 αὺ-

1011 896 1104 923 Nonne
1129 897 1220 928 enitn,
1242 897 1371 931 quoniam
1395 898 1474 924 tnulti
1499 897 1597 925 ﬂuvios
1621 902 1795 925 transeuntes

171 940 225 967 τῶν
250 941 318 976 πρὸς
334 940 436 975 Κύριον
454 942 652 974 άποσώζοντες.
671 942 703 968 Ol.
719 941 836 968 τοιοῦτοι
851 940 904 972 ἕως
916 941 956 967 τέ-

170 987 232 1017 λους
256 986 401 1018 διεξελθεῖν
420 987 465 1013 τὸν
482 988 575 1021 ἀγῶνα
599 987 770 1022 δυνήσονται,
789 988 813 1014 οἰ
824 988 856 1013 ἐκ
877 987 957 1020 Bch}

172 1040 258 1067 ματος
271 1032 338 1060 Θεὸν
356 1033 435 1068 μόνον
456 1033 647 1069 ἀγαπήσαντες
667 1034 791 1066 πάντοτε,
806 1033 852 1060 καὶ
867 1033 957 1068 πάσης

171 1079 283 1114 ἀγάπης
297 1080 400 1114 κόσμου
414 1080 527 1112 ἑαυτοὺς
550 1079 704 1111 λελυκότες.
721 1080 821 1114 Ὀλίγοι
850 1079 878 1106 δὲ
896 1079 960 1113 σφό-

171 1124 222 1160 δρα
240 1125 413 1160 εὐρίσκονται
436 1127 460 1152 οἱ
488 1125 617 1160 τοιαύτην
635 1126 747 1164 ἀγάπην
769 1125 959 1158 ἀναλαϐόντες,

172 1171 220 1197 καὶ
251 1171 342 1202 πάσας
368 1172 418 1202 τὰς
440 1171 487 1197 τοῦ
502 1171 609 1206 κόσμου
627 1171 723 1206 ἡδονὰς
750 1172 797 1198 καὶ
815 1170 960 1206 ἐπιθυμίας

171 1215 417 1251 ἀποστρεφόμενοι,
436 1216 484 1242 καὶ
502 1217 685 1251 μακροθύμως
699 1217 748 1248 τὰς
761 1216 960 1248 ἐπαναστάσεις

172 1260 219 1285 καὶ
231 1261 400 1295 πειρασμοὺς
427 1260 474 1287 τοῦ
488 1261 607 1295 πονηροῦ
621 1261 818 1295 ὑπομένοντες·
839 1260 878 1295 μὴ
893 1260 958 1296 γὰρ,

172 1305 266 1339 ἐπειδὴ
284 1305 375 1331 πολλοὶ
391 1306 529 1340 ποταμοὺς
543 1305 743 1340 παρερχόμενοι
755 1305 958 1340 παρασύρονται

172 1348 224 1376 ὑπὸ
240 1350 295 1376 τῶν
312 1350 426 1384 ὑδάτων,
443 1352 492 1378 οὐκ
506 1352 575 1377 εἰσὶν
591 1352 615 1378 οἱ
634 1351 816 1387 διαπερῶντες
839 1352 902 1383 τοὺς
916 1351 958 1378 θο-

172 1396 268 1431 λεροὺς
280 1398 418 1432 ποταμοὺς
432 1398 486 1424 τῶν
501 1397 547 1424 τοῦ
565 1398 671 1432 κόσμου
693 1397 846 1433 ἐπιθυμιῶν
858 1406 958 1424 παντο-

172 1441 276 1473 δαπῶν,
290 1442 337 1468 καὶ
348 1443 477 1470 ποικίλων
491 1443 651 1478 πειρασμῶν
664 1442 718 1469 τῶν
732 1444 896 1478 πνευμάτων
910 1443 960 1478 τῆς

173 1488 306 1522 πονηρίας
316 1496 324 1520 ;
338 1489 386 1514 καὶ
399 1489 493 1524 ἐπειδὴ
505 1489 590 1515 πολλὰ
599 1489 680 1515 πλοῖα
691 1489 721 1515 ἐν
730 1490 762 1524 τῇ
771 1488 893 1524 θαλάσσῃ
906 1497 958 1515 κα-

173 1532 332 1567 λυπτόμενα
356 1533 409 1559 ὑπὸ
433 1534 488 1560 τῶν
514 1534 644 1569 κυμάτων
671 1534 820 1570 βυθίζεται,
846 1536 896 1562 οὐκ
909 1535 962 1561 εἰσὶ

173 1577 367 1613 διαπερῶντα,
393 1580 440 1606 καὶ
457 1580 550 1607 ἐπάνω
574 1580 628 1607 τῶν
649 1581 781 1616 κυμάτων
796 1581 960 1612 διοδεύοντα,

176 1624 223 1650 καὶ
243 1625 283 1655 είς
306 1625 402 1660 λιμένα
427 1627 539 1661 εἰρήνης
563 1627 787 1662 καταντήσαντας
811 1626 855 1653 διὰ
884 1626 962 1652 τοῦτο

175 1670 293 1701 πίστεως
308 1671 409 1706 πολλῆς
436 1672 483 1698 καὶ
499 1672 694 1707 μακροθυμίας
718 1672 767 1698 καὶ
787 1672 891 1706 ἀγῶνος
916 1672 963 1698 καὶ

175 1716 314 1751 ὑπομονῆς
338 1718 386 1744 καὶ
409 1718 497 1744 πόνων
526 1718 575 1744 καὶ
596 1719 692 1752 πείνης
719 1718 767 1744 καὶ
782 1717 861 1752 δίψης
878 1719 917 1749 είς
932 1718 963 1744 τὸ

176 1763 278 1796 ἀγαθὸν
295 1764 342 1789 καὶ
355 1763 484 1797 ὀξύτητος
511 1765 558 1790 καὶ
576 1763 713 1795 ἀναιδείας
737 1764 784 1790 καὶ
800 1764 963 1799 διακρίσεως

176 1809 223 1834 καὶ
246 1808 381 1839 συνέσεως
400 1809 515 1836 πάντοτε
532 1809 626 1844 χρεία-
641 1809 664 1834 ot
682 1809 737 1844 γάρ
767 1809 888 1836 πλεῖστοι
908 1810 962 1836 τῶν

176 1853 327 1888 ἀνθρώπιον
335 1854 398 1880 ἄνευ
408 1862 441 1879 κα
448 1854 540 1888 μάτων
549 1854 596 1880 καὶ
603 1854 716 1888 ἀγώνων
723 1855 768 1880 καὶ
778 1854 896 1889 ἱδρώτων
905 1855 964 1880 ἐπι-

176 1899 267 1932 τυχεῖν
278 1898 415 1932 βασιλείας
430 1898 568 1932 βούλονται
584 1899 639 1933 (l3)
652 1907 658 1913 '
671 1899 739 1934 ὅπερ
753 1899 883 1925 ἀδύνατόν
894 1899 962 1926 ἐστι.

175 1939 282 1977 ’Ὥσπερ
297 1940 343 1968 οὖν
358 1943 386 1968 ἐν
400 1943 494 1978 κόσμῳ
508 1944 673 1979 ἀπέρχονταί
698 1953 769 1976 τινες
784 1944 879 1980 ἄνδρες
896 1944 963 1979 πρός

175 1995 237 2013 τινα
247 1987 375 2013 πλούσιον
390 1989 559 2023 ἐργάσασθαι
572 1990 612 2020 είς
627 1989 705 2025 θέρος
723 1989 738 2025 ἢ
757 1990 797 2021 είς
809 1989 902 2025 ἕτερον
917 1989 963 2025 Ερ-

176 2041 234 2066 γον,
256 2033 330 2064 ὅπως
350 2036 525 2070 πορίσωνται,
550 2035 568 2061 ἃ
595 2035 741 2071 χρῄζουσιν
755 2036 828 2070 ἔχειν
850 2037 890 2067 εἰς
915 2035 964 2069 τὴν

176 2078 323 2114 διατροφὴν
351 2080 453 2106 αύτῶψ
479 2081 533 2107 εἰσὶ
555 2081 583 2107 δέ
598 2091 669 2112 τινες
700 2083 728 2108 ἐν
745 2082 837 2113 αὐτοῖς
853 2080 964 2116 ὀκνηροὶ

176 2125 223 2151 καὶ
237 2125 327 2160 ἀργοὶ,
342 2126 379 2161 μὴ
391 2127 541 2161 κάμνοντες
552 2127 580 2153 δὲ
594 2127 692 2159 οὕτως,
704 2129 773 2162 μήτε
789 2127 963 2162 ἁρμοζόντως

176 2170 377 2204 ἐργαζόμενοι·
403 2168 475 2198 οὗτοι
496 2173 579 2206 μηδὲν
607 2173 797 2205 κοπιάσαντες,
828 2174 897 2208 μήτε
913 2181 963 2198 κα-

178 2215 273 2251 μόντες
296 2217 336 2247 είς
364 2216 410 2243 τὸν
429 2215 502 2244 οἶκον
525 2218 571 2244 τοῦ
592 2218 730 2251 πλουσίου,
750 2218 889 2253 βούλονται
917 2218 962 2243 τὸν

178 2262 273 2296 μισθὸν
287 2262 315 2295 ἐξ
333 2263 390 2289 ἴσου
419 2264 512 2290 λαϐεῖν
526 2266 582 2296 τοῖς
602 2265 732 2299 ἀνδρείως
755 2265 803 2290 καὶ
819 2264 900 2296 ὀξέως
916 2263 963 2290 καὶ

176 2307 224 2345 ὅλῃ
237 2309 326 2334 αὐτῶν
347 2309 481 2344 καμοῦσιν
510 2310 592 2345 ἰσχύϊ,
609 2310 645 2342 ὡς
661 2311 712 2345 ἤδη
735 2310 765 2336 τὸ
781 2309 870 2335 αὐτῶν
884 2310 963 2343 ἔργον

176 2356 357 2388 πεποιηκότες
368 2363 375 2370 ·
387 2354 432 2381 τὸν
447 2355 527 2381 αὐτὴν
541 2356 640 2391 τρόπον
654 2355 722 2381 ἐπὰν
736 2355 962 2389 ἀναγινώσκομεν

176 2398 225 2429 τὰς
239 2399 358 2434 Γραφὰς,
371 2400 429 2432 πῶς
442 2401 456 2427 ὁ
468 2401 541 2427 δεῖνα
549 2402 651 2433 δίκαιος
665 2401 832 2436 εύηρέττησε
845 2401 883 2436 τῷ
894 2400 963 2436 Θεῷ,

177 2444 235 2476 πῶς
250 2446 327 2479 φίλος
343 2446 388 2473 καὶ
404 2447 546 2481 συνόμιλος
559 2446 625 2473 Θεοῦ
640 2447 747 2481 γέγονε,
762 2446 810 2473 καὶ
827 2446 926 2477 πάντες
935 2446 963 2472 δὲ

176 2489 201 2515 cl
217 2490 335 2524 πατέρες
351 2491 410 2522 πῶς
423 2492 493 2525 φίλοι
507 2492 553 2517 καὶ
566 2492 729 2526 κληρονόμοι
746 2491 813 2518 Θεοῦ
824 2491 960 2525 γεγόνασι,

177 2534 262 2567 πόσας
286 2536 389 2571 θλίψεις
407 2538 640 2572 ὑπέμειναν,πόσα
656 2537 700 2564 διὰ
710 2537 754 2564 τὸν
771 2538 837 2564 Θεὸν
853 2537 962 2567 ἔπαθον,

179 2579 248 2605 πόσα
263 2581 474 2616 ἡνδρσιγάθησαν
501 2582 548 2608 καὶ
570 2582 748 2616 ἠγωνίσαντο,
776 2581 964 2616 μακαρίζομεν

177 2625 285 2658 αὐτοὺς.
300 2627 411 2654 καὶτῶν
425 2628 489 2654 ἴσων
510 2628 600 2660 αὐτοῖς
617 2628 726 2664 δωρεῶν
742 2629 788 2654 καὶ
802 2627 964 2662 ἀξιωμάτων

176 2673 267 2706 τυχεῖν
282 2672 442 2709 βουλόμεθα,
455 2675 501 2701 καὶ
512 2674 700 2703 ἐπιθυμοῦμεν
713 2674 860 2710 προθύμως
872 2673 964 2700 λαϐεῖν

1009 941 1089 976 aquis
1115 941 1304 975 abripiuntur,
1331 945 1396 968 sunt
1423 942 1470 976 qui
1499 946 1643 969 transeunt
1670 942 1796 970 turbidos

1009 986 1109 1013 ﬂuvios
1123 986 1322 1013 muttdanarum
1341 986 1522 1020 cupiditatum
1541 991 1595 1013 tam
1622 987 1794 1014 diversarum

1010 1031 1202 1065 variarumque
1219 1031 1402 1058 tentationum
1422 1031 1569 1066 spirituum
1592 1032 1738 1067 nequitiae?
1757 1039 1795 1065 et,

1009 1077 1139 1111 quoniam
1152 1077 1238 1104 multa
1248 1077 1357 1112 navigia
1371 1077 1399 1104 in
1412 1077 1481 1104 mari
1497 1078 1656 1106 abscondita
1668 1078 1797 1106 ﬂuetibus

1010 1124 1221 1159 itnmerguntur,
1235 1132 1326 1152 nonne
1348 1129 1414 1152 sunt
1431 1125 1478 1159 qui
1497 1133 1572 1152 mare
1593 1130 1796 1160 pertranseunt,

1011 1169 1058 1204 qui
1074 1169 1101 1196 in
1116 1169 1243 1197 tluctibus
1261 1170 1424 1205 procedunt,
1440 1175 1468 1198 et
1484 1171 1510 1197 in
1529 1176 1638 1206 portum
1656 1171 1732 1206 pacis
1747 1170 1796 1198 de-

1011 1215 1143 1242 veniunt?
1155 1215 1289 1249 Quocirca
1305 1216 1389 1242 tnulta
1402 1216 1455 1244 lide
1470 1221 1497 1244 et
1510 1216 1681 1249 fortitudine,
1695 1224 1796 1251 pugna,

1011 1261 1153 1296 patientia,
1166 1261 1318 1293 laboribus,
1334 1261 1404 1288 fame
1418 1267 1446 1288 et
1460 1261 1504 1289 siti
1520 1261 1553 1288 ad
1570 1262 1684 1293 bonum.
1700 1261 1797 1288 alacri-

1014 1313 1078 1341 tate.
1093 1309 1308 1344 perseverantia,
1319 1309 1424 1344 judicio
1439 1314 1466 1336 et
1488 1309 1635 1336 reﬂexione
1649 1309 1797 1336 admodum

1014 1362 1084 1388 opus
1102 1358 1153 1381 est.
1168 1355 1295 1389 Plerique
1311 1355 1384 1381 enim
1400 1354 1526 1382 homines
1542 1354 1599 1381 sine
1614 1353 1757 1381 laboribus
1770 1359 1798 1381 et

1015 1401 1113 1436 pugnis
1129 1405 1156 1428 et
1170 1401 1319 1428 sudoribus
1334 1408 1448 1435 regnum
1466 1400 1592 1428 obtinere
1608 1400 1713 1432 volunt,
1725 1399 1798 1434 quod

1015 1447 1184 1482 impossibile
1201 1451 1252 1474 est.
1267 1446 1302 1474 Ut
1315 1447 1398 1481 igitur
1410 1446 1437 1473 in
1456 1446 1558 1472 mundo
1575 1450 1677 1473 exeunt
1687 1445 1799 1480 quidant

1012 1493 1066 1519 viri
1077 1492 1111 1519 ad
1124 1492 1244 1527 aliquem
1258 1492 1381 1522 divitem.
1395 1495 1425 1518 ut
1437 1491 1563 1518 laborent
1575 1490 1609 1517 ad
1622 1498 1738 1518 messem
1752 1493 1801 1517 aut

1014 1539 1050 1566 ad
1066 1538 1139 1565 aliud
1157 1545 1236 1572 opus,
1251 1545 1306 1572 quo
1323 1537 1512 1572 procurabunt
1527 1545 1588 1571 quae
1605 1536 1658 1564 sibi
1675 1543 1802 1563 necessa-

1013 1585 1053 1612 ria
1071 1588 1136 1611 sunt
1150 1584 1184 1611 ad
1199 1591 1281 1610 suum
1296 1583 1399 1610 victum
1415 1582 1573 1610 habendum
1593 1591 1598 1608 :
1616 1586 1681 1609 sunt
1695 1589 1728 1609 cx
1747 1580 1802 1608 illis

1013 1629 1124 1664 quidam
1148 1629 1216 1664 pigri
1239 1633 1267 1656 et
1288 1628 1431 1660 vecordes,
1447 1631 1475 1655 et
1496 1629 1532 1654 ita
1557 1635 1612 1665 non
1633 1626 1800 1658 laborantes,

1013 1681 1103 1709 neque
1117 1674 1284 1701 conveniens
1296 1681 1367 1708 opus
1379 1676 1554 1705 exercentes;
1572 1671 1615 1699 isti
1630 1679 1684 1698 tton
1696 1671 1801 1706 fatigati

1014 1727 1104 1753 neque
1124 1719 1280 1746 laborantes
1295 1718 1322 1746 in
1340 1718 1435 1745 divitis
1449 1717 1548 1745 domus
1563 1717 1693 1752 gratiam,
1706 1717 1803 1744 volunt

1014 1764 1169 1792 mercedem
1184 1763 1316 1798 aiqnalem
1332 1763 1457 1797 accipere
1473 1762 1527 1789 illis
1543 1761 1589 1796 qui
1605 1761 1732 1793 viriliter,
1746 1761 1800 1788 ala-

1015 1810 1098 1837 criter
1121 1814 1149 1836 et
1171 1809 1300 1835 ontttibus
1322 1808 1429 1834 viribus
1452 1807 1656 1838 laboraverunt,
1673 1810 1801 1840 tanquam

1015 1855 1123 1882 illorum
1147 1862 1216 1888 opus
1236 1853 1290 1888 jam
1317 1853 1456 1880 fecissent.
1476 1852 1538 1879 Pari
1570 1851 1661 1882 modo.
1692 1851 1802 1885 quando

1014 1898 1173 1934 legitnus‘in
1193 1897 1354 1933 Scripturis,
1367 1897 1506 1932 quomodo
1524 1897 1575 1923 iste
1591 1897 1682 1930 justus
1698 1896 1802 1930 placuit

1014 1944 1086 1976 Deo,
1102 1942 1239 1977 quomodo
1260 1943 1365 1970 amicus
1382 1947 1409 1969 et
1426 1942 1631 1968 contubernalis
1649 1941 1697 1967 Dei
1714 1941 1802 1967 faelus

1014 1993 1066 2020 est,
1082 1993 1110 2015 et
1127 1996 1222 2015 omnes
1242 1994 1333 2022 patres
1353 1987 1491 2022 quomodo
1513 1987 1592 2014 amici
1613 1991 1640 2013 et
1656 1986 1802 2021 participes

1014 2035 1062 2061 Dei
1089 2034 1152 2061 facti
1179 2038 1257 2066 sunt,
1275 2038 1391 2069 qualitas
1416 2040 1551 2060 aerumnas
1575 2032 1698 2066 perpessi
1722 2036 1800 2062 sunt.

1015 2084 1117 2114 quanta
1133 2084 1246 2115 propter
1262 2080 1346 2107 Deum
1363 2079 1565 2110 sustinuerunt,
1578 2083 1678 2112 quanta
1695 2077 1803 2104 fortitu-

1015 2126 1078 2153 dine
1094 2125 1189 2152 luctati
1206 2129 1270 2151 suttt
1284 2129 1310 2151 et
1325 2127 1528 2158 pugnaverunt,
1544 2123 1604 2150 illos
1619 2123 1800 2158 gratulantur,

1014 2175 1042 2198 et
1053 2170 1172 2205 mquales
1188 2169 1242 2196 illis
1257 2172 1397 2196 mercedes
1407 2174 1435 2197 et
1447 2176 1569 2196 notiores
1586 2167 1710 2194 obtinere
1725 2167 1802 2194 voln-

1016 2223 1093 2248 mus,
1113 2220 1141 2242 ct
1164 2215 1290 2250 cupimus
1317 2217 1448 2242 ardenter
1469 2214 1594 2248 accipere
1623 2213 1723 2248 inclyta
1750 2212 1801 2240 ista

1016 2261 1097 2292 dona,
1107 2260 1267 2287 omittentes
1279 2261 1388 2287 illortttn
1400 2260 1520 2291 labores,
1531 2266 1645 2293 pugnas,
1662 2265 1800 2284 :erumnas

1013 2311 1041 2332 et
1055 2306 1209 2338 cruciatus;
1223 2310 1251 2333 et
1267 2306 1374 2332 illorutn
1391 2305 1521 2335 honores,
1535 2308 1562 2330 et
1574 2303 1729 2338 dignitates,
1742 2309 1802 2336 qua:

1014 2359 1029 2378 a
1054 2352 1110 2378 Deo
1135 2351 1331 2386 possederunt,
1355 2350 1485 2377 ardenter
1509 2349 1633 2375 obtittere
1656 2347 1799 2378 volumus,

1012 2399 1122 2427 labores
1142 2403 1234 2426 autem
1261 2403 1289 2425 et
1307 2406 1412 2433 pugnas
1431 2405 1527 2425 eorum
1547 2404 1606 2428 non,
1624 2394 1799 2429 suscipimus.

1016 2445 1082 2471 Dico
1096 2452 1161 2471 vero
1178 2444 1226 2471 tibi
1255 2444 1307 2471 hoc
1322 2452 1403 2470 onttte
1419 2444 1557 2470 hominem
1574 2449 1674 2476 cupere
1690 2445 1718 2467 et
1731 2439 1801 2466 velle

1016 2490 1098 2518 etiatn
1120 2489 1287 2521 meretrices,
1304 2489 1464 2524 publicanos
1482 2492 1510 2514 et
1527 2487 1653 2513 homines
1673 2485 1799 2520 injustos,

1011 2535 1092 2562 facile
1120 2534 1227 2561 scilicet
1249 2533 1308 2560 sine
1335 2532 1476 2559 laboribus
1500 2535 1528 2558 et
1552 2530 1651 2565 pugnis
1676 2528 1801 2555 obtinere

1013 2589 1142 2617 regnum;
1164 2581 1211 2608 scd
1232 2585 1344 2616 propter
1361 2580 1413 2606 ltoc
1430 2579 1456 2605 in
1476 2578 1566 2605 medio
1582 2581 1694 2604 manent
1712 2578 1801 2601 tenta-

1013 2631 1112 2663 tiones,
1124 2635 1150 2657 et
1164 2630 1341 2664 probationes
1356 2627 1458 2658 multae,
1467 2631 1495 2653 ct
1505 2632 1643 2657 arrunmze,
1653 2628 1680 2651 et
1692 2630 1799 2658 pugnas,

1013 2679 1040 2702 et
1054 2674 1181 2706 sudores,
1198 2678 1227 2701 ut
1242 2673 1315 2700 clare
1332 2675 1481 2699 noscantur
1496 2670 1607 2704 quinam
1625 2669 1652 2696 in
1669 2667 1801 2701 veritate.

823 2775 941 2803 VARI/ﬁ
955 2774 1157 2805 LECTIONES.

219 2851 272 2888 (10)
284 2851 339 2880 Sic.
355 2853 416 2882 cod.
455 2855 510 2889 (ll)
528 2853 596 2882 Cod.
615 2853 712 2889 πάρεξ.
752 2853 807 2889 (l2)
821 2853 888 2882 Cod.
907 2853 1003 2889 πάρεξ.
1043 2852 1098 2889 (15)
1114 2850 1184 2880 Cod.
1202 2849 1360 2885 βούλωνται.
