2070 3152
272 180 323 215 fill

905 182 935 212 S.
955 181 1117 211 MACARII
1137 179 1299 211 tEGYPTII

1852 177 1905 210 5l2

273 246 362 275 usque
377 238 410 267 ad
426 241 542 268 mortem
559 238 784 274 progredientes,
801 246 863 266 eum
881 239 958 267 omni
974 239 1065 266 inten-

1121 237 1149 264 τὰ
1169 237 1263 269 ἔνδοξα
1286 237 1381 264 ἐκεῖνα
1396 237 1565 272 χαρίσματα,
1587 236 1798 269 ὕπερὸαίνοντες
1812 235 1906 261 αὐτῶν

273 284 349 311 tione
361 287 389 310 et
401 283 505 311 virtute
517 283 666 311 Dominum
683 284 772 312 solum
787 283 944 316 dilexerint,
955 288 983 311 et
996 283 1065 311 nihil

273 328 350 355 aliud
372 328 585 355 desiderandum
610 336 673 356 cum
694 329 769 357 illius
789 336 883 356 amore
906 328 1063 356 habuerint.

274 375 340 403 Ideo
359 375 433 410 juste
459 374 486 401 in
508 382 624 410 regnum
646 375 778 403 caelorum
802 375 997 410 ingrediuntur
1017 375 1065 409 qui

274 421 381 455 scipsos
396 420 605 455 abnegaverunt
616 421 767 448 secundum
780 420 888 448 Domini
900 421 1027 452 verbum,
1038 425 1066 448 et

274 473 324 501 per
342 467 481 501 propriam
499 466 670 494 voluntatem
688 467 836 494 Dominum
856 467 943 494 solum
961 467 1065 493 dilexe-

275 517 360 545 runt;
384 513 447 540 ideo
468 513 583 539 summis
594 513 755 540 cmlestibus
776 513 856 540 donis
875 513 910 540 ob
931 520 1066 540 summam

275 564 353 584 suam
367 556 544 584 dilectionem
560 557 823 584 remunerabuntur.
838 558 905 585 Nam
923 557 951 584 in
967 565 1067 584 aerum-

275 602 329 635 nis,
343 601 525 635 cruciatibus,
537 603 679 637 patientia,
691 606 720 630 et
735 603 788 630 ﬁde
803 603 890 630 latent
905 603 1066 637 promissio-

276 655 337 681 ncs,
349 647 446 682 gloria,
459 647 596 674 bonorum
610 648 762 675 caelestium
776 647 922 683 possessio,
936 653 1065 682 tanquam

277 694 304 721 in
321 694 426 721 semine
441 693 514 729 quod
532 694 559 720 in
576 698 676 721 terram
690 695 793 729 jactum
809 699 852 722 est
866 694 972 722 fructus
987 695 1065 728 latet,

275 743 325 767 aut
336 738 364 765 in
377 739 475 766 arbore
490 738 578 773 spinis
593 738 765 766 circumdato
777 744 806 767 et
819 739 892 767 inter
904 745 1065 774 corruptum

275 789 304 813 et
327 785 446 821 ignobile
467 789 574 813 stercus
595 789 747 814 crescente.
766 785 801 813 Et
823 790 889 813 tunc
909 785 1066 813 vestimenti

276 831 452 866 dignitatem,
471 834 500 858 et
529 830 661 865 gloriam,
685 835 713 858 et
741 830 919 866 multiplicem
948 830 1066 857 fructum

276 876 458 903 ostendentur
471 875 584 908 habere,
595 880 627 902 ut
640 875 708 903 dicit
723 875 870 910 Apostolus
885 884 892 902 :
908 875 958 903 Per
970 875 1066 902 multa:

1115 282 1179 313 τοὺς
1209 280 1318 313 πόνους,
1336 282 1383 308 καὶ
1398 283 1517 316 ἀγῶνας,
1541 282 1588 308 καὶ
1605 282 1655 313 τὰς
1676 281 1791 316 θλίψεις,
1811 280 1858 308 καὶ
1870 280 1908 307 τὰ

1116 327 1281 362 παθήματα,
1301 327 1348 353 καὶ
1373 327 1423 359 τὰς
1437 327 1486 362 μὲν
1501 328 1583 362 τιμὰς
1603 327 1704 359 αὐτῶν,
1720 327 1768 353 καὶ
1783 327 1817 353 τὰ
1828 323 1908 358 ἀξιώ-

1118 382 1202 408 ματα,
1219 370 1263 399 οἷα
1277 373 1331 400 ἀπὸ
1363 373 1429 400 Θεοῦ
1457 374 1616 408 κέκτηνται,
1642 371 1790 407 προθύμως
1813 371 1907 398 λαϐεῖν

1116 418 1241 452 θέλομεν,
1257 419 1320 450 τοὺς
1338 418 1366 445 δὲ
1390 419 1529 452 καμάτους
1546 417 1593 444 καὶ
1617 418 1716 448 πόνους
1736 417 1783 443 καὶ
1797 417 1907 450 ἀγῶνας

1116 462 1207 488 αὐτῶν
1220 463 1249 488 οὺ
1269 463 1484 497 καταδεχόμεθα.
1500 463 1579 496 Λέγω
1590 462 1619 488 δέ
1633 471 1684 494 σοι,
1700 463 1741 488 ὅτι
1757 461 1836 487 τοῦτο
1851 462 1907 493 πᾶς

1116 517 1158 540 τις
1176 508 1319 543 ἄνθρωπος
1335 508 1466 543 ἐπιθυμεῖ
1483 508 1531 535 xui.
1555 508 1637 539 θέλει,
1664 509 1710 534 καὶ
1728 507 1827 543 πόρναι
1857 508 1907 534 καὶ

1117 553 1233 580 τελῶναι
1252 554 1300 580 καὶ
1317 554 1563 589 άδικοιάνθρωποι,
1579 554 1697 585 εὐκόλως
1722 555 1787 581 ἄνευ
1811 553 1907 580 κόπων

1117 601 1164 628 καὶ
1177 601 1290 634 ἀγώνων
1299 601 1391 635 τυχεῖν
1401 599 1539 634 βασιλείας
1551 607 1557 614 ·
1567 598 1635 625 ἀλλά
1645 598 1690 625 διὰ
1701 599 1780 625 τοῦτο
1792 599 1822 624 ὲν
1829 598 1908 632 μέσῳ

1117 646 1276 682 πειρασμοὶ,
1291 646 1338 672 καὶ
1350 645 1508 680 δοκιμασίαι
1532 644 1638 674 πολλαὶ.
1654 643 1702 670 καὶ
1727 643 1842 678 θλίψεις,
1857 643 1907 669 καὶ

1116 692 1232 726 ἀγῶνες,
1249 691 1296 718 καὶ
1313 691 1423 726 ἱδρῶτες
1436 690 1659 726 πρόκεινται,ῖνα
1669 690 1781 724 φανεροὶ
1800 689 1908 722 γένων-

1115 747 1172 769 ται.
1206 737 1278 769 τίνες
1303 737 1332 770 ἐξ
1357 737 1488 772 ἀληθείας
1516 736 1567 768 ἕως
1588 736 1703 763 Θανάτου
1727 735 1850 766 ἐλθόντες
1875 733 1908 766 ἐξ

1115 784 1180 818 ὅλης
1195 786 1382 819 προαιρέσεως
1409 782 1611 817 καὶδυνάμεως
1631 782 1678 808 τὸν
1704 780 1806 816 Κύριον
1825 780 1908 815 μόνον

1117 829 1274 864 ἠγάπησαν,
1287 830 1335 856 καὶ
1347 829 1423 856 οὐδὲν
1434 829 1528 864 ἕτερον
1539 830 1587 856 σὺν
1595 830 1629 864 τῇ
1643 828 1710 863 πρὸς
1722 827 1802 854 αὐτὸν
1811 826 1908 862 ἀγάπῃ

1120 876 1301 912 περιπόθητον
1315 876 1404 911 ἔσχον.
1416 876 1462 902 Διδ
1473 876 1520 902 καὶ
1534 875 1648 907 δικαίως
1658 876 1698 906 εἰς
1706 874 1755 909 τὴν
1767 873 1908 909 βασιλείαν

276 921 459 949 tribulatione:
469 925 570 957 oportet
580 930 626 948 nos
633 922 735 948 intrare
742 922 768 948 in
778 929 888 956 rcgan
895 921 1020 948 caelorum
1029 923 1066 955 ⁶’;

1121 907 1174 948 των
1185 907 1308 957 οὐρανῶν
1318 907 1499 957 εἰσέρχονται,
1514 922 1699 957 ἀρνησάμενοι
1714 907 1827 951 ἑαυτοὺς
1835 919 1909 946 κατά

275 973 304 995 et
316 968 450 995 Dominus
465 974 473 994 :
491 967 523 994 In
539 968 667 1002 patientia
684 970 770 993 uestra
786 966 949 1002 possidebitia
964 967 1068 994 anilitas

276 1020 376 1042 uestras
386 1015 426 1047 ";
440 1019 467 1042 et
477 1022 574 1041 rursus
583 1014 628 1042 εἴη
638 1013 734 1040 mundo
740 1021 890 1049 pressura":
901 1013 1026 1040 habcbttis
1035 1013 1068 1041 “.

277 1061 383 1088 Labore
402 1061 487 1092 enim,
503 1064 531 1087 et
550 1060 693 1095 patientia,
711 1063 738 1086 et
758 1059 924 1087 abstinentia
946 1064 974 1086 et
994 1059 1068 1086 omni

277 1106 525 1140 circumspectione
541 1112 611 1139 opus
625 1108 682 1137 est;
696 1108 725 1131 et
738 1104 888 1136 alacritate,
901 1110 929 1132 et
944 1112 1070 1139 persevc—

278 1151 366 1178 rantia
391 1151 418 1177 in
444 1150 569 1177 oratione
590 1149 623 1177 ad
647 1150 807 1182 Dominum,
827 1155 857 1177 ut
880 1150 967 1184 pnssit
987 1151 1069 1178 homo

277 1195 445 1230 pertransire
459 1195 631 1222 terrestrium
644 1192 821 1229 cupiditates,
835 1195 950 1229 laqueos
966 1199 994 1222 ct
1010 1194 1070 1222 ille-

277 1241 374 1268 cebras
385 1241 570 1275 voluptatum,
584 1245 612 1268 et
627 1239 722 1267 mundi
740 1243 927 1274 tempestates,
942 1244 971 1267 et
986 1240 1070 1267 malo-

276 1295 338 1314 rum
352 1287 499 1322 spirituum
515 1286 737 1322 impugnationes
749 1286 883 1318 devitarc,
896 1290 924 1313 ct
937 1286 1005 1314 bene
1021 1294 1071 1313 no-

277 1339 354 1359 scere
373 1332 447 1365 quali
464 1331 606 1366 vigilantia
621 1335 650 1358 et
667 1331 772 1366 impetu
790 1331 853 1358 ﬁdei
870 1335 898 1358 et
914 1331 1071 1359 dilectionis

276 1376 363 1403 sancti
378 1376 518 1403 caelestem
532 1376 701 1408 thesaurum,
712 1376 739 1403 id
751 1380 804 1408 est,
814 1376 928 1411 spiritus
940 1377 1069 1404 virtutem

277 1421 306 1448 in
331 1420 390 1447 suis
414 1421 561 1448 animabus
586 1425 614 1448 et
636 1421 706 1448 cmlo
729 1421 905 1456 possideant;
931 1422 1004 1456 quod
1028 1427 1071 1450 est

277 1466 356 1501 quasi
377 1467 467 1493 arrha:
485 1466 562 1501 regni
583 1466 713 1494 emlestis.
728 1467 797 1494 Nam
817 1467 914 1494 beatus
930 1467 1071 1501 apostolus

277 1511 381 1538 Paulus
395 1511 429 1538 de
445 1511 498 1538 hoc
510 1511 615 1539 caelesti
632 1512 773 1543 thesauro,
790 1511 817 1538 id
838 1516 891 1545 est,
908 1512 994 1547 gratia
1007 1511 1070 1547 Spi-

278 1557 350 1584 ritus
365 1565 508 1590 enarrans,
520 1561 549 1584 et
564 1557 769 1585 multitudinem
790 1557 999 1585 tribulationum
1021 1566 1069 1585 cx-

278 1610 394 1638 poncns,
409 1603 546 1638 simulque
568 1603 729 1635 ostendens,
742 1603 808 1638 quid
832 1603 931 1630 debeat
952 1604 1068 1638 quisque

278 1649 378 1676 exinde
404 1657 538 1684 quaerere.
569 1649 622 1682 Et,
656 1649 723 1683 quid
754 1649 897 1684 possidere
927 1654 1068 1684 oporteat,

278 1695 347 1722 dicit
359 1704 367 1722 :
385 1694 488 1722 Scimus
499 1696 568 1722 enim
580 1695 661 1730 quod,
674 1697 697 1722 si
708 1700 840 1722 terrenum
857 1699 975 1722 nostrum
986 1695 1071 1722 dami-

279 1743 369 1769 cilium
397 1742 476 1776 hujus
504 1741 669 1769 tabernaculi
696 1741 857 1768 destructum
874 1741 962 1774 fuerit,
987 1740 1069 1774 (edi/i-

280 1789 411 1814 cationem
434 1795 466 1814 ea:
488 1787 542 1814 Deo
566 1787 701 1819 habemus,
726 1786 888 1813 domicilium
905 1794 957 1812 non
972 1794 1069 1813 manu-

279 1839 390 1876 factum,
404 1838 532 1861 attentum
548 1833 575 1860 in
590 1832 660 1859 malis
671 1832 702 1858 ⁵⁵.

1118 967 1164 994 τὸν
1174 966 1221 994 τοῦ
1236 967 1339 1003 Κυρίου
1358 967 1448 1002 λόγον,
1468 967 1516 994 καὶ
1527 967 1602 1002 παρὰ
1613 967 1662 1000 τὴν
1681 966 1749 993 ίδίαν
1763 965 1848 1000 πνοὴν
1862 965 1909 991 τὸν

1119 1013 1220 1049 Κύριον
1236 1013 1316 1049 μόνον
1328 1014 1502 1049 ἠγαπηκότες
1511 1023 1517 1030 ·
1527 1013 1568 1040 διὸ
1584 1013 1633 1040 καὶ
1646 1013 1741 1048 ἄκροις
1754 1012 1852 1047 δώροις
1863 1010 1910 1038 οὺ-

1121 1060 1223 1094 ρανίοις
1236 1060 1285 1096 τὴν
1314 1060 1402 1095 ἄκραν
1419 1061 1531 1095 ἀγάπην
1558 1060 1650 1087 αὐτῶν
1680 1059 1908 1094 ἀμειφθήσονται.

1119 1106 1166 1137 Εἰς
1183 1106 1237 1140 γὰρ
1254 1105 1302 1137 τὰς
1319 1105 1431 1140 θλίψεις,
1447 1106 1494 1132 καὶ
1510 1105 1545 1131 τὰ
1556 1105 1719 1140 παθήματα,
1738 1103 1785 1130 καὶ
1802 1103 1910 1138 ὑπομο-

1120 1150 1178 1185 νὴν,
1195 1150 1242 1177 καὶ
1257 1150 1350 1177 πίστιν
1364 1150 1590 1185 ὲγκεκρυμμένιι
1604 1150 1675 1176 εἰσὶν
1690 1149 1719 1175 αἱ
1732 1147 1908 1182 ἐπαγγελίαι.

1120 1196 1168 1222 καὶ
1181 1197 1198 1231 ἡ
1213 1195 1287 1228 δόξα,
1304 1196 1376 1231 καὶὴ
1390 1196 1443 1222 τῶν
1459 1197 1527 1222 ὲπου
1533 1195 1631 1230 ρανίων
1641 1194 1752 1228 ἀγαθῶν
1768 1191 1910 1220 ἀποκατά-

1121 1250 1226 1274 στασις,
1243 1241 1337 1276 ὥσπερ
1353 1242 1382 1268 ὲν
1399 1242 1438 1277 τῷ
1452 1242 1608 1277 ῥιπτομένῳ
1620 1242 1685 1276 σίτῳ
1703 1241 1744 1271 είς
1758 1239 1808 1275 τὴν
1824 1238 1878 1273 γῆν
1895 1238 1910 1265 ὁ

1121 1286 1226 1321 καρπὸς
1243 1286 1260 1321 ἢ
1273 1287 1374 1321 δένδρῳ
1388 1286 1638 1321 ὲπικεντριζομένῳ
1651 1286 1695 1312 διὰ
1715 1284 1824 1319 σήψεώς
1837 1291 1910 1314 τινος

1121 1331 1169 1357 καὶ
1179 1331 1292 1366 ἀτιμίας
1306 1331 1482 1366 διερχομένῳ.
1498 1332 1552 1358 Καὶ
1563 1331 1621 1358 τότε
1637 1331 1684 1357 τοῦ
1700 1330 1848 1365 ἐνδύματος
1860 1328 1910 1363 τὴν

1122 1377 1293 1412 εὐπρέπειαν
1310 1377 1358 1404 καὶ
1378 1377 1426 1412 τὴν
1439 1377 1518 1411 δόξαν
1531 1377 1578 1403 καὶ
1592 1377 1637 1403 τὸν
1656 1375 1911 1407 πολυπλασιάζοντα

1121 1422 1227 1457 καρπὸν
1233 1422 1433 1458 ἀπεδείχθησαν
1444 1423 1525 1458 ἔχειν,
1539 1422 1576 1454 ὡς
1586 1424 1632 1449 καὶ
1641 1423 1656 1448 ὁ
1670 1422 1829 1453 Ἀπόστολος
1838 1429 1846 1437 ·
1859 1420 1911 1448 Διὰ

1121 1466 1247 1494 πολλῶν
1264 1468 1406 1502 θλίψεων,
1426 1469 1502 1503 φησὶ,
1527 1467 1680 1503 δυνάμεθα
1706 1467 1856 1495 εἰσελθεῖν
1867 1469 1912 1500 είς

1121 1513 1348 1546 τὴνβασιλείαν
1359 1513 1418 1540 τῶν
1431 1513 1567 1547 οὐρανῶν
1575 1521 1582 1528 ·
1597 1514 1645 1540 καὶ
1656 1515 1669 1539 ὁ
1680 1514 1797 1549 Κύριος²
1811 1514 1863 1540 Ἔν
1874 1513 1911 1548 τῇ

1122 1557 1260 1592 ὑπομονῇ
1278 1557 1361 1592 ὑμῶν
1381 1558 1537 1593 κτήσησθε
1554 1558 1608 1592 τὰς
1633 1559 1736 1593 ψυχὰς
1746 1558 1839 1594 ὑμῶν,
1856 1560 1912 1586 Καὶ

1122 1604 1202 1630 πάλιν
1212 1613 1219 1619 ·
1236 1604 1287 1630 Ἐν
1300 1603 1339 1636 τῷ
1352 1604 1455 1638 κόσμῳ
1465 1605 1570 1639 θλίψιν
1581 1605 1674 1637 ἕξετε.
1690 1606 1773 1632 Πόνου
1788 1606 1852 1640 γὰρ,
1864 1605 1912 1631 καὶ

1124 1648 1252 1683 σπουδῆς,
1274 1649 1322 1675 καὶ
1338 1649 1454 1684 νήψεως,
1471 1650 1518 1676 καὶ
1547 1650 1647 1684 πολλῆς
1669 1651 1806 1684 προσοχῆς
1820 1650 1912 1685 χρεία,

1122 1694 1168 1720 καὶ
1182 1694 1320 1729 ὀξύτητος,
1333 1694 1380 1720 καὶ
1389 1695 1525 1726 ἀναιδείας
1533 1695 1562 1721 ἐν
1571 1696 1602 1730 τῇ
1612 1695 1679 1730 πρὸς
1686 1694 1787 1729 Κύριον
1793 1695 1912 1730 αἰτήσει,

1121 1741 1161 1770 είς
1177 1741 1208 1767 τὺ
1222 1741 1370 1775 δυνηθῆναι
1384 1741 1530 1774 διεξελθεῖν
1558 1741 1606 1772 τὰς
1622 1741 1676 1767 τῶν
1699 1742 1800 1776 γηΐνων
1821 1740 1914 1767 ὲπιθυ-

1124 1786 1199 1821 μίας,
1215 1787 1342 1821 παγίδας,
1359 1788 1406 1814 καὶ
1423 1786 1539 1822 βρόχους
1555 1787 1610 1813 τῶν
1624 1787 1736 1821 ἡδονῶν,
1755 1786 1804 1813 καὶ
1816 1793 1914 1813 καται-

1122 1832 1199 1866 γίδας
1211 1833 1267 1868 (Η)
1281 1833 1329 1859 τοῦ
1340 1833 1454 1867 κόσμου,
1464 1832 1509 1858 καὶ
1526 1832 1575 1863 τὰς
1592 1832 1645 1858 τῶν
1656 1832 1782 1867 πονηρῶν
1794 1832 1913 1866 πνευμά-

278 1890 333 1907 των
345 1880 542 1911 ἐπαναστάσεις
557 1879 710 1913 διαφυγεῖν,
727 1878 776 1904 καὶ
789 1877 892 1910 γνῶναι
906 1877 1007 1910 καλῶς,
1022 1877 1051 1904 ἐν
1068 1879 1133 1915 ποίᾳ,
1151 1879 1230 1915 νήψει
1248 1880 1294 1906 καὶ
1313 1880 1461 1915 γοργότητι
1471 1880 1589 1910 πίστεως
1601 1880 1648 1906 καὶ
1664 1880 1776 1914 ἀγάπης
1796 1880 1821 1906 oi
1840 1879 1913 1913 ἆγιοι

278 1928 324 1955 σὺν
336 1927 498 1962 ἐπουράνιον
515 1926 662 1961 θησαυρὸν,
676 1925 749 1952 τοῦτ’
764 1924 884 1959 ἐστιτήν
911 1925 958 1951 τοῦ
985 1926 1145 1962 Πνεύματος
1163 1927 1277 1963 δύναμιν
1307 1929 1336 1954 ὲν
1353 1930 1412 1960 ταῖς
1435 1927 1534 1963 ψυχαῖς
1567 1929 1670 1955 ἑαυτῶν
1692 1928 1817 1955 ἐντεῦθεν
1833 1928 1914 1962 ἐκτή-

280 1985 370 2004 σαντο.
387 1977 477 2012 ’Όπερ
490 1976 564 2003 ἐστὶν
589 1975 718 2011 ἀρραϐὼν
744 1975 794 2010 τῆς
811 1974 961 2009 βασιλείας.
983 1974 1012 2001 '0
1030 1975 1084 2011 γὰρ
1104 1977 1239 2011 μακάριος
1260 1976 1411 2007 ἀπόστολος
1431 1976 1537 2008 Παῦλος
1568 1977 1633 2012 περὶ
1661 1977 1757 2003 τούτου
1775 1977 1821 2003 τοῦ
1836 1978 1915 2003 ὲπου-

281 2025 372 2060 ρανίου
385 2023 523 2059 θησαυροῦ
538 2022 609 2048 τοῦτ’
625 2022 699 2048 ἐστιν
720 2021 771 2055 τῆς
793 2021 903 2056 χάριτος
925 2020 972 2046 τοῦ
1004 2021 1163 2057 Πνεύματος
1193 2022 1380 2058 διηγούμενος,
1399 2024 1447 2049 καὶ
1477 2023 1526 2058 τὴν
1550 2022 1702 2058 ὑπερϐολὴν
1727 2022 1782 2049 τῶν
1797 2023 1915 2057 θλίψεων

279 2071 519 2106 ἐξαγορεύο)ν,ἆμα
527 2073 553 2099 δὲ
567 2068 614 2094 καὶ
623 2067 815 2098 ὑποδεικνύων,
835 2066 861 2092 τί
883 2066 985 2100 ὀφείλει
1001 2067 1115 2099 ἕκαστος
1129 2067 1220 2102 ζητεῖν
1237 2068 1385 2104 ὲντεῦθεν.]
1399 2069 1453 2095 Καὶ
1476 2069 1501 2095 τί
1526 2069 1625 2103 ὀφείλει
1644 2069 1805 2102 κτήσασθαι,
1820 2068 1914 2102 λέγει·

282 2117 410 2150 Οἴδαμεν
425 2117 479 2150 γὰρ
496 2115 540 2140 ὅτι
574 2114 628 2140 ἐὰν
644 2113 663 2146 ἠ
679 2113 808 2147 ἐπίγειος
828 2111 912 2146 ἡμῶν
931 2113 1011 2138 οἰκία
1036 2113 1089 2139 τοῦ
1121 2113 1257 2147 σκήνους
1281 2113 1446 2148 καταλυθῇ,
1465 2113 1627 2148 οἰκοδομὴν
1650 2113 1684 2140 ἐκ
1705 2114 1779 2141 Θεοῦ
1805 2115 1916 2149 ἔχομεν

280 2162 380 2190 οὶκίαν
403 2160 646 2195 ἀχειροποίητον,
663 2158 782 2185 αἰώνιον
801 2158 836 2184 ὲν
849 2158 997 2192 οίιοανοῖς.
1013 2158 1021 2194 ]

316 2207 372 2234 νη.
385 2204 614 2233 Conteudcndum
626 2203 709 2239 igitur
717 2209 741 2230 cI
755 2202 934 2231 laborandum
946 2203 1073 2231 omnibus

1162 2207 1199 2233 Z’.
1222 2208 1339 2242 Ὀφείλει
1362 2207 1408 2236 οὖν
1421 2208 1535 2239 ἕκαστος
1561 2208 1757 2242 ἀγωνίσασθαι,
1770 2218 1816 2236 και
1832 2217 1915 2236 σπου-

282 2261 332 2289 per
346 2259 442 2279 omnes
453 2250 580 2282 virtutes,
594 2253 677 2283 atque
689 2247 868 2281 credendum,
891 2252 921 2274 ut
941 2247 1069 2283 deinceps

1126 2251 1205 2279 δάσαι
1230 2253 1274 2280 διὰ
1291 2254 1385 2281 πασῶν
1405 2253 1521 2290 ἀρετῶν,
1551 2253 1598 2280 καὶ
1615 2254 1769 2286 πιστεῦσαι,
1790 2255 1916 2281 ἐντεῦθεν

281 2298 442 2336 possideant
460 2297 534 2324 illam
550 2296 673 2323 domum.
692 2294 719 2321 Si
738 2294 812 2321 enim
836 2294 957 2321 solvatur
975 2294 1073 2321 domus

281 2344 408 2380 corporis
433 2341 532 2374 nostri,
558 2349 614 2369 non
638 2340 772 2368 habemus
791 2339 871 2366 aliam
891 2339 1015 2372 domum,
1039 2340 1073 2368 ad

282 2400 365 2428 quam
381 2391 501 2418 divertat
514 2389 616 2416 anima.
633 2387 662 2416 Si
679 2392 778 2420 tamen,
795 2388 895 2422 inquit,
910 2388 1006 2421 induti,
1021 2396 1073 2415 non

283 2439 348 2466 nudi
366 2437 515 2473 reperiatur
526 2436 560 2468 “,
579 2435 633 2462 hoc
649 2439 703 2467 est,
721 2434 788 2462 nudi
803 2442 817 2461 a
833 2435 1027 2462 communione
1046 2439 1074 2462 et

283 2484 496 2520 participatione
510 2482 631 2518 Spiritus
645 2481 744 2514 sancti,
759 2481 786 2508 in
804 2489 858 2516 qua
877 2481 965 2508 ﬁdelis
985 2482 1075 2508 anima

283 2531 372 2558 solum
390 2529 565 2565 requiescere
585 2532 684 2563 potest.
707 2528 856 2563 Propterea
876 2527 961 2560 enim,
977 2527 1024 2562 qui
1046 2535 1075 2554 re

283 2583 350 2603 vera
374 2579 402 2602 et
425 2575 528 2601 virtute
543 2573 690 2601 Christiani
705 2578 781 2606 sunt,
800 2573 873 2600 bono
888 2577 954 2600 sunt
970 2573 1074 2605 animo,

283 2625 312 2648 et
325 2620 445 2655 gaudent
457 2619 604 2654 migrantes
611 2627 626 2646 e
635 2626 762 2655 corpore,
775 2619 839 2652 quia
851 2618 953 2645 habent
963 2618 1074 2644 domum

285 2667 360 2694 illam
385 2665 512 2693 manibus
535 2673 590 2692 non
617 2668 803 2695 exstructam,
830 2671 891 2697 qua:
914 2663 1012 2690 domus
1034 2666 1076 2690 est

285 2714 374 2741 virtus
400 2712 519 2747 Spiritus
545 2711 633 2739 sancti
657 2711 685 2738 in
701 2710 755 2738 illis
778 2709 916 2736 habitans.
938 2708 966 2735 Si
992 2708 1076 2744 igitur

1126 2300 1279 2334 κτήσασθαι
1307 2301 1353 2327 τὸν
1382 2299 1455 2328 οἷκον
1486 2301 1600 2327 ἐκεῖνον.
1624 2301 1685 2327 Ἐὰν
1699 2301 1752 2335 γὰρ
1777 2302 1914 2337 καταλυθῇ

1128 2345 1207 2380 ἡμῶν
1220 2346 1234 2372 ὁ
1252 2344 1327 2378 οἶκος
1343 2345 1390 2373 τοῦ
1414 2346 1549 2381 σώματος,
1564 2347 1615 2372 οὐκ
1627 2346 1725 2381 ἔχομεν
1736 2346 1814 2372 ἄλλον
1829 2344 1915 2376 οἷκον,

1126 2391 1167 2422 εἰς
1191 2391 1221 2418 ὃν
1249 2392 1396 2418 καταλύσει
1422 2392 1502 2426 ἡμῶν
1516 2393 1533 2426 ὴ
1557 2392 1641 2426 ψυχή.
1655 2391 1741 2425 ξεῖγε,
1759 2393 1825 2426 φησὶ
1839 2412 1847 2425 ,
1866 2392 1916 2419 καὶ

1127 2435 1327 2471 ἐνδυσάμενοι
1352 2437 1388 2464 οὺ
1407 2439 1513 2472 γυμνοὶ
1529 2438 1764 2471 εὑρεθησόμεθα,
1779 2438 1917 2464 τουτέστιν

1127 2481 1181 2508 ἀπὸ
1191 2483 1239 2516 τῆς
1255 2481 1397 2514 κοινωνίας
1412 2483 1458 2509 καὶ
1473 2483 1654 2518 ἀνακράσεως
1669 2482 1715 2510 τοῦ
1731 2483 1809 2517 ἁγίου
1828 2484 1915 2510 Πνεὺ-

1130 2534 1224 2560 ματος,
1245 2527 1284 2558 εἰς
1314 2527 1348 2562 ἣν
1379 2527 1461 2562 μόνον
1485 2529 1501 2563 ἡ
1528 2528 1611 2564 πιστὴ
1636 2528 1709 2564 ψυχὴ
1727 2529 1916 2556 ἀναπαύεσθαι

1128 2571 1249 2598 δύναται.
1268 2573 1317 2598 Διὰ
1333 2572 1412 2599 τοῦτο
1431 2573 1485 2609 γὰρ
1501 2574 1525 2600 oi
1542 2573 1617 2605 ὄντες
1631 2575 1659 2600 ἐν
1673 2574 1787 2609 ἀληθείᾳ
1811 2576 1858 2600 καὶ
1872 2575 1916 2601 δυ-

1128 2618 1209 2652 νάμει
1227 2619 1386 2653 Χριστιανοὶ
1406 2619 1537 2655 θαρροῦσι
1557 2620 1604 2646 καὶ
1619 2620 1759 2654 χαίρουσιν
1771 2619 1917 2655 ἐξερχόμε-

1128 2670 1169 2688 νοι
1198 2662 1247 2697 τῆς
1265 2663 1375 2698 σαρκὸς,
1391 2664 1431 2690 ὃτι
1461 2664 1568 2700 ἔχουσιν
1592 2665 1697 2691 ἐκεῖνον
1720 2664 1765 2691 τὸν
1781 2662 1855 2691 οἷκον
1869 2668 1915 2691 τόν

1129 2707 1344 2744 ἀχειροποίητον,
1365 2710 1394 2742 ὃς
1419 2711 1493 2736 ἐστιν
1506 2708 1590 2744 οἶκος,
1604 2711 1622 2746 ἡ
1636 2710 1748 2738 οἰκοῦσα
1772 2711 1801 2736 ἐν
1823 2710 1916 2742 αὐτοῖς

323 2781 345 2797 ⁸³
357 2779 538 2809 Aet.x1v,2l.
577 2779 599 2796 ⁸⁸
611 2778 678 2806 Luc.
692 2776 803 2808 “1,19.
841 2776 952 2804 “Joan.
964 2776 1076 2808 “1,53.
1114 2777 1136 2793 ⁸⁵
1151 2776 1173 2803 Il
1190 2776 1253 2804 Cor.
1274 2786 1301 2811 γ,
1318 2779 1343 2806 l.
1376 2779 1415 2796 "7
1427 2778 1496 2806 ibid.
1515 2779 1541 2806 5.

787 2889 789 2891 .
821 2876 891 2902 (es;

324 2881 379 2919 (ll)
392 2882 462 2927 Cod.
477 2883 631 2917 κατεγίδας.

906 2834 1035 2882 ΔΥΔΡιΙἉΕ
1056 2834 1260 2865 LECTIONES.
