2070 3152
212 149 272 181 513

836 145 1020 178 HOMlLl/E.
1035 157 1069 163 --
1082 144 1175 174 HOM.
1196 145 1230 174 V.

1783 145 1835 176 5M

209 205 257 232 τοῦ
276 202 435 239 Πνεύματος
449 202 574 237 δύναμις.
599 201 658 229 Κᾶν
678 201 816 237 καταλυθῇ
839 209 885 228 ουν
912 202 928 236 ὴ
950 201 996 227 τοῦ

1048 200 1218 227 destructum
1229 199 1313 227 fuerit
1324 200 1448 234 eOrporis
1458 200 1641 232 domicilium.
1652 208 1706 228 non
1719 202 1833 230 limem:

211 249 336 284 σώματος
349 247 434 280 οἰκία,
451 248 482 274 οὐ
496 245 641 281 φοϐοῦνται
654 253 662 261 ·
680 245 772 280 ἔχουσι
785 245 838 279 γὰρ
848 245 898 280 τὴν
913 245 995 271 ἐπου-

211 296 304 331 ράνιον
321 295 370 321 τοῦ
385 293 543 328 Πνεύματος
556 293 655 325 οἰκίαν,
671 293 721 319 καὶ
734 292 783 327 τὴν
795 291 873 324 δόξαν
888 291 996 324 ἐκείνην

209 342 259 375 τὴν
282 339 432 374 ἄφθαρτον,
448 339 508 373 ἥτις
523 338 587 371 δόξα
612 339 642 364 ὲν
654 339 688 373 τῇ
705 337 797 373 ἡμέρᾳ
819 337 867 372 τῆς
883 336 996 363 ἀναστά-

211 395 279 418 σεως
290 385 462 420 οἱκοδομήσει
479 384 526 411 καὶ
538 383 643 416 δοξάσει
657 384 704 410 καὶ
720 383 766 410 τὸν
787 380 861 410 οἷκον
879 382 926 410 τοῦ
942 382 996 409 σώ-

212 433 306 467 ματος,
321 431 359 462 ὦς
371 439 454 466 φησιν
468 431 482 457 ό
500 429 659 461 ’Λπόστολος
669 439 676 445 ·
691 429 724 456 '0
737 429 854 464 ἐγείρας
867 428 997 462 Χριστὸν

210 479 244 504 ἐκ
270 476 404 511 νεκρῶν,
425 475 600 510 ζωοποιήσει
623 475 672 503 καὶ
694 475 731 502 τὰ
761 475 855 508 θνητὰ
875 474 997 508 σώματα

210 522 295 557 ἡμῶν
308 522 358 549 διὰ
379 521 433 549 τοῦ
450 521 644 554 ἐνοικοῦντος
656 520 751 547 αὐτοῦ
773 520 946 554 Πνεύματος
962 519 997 545 ἐν

211 568 293 602 ἡμῖν.
312 568 367 594 Καὶ
383 567 477 593 πάλιν·
491 566 559 593 Ἵνα
574 565 623 592 καί
639 566 658 599 ἡ
675 564 730 598 ζωὴ
743 565 799 592 τοῦ
821 563 923 597 Ἰησοῦ
937 571 995 598 φα-

212 612 325 647 νερωθῇ
343 613 374 639 ἐν
390 611 428 646 τῇ
441 611 534 645 θνητῇ
551 612 640 645 σαρκί
663 610 758 645 ἡμῶν
775 610 825 636 καὶ
842 609 902 641 ινα,
918 609 995 643 φησὶ,

211 657 366 691 καταποθῇ
383 657 416 684 τὸ
436 656 546 690 θνητὸν
559 656 619 683 ὑπὸ
633 655 687 689 τῆς
700 654 785 689 ζωῆς.

248 713 289 740 ιιι.
310 710 520 746 Ἀγωνισώμεθα
541 708 587 737 οὖν
611 710 655 736 διὰ
678 710 727 744 τῆς
744 709 862 741 πίστεως
883 709 996 742 καὶτῆς

213 757 342 793 ιναρέτου
361 756 500 787 πολιτείας
523 754 648 782 ἐντεῦθεν
665 754 817 789 κτήσασθαι
841 755 872 780 τὸ
894 754 996 789 ἔνδυμα

215 804 312 833 ικεῖνο,
334 801 377 828 ἵνα
406 800 444 836 μὴ
469 799 645 835 ἐνδυσάμενοι
659 798 689 825 τὸ
706 798 787 833 σῶμα
802 799 900 833 γυμνοὶ
919 798 996 834 εὑρε-

214 849 317 884 θῶμεν,
337 848 385 875 καὶ
410 848 460 874 οὐκ
482 847 556 874 [cr-rw
568 846 582 873 δ
597 846 706 896 δοξάσει
723 845 802 896 ἡμῶν
814 846 842 872 ὲν
857 844 952 896 ﬁxura.
961 845 994 896 τῇ
1012 868 1034 896 Β

214 894 305 930 ήμιρᾳ
322 893 372 928 τὴν
398 894 498 928 σάρκα.
516 893 652 923 Ἕκαστος
676 891 730 927 γὰρ
753 891 814 918 ὅσον
838 889 995 926 κατηξιώθη

214 939 257 967 διὰ
280 939 328 974 τῆς
350 938 467 969 πίστεως
491 937 539 965 καὶ
558 937 678 972 σπουδῆς
696 936 808 972 μέτοχος
820 936 899 970 ἁγίου
916 936 997 963 Πνεύ-

217 992 299 1020 ματος
319 983 455 1018 γενέσθαι,
467 982 593 1010 τοσοῦτον
608 983 637 1009 ὲν
653 982 745 1018 ἐκείνῃ
765 983 798 1018 τῇ
814 982 904 1017 ἡμέρᾳ
917 981 995 1013 δοξα-

216 1029 345 1062 σθήσεται
363 1026 446 1054 αὑτοῦ
470 1026 519 1053 καὶ
532 1026 562 1053 τδ
579 1026 669 1061 σῶμα.
688 1027 721 1052 '0
735 1026 789 1060 γὰρ
803 1025 850 1052 νῦν
864 1025 996 1060 ὲναπεθη-

216 1073 344 1108 σαύρισεν
367 1071 440 1098 ἔνδον
456 1071 472 1106 ἠ
491 1070 574 1106 ψυχὴ,
595 1071 656 1097 τότε
680 1069 934 1106 ἀποκαλυφθήσεται
948 1070 996 1096 καὶ

216 1118 366 1153 φανήσεται
389 1115 489 1148 ἔξωθεν
504 1115 551 1142 τοῦ
571 1114 707 1150 σώματος.
725 1115 830 1151 ’Ὥσπερ
848 1115 883 1142 τὰ
901 1115 996 1150 δένδρα

217 1161 421 1198 παρεληλυθότα
444 1161 490 1188 τὸν
517 1160 639 1195 χειμῶνα
661 1160 847 1195 ὲπιθαλψάσης
858 1161 997 1196 δυνάμεως

216 1208 342 1244 ἀοράτου,
358 1207 390 1233 ἑκ
412 1214 442 1232 τε
464 1205 512 1232 τοῦ
536 1205 613 1240 ἡλίου
629 1205 677 1232 καὶ
690 1205 745 1231 τῶν
761 1205 870 1240 ἀνέμων
882 1205 995 1238 ἔσωθεν,

217 1252 312 1288 ἐκφύει
337 1252 385 1278 καὶ
411 1250 536 1278 ἐκϐάλλει
560 1249 655 1286 ὥσπερ
679 1250 818 1285 ἐνδύματα
837 1250 935 1284 φύλλα,
949 1251 997 1277 καὶ

216 1299 296 1333 ἄνθη,
319 1298 367 1324 καὶ
387 1296 510 1332 καρπούς
521 1303 528 1311 ·
553 1295 654 1331 ὁμοίως
666 1295 700 1322 τὰ
713 1294 759 1322 τοῦ
778 1296 875 1331 χόρτου
891 1295 959 1330 ἄνθη
968 1296 997 1321 ἐν

216 1344 312 1378 ἐκείνῳ
328 1342 367 1378 τῷ
384 1341 484 1377 καιρῷ,
501 1340 605 1368 ἔνδοθεν
626 1341 658 1367 ὲκ
674 1340 728 1366 τῶν
747 1341 854 1367 κόλπων
875 1341 924 1376 τῆς
945 1340 998 1376 γῆς

216 1387 405 1423 προέρχονται,
413 1386 460 1412 καὶ
469 1385 599 1412 σκέπεται
613 1384 659 1411 καὶ
669 1384 850 1420 ἀμφιέννυται
864 1385 880 1420 ή
895 1384 998 1419 γῆλκαὶ

216 1433 229 1459 ὁ
241 1432 336 1468 χόρτος
348 1431 386 1462 ὡς
399 1431 433 1457 τὰ
448 1430 539 1466 κρίνα,
556 1431 620 1466 περὶ
635 1427 672 1458 ὦν
690 1431 705 1457 ό
723 1429 824 1465 Κύριος
834 1427 921 1456 εἶπεν·
937 1429 999 1456 Ὅτι

215 1477 286 1504 οὐδὲ
302 1475 444 1511 Σολομὼν
458 1476 493 1503 ἐν
506 1475 590 1510 πάσῃ
603 1476 639 1511 τῇ
656 1475 730 1510 δόξῃ
749 1475 842 1503 αὐτοῦ
867 1474 999 1509 περισσά.

1047 244 1150 272 habent
1173 243 1247 271 enim
1271 244 1383 272 cmleste
1399 244 1521 279 Spiritus
1535 245 1717 279 domiciliumI
1738 251 1767 274 et
1779 247 1836 282 glo-

1047 290 1114 317 riam
1140 290 1214 317 illam
1239 290 1510 322 immarcescibilem,
1538 299 1598 325 quae
1625 292 1714 326 gloria
1737 292 1765 319 in
1790 293 1836 320 die

1048 335 1258 362 resurrectionis
1271 335 1419 362 atdiiicabit
1429 340 1458 363 et
1472 336 1636 371 gloriﬁcabit
1648 336 1761 364 domum
1774 344 1835 364 cor-

1046 382 1130 416 poris,
1147 385 1178 408 ut
1200 381 1291 415 inquit
1313 381 1482 415 Apostolus:
1504 381 1531 408 Is
1552 383 1597 417 qui
1619 383 1740 409 excitavit
1760 383 1836 410 Chri-

1045 431 1115 454 stum
1125 435 1155 454 ex
1168 426 1288 458 mortuis,
1300 427 1439 460 viviﬁcabit
1449 431 1473 453 et
1486 427 1609 459 mortalia
1623 435 1734 462 corpora
1743 433 1835 455 nostra;

1047 472 1243 506 proptedipsius
1257 470 1386 506 Spiritum
1397 471 1586 499 inhabitantcm
1600 473 1628 499 in
1641 473 1713 500 nobis
1722 474 1790 500 ‘7'“.
1801 474 1835 501 Et

1047 524 1155 544 rursum
1175 526 1181 543 :
1211 516 1243 544 Ut
1268 521 1292 544 et
1316 517 1370 544 vita
1391 517 1454 544 Jeau
1477 518 1659 552 manifestetur
1678 519 1705 545 in
1726 520 1834 546 mortali

1046 571 1125 590 came
1146 568 1237 590 nostra
1245 563 1278 589 ⁸¹.
1294 578 1329 582 -
1344 562 1380 590 Et
1397 568 1436 594 ut,
1454 563 1555 598 inquit,
1572 564 1741 591 absorbeatur
1761 573 1832 592 mor-

1047 609 1101 635 tale
1115 610 1186 643 quod
1198 610 1226 636 in
1241 610 1313 637 nobis
1327 613 1377 643 est,
1390 618 1407 636 a
1420 610 1473 636 vita
1484 610 1517 636 ".

1081 707 1134 742 25
1145 707 1212 734 Vili.
1222 707 1365 735 Certemus
1373 707 1456 742 igitur
1463 715 1513 741 per
1522 707 1601 734 fidem
1613 712 1641 734 et
1650 708 1834 735 conversatio-

1047 759 1109 779 nem
1125 752 1152 779 in
1169 751 1245 778 omni
1259 751 1372 783 virtute,
1387 751 1501 786 posthac
1520 759 1680 786 comparare
1696 752 1775 779 nobis
1791 753 1834 780 in-

1046 797 1207 825 dumentum
1232 796 1315 829 illud,
1339 804 1374 824 ne
1395 804 1513 831 corpore
1537 797 1626 824 induti
1650 797 1717 824 nudi
1734 798 1834 833 depre-

1046 842 1208 874 hendamur,
1223 849 1275 870 nec
1299 842 1335 869 sit
1356 841 1429 876 quod
1446 841 1582 876 gloriﬁcet
1604 842 1633 869 in
1655 842 1700 870 illa
1715 843 1760 870 die
1781 851 1833 871 no-

1046 895 1130 917 stram
1154 897 1282 921 carnem,
1306 889 1444 922 Quantum
1467 889 1540 916 enim
1571 889 1758 924 unusquisque
1783 897 1834 924 per

1046 935 1126 962 ﬁdem
1143 942 1176 962 ac
1199 934 1320 962 studium
1346 933 1465 968 Spiritus
1487 933 1573 960 sancti
1589 933 1714 967 accipere
1734 934 1832 969 dignus

1046 980 1156 1007 habitus
1168 984 1222 1012 est,
1234 984 1339 1007 tantum
1353 978 1380 1005 in
1395 978 1440 1005 illa
1454 977 1499 1005 die
1511 978 1708 1013 gloriﬁeabitur
1722 986 1832 1014 quoque

1045 1027 1104 1061 ejus
1126 1033 1235 1060 corpus.
1258 1025 1332 1058 Quos
1352 1024 1427 1051 enim
1450 1031 1524 1050 nunc
1553 1024 1696 1051 thesauros
1721 1024 1832 1060 collegit

1046 1071 1120 1098 intus
1136 1071 1237 1101 anima,
1254 1074 1321 1097 tunc
1337 1068 1533 1096 revelabuntur
1545 1073 1574 1096 et
1594 1069 1766 1103 apparebunt
1781 1077 1830 1096 ex-

1047 1122 1124 1144 terne
1136 1117 1164 1144 in
1177 1124 1303 1151 corpore.
1314 1114 1549 1149 Quemadmodum
1560 1115 1682 1147 arbores,
1694 1115 1832 1149 praeterita

1046 1163 1146 1195 hieme,
1163 1163 1271 1190 fovenle
1285 1163 1329 1189 illa
1342 1162 1463 1197 potentia
1478 1161 1620 1193 invisibili,
1634 1168 1695 1196 qua:
1705 1168 1721 1188 a
1736 1161 1793 1188 sole
1803 1165 1832 1188 et

1045 1209 1135 1237 ventis
1154 1213 1212 1240 est,
1228 1213 1305 1236 extra
1330 1207 1477 1242 projiciunt
1500 1211 1528 1234 et
1549 1205 1680 1233 emittunt
1702 1210 1830 1241 tanquam

1046 1254 1217 1286 indumenta,
1235 1254 1300 1281 folia
1317 1257 1345 1281 et
1364 1253 1446 1280 liores
1462 1256 1491 1280 et
1515 1251 1643 1278 fructus:
1661 1251 1789 1279 similiter
1802 1255 1831 1278 et

1045 1299 1198 1335 graminum
1212 1299 1292 1326 liores
1309 1298 1357 1326 illo
1374 1301 1495 1333 tempore
1511 1296 1546 1324 ab
1561 1296 1657 1324 intimo
1673 1296 1735 1323 sinu
1751 1300 1832 1323 terra

1045 1344 1268 1379 progrediuntur,
1281 1347 1309 1370 et
1323 1343 1360 1370 ita
1376 1342 1478 1377 tegitur
1491 1346 1573 1376 atque
1586 1341 1731 1368 decoratur
1745 1345 1830 1372 terra,

1045 1391 1074 1415 et
1087 1395 1198 1423 gramen
1222 1388 1305 1415 veluti
1323 1387 1390 1419 lilia,
1415 1387 1449 1414 de
1472 1386 1573 1421 quibus
1587 1386 1719 1414 Dominus
1738 1386 1829 1413 dixit:

1046 1432 1115 1468 quod
1148 1441 1230 1468 neque
1258 1432 1387 1461 Salomon
1409 1433 1437 1460 in
1451 1432 1588 1460 -’universa
1612 1431 1699 1467 gloria
1724 1440 1773 1458 sua
1793 1433 1831 1459 sic

1047 1478 1156 1505 amictus
1166 1478 1246 1513 fuerit
1258 1482 1287 1505 ut
1307 1486 1390 1506 unum
1399 1485 1431 1505 ea;
1441 1478 1480 1504 his
1494 1477 1527 1504 “.
1541 1477 1639 1505 Omnia
1648 1477 1721 1504 enim
1733 1477 1830 1512 hujus-

214 1525 285 1551 ,ιετο
303 1523 344 1557 ὡς
361 1522 396 1550 ἓν
409 1522 531 1549 τούτων.
545 1521 637 1549 Ταῦτα
657 1521 711 1557 γὰρ
729 1521 818 1548 πάντα
833 1520 998 1555 ὑποδείγμα-

1048 1523 1121 1551 modi
1142 1524 1267 1559 exempla
1282 1527 1348 1552 sunt
1370 1523 1426 1559 typi
1446 1530 1479 1551 ac
1500 1523 1642 1558 imagincs‘
1657 1522 1831 1551 Christiano-

215 1578 260 1602 τα,
285 1569 333 1596 καὶ
352 1568 443 1601 τύποι,
459 1568 506 1595 καὶ
520 1567 623 1599 εἰκόνες
637 1568 690 1594 εἰσὶ
714 1567 768 1595 τῶν
781 1566 953 1602 Χριστιανῶν
969 1566 997 1592 ὲν

215 1616 248 1651 τῇ
262 1614 418 1641 ἀναστάσει.

251 1668 289 1695 8'.
304 1667 383 1694 Οὕτω
407 1667 508 1698 πάσαις
519 1668 580 1698 ταῖς
601 1666 734 1701 φιλοθέοις
748 1666 857 1701 ψυχαῖς,
874 1666 999 1693 τουτέστι

215 1716 271 1745 τοῖς
286 1712 422 1747 ἀληθινοῖς
441 1713 624 1748 Χριστιανοῖς,
641 1712 698 1739 ἐστι
724 1712 777 1747 μὴν
800 1711 908 1748 πρῶτος
930 1711 999 1738 Ξαν-

217 1759 301 1792 θικὺς,
319 1759 333 1783 ὁ
347 1758 511 1793 καλούμενος
531 1758 694 1793 ’Δπρίλλιος,
709 1758 777 1792 ὅπερ
792 1758 864 1784 ἐστὶν
878 1757 895 1792 ἡ
908 1757 998 1792 ἡμέρα

216 1803 264 1838 τῆς
288 1803 474 1835 ἀναστάσεως,
496 1803 545 1830 καὶ
566 1803 610 1829 διὰ
630 1802 680 1836 τῆς
701 1802 842 1837 δυνάμεως
858 1801 906 1828 τοῦ
921 1801 997 1837 ἡλίου

215 1849 264 1884 τῆς
286 1848 457 1883 δικαιοσύνης
482 1847 587 1875 ἔνδοθεν
607 1847 748 1882 ἐξέρχεται
765 1847 828 1880 δόξα
848 1847 895 1874 τοῦ
919 1847 998 1881 ἁγίου

216 1894 384 1930 Πνεύματος,
401 1894 575 1921 καλύπτουσα
591 1894 639 1920 καὶ
649 1893 823 1924 σκεπάζουσα
836 1893 870 1919 τὰ
885 1892 999 1928 σώματα

216 1939 269 1967 τῶν
289 1939 376 1974 ἁγίων
387 1946 394 1953 ·
409 1939 497 1975 ἥνπερ
512 1939 590 1972 δόξαν
620 1936 693 1974 εῖχον
717 1938 791 1965 ἔνδον
807 1938 998 1973 ὲγκεκρυμμί-

216 1993 264 2020 νην
276 1986 307 2012 ιν
317 1986 376 2016 ταῖς
384 1985 494 2020 ψυχαῖς,
509 1985 597 2020 Ὅπερ
608 1984 662 2019 γὰρ
677 1983 733 2019 ἔχει
747 1983 805 2016 νῦν,
821 1983 886 2011 αὐτὸ
897 1984 998 2019 προέρ-

214 2038 292 2066 χιται
309 2030 408 2064 ἔξωθεν
420 2030 466 2057 τοῦ
480 2029 604 2065 σώματος
618 2030 689 2057 τότε.
709 2026 804 2062 Οὗτος,
818 2029 900 2065 φημὶ,
913 2030 929 2056 ό
944 2029 997 2064 μὴν

216 2075 322 2111 πρῶτός
340 2079 398 2102 εστι
414 2076 470 2107 τοῖς
493 2075 561 2109 μησὶ
581 2075 628 2102 τοῦ
652 2074 774 2101 ἐνιαυτοῦ
788 2083 794 2089 ·
810 2072 888 2106 οὗτος
911 2075 997 2109 χαρὰν

216 2120 365 2155 προσφέρει
383 2120 458 2156 πάσῃ
481 2121 515 2156 τῇ
541 2119 642 2147 κτίσειο
670 2117 748 2152 οὗτος
775 2120 938 2155 ἁμφιέννυσι
965 2121 998 2148 ια

215 2165 305 2201 γυμνὰ
327 2165 433 2200 δένδρα,
447 2165 496 2200 τὴν
520 2165 574 2200 γῆν
589 2165 747 2200 διανοίγων·
763 2163 840 2197 οὗτος
858 2167 925 2192 πᾶσι
940 2167 997 2197 τοῖς

214 2197 294 2242 ζώοις
312 2197 400 2246 χαρὰν
425 2197 585 2246 στροσφέριι,
604 2197 686 2242 οὗτος⁷
697 2211 746 2246 τὴν
764 2211 911 2246 ἱλαρότητα
929 2213 996 2239 πᾶσι
1012 2197 1035 2226 1)

214 2256 340 2289 δεικνύει,
361 2253 438 2288 οὗτός
462 2257 520 2283 ἐστι
543 2256 598 2283 τῶν
625 2257 797 2292 Χριστιανῶν
812 2257 921 2293 πρῶτος
946 2257 996 2292 μὲν

213 2302 353 2334 Ξανθικὺς,
368 2302 397 2334 ὃς
410 2304 468 2329 ἐστι
479 2303 528 2337 τῆς
538 2303 711 2334 ἀναστάσεως
726 2303 830 2338 καιρὸς,
847 2304 876 2330 ὲν
889 2300 910 2337 ᾧ
921 2303 997 2336 δοξα-

215 2347 357 2383 σθήσονται
371 2349 405 2375 τὰ
425 2348 538 2384 σώματα
553 2349 652 2382 αὐτῶν,
668 2349 712 2376 διὰ
729 2349 776 2376 τοῦ
799 2349 853 2377 ἀπὸ
879 2349 927 2376 τοῦ
951 2350 997 2377 νῦν

213 2393 288 2424 bno;
306 2394 335 2420 ὲν
350 2394 442 2425 αὐτοῖς
465 2394 555 2428 φωτὸς
569 2395 701 2430 ἀρρήτου,
716 2395 840 2422 τουτέστι
854 2395 903 2430 τῆς
918 2396 997 2424 δυνά-

215 2446 287 2473 μεως
306 2438 354 2465 τοῦ
373 2437 542 2473 Πνεύματος,
556 2437 624 2472 ὅπερ
639 2437 715 2466 ἔσται
728 2438 820 2469 αὐτοῖς
838 2437 900 2464 τότε
920 2438 996 2464 ἔνδυ-

214 2491 262 2517 μα,
282 2482 394 2518 βρῶσις,
414 2483 502 2515 πόσις,
515 2482 686 2516 ἀγαλλίασις,
713 2483 797 2518 χαρὰ,
819 2483 924 2518 είρήνη,
944 2483 997 2518 ἅμ-

213 2536 283 2563 φιον,
302 2527 359 2564 ζωὴ
381 2528 507 2560 αἰώνιος·
522 2529 598 2555 πᾶσα
622 2528 677 2563 γὰρ
699 2528 814 2564 καλλονή
832 2528 995 2564 λαμπρότη-

213 2582 267 2606 τος,
281 2574 329 2600 καὶ
346 2573 509 2609 ὡραιότητος
526 2573 664 2609 οὐρανίου,
676 2574 717 2605 εἰς
727 2574 825 2606 αὐτοὺς
839 2574 870 2600 τὸ
884 2573 996 2608 Πνεῦμα

213 2619 261 2654 τῆς
281 2619 406 2656 θεότητος
429 2619 534 2654 γίνεται
548 2619 627 2653 (τότε,
649 2619 717 2654 ὅπερ
741 2619 796 2647 ἀπὸ
814 2619 861 2646 τοῦ
887 2619 935 2646 νῦν
949 2619 993 2646 δέ-

215 2663 309 2696 ξασθαι
323 2664 539 2700 κατηξιώθησαν.

249 2720 275 2747 1¹.
292 2720 353 2752 ιΙῶς
375 2719 465 2747 τοίνυν
483 2720 596 2752 ἔκαστος
614 2720 694 2755 ἡμῶν
712 2721 814 2756 ὀφείλει
838 2720 995 2753 πιστεῦσαι.

1047 1575 1107 1595 rum
1121 1568 1148 1596 in
1163 1569 1376 1596 resurrectione.

1082 1668 1127 1696 IX.
1148 1667 1296 1704 Propterea
1314 1669 1443 1696 omnibus
1463 1668 1563 1695 animis
1578 1668 1664 1695 Deum
1688 1667 1830 1702 diligenti-

1048 1713 1109 1745 bus,
1124 1714 1177 1742 hoc
1197 1719 1249 1747 est,
1270 1715 1344 1742 veris
1364 1714 1538 1746 Christianis,
1554 1714 1661 1748 primus
1673 1713 1774 1740 mensis
1788 1718 1832 1740 est

1048 1759 1209 1792 Xantliieus,
1224 1759 1271 1794 qui
1285 1759 1386 1787 dicitur
1397 1759 1508 1794 Aprilis,
1521 1759 1568 1794 qui
1584 1759 1695 1793 quidem
1716 1763 1759 1786 est
1772 1759 1832 1786 dies

1048 1805 1267 1837 resurrectionis,
1285 1805 1313 1832 in
1334 1812 1389 1840 quo
1404 1812 1454 1839 per
1476 1805 1607 1832 virtutem
1631 1803 1697 1831 solis
1717 1803 1832 1839 iustitiae

1049 1848 1122 1876 intus
1134 1849 1256 1884 exsurgit
1277 1849 1362 1884 gloria
1384 1848 1503 1884 Spiritus
1523 1849 1621 1880 sancti,
1638 1853 1785 1883 protegens
1799 1856 1832 1875 ac

1048 1894 1144 1921 fovens
1171 1901 1288 1929 corpora
1313 1898 1471 1921 sanctorum
1489 1901 1496 1919 :
1511 1900 1594 1928 quam
1617 1892 1732 1928 gloriam
1756 1893 1832 1920 intus

1048 1939 1186 1966 habebant
1201 1938 1387 1966 absconditam
1408 1938 1435 1965 in
1450 1938 1557 1965 animis.
1572 1938 1651 1971 Quod
1666 1938 1740 1966 enim
1758 1946 1832 1965 nunc

1047 1985 1160 2017 habent,
1182 1984 1249 2012 illud
1264 1983 1381 2019 emergit
1403 1987 1468 2011 tunc
1489 1987 1566 2011 extra
1578 1991 1689 2018 corpus.
1708 1984 1770 2015 Hic.
1787 1984 1830 2011 in-

1047 2037 1140 2065 quam,
1163 2030 1266 2058 mensis
1277 2030 1383 2065 primus
1398 2033 1441 2056 est
1465 2029 1537 2057 inter
1555 2037 1664 2057 menses
1683 2029 1747 2057 anni
1767 2029 1833 2056 :hie

1047 2073 1176 2112 gaudium
1191 2075 1273 2104 aliert
1296 2076 1371 2103 omni
1397 2080 1544 2108 creatum;
1570 2075 1616 2102 hic
1637 2075 1720 2103 vestit
1744 2075 1833 2102 nudas

1047 2122 1169 2153 arbores,
1185 2125 1285 2150 terram
1301 2122 1427 2157 aperiens
1441 2130 1449 2155 ;
1464 2121 1510 2149 hic
1521 2121 1651 2149 omnibus
1666 2121 1833 2149 animalibus

1049 2167 1178 2202 gaudium
1200 2167 1289 2202 parit,
1312 2167 1359 2195 hic
1389 2167 1519 2195 omnibus
1541 2166 1709 2194 hilaritatem
1734 2167 1832 2200 ail‘ert,

1050 2214 1097 2241 hic
1116 2217 1158 2241 est
1177 2212 1396 2241 Christianorum
1418 2213 1524 2248 primus
1543 2213 1646 2240 mensis
1667 2212 1831 2245 Xanthicus,

1047 2259 1094 2294 qui
1112 2263 1155 2286 est
1167 2263 1275 2293 tempus
1287 2258 1510 2289 resurrectionis,
1525 2257 1553 2284 in
1566 2265 1621 2292 quo
1636 2257 1832 2292 gloriﬁcabun.

1048 2309 1093 2332 tur
1106 2312 1221 2340 corpora
1238 2305 1347 2332 illorum
1361 2312 1409 2339 per
1422 2304 1525 2334 lumen.
1541 2302 1615 2337 quod
1631 2302 1665 2329 ab
1688 2302 1742 2330 hoc
1761 2306 1831 2329 tem-

1047 2358 1116 2385 pore
1136 2350 1166 2378 in
1181 2350 1235 2378 illis
1254 2354 1297 2378 est
1311 2357 1452 2381 arcanum,
1468 2349 1521 2376 hoc
1532 2351 1585 2379 est,
1598 2348 1729 2375 virtutem
1744 2347 1831 2382 Spiri-

1047 2401 1101 2429 tus.
1114 2396 1160 2431 qui
1173 2397 1239 2431 ipsis
1255 2401 1321 2424 tunc
1335 2395 1388 2422 erit
1408 2395 1610 2424 indumentum.
1633 2393 1722 2425 cibus,
1738 2396 1830 2427 potus.

1046 2442 1203 2474 exsultatio,
1211 2441 1316 2473 laetitia,
1325 2448 1389 2476 pax.
1397 2443 1602 2470 ornamentum,
1612 2442 1642 2465 et
1650 2437 1705 2464 vita
1717 2441 1829 2464 atterna.

1047 2488 1166 2523 Spiritus
1184 2487 1258 2515 enim
1280 2486 1442 2517 divinitatis,
1465 2492 1547 2520 quem
1567 2484 1602 2511 ab
1622 2484 1675 2510 hoc
1693 2486 1830 2510 momento

1047 2532 1177 2567 consequi
1192 2532 1266 2568 digni
1281 2531 1366 2559 habiti
1381 2535 1454 2560 sunt.
1472 2530 1502 2557 lit
1523 2533 1590 2557 tunc
1612 2529 1640 2556 in
1663 2529 1718 2556 illis
1741 2527 1831 2556 omnis

1045 2577 1222 2613 pulchritudo
1236 2575 1390 2612 splendoris
1403 2579 1431 2603 et
1441 2574 1550 2603 decoris
1563 2574 1693 2602 caelestis.

1080 2718 1263 2754 X._Quomodo
1270 2718 1353 2754 igitur
1360 2719 1548 2754 unusquisque
1555 2724 1679 2747 nostrum
1687 2717 1832 2745 debetcre-

249 2818 307 2834 ""°
323 2818 401 2845 Rom.
416 2826 474 2850 vin,
495 2818 539 2845 ll.
577 2818 597 2834 "
615 2818 636 2846 li
653 2818 718 2846 Cor.
737 2827 771 2852 Iv,
790 2819 832 2847 lO.
870 2820 892 2836 ⁸³
907 2820 928 2847 ll
941 2819 1005 2848 Cor.
1026 2827 1054 2853 ν,
1068 2819 1096 2847 4.
1134 2819 1157 2835 ⁸³
1172 2818 1267 2847 Matth.
1283 2826 1320 2851 vr,
1335 2818 1370 2846 ‘29

351 2864 484 2895 Pn'uot.
505 2865 563 2896 Gs.
585 2866 718 2897 XXXIV.

1600 2863 1631 2893 17
