2067 3149
252 140 305 173 515

869 140 900 172 S.
920 142 1081 172 MACARII
1101 142 1260 173 EGYPTII

1819 140 1872 173 516

252 196 319 223 dere
327 199 356 223 et
365 195 541 228 contendam,
549 199 575 223 et
590 195 618 223 in
627 195 702 224 omni
712 196 821 224 virtutis
829 198 1038 224 conversatione

1091 198 1137 223 ax‘t
1159 197 1356 231 ἀγωνίσασθαι,
1371 197 1417 224 καὶ
1442 196 1591 224 σπουδάσαι
1614 197 1644 223 ὲν
1660 196 1736 232 πάσῃ
1751 197 1871 232 ὲναρέτῳ

253 249 364 276 operam
381 249 493 273 navare,
505 245 533 268 et
546 249 722 276 perseverare
738 242 766 270 in
781 250 828 277 spe
843 250 874 271 ac
895 243 1039 269 tolerantia

255 287 350 318 multa,
364 292 395 314 ut
404 294 477 314 nunc
491 287 590 322 dignus
602 292 748 314 censeatur
760 289 890 323 consequi
908 288 1039 315 virtutem

254 331 438 363 cmlestem,’et
448 331 561 366 gloriam
571 332 690 367 Spiritus
704 334 790 360 sancti
800 334 826 360 in
838 333 970 360 interiore
983 333 1042 360 ani-

255 384 308 409 ma,
320 381 349 403 ut
358 381 414 403 tum
423 377 563 404 dissolutis
575 378 739 412 corporibus
748 379 908 411 habeamus,
918 379 991 414 quod
1002 384 1041 406 te-

254 425 334 456 gatct
346 421 531 449 viviﬁcetnos.
548 421 576 449 Si
585 427 683 453 tamen,
697 423 795 458 inquit.
807 424 902 455 induti,
913 431 964 450 non
975 423 1039 450 nudi

254 468 414 501 reperiemur
429 467 462 493 “.
480 467 527 499 Et,
542 468 715 495 Resuscitabit
732 477 842 503 corpora
858 474 949 495 nostra
967 477 1039 495 mor-

255 511 320 539 talia
343 520 390 547 per
414 513 604 540 inhabitanlem
628 513 755 549 Spiritum
781 515 838 549 ejus
855 514 883 541 in
907 514 980 541 nobis
1003 515 1037 540 ⁸⁵.

254 558 353 585 lteatus
376 558 449 585 enim
472 558 560 586 Moses
584 559 768 586 subindicavit
791 559 872 586 nobis
893 565 956 595 typo
971 567 1039 595 quo-

252 604 334 635 dam,
359 612 409 638 per
434 604 547 639 gloriam
565 605 671 632 scilicet
695 605 815 640 Spiritus
839 606 866 632 in
890 605 960 632 facie
979 605 1040 640 ejus

254 650 414 681 haerentem,
432 657 514 684 quam
538 658 619 677 nemo
634 651 730 678 deﬁxis
754 651 842 678 oculis
859 651 1039 685 contemplari

253 698 369 728 poterat,
387 695 525 728 quomodo
540 695 568 722 in
584 695 787 723 resurrectione
806 696 956 730 iustorum,
979 695 1038 730 glo-

253 739 434 767 riﬁcabuntur
445 748 560 775 corpora
573 745 729 768 sanctorum
743 750 749 768 :
765 749 847 776 quam
859 741 970 776 quidem
982 741 1040 776 glo-

253 785 321 811 riam
337 793 410 812 nunc
433 786 460 812 in
482 786 615 813 interiore
634 786 745 814 homine
763 787 862 813 animae
881 792 1038 814 sanctorum

252 833 280 856 et
302 830 423 857 ﬁdelium
442 831 530 866 dignae
546 836 677 866 putantur
692 832 807 859 habere.
824 831 877 859 Nos
897 833 978 864 enim,
998 832 1040 859 in-

252 875 320 909 quit,
340 882 439 905 omnes,
457 881 555 904 retecta
572 877 649 911 facie,
665 878 712 904 hoc
727 882 776 909 est,
792 878 912 904 interiori
925 878 1037 910 homine,
1054 868 1076 895 Β

251 921 366 955 gloriam
379 921 484 948 Domini
501 923 527 949 iu
548 922 652 958 spei:qu
670 923 891 958 contemplamur,
907 924 942 950 ad
964 932 1038 950 eam-

253 967 311 994 dem
327 968 469 1002 imaginem
483 969 668 1003 transformati
681 969 712 995 de
729 969 815 1004 gloria
834 970 861 996 in
877 969 991 1003 gloriam
1005 969 1038 997 "‘.

253 1012 349 1039 Itidem
368 1021 374 1039 :
390 1013 474 1040 Moses
496 1014 674 1049 quadraginta
700 1014 789 1041 diebus
814 1023 845 1041 ac
861 1016 1038 1050 quadraginta

253 1058 379 1091 noctibus,
397 1063 426 1085 ut
442 1059 575 1094 scriptum
598 1064 650 1092 est,
672 1067 765 1094 panem
786 1068 837 1086 non
853 1060 973 1092 comedit,
993 1068 1039 1087 nec

253 1112 351 1139 aquam
366 1104 427 1130 bibit
443 1104 475 1131 ⁸⁷.
488 1104 559 1132 Fieri
574 1109 665 1132 autem
682 1113 738 1132 non
748 1109 848 1140 potest,
864 1109 894 1132 ut
906 1113 1039 1140 corporea

252 1155 349 1177 natura
367 1150 470 1184 absque
485 1157 554 1185 pane
571 1154 676 1178 tantum
691 1150 823 1185 temporis
838 1150 920 1177 vitam
939 1150 1038 1177 transi-

252 1200 308 1230 gat,
323 1195 376 1222 nisi
388 1196 459 1223 alius
473 1196 528 1223 cibi
549 1196 701 1230 spiritualis
722 1196 860 1230 particeps
877 1196 924 1223 ﬁat
937 1205 943 1222 :
957 1203 1039 1230 quem

252 1241 308 1275 26
320 1241 412 1268 cibum
427 1248 501 1268 nunc
516 1241 646 1276 temporis
669 1245 828 1269 sanctorum
851 1242 949 1269 animae
968 1242 1039 1270 invi-

252 1287 369 1314 sibiliter
383 1287 486 1314 virtute
502 1286 621 1322 Spiritus
636 1288 722 1315 sancti
739 1293 957 1323 consequuntur.

287 1384 333 1411 XI.
351 1385 464 1412 Duobus
489 1385 574 1420 igitur
590 1387 661 1421 typis
677 1387 775 1414 beatus
796 1387 884 1415 Moses
907 1388 1037 1420 ostendit,

253 1437 334 1464 quam
353 1430 381 1456 in
399 1431 602 1458 resurrectione
618 1431 740 1459 habituri
765 1433 820 1460 sint
842 1433 957 1468 gloriam
979 1434 1038 1461 veri

251 1475 417 1503 Christiani:
435 1475 550 1510 gloriam
567 1476 672 1504 scilicet
690 1477 802 1505 luminis
816 1482 844 1505 et
859 1478 973 1506 delicias
994 1479 1038 1506 in-

1090 241 1224 277 πολιτείᾳ,
1240 242 1288 268 καὶ
1304 242 1489 276 προσδοκῆσαι
1514 242 1544 267 ἐν
1567 241 1655 268 ἑλπίδι
1679 242 1728 268 καὶ
1749 241 1872 277 ὑπομονῇ

1089 287 1184 322 πολλῇ,
1210 287 1256 314 νῦν
1274 287 1473 322 καταξιωθῆναι
1501 286 1551 322 τὴν
1573 286 1604 319 ἑξ
1625 286 1741 321 ούρανοῦ
1760 286 1873 322 δύναμιν

1089 332 1182 359 λαϐεῖν
1205 333 1251 358 καὶ
1274 332 1352 364 δόξαν
1375 331 1421 358 τοῦ
1439 332 1516 366 ἁγίου
1531 332 1688 367 Πνεύματος
1705 332 1779 364 ἐντὸς
1794 333 1823 358 ὲν
1839 333 1872 367 τῇ

1088 378 1172 414 ψυχῇ,
1192 378 1235 404 Eva
1255 378 1315 404 τότε
1336 377 1474 412 λυομένων
1489 377 1543 404 τῶν
1564 377 1707 412 σωμάτων,
1732 377 1838 412 ἔχωμεν
1859 376 1874 403 ὃ

1089 423 1231 458 ἀμφιὰσει,
1247 422 1295 449 καὶ
1308 423 1471 457 ζωοποιήσει
1485 423 1569 457 ἡμᾶς
1584 423 1664 457 Ειγε,
1678 423 1770 458 φησὶν,
1786 422 1874 449 ἐνδυ-

1089 470 1211 503 σόμεθα,
1231 470 1267 496 οὐ
1281 468 1387 503 γυμνοὶ
1403 469 1630 502 εὑρεθησόμεθα
1641 477 1649 485 ·
1663 468 1710 495 καὶ
1725 467 1874 502 Ζωοποιή-

1089 523 1137 542 σει
1153 515 1190 542 τὰ
1205 515 1299 547 θνητὰ
1313 514 1435 548 σώματα
1451 513 1535 548 ἡμῶν
1549 514 1598 540 διὰ
1620 514 1673 541 τοῦ
1684 514 1874 546 ἐνοικοῦντος

1089 561 1182 588 αὑτοῦ
1200 562 1373 595 Πνεύματος
1393 561 1428 587 ἐν
1445 560 1528 594 ἡμῖν.
1547 559 1668 595 Μωῦσῆς
1686 559 1741 594 γὰρ
1755 561 1769 586 ό
1783 559 1873 594 μακά-

1091 614 1147 641 ριος
1163 605 1286 637 ὑπέδειξε
1297 605 1342 632 τὸν
1354 605 1439 632 τύπον
1448 605 1492 632 διὰ
1503 606 1552 639 τῆς
1567 605 1614 631 τοῦ
1630 605 1774 641 προσώπου
1791 603 1873 632 αὑτοῦ

1090 652 1265 686 ἐπικειμένης
1276 651 1324 678 τοῦ
1341 651 1499 686 Πνεύματος
1514 650 1603 685 δόξης,
1619 651 1658 682 εἰς
1671 651 1704 685 ἢν
1718 650 1805 682 οὐδεὶς
1825 651 1874 677 ἁν-

1090 697 1206 732 θρώπων
1222 696 1345 724 ἀτενίσαι
1356 695 1480 731 ἠδύνατο,
1501 695 1560 726 πῶς
1571 697 1600 722 ὲν
1612 697 1644 730 τῇ
1661 695 1808 722 ἀναστάσει
1821 695 1874 721 τῶν

1088 742 1200 769 δικαίων
1217 742 1410 776 δοξασθήσεται
1427 741 1461 768 τὰ
1475 741 1589 776 σώματα
1608 740 1663 767 τῶν
1676 741 1772 774 ἁγίων,
1787 741 1875 775 ἥνπερ

1089 787 1168 820 δόξαν
1182 786 1236 813 ἀπὸ
1249 786 1296 813 τοῦ
1312 787 1360 813 νῦν
1375 786 1481 813 ἔνδοθεν
1493 787 1539 812 ἐπὶ
1551 786 1590 822 τῷ
1603 786 1657 813 ἔσω
1669 785 1804 821 ἀνθρώπῳ
1823 786 1876 821 ψυ-

1091 834 1136 868 χαὶ
1152 833 1237 867 ἁγίων
1263 832 1311 859 καὶ
1340 832 1444 859 πιστῶν
1461 832 1654 865 καταξιοΰνται
1671 832 1753 867 ἔχειν.
1780 831 1874 866 Ἡμεῖς

1090 878 1155 912 γὰρ,
1177 878 1254 913 φησὶ.
1282 877 1394 910 πάντες
1415 877 1690 911 ἀνακεκαλυμμένῳ
1713 876 1873 910 προσώπῳ,

1090 923 1226 949 τουτέστι
1238 921 1278 955 τῷ
1292 922 1352 948 ἔσω
1361 921 1515 956 ἀνθρώπῳ,
1527 921 1585 955 τὴν
1594 921 1689 953 δόξαν
1698 921 1752 948 τοῦ
1764 922 1874 955 Κυρίου

1090 965 1348 1001 κατοπτριζόμεθα,
1360 967 1405 998 εις
1427 966 1485 999 τὴν
1499 965 1597 999 αὐτὴν
1612 966 1716 992 εικόνα
1728 973 1874 1000 μεταμορ-

1090 1014 1232 1047 φούμενοι
1260 1012 1318 1040 ἀπὸ
1343 1012 1435 1046 δόξης
1462 1013 1506 1044 εἰς
1518 1011 1623 1044 δόξαν.
1648 1011 1763 1046 Ὁμοίως
1783 1011 1874 1038 ’πάλιν⁸

1092 1058 1322 1092 Τεσσαράκοντα
1333 1058 1444 1092 ἡμέρας
1461 1057 1508 1084 καὶ
1526 1056 1752 1090 τεσσαράκοντα
1763 1056 1876 1089 νύκτας

1089 1105 1180 1138 ἄρτον
1191 1105 1246 1130 οὐκ
1267 1104 1389 1138 ἔφαγεν,
1417 1103 1455 1134 ὼς
1482 1103 1644 1137 γέγραπται,
1661 1102 1711 1130 και
1726 1102 1805 1137 ὕδωρ
1818 1103 1875 1129 οὐκ

1089 1150 1184 1177 ἔπιεν.
1207 1149 1348 1175 Ἀδύνατον
1362 1149 1390 1175 δὲ
1417 1148 1468 1184 τὴν
1493 1147 1540 1174 τοῦ
1558 1147 1684 1182 σώματος
1708 1147 1789 1182 φύσιν
1810 1147 1875 1174 ἄνευ

1090 1196 1172 1231 ἄρτου
1188 1195 1316 1222 τοσοῦτον
1340 1194 1434 1229 ζῆσαι,
1452 1195 1477 1220 εἰ
1503 1193 1540 1229 μὴ
1563 1192 1666 1228 τροφῆς
1683 1194 1780 1228 ἐτέρας
1794 1201 1876 1220 πνευο

1091 1241 1209 1277 ματικῆς
1225 1240 1430 1275 μετελάμϐανεν
1439 1247 1446 1254 ·
1466 1236 1557 1275 ἧσπερ
1585 1239 1687 1274 τροφῆς
1701 1239 1755 1266 ἀπὸ
1767 1239 1814 1265 τοῦ
1827 1238 1875 1266 νῦν

1089 1287 1143 1313 τῶν
1158 1287 1243 1320 ἁγίων
1257 1286 1342 1321 ψυχαὶ
1367 1285 1491 1321 ἀοράτως
1504 1285 1538 1311 ὲκ
1549 1284 1597 1310 τοῦ
1613 1283 1771 1320 Πνεύματος
1789 1292 1874 1320 μετα-

1089 1331 1269 1366 λαμϐάνουσι.

1124 1387 1176 1414 IA'.
1199 1387 1275 1414 Κατὰ
1301 1386 1348 1414 δύο
1376 1384 1423 1413 οὖν
1441 1386 1544 1418 τύπους
1559 1387 1574 1413 ὀ
1598 1387 1733 1422 μακάριος
1755 1385 1876 1422 Μωῦσῆς

1090 1431 1238 1465 ὑπέδειξεν,
1262 1432 1350 1468 ἥνπερ
1378 1433 1407 1458 ὲν
1429 1433 1462 1467 τῇ
1484 1431 1631 1458 ἀναστάσει
1665 1431 1755 1464 ἕξουσι
1796 1431 1876 1464 δόξαν

1090 1478 1177 1513 φωτὸς
1192 1479 1238 1505 καὶ
1247 1477 1353 1514 τρυφὴν
1370 1478 1466 1512 νοερὰν
1479 1477 1526 1504 τοῦ
1542 1477 1700 1513 Πνεύματος
1714 1478 1740 1504 οι
1753 1477 1876 1512 ἀληθινοὶ

253 1521 422 1548 tellectuales
447 1520 584 1556 Spiritus,
609 1522 711 1557 quibus
731 1523 814 1550 etiam
836 1524 943 1551 occulte
965 1533 1039 1553 nunc

1091 1525 1257 1559 Χριστιανοὶ,
1276 1521 1310 1560 ἧς
1327 1526 1372 1550 καὶ
1388 1524 1517 1558 κρυπτῶς
1529 1524 1582 1551 ἀπὸ
1594 1524 1641 1551 τοῦ
1657 1524 1705 1551 νῦν
1715 1523 1875 1557 καταξιοῦν-

253 1565 327 1600 digni
350 1570 520 1600 reputantur.
536 1565 684 1600 Propterea
703 1571 768 1594 tunc
789 1568 815 1594 in
837 1575 954 1603 corpore
975 1570 1038 1597 illo-

253 1618 314 1637 rum
326 1610 384 1638 baec
396 1611 577 1645 apparebunt.
595 1611 681 1644 Quam
695 1613 769 1639 enim
785 1621 859 1642 nunc
872 1614 899 1641 in
911 1615 969 1642 suis
980 1615 1040 1643 ani-

252 1657 305 1684 mis
321 1657 436 1691 gloriam
457 1657 544 1684 sancti
567 1657 679 1690 habent,
695 1662 726 1685 ut
742 1659 901 1693 praedictum
924 1666 976 1693 est,
993 1661 1039 1688 illa

254 1707 312 1730 tum
328 1707 399 1737 teget
412 1706 440 1729 et
452 1703 559 1737 operiet
575 1703 648 1731 nuda
662 1711 788 1739 corpora,
802 1710 831 1732 et
848 1705 882 1732 ad
895 1706 979 1734 caelos
995 1715 1040 1734 ra-

252 1748 327 1783 piet,
342 1752 370 1775 et
389 1748 497 1775 tandem
521 1756 637 1783 corpore
653 1755 681 1776 et
701 1750 793 1777 anima
818 1751 846 1778 in
869 1759 953 1787 regno
975 1760 1038 1780 cum

253 1793 368 1821 Domino
389 1793 594 1827 requiescemus
608 1794 636 1821 in
657 1789 766 1822 saecula.
787 1795 855 1823 Cum
877 1798 951 1824 enim
965 1798 1038 1825 Ada-

253 1846 328 1865 mum
343 1839 415 1865 Deus
429 1839 572 1871 conderet,
585 1847 641 1866 non
664 1842 828 1875 praeparavit
850 1843 876 1870 ei
893 1850 1039 1878 corporeas

253 1884 320 1915 alas,
337 1888 368 1910 ut
386 1884 553 1916 volatilibus,
568 1885 670 1920 quippe
692 1886 812 1920 Spiritus
831 1888 918 1915 sancti
936 1889 993 1916 alas
1012 1890 1038 1916 ei

253 1936 398 1963 apparans,
413 1929 465 1957 hoc
477 1934 530 1963 est,
541 1938 609 1965 quas
623 1931 772 1966 largiturus
781 1932 805 1959 ci
818 1939 890 1961 esset
905 1933 933 1960 in
946 1942 1038 1961 resur-

254 1977 386 2008 rectione,
410 1982 441 2004 ut
458 1977 546 2012 ipsum
563 1979 704 2006 elevarent
718 1983 746 2006 et
768 1980 926 2016 abriperent
952 1988 1038 2016 quor-

254 2031 315 2050 sum
330 2023 446 2057 Spiritui
469 2024 590 2058 placeret
607 2034 614 2051 :
632 2033 700 2059 quas
714 2026 771 2052 alas
781 2027 835 2061 jam
852 2035 927 2054 nunc
940 2027 1039 2055 animae

253 2073 410 2096 sanctorum
430 2069 532 2096 habere
551 2070 638 2105 digna:
653 2071 799 2103 habentur,
813 2079 874 2106 quae
889 2077 980 2100 mente
1003 2074 1037 2101 ad

254 2114 381 2141 ccelestes
415 2114 595 2149 cogitationes
625 2115 780 2143 subvolant.
815 2117 1037 2146 Christianorum

254 2161 327 2188 enim
340 2161 459 2188 mundus
473 2161 542 2187 alius
556 2164 609 2192 est,
621 2165 649 2187 et
663 2161 715 2188 alia
732 2169 837 2194 mensa,
850 2168 877 2190 et
888 2163 941 2190 alia
956 2163 1036 2190 indu-

254 2211 356 2239 menta,
372 2210 400 2233 et
423 2206 476 2232 alia
492 2206 596 2237 lruitio,
613 2206 664 2233 alia
681 2207 902 2239 communicatio.
920 2213 948 2235 et
968 2209 1038 2236 alius

254 2251 420 2278 intellectus.
437 2251 610 2286 Quapropter
627 2256 655 2279 et
675 2253 878 2286 praestantiores
894 2259 958 2281 sunt
981 2262 1039 2282 om-

254 2296 337 2323 nibus
356 2296 522 2324 hominibus.
547 2297 622 2324 lianc
643 2303 735 2324 autem
756 2299 885 2326 virtutem
912 2300 986 2327 intus
1010 2301 1038 2328 in

255 2341 354 2368 animis
368 2349 442 2368 nunc
456 2341 530 2376 digni
553 2346 683 2376 putantur
699 2343 822 2378 accipere
841 2352 889 2379 per
907 2344 1038 2379 Spiritum

255 2392 390 2414 sanctum.
414 2387 561 2421 Propterea
582 2395 690 2422 quoque
706 2389 734 2416 in
753 2391 955 2419 resurrectione
978 2400 1039 2419 cor-

256 2440 322 2466 pora
335 2433 446 2459 aeternis
463 2433 516 2460 illis
531 2433 649 2468 Spiritus
664 2435 750 2462 sancti
768 2435 848 2464 bonis
863 2437 1038 2465 habebuntur

256 2481 348 2516 digna,
360 2485 388 2508 ct
407 2480 500 2515 gloria:
522 2480 560 2507 illi
584 2481 834 2515 permiscebuutur,
852 2483 930 2518 cujus
944 2483 970 2510 in
987 2484 1038 2511 hac

255 2527 311 2553 vita
323 2527 420 2553 animae
432 2526 540 2553 illorum
553 2527 769 2561 experimentum
784 2533 969 2562 sumpserunt.

290 2618 348 2646 ΧΠ.
366 2619 453 2647 Debet
469 2620 552 2656 igitur
573 2622 762 2658 unusquisque
781 2628 906 2652 nostrum
922 2631 1038 2653 conten-

255 2664 332 2698 dere,
353 2665 494 2694 elaborare
507 2671 536 2694 et
562 2667 590 2694 in
607 2668 682 2695 omni
701 2668 834 2697 virtutum
858 2677 957 2705 genere
971 2678 1038 2705 ope-

255 2718 314 2738 ram
327 2711 473 2745 -adhibere,
490 2717 519 2740 et
533 2713 658 2748 credere,
678 2719 707 2742 et
718 2715 860 2751 requirere
875 2723 891 2743 a
911 2716 1038 2749 Domino,

1089 1578 1144 1596 ται.
1157 1569 1203 1596 Διὸ
1216 1570 1263 1596 καὶ
1279 1569 1340 1595 τότε
1362 1569 1409 1595 ἐπὶ
1433 1569 1479 1596 τοῦ
1496 1569 1621 1604 σώματος
1642 1569 1732 1596 αὐτῶν
1752 1577 1875 1604 φανερω-

1089 1614 1226 1649 θήσονται.
1246 1614 1297 1640 Ἦν
1317 1614 1371 1648 γὰρ
1393 1614 1447 1640 ἀπὸ
1460 1613 1508 1640 τοῦ
1521 1614 1568 1640 νῦν
1584 1613 1691 1649 ἔχουσιν
1706 1615 1735 1640 ἐν
1750 1615 1811 1645 ταῖς
1824 1614 1876 1648 ψυ-

1088 1661 1150 1695 χαῖς
1161 1661 1186 1686 οι
1200 1660 1273 1694 ἅγιοι
1297 1659 1385 1692 δόξαν,
1400 1659 1438 1691 ὡς
1456 1660 1630 1695 προείρηται,
1648 1660 1739 1694 ὲκείνη
1759 1659 1874 1694 καλύψει

1088 1706 1135 1732 καὶ
1151 1706 1295 1740 ἀμφιάσει,
1311 1706 1358 1732 καὶ
1379 1705 1413 1732 τὰ
1429 1705 1521 1740 γυμνὰ
1547 1705 1662 1740 σώματα
1675 1706 1722 1732 καὶ
1739 1706 1779 1737 εἰς
1793 1706 1874 1741 οὐρα-

1089 1751 1150 1782 νοὺς
1161 1751 1289 1786 ἁρπάσει,
1306 1751 1396 1777 καὶτὸ
1409 1751 1502 1777 λοιπὸν
1522 1750 1629 1786 σώματι
1645 1751 1693 1777 καὶ
1705 1751 1779 1786 ψυχῇ
1794 1752 1823 1777 ὲν
1838 1752 1871 1785 τῇ

1089 1796 1213 1832 βασιλείᾳ
1223 1797 1263 1828 είς
1272 1796 1373 1828 αἰῶνας
1384 1797 1432 1824 σὺν
1443 1796 1483 1832 τῷ
1493 1797 1588 1831 Κυρίῳ
1596 1796 1873 1832 ἀναπαυσόμεθαπὺν

1088 1843 1142 1878 γὰρ
1161 1843 1247 1878 Ἀδὰμ
1271 1843 1366 1875 κτίσας
1392 1843 1406 1869 ὁ
1429 1842 1506 1874 Θεὸς,
1521 1843 1552 1869 οὐ
1568 1844 1771 1870 κατεσκεύασεν
1797 1842 1872 1875 αὐτῷ

1089 1889 1250 1924 σωματικὰς
1278 1889 1417 1923 πτέρυγας
1440 1888 1479 1920 ὡς
1503 1890 1559 1920 τοῖς
1586 1890 1735 1921 πετεινοῖς,
1750 1888 1800 1920 τὰς
1824 1889 1872 1915 τοῦ

1089 1935 1246 1970 Πνεὺματος
1260 1934 1305 1961 τοῦ
1318 1934 1395 1968 ἀγίου
1405 1934 1542 1969 πτέρυγας
1559 1935 1774 1970 προευτρεπίσας
1788 1935 1871 1970 αὐτῷ,

1087 1980 1225 2006 τουτέστιν
1247 1979 1280 2010 ἃς
1299 1979 1389 2013 μέλλει
1411 1979 1511 2006 διδόναι
1530 1979 1604 2014 αὐτῷ
1624 1981 1653 2006 ὲν
1666 1981 1700 2016 τῇ
1715 1981 1871 2013 ἀναστάσει,

1088 2025 1132 2051 ἵνα
1149 2024 1229 2050 αὑτὸν
1242 2023 1391 2058 κουφίσωσι
1402 2024 1450 2050 καὶ
1458 2025 1619 2058 ἁρπάσωσιν
1641 2024 1705 2051 ἔνθα
1717 2025 1747 2051 τὸ
1761 2024 1872 2059 Πνεῦμα

1090 2069 1227 2104 βούλεται·
1247 2069 1280 2101 ἃς
1309 2069 1446 2104 πτέρυγας
1473 2070 1528 2097 ἀπὸ
1542 2070 1589 2097 τοῦ
1612 2070 1661 2097 νῦν
1673 2071 1700 2097 αι
1719 2071 1803 2106 ψυχαὶ
1817 2072 1871 2098 τῶν

1089 2115 1173 2150 ἁγίων
1192 2114 1383 2146 καταξιοῦνται
1406 2115 1479 2149 ἔχειν
1501 2116 1541 2147 είς
1560 2115 1590 2142 τὺ
1608 2115 1732 2151 οὐράνιον
1744 2117 1870 2152 φρόνημα

1088 2160 1127 2194 τῷ
1141 2159 1180 2194 νῷ
1193 2160 1376 2194 ἀνιπτάμεναι
1387 2168 1393 2176 ·
1410 2161 1580 2196 Χριστιανῶν
1596 2161 1650 2197 γὰρ
1662 2161 1763 2197 κόσμος
1779 2162 1872 2196 ἕτερός

1050 2192 1077 2222 Ι)
1089 2192 1146 2231 an
1159 2192 1206 2231 καὶ
1218 2204 1285 2239 ἄλλη
1295 2192 1428 2240 τράπεζα,
1437 2192 1488 2233 ’και
1500 2206 1568 2233 ἄλλα
1581 2192 1727 2242 ἐνδόματσὶ,
1745 2192 1791 2233 atat
1805 2192 1871 2242 siin

1090 2250 1252 2283 ἀπόλαυσις,
1278 2251 1325 2276 καὶ
1349 2250 1414 2286 ἄλλη
1431 2251 1568 2282 κοινωνία,
1591 2253 1638 2278 καὶ
1654 2252 1718 2279 ἀλλο
1732 2253 1869 2288 φρόνημα.

1089 2296 1134 2322 Διὺ
1148 2296 1195 2322 καὶ
1214 2297 1354 2331 κρείττους
1376 2297 1487 2324 πάντων
1512 2298 1665 2333 ἀνθρώπων
1695 2299 1871 2333 τυγχάνουσι.

1089 2341 1198 2368 Τούτων
1221 2342 1251 2369 δὲ
1270 2342 1320 2378 τὴν
1345 2342 1459 2378 δύναμιν
1476 2343 1525 2370 νῦν
1551 2343 1625 2370 ἔνδον
1641 2345 1671 2369 ὲν
1690 2345 1750 2375 ταῖς
1775 2344 1873 2378 ψυχαῖς

1089 2387 1279 2421 καταξιοῦνται
1293 2387 1384 2414 λαϐεῖν
1399 2388 1443 2415 διὰ
1466 2389 1513 2415 τοῦ
1538 2389 1616 2423 ἁγίου
1641 2389 1798 2424 Πνεύματος
1810 2398 1818 2406 ο
1835 2389 1874 2415 διὸ

1091 2432 1139 2459 καὶ
1165 2433 1195 2458 ὲν
1219 2433 1252 2467 τῇ
1277 2432 1472 2459 ἀναστάσειτά
1491 2432 1604 2468 σώματα
1625 2434 1873 2469 καταξιωθήσονται

1089 2478 1143 2503 τῶν
1155 2477 1270 2504 αἰωνίων
1286 2477 1397 2504 ἐκείνων
1412 2478 1458 2504 τοῦ
1474 2477 1631 2512 Πνεύματος
1643 2478 1764 2511 ἀγαθῶν,
1777 2480 1823 2505 καὶ
1839 2480 1873 2514 τῇ

1088 2522 1152 2558 δόξῃ
1161 2522 1252 2557 ἐκείνῃ
1266 2522 1510 2557 ἀνακραθήσονται,
1519 2519 1552 2557 ἧς
1566 2522 1621 2549 ἀπὸ
1632 2522 1679 2549 τοῦ
1691 2523 1737 2550 νῦν
1751 2523 1875 2558 αιψυχαὶ

1087 2567 1177 2594 αὐτῶν
1192 2567 1241 2602 τὴν
1252 2569 1350 2602 πεῖραν
1362 2568 1496 2600 ἐδέξαντο.

1122 2624 1174 2650 lB’.
1199 2623 1316 2658 Ὀφειλει
1335 2623 1425 2650 τοίνυν
1445 2623 1560 2656 ἕκαστος
1581 2624 1660 2659 ἡμῶν
1678 2623 1873 2658 ἀγωνίσασθαι,

1088 2670 1135 2697 καὶ
1152 2669 1278 2705 πονῆσαι,
1296 2670 1343 2697 καὶ
1359 2670 1508 2697 σπουδάσαι
1527 2671 1557 2697 ὲν
1572 2671 1676 2702 πάσαις
1685 2670 1808 2706 ἀρεταῖς,
1826 2669 1874 2696 καὶ

1089 2713 1233 2742 πιστεῦσαι
1262 2715 1310 2741 καὶ
1336 2714 1452 2750 ζητῆσαι
1482 2715 1556 2750 παρά
1584 2715 1696 2750 Κυρίου,
1713 2716 1744 2749 ἐξ
1765 2714 1874 2750 ἐκείνης

290 2821 346 2850 “ll
359 2821 423 2850 Cor.
436 2830 463 2855 v,
476 2823 503 2851 3.
541 2823 563 2840 "
579 2823 658 2856 Rom.
678 2831 735 2857 vmI
750 2825 794 2852 lt.
833 2826 856 2842 ⁶⁶
871 2825 894 2852 ll
907 2824 971 2852 Cor.
991 2833 1030 2860 iu,
1046 2825 1090 2853 18.
1128 2826 1149 2842 ⁸⁷
1163 2825 1251 2854 Exod.
1266 2833 1356 2859 uxrv,
1370 2825 1416 2854 28.
