2067 3149
233 145 285 178 517

853 151 1038 183 HOMILI/E.
1055 166 1090 173 —
1104 153 1197 185 HOM.
1217 156 1267 187 VI.

1817 171 1868 203 518

236 205 283 237 τῆς
314 202 394 237 δόξης
409 202 463 229 ἀπὺ
479 203 526 230 τοῦ
543 204 590 231 νῦν
608 205 722 240 μέτοχον
742 205 871 240 γενέσθαι
897 206 943 233 τὸν
971 207 1009 233 ἔστ

1060 230 1063 237 _
1079 213 1109 234 ut
1125 208 1200 238 illius
1218 210 1312 245 gloriae
1328 213 1363 240 ab
1378 213 1430 242 hoc
1444 220 1566 252 tempore
1580 219 1719 256 particeps
1738 222 1785 251 ﬁat
1799 225 1869 253 inte-

232 248 388 284 ἄνθρωπον.
404 249 451 276 καὶ
476 250 505 276 ὲν
521 249 615 286 ἐκείνῃ
628 253 660 286 τῇ
677 251 802 286 ἁγιότητι
823 252 871 278 τοῦ
894 252 1024 287 Πνεῦμα-

231 303 276 326 to;
295 295 345 330 τὴν
360 295 450 330 ψυχήν
474 296 651 331 κοινωνῆσαι.
669 297 711 323 ῐνα
736 296 948 333 καθαρισθέντες
977 297 1024 324 τὸν

232 339 319 374 ῥύπον
341 341 391 376 τῆς
418 341 518 372 κακίας
549 341 656 377 ἔχωμεν
667 344 718 369 κάν
731 344 765 378 τῇ
781 343 930 370 ἀναστάσει
945 343 960 370 ὃ
974 344 1024 378 ἁμ-

232 386 324 420 φιάσει
345 387 438 422 γυμνὰ
450 387 484 414 τὰ
498 386 613 422 σώματα
624 388 704 423 ἡμῶν
716 389 898 424 ἀνιστάμενα.
912 389 959 416 καὶ
974 389 1023 425 τὴν

229 432 425 468 ἀσχημοσύνην
447 433 552 459 ὲνδύσει
571 434 619 460 καὶ
635 433 808 470 ζωοποιήσει,
829 436 876 462 καὶ
893 436 935 467 είς
957 435 1023 462 αἰῶ-

229 487 276 510 νας
294 478 324 504 ὲν
341 479 374 514 τῇ
392 478 516 515 βασιλείᾳ
525 479 678 506 ἀναπαύσει
691 479 745 506 τῶν
769 481 902 516 οὐρανῶν.
921 481 1021 508 Μέλλει

229 524 308 559 γάρὸ
323 524 440 558 Χριστὸς
463 525 496 551 ὲκ
524 525 580 552 τῶν
609 526 731 561 οὐρανῶν
759 527 953 562 κατέρχεσθαι,
973 528 1022 554 καὶ

229 569 318 596 πάντα
331 570 366 596 τὰ
385 569 457 604 φῦλα
469 570 517 596 τοῦ
539 570 626 606 Ἀδὰμ.
639 572 799 607 ἀναστήσει,
816 573 880 603 τοὺς
896 573 944 599 ἀπ’
956 573 1021 599 αίῶε

227 623 272 646 νος
286 614 478 650 κοιμηθέντας,
503 615 573 643 κατά
595 615 644 647 τὰς
668 615 749 650 ἁγίας
765 616 888 652 Γραφάς.
910 618 965 643 Καὶ
979 619 1020 649 εἰς

228 660 275 686 δύο
292 660 364 695 μέρη
381 660 476 695 στήσει
491 660 606 692 πάντας,
626 661 673 687 καὶ
691 661 755 692 τοὺς
781 661 893 697 ἔχοντας
907 662 938 688 τὸ
955 663 1020 689 ἴδιον

229 704 352 737 σημεῖον,
366 703 488 729 τουτέστι
503 704 552 738 τὴν
564 705 701 739 σφραγῖδα
716 705 762 731 τοῦ
780 707 948 741 Πνεύματος,
958 706 1019 733 τού-

227 754 288 778 τους
312 747 350 778 ὡς
375 747 455 779 ιδίους
476 749 678 783 προσφωνήσας
702 750 735 775 ὲκ
750 750 844 782 δεξιῶν
856 751 961 785 στήσει.
980 752 1019 778 Τὰ

225 793 282 827 ἐμὰ
291 793 355 828 τὰρ,
368 794 444 829 φησὶ,
453 795 585 828 πρόϐατα
593 795 647 829 τῆς
655 795 729 830 ἐμῆς
739 796 843 831 φωνῆς
853 797 1000 824 ἀκούουσι
1008 806 1016 813 “

226 839 273 865 καί
284 847 291 854 ·
310 839 454 866 Γινώσκω
469 840 506 867 τὰ
532 840 598 875 ἐμὰ,
617 840 666 867 καὶ
680 841 863 876 γινώσκομαι
880 842 940 869 ὑπὸ
958 841 1017 868 τῶν

224 884 314 919 ἐμῶν.
337 885 392 912 Καὶ
405 885 467 912 τότε
481 885 544 921 δόξῃ
560 886 622 921 Θείᾳ
634 886 669 913 τὰ
690 886 805 922 σώματα
818 887 922 914 τούτων
937 895 1016 922 περιη
1030 878 1054 908 Β

225 930 406 966 ϐληθήσονται
421 932 454 958 ὲκ
473 931 527 958 τῶν
546 932 655 966 ἀγαθῶν
668 932 767 968 ἔργων,
781 933 828 959 καὶ
839 933 917 966 δόξης
930 933 1015 960 Πνεύ-

226 985 309 1011 ματος
336 977 443 1003 ἔσονται
472 977 597 1013 πλήρεις,
622 976 657 1014 ἧς
683 979 737 1005 ἀπὸ
755 979 801 1005 τοῦ
821 978 869 1006 νῦν
885 977 959 1014 εἶχον
984 980 1015 1005 ὲν

224 1024 283 1055 ταῖς
296 1024 405 1059 ψυχαῖς.
419 1025 476 1052 Καὶ
490 1025 562 1052 οὕτω
573 1026 749 1058 δοξασθέντες
759 1027 789 1053 ἐν
803 1026 842 1062 τῷ
853 1027 918 1062 θείῳ
930 1028 1010 1061 φωτὶ,

224 1070 269 1096 καὶ
286 1071 326 1101 εἰς
349 1070 480 1105 οὐρανοὺς
496 1071 700 1106 ἀρπαχθέντες
712 1073 754 1106 εις
770 1072 943 1106 ἀπάντησιν
958 1074 1011 1102 τοῦ

223 1115 333 1149 lt'vplov
339 1116 383 1148 εις
389 1115 471 1150 ἀέρα,
484 1118 556 1144 κατά
568 1119 598 1144 το
606 1118 807 1153 γεγραμμένον,
814 1118 944 1146 πάντοτε
950 1119 1012 1146 σὺν

223 1160 263 1193 τῷ
283 1161 384 1196 Κυρίῳ
396 1162 536 1197 ἐσόμεθα,
550 1163 598 1190 σὺν
607 1164 683 1199 αὐτῷ
695 1164 880 1199 βασιλεύοντες
895 1166 935 1197 είς
949 1165 1012 1198 τοὺς

222 1207 392 1242 ἀπεράντους
406 1208 508 1241 αἰῶνας
520 1209 575 1237 τῶν
590 1210 706 1238 αἰώνων.
724 1210 822 1247 Ἀμήν.

524 1278 646 1305 ΟΜΙΜΛ
666 1279 712 1311 ς’.

226 1336 258 1360 οὶ
273 1335 454 1370 βουλόμενοι
475 1334 536 1368 θεῷ
561 1334 775 1370 εὐαρεστῆσαι,
801 1336 855 1367 τὰς
871 1335 964 1369 εὐχὰς
975 1335 1011 1362 ἐν

255 1369 375 1410 almis-1)"
382 1370 432 1410 καί
454 1371 580 1410 ἠσυχίᾳ,
596 1369 645 1410 καὶ
663 1372 833 1410 ἡμερότητα
849 1371 899 1410 θεαὶ
916 1371 1011 1404 σοφίᾳ

255 1405 403 1432 ποιεῖσθαι
417 1405 604 1439 ὀφείλουσιν,
620 1406 669 1432 ἵνα
687 1406 730 1440 μὴ
746 1405 888 1439 κραυγαῖς
903 1413 1010 1440 κεχρηέ

253 1441 340 1474 μένοι
353 1441 397 1472 εὶς
411 1440 528 1472 πάντας
545 1439 813 1470 σκανδαλίζωνται.
830 1439 955 1474 Συνέχει
973 1439 1009 1466 δὲ

255 1477 274 1509 ἡ
291 1475 392 1513 ᾀμιλία
421 1475 558 1513 amics“;
590 1475 655 1513 δύο,
676 1476 747 1513 etot
776 1474 875 1513 θρόνοι
896 1475 956 1513 Δνιιζί
981 1476 1009 1502 οι

252 1510 396 1544 στέφανοι
412 1509 559 1544 κτίσματά
570 1511 659 1542 εἰσιν,
675 1509 722 1536 καί
738 1510 806 1543 περὶ
821 1509 881 1536 τῶν
891 1509 1008 1537 δώδεκα

253 1545 368 1579 θρόνων
386 1545 439 1572 τοῦ
461 1544 590 1578 Ἰσραήλ.

253 1614 291 1639 Λ’.
309 1612 340 1638 υἱ
359 1612 574 1647 προσερχόμενοι
599 1611 639 1647 τῷ
666 1611 772 1648 Κυρίῳ,
793 1611 932 1646 ὀφείλουσι
957 1610 1006 1642 τὰς

218 1658 300 1693 εὐχὰς
315 1660 343 1685 ἐν
358 1657 459 1694 ἡσυχίᾳ
482 1658 529 1685 καὶ
547 1659 641 1693 εἰρήνῃ
668 1659 714 1684 καὶ
738 1657 904 1685 καταστάσει
920 1656 1004 1692 πολλῇ

218 1704 363 1737 ποιεῖσθαι,
381 1706 429 1731 καὶ
443 1705 503 1739 οὐχὶ
519 1704 657 1740 ἀπρεπέσι
679 1705 813 1738 κραυγαῖς
840 1703 888 1730 καὶ
903 1710 1003 1737 συγχε-

217 1749 357 1783 χυμέναις,
381 1749 449 1776 ἀλλὰ
473 1749 548 1784 πόνῳ
567 1748 681 1783 καρδίας
705 1749 752 1774 καὶ
781 1749 921 1783 λογισμοῖς
957 1749 1005 1784 νή-

217 1803 296 1829 φουσι
312 1795 458 1830 προσέχειν
474 1794 514 1829 τῷ
538 1793 642 1829 Κυρίῳ,
668 1793 723 1820 Καὶ
740 1793 833 1829 ὥσπερ
854 1793 902 1821 ἐὰν
925 1794 952 1820 εἰ
963 1802 1005 1826 τις

215 1840 286 1876 ἔχων
307 1840 382 1874 πάθη
408 1840 454 1866 καὶ
479 1839 710 1874 χαυτηριάζηται,
727 1838 775 1865 καὶ
798 1839 1002 1874 χειρουργῆται,

215 1885 302 1918 οὕτως
317 1886 448 1921 ἀνδρείως
463 1887 511 1913 καὶ
528 1887 740 1921 ὑπομονητικως
757 1886 836 1921 φέρει
854 1886 900 1912 τὸν
916 1895 1003 1921 προσ-

215 1931 365 1966 φερόμενον
378 1932 468 1965 πόνον,
482 1932 546 1959 ἄνευ
564 1931 680 1967 θορύϐου
693 1932 740 1959 καὶ
755 1931 879 1967 ταραχῆς
890 1933 1002 1968 κρατῶν

214 1977 327 2004 ἑαυτοῦ’
343 1978 396 2004 εἰσὶ
418 1978 446 2005 δὲ
469 1978 542 2005 ἄλλοι
566 1979 611 2005 τὸν
630 1978 712 2005 αὐτὸν
725 1978 805 2004 πόνον
822 1978 940 2013 ἔχοντες,
955 1980 1002 2006 καὶ

213 2023 243 2049 ἐν
267 2023 305 2059 τῷ
325 2024 554 2060 καυτηριάζεσθαι
580 2024 597 2060 ἦ
622 2024 844 2060 χειρουργεϊσθαι
866 2026 1001 2060 κραυγαῖς

212 2070 349 2105 ἁπρεπέσι
379 2071 542 2106 κέχρηνται·
573 2071 620 2096 καὶ
642 2071 723 2102 αὑτός
756 2070 816 2100 ἐστι
843 2070 925 2102 πόνος
952 2070 999 2096 τοῦ

213 2116 326 2152 βοῶντος
343 2116 448 2143 καὶτοῦ
470 2116 506 2151 μὴ
519 2116 644 2151 βοῶντος,
663 2115 709 2142 τοῦ
730 2115 936 2151 ταρασσομένου
953 2116 1001 2142 καὶ

211 2162 259 2188 τοῦ
273 2162 310 2197 μὴ
321 2161 536 2196 ταρασσομένου.
552 2162 613 2188 Εἰσί
627 2169 700 2192 τινες
719 2160 806 2192 οὕτως
821 2159 928 2195 ἔχοντες
942 2160 999 2187 θλί-

1078 257 1136 283 rior
1152 257 1246 290 homo,
1263 265 1291 287 et
1306 260 1333 288 in
1349 263 1494 291 sanctitate
1517 265 1562 292 illa
1578 266 1612 294 de
1635 267 1740 302 Spiritu
1758 272 1871 305 partici-

1076 307 1123 337 pet
1144 305 1246 338 anima,
1263 311 1303 338 ut,
1319 310 1477 344 expurgatis
1492 311 1621 340 sordibus
1632 314 1752 347 malitiae,
1769 315 1871 344 habea—

1075 356 1137 377 mus
1159 358 1269 386 quoque
1291 352 1319 379 in
1344 357 1547 385 resurrectione
1570 359 1643 393 quod
1660 360 1734 388 nuda
1751 369 1869 397 corpora

1074 399 1169 422 nostra
1194 398 1365 432 resurgentia
1393 400 1519 435 operiat,
1543 402 1746 432 deformitatem
1776 411 1867 443 tegat.

1074 439 1205 473 vivilicet,
1221 447 1250 469 et
1264 442 1291 470 in
1306 448 1441 472 aeternum
1457 448 1483 474 in
1500 454 1585 483 regno
1601 450 1735 478 ccelorum
1757 439 1868 481 refecit;

1071 485 1121 512 let.
1146 486 1338 516 Descensurus
1363 490 1438 518 enim
1463 497 1505 520 est
1530 494 1565 521 de
1587 496 1664 523 cmlis
1689 496 1817 526 Christus
1838 503 1867 526 et

1071 538 1170 560 omnes
1185 534 1378 568 generationes
1393 536 1458 564 Adae
1475 539 1668 573 suscitaturus,
1683 550 1744 576 quae
1758 543 1794 571 ab
1812 544 1866 571 ini-

1071 576 1110 603 tio
1133 579 1227 606 saeculi
1246 580 1488 616 obdormiverunt,
1504 590 1534 612 ut
1556 593 1634 614 sacra
1658 587 1801 624 Scriptura
1824 595 1866 618 te-

1071 627 1170 650 statur.
1187 624 1221 653 Et
1244 625 1272 653 in
1295 626 1364 655 duas
1388 633 1480 663 partes
1504 634 1607 659 statuet
1630 640 1726 662 omnes
1741 644 1748 661 :
1762 640 1790 665 et
1814 637 1862 671 qui

1071 669 1211 702 peculiare
1235 672 1355 707 signum,
1371 674 1399 702 id
1422 680 1475 707 est,
1493 676 1600 712 signum
1617 677 1737 714 Spiritus
1757 669 1863 710 habue-

1071 713 1137 747 rint,
1155 715 1207 743 hos
1219 718 1296 745 velut
1319 726 1385 746 suos
1405 722 1592 756 compellabit,
1609 713 1669 752 eta
1689 725 1793 754 dextris
1807 731 1863 755 sta-

1070 763 1137 787 tuet.
1150 760 1216 789 Μειε
1226 763 1305 796 enim,
1318 764 1419 799 inquit,
1430 774 1489 794 oves
1503 776 1589 795 meam
1604 777 1690 797 uocem
1701 772 1814 800 audiunt
1827 774 1860 806 ης

1067 809 1116 832 et:
1130 805 1186 841 Ego
1204 815 1329 843 cognosco
1349 818 1433 844 meas,
1453 816 1477 838 et
1497 822 1638 848 cognoscor
1661 824 1678 843 α
1702 818 1767 844 meis
1778 819 1810 845 ".
1828 819 1863 846 Et

1070 853 1128 877 tum
1142 859 1239 879 eorum
1254 860 1370 889 corpora
1388 856 1475 891 gloria
1495 858 1588 887 divina
1611 861 1861 892 circumdabuntur

1067 902 1101 942 es
1114 896 1199 942 bOnis
1217 899 1360 934 operibus,
1381 905 1409 928 et
1434 902 1474 930 illi
1493 903 1544 938 ipsi
1569 905 1655 940 gloria
1676 906 1797 942 Spiritus
1814 917 1861 936 re~

1066 939 1228 974 plebuntur,
1245 949 1327 977 quam
1351 944 1380 972 in
1394 945 1450 973 vita
1474 946 1526 975 hac
1543 939 1580 975 in?
1597 939 1858 981 anima—habebant.

1065 985 1100 1012 Et
1115 985 1152 1013 ita
1167 987 1272 1016 lumine
1286 989 1383 1018 divino
1402 990 1542 1026 illustrati,
1555 997 1584 1021 et
1607 995 1634 1022 in
1654 996 1754 1024 ccelum
1781 998 1859 1025 abre—

1064 1031 1103 1065 pti
1116 1033 1144 1059 in
1164 1041 1300 1062 occursum
1321 1036 1439 1070 Domini,
1460 1038 1488 1065 in
1512 1047 1586 1073 aera,
1603 1045 1634 1068 ut
1654 1042 1787 1077 scriptum
1804 1049 1858 1076 est,

1064 1077 1092 1103 in
1112 1081 1240 1106 (vternum
1262 1088 1322 1107 cum
1347 1081 1460 1110 Domino
1492 1085 1590 1112 erimus
1607 1085 1642 1117 '°,
1661 1094 1716 1114 una
1734 1095 1797 1116 cum
1823 1097 1858 1118 eo

1063 1127 1209 1157 regnantes
1219 1123 1246 1151 in
1261 1125 1370 1154 inﬁnita
1384 1128 1546 1156 saeculorum
1563 1130 1672 1158 saecula.
1687 1131 1785 1159 Amen.

1353 1279 1494 1308 HOMlLlA
1516 1283 1560 1310 Vl.

1061 1332 1111 1364 Qui
1126 1332 1181 1376 Dleo
1195 1333 1298 1376 placere
1312 1337 1430 1376 cupiunt,
1448 1345 1535 1371 preces
1547 1347 1610 1376 sua:
1630 1341 1663 1376 ini
1676 1350 1751 1376 pace.
1774 1347 1851 1371 tran-

1094 1367 1236 1409 quillitate.
1249 1367 1453 1409 mansuetudine
1463 1381 1493 1409 at:
1503 1374 1636 1409 sapientia
1651 1367 1737 1409 facere

1095 1410 1127 1446 tlte
1146 1402 1304 1446 clamoribus
1328 1406 1378 1446 usi,
1402 1407 1524 1446 opinions
1536 1402 1707 1446 'scanda'tum

1096 1437 1219 1478 continet
1246 1447 1308 1466 vero
1337 1441 1446 1468 homilia
1473 1443 1540 1470 ditas
1565 1437 1741 1478 ᾳιιιεειίοηεεξ

1095 1473 1184 1511 tinam:
1206 1478 1231 1511 e_t
1251 1482 1355 1511 corome
1377 1481 1506 1504 creaturae
1525 1473 1593 1511 sint,
1615 1483 1640 1506 et
1661 1480 1693 1506 de
1714 1473 1852 1510 duodecim

1095 1508 1196 1535 throni:
1211 1508 1306 1536 Israel.

1093 1608 1114 1635 l.
1129 1608 1180 1642 Qui
1193 1611 1329 1639 accedunt
1339 1611 1373 1639 ad
1389 1612 1547 1645 Dominum,
1557 1613 1661 1642 debent
1675 1622 1771 1650 preces
1784 1624 1851 1644 suas

1058 1652 1085 1680 in
1108 1653 1212 1689 quiete.
1237 1663 1304 1690 pace
1326 1661 1354 1683 et
1382 1657 1580 1692 tranquillitate
1604 1659 1690 1686 multa
1715 1659 1847 1694 fundere,

1056 1706 1112 1726 non
1127 1699 1230 1734 ineptis
1243 1705 1291 1728 aut
1305 1701 1428 1729 confusis
1443 1702 1609 1731 clamoribus
1627 1704 1679 1736 uti.
1693 1705 1740 1732 sed
1755 1706 1847 1733 inten-

1057 1744 1131 1771 tione
1147 1744 1240 1772 cordis
1254 1750 1282 1772 et
1297 1746 1509 1781 cogitationibus
1523 1748 1624 1777 sobriis
1638 1750 1781 1778 attendere
1792 1751 1847 1779 Do-

1055 1790 1140 1818 mino.
1155 1791 1257 1824 Veluti,
1280 1791 1346 1818 dum
1361 1793 1424 1827 quis
1445 1795 1543 1821 morbo
1563 1794 1616 1830 2⁵1
1640 1803 1800 1830 oppressus,
1821 1797 1845 1825 si

1054 1836 1179 1863 cauterio
1205 1836 1334 1864 inuratur
1356 1842 1385 1864 et
1410 1839 1565 1875 chirurgica
1593 1848 1675 1868 manu
1700 1846 1845 1876 tractetur,

1054 1889 1136 1915 quam
1154 1881 1264 1910 fortiter
1278 1887 1307 1910 et
1322 1883 1459 1918 patienter
1476 1885 1599 1913 dolorem
1615 1886 1721 1914 illatum
1736 1889 1845 1923 tolerat,

1053 1927 1158 1962 absque
1184 1928 1304 1956 tumultu
1327 1932 1356 1955 et
1377 1930 1584 1963 perturbatione
1610 1932 1731 1967 seipsum
1754 1934 1845 1962 conti-

1053 1980 1133 2000 nens.
1148 1973 1204 2001 Nec
1220 1974 1321 2001 desunt
1344 1975 1406 2007 alii,
1429 1975 1476 2010 qui
1498 1976 1596 2004 eodem
1621 1977 1716 2006 dolore
1741 1979 1844 2013 aﬂ'ecti,

1052 2019 1119 2046 dum
1135 2020 1260 2047 cauteria
1278 2021 1459 2054 adhibentur,
1472 2026 1520 2049 aut
1534 2030 1548 2049 a
1564 2023 1702 2058 chirurgis
1719 2024 1770 2059 ipsi
1789 2030 1845 2052 tra-

1052 2069 1174 2097 ctantur,
1191 2066 1386 2094 indecentibus
1402 2067 1570 2095 clamoribus
1592 2072 1708 2096 utuntur
1730 2079 1737 2097 :
1754 2074 1782 2097 et
1795 2079 1845 2105 par

1052 2114 1144 2138 tamen
1161 2115 1203 2138 est
1216 2111 1295 2138 dolor
1310 2111 1454 2140 clamantis
1465 2117 1494 2140 et
1507 2120 1563 2140 non
1574 2113 1730 2147 clamantis,
1743 2116 1846 2142 tumul-

1053 2155 1157 2182 tuantis
1168 2160 1196 2183 et
1210 2164 1266 2183 non
1281 2156 1485 2185 tumultuantis.
1500 2157 1570 2185 Sunt
1581 2158 1693 2193 quidam
1704 2160 1764 2194 qui,
1778 2159 1844 2187 dum

210 2208 256 2243 ψιν
268 2209 314 2235 καὶ
329 2208 421 2240 πόνον,
434 2208 482 2235 καὶ
492 2207 704 2238 εὐκαταστάτως
719 2207 866 2242 φερόμενοι
876 2206 940 2233 ἄνευ
954 2215 1000 2234 τα-

1060 2200 1181 2227 aumdem
1193 2200 1316 2228 dolorem
1329 2206 1357 2230 et
1367 2202 1522 2230 molestiam
1534 2203 1685 2236 sustinent,
1697 2205 1845 2240 tranquillo

211 2254 308 2290 ραχῆς,
321 2252 484 2290 κρατοῦντες
499 2253 602 2279 ἑαυτῶν
611 2253 657 2279 τὴν
668 2252 730 2280 νοῦν
741 2254 769 2278 ὲν
778 2253 833 2284 τοῖς
848 2251 997 2287 λογισμοῖς.

211 2300 271 2326 Εἰσὶ
279 2299 306 2326 δὲ
312 2299 441 2335 ἀλλοιτὴν
449 2299 533 2334 αὐτὴν
540 2298 628 2333 θλίψιν
640 2297 758 2333 ἔχοντες,
770 2297 818 2323 καὶ
826 2298 998 2333 ἀνυπομονή-

209 2354 263 2377 τως
276 2345 432 2381 φερόμενοι,
443 2344 513 2380 μετὰ
521 2343 638 2380 θορύϐου
653 2344 700 2371 καὶ
713 2344 836 2378 ταραχῆς
848 2343 897 2374 τὰς
911 2351 999 2379 προσ-

209 2392 292 2426 ευχὰς
314 2391 454 2422 ποιοῦντες
476 2391 515 2422 είς
530 2390 560 2417 τὸ
585 2390 634 2416 καὶ
662 2390 725 2422 τοὺς
741 2389 890 2420 ἀκούοντας
917 2398 1000 2416 σκαν-

208 2437 373 2469 δαλίζεοοαι.
390 2436 451 2463 Εἰσὶ
463 2436 491 2463 δὲ
503 2436 578 2463 ἄλλοι
597 2435 634 2471 μὴ
661 2436 769 2470 ἔχοντες
795 2435 886 2468 πόνον,
904 2436 944 2468 είς
969 2435 999 2461 δὲ

208 2483 348 2515 ἐπίδειξιν,
374 2482 391 2518 ἢ
419 2481 553 2508 ίδιωτείαν
576 2480 741 2516 φερόμενοι,
766 2481 902 2515 κραυγαῖς
933 2480 1001 2507 ἀτά-

209 2538 284 2560 κτοις
296 2529 459 2564 κὲχρηνται,
468 2528 506 2559 ὼς
519 2526 564 2554 διὰ
578 2527 682 2554 τούτων
694 2527 837 2562 δυνάμενοι
851 2526 1002 2562 εὐαρεστῆ-

208 2584 254 2603 σαι
274 2575 313 2611 τῷ
338 2575 408 2611 Θεῷ.

243 2669 281 2696 B'.
299 2669 337 2696 Οὐ
365 2669 419 2705 χρὴ
436 2670 465 2696 δὲ
489 2670 536 2696 τὸν
561 2669 610 2696 τοῦ
635 2667 703 2695 Θεοῦ
731 2667 824 2694 δοῦλον
842 2668 872 2694 ὲν
883 2666 996 2702 τοιαύτῃ

207 2714 398 2751 ἀκαταστασία
425 2713 506 2748 εἶναι,
534 2715 593 2743 ἀλλ’
623 2715 652 2740 tv
678 2713 754 2750 πάσῃ
772 2713 923 2749 ἡμερότητι
949 2712 996 2738 καὶ

208 2759 300 2795 σοφίᾳ,
316 2760 408 2792 καθὼς
438 2760 513 2788 εἶπεν
537 2761 552 2788 ό
571 2760 714 2796 προφήτης
728 2767 736 2775 ·
757 2758 820 2785 Ἐπὶ
839 2758 906 2784 τινα
934 2758 995 2785 ἑπι-

1052 2247 1146 2274 animo
1160 2247 1263 2280 ferunt.
1278 2252 1307 2275 et
1327 2248 1431 2283 absque
1448 2249 1656 2283 perturbatione
1673 2258 1730 2278 sua
1744 2251 1844 2278 mentis

1053 2291 1234 2326 cogitationes
1244 2291 1392 2320 sustinent.
1405 2292 1476 2320 Sunt
1487 2298 1516 2321 et
1528 2294 1575 2321 alii
1586 2294 1680 2322 eadem
1696 2295 1843 2322 atllictione

1052 2337 1187 2372 oppressi.
1202 2337 1251 2372 qui
1275 2337 1429 2372 impatienti
1451 2338 1545 2366 animo
1566 2339 1632 2366 dum
1650 2339 1724 2366 illam
1739 2339 1841 2371 ferunt,

1051 2390 1116 2410 cum
1132 2383 1252 2410 tumultu
1273 2387 1302 2410 et
1321 2383 1531 2417 perturbatione
1553 2391 1651 2419 preces
1667 2383 1797 2416 fundunt,
1812 2388 1843 2411 ut

1051 2427 1099 2462 qui
1116 2427 1243 2460 audiunt,
1267 2428 1427 2456 scandalum
1452 2428 1516 2456 inde
1535 2429 1710 2457 contrahant.
1724 2428 1795 2456 Sunt
1814 2433 1843 2456 et

1050 2474 1113 2506 alii,
1137 2473 1184 2509 qui
1211 2474 1337 2508 quamvis
1361 2475 1467 2502 nullum
1491 2475 1616 2503 dolorem
1643 2475 1781 2506 sentiant.
1806 2476 1841 2502 ad

1050 2519 1262 2547 ostentationem
1277 2523 1381 2552 tamen,
1405 2524 1453 2547 aut
1471 2527 1505 2548 ex
1528 2520 1661 2556 peculiari
1684 2527 1771 2553 more,
1788 2521 1840 2547 im-

1051 2564 1175 2600 portuisn
1188 2565 1357 2593 clamoribus
1374 2569 1502 2599 utuntur,
1521 2573 1553 2592 ac
1567 2565 1590 2592 si
1603 2565 1648 2593 his
1661 2565 1768 2600 possint
1781 2565 1840 2601 pla-

1050 2619 1114 2638 cere
1131 2611 1197 2638 Deo.

1087 2667 1119 2694 ll.
1135 2667 1194 2695 Non
1209 2672 1301 2695 autem
1323 2667 1402 2696 decet
1415 2675 1527 2695 servum
1543 2667 1592 2696 Dei
1607 2668 1635 2695 in
1656 2668 1709 2695 hoc
1726 2671 1781 2694 tam
1796 2667 1841 2695 in-

1050 2713 1204 2748 composito
1228 2717 1301 2741 statu
1317 2713 1422 2746 vivere,
1442 2714 1489 2741 sed
1510 2714 1538 2741 in
1554 2713 1628 2742 omni
1645 2713 1842 2748 tranquillitate

1051 2766 1083 2786 ac
1101 2759 1246 2794 sapientia,
1263 2763 1295 2787 ut
1310 2759 1401 2794 inquit
1422 2759 1556 2794 propheta
1574 2759 1635 2787 :Ad
1658 2767 1736 2795 quem
1757 2759 1841 2795 respi-

243 2874 266 2890 “
281 2873 361 2902 Joau.
379 2882 406 2908 ι,
421 2875 466 2902 27.
504 2874 525 2892 "
544 2874 611 2902 ibid.
634 2873 676 2901 14.
713 2874 736 2893 ⁷⁰
758 2871 878 2900 lTbesI.
895 2879 930 2904 ιν,
952 2871 994 2904 l6,
1012 2871 1056 2898 l7.
