2067 3149
213 151 264 183 519

830 148 859 177 S.
879 146 1038 177 MACARII
1059 145 1114 175 [EG
1120 145 1218 175 YPTII

1782 143 1834 175 520

209 207 289 239 riam,
305 205 355 232 nisi
371 204 407 232 ad
421 207 599 235 mansuetum,
615 206 639 229 et
659 202 785 237 quietum,
800 206 826 228 et
846 205 997 228 trementem
1012 228 1013 231 η

1063 201 1160 234 πέψω,
1179 199 1247 226 ἀλλ’
1267 198 1287 233 ἢ
1302 198 1351 225 ἐπὶ
1372 198 1426 225 τὸν
1442 197 1540 233 πρᾶον
1562 198 1613 225 καί
1632 197 1763 233 ἡσύχιον
1785 201 1834 227 καί

207 258 340 278 sermones
363 257 432 276 meos
453 249 495 275 "?
509 248 544 276 Et
567 247 737 282 temporibus
759 247 859 282 Moysis
880 250 908 274 et
930 246 996 273 Elia:

211 296 375 332 reperimus,
393 293 476 329 quod,
493 301 555 321 cum
574 293 603 320 in
618 292 844 327 apparitionibus.
862 298 922 326 qua:
943 291 998 318 illis

211 342 380 376 obtigerunt,
396 339 482 366 multa
499 338 651 365 ministeria
672 337 800 364 tubarum
820 340 848 363 et
864 337 997 364 virtutum

212 386 416 421 prazccssissent
431 384 538 411 Domini
555 384 734 418 maiestatem,
750 383 777 410 in
801 383 855 410 illis
870 382 999 409 omnibus

194 431 321 466 agnitus
345 430 429 457 fuerit
452 433 480 456 ct
502 429 660 464 apparuerit
684 429 817 456 adventus
840 427 949 455 Domini
971 427 1000 454 in

213 482 290 510 pace,
304 478 332 501 et
349 474 558 509 tranquillitate.
569 477 597 500 et
609 473 711 507 quiete.
726 472 793 499 Ecce
805 473 885 505 enim,
901 472 1000 507 inquit,

214 529 263 548 vos
275 529 348 548 aurai
368 521 462 551 tenuis.
482 524 507 546 et
522 520 549 546 in
573 527 603 546 ea
619 518 746 545 Dominus
761 519 795 544 ".
810 518 909 552 Liquet
923 526 1000 554 ergo,

213 565 287 600 quod
305 565 414 600 requies
434 565 541 592 Domini
563 564 615 591 sita
631 564 667 591 sit
681 563 708 590 in
721 570 787 598 pace
801 566 829 590 et
842 564 1001 598 tranquilli-

215 615 282 639 tate.
307 610 526 638 Fundamentum
551 610 636 642 enim,
651 608 725 643 quod
746 608 843 643 jecerit
868 607 961 641 homo,
975 612 1003 635 et

215 657 323 685 initium
336 657 409 691 quod
421 656 534 691 ceperit,
552 656 578 682 in
592 663 625 683 eo
638 663 725 690 usque
737 655 771 682 ad
788 654 870 682 ﬁnem
892 662 1002 689 perma-

214 708 271 730 net.
294 702 322 729 Si
346 702 400 729 alta
422 702 505 728 nimis
518 705 545 728 et
560 701 675 736 querula
689 708 756 728 voce
770 707 867 734 preces
889 699 1004 726 fundere

215 747 339 781 cwperit.
364 746 397 773 ad
416 745 498 773 ﬁnem
522 753 607 780 usque
627 745 750 772 eamdem
774 744 1004 771 consuetudinem

215 792 332 819 obtinet.
350 790 419 824 Quia
436 795 528 818 autem
553 790 686 817 Dominus
710 789 883 817 humanitate
907 790 1005 825 plenus

215 842 267 870 est,
283 836 427 871 contingit,
446 840 476 862 ut
497 835 563 862 huic
584 836 666 862 etiam
684 835 816 862 auxilium
833 839 954 869 praestet.
972 835 1005 862 Hi

216 883 299 917 igitur
312 886 422 916 propter
436 881 584 916 impulsum
602 881 696 916 gratia:
710 880 744 908 ad
761 880 842 908 ﬁnem
859 888 945 915 usque
958 888 1006 908 ea-

217 928 278 955 dem
301 926 501 954 consuetudine
535 930 669 957 utuntur,
696 926 822 960 quamvis
846 926 1007 964 videamus,

218 972 291 1008 quod
308 973 354 1000 hic
368 971 498 1007 precandi
512 971 611 998 modus
627 970 776 998 idiotarum
799 971 844 1002 sit.
862 975 1009 1006 propterea

218 1017 291 1053 quod
304 1017 365 1044 aliis
378 1017 538 1044 scandalum
549 1016 669 1051 pariant,
681 1021 710 1044 et
733 1016 840 1052 seipsos
853 1016 925 1044 inter
945 1024 1009 1051 pre-

220 1063 338 1090 candum
362 1062 536 1098 perturbent.

254 1119 299 1145 lll.
321 1118 423 1146 Verum
448 1122 541 1145 autem
572 1118 704 1146 orationis
727 1117 935 1145 fundamentum
959 1116 1011 1144 hoc

219 1169 271 1197 est,
287 1163 429 1190 attendere
441 1162 573 1189 nimirum
591 1161 814 1197 cogitationibus,
830 1165 859 1188 et
880 1161 910 1188 in
924 1161 1010 1188 multa

219 1208 416 1244 tranquillitate
439 1212 467 1235 et
491 1215 558 1242 pace
579 1215 677 1242 preces
702 1206 838 1238 fundere,
864 1210 894 1233 ut
916 1205 1011 1233 caeteri

219 1255 292 1282 nulla
315 1254 420 1281 ratione
443 1253 604 1280 scandalum
627 1252 774 1287 accipiant.
800 1251 852 1279 Hic
878 1252 972 1285 enim,
987 1251 1011 1278 si

220 1303 383 1327 consecutus
404 1299 519 1334 gratiam
542 1298 589 1325 Dei
604 1302 633 1325 et
648 1297 856 1333 perfectionem,
871 1305 960 1332 usque
975 1297 1010 1324 ad

221 1345 303 1373 ﬁnem
315 1344 460 1379 tranquille
473 1347 600 1378 precatus
614 1343 707 1376 fuerit,
724 1344 810 1379 magis
822 1344 925 1371 multos
939 1343 1008 1370 atdi-

221 1390 323 1417 ﬁcabit.
339 1389 398 1417 Non
419 1390 488 1416 enim
503 1393 540 1416 est
565 1389 724 1424 confusionis
736 1389 817 1421 Deus,
835 1389 880 1415 sed
893 1389 964 1424 pacis
978 1388 1011 1415 ⁷⁸.

221 1436 273 1469 Qui
287 1435 361 1463 enim
376 1435 544 1462 clamoribus
559 1439 683 1467 utuntur,
700 1435 889 1461 hortatoribus
907 1433 1013 1461 similes

222 1485 296 1513 sunt,
312 1484 339 1508 et
353 1488 408 1507 non
428 1484 544 1515 possunt
559 1480 661 1514 ubique
677 1480 796 1515 precari.
812 1487 902 1514 neque
922 1479 950 1507 in
965 1487 1010 1507 ec-

1048 245 1193 281 τρέμοντὰ
1207 254 1266 280 μου
1279 245 1351 279 τοὺς
1364 247 1478 280 λόγους
1490 254 1500 278 ;
1516 245 1572 272 Καὶ
1591 245 1636 271 ἐπὶ
1647 245 1694 271 τοῦ
1714 245 1835 278 Μωσέως

1049 292 1097 318 καὶ
1123 291 1170 317 τοῦ
1190 290 1266 318 Ἦλία
1295 291 1467 326 εὑρίσκομεν,
1496 291 1536 317 ὅτι
1562 291 1590 316 tv
1618 291 1652 325 τῇ
1688 291 1837 327 γιγνομένῃ

1051 337 1142 368 αὐτοῖς
1162 336 1309 371 ἐπιφανείᾳ
1324 336 1424 371 πολλῆς
1436 336 1572 368 διακονίας
1589 336 1754 371 γιγνομένης
1769 335 1834 362 σαλ-

1051 384 1158 417 πίγγων
1174 382 1222 409 καὶ
1248 382 1390 416 δυνάμεων
1417 381 1572 417 ἔμπροσθεν
1595 382 1646 416 τῆς
1670 381 1837 417 Δεσποτικῆς

1051 429 1141 461 ἀξίας,
1158 430 1187 455 tv
1217 428 1331 459 ἐκείνοις
1356 428 1423 454 πᾶσι
1444 427 1565 463 διεκρίθη
1586 428 1632 454 καὶ
1649 427 1806 463 ἐφανερώθη
1820 427 1838 463 ἡ

1052 474 1099 500 τοῦ
1116 474 1219 509 Κυρίου
1237 473 1384 508 παρουσία,
1399 474 1428 499 tv
1447 473 1554 508 εἰρήνῃ,
1583 472 1630 499 καὶ
1657 472 1768 508 ἠσυχίᾳ,
1792 473 1838 499 καὶ

1052 519 1215 547 ἀναπαύσει.
1236 519 1308 546 Ἰδοὺ
1324 519 1389 553 γὰρ,
1406 518 1483 553 φησὶ,
1501 518 1588 553 φωνὴ
1603 519 1698 552 αὔρας
1712 517 1838 552 λεπτῆς,

1054 566 1103 593 καὶ
1120 566 1155 593 ἐν
1171 565 1249 599 αὐτῇ
1265 566 1281 592 d
1300 565 1416 599 Κύριος.
1432 564 1574 591 Δείκνυται
1588 565 1689 596 τοίνυν,
1705 564 1746 590 ὃτι
1764 564 1781 599 ή
1793 563 1839 590 τοῦ

1055 613 1157 646 Κυρίου
1172 612 1325 643 ἀνάπαυσις
1349 612 1378 637 tv
1404 612 1502 647 εἰρήνῃ
1525 610 1574 637 καὶ
1588 610 1755 637 καταστάσει
1769 609 1838 636 ἐστί·

1055 656 1180 690 θεμέλιον
1195 655 1249 691 γὰρ
1277 655 1306 681 ὃν
1336 655 1442 691 τίθησιν
1470 654 1623 689 ἅνθρωπος,
1644 654 1691 680 καὶ
1705 654 1791 689 ἀρχὴν
1807 653 1840 688 ἢν

1055 702 1178 736 ἄρχεται,
1194 702 1223 728 tv
1238 701 1306 736 αὐτῇ
1324 701 1404 736 μέχρι
1417 700 1512 732 τέλους
1524 699 1647 734 διαμένει
1657 707 1664 714 ·
1679 699 1726 726 εὰν
1741 700 1769 725 ὲν
1783 708 1840 733 φω-

1055 748 1099 782 νῇ,
1114 747 1162 774 καὶ
1177 748 1284 782 ταραχῇ
1303 746 1418 782 ἄρξηται
1448 745 1497 780 τὴν
1519 745 1673 780 προσευχὴν
1694 744 1840 776 ποιεῖσθαι,

1058 792 1139 827 μέχρι
1157 791 1251 823 τέλους
1275 791 1325 825 τὴν
1347 790 1432 825 αὐτὴν
1450 789 1589 816 συνέθειαν
1603 789 1709 822 κρατεῖ.
1730 786 1840 822 Ἐπειδὴ

1056 837 1085 863 δὲ
1109 838 1123 863 ό
1146 836 1248 872 Κύριος
1277 835 1466 870 φιλάνθρωπός
1480 836 1548 867 ἐστι,
1565 834 1718 869 συμϐαίνει,
1737 833 1778 860 ὅτι
1794 833 1842 860 καὶ

1058 882 1145 918 τούτῳ
1169 882 1259 909 δίδωσι
1288 881 1424 916 βοήθειαν.
1451 877 1531 907 Οὗτοι
1553 879 1600 906 οὖν
1631 880 1676 906 διὰ
1704 880 1755 914 τὴν
1775 887 1842 912 προ-

1059 927 1163 964 τροπὴν
1179 927 1228 962 τῆς
1242 927 1364 962 χάριτος,
1389 926 1441 957 ἕως
1458 926 1550 957 τέλους
1570 926 1603 961 τῇ
1631 925 1699 960 αὐτῇ
1716 923 1845 960 σννηθείᾳ,

1060 974 1273 1008 ἁποκέχρηνται,
1289 972 1345 999 ἀλλ’
1357 971 1466 1007 ὁρῶμεν
1483 971 1524 998 ὅτι
1540 970 1571 997 τδ
1590 971 1669 1006 μέρος
1682 970 1762 997 τοῦτο
1776 970 1844 996 ἰδιω-

1059 1019 1113 1046 τῶν
1127 1020 1196 1051 ἐστι,
1212 1018 1255 1045 διὰ
1275 1018 1306 1045 τὸ
1331 1018 1378 1044 καὶ
1392 1017 1489 1048 ἄλλους
1518 1015 1717 1049 σκανδαλίζειν,
1737 1015 1785 1042 καὶ
1797 1015 1846 1042 ab.

1060 1066 1124 1098 τοὺς
1137 1064 1357 1101 τεταραγμένους
1370 1063 1506 1090 ποιεῖσθαι
1520 1063 1569 1098 τὴν
1586 1063 1749 1098 προσευχήν.

1096 1120 1135 1147 Γ’.
1156 1119 1185 1147 '0
1199 1120 1226 1146 δὲ
1246 1119 1373 1154 ἀληθινδς
1387 1119 1511 1154 θεμέλιος
1526 1118 1576 1152 τῆς
1590 1118 1745 1153 προσευχῆς
1768 1112 1846 1149 οὗτός

1062 1165 1131 1197 ἐστι,
1145 1165 1177 1192 τὺ
1192 1165 1334 1201 προσέχειν
1349 1166 1405 1196 τοῖς
1416 1164 1569 1199 λογισμοῖς,
1583 1164 1630 1190 καὶ
1645 1165 1674 1190 tv
1685 1163 1768 1199 πολλῇ
1781 1165 1847 1198 ἡσυ-

1063 1210 1108 1246 χίᾳ
1124 1210 1172 1237 καὶ
1198 1211 1296 1246 εἰρήνῃ
1311 1210 1449 1237 ποιεῖσθαι
1461 1210 1510 1245 τὴν
1535 1210 1700 1245 προσευχὴν,
1721 1209 1759 1239 ὡς
1779 1209 1846 1244 μήτε

1063 1257 1124 1287 τοὺς
1141 1255 1239 1288 ἔξωθεν
1264 1255 1498 1288 σκανδαλίζεσθαι.
1519 1252 1603 1286 Οὗτος
1620 1255 1675 1290 γὰρ
1693 1255 1740 1281 ἐὰν
1757 1253 1847 1280 ἐπιδέ-

1064 1302 1143 1337 ξηται
1153 1302 1201 1337 τὴν
1217 1302 1297 1337 χάριν
1307 1302 1354 1328 τοῦ
1368 1302 1447 1335 Θεοῦ,
1463 1302 1511 1328 καὶ
1527 1301 1667 1327 τελείωσιν
1678 1301 1743 1335 ἄχρι
1756 1299 1849 1331 τέλους

1064 1348 1094 1374 tv
1111 1348 1212 1384 ἡσυχίᾳ
1229 1348 1350 1382 ποιήσει,
1365 1347 1447 1374 πλέον
1463 1348 1525 1378 τοὺς
1539 1346 1653 1377 πολλοὺς
1666 1346 1848 1381 οἰκοδομήσει.

1066 1393 1107 1419 Οὐ
1124 1391 1179 1427 γάρ
1194 1392 1279 1419 ἐστιν
1300 1391 1527 1423 ἀκαταστασίας
1546 1392 1562 1417 ὁ
1587 1390 1671 1423 Θεὸς,
1685 1389 1755 1417 ἀλλ’
1769 1388 1849 1423 εἰρή-

1021 1464 1028 1470 ,
1064 1445 1131 1471 νης.
1148 1438 1180 1464 0i
1197 1437 1250 1473 γὰρ
1272 1438 1332 1468 ταῖς
1352 1437 1486 1472 κραυγαῖς
1498 1435 1676 1472 κεχρημένοι,
1691 1435 1852 1466 κελευσταῖς

1065 1483 1182 1514 ἐοίκασι,
1198 1482 1236 1517 μὴ
1250 1483 1393 1518 δυνάμενοι
1423 1482 1561 1517 πανταχοῦ
1578 1481 1718 1514 εὔξασθαι,
1737 1480 1805 1516 μήτε
1821 1480 1853 1506 ὲν

223 1526 323 1558 clesiis,
338 1532 428 1559 neque
447 1525 475 1552 in
494 1524 576 1556 vicis,
595 1525 650 1551 nisi
671 1525 741 1552 forte
752 1525 779 1552 in
802 1525 1011 1557 solitudinibus,

1065 1527 1235 1563 ἐκκλησίαις,
1254 1529 1324 1563 μήτε
1339 1529 1368 1554 tv
1383 1528 1510 1562 κώμαις,
1540 1528 1565 1553 εί
1585 1527 1622 1562 μὴ
1646 1527 1717 1562 τάχα
1738 1527 1766 1553 tv
1785 1527 1851 1560 ἐρη-

224 1580 274 1607 pro
293 1572 381 1599 lubitu
404 1578 465 1598 suo.
487 1569 539 1603 Qui
562 1574 652 1597 autem
676 1571 825 1605 tranquille
849 1576 1012 1605 precantur,

225 1623 320 1644 omnes
335 1616 363 1643 in
376 1616 450 1643 omni
472 1616 534 1643 loco
553 1615 699 1643 aediﬁcant.
713 1615 796 1642 Decet
816 1615 890 1643 enim
904 1623 1014 1642 omnem

226 1663 349 1690 laborem
360 1662 483 1689 hominis
491 1662 619 1689 consumi
629 1662 657 1689 in
670 1661 894 1696 cogitationibus,
905 1668 936 1688 ac
950 1661 1015 1688 sub-

225 1709 325 1743 iectam
351 1708 496 1735 materiam
520 1715 668 1742 pravarum
696 1707 891 1742 cogitationum
917 1706 1015 1741 praaci-

228 1754 308 1787 dere,
319 1758 348 1780 et
358 1753 522 1788 compellere
545 1753 665 1788 seipsum
680 1752 714 1780 ad
727 1753 824 1784 Detun,
847 1759 899 1779 nec
910 1752 1016 1780 obtem-

229 1808 326 1836 perare
351 1799 486 1827 voluntati
509 1799 722 1834 cogitationum,
749 1798 798 1826 sed
823 1805 871 1826 eas
895 1798 1016 1832 undique

229 1850 354 1873 errantes
367 1845 507 1880 colligere,
525 1845 710 1873 discernendo
725 1845 866 1872 naturales
880 1852 896 1872 a
913 1844 1015 1880 pravis.

229 1892 327 1919 Anima
342 1891 415 1918 enim
435 1899 496 1926 quae
516 1895 628 1926 peccato
643 1891 761 1918 obnoxia
781 1895 834 1924 est,
858 1890 972 1925 perinde
988 1897 1017 1917 se

229 1937 314 1964 habet
342 1944 375 1964 ac
389 1936 411 1964 si
437 1937 473 1964 sit
496 1937 522 1964 in
547 1941 640 1964 monte
654 1944 750 1972 magna
765 1936 843 1969 silva,
857 1940 905 1963 aut
923 1936 950 1963 in
967 1935 1018 1962 ﬁu-

231 1982 305 2009 mine
321 1981 480 2013 arundines,
498 1985 546 2008 aut
559 1981 650 2008 densa:
666 1981 751 2015 spina
767 1988 799 2008 ac
814 1987 937 2007 nemora.
953 1979 1019 2013 Qui-

232 2034 342 2062 cunque
357 2027 441 2062 igitur
454 2026 532 2053 illum
551 2026 641 2053 locum
663 2026 858 2061 transgressuri
882 2029 956 2057 sunt,
972 2031 1020 2052 eos

233 2071 382 2098 extendere
397 2078 505 2103 manus,
518 2075 546 2098 et
567 2078 629 2098 cum
642 2070 772 2098 violentia
793 2078 825 2098 ac
841 2070 935 2097 labore
952 2069 1020 2096 sub-

231 2117 332 2151 jectam
346 2115 489 2143 materiam
503 2115 611 2142 amoliri
625 2119 743 2149 oportet.
760 2115 797 2142 Ita
813 2122 923 2150 quoque
936 2118 1021 2140 mate-

234 2162 274 2188 ria
294 2161 490 2197 cogitationum
514 2161 677 2188 adversariae
693 2161 835 2195 potestatis
858 2161 955 2187 anima:
969 2159 1020 2186 ad-

234 2207 328 2234 haeret.
351 2207 447 2241 Magna
463 2207 545 2241 igitur
561 2206 646 2233 animi
669 2205 808 2241 diligentia
822 2212 853 2232 ac
868 2204 1019 2232 attentione
1034 2197 1058 2226 Β

234 2260 303 2287 opus
318 2257 369 2284 est,
387 2257 417 2280 ut
433 2253 495 2287 quis
511 2256 636 2280 secernat
650 2256 778 2279 externas
791 2250 972 2287 cogitationes
985 2249 1020 2277 ab

234 2298 391 2326 adversaria
408 2301 543 2333 potestate
566 2301 650 2325 ortas.

270 2402 326 2437 28
342 2401 386 2429 IV.
399 2401 448 2428 Est
457 2401 530 2428 enim
547 2400 609 2435 quis
621 2407 670 2427 sua
683 2399 768 2426 solius
777 2399 878 2427 virtute
890 2400 1021 2434 conlisus,

236 2448 396 2475 existimans
411 2450 508 2482 suopte
531 2450 617 2473 marte
639 2444 830 2481 circumiectos
847 2453 877 2473 se
896 2446 1023 2474 excidere

237 2500 317 2528 posse
338 2497 454 2520 montes.
466 2492 514 2520 Est
528 2499 639 2527 quoque
655 2491 735 2523 alius,
748 2490 806 2526 qui,
822 2499 885 2518 cum
903 2491 930 2519 in
947 2496 1024 2518 tran-

237 2539 374 2573 quillitate
388 2541 416 2565 et
428 2537 594 2565 discretione
615 2536 736 2564 animum
751 2544 832 2564 suum
853 2542 940 2572 regat,
960 2538 1024 2565 abs-

237 2591 292 2618 que
314 2583 369 2610 ulla
384 2582 578 2617 defatigatione
595 2581 703 2616 plenius
719 2589 789 2616 opus
809 2589 887 2608 suum
906 2581 1023 2616 perﬁcit,

237 2636 319 2663 quam
340 2628 395 2655 ille.
409 2627 455 2655 Sic
473 2628 500 2654 in
523 2627 652 2663 precibus
674 2634 784 2661 quoque
805 2631 870 2654 sunt
892 2627 1024 2662 quidam.

238 2674 298 2708 qui,
315 2680 378 2700 cum
394 2672 561 2699 clamoribus
576 2671 677 2706 ineptis
687 2675 809 2705 utantur,
822 2671 909 2699 veluti
925 2672 1023 2700 robore

238 2717 362 2752 corporis
377 2717 484 2751 conﬁsi,
505 2716 579 2745 haud
593 2720 696 2744 norunt
717 2716 789 2744 furta
802 2717 999 2752 cogitationum
1015 2727 1021 2745 :

1068 1574 1155 1609 μίαις,
1175 1574 1246 1601 κατὰ
1256 1574 1286 1600 τὸ
1300 1574 1406 1609 θέλημα
1415 1574 1514 1601 αὐτῶν.
1526 1575 1556 1600 υί
1567 1574 1589 1600 δ’
1607 1575 1635 1600 tv
1650 1573 1752 1608 ἡσυχίᾳ
1766 1580 1852 1607 προσ‹

1066 1619 1217 1655 ευχόμενοι,
1251 1620 1356 1652 πάντας
1385 1619 1571 1654 οἰκοδομοῦσιν
1612 1620 1641 1646 tv
1655 1619 1736 1645 παντὶ
1766 1618 1851 1653 τόπῳ.

1067 1665 1127 1701 Χρὴ
1139 1666 1194 1700 γάρ
1218 1665 1277 1692 ὅλον
1290 1665 1336 1691 τὸν
1350 1666 1445 1699 ἀγῶνα
1462 1665 1510 1692 τοῦ
1524 1665 1671 1701 ἀνθρώπου
1684 1664 1803 1691 ἐκτελεῖν
1823 1664 1853 1690 tv

1067 1711 1123 1740 τοῖς
1139 1710 1290 1745 λογισμοῖς,
1307 1710 1355 1737 καὶ
1371 1710 1420 1746 τὴν
1435 1711 1630 1746 περικειμένην
1646 1709 1713 1744 ὓλην
1731 1709 1787 1736 τῶν
1803 1717 1854 1735 πο-

1068 1755 1158 1790 νηρῶν
1177 1754 1318 1790 λογισμῶν
1336 1755 1506 1782 ἀποκόπτειν
1520 1776 1527 1788 ,
1544 1756 1591 1781 καὶ
1616 1755 1736 1788 ἐπείγειν
1758 1753 1854 1780 ἑαυτὸν

1069 1800 1136 1834 πρὸς
1155 1799 1201 1826 τὸν
1213 1800 1290 1832 Θεὸν,
1308 1801 1355 1827 καὶ
1380 1801 1418 1836 μὴ
1432 1801 1519 1826 ποιεῖν
1533 1800 1567 1826 τὰ
1588 1799 1728 1834 θελήματα
1741 1799 1794 1825 τῶν
1807 1798 1852 1825 λο-

1069 1846 1186 1882 γισμῶν,
1197 1847 1264 1874 ἀλλὰ
1290 1847 1459 1882 πανταχόθεν
1475 1846 1660 1882 ῥεμϐομένους
1675 1845 1774 1876 αὐτοὺς
1792 1852 1855 1870 συν-

1071 1891 1159 1925 άγειν,
1191 1892 1364 1928 διακρίνοντα
1384 1893 1447 1923 τοὺς
1471 1892 1606 1926 φυσικοὺς
1631 1891 1685 1917 ἀπὸ
1699 1891 1754 1917 τῶν
1771 1898 1854 1925 πονη-

1071 1937 1134 1973 ρῶν.
1159 1938 1308 1970 Πελάζεται
1330 1937 1384 1972 γὰρ
1407 1939 1423 1973 ἡ
1450 1937 1523 1972 ψυχὴ
1549 1937 1618 1964 οὖσα
1643 1937 1694 1963 ὑπὸ
1708 1937 1854 1972 ἁμαρτίαν,

1070 1983 1165 2017 ὥσπερ
1186 1983 1233 2009 ἐὰν
1288 1983 1317 2009 ὲν
1330 1983 1388 2018 ὄρει
1402 1982 1453 2017 ὓλη
1468 1982 1585 2018 μεγάλη,
1601 1982 1617 2017 ἣ
1634 1983 1663 2009 ὲν
1674 1981 1787 2017 ποταμῷ
1803 1990 1854 2008 κα-

1070 2027 1205 2063 λαμῶνες,
1225 2027 1243 2064 ἢ
1258 2027 1326 2062 δάση
1346 2028 1407 2054 τινὰ
1429 2027 1565 2060 ἀκανθῶν,
1583 2028 1631 2054 καὶ
1651 2027 1732 2054 ὑλῶν.
1758 2028 1790 2053 Oi
1808 2024 1855 2054 οὖν

1073 2072 1229 2108 βουλόμενοι
1249 2073 1283 2100 δι’
1303 2073 1409 2100 ἐκείνου
1431 2073 1478 2099 τοῦ
1499 2074 1581 2100 τόπου
1607 2073 1762 2108 παρελθεῖν,
1779 2073 1854 2107 ὀφεί-

1070 2118 1160 2145 λουσιν
1178 2118 1308 2145 ἐκτείνειν
1332 2119 1381 2150 τὰς
1401 2120 1505 2154 χεῖρας,
1521 2120 1569 2146 καὶ
1587 2120 1657 2153 μετὰ
1672 2118 1733 2153 βίας
1745 2120 1791 2146 καὶ
1806 2127 1855 2145 κα-

1073 2164 1159 2198 μάτου
1183 2164 1350 2191 ἀπωθεῖσθαι
1374 2165 1423 2200 τὴν
1452 2166 1647 2201 περικειμένην
1677 2164 1753 2200 ὕλην.
1778 2164 1858 2190 Οὕτω

1072 2210 1119 2236 καὶ
1144 2210 1161 2245 ἡ
1189 2209 1243 2237 τῶν
1253 2210 1390 2246 λογισμῶν
1415 2212 1463 2246 τῆς
1491 2211 1616 2243 ἐναντίας
1634 2211 1774 2246 δυνάμεως
1804 2210 1855 2246 ὕλη

1072 2255 1226 2290 περίκειται
1239 2258 1273 2291 τῇ
1293 2256 1376 2292 ψυχῇ.
1398 2257 1502 2292 Πολλῆς
1517 2255 1563 2284 οὖν
1574 2257 1692 2292 σπουδῆς
1707 2257 1754 2283 καὶ
1773 2264 1857 2291 προσ-

1072 2300 1137 2335 οχῆς
1154 2301 1213 2333 νοὸς
1234 2301 1322 2337 χρεία,
1343 2302 1387 2328 ἴνα
1409 2310 1451 2333 τις
1467 2302 1597 2339 διακρίνῃ
1611 2302 1676 2333 τοὺς
1701 2301 1858 2336 ἀλλοτρίους

1061 2345 1217 2381 ηλογισμοὺς
1229 2347 1279 2382 τῆς
1292 2347 1414 2378 ἐναντίας
1426 2347 1576 2382 δυνάμεως.

1107 2401 1226 2430 Δ¹.Ἔστι
1237 2402 1292 2438 γάρ
1299 2411 1341 2432 τις
1348 2403 1457 2438 θαρρῶν
1464 2404 1496 2438 τῇ
1505 2403 1601 2430 ἑαυτοῦ
1609 2401 1859 2438 δυνάμει,νομίζων

1072 2446 1118 2480 ἀφ’
1138 2447 1236 2474 ἑαυτοῦ
1257 2448 1402 2475 ἐκκόπτειν
1414 2448 1448 2475 τὰ
1460 2449 1639 2483 περικείμενα
1656 2449 1716 2484 ὅρη.
1736 2449 1814 2475 Ἔστι
1832 2448 1859 2473 δὲ

1073 2493 1151 2524 ἄλλος
1165 2492 1219 2521 ἀπὸ
1242 2493 1436 2525 καταστάσεως
1459 2495 1507 2520 καὶ
1519 2494 1681 2529 διακρίσεως
1695 2494 1804 2520 διοικῶν
1821 2491 1861 2527 τῷ

1073 2537 1114 2564 νοῒ
1130 2538 1226 2571 αὑτοῦ,
1242 2539 1289 2565 καὶ
1312 2539 1461 2573 ἀκαμάτως
1491 2539 1572 2566 πλέον
1597 2539 1700 2565 ἐκείνου
1727 2539 1757 2565 τὸ
1779 2539 1858 2574 ἔργον

1074 2583 1157 2610 αὐτοῦ
1181 2584 1308 2611 διανύων.
1328 2583 1406 2611 Οὕτω
1422 2585 1470 2611 καὶ
1488 2586 1517 2611 ὲν
1539 2586 1598 2616 ταῖς
1613 2586 1778 2620 προσευχαῖς
1805 2583 1859 2610 είσί
1883 2583 1893 2593 ’⁸

1075 2637 1146 2660 τινες
1176 2631 1310 2664 κραυγαῖς
1335 2630 1498 2666 κεχρημένοι
1529 2630 1691 2665 ἀπρεπέσιν,
1708 2630 1745 2661 ὡς
1769 2629 1801 2662 δὴ
1826 2630 1858 2664 τῇ

1077 2675 1220 2710 σωματικῇ
1240 2676 1313 2710 ἰσχύϊ
1331 2676 1505 2708 πεποιθότες,
1519 2676 1556 2711 μὴ
1576 2675 1676 2707 εἰδότες
1691 2675 1739 2706 τὰς
1757 2673 1860 2705 κλοπάς

1075 2720 1130 2746 τῶν
1145 2720 1293 2757 λογισμῶν,
1317 2721 1384 2749 ἀλλὰ
1401 2721 1557 2757 νομίζοντες
1578 2723 1612 2749 τῆ
1630 2721 1684 2761 ίδίᾳ
1704 2720 1815 2756 δυνάμει
1830 2719 1861 2747 τὸ

273 2840 295 2855 “
308 2841 358 2867 lsa.
375 2847 446 2871 LXVI.
464 2841 490 2869 2,
527 2840 575 2868 "l
596 2841 662 2875 Reg.
678 2848 732 2869 nix.
749 2839 791 2867 12.
830 2839 874 2866 ⁷³1
889 2839 953 2867 Cor.
966 2848 1022 2873 xw,
1037 2840 1079 2867 15.
