2067 3149
218 167 269 200 5°21

830 169 1016 200 HOMILIIE.
1031 182 1067 188 ·-
1082 171 1175 202 ΗΟΜ.
1193 173 1242 202 VI.

1784 179 1837 210 522

220 221 322 248 τέλειον
338 220 506 257 κατόρθωμα
526 221 672 248 ποιεῖσθαι.
687 221 748 248 Εἰσὶ
764 221 793 249 δὲ
807 222 892 255 ἄλλοι,
911 224 935 250 οἱ
950 224 1007 254 τοῖς

1062 225 1105 251 sed
1127 226 1283 253 existimant
1308 234 1338 254 se
1351 228 1461 263 propria
1484 227 1585 256 virtute
1605 215 1760 257 absolutum
1773 239 1843 266 opus

221 266 361 302 λογισμοῖς
376 267 566 303 προσέχοντες,
586 267 634 294 καὶ
659 268 720 294 ὅλον
734 267 780 294 τὸν
799 267 893 302 ἀγῶνα
914 267 1007 295 ποιού-

224 320 299 347 μενοι
324 312 436 340 Εσωθεν.
462 309 542 340 Οὗτοι
563 312 607 340 διὰ
626 313 675 348 τῆς
697 313 830 344 συνέσεως
850 312 939 340 αὐτῶν
961 314 1008 340 καὶ

222 358 384 392 διακρίσεως
408 359 536 385 δύνανται
549 358 733 394 κατορθῶσαι,
749 359 795 386 κει.)⁸
812 358 1008 386 ἀποσείσασθαι

221 404 284 432 τοὺς
297 404 531 439 ἐπανισταμένους
542 404 697 439 λογισμοὺς,
712 405 759 432 καὶ
776 405 844 440 μετὰ
859 405 890 432 τὺ
903 404 1009 441 θέλημα

176 477 179 478 ν
221 449 269 475 τοῦ
281 450 384 484 Κυρίου
406 450 579 485 πορεύεσθαι.
598 449 768 485 Εὑρίσκομεν
783 450 812 476 δὲ
827 449 905 485 ἐντῷ
927 450 1009 476 Ἀπο-

224 493 319 528 στόλῳ,
334 494 374 520 ὅτι
389 494 434 520 τὸν
441 493 636 529 οἰκοδομοῦντα
648 493 694 520 τὸν
705 494 784 521 ἄλλον
796 493 908 528 μείζονα
921 493 1006 527 λέγει.

222 538 291 572 Φησὶ
309 538 372 574 γάρ·
396 538 422 564 Ὀ
430 537 535 565 λαλῶν
544 539 708 573 γλώσσαις,
723 538 833 564 ἑαυτὸν
849 537 1006 572 οἰκοδομεῖ·

223 586 240 611 ό
259 583 293 610 δὲ
316 584 528 618 προφητεύων,
549 584 718 617 ἐκκλησίαν
742 583 907 618 οἰκοδομεῖο
938 585 954 610 ὀ
976 583 1011 610 δὲ

223 631 430 664 προφητεύων,
444 630 550 665 μείζων
563 630 583 664 ἢ
594 632 610 657 ό
624 630 727 657 λαλῶν
741 630 905 665 γλώσσαις.
925 630 1010 657 Ἐκα-

224 683 286 706 στος
303 673 348 702 οὖν
362 676 554 709 ἐπιλέξεταιτὸ
570 676 666 707 ἄλλους
684 677 870 712 οἰκοδομῆσαι,
887 676 935 703 καὶ
946 684 1011 703 κατ-

223 721 346 754 αξιοῦται
362 721 411 757 τῆς
424 721 562 757 βασιλείας
577 722 631 748 τῶν
641 721 775 757 οὐρανῶν.

261 823 296 848 E'.
315 821 485 855 Ἐρώτησις.
511 820 627 854 Ἐπειδὴ
646 829 726 853 τινες
756 820 910 855 λέγουσιν,
924 820 970 847 ὅτι
984 821 1011 847 ot

223 868 325 902 θρόνοι
343 867 392 895 καί
408 869 435 894 ol
451 867 594 901 στέφανοι
611 865 759 900 κτίσματά
779 867 854 899 εισι,
869 866 919 893 καί
942 866 1010 901 οὐχὶ

223 914 389 947 πνεύματα,
401 912 460 946 πῶς
478 913 639 947 ὀφείλομεν
654 911 793 939 ἀκοῦσαι.

266 970 445 1003 Ἀπόκρισις.
465 969 494 994 '0
512 968 606 1004 θρόνος
618 969 667 1003 τῆς
690 968 815 1004 θεότητος
829 969 843 995 6
856 967 918 1000 νοῦς
932 968 1010 1003 ἡμῶν

226 1015 301 1041 ἐστι·
327 1014 374 1040 καὶ
400 1014 481 1040 πάλιν
506 1014 521 1040 ό
545 1013 638 1048 θρόνος
659 1013 706 1040 τοῦ
721 1012 779 1046 νοῦ,
798 1014 815 1049 ἡ
831 1013 924 1048 θεότης
939 1013 1008 1046 ἐστὶ,

224 1060 272 1086 καὶ
287 1060 317 1086 τὸ
334 1059 453 1094 πνεῦμα.
474 1059 590 1094 Ὁμοίως
605 1059 634 1086 δέ
657 1059 705 1086 καὶ
726 1058 740 1085 ό
771 1059 901 1092 Σατανᾶς,
915 1059 963 1086 καὶ
983 1059 1012 1086 αἱ

225 1105 364 1140 δυνάμεις,
383 1106 430 1132 καὶ
445 1105 470 1132 οί
480 1105 610 1140 ἄρχοντες
625 1104 673 1131 τοῦ
693 1105 816 1138 σκότους,
834 1105 889 1132 ἀπὸ
899 1105 948 1139 τῆς
959 1113 1012 1131 πα-

226 1151 380 1186 ραϐάσεως,
393 1151 442 1186 τῆς
466 1150 575 1185 ἐντολῆς
589 1149 750 1177 ὲνεκάθισαν
773 1151 812 1182 είς
836 1149 885 1183 τὴν
897 1150 1012 1185 καρδίαν

226 1196 275 1223 καὶ
290 1197 330 1229 είς
342 1196 388 1223 τὸν
402 1195 473 1227 νοῦν,
487 1196 534 1222 καὶ
549 1196 588 1227 είς
601 1195 632 1221 τὸ
649 1195 727 1230 σῶμα
741 1195 788 1221 τοῦ
809 1194 904 1230 Ἀδὰμ,
917 1195 954 1226 ὡς
972 1196 1012 1227 είς

227 1242 325 1277 θρόνον
353 1241 428 1268 ῐδιον.
448 1241 548 1268 Λοιπὸν
561 1240 608 1267 οὖν
625 1240 668 1267 διὰ
681 1240 761 1266 τοῦτο
773 1238 855 1275 ἦλθεν
871 1241 885 1266 ὸ
899 1240 1011 1275 Κύριος,

226 1288 274 1314 καὶ
290 1286 386 1314 ἔλασεν
404 1287 436 1313 ἐκ
457 1287 505 1322 τῆς
521 1285 658 1321 Παρθένου
672 1285 702 1312 τὺ
714 1285 802 1320 σῶμα.
814 1285 844 1312 Et
854 1285 909 1320 γὰρ
918 1285 1013 1320 ἠθέλη-

229 1341 259 1359 σε
275 1333 365 1368 γυμνῇ
380 1333 413 1367 τῇ
427 1331 533 1366 θεότητι
551 1330 701 1362 κατελθεῖν,
716 1330 757 1362 τίς
771 1330 886 1365 ἠδύνατο
898 1331 1013 1364 ὑπενεγ-

228 1379 286 1404 κεῖν
297 1386 304 1410 ;
325 1377 406 1404 Ἀλλὰ
414 1377 458 1403 διὰ
471 1376 519 1403 τοῦ
530 1376 646 1411 ὀργάνου
656 1375 703 1402 τοῦ
718 1376 843 1410 σώματος
854 1375 942 1402 ἐλάλει
956 1377 1013 1408 τοῖς

228 1420 393 1457 ἀνθρώποις.
415 1421 516 1448 Λοιπὸν
539 1420 586 1448 οὖν
597 1421 632 1447 τὰ
645 1420 788 1455 πνεύματα
805 1420 855 1455 τῆς
871 1420 1011 1455 πονηρίας,

227 1465 246 1493 ἃ
260 1466 452 1498 ἐνεκαθέζοντο
470 1467 510 1498 εἰς
526 1467 556 1493 τὸ
572 1466 662 1501 σῶμα,
678 1465 803 1493 καθεῖλεν
817 1466 871 1493 ἀπὸ
884 1466 937 1492 τῶν
950 1466 1013 1502 θρό-

228 1521 292 1543 νων,
307 1512 362 1538 τῶν
378 1512 522 1547 νοημάτων
537 1512 583 1538 καὶ
605 1512 660 1538 τῶν
671 1511 820 1547 λογισμῶν,
833 1509 872 1543 οἷς
889 1512 1013 1539 ἐνεπολι-

1056 271 1239 307 perfecturos.
1259 272 1328 300 Sunt
1347 282 1456 309 quoque
1479 275 1544 307 alii,
1562 275 1608 310 qui
1632 275 1843 310 cogitationibus

1058 318 1221 350 attendunt,
1247 323 1276 346 et
1300 320 1425 354 praelium
1451 328 1531 348 omne
1559 321 1633 349 intus
1657 322 1842 350 committunt.

1059 361 1148 397 Hique
1160 367 1273 398 propter
1285 364 1455 392 intellectum
1467 373 1498 393 ac
1521 366 1714 395 discretionem
1729 373 1845 403 possunt

1059 412 1134 435 recte
1151 416 1241 444 agerc,
1257 413 1284 436 ct
1299 410 1407 437 amoliri
1426 410 1597 446 insurgentes
1612 413 1801 447 cogitationes,
1816 418 1845 441 et

1060 454 1211 481 secundum
1234 455 1402 482 voluntatem
1427 456 1534 483 Domini
1556 457 1706 485 ambulare.
1731 459 1845 494 Reperi-

1060 506 1122 526 mus
1136 503 1228 526 autem
1244 500 1317 534 apud
1335 500 1506 535 Apostolum,
1521 502 1593 536 quod
1605 510 1680 534 eum,
1695 503 1742 537 qui
1759 503 1843 530 alium

1059 545 1188 578 aedificat,
1207 546 1337 580 majorem
1352 546 1426 573 dicat
1441 554 1449 579 ;
1466 546 1555 581 inquit
1573 547 1649 574 enim
1667 557 1673 575 :
1693 548 1743 581 Qui
1760 549 1845 584 loqui—

1060 594 1104 617 tur
1117 590 1219 625 lingua,
1243 591 1358 625 seipaum
1374 590 1487 624 aediﬁcat
1503 599 1512 618 :
1525 595 1553 618 at
1564 593 1608 626 qui
1624 593 1771 627 prophetat,
1783 602 1845 620 con-

1060 637 1238 672 gregationem
1248 637 1362 670 wdiﬁcat
1373 645 1381 664 :
1393 637 1438 672 qui
1450 641 1537 664 autem
1547 639 1694 673 prophetat,
1708 640 1795 674 major
1807 644 1845 666 est

1060 691 1140 717 quam
1164 683 1210 718 qui
1233 683 1350 719 loquitur
1371 683 1467 720 linguis
1490 685 1523 712 ⁷⁵.
1547 685 1741 720 Unusquisque
1763 679 1846 721 igitu'r

1061 729 1143 764 eligat
1165 729 1258 764 potius
1278 729 1347 757 alios
1360 730 1510 763 mdilicare,
1525 735 1553 758 et
1569 730 1668 765 dignus
1688 731 1845 759 censebitur

1061 782 1145 809 regno
1164 774 1306 802 malorum.

1096 830 1128 858 V.
1150 830 1338 865 Interrogatio.
1362 831 1494 864 Quantam
1518 833 1627 867 quidam
1650 833 1757 864 dicunt,
1776 833 1847 868 quod

1025 893 1046 920 Β
1061 876 1147 903 throni
1172 880 1196 903 et
1218 884 1321 903 coronw
1336 881 1465 904 creatura
1474 878 1538 910 siut,
1549 882 1574 904 et
1586 886 1639 905 non
1651 879 1770 911 spiritus,
1782 887 1848 914 quo-
1900 892 1902 895 -

1062 921 1138 948 modo
1151 922 1206 949 haec
1221 921 1403 957 intelligenda.

1095 977 1249 1012 Responsio.
1263 977 1393 1006 anonus
1409 978 1563 1006 divinitatis
1578 983 1620 1006 est
1642 985 1720 1006 mens
1743 984 1847 1012 nostra,

1061 1026 1089 1049 et
1106 1030 1139 1049 ex
1153 1022 1279 1055 adverso,
1295 1022 1411 1051 thronus
1429 1029 1531 1050 nostra:
1549 1023 1649 1051 mentis
1661 1027 1703 1050 est
1718 1023 1848 1051 divinitas

1061 1072 1090 1094 et
1106 1067 1231 1102 spiritus.
1242 1067 1375 1095 Similiter
1385 1075 1497 1102 quoque
1512 1067 1637 1101 Satanas,
1647 1071 1675 1094 et
1686 1071 1846 1102 potestates,

1061 1116 1089 1139 et
1103 1112 1241 1147 principes
1253 1112 1430 1139 tenebrarum
1443 1116 1506 1147 post
1515 1113 1760 1148 transgressionem
1772 1121 1849 1140 man-

1061 1157 1128 1191 dati,
1142 1157 1301 1185 insederunt
1321 1165 1369 1185 cor
1393 1162 1421 1186 et
1443 1162 1574 1190 mentem,
1599 1164 1627 1185 et
1651 1166 1752 1193 corpus
1771 1159 1846 1191 Adae,

1063 1207 1190 1237 tanquam
1207 1203 1336 1230 thronum
1359 1204 1511 1238 proprium.
1532 1204 1680 1238 Propterea
1696 1211 1761 1238 ergo
1773 1203 1848 1231 venit

1062 1249 1204 1281 Dominus,
1222 1253 1250 1276 et
1265 1249 1412 1284 assumpsit
1425 1257 1460 1276 ex
1473 1249 1582 1284 Virgine
1601 1257 1712 1284 corpus.
1729 1249 1757 1276 Si
1772 1249 1846 1276 enim

1062 1294 1089 1320 in
1103 1294 1160 1321 sola
1171 1294 1313 1321 divinitate
1324 1294 1491 1321 descendere
1502 1294 1658 1329 placuisset,
1669 1294 1731 1329 quis
1741 1294 1847 1329 potuis-

1063 1344 1104 1366 set
1118 1339 1250 1366 suﬂ'crre?
1264 1339 1365 1366 Verum
1386 1346 1436 1374 per
1456 1346 1589 1373 organum
1610 1338 1734 1373 corporis
1750 1338 1847 1372 loque-

1030 1415 1039 1421 _
1064 1384 1144 1411 batur
1154 1392 1218 1411 cum
1230 1384 1399 1411 hominibus.
1414 1383 1588 1418 Quapropter
1599 1383 1714 1418 spiritus
1725 1383 1847 1415 malitia-4

1063 1430 1111 1464 qui
1127 1429 1289 1457 insedebant
1304 1437 1416 1464 corpus,
1431 1429 1548 1456 extrusit
1571 1437 1587 1456 e
1608 1428 1716 1456 thronis
1739 1428 1849 1455 intelle-

1063 1479 1124 1502 ctus
1136 1479 1165 1502 et
1178 1475 1385 1510 cogitationum,
1402 1482 1471 1509 quos
1488 1474 1696 1507 inhabitabant;
1711 1478 1739 1502 et
1751 1482 1850 1509 expur-

1064 1519 1137 1554 gavit
1151 1519 1349 1547 conscientiam
1369 1519 1512 1552 Dominus,
1533 1523 1562 1546 et
1583 1519 1635 1546 sibi
1656 1519 1785 1547 thronum
1799 1526 1848 1554 pa-

227 1558 347 1584 τεύοντο.
370 1557 426 1584 Καὶ
449 1557 597 1592 ἐκαθάρισε
620 1557 669 1593 τὴν
697 1557 848 1593 συνείδησιν
873 1557 1011 1592 όΚύριος,

1065 1564 1135 1592 ravit
1151 1569 1282 1597 mentem,
1299 1568 1327 1592 et
1340 1564 1530 1600 cogitationes,
1545 1568 1573 1591 et
1585 1571 1694 1599 corpus.

228 1603 277 1628 καὶ
291 1602 380 1637 ἐαυτῷ
396 1602 490 1638 θρόνον
507 1602 618 1637 ἐποίησε
634 1601 681 1629 τὸν
706 1602 768 1629 νοῦν
782 1603 829 1629 καὶ
855 1603 918 1634 τοὺς
941 1603 1013 1637 λογι-

230 1648 324 1683 σμοὺς,
340 1648 387 1675 καὶ
398 1648 429 1674 τὸ
441 1648 531 1683 σῶμα.

263 1707 308 1739 ς’.
330 1704 498 1740 Ἐρώτησις.
518 1705 545 1732 Τί
558 1703 615 1732 οὖν
628 1704 713 1732 ἐστιν
728 1704 743 1731 ὃ
759 1702 834 1731 εἶπεν
854 1714 863 1730 ι
880 1706 1013 1738 Καθησε-

227 1753 282 1779 σοε
298 1751 347 1778 ἐπὶ
366 1751 481 1778 δώδεκα
501 1753 635 1785 θρόνους,
654 1752 808 1786 κρίνοντες
828 1751 882 1784 τὰς
900 1751 1014 1779 δώδεκα

227 1797 329 1831 φυλὰς
344 1797 398 1824 τοῦ
420 1796 543 1830 Ἰσραήλ
552 1806 562 1829 ;
578 1806 587 1822 ι

271 1852 451 1886 Ἀπόκρισις.
469 1852 556 1880 Τοῦτο
579 1853 744 1888 εὑρίσκομεν
762 1853 805 1879 ὃτι
828 1853 875 1880 ἐπὶ
898 1853 948 1888 τῆς
961 1855 1013 1889 γῆς

228 1899 347 1931 ἐγένετο,
363 1898 407 1924 ὅτε
421 1899 435 1924 ο
454 1898 556 1933 Κύριος
570 1899 707 1934 ἀνελήφθη
731 1899 771 1930 είς
785 1899 847 1930 τοὺς
861 1899 992 1934 οὐρανούς
1005 1908 1011 1915 ·

227 1943 335 1979 ἔπεμψε
347 1945 400 1980 γὰρ
416 1944 446 1971 τὸ
469 1945 580 1979 Πνεῦμα
593 1944 625 1972 τὸ
639 1945 813 1980 παράκλητον
832 1946 873 1977 εὶς
886 1945 949 1976 τοὺς
961 1945 1012 1971 δώ-

216 1991 294 2031 δεκα
309 1990 483 2024 ἀποστόλους,
506 1991 553 2018 καὶ
573 1992 620 2027 τὴν
646 1991 727 2025 ἁγίαν
750 1991 875 2025 δύναμιν,
892 1992 954 2027 ἥτις
970 1991 1013 2018 ἐλ-

226 2035 312 2063 θοῦσα.
339 2038 541 2073 κατεσκήνωσε,
558 2037 606 2064 καὶ
632 2038 789 2064 ἐνεκάθισεν
805 2039 845 2070 είς
872 2039 936 2069 τοὺς
951 2035 1014 2074 θρόὲ

227 2091 289 2114 νους
300 2083 356 2110 τῶν
376 2084 519 2118 νοημάτων
539 2083 641 2111 αὐτῶν.
663 2084 739 2110 Ἐπεὶ
759 2085 786 2111 δέ
799 2085 825 2111 οί
840 2085 1010 2120 παρεστηκό-

227 2135 272 2158 τες
301 2125 386 2159 εἷπον,
405 2129 446 2155 ὅτι
468 2125 540 2155 οὗτοι
561 2129 693 2164 γλεύκους
714 2129 767 2156 εἰσὶ
796 2130 1012 2165 μεμεστωμένοι,

227 2173 320 2199 λοιπὸν
335 2173 436 2211 ἧρξατο
458 2174 561 2209 Πέτρος
587 2175 691 2209 κρίνειν
717 2175 826 2207 αὐτοὺς,
840 2175 927 2210 λέγων
948 2176 1014 2210 περὶ

1099 1707 1143 1734 Vl.
1161 1707 1349 1742 .nterrogatio.
1360 1706 1429 1739 Quid
1442 1707 1523 1742 igitur
1540 1710 1588 1739 est,
1599 1706 1668 1742 quod
1678 1705 1743 1733 dixit
1757 1713 1766 1733 :
1783 1714 1792 1731 ‹
1804 1705 1851 1733 Se-

1063 1753 1154 1779 debitis
1172 1761 1250 1787 super
1260 1752 1395 1779 duodecim
1407 1753 1521 1785 thronis,
1541 1752 1693 1787 judicantes
1716 1752 1850 1778 duodecim

1065 1801 1146 1827 tribus
1164 1800 1250 1828 Israel
1263 1801 1308 1827 "?
1327 1809 1337 1825 ι

1099 1856 1252 1891 Responsio.
1267 1854 1325 1885 Hoc
1346 1854 1500 1882 invenimus
1518 1854 1661 1888 impletum
1675 1861 1736 1881 esse
1749 1854 1776 1881 in
1792 1858 1848 1881 ter-

1065 1902 1114 1933 ris,
1130 1901 1241 1936 quando
1253 1900 1386 1927 Dominus
1400 1904 1556 1934 assumptus
1571 1903 1613 1926 est
1627 1899 1654 1925 in
1668 1899 1762 1926 ccelos.
1778 1898 1851 1926 Misit

1064 1947 1138 1974 enim
1152 1946 1285 1981 Spiritum
1297 1946 1495 1973 consolatorem
1508 1945 1533 1971 in
1546 1944 1689 1972 duodecim
1702 1944 1850 1979 apostolos,

1064 1997 1091 2019 et
1112 1992 1241 2019 virtutem
1259 1995 1398 2024 sanctam;
1422 1997 1483 2025 quat
1504 1989 1652 2017 adveniens
1667 1989 1783 2016 tentoria
1801 1997 1851 2024 po-

1064 2038 1129 2070 suit,
1148 2042 1177 2065 et
1200 2037 1273 2065 sedit
1298 2037 1327 2064 in
1352 2036 1458 2064 thronis
1480 2034 1614 2063 mentium
1636 2035 1768 2070 ipsorum.
1782 2034 1852 2068 Quia

1064 2087 1166 2114 autem,
1180 2083 1226 2117 qui
1235 2082 1394 2113 astiterunt,
1408 2081 1535 2108 dicebant
1546 2085 1637 2108 musto
1647 2080 1767 2115 repletos
1779 2088 1850 2111 esse.

1065 2129 1129 2155 inde
1142 2129 1225 2163 C(Bpit
1243 2129 1341 2155 Petrus
1359 2127 1484 2163 judicare
1508 2134 1566 2160 eos,
1588 2126 1683 2154 dicens
1705 2126 1739 2153 de
1760 2126 1825 2153 Jesu
1842 2135 1851 2153 :

1066 2173 1155 2200 Virum
1175 2176 1305 2208 potentem
1320 2177 1345 2199 et
1358 2172 1442 2198 verbis
1461 2176 1485 2198 et
1502 2171 1638 2207 prodigiis,
1657 2179 1700 2198 vos
1721 2170 1855 2204 cruciﬁxi-

228 2217 275 2243 τοῦ
297 2217 393 2252 Ἰησοῦ,
410 2219 450 2244 ὅτι
465 2219 573 2252 Ἄνδρα
588 2219 720 2246 δυνατὸν
734 2219 770 2246 ἐν
778 2221 881 2254 λόγοις
897 2221 945 2248 καὶ
956 2229 1012 2254 σης

1065 2220 1123 2250 stis,
1139 2219 1326 2254 suspendentes
1339 2218 1371 2244 de
1386 2217 1455 2252 ligno
1467 2218 1500 2244 ⁷⁸.
1515 2218 1549 2244 Ει
1561 2224 1627 2244 ecce
1647 2217 1702 2244 illic
1718 2216 1854 2243 mirabilia

225 2263 321 2297 μείοις
335 2264 419 2298 ὑμεῖς
437 2264 655 2299 ἐσταυρώσατε,
669 2265 873 2300 κρεμάσαντες
895 2267 944 2293 ἐπὶ
959 2267 1013 2299 ξύ-

227 2310 294 2336 λου.
316 2309 371 2335 Καὶ
388 2309 436 2340 ι’δε,
449 2311 507 2336 ἐκεῖ
522 2311 593 2336 ποιεῖ
606 2309 755 2345 θαυμάσια,
777 2311 937 2346 διαρρήσσει
951 2312 1014 2343 τοὺς

227 2352 318 2385 λίθους
333 2353 387 2381 τῶν
400 2355 551 2390 μνημείων.
566 2355 614 2381 καὶ
633 2356 735 2391 ἐγείρει
750 2357 812 2387 τοὺς
829 2357 952 2391 νεκρούς.
965 2358 1013 2384 Γέ-

228 2406 350 2433 γραπται
374 2400 439 2434 γάρ·
459 2401 507 2427 Ἑν
530 2401 595 2434 ταῖς
615 2402 759 2436 ἐσχάταις
784 2402 908 2436 ἡμέραις
921 2403 1015 2438 ἐκχεῶ

229 2443 288 2470 ἀπὸ
307 2444 361 2471 τοῦ
376 2446 549 2479 Πνεύματός
558 2455 618 2480 μου
634 2447 682 2473 ἐπὶ
707 2447 812 2475 ,πᾶσαν
830 2447 939 2481 σάρκα,
964 2449 1012 2475 καί

228 2491 493 2524 προφητεύσουσιν
522 2493 580 2519 υἱοί
609 2492 693 2527 ὑμῶν
719 2493 768 2520 καὶ
796 2494 826 2520 al
855 2493 1013 2528 θυγατέρες

228 2538 321 2572 eum.
345 2539 393 2569 Είς
415 2539 560 2574 μετάνοιαν
593 2540 639 2566 οὖν
658 2538 740 2575 ἦλθον
759 2541 961 2577 κατηχηθέντες
982 2541 1035 2568 ὑπὸ

228 2585 354 2613 ἐκλεκτὸν
368 2587 447 2614 Θεοῦ.

263 2641 302 2668 Ζ’.
311 2642 391 2679 Ὁρᾷς
402 2644 460 2676 πῶς
469 2644 555 2680 ἐφάνη
566 2645 636 2680 ἀρχὴ
647 2645 777 2680 κρίσεως;
787 2645 861 2672 Ἐκεῖ
868 2647 922 2681 γὰρ
930 2646 1016 2682 ἐφάνη

228 2687 330 2722 κόσμος
346 2689 448 2721 καινός.
465 2687 530 2716 Ὧδε
552 2691 606 2726 γὰρ
629 2691 706 2727 ἐδόθη
721 2691 810 2722 αὐτοῖς
826 2691 933 2723 ἐξουσία
947 2693 1016 2719 καθ-

228 2733 339 2768 εσθῆναι
363 2736 392 2762 ἐν
415 2735 453 2770 τῷ
481 2737 575 2771 κόσμῳ
589 2736 686 2772 τούτῳ,
713 2740 761 2764 καὶ
787 2739 887 2772 κρῖναι.
917 2739 1014 2765 Καίτοι

229 2778 381 2812 μελλόντων
408 2781 497 2809 αὐτῶν
520 2781 683 2814 καθέζεσθαι
695 2783 742 2809 καὶ
754 2784 841 2809 ποιεῖν
858 2785 950 2818 κρίσιν
967 2785 1014 2811 ἐπὶ

266 2868 287 2883 "‘
299 2870 309 2897 Ι
322 2870 385 2899 Cor.
404 2879 459 2903 xlv,
477 2873 492 2899 -ί
539 2873 560 2888 ⁷⁸
578 2872 674 2900 Matth.
691 2879 745 2904 xu,
760 2871 806 2899 28.
844 2872 866 2887 ⁷⁵
883 2872 943 2900 Act.
958 2872 980 2900 ll
994 2873 1038 2900 “25.

1065 2265 1140 2298 facit,
1158 2265 1305 2299 disrumpit
1321 2265 1426 2299 lapides
1442 2268 1683 2291 monumentorum
1697 2267 1726 2289 et
1739 2262 1853 2289 suscitat

1066 2316 1202 2339 mortuos.
1221 2310 1358 2345 Scriptum
1380 2309 1455 2337 enim
1470 2314 1513 2337 est
1527 2318 1533 2337 :
1547 2309 1579 2336 In
1598 2308 1743 2335 novissimis
1764 2307 1851 2334 diebus

1066 2357 1198 2393 effundam
1220 2356 1252 2382 de
1272 2355 1373 2390 Spiritu
1395 2363 1451 2382 meo
1473 2363 1553 2389 super
1564 2361 1670 2381 omnem
1690 2360 1807 2384 carnem,
1827 2356 1852 2378 et

1066 2401 1257 2438 prophetabunt
1276 2400 1326 2434 ﬁlii
1344 2402 1424 2427 vestri
1444 2405 1468 2427 et
1486 2399 1550 2434 lilia:
1563 2403 1654 2427 vestra:
1669 2399 1701 2425 ⁷⁷.
1719 2397 1852 2430 Quocirca

1067 2447 1145 2474 multi
1163 2455 1178 2473 a
1191 2447 1272 2474 Petro
1288 2446 1425 2478 instructi,
1441 2446 1475 2473 ad
1492 2446 1681 2480 paenitentiam
1698 2443 1851 2475 redierunt,

1067 2497 1098 2520 ut
1114 2493 1192 2520 ﬁeret
1204 2492 1323 2520 mundus
1339 2500 1437 2524 novus,
1455 2492 1532 2526 isque
1544 2491 1650 2518 electus
1661 2499 1676 2517 a
1690 2491 1756 2517 Deo.

1068 2540 1115 2568 τοῦ
1133 2540 1237 2576 Πέτρου
1263 2540 1367 2573 πολλοὶ,
1393 2539 1464 2566 ὥστε
1484 2539 1609 2574 γενέσθαι
1637 2539 1740 2574 κόσμον
1761 2537 1853 2564 καινὸν

1107 2646 1164 2673 VII.
1181 2645 1263 2674 Vides
1279 2652 1344 2680 ergo
1358 2643 1496 2679 quomodo
1511 2643 1638 2678 apparuit
1653 2642 1762 2669 initium
1778 2640 1853 2677 judi-

1069 2694 1120 2721 cii?
1143 2692 1199 2728 29
1219 2692 1277 2719 Illic
1299 2691 1374 2719 enim
1397 2691 1522 2726 apparuit
1542 2690 1660 2717 mundus
1684 2697 1781 2716 novus.
1803 2688 1853 2716 llic

1067 2739 1140 2766 enim
1156 2738 1210 2765 illis
1223 2737 1284 2765 data
1299 2742 1341 2765 est
1362 2741 1483 2772 potestas
1503 2736 1616 2764 sedendi
1634 2736 1661 2762 in
1681 2734 1734 2762 hoc
1751 2734 1854 2761 mundo

1068 2790 1095 2813 ct
1106 2784 1257 2820 judicandi.
1274 2785 1307 2811 Et
1324 2783 1389 2810 licet
1402 2782 1524 2810 futurum
1539 2782 1584 2815 sit,
1602 2785 1632 2809 ut
1644 2781 1758 2809 sedeant
1770 2785 1798 2808 et
1812 2779 1853 2807 fa-

1081 2873 1100 2888 ⁷⁷
1115 2872 1184 2900 loci.
1203 2880 1230 2904 ιι.
1247 2872 1297 2905 ‘28;
1313 2872 1373 2899 Act.
1393 2879 1422 2904 η,
1440 2871 1482 2898 i7.
