2067 3149
212 181 267 213 523

831 175 863 204 S.
883 172 1043 204 MACARJI
1063 173 1225 204 IEGYPTII

1788 171 1841 203 524

212 236 287 264 ciant
298 233 433 271 judicium
445 231 474 261 in
489 231 611 260 adventu
623 229 744 262 Domini,
757 229 786 256 in
798 227 1004 256 resurrectione

1063 227 1104 262 τῆς
1121 218 1273 271 παρουσίας
1297 227 1343 254 τοῦ
1367 227 1471 263 Κυρίου
1484 228 1514 254 ἑν
1525 228 1559 263 τῇ
1572 227 1721 255 ἀναστάσει
1733 227 1788 254 τῶν
1800 237 1843 255 νε-

211 285 384 309 mortuorum
393 299 402 312 ,
415 283 507 306 tamen
521 277 567 305 hic
575 283 685 312 quoque
698 275 726 303 id
737 274 777 307 tit,
787 273 893 310 Spiritu
908 276 1003 301 sancto

212 327 326 355 sedente
348 326 376 353 in
400 324 507 353 thronis
527 323 662 351 mentium
679 322 812 358 ipsorum.
833 320 936 348 Verum
951 325 1004 346 nec

212 374 377 405 diademata,
392 379 453 407 quae
465 370 616 398 Christiani
639 369 668 396 in
684 368 778 395 futuro
794 366 894 394 saeculo
908 371 1004 399 accep-

214 419 269 446 turi
282 422 356 450 sunt,
371 421 437 445 sunt
448 420 591 448 creaturae;
606 418 635 442 et
650 414 696 449 qui
714 413 768 440 hoc
783 411 891 442 dicunt,
907 410 1005 437 absur-

213 465 278 492 dum
290 468 418 492 asserunt
431 473 438 491 :
451 470 548 490 verum
561 461 619 489 haec
641 460 767 495 spiritum
782 457 1005 485 transformatum

214 510 373 539 ostendunt.
385 509 456 543 Quid
471 509 545 536 enim
562 507 630 535 dicit
644 506 785 542 apostolus
797 504 898 532 Paulus
910 502 945 530 de
959 502 1006 530 Je-

215 557 334 584 rusalem
351 555 474 583 caelesti?
495 554 579 582 Illam
602 557 716 580 matrem
738 559 793 579 esse
816 554 935 577 nostrum
948 557 1005 575 om-

215 605 301 637 nium,
319 611 432 638 quacum
454 610 509 629 una
529 601 685 636 conﬁtemur
707 598 743 626 ⁷⁸.
765 599 876 626 Vestem
896 601 1005 628 autem,

215 657 297 684 quam
324 653 433 684 gestant
454 647 621 678 Christiani.
648 645 722 681 quod
746 644 862 677 attinet,
887 642 1007 678 Spiritus

215 695 346 722 videlicet
366 693 462 721 amicit
483 693 545 720 illos
568 693 596 719 in
611 691 724 718 nomine
739 690 829 718 Patris
841 693 870 717 et
890 688 965 721 Filii,
980 691 1008 715 et

217 741 336 776 Spiritus
349 740 448 773 sancti,
460 740 489 767 in
502 738 612 767 saecula.
628 737 728 764 Amen.

506 849 650 878 HOMILIA
662 848 718 876 VII.

1055 273 1142 309 κρῶν,
1157 274 1205 300 καὶ
1230 270 1281 300 ὦδε
1296 274 1431 309 γίγνεται,
1442 273 1489 301 τοῦ
1501 274 1580 307 ἁγίου
1598 273 1759 308 Πνεύματος
1774 274 1843 300 καθ-

1054 318 1180 349 εσθέντος
1194 319 1222 345 ὲν
1234 320 1291 350 τοῖς
1299 318 1407 354 θρόνοις
1417 319 1471 345 τῶν
1483 319 1628 353 νοημάτων
1643 319 1743 345 αὐτῶν.
1764 318 1845 345 Ἀλλὰ

1056 364 1103 391 καὶ
1115 364 1151 390 τὰ.
1165 364 1330 399 διαδήματα,
1346 364 1419 400 ἅπερ
1434 364 1466 391 λα
1471 364 1618 400 μὸάνουσιν
1631 364 1656 391 οἱ
1685 364 1844 399 Χριστιανοὶ

1055 411 1085 437 ὲν
1101 411 1197 446 ἐκεινῳ
1211 410 1250 446 τῷ
1265 411 1355 444 αιῶνι,
1377 411 1427 437 οὐκ
1447 411 1501 437 εἰσὶ
1520 411 1669 446 κτίσματα.
1687 411 1742 437 Καὶ
1759 411 1783 437 οι
1799 410 1844 437 λέ-

1056 467 1164 495 γοντες,
1184 459 1278 491 κακῶς
1306 459 1442 494 λέγουσιν.
1466 459 1547 486 Ἀλλὰ
1572 459 1659 486 ταῦτα
1686 459 1717 486 τὸ
1735 458 1846 493 πνεῦμα

1059 506 1319 543 μεταμορφούμενον
1333 505 1514 533 ὑποδεικνύει,
1536 505 1569 531 Τί
1582 505 1657 539 λέγει
1673 506 1687 532 6
1697 504 1846 535 ἀπόστολος

1058 551 1166 583 Παῦλος
1181 553 1245 588 περὶ
1271 553 1321 587 τῆς
1338 551 1516 587 Ἰερουσαλὴμ
1531 551 1581 586 τῆς
1601 551 1781 586 ὲπουρανίους
1804 550 1846 577 ὅτι

1058 597 1139 631 Αῠτή
1153 598 1218 625 ἐστι
1231 598 1331 632 μήτηρ
1340 598 1462 624 πάντων
1473 597 1569 632 ἡμῶν,
1585 594 1606 632 ᾖ
1619 596 1846 632 συνομολογοῦ-

1057 651 1124 678 μεν.
1145 643 1212 678 Περὶ
1229 643 1258 670 δὲ
1270 643 1316 669 τοῦ
1330 642 1490 677 ἐνδύματος,
1505 642 1520 668 6
1531 641 1660 677 φοροῦσιν
1675 642 1701 668 οἱ
1713 642 1847 677 Χριστια-

1059 689 1110 720 νοὶ,
1124 689 1246 724 δηλονότι
1270 689 1337 715 αὐτὸ
1352 688 1384 714 τὸ
1396 687 1510 723 Πνεῦμα
1528 687 1662 722 ἀμφιάζει
1682 688 1781 718 αὐτοὺς
1804 687 1846 718 εἰς

1059 734 1090 761 τδ
1103 735 1190 770 ὄνομα
1204 734 1252 761 τοῦ
1268 733 1375 769 Πατρὺς
1397 734 1447 760 καὶ
1473 733 1521 760 τοῦ
1544 732 1611 759 Υίοῦ
1635 733 1682 760 καὶ
1706 732 1753 759 τοῦ
1768 732 1846 767 ἁγίου

1060 780 1231 816 Πνεύματος,
1247 781 1286 812 είς
1297 781 1361 813 τοὺς
1375 780 1487 812 αἰῶνας.
1507 781 1535 806 ‘A
1541 780 1603 815 μήν.

1370 847 1491 875 OMIAIA
1505 848 1543 874 Z’.

219 908 261 936 De
275 908 414 935 clementia
429 906 526 934 Christi
547 915 610 942 erga
623 905 766 942 hominem,
786 904 916 942 Continet_
928 904 1008 931 etiam

1063 904 1130 942 Περὶ
1147 903 1203 938 τῆς
1218 901 1495 942 χρῃσῑςότητοςασῦ
1507 900 1727 942 Χριστοῦνπρρς
1735 901 1789 927 τὸν
1797 900 1849 942 ἀντ

253 943 362 971 Ιιοηιίίὶα
378 939 597 976 interrogationes
605 944 629 968 et
641 941 822 976 responsiones
832 939 971 974 quaedam.

255 1029 277 1059 ι.
290 1029 527 1064 Quemadmodum
536 1028 560 1057 si
573 1029 638 1065 quis
648 1029 790 1064 ingressus
801 1027 899 1056 domos
909 1027 1008 1062 regias,

220 1078 423 1112 contempletur
441 1076 497 1104 illic
508 1076 633 1111 depictas
648 1075 778 1102 historias
800 1079 829 1101 et
843 1082 952 1102 omnem
966 1082 1011 1100 or-

219 1127 327 1155 natum,
341 1122 395 1149 alia
418 1122 446 1149 in
460 1125 538 1156 parte
553 1121 701 1148 thesauros
723 1117 892 1148 reconditos.
908 1122 938 1145 et
957 1117 1010 1144 alia

219 1169 250 1196 in
264 1172 342 1203 parte
359 1167 430 1200 alia;
449 1172 478 1194 et
487 1166 632 1194 accumbat
644 1172 708 1192 cum
725 1171 801 1199 rege,
823 1164 905 1198 eique
926 1170 1012 1198 appo-

219 1217 322 1239 nantur
332 1211 474 1239 esculenta
487 1215 515 1238 et
529 1210 676 1245 poculenta
685 1209 857 1242 suavissima,
866 1214 895 1236 et
904 1208 1012 1235 fruatur

220 1265 284 1285 cum
299 1257 482 1284 delectatione
498 1255 658 1283 omnimodo
675 1255 729 1282 hac
744 1253 976 1289 contemplatione
984 1257 1013 1280 et

220 1303 386 1338 splendore;
399 1301 575 1337 postmodum
587 1305 679 1328 autem
694 1300 874 1327 abstrahatur
888 1299 963 1332 inde,
984 1302 1012 1325 et

221 1347 251 1375 in
279 1348 339 1374 loca
365 1346 551 1382 graveolentia
578 1345 710 1380 abreptus
739 1344 897 1371 inveniatur
928 1352 935 1370 :
966 1347 1014 1370 aut

221 1391 454 1427 quemadmodum
465 1391 489 1418 si
508 1390 600 1426 puella
617 1389 753 1425 quaedam,
766 1389 874 1416 caeteris
884 1387 1014 1415 omnibus

220 1437 302 1472 longe
312 1437 467 1469 formosior,
484 1436 645 1471 sapientior,
657 1443 689 1463 ac
702 1435 878 1470 locupletior,
898 1433 1015 1468 accipiat

221 1483 314 1511 virum
333 1490 493 1518 pauperem,
513 1482 649 1509 humilem
671 1485 699 1508 et
727 1481 890 1513 deformem,
914 1479 1013 1515 pannis

223 1528 384 1557 dilaceratis
394 1528 514 1555 obsitum
526 1532 573 1561 ;et
584 1532 699 1554 exutum
711 1527 823 1555 sordida
834 1530 910 1554 veste
920 1525 1015 1552 induat

222 1579 301 1602 veste
326 1574 413 1609 regia,
432 1581 464 1601 ac
494 1573 621 1608 imposita
642 1579 744 1600 corona
770 1572 819 1600 ﬁat
835 1572 861 1599 ei
883 1571 985 1607 conjux
1005 1568 1050 1598 :C

226 1619 336 1648 tandem
354 1626 459 1655 pauper
474 1618 519 1645 ille
542 1618 640 1652 incipit
659 1617 793 1645 attonitus
815 1617 894 1645 reddi
918 1624 950 1644 ac
973 1616 1016 1643 di-

225 1673 304 1693 cere:
323 1665 424 1692 Mihine
440 1664 542 1691 misero
560 1664 688 1699 pauperi,
713 1663 762 1691 vili
787 1667 817 1691 et
833 1663 941 1698 abjecto
965 1661 1016 1689 ho-

225 1712 295 1738 mini
311 1711 374 1738 data
388 1714 431 1737 est
447 1710 507 1737 haec
530 1710 664 1737 consors?
676 1709 715 1737 ita
731 1715 842 1743 quoque
866 1708 941 1735 Deus
961 1707 1015 1733 mi-

226 1765 290 1784 sero
303 1759 385 1790 atque
398 1755 505 1791 abiecto
519 1753 625 1781 homini
637 1753 713 1781 fecit.
726 1753 843 1781 Gustum
857 1752 882 1780 ei
898 1751 1016 1787 praebuit

226 1802 343 1829 alterius
356 1801 459 1833 saeculi,
478 1800 604 1835 aliusque
622 1799 678 1827 cibi
695 1798 871 1827 suavissimi:
894 1797 1016 1825 ostendit

226 1848 267 1875 illi
283 1847 397 1883 gloriam
409 1850 437 1874 et
453 1846 566 1874 delicias
580 1846 680 1881 regias.
692 1845 858 1877 ineﬁ‘abiles,
875 1844 1013 1872 cmlestes.

226 1894 262 1922 Et
286 1893 397 1921 tandem
423 1893 480 1925 ille,
503 1893 569 1920 dum
585 1891 692 1920 confert
711 1892 758 1919 ille
774 1890 933 1926 spiritualia
952 1897 1015 1918 cum

227 1940 273 1973 iis,
284 1948 346 1975 qua:
358 1944 422 1968 sunt
431 1940 515 1975 hujus
527 1939 631 1972 saeculi,
643 1938 736 1966 omnia
751 1937 811 1965 haec
831 1937 937 1973 rejicit;
957 1937 1016 1965 sive

226 1994 319 2022 regem
352 1985 484 2021 aspiciat,
515 1985 573 2013 sive
602 1988 747 2020 potentes,
771 1984 830 2011 sive
857 1983 1014 2018 sapientes,

227 2033 388 2060 thesaurum
404 2032 544 2059 cmlestem
554 2031 686 2058 intuetur.
701 2029 842 2064 Siquidem
858 2029 932 2056 enim
945 2029 1017 2056 Deus

227 2078 350 2105 Charitas
377 2081 431 2109 est,
456 2076 557 2111 accipit
577 2076 720 2103 caelestem
737 2082 768 2102 ac
785 2075 908 2102 divinum
924 2075 1015 2110 ignem

227 2124 342 2155 Christi,
356 2127 384 2150 et
397 2123 451 2150 hoc
467 2123 580 2154 fruitur.
597 2129 631 2150 ac
644 2123 738 2150 laetitia
758 2122 886 2155 adicitur,
911 2125 940 2149 et
960 2121 1016 2148 illic

227 2170 372 2197 devinctus
384 2169 481 2196 haeret.

1095 935 1370 973 θρωπῶξῖὺνέχεί
1388 937 1439 964 καὶ
1462 938 1482 971 ἡ
1509 938 1610 972 ὁμιλία
1634 936 1772 970 ζὴτήσεις
1799 935 1849 963 καὶ

1094 975 1271 1009 ἀποκρίσεις
1284 973 1380 1006 τινάς.

1095 1030 1136 1057 Α’.
1150 1030 1256 1065 Ὥσπερ
1270 1029 1319 1056 ὲάν
1328 1038 1370 1060 τις
1389 1028 1496 1064 εἰσέλθῃ
1524 1028 1564 1060 είς
1578 1028 1668 1059 decu;
1684 1027 1849 1062 βασιλικοὺς,

1060 1076 1110 1103 καὶ
1128 1076 1172 1112 ῐδῃ
1193 1076 1244 1106 τὰς
1258 1077 1317 1102 ἐκεῖ
1343 1075 1465 1110 ἱστορίας
1488 1074 1587 1101 καὶτὰ
1611 1073 1709 1108 κάλλη,
1732 1070 1849 1107 ἀλλαχοῦ

1061 1120 1215 1156 θησαυροὺς
1225 1120 1434 1155 ἀποκειμένους,
1445 1120 1493 1146 καὶ
1503 1118 1621 1154 ἀλλαχοῦ
1632 1118 1710 1150 ἀλλὰ,
1731 1117 1778 1144 καὶ
1786 1117 1852 1144 ἀνα-

1061 1167 1141 1202 κλιθῇ
1160 1166 1282 1202 μετάτοῦ
1299 1166 1443 1201 βασιλέως,
1458 1166 1506 1192 καὶ
1531 1165 1671 1200 παρατεθῇ
1693 1163 1769 1199 αὑτῷ
1793 1163 1852 1190 ὲδέ-

1063 1222 1156 1249 σματα
1182 1213 1228 1240 καὶ
1244 1213 1357 1248 πόματα
1373 1213 1505 1248 ἡδύτατα,
1522 1213 1570 1238 καὶ
1589 1211 1699 1245 ἀναπαῇ
1715 1208 1851 1239 παντοίως

1062 1262 1103 1292 εἰς
1116 1261 1166 1292 τὰς
1179 1260 1296 1295 θεωρίας
1308 1260 1355 1287 καὶ
1369 1258 1404 1285 τὰ
1415 1258 1502 1293 κάλλη
1512 1266 1519 1274 ’
1536 1258 1605 1292 μετά
1628 1256 1716 1283 ταῦτα
1730 1256 1759 1282 δὲ
1781 1256 1851 1282 ἀπο-

1065 1305 1174 1342 σπασθῇ
1203 1305 1318 1337 ἐκεῖθεν,
1341 1305 1390 1332 καὶ
1413 1304 1512 1339 εὑρεθῇ
1537 1303 1577 1334 εἰς
1597 1301 1726 1332 δυσώδεις
1751 1300 1852 1331 τόπους

1064 1351 1248 1386 ἀπαχθείς·ῆ
1271 1350 1365 1385 ὥσπερ
1393 1350 1440 1376 ὲάν
1463 1357 1506 1381 τις
1531 1348 1686 1384 ὡραιοτέρα
1707 1346 1788 1382 κόρη,
1805 1345 1853 1372 καὶ

1065 1397 1219 1432 σοφωτέρα,
1246 1396 1294 1422 καὶ
1308 1395 1496 1431 πλουσιωτέρα
1512 1394 1582 1429 ὑπὲρ
1609 1394 1711 1425 πάσας,
1739 1391 1809 1427 λάὃῃ
1823 1391 1852 1417 δὲ

1064 1444 1150 1480 ἄνδρα
1165 1443 1304 1479 πενιχρὸν,
1316 1442 1456 1474 ταπεινὸν,
1469 1442 1517 1468 καὶ
1535 1440 1653 1476 δυσειδῆ,
1680 1438 1853 1473 ἐνδεδυμένον

1067 1489 1188 1527 ρακώδη,
1204 1489 1251 1516 καὶ
1268 1488 1391 1524 ἀποδύσῃ
1415 1487 1496 1514 αὑτὸν
1511 1486 1546 1513 τὰ
1573 1486 1684 1522 ῥυπαρὰ
1705 1485 1853 1520 ἐνδύματα,

1066 1537 1113 1563 καὶ
1128 1535 1227 1571 ἐνδύσῃ
1238 1533 1380 1570 βασιλικὴν
1392 1533 1503 1568 ἐσθῆτα,
1514 1532 1562 1558 καὶ
1579 1531 1659 1567 ἐπιθῇ
1673 1531 1748 1566 αὑτῷ
1761 1531 1854 1566 διάδη-

1067 1591 1116 1618 μα,
1134 1583 1182 1608 καὶ
1193 1581 1305 1616 γένηται
1322 1579 1396 1615 αὐτῷ
1420 1579 1577 1612 κοινωνική”
1592 1578 1685 1604 λοιπὸν
1709 1577 1822 1612 ἄρχεται
1838 1577 1854 1603 ό

1065 1628 1174 1664 πτωχὸς
1184 1628 1288 1658 ἐκεῖνος
1300 1626 1442 1653 πτοεῖσθαι
1453 1627 1501 1653 καὶ
1512 1626 1613 1660 λέγειν’
1624 1624 1701 1659 Ἐμοὶ
1712 1623 1750 1658 τῷ
1759 1623 1854 1649 ταλαι-

1065 1673 1161 1709 πώρῳ,
1177 1673 1225 1700 xui.
1235 1671 1347 1707 πτωχῷ,
1363 1672 1409 1699 καὶ
1423 1672 1537 1707 μετρίῳ,
1548 1672 1596 1697 καὶ
1609 1670 1730 1704 ταπεινῷ
1740 1668 1852 1704 τοιαύτη

1064 1719 1211 1754 κοινωνικὴ
1224 1718 1318 1753 ὲδόθη;
1332 1717 1403 1745 οὕτω
1415 1718 1463 1744 καὶ
1474 1719 1488 1744 6
1496 1718 1562 1750 Θεὸς
1574 1717 1613 1752 τῷ
1629 1716 1795 1751 ταλαιπώρῳ
1807 1715 1854 1742 καὶ
1867 1713 1869 1715 ’

1064 1764 1184 1800 ταπεινῷ
1198 1763 1335 1800 ἀνθρώπῳ
1353 1763 1492 1799 ἐποίησεν.
1506 1763 1639 1797 Ἔγευσεν
1665 1761 1747 1789 αὐτὸν
1774 1760 1854 1787 ἄλλου

1065 1811 1173 1846 αἰῶνος,
1189 1811 1274 1847 ἄλλης
1289 1811 1394 1848 τροφῆς
1402 1811 1537 1847 ὴδυτάτης
1547 1819 1554 1825 -
1569 1809 1668 1844 ἔδειξεν
1679 1809 1754 1844 αὐτῷ
1765 1807 1854 1841 δόξας,

1066 1857 1114 1884 καὶ
1125 1857 1209 1892 κάλλη
1226 1857 1356 1893 βασιλικὰ
1376 1857 1496 1893 ἄρρητα,
1522 1856 1673 1891 ἐπουράνια
1683 1863 1689 1870 ·
1704 1856 1750 1881 καὶ
1763 1853 1856 1880 λοιπὸν

1067 1904 1221 1939 συγκρίνων
1238 1904 1330 1931 ἐκεῖνα
1356 1903 1391 1930 τά
1413 1904 1586 1938 πνευματικὰ
1609 1903 1666 1933 τοῖς
1695 1901 1743 1928 τοῦ
1758 1900 1856 1931 αἰῶνος

1066 1949 1172 1982 τούτου,
1185 1950 1275 1976 πάντα
1299 1949 1460 1982 ἀποϐάλλει,
1473 1949 1528 1975 εἴτε
1546 1948 1659 1984 βασιλέα
1679 1947 1784 1983 βλέπει,
1801 1946 1855 1972 εἴτε

1067 1994 1210 2026 δυνάστας,
1224 1995 1279 2021 εῐτε
1299 1994 1409 2028 σοφοὺς,
1423 1993 1561 2029 θησαυρὸν
1586 1994 1631 2020 τὸν
1645 1993 1770 2029 οὐράνιον
1789 1993 1857 2019 ἀπο-

1067 2040 1184 2067 ϐλέπων.
1204 2039 1314 2076 Ἐπειδὴ
1325 2041 1380 2075 γὰρ
1399 2041 1414 2066 6
1432 2039 1497 2070 Θεὸς
1514 2039 1609 2074 ἀγάπη
1634 2039 1719 2072 ἐστὶν,
1749 2038 1856 2070 ἐδέξατο

1067 2086 1098 2113 τὸ
1109 2086 1233 2121 οὐράνιον
1247 2086 1295 2112 καὶ
1307 2085 1378 2112 θεῖον
1392 2085 1448 2121 πῦρ
1466 2085 1512 2112 τοῦ
1525 2085 1656 2120 Χριστοῦ,
1669 2086 1718 2113 καὶ
1736 2086 1854 2121 ἀνεπάη,

1067 2132 1115 2158 καὶ
1127 2131 1224 2167 ἐχάρη,
1236 2131 1284 2158 καὶ
1297 2132 1355 2158 ἐκεῖ
1368 2131 1442 2158 ἐστιν
1452 2131 1658 2167 ἁποδεδεμένος.

263 2227 297 2254 ll.
313 2226 504 2260 Interrogatio.
525 2224 619 2252 Utrum
636 2224 753 2252 Satanas
769 2225 872 2251 sitcum
882 2223 946 2257 Deo,
960 2229 1013 2252 tam

1104 2232 1141 2260 B’.
1158 2233 1329 2267 Ἐρώτησις.
1343 2234 1378 2260 Et
1388 2233 1537 2260 σύνεστιν
1551 2234 1568 2261 ὁ
1581 2233 1717 2267 Σατανᾶς
1727 2233 1767 2267 τῷ
1785 2232 1855 2268 Θεῷ,

226 2274 255 2300 in
270 2279 342 2305 acre,
360 2279 441 2306 quam
455 2271 483 2298 in
496 2270 652 2297 hominibus.

263 2328 416 2363 Responsio.
433 2326 461 2354 Si
473 2326 514 2354 sol
526 2326 581 2358 hic,
596 2326 644 2361 qui
662 2329 706 2353 est
717 2330 855 2360 creatura,
874 2327 1017 2355 illustrans

226 2376 287 2404 loca
308 2383 388 2402 coeno
409 2374 500 2409 plena,
521 2372 726 2408 necquidquam
753 2373 881 2407 laeditur;
911 2380 1016 2409 quanto

228 2420 315 2456 magis
332 2420 475 2451 divinitas,
491 2419 514 2446 si
532 2418 617 2446 fuerit
630 2426 693 2445 cum
714 2418 824 2452 Satana,
851 2427 902 2447 nec
922 2420 1016 2455 inqui-

227 2472 323 2498 natur,
339 2473 390 2492 nec
402 2464 556 2500 polluitur?
571 2464 701 2491 Permisit
715 2469 807 2492 autem
820 2465 893 2493 Deus
902 2466 1016 2499 malum,

229 2512 264 2539 ad
279 2511 443 2539 exercitium
459 2509 613 2537 hominum.
626 2509 729 2537 Verum
743 2510 844 2538 malum
858 2511 926 2538 illud
938 2511 1017 2539 ohte-

230 2559 376 2586 nebratum
392 2561 420 2584 et
435 2560 600 2584 occaecatum
611 2560 664 2589 est,
672 2563 724 2584 nec
735 2561 826 2591 potest
835 2557 928 2585 videre
938 2558 1017 2593 puri-

230 2609 314 2631 tatem
337 2608 366 2630 et
390 2601 594 2637 simplicitatem
616 2602 675 2630 Dei.
703 2602 730 2630 Si
754 2610 820 2630 vero
845 2604 907 2639 quis
932 2605 1016 2638 dicat,

229 2649 372 2686 proprium
388 2649 479 2676 locum
498 2647 601 2675 habere
624 2647 763 2680 Satanam,
787 2649 929 2684 proprium
950 2658 1020 2685 quo-

231 2703 286 2731 que
312 2696 410 2729 Deum,
434 2695 676 2730 circumscriptum
693 2702 757 2721 eum
781 2694 855 2728 facit,
877 2704 964 2731 usque
985 2697 1019 2725 ad

229 2748 293 2768 eum
316 2742 418 2772 locum,
441 2741 488 2768 ubi
503 2741 609 2769 habitat
625 2740 760 2775 Nequam.
790 2740 934 2774 Quomodo
953 2751 1019 2778 ergo

230 2786 361 2820 dicimus,
395 2787 498 2815 bonum
534 2786 806 2821 incircumscriptum
830 2795 902 2820 esse,
924 2793 953 2816 et
976 2789 1018 2817 in—

267 2879 290 2896 "
302 2880 360 2909 Gal.
376 2890 415 2916 Iv,
426 2883 472 2912 26.

1069 2279 1129 2307 εἴτε
1145 2279 1180 2306 ὲν
1194 2279 1235 2312 τῷ
1249 2279 1325 2314 ἀέρι,
1353 2279 1414 2306 εἴτε
1431 2280 1467 2306 ὲν
1489 2279 1552 2313 τοῖς
1568 2279 1750 2314 ἀνθρώποις

1111 2336 1288 2370 Ἀπόκρισις.
1297 2336 1329 2363 Ei
1342 2336 1356 2362 6
1365 2336 1440 2370 ἥλιος
1454 2333 1532 2368 οὗτος
1545 2336 1648 2371 κτίσμα
1655 2336 1703 2369 ὢν,
1715 2336 1857 2372 καταλάμ-

1069 2390 1129 2409 πων
1161 2381 1200 2412 et;
1218 2380 1316 2411 τόπους
1337 2379 1516 2416 βορὸορώδεις
1527 2402 1535 2413 ,
1552 2381 1583 2408 οὐ
1607 2381 1765 2416 βλάπτεται,
1782 2382 1857 2416 πῆσῳ

1071 2427 1171 2464 μᾶλλον
1194 2426 1225 2454 τὸ
1245 2427 1328 2459 θεῖον,
1345 2425 1423 2453 συνὸν
1449 2426 1488 2461 τῷ
1506 2427 1621 2462 Σατανᾷ,
1636 2426 1698 2453 οὔτε
1713 2427 1855 2462 ρυποῦται,

1069 2473 1130 2500 οὔτε
1143 2472 1278 2508 μιαίνεται
1291 2480 1298 2504 ;
1309 2471 1442 2506 ἐπέτρεψε
1450 2472 1478 2498 δὲ
1488 2470 1557 2499 εἶναι
1567 2472 1597 2498 τὸ
1608 2473 1692 2499 κακὸν
1703 2473 1742 2504 είς
1751 2481 1784 2508 γυ
1788 2482 1856 2508 uva-

1069 2516 1128 2542 σίαν
1153 2516 1209 2542 τῶν
1223 2514 1375 2551 ἀνθρώπων
1385 2524 1392 2531 ·
1407 2515 1476 2551 πλὴν
1489 2516 1520 2543 τὸ
1533 2516 1617 2543 κακδν
1643 2517 1793 2544 ἐσκότωται
1808 2519 1855 2545 καὶ

1067 2560 1249 2595 τετύφλωται,
1266 2560 1314 2587 καὶ
1337 2561 1367 2587 οὺ
1381 2561 1493 2588 δύναται
1509 2562 1573 2588 ἰδεῖν
1607 2562 1637 2588 τὸ
1664 2562 1784 2598 καθαρὸν
1809 2565 1855 2591 καὶ

1067 2604 1166 2630 λεπτὸν
1174 2602 1220 2630 τοῦ
1238 2603 1317 2630 Θεοῦ.
1331 2604 1363 2630 Εἰ
1389 2604 1417 2631 δὲ
1431 2605 1506 2639 λέγει
1528 2614 1582 2637 τις,
1609 2606 1675 2633 [διον
1688 2608 1770 2635 τόπον
1785 2608 1856 2644 ἔχειν

1070 2650 1117 2676 τὸν
1131 2649 1265 2682 Σατανᾶν,
1278 2650 1325 2676 καὶ
1340 2650 1406 2676 ἴδιον
1420 2650 1465 2677 τὸν
1481 2650 1556 2684 Θεὸν,
1571 2654 1643 2678 ποιεῖ
1657 2653 1738 2680 αὐτὸν
1753 2655 1799 2681 καὶ
1808 2664 1856 2682 πε-

1073 2697 1222 2733 ρίγραπτον
1235 2697 1275 2727 είς
1288 2697 1391 2723 ἐκεῖνον
1400 2696 1447 2723 τὸν
1463 2696 1545 2723 τόπον
1560 2697 1624 2724 ἔνθα
1637 2702 1761 2727 κατοικεῖ
1773 2702 1788 2727 6
1802 2701 1855 2728 Πο-

1071 2744 1162 2779 νηρός.
1175 2743 1242 2776 Πῶς
1249 2742 1277 2769 δὲ
1285 2743 1400 2777 λέγομεν
1413 2742 1443 2769 τὸ
1454 2742 1556 2777 ἀγαθὸν
1562 2744 1768 2781 ἀπερίγραπτον
1773 2745 1854 2779 εἶναι,

1071 2789 1118 2816 καὶ
1142 2788 1346 2824 ἀκατάληπτον,
1365 2789 1411 2816 καὶ
1426 2789 1460 2816 τὰ
1480 2789 1568 2816 πάντα
1579 2790 1607 2817 ὲν
1622 2791 1696 2827 αὐτῷ
1709 2790 1789 2827 εῖναι,
1809 2793 1856 2820 καὶ
