2067 3149
216 169 268 201 525

814 175 998 207 ΗΟΜῙῙᾸᾸΞ.
1012 187 1048 193 -
1060 175 1152 206 ΗΟΜ.
1174 176 1241 208 Vll.

1788 176 1841 207 526

218 226 257 261 μὴ
275 225 430 260 μιαίνεσθαι
442 226 473 253 τὸ
494 227 596 262 άγαθδν
615 228 669 256 ὑπὸ
685 228 732 256 τοῦ
745 230 831 257 κακοῦ
844 239 851 264 ;
865 231 912 267 Μὴ
936 231 1001 266 γὰρ,

1054 231 1313 265 comprehensibile,
1333 236 1361 260 et
1386 231 1477 259 omnia
1503 230 1530 258 in
1556 237 1589 258 eo
1611 237 1683 261 esse,
1700 229 1838 256 necintici

217 273 310 307 ἐπειδὴ
328 272 342 298 6
356 272 469 307 οὐρανὸς
476 273 524 300 καὶ
539 274 553 300 6
566 274 642 309 ἥλιος
653 275 700 302 καὶ
711 276 745 302 τὰ
759 275 809 311 ὅρη
824 277 854 302 ὲν
866 276 940 311 αὒτῷ
951 277 1003 303 εἱσι

217 317 256 351 τῷ
270 317 340 351 Θεῷ,
357 318 404 344 καὶ
419 317 452 344 δι’
467 319 549 346 αὑτοῦ
561 320 721 354 συνέστηκε,
737 321 774 357 μὴ
789 321 837 348 καὶ
852 321 921 348 αὑτά
938 321 1004 354 Θεὸς

218 362 343 396 ὲγένετο;
360 363 401 389 Τὰ.
414 363 644 400 δημιουργήματα
669 366 709 398 είς
718 367 768 402 τὴν
783 367 852 394 ίδίαν
863 367 939 401 τάξιν
954 368 1004 394 πέ-

217 416 333 479 ἕηέιτέι,
352 409 399 436 καὶ
419 410 433 436 6
445 410 608 446 δημιουργὸς
623 413 638 438 6
661 413 749 439 συνὼν
778 415 837 446 τοῖς
861 414 1003 450 κτίσμασι,

240 461 252 478 ε
270 461 284 479 ε
315 462 381 479 στιν.

240 461 284 484 εος
298 461 381 481 εστιν.

253 509 290 536 Γ¹.
307 508 476 543 Ἐρώτησις.
497 511 617 546 Ἐπειδὴ
629 512 649 546 ὴ
663 513 790 547 ἁμαρτία
800 515 1004 549 μεταμορφοῦ-

217 563 264 582 ται
290 556 334 588 εις
347 556 477 591 ἄγγελον
483 557 591 591 φωτὸς,
611 558 660 584 καὶ
668 560 814 593 παρομοια
822 558 876 592 τῆς
883 559 1003 594 χάριτός

216 601 292 632 ἐστι,
313 600 376 634 ,πῶς
400 600 441 629 ἂν
464 602 562 637 νοήσῃ
575 604 591 630 d
609 603 764 638 ἅνθρωπος
782 604 835 637 τὰς
848 604 1004 639 μεθοδείας

216 647 431 679 {017610166101},-
443 648 493 674 καὶ
515 649 579 682 πῶς
590 649 706 682 δέξεται
727 650 776 677 καί
795 650 941 685 διακρινεῖ
952 652 1005 684 τὰς

218 692 273 727 τῆς
289 692 430 727 χάριτος;

259 739 436 772 Ἀπόκρισις.
456 739 495 766 Τὰ
509 739 560 773 τῆς
576 740 686 774 χάριτος
699 740 788 776 χαράν
803 741 869 776 ἔχει,
893 741 1004 776 εἰρήνην

217 783 286 818 ἔχει,
301 784 412 818 ἀγάπην
431 785 499 820 ἔχει,
513 785 644 820 ἀλήθειαν
660 786 727 821 ἔχει.
744 786 818 821 Αὕτη
845 787 862 822 ὴ
891 786 1004 821 ἀλήθεια

217 828 368 863 ἀναγκάζει
386 830 432 855 τὸν
450 830 592 865 ἄνθρωπον
608 831 736 866 ἀλήθειαν
749 831 888 866 ἐπιζητεῖν
901 839 908 847 ν
923 831 958 857 τὰ
975 831 1004 857 δὲ

216 874 267 909 τῆς
290 875 427 910 ἁμαρτίας
443 876 500 910 είδη
515 877 574 903 ἐστὶ
591 877 792 912 τεταραγμένα,
816 877 862 903 καὶ
883 877 933 903 οὐκ
947 876 1003 911 ἔχει

217 921 329 956 ἀγάπην
343 921 389 947 καὶ
406 923 492 956 χαράν
508 922 577 958 πρὸς
587 923 633 950 τδν
650 923 726 950 Θεόν,
737 923 842 959 Ὥσπερ
858 923 912 958 γάρ
929 923 1003 949 ἐστιν

217 966 234 1001 ἡ
245 967 339 1001 πικρὶς
354 967 434 1001 ὁμοία
447 967 498 1002 τῆς
510 967 649 1002 θρίδακος,
665 968 694 995 τὸ
709 969 757 1004 μὲν
777 968 806 996 ἓν
824 969 921 1003 γλυκὺ,
937 969 1002 996 τὸδὲ

216 1011 245 1037 ἓν
259 1012 357 1046 πικρόν
366 1020 373 1027 '
389 1012 436 1037 καὶ
452 1013 482 1038 ὲν
495 1012 563 1048 αὐτῇ
574 1012 603 1039 δὲ
615 1014 648 1048 τῇ
656 1013 746 1049 χάριτί
759 1014 834 1039 ἐστιν
846 1014 926 1048 ὅμοια
935 1014 1002 1049 ἀλη-

217 1056 303 1088 θείας,
319 1057 366 1083 καὶ
375 1056 449 1084 ἐστιν
461 1057 531 1092 αὐτὴ
544 1059 561 1093 ἡ
570 1058 718 1090 ὑπόστασις
727 1059 777 1093 τῆς
789 1059 927 1094 ἀληθείας.
940 1058 1002 1087 Οἷόν

215 1102 288 1129 ἑστιν
303 1103 320 1138 ὴ
328 1103 399 1138 αὐγὴ
415 1103 462 1130 τοῦ
473 1103 561 1138 ἡλίου.
570 1104 618 1130 καὶ
627 1104 705 1136 αὐτὸς
713 1105 727 1131 6
741 1105 850 1138 κύκλος,
859 1106 906 1132 καὶ
915 1106 1003 1138 ἄλλως

215 1149 232 1183 ὴ
248 1148 319 1183 αὐγὴ
336 1149 438 1183 φαίνει,
454 1149 500 1176 καὶ
511 1149 600 1182 ἄλλως
614 1150 644 1176 τὸ
656 1150 725 1184 φῶς,
734 1151 764 1177 τὺ
774 1151 955 1186 ἀποκείμενον
973 1152 1001 1178 ἐν

215 1194 254 1230 ’τῷ
266 1194 453 1228 κύκλῳ.¹Ἐστι
463 1195 559 1230 λύχνος
572 1195 666 1222 άπτων
679 1197 719 1228 εις
741 1194 824 1223 οἷκονσ
841 1196 907 1231 άλλη
928 1197 1002 1223 ἐστὶν

215 1241 233 1275 ἡ
246 1240 317 1276 αὐγὴ
328 1240 345 1275 ἡ
361 1241 498 1275 πανταχοῦ
511 1240 666 1275 λάμπουσα,
681 1241 727 1267 καὶ
739 1240 802 1267 ἄλλο
813 1241 871 1267 ἐστὶ
887 1241 916 1267 τδ
933 1240 1000 1276 φῶς,

215 1285 246 1312 τὸ
260 1287 288 1313 ὲν
305 1286 378 1322 αὐτῷ
395 1287 434 1322 τῷ
447 1287 537 1323 λύχνῳ
548 1307 555 1320 ,
572 1287 762 1323 λαμπρότερον
786 1288 834 1314 καὶ
859 1287 1002 1322 φαιδρότε-

217 1341 272 1367 ρον.
287 1333 380 1364 Οὕτως
391 1333 449 1359 ἐστι
463 1341 526 1360 τινα
539 1334 588 1368 τῆς
601 1334 723 1369 χάριτος,
743 1334 788 1360 ὅτε
805 1333 941 1369 μακρόθεν
955 1334 1002 1360 αὑ-

214 1378 262 1404 τοῦ
279 1378 317 1410 ὡς
331 1379 441 1414 ὁράσεις
453 1379 531 1411 τινάς
547 1379 640 1414 βλέπει
653 1379 667 1405 6
680 1379 832 1414 ἄνθρωπος,
849 1379 895 1406 καὶ
913 1379 1002 1414 χαίρει

216 1424 257 1455 εις
269 1423 354 1456 αὐτάς
367 1424 416 1456 τὰς
428 1424 548 1459 ὁράσεις,
562 1425 609 1451 καὶ
623 1424 697 1451 ἔστιν
711 1425 802 1456 ἄλλος,
816 1425 860 1451 ὅτε
876 1424 1000 1460 εἰσέρχε-

214 1477 258 1495 ται
275 1469 315 1500 είς
330 1469 411 1495 αὑτὸν
425 1470 442 1504 ὴ
457 1469 625 1504 δύναμιςτοῦ
641 1469 720 1501 Θεοῦ,
733 1470 780 1496 καὶ
791 1470 903 1504 κατέχει
918 1469 1002 1496 αὑτοῦ

214 1512 248 1539 τὰ
265 1512 333 1548 μέλη
349 1513 397 1540 καὶ
411 1513 461 1548 τὴν
477 1514 602 1549 καρδίαν,
612 1514 660 1541 καὶ
674 1514 869 1549 αἰχμαλωτίζει
884 1514 929 1540 τὸν
939 1514 1000 1541 νοῦν

1056 274 1159 301 bonum
1176 283 1191 302 a
1206 275 1301 302 malo?
1321 275 1449 310 Nunquid
1472 275 1555 307 enim,
1576 274 1712 309 siquidem
1729 273 1838 306 coelum,

1055 324 1084 347 et
1105 321 1156 353 sol,
1175 324 1204 348 et
1229 325 1335 349 montes
1355 321 1382 348 in
1401 322 1456 349 Deo
1480 321 1540 356 ipso
1567 321 1622 348 sint
1647 327 1679 347 ac
1704 327 1753 354 per
1775 327 1840 347 eum

1055 366 1219 399 consistant,
1235 371 1263 394 et
1276 367 1332 402 ipsa
1344 371 1409 394 sunt
1418 367 1510 394 Deus?
1521 365 1634 401 Opilieia
1649 365 1779 400 qumlibet
1790 371 1841 392 suo

1055 412 1153 440 ordine
1167 417 1323 440 constructa
1338 417 1413 445 sunt,
1430 416 1459 440 et
1473 412 1574 447 opifex,
1599 411 1646 446 qui
1671 411 1725 438 illis
1751 411 1839 442 adest,

1055 458 1128 485 Deus
1142 463 1193 485 est.

1089 514 1144 549 30
1162 514 1206 541 lli.
1219 514 1404 549 Interrogatio.
1421 514 1486 541 Cum
1506 518 1638 548 peccatum
1664 513 1692 539 in
1715 511 1839 546 angelum

1056 560 1119 587 lueis
1133 561 1348 595 lransformetur,
1371 565 1395 587 et
1414 559 1498 587 simile
1523 560 1556 586 sit
1575 559 1678 594 gratim,
1699 565 1749 593 quo
1763 561 1838 592 pacto

1055 611 1188 640 cognoscet
1210 607 1287 633 homo
1307 607 1416 633 insidias
1435 605 1556 632 diaboli?
1576 609 1600 631 et
1618 612 1668 639 quo
1688 607 1764 639 pacto
1781 611 1839 630 sus-

1055 653 1131 687 cipiet
1146 657 1169 679 et
1185 652 1310 679 discernet
1321 653 1427 679 semitas
1443 652 1537 687 gratia:
1547 650 1560 677 ἵ

1088 742 1239 777 Responsio.
1276 742 1314 770 Ea
1342 750 1404 777 qua:
1435 746 1502 769 sunt
1528 741 1634 776 gratiae,
1665 739 1746 774 plena
1777 740 1841 765 sunt

1055 788 1165 821 lzetitiie,
1176 789 1262 823 pacis,
1274 787 1431 815 dilectionis
1444 793 1472 815 et
1485 786 1620 815 veritatis.
1632 786 1728 813 Haecee
1739 783 1841 811 veritas

1055 834 1171 869 impellit
1186 834 1326 861 hominem
1339 834 1374 860 ad
1392 832 1586 868 inquirendam
1607 832 1762 859 veritatem.
1786 828 1840 856 Sed

1020 897 1040 924 Β
1056 879 1160 913 peccati
1178 879 1285 913 species
1297 882 1361 905 sunt
1376 878 1554 910 turbulentae,
1580 884 1633 904 nec
1657 874 1778 902 laetitiam
1794 877 1842 901 aut

1055 924 1230 952 dilectionem
1256 932 1319 959 erga
1353 924 1439 951 Deum
1465 924 1578 951 habent.
1602 919 1840 955 Quemadmodum

1053 970 1127 998 enim
1140 970 1251 1006 intybus
1267 970 1364 998 similis
1378 975 1420 997 est
1433 970 1547 997 lactuca:
1560 978 1566 996 :
1580 969 1638 995 haec
1649 967 1761 1002 quidem
1779 965 1841 992 dul-

1054 1016 1104 1048 cis,
1121 1016 1168 1043 illa
1186 1023 1253 1043 vero
1265 1023 1372 1043 amara:
1388 1015 1415 1042 in
1435 1015 1494 1049 ipsa
1505 1014 1589 1041 etiam
1613 1012 1701 1048 gratia
1723 1010 1841 1047 quadam

1053 1062 1154 1089 similia
1170 1066 1235 1089 sunt
1246 1061 1380 1093 veritatis,
1395 1065 1422 1088 et
1432 1060 1544 1094 quidem
1559 1059 1617 1094 ipsa
1629 1062 1671 1086 est
1686 1056 1841 1085 substantia

1052 1107 1188 1135 veritatis.
1220 1106 1308 1134 Veluti
1335 1111 1378 1134 est
1404 1105 1535 1140 splendor
1562 1104 1630 1132 solis
1661 1107 1689 1130 et
1719 1101 1841 1130 circulus

1053 1153 1124 1188 ipse,
1143 1156 1171 1179 et
1185 1152 1265 1179 aliter
1287 1151 1417 1186 splendor
1444 1154 1566 1185 apparet,
1591 1149 1673 1177 aliter
1695 1148 1787 1175 lumen
1811 1146 1839 1174 in

1053 1197 1158 1224 circulo
1171 1197 1332 1231 repositum.
1347 1196 1389 1223 Sit
1404 1196 1516 1222 lucerna
1532 1194 1559 1221 in
1583 1193 1677 1224 domo,
1705 1192 1776 1219 alius
1797 1195 1841 1218 est

1053 1243 1183 1278 splendor
1196 1242 1299 1277 ubique
1315 1242 1465 1276 refulgens.
1491 1245 1520 1267 et
1535 1239 1612 1267 aliud
1636 1242 1679 1266 est
1697 1239 1791 1265 lumen
1810 1237 1838 1264 in

1053 1289 1112 1324 ipsa
1133 1289 1246 1316 lucerna
1263 1287 1435 1323 splendidius
1460 1291 1488 1314 et
1515 1285 1678 1320 elegantius.
1707 1283 1753 1311 Sic
1775 1286 1841 1310 sunt

1053 1335 1176 1370 quaedam
1187 1355 1194 1367 ,
1209 1342 1270 1369 quze
1287 1342 1302 1361 a
1317 1333 1403 1369 gratia
1419 1335 1532 1359 manant
1545 1340 1553 1358 :
1572 1330 1683 1365 quando
1697 1337 1730 1357 ea
1742 1329 1838 1364 procul

1053 1389 1069 1408 a
1085 1388 1124 1413 se,
1145 1384 1273 1414 tanquam
1295 1379 1416 1405 visiones
1431 1376 1573 1412 quasdam.
1602 1375 1725 1402 intuetur
1745 1374 1839 1405 homo,

1053 1433 1149 1453 eorum
1162 1424 1314 1452 visionibus
1327 1423 1481 1450 delectatur
1491 1425 1520 1449 et
1536 1421 1565 1448 tit
1585 1421 1667 1452 alius,
1685 1419 1796 1454 quando
1811 1419 1841 1446 in

1053 1479 1116 1499 eum
1133 1471 1254 1505 ingressa
1274 1469 1394 1504 potentia
1406 1469 1465 1499 Dei,
1484 1467 1589 1495 detinet
1610 1466 1732 1493 membra
1750 1469 1779 1492 et
1793 1472 1842 1491 cor

1053 1517 1124 1552 ejus,
1136 1523 1168 1544 ac
1180 1515 1314 1550 caplivam
1331 1515 1406 1542 illius
1425 1518 1544 1540 mentem
1563 1512 1655 1540 reddit
1673 1512 1701 1538 in
1718 1517 1840 1538 amorem

215 1559 255 1589 si;
273 1559 384 1594 ἀγάπην
410 1559 488 1587 Θεοῦ,
503 1560 568 1586 Ὅτε
588 1560 633 1586 τὸν
649 1560 751 1595 Πέτρον
771 1560 935 1596 ἐκράτησαν,
954 1560 1000 1586 καὶ

1053 1563 1113 1590 Dei.
1132 1561 1248 1595 Quando
1265 1561 1377 1588 Petrum
1394 1560 1624 1595 comprehensum
1650 1557 1679 1585 in
1702 1563 1841 1584 carcerem

214 1603 308 1631 ἔϐαλον
322 1605 362 1636 είς
377 1605 510 1641 φυλακὴν,
527 1605 563 1636 ὡς
575 1606 596 1632 δ’
609 1603 643 1641 ἦν
669 1606 904 1641 ὲγκεκλεισμένος,
918 1603 999 1641 ἦλθεν

214 1649 340 1683 ἄγγελος,
361 1651 409 1687 καὶἔ
424 1651 523 1686 ἔρρηξε
534 1651 568 1678 τά
583 1651 672 1686 δεσμὰ
688 1651 782 1684 αὐτοῦ,
799 1652 846 1678 καὶ
872 1651 999 1685 ἐξέϐαλεν

215 1694 307 1728 αὐτὸν,
333 1695 381 1721 καὶ
397 1695 478 1727 αὐτὸς
503 1695 598 1730 ὥσπερ
615 1696 644 1722 ὲν
658 1696 785 1723 ἐκστάσει
806 1696 855 1730 ὢν,
875 1697 1000 1732 ἐνόμιζεν

214 1740 305 1776 ὅραμα
320 1738 399 1768 εἶναι.

247 1799 285 1824 Δν.
309 1797 467 1840 Ἐρώτησις
477 1816 484 1825 .
502 1798 556 1825 Kal
571 1796 634 1832 iniu;
644 1799 808 1826 πίπτουσιν
824 1801 852 1826 οι
865 1800 1000 1834 ενοι)γού-

212 1851 298 1878 μενοι
311 1843 371 1870 ὑπὸ
385 1844 507 1877 χάριτος
519 1843 593 1870 Θεοῦ
598 1852 609 1876 ;

255 1899 432 1934 Ἀπόκρισις.
448 1900 532 1927 Αὐτοὶ
548 1901 572 1927 οἱ
591 1901 715 1936 λογισμοὶ
729 1902 752 1928 οἱ
779 1902 894 1937 καθαροὶ⁵
921 1903 951 1929 ὲν
966 1905 1000 1940 τῇ

216 1945 269 1981 ῑδίᾳ.
302 1945 382 1980 φύσει
409 1946 590 1973 ὀλισθαίνουσι
620 1947 667 1974 καὶ
693 1947 850 1976 πίπτουσιν.
870 1949 1000 1984 ’Δρχεται

214 1992 268 2027 τὰρ
283 1992 456 2027 ἐπαίρεσθαι,
473 1992 659 2028 κατακρίνειν,
673 1993 721 2019 καὶ
737 1993 836 2027 λέγειν·
851 1993 893 2021 Σὺ
904 1994 999 2028 ἀμαρ-

213 2037 310 2071 τωλὸς
324 2035 362 2070 εἴ,
378 2037 451 2073 ἔχειν
466 2038 592 2065 δ’ὲαυτὺν
606 2038 710 2065 δίκαιον
724 2047 732 2054 σ
749 2039 800 2066 οὐκ
813 2037 887 2071 οἶδας
902 2039 929 2066 τί
954 2039 1000 2066 λέ-

212 2092 256 2118 γει
269 2084 283 2110 6
299 2083 418 2117 nam“;
436 2084 540 2118 Ἐδόθη
553 2093 603 2119 μοι
617 2085 742 2119 σκόλοψ·
752 2084 790 2119 τῇ
801 2084 900 2119 σαρκί,
915 2085 1001 2120 ἄγγε-

214 2131 270 2162 λος
284 2130 384 2157 Σατὰν
394 2149 400 2161 ,
416 2131 467 2156 ἵνα
492 2139 530 2164 με
557 2130 714 2164 κολαφίζῃ,
727 2130 829 2164 ἵναμὴ
840 2131 1000 2166 ὑπεραίρωὶ

210 2183 274 2210 μαι.
293 2175 371 2211 Ἔχει
384 2176 437 2211 γάρ
447 2177 464 2211 ὴ
478 2175 586 2211 καθαρὰ
597 2175 678 2210 φύσις
691 2176 722 2202 τδ
738 2177 945 2212 ὑπεραίρεσθαι.

247 2265 286 2292 Ε’.
310 2264 480 2299 Ἐρώτησις.
504 2265 537 2291 El
552 2264 680 2291 δύναταί
700 2273 744 2296 τις
761 2264 810 2294 διὰ
832 2265 885 2292 τοῦ
902 2266 999 2300 φωτὸς

213 2311 287 2338 ιδεῒν
309 2310 367 2344 τὴν
380 2311 488 2337 ἑαυτοῦ
503 2310 619 2344 ψυχὴν,
645 2309 748 2344 ἐπειδὴ
765 2319 845 2344 τινες
857 2311 914 2344 τὴν
926 2313 999 2339 ἀπο-

212 2356 347 2391 κάλυψιν
370 2356 538 2389 ἀναιροῦσι,
561 2356 609 2383 καὶ
626 2357 752 2391 λέγουσι
764 2376 772 2388 ,
791 2355 840 2383 διὰ
860 2357 998 2391 γνώσεως

212 2403 259 2429 καὶ
271 2402 440 2435 αἰσθήσεως
451 2400 528 2429 εἶναι
543 2401 599 2436 τὴν
611 2402 736 2436 ὅρασιν;

255 2457 437 2491 Ἀπόκρισις.
453 2457 545 2483 Ἔστιν
575 2456 713 2491 αἴσθησις,
743 2457 791 2483 καὶ
805 2455 879 2483 ἔστιν
893 2457 998 2492 ὅρασις,

212 2503 259 2530 καὶ
270 2502 327 2529 ἐστι
341 2501 490 2537 φωτισμός.
507 2502 561 2528 Καὶ
578 2498 654 2532 οὗτος
668 2502 682 2527 6
697 2502 766 2537 ἔχων
776 2502 822 2529 τὸν
848 2503 998 2538 φωτισμὸν,

214 2548 315 2584 μείζων
335 2549 394 2575 ἐστὶ
408 2548 454 2575 τοῦ
483 2548 590 2583 ἔχοντος
609 2548 659 2583 τὴν
690 2543 828 2584 αἶσθηᾶιν.
849 2549 999 2585 Ἐφωτίσοη

212 2594 267 2629 γάρ
280 2595 294 2620 6
309 2593 370 2625 νοῦς
379 2593 472 2626 αὐτοῦ,
486 2593 524 2625 ὡς
538 2594 580 2620 ὅτι
593 2593 690 2629 μερίδα
711 2595 772 2621 τινὰ
797 2593 910 2630 μείζονα
922 2595 1000 2621 ἐλαῦε

213 2641 290 2676 παρὰ
302 2640 349 2667 τὸν
365 2640 413 2676 τὴν
420 2639 546 2674 αἴσθησιν
561 2640 668 2675 ἔχοντα,
681 2640 774 2674 ἐπειδὴ
787 2638 856 2666 εἶδεν
874 2641 902 2666 ὲν
911 2641 999 2674 ἑαυτῷ

213 2694 272 2713 τινα
284 2686 469 2722 πληροφορίαν
484 2686 617 2722 ὀράσεων.
635 2686 708 2721 Πλὴν
720 2686 783 2713 ἄλλο
800 2687 874 2714 ἐστὶν
892 2687 998 2714 ἀποκά-

213 2730 301 2766 λυψις,
330 2733 374 2759 ὅτε
395 2732 546 2767 πράγματα
576 2732 682 2767 μεγάλα
707 2733 755 2760 καὶ
782 2733 918 2769 μυστήρια
931 2733 999 2760 Θεοῦ

215 2778 436 2806 ἀποκαλύπτεται
446 2781 479 2814 τῇ
489 2779 573 2814 ψυχῇ.

251 2867 273 2882 ”⁹
287 2866 346 2896 Act.
363 2875 410 2901 xu,
423 2869 450 2903 5,
461 2869 488 2896 8.
526 2869 548 2884 ¹⁶⁰
564 2869 658 2897 llCor.
676 2877 720 2902 xu,
740 2870 764 2896 7.

1053 1607 1240 1639 detruserunt,
1260 1613 1378 1640 cumque
1401 1612 1496 1632 carcer
1522 1607 1594 1632 esset
1619 1603 1739 1634 clausus,
1765 1601 1843 1629 venit

1053 1653 1177 1688 angelus,
1193 1657 1222 1680 et
1232 1652 1353 1679 etl'ractis
1366 1651 1486 1678 vinculis
1496 1651 1557 1686 ejus
1573 1649 1668 1677 eduxit
1687 1656 1762 1680 eum,
1782 1647 1841 1682 ipse

1052 1706 1118 1727 vero
1129 1704 1257 1733 tanquam
1275 1698 1304 1725 in
1321 1705 1433 1725 excessu
1456 1696 1557 1724 mentis
1567 1696 1742 1727 constitutus,
1756 1694 1842 1722 visio-

1053 1752 1116 1772 nem
1127 1744 1242 1779 putabat
1249 1743 1346 1770 esse".

1088 1801 1133 1828 IV.
1151 1799 1338 1834 Interrogatio.
1348 1798 1381 1826 At
1399 1797 1527 1833 quomodo
1539 1797 1648 1830 cadunt,
1665 1797 1710 1832 qui
1724 1805 1740 1823 a
1752 1796 1841 1832 gratia

1053 1847 1101 1873 Dei
1112 1846 1263 1881 diriguntur
1276 1845 1288 1872 ?

1095 1901 1249 1936 Responsio.
1286 1900 1353 1936 Ipsa:
1375 1899 1554 1935 cogitationes
1575 1905 1651 1933 puras
1675 1898 1702 1924 in
1730 1896 1841 1932 propria

1055 1951 1153 1973 natura
1179 1946 1310 1973 labuntur
1336 1953 1368 1972 ac
1395 1945 1506 1972 cadunt.
1536 1943 1635 1979 Incipit
1655 1943 1730 1970 enim
1758 1943 1841 1970 homo

1054 1991 1159 2024 extolli,
1185 1991 1319 2027 judicare,
1346 1998 1378 2017 ac
1406 1990 1516 2017 dicere:
1533 1989 1570 2017 Tu
1597 1992 1717 2024 peccator
1739 1995 1776 2020 es,
1799 1995 1842 2014 se-

1055 2038 1144 2072 ipsum
1160 2044 1228 2064 Vero
1241 2037 1344 2072 justum
1358 2036 1505 2064 aestimare.
1517 2034 1622 2066 Nescis,
1631 2034 1697 2069 quid
1713 2034 1842 2068 l0quatur

1054 2083 1178 2110 Paulus?
1195 2083 1278 2110 Datus
1293 2086 1330 2109 est
1350 2082 1414 2108 mihi
1437 2080 1542 2108 aculeus
1566 2080 1652 2112 carni,
1665 2079 1774 2115 angelus
1789 2078 1840 2106 Sa-

1055 2133 1136 2160 tanae,
1153 2132 1182 2154 ut
1197 2137 1236 2155 me
1247 2127 1364 2164 colaphis
1383 2127 1479 2160 credat,
1502 2135 1535 2154 ne
1552 2135 1634 2162 supra
1653 2126 1758 2153 modum
1780 2125 1842 2160 επε-

1055 2181 1102 2199 rar
1123 2173 1156 2199 ”.
1194 2172 1282 2199 llabet
1310 2172 1385 2199 enim
1408 2179 1477 2207 pura
1497 2179 1608 2207 quoque
1636 2175 1734 2198 natura
1759 2170 1787 2196 in
1812 2177 1842 2196 se

1018 2230 1042 2260 Β
1055 2217 1200 2253 quamdam
1219 2218 1387 2252 superbiam.

1088 2264 1120 2291 ν.
1138 2263 1326 2299 Interrogatio.
1350 2262 1444 2290 Utrum
1459 2263 1516 2298 quis
1530 2271 1576 2298 per
1592 2262 1680 2289 lumen
1693 2262 1842 2297 conspicere

1051 2318 1128 2337 suam
1148 2310 1229 2345 ipsius
1247 2310 1366 2336 animam
1385 2312 1479 2344 potest,
1501 2307 1712 2343 quandoquidem
1731 2306 1841 2341 quidam

1053 2355 1239 2382 reuelationem
1267 2353 1375 2385 tollunt,
1403 2353 1535 2385 dicentes,
1556 2360 1602 2387 per
1631 2351 1804 2386 cognitionem
1816 2353 1841 2376 et

1051 2410 1156 2428 sensum
1168 2399 1229 2434 ﬁeri
1240 2400 1362 2426 uisionem
1375 2399 1388 2426 ἰ)

1088 2457 1240 2492 Responsio.
1258 2456 1306 2483 Est
1323 2464 1430 2488 sensus,
1443 2460 1471 2483 et
1485 2459 1528 2482 est
1542 2455 1622 2487 visio,
1638 2458 1667 2481 et
1680 2457 1723 2481 est
1735 2452 1839 2480 illumi-

1054 2503 1148 2530 natio:
1166 2507 1247 2536 atque
1262 2502 1308 2537 qui
1328 2502 1498 2529 illuminatus
1511 2506 1565 2532 est,
1582 2500 1669 2535 major
1689 2503 1742 2530 est,
1757 2505 1840 2533 quam

1055 2549 1101 2583 qui
1117 2548 1199 2576 habet
1211 2556 1324 2576 sensum
1339 2556 1346 2573 ε
1363 2547 1516 2574 illuminata
1529 2551 1571 2573 est
1585 2546 1659 2572 enim
1675 2552 1752 2571 mens
1768 2543 1839 2578 ejus.

1054 2593 1154 2628 quippe
1170 2592 1217 2628 qui
1242 2593 1374 2627 majorem
1394 2596 1498 2626 portent
1521 2589 1668 2624 acceperit,
1691 2595 1772 2622 quam
1792 2587 1840 2621 qui

1054 2648 1164 2668 sensum
1181 2639 1273 2666 habet.
1299 2637 1440 2673 Siquidem
1463 2635 1538 2663 videt
1564 2636 1592 2662 in
1604 2641 1632 2661 se
1645 2632 1840 2661 eertitudinem

1054 2686 1200 2722 quamdam
1217 2685 1363 2712 visionum.
1387 2683 1580 2711 Verumtamen
1605 2679 1679 2707 aliud
1703 2683 1745 2706 est
1759 2685 1839 2705 reve-

1056 2732 1132 2762 latio.
1154 2732 1264 2767 quando
1291 2738 1334 2758 res
1351 2737 1454 2765 magna
1467 2733 1494 2757 et
1511 2735 1617 2756 arcanae
1630 2725 1781 2755 divinitatis
1796 2733 1841 2752 re-

1055 2780 1180 2807 velantur
1195 2778 1301 2805 animae.
