2067 3149
220 135 270 165 52³1

841 134 872 164 S.
892 134 1053 165 M-ACARII
1073 136 1234 167 [EGIPTH

1794 137 1848 169 528

254 189 299 218 Vl.
314 174 502 225 Interrogatio:
529 189 622 217 Utrum
638 189 704 216 uidet
720 191 778 226 quia
794 197 841 225 per
866 190 1006 217 revelatio-

1095 193 1139 225 εἶ’.
1150 192 1320 226 Ἐρώτησις.
1336 193 1371 220 El
1382 192 1492 225 ,βλέπει
1506 201 1551 226 τις
1575 192 1613 220 δι’
1627 192 1846 226 ἀποκαλύψεως

219 245 279 264 nem
293 241 319 263 et
335 235 423 263 lumen
436 236 553 262 divinum
567 235 687 262 animum
699 235 712 262 ?

254 284 305 318 31
321 283 477 317 Responsio.
501 282 738 316 Quemadmodum
750 281 822 309 oculi
831 282 919 310 nostri
934 282 1008 317 aspi-

217 330 296 357 ciunt
310 330 415 357 solem:
439 329 480 356 sic
511 332 539 356 et
573 327 720 355 illuminati
742 327 837 355 vident
861 328 1007 364 imaginem

217 376 324 406 animm,
337 374 387 402 sed
401 374 473 402 hanc
490 375 569 409 pauci
581 374 677 401 vident
688 373 848 401 Christiani.

251 462 307 490 νη.
334 461 519 497 Interrogatio.
550 460 644 488 Utrum
663 461 740 487 habet
761 461 851 487 anima
873 459 1009 494 formam?

253 517 404 551 Responsio.
430 515 518 543 liabet
543 514 661 542 formam
687 518 715 541 et
731 514 877 549 imaginem
889 512 1006 540 similem

218 562 327 597 angelo.
343 561 421 588 Sicut
439 560 513 587 enim
526 559 614 595 angeli
629 559 732 586 habent
747 558 891 594 imaginem
903 565 935 585 ac
952 557 1005 584 [οι-⁴

219 616 303 640 mam,
316 611 344 635 et
362 607 434 635 sicut
444 605 565 634 exterior
577 605 660 632 homo
677 603 759 631 habet
776 603 940 638 imaginem:
966 602 1007 630 sic

217 659 245 682 et
260 654 376 682 interior
389 653 473 680 habet
485 652 602 680 similem
614 651 710 686 angelo
721 654 749 677 et
762 649 887 677 interiori
902 648 1007 676 homini

217 700 373 735 imaginem.

253 755 321 783 Vlll.
345 753 536 790 Interrogatio.
562 752 657 781 Utrum
681 751 757 778 aliud
779 755 816 778 est
835 758 919 783 mens,
932 749 1006 777 aliud

219 803 308 829 anima
318 801 331 828 ?

254 857 407 892 Responsio.
441 854 678 889 Quemadmodum
712 853 838 888 corporis
864 851 1001 883 membra,
1018 861 1039 889 Β

219 904 303 931 multa
319 910 380 930 cum
397 902 463 934 sint,
477 909 548 928 unus
563 901 644 927 homo
657 899 806 927 dicuntur:
827 898 864 925 ita
874 901 902 924 et
916 904 1004 924 mem-

220 950 269 977 bra
285 949 383 976 anima:
394 952 459 975 sunt
470 947 568 978 multa,
579 953 668 977 mens,
679 944 857 975 conscientia,
866 943 1004 975 voluntas,

219 994 400 1030 cogitationes
410 996 572 1021 accusantes
581 995 610 1018 et
621 990 800 1018 defendentes
812 998 818 1016 :
836 996 931 1016 verum
947 989 1005 1015 hanc

219 1040 312 1067 omnia
328 1039 357 1066 in
372 1046 456 1066 unam
475 1037 611 1065 rationem
620 1036 745 1064 devincta
758 1039 868 1067 sunt,et
881 1034 1005 1061 membra

219 1085 400 1113 nihilominus
415 1087 481 1112 sunt
496 1085 603 1110 animae.
629 1082 715 1110 Unica
731 1086 823 1109 autem
845 1084 888 1108 est
902 1080 1004 1112 anima,

220 1132 336 1160 interior
350 1131 444 1158 homo.
456 1129 547 1157 Veluti
564 1133 657 1158 autem
671 1128 824 1156 exteriores
849 1127 922 1154 oculi
939 1134 1005 1161 pro-

219 1177 340 1212 spiciunt
353 1177 462 1204 eminus
476 1175 580 1210 spinas,
594 1178 623 1202 et
637 1173 786 1209 praecipitia
800 1180 832 1200 ac
844 1172 952 1200 loveas:
966 1172 1006 1199 sic

218 1227 246 1251 et
265 1230 354 1255 mens,
383 1230 447 1249 cum
473 1221 509 1249 sit
531 1220 660 1253 alacrior,
686 1219 818 1255 praevidet
844 1218 1007 1246 adversariae

221 1269 320 1296 animat
343 1268 490 1303 potestatis
507 1267 651 1295 machinas
661 1271 690 1294 et
703 1265 829 1297 insidias,
844 1269 873 1292 et
886 1271 1005 1299 praemu-

219 1315 261 1341 nit
271 1314 400 1346 animam,
413 1314 498 1342 veluti
510 1314 608 1341 animat
620 1312 718 1340 oeulus
728 1311 873 1339 exsistens.
884 1310 1006 1338 Gloriam

218 1367 286 1395 ergo
310 1359 461 1387 referamus
476 1361 563 1393 Patri,
586 1365 615 1388 et
638 1360 718 1391 Filio,
731 1363 759 1386 et
771 1356 886 1392 Spiritui
900 1359 1005 1388 sancto,

220 1405 248 1432 in
266 1406 365 1433 sarcula
382 1407 556 1434 saculorum.
572 1407 669 1434 Amen.

500 1466 643 1494 llOMlLlA
654 1465 723 1494 Vlll.

221 1512 258 1539 De
274 1513 313 1540 his
337 1521 397 1548 qua:
419 1513 574 1548 contingunt
593 1512 749 1540 Christianis
772 1508 1006 1548 inter:(primatum2

254 1552 280 1574 et
304 1542 485 1583 de'gradibus
508 1542 689 1583 perfectionis,
716 1542 1007 1583 utrum‘oiaelicet‘uad

254 1580 397 1618 perfectum
409 1580 524 1618 gradum
536 1580 671 1618 pervenire
687 1581 787 1616 possint
804 1580 948 1608 Christiani
959 1580 972 1604 ε’

256 1677 278 1705 1.
299 1677 327 1705 Si
344 1677 498 1713 ingreditur
517 1677 653 1713 quispiam
679 1677 712 1704 ad
732 1676 898 1705 ﬂectendum
923 1685 1007 1713 genu,

220 1723 424 1758 quamprimum
449 1730 498 1750 cor
526 1723 586 1758 ejus
603 1723 724 1757 repletur
737 1722 830 1750 divina
850 1723 965 1756 virtute,
980 1727 1009 1750 et

220 1767 340 1795 exsultat
349 1767 439 1794 anima
449 1775 512 1795 cum
523 1767 650 1799 Domino,
665 1771 695 1794 ut
706 1774 805 1802 sponsa
816 1774 878 1794 cum
894 1774 1005 1801 sponso,

221 1813 374 1841 secundum
389 1814 462 1848 quod
475 1813 544 1840 dixit
561 1813 644 1840 lsaias
652 1813 798 1848 propheta,
808 1812 920 1841 dicens:
933 1814 1009 1846 Quo-

225 1857 301 1884 modo
317 1857 440 1893 gaudebit
459 1866 570 1893 sponsus
589 1865 668 1892 super
686 1865 821 1892 sponsam,
835 1858 873 1885 sic
887 1857 1010 1893 gaudebit

223 1900 351 1928 Dominus
365 1910 444 1937 super
459 1907 484 1928 te
500 1901 534 1929 “.
548 1901 688 1937 Contingit
704 1906 805 1935 autem,
817 1906 847 1929 ut
863 1901 910 1937 qui
923 1905 1010 1929 totum

223 1945 296 1974 diem
311 1947 430 1982 negotiis
457 1948 599 1975 districtus
618 1951 689 1981 erat,
710 1955 764 1975 una
777 1948 846 1975 hora
864 1956 894 1975 se
912 1955 1009 1983 preca-

222 1988 290 2017 tioni
302 1990 395 2024 dedat,
413 1995 441 2019 et
458 1991 573 2020 interior
586 1990 670 2018 homo
682 1991 716 2018 ad
733 1993 885 2023 orationem
907 1996 935 2019 et
948 1992 1011 2019 inli-

221 2036 307 2064 nitam
324 2037 540 2072 profunditatem
569 2039 663 2067 sazculi
688 2039 762 2066 illius
776 2039 804 2066 in
819 2039 906 2065 multa
917 2037 1011 2065 suavi-

223 2088 279 2111 tate
293 2084 458 2118 abripiatur,
480 2084 548 2112 adeo
560 2089 591 2111 ut
604 2089 660 2112 tota
684 2085 743 2120 ejus
768 2092 846 2112 mens
866 2091 1010 2119 suspensa,

223 2134 252 2156 ct
264 2130 329 2157 illuc
340 2130 452 2166 abrepta
461 2130 653 2166 peregrinetur
665 2139 672 2163 ;
688 2134 771 2165 atque
784 2135 815 2157 ut
825 2130 872 2157 illo
887 2133 1011 2164 tempore

1059 238 1108 265 καὶ
1117 238 1214 272 φωτὸς
1227 239 1328 266 θεϊκοῦ
1336 239 1393 273 τὴν
1404 239 1530 274 ψυχήνς

1096 284 1279 318 Ἀπόκρισις.
1296 285 1402 320 Ὥσπερ
1417 285 1444 311 οἱ
1464 284 1599 319 ὀφθαλμοὶ
1621 281 1694 311 οὗτοι
1718 283 1847 318 βλέπουσι

1058 328 1104 355 τὸν
1118 329 1205 363 ἥλιον.
1215 329 1288 356 οὕτω
1300 330 1348 356 καὶ
1362 331 1388 356 oi.
1408 329 1590 364 φωτισθέντες
1604 329 1732 364 βλέπουσι
1745 328 1795 364 τὴν
1808 329 1847 354 εί-

1059 375 1126 402 κὸνα
1138 376 1187 411 τῆς
1201 375 1300 410 ψυχῆς,
1318 375 1387 403 ἀλλὰ
1403 375 1504 410 ταύτην
1521 375 1606 409 ὀλίγοι
1621 375 1705 411 ὁρῶσι
1717 375 1847 408 Χριστια-

1058 421 1108 448 νοί.

1094 468 1132 494 Ζ’.
1152 467 1324 501 Ἐρώτησις.
1340 467 1375 494 El
1388 466 1450 501 ἔχει
1461 465 1582 502 μορφὴν
1597 466 1616 499 ’ἡ
1633 465 1739 500 ψυχῆς

1101 523 1283 556 ’Δπόκρισιςκ
1298 522 1376 556 Ἔχει
1391 521 1483 548 εἰκόνα
1505 521 1552 547 καὶ
1573 521 1680 556 μορφὴν
1701 519 1846 555 ὀμοιάζουο

1060 577 1109 595 σαν
1126 567 1166 602 τῷ
1179 567 1298 602 ἀγγέλῳ.
1312 567 1418 601 ’Ὠσπερ
1442 566 1496 602 γὰρ
1509 567 1533 593 οἱ
1549 565 1660 599 ἄγγελοι
1683 566 1791 600 ἔχουσιν
1807 566 1846 591 ει-

1059 616 1125 642 κόνα
1142 616 1189 642 καὶ
1210 615 1329 650 μορφὴν,
1347 614 1395 641 καὶ
1410 614 1505 649 ὥσπερ
1518 615 1532 640 ό
1552 613 1605 646 ἔξω
1619 613 1763 649 ἄνθρωπος
1788 613 1845 648 ἔχει

1059 661 1161 693 εἰκόνα,
1174 660 1246 687 οὕτω
1260 661 1308 687 καὶ
1317 660 1331 686 ὁ
1347 660 1401 686 ἔσω
1415 659 1507 686 εἰκόνα
1519 659 1577 694 ἔχει
1585 659 1728 695 ὁμοίαντῷ
1736 659 1846 694 ἀγγέλῳ

1058 708 1106 734 καὶ
1120 707 1159 743 τῷ
1174 707 1226 740 ἔξω
1239 707 1375 743 ἀνθρώπῳ
1389 707 1509 743 μορφήν.

1093 761 1326 795 Η’.”Ε¹ρώτησις.
1357 762 1392 788 El
1410 761 1488 788 ἄλλο
1515 759 1604 787 ἐστιν
1627 760 1644 787 ό
1677 758 1762 793 νοῦς,
1794 757 1845 786 και

1058 808 1135 835 ἄλλο
1148 808 1168 839 ἥ
1181 808 1285 842 ψυχῆς

1096 864 1281 898 Ἀπόκρισις.
1300 864 1405 899 Ὠσπερ
1419 862 1453 890 τὰ
1466 862 1533 898 μέλη
1547 862 1595 889 τοῦ
1620 861 1745 897 σώματος
1760 859 1844 887 πολλὰ

1030 922 1032 924 -
1055 910 1119 936 ὅντα
1142 907 1183 941 εἷς
1205 909 1348 944 ἄνθρωπος
1374 909 1494 943 λέγεται,
1512 907 1585 934 οὕτω
1599 907 1645 934 καὶ
1674 906 1740 942 μέλη
1755 905 1845 940 ψυχῆς

1056 957 1108 982 εἱσι
1124 955 1219 987 πολλὰ,
1233 955 1305 987 νοῦς,
1319 955 1480 989 συνείδησις,
1492 953 1608 989 θέλημα,
1625 951 1751 987 λογισμοὶ
1773 959 1844 978 κατ’

1056 1001 1218 1037 ηγοροῦντες
1236 1001 1284 1027 καλ⁸
1313 1000 1537 1034 ἀπολογούμενοι,
1555 998 1624 1025 ἀλλὰ
1640 997 1726 1024 ταῦτα
1753 996 1844 1023 πάντα

1056 1048 1096 1079 εἰς
1112 1047 1160 1074 ἕνα
1174 1047 1303 1082 λογισμόν
1325 1047 1394 1072 εἰσιν
1417 1045 1614 1080 ἀποδεδεμένα,
1632 1043 1679 1070 καὶ
1697 1042 1764 1077 μέλη
1784 1041 1843 1067 ἐστὶ

1055 1093 1141 1128 ψυχὴ.
1155 1093 1169 1118 ὁ
1186 1092 1240 1119 ἔσω
1258 1091 1411 1127 ἄνθρωπος.
1428 1091 1535 1125 Ὠσπερ
1551 1090 1579 1117 δὲ
1592 1090 1617 1116 oi
1631 1088 1731 1121 ἔξωθεν
1744 1086 1845 1122 ὀφθαλ-

1059 1139 1105 1174 μοὶ
1122 1137 1306 1173 προὸλέπουσι
1333 1136 1471 1172 μακρόθεν
1489 1137 1538 1167 τὰς
1562 1135 1692 1165 ἀκάνθας,
1718 1132 1844 1164 καὶτοὺς

1058 1185 1209 1220 κρημνοὺς,
1227 1185 1275 1210 καὶ
1290 1183 1353 1215 τοὺς
1379 1183 1508 1218 βόθρους·
1521 1182 1594 1208 οὕτω
1612 1181 1659 1207 καὶ
1674 1181 1688 1206 ὁ
1700 1179 1763 1210 νοῦς
1777 1186 1844 1213 προσ

1058 1230 1162 1263 ὃλέπει,
1179 1230 1316 1265 γρήγορος
1341 1227 1389 1261 ὣν,
1413 1228 1464 1263 τῆς
1487 1227 1678 1262 ἀντικειμένης
1703 1224 1845 1259 δυνάμεως

1057 1275 1106 1306 τὰς
1127 1274 1235 1309 τέχνας,
1252 1275 1300 1301 καὶ
1315 1273 1365 1305 τὰς
1383 1273 1542 1305 ἐπισκευὰς,
1568 1272 1616 1299 καὶ
1638 1270 1844 1306 προασφαλίζε-

1056 1328 1102 1347 ται
1118 1320 1168 1355 τὴν
1187 1319 1287 1354 ψυχὴν,
1303 1319 1340 1351 ὡς
1355 1318 1495 1353 ὀφθαλμὺς
1517 1317 1557 1344 ὢν
1576 1318 1626 1353 τῆς
1646 1316 1745 1351 ψυχῆς.
1761 1315 1846 1347 Δόξαν

1057 1365 1105 1392 οὖν
1121 1364 1331 1400 ἁναπέμψωμεν
1348 1364 1447 1399 Πατρὶ,
1465 1364 1512 1391 καὶ
1526 1363 1593 1398 Υίῷ,
1608 1363 1656 1390 καὶ
1673 1361 1742 1397 ἁγίῳ
1761 1360 1846 1387 Πνεύ-

1060 1419 1137 1445 ματι,
1156 1411 1197 1442 εις
1212 1410 1277 1441 τοὺς
1295 1409 1398 1441 αἰῶνας
1411 1409 1465 1436 τῶν
1479 1409 1596 1436 αἰώνων.
1616 1407 1712 1444 Ἀμήν.

1359 1467 1481 1495 OMlAlA
1502 1467 1542 1495 H’.

1059 1514 1129 1548 Περὶ
1144 1513 1203 1540 τῶν
1219 1514 1447 1546 συμϐαινόντων
1455 1513 1516 1546 τοῖς
1531 1512 1718 1548 Χριστιανοῖς
1734 1511 1845 1548 μεταξὺ

1096 1545 1149 1576 τοῦ
1164 1549 1256 1582 εὐχὰς
1274 1549 1432 1580 ποιεῖσθαι,
1448 1545 1574 1582 καὶ
1585 1547 1645 1574 τῶν
1660 1547 1776 1581 μέτρων
1791 1545 1846 1579 τῆς

1095 1581 1290 1616 τελειότητος,
1306 1583 1423 1617 δηλαδὴ
1450 1585 1476 1610 ει
1500 1581 1550 1616 είςί
1561 1583 1594 1610 τὸ
1611 1582 1720 1617 μέτρον
1741 1581 1775 1608 τὸ
1802 1583 1847 1608 τέ-

1093 1620 1179 1645 letor
1196 1619 1338 1652 ἔρχεσθαι
1353 1619 1498 1646 δύνανται
1509 1620 1536 1646 οἱ
1553 1618 1736 1652 Χριστιανοι.

1097 1676 1136 1703 A'.
1155 1676 1317 1712 Είσέρχεταί
1329 1684 1372 1707 τις
1387 1675 1475 1702 κλῖναι
1495 1675 1570 1710 γόνυ,
1586 1667 1663 1710 καὶηὴ
1682 1674 1779 1710 καρδία
1797 1673 1847 1700 αὐ-

1060 1720 1108 1747 τοῦ
1123 1720 1274 1756 πληροῦται
1289 1722 1338 1756 τῆς
1350 1721 1425 1752 θείας
1441 1720 1591 1756 ἐνεργείας,
1607 1721 1655 1747 καὶ
1672 1718 1847 1754 εὐφραίνεται

1061 1767 1078 1802 ἡ
1093 1766 1166 1802 ψυχὴ
1189 1766 1258 1801 μετὰ
1272 1765 1319 1793 τοῦ
1334 1766 1450 1801 Κυρίου,
1466 1765 1503 1797 ὡς
1516 1765 1645 1800 νυμφίου,
1662 1765 1735 1791 κατὰ
1745 1764 1791 1791 τὸν
1804 1764 1850 1790 λό-

1061 1821 1109 1846 γον
1129 1812 1239 1839 Ἡσαΐου
1264 1812 1312 1838 τοῦ
1346 1811 1487 1847 προφήτου
1504 1811 1628 1845 λέγοντος
1643 1818 1651 1826 '
1672 1811 1727 1837 ⁸ον
1737 1811 1850 1844 τρόπον

1067 1857 1256 1892 εὐφραίνεται
1271 1857 1400 1892 νυμφίος
1416 1857 1463 1884 ἐπὶ
1476 1857 1589 1891 νύμφῃ,
1605 1857 1700 1889 οὕτως
1721 1857 1850 1891 εὐφραν-

1062 1903 1187 1937 θήσεται
1203 1904 1310 1937 Κύριος
1326 1903 1378 1929 ἐπί
1394 1909 1463 1930 σοι·
1480 1903 1526 1929 καὶ
1543 1902 1697 1938 ωμὸαίνει,
1712 1902 1753 1929 ὅτι
1768 1902 1850 1936 ἀσχο-

1061 1948 1194 1983 λούμενος
1217 1949 1305 1974 πᾶσαν
1328 1948 1446 1983 ἡμέραν,
1459 1945 1535 1979 οὗτος
1559 1948 1587 1974 ὲν
1605 1948 1653 1983 μιᾷ
1668 1947 1728 1984 ὥρᾳ
1741 1947 1849 1974 δίδωσιν

1062 1994 1159 2021 ἑαυτὸν
1179 1994 1219 2025 είς
1242 1993 1335 2029 εὐχὴν,
1352 1993 1399 2020 καὶ
1421 1994 1574 2029 ἁρπάζεται
1592 1995 1632 2026 είς
1661 1992 1816 2029 προσευχὴν
1835 1993 1851 2020 ὸ

1064 2038 1119 2065 Eoo)
1135 2038 1289 2073 ἄνθρωπος,
1306 2038 1345 2070 εἰς
1363 2037 1478 2074 ἄπειρον
1496 2038 1576 2073 βάθος
1593 2039 1698 2065 ἐκείνου
1719 2037 1767 2064 τοῦ
1784 2037 1851 2064 αῐῶ-

1063 2093 1118 2116 νος,
1133 2085 1163 2110 ὲν
1179 2083 1292 2118 ήδύτητι
1316 2083 1411 2119 πολλῇ.
1427 2084 1497 2110 ὣστε
1509 2083 1643 2116 ξενίζεθαι
1657 2084 1702 2110 τὸν
1714 2083 1777 2110 νοῦν
1790 2083 1850 2110 ὅλον

1064 2129 1129 2155 ὄντα
1155 2129 1302 2165 μετέωρον,
1321 2129 1368 2156 καὶ
1389 2130 1567 2165 ήρπασμένον
1590 2130 1667 2156 ὲκείο
1695 2129 1765 2155 ὥστε
1789 2128 1850 2156 κατ’

223 2174 362 2202 oblivione
402 2176 570 2210 sepeliantur
612 2175 793 2210 cogitationes
838 2179 1008 2201 terrenarum

1065 2175 1169 2201 ἐκεῖνον
1181 2174 1226 2201 τὸν
1247 2174 1343 2209 καιρὸν
1361 2174 1446 2209 λήθην
1463 2174 1623 2209 ἐγγενέσθαι
1639 2176 1695 2206 τοῖς
1709 2175 1849 2209 λογισμοῖς

223 2227 371 2247 curarum:
388 2227 532 2256 propterea
544 2221 618 2256 quod
629 2221 740 2256 repleta:
751 2221 806 2247 sint
820 2219 1010 2255 cogitaliones,

223 2269 252 2292 et
262 2265 406 2300 captivata:
420 2265 455 2293 ad
470 2266 587 2299 divinas,
599 2265 634 2293 ad
647 2265 785 2298 cmlestes,
799 2265 833 2292 ad
848 2264 969 2292 inlinitas
983 2269 1011 2291 et

225 2311 519 2346 incomprehensibiles
546 2320 602 2348 res,
632 2312 667 2339 ad
698 2312 836 2339 mirabilia
865 2311 1009 2346 quaedam,

224 2362 286 2389 qua:
300 2355 421 2383 humano
430 2364 478 2383 ore
489 2356 619 2391 explicari
633 2360 787 2391 nequeunt,
795 2360 825 2383 ut
835 2355 930 2383 eadem
942 2355 1010 2383 hora

225 2404 302 2434 optet
315 2404 344 2427 et
361 2401 446 2433 dicat,
456 2401 567 2429 Utinam
583 2402 665 2429 simul
679 2401 838 2437 egrediatur
846 2401 936 2429 anima
949 2409 1013 2429 cum

225 2447 386 2480 precatione
397 2448 403 2474 l

261 2545 294 2572 Il.
315 2545 503 2581 Interrogatio.
527 2547 621 2574 Utrum
646 2556 749 2584 semper
770 2554 890 2584 penetrat
910 2551 967 2586 quis
983 2559 1011 2577 in

225 2591 377 2626 Itujusmodi
393 2600 433 2619 res
447 2592 460 2618 1’

260 2644 313 2678 32
327 2643 480 2680 Responsio.
492 2645 584 2674 Gratia
599 2647 710 2682 quidem
730 2648 918 2677 indesinenter
935 2649 1012 2677 adest

224 2693 253 2715 et
265 2690 383 2718 radicata
399 2695 427 2718 et
439 2694 582 2720 commista
598 2702 614 2721 ιι
630 2698 723 2722 tenera
737 2699 827 2728 astate,
837 2700 865 2722 et
880 2700 1010 2729 tanquam

227 2736 352 2764 naturale
367 2742 395 2764 et
409 2745 567 2767 concretum
582 2741 711 2775 quiddam
727 2747 779 2776 est,
796 2741 868 2778 quod
887 2742 1011 2770 adhaeret

261 2812 283 2828 ⁸¹
316 2815 368 2843 lsa.
381 2824 444 2845 Lm.
458 2816 483 2843 5.

1064 2220 1112 2246 τοῦ
1132 2221 1306 2255 φρονήματος
1329 2220 1376 2247 τοῦ
1402 2221 1535 2255 ἐπιγείου,
1559 2221 1603 2247 διὰ
1626 2221 1657 2247 τὸ
1679 2220 1850 2255 μεστωθῆναι

1064 2267 1128 2297 τοὺς
1145 2267 1302 2301 λογισμοὺς,
1328 2267 1375 2293 καὶ
1400 2267 1650 2302 αἰχμαλωτισθῆναι
1675 2267 1714 2298 είς
1740 2266 1774 2293 τὰ
1790 2265 1852 2292 θεῖα

1065 2313 1112 2339 καὶ
1129 2313 1290 2348 ἐπουράνια,
1305 2314 1345 2345 εἰς
1360 2313 1501 2348 ἀπέραντα
1520 2313 1569 2339 καὶ¹
1585 2313 1764 2348 ἀκατάληπτα
1780 2313 1850 2347 πρά.-

1065 2365 1176 2391 γματα,
1201 2359 1240 2389 εἰς
1270 2358 1409 2392 θαυμάσιά
1437 2367 1516 2392 τινα,
1542 2358 1708 2393 ἀνθρωπίνῳ
1734 2357 1851 2391 στόματι

1064 2403 1218 2438 φρασθῆναι
1243 2403 1372 2434 ἀδύνατα.
1388 2403 1462 2430 ὥστε
1476 2405 1504 2430 ἐν
1521 2404 1612 2439 ἐκείνῃ
1638 2405 1670 2438 τῇ
1691 2403 1750 2439 ὥρᾳ
1774 2403 1852 2438 εὔχε-

1064 2448 1126 2474 σθαι
1143 2449 1189 2475 καὶ
1204 2448 1305 2484 λέγειν,
1316 2449 1360 2480 Ὧς
1379 2449 1434 2476 εἴθε
1455 2449 1625 2485 συναπῆλθεν
1638 2449 1655 2484 ἡ
1667 2448 1740 2484 ψυχὴ
1755 2448 1802 2474 σὺν
1817 2449 1850 2483 τῇ

1063 2495 1140 2529 εὐχῇ.
1285 2515 1302 2531 ο

1098 2549 1134 2576 B'.
1161 2550 1328 2583 Ἐρώτησις.
1348 2551 1382 2577 ΕΖ
1402 2550 1531 2578 πάντοτε
1555 2550 1723 2585 εἰσέρχεταί
1745 2558 1792 2583 τις
1807 2550 1850 2582 εις

1061 2596 1163 2624 ἐκεῖιά
1176 2596 1212 2623 τὰ
1227 2595 1385 2631 πράγματα
1399 2605 1409 2630 ;

1102 2654 1277 2687 Ἀπόκρισις.
1295 2653 1327 2680 'lI
1341 2653 1389 2688 μὲν
1400 2654 1478 2689 χάρις
1489 2653 1667 2684 ἀδιαλείπτως
1681 2652 1789 2680 σύνεστι
1804 2650 1853 2680 καὶ

1060 2698 1217 2734 ἐρρίζωται.
1229 2698 1421 2734 καὶεζύμωται
1435 2700 1467 2725 ἐκ
1480 2700 1542 2730 νέας
1558 2699 1676 2734 ἡλικίας,
1686 2699 1733 2727 καὶ
1750 2699 1788 2731 ὡς
1802 2708 1853 2734 φυ-

1062 2743 1136 2770 σικὸν
1144 2744 1191 2770 καὶ
1202 2744 1306 2779 πηκτὸν
1323 2744 1441 2778 ἐγένετο,
1457 2744 1524 2771 αὐτὸ
1536 2744 1566 2771 τὸ
1580 2744 1659 2771 συνὸν
1667 2744 1705 2780 τῷ
1715 2744 1852 2780 ἀνθρώπῳ
