2067 3149
168 168 219 201 529

769 167 953 198 ΠΟΜΙΙᾸᾸΞ.
966 180 1001 185 —-
1013 167 1105 197 HOM.
1125 166 1206 196 VIII.

1751 163 1803 194 53f)

167 225 206 257 ὡς
226 223 276 259 μία
293 222 390 250 οὐσία·
413 222 592 258 πολυτρόπως
618 222 658 255 δὲ,
681 221 719 254 ὡς
744 222 816 249 θέλει
840 224 909 257 πρὸς
932 223 963 250 τὸ

1015 223 1119 250 homini
1133 222 1210 250 velut
1224 229 1279 249 una
1293 220 1446 249 substantia
1458 228 1466 247 :
1481 219 1567 248 variis
1579 226 1646 248 vero
1663 219 1753 246 modis
1767 219 1803 246 ad

168 269 319 306 συμφέρον,
336 269 473 304 οἰκονομεῖ
492 269 539 296 τὸν
554 268 709 303 ἄνθρωπον,
723 269 789 295 ποτὲ
805 269 856 304 μὲν
874 269 955 296 πλέον

167 316 310 343 ἑκκαίεται
334 315 381 342 καὶ
405 315 521 341 ἀπτεται
539 314 571 340 τὸ
593 313 661 349 πῦρ’
675 314 741 341 ποτὲ
755 314 783 341 δὲ
802 314 840 346 ὼς
855 315 958 350 μαλθα-

168 361 289 397 κώτερον
304 361 351 387 καὶ
367 358 528 396 πραότερον,
542 360 590 387 καὶ
601 360 668 387 αὐτὸ
682 360 713 387 τὺ
725 359 783 395 φῶς
804 360 875 388 κατά
897 369 958 387 και-

167 407 232 443 ρούς
247 415 321 437 τινας
346 406 427 433 πλέον
453 406 600 438 ἐξάπτεται
625 405 672 432 καὶ
700 405 814 440 λάμπει,
838 406 904 432 ποτὲ
929 405 958 432 δὲ

167 453 375 483 ὑποστέλλεται,
394 452 442 479 καὶ
466 452 621 486 στυγνάζει,
639 452 688 479 καὶ
713 452 782 487 αὐτὴ
805 452 822 486 ή
846 451 958 487 λαμπὰς

168 499 284 526 πάντοτε
303 498 437 533 καιομένη
461 498 508 525 καὶ
528 498 686 534 λάμπουσα,
716 498 780 525 ὅταν
807 497 957 533 φαιδρυνθῇ

168 544 248 570 πλέον
264 544 293 569 ὲν
323 543 392 578 μέθῃ
421 543 570 576 ἐξάπτεται
594 544 644 576 τῆς
671 543 785 579 ἀγάπης
805 543 854 570 τοῦ
872 543 958 569 Θεοῦ·

168 589 247 620 αὖθις
265 588 293 615 δὲ
310 589 373 615 κατ’
390 589 547 624 οἰκονομίαν
566 589 701 623 ἐκδίδωσι,
721 589 809 616 καίτοι
827 588 906 616 συνὸν
928 589 960 616 τδ

169 635 227 670 φῶς
242 634 413 670 ἀμϐλύτερόν
425 635 495 662 ἐστι.

204 722 242 749 I".
262 721 335 758 Πλὴν
361 722 485 757 ἐπεφάνη
511 722 567 750 τισὶ
591 721 623 750 τὸ
649 723 765 758 σημεῖον
778 721 825 749 τοῦ
840 722 959 759 σταυροῦ

168 768 213 795 διά
227 767 326 802 φωτὸς,
341 768 390 795 καὶ
405 768 569 804 προσεπάγη
584 767 624 804 τῷ
635 768 690 795 ἔσω
702 768 850 804 ἀνθρώπῳ,
865 768 960 796 ἄλλοτε

170 814 251 841 πάλιν
264 815 294 840 ἐν
307 816 341 849 τῇ
355 814 433 850 εὐχῇ,
455 814 493 846 ὼς
511 815 540 841 ὲν
554 815 684 842 ἐκστάσει
702 815 816 849 γέγονεν
830 815 844 841 ὸ
856 814 960 850 ἄνθρω-

170 869 232 892 πος,
250 859 299 886 καὶ
312 859 412 895 εὑρέθη
429 861 471 892 είς
491 860 685 896 θυσιαστήριον
705 860 791 892 ἑστὼς
813 862 842 887 ἐν
859 860 960 896 ἐκκλη-

1007 268 1117 296 libitum
1129 267 1290 299 voluntatis,
1303 270 1437 301 quantum
1463 266 1588 301 prodest,
1606 266 1736 300 disponit
1753 265 1804 292 ho-

1008 312 1110 340 minem
1122 321 1129 339 :
1140 311 1289 346 aliquando
1304 311 1380 338 enim
1404 311 1529 339 intentus
1542 310 1703 338 accenditur
1715 314 1744 337 et
1758 317 1804 337 ar-

1008 358 1056 386 det
1065 358 1146 393 ignis;
1156 357 1306 392 aliquando
1315 364 1382 384 vero
1392 356 1536 384 remissius
1543 361 1571 384 et
1581 356 1684 383 lentius
1694 364 1700 382 :
1711 356 1801 390 ipsum

1008 412 1118 440 quoque
1134 405 1226 432 lumen
1238 403 1404 439 quibusdam
1418 402 1588 438 temporibus
1605 402 1802 430 vehementius

1008 452 1169 480 accenditur
1189 455 1217 479 et
1239 452 1335 478 lucet:
1363 450 1512 485 aliquando
1526 458 1593 478 vero
1610 450 1761 478 remittitur
1774 453 1803 476 et

1009 498 1117 526 tristius
1129 502 1181 526 est.
1194 497 1240 525 Sic
1254 498 1313 532 ipsa
1328 505 1439 532 quoque
1449 497 1574 528 lucerna,
1584 496 1689 524 scilicet
1702 496 1801 531 gratia.

1009 544 1113 579 ubique
1121 551 1237 572 accensa
1246 547 1273 571 et
1284 544 1393 576 lucens,
1403 543 1514 578 quando
1522 542 1693 577 splendidior
1704 542 1801 572 fuerit.

1008 589 1146 616 intensius
1163 587 1328 615 accenditur
1353 587 1388 614 ab
1406 587 1544 614 ebrietate
1569 586 1726 614 dilectionis
1742 587 1802 614 Dei.

1010 635 1129 662 Rursum
1138 638 1230 662 autem
1239 634 1443 669 dispensatione
1451 633 1569 669 quadam
1578 632 1803 666 exhibetlumen,

1011 680 1086 716 quod
1102 680 1174 708 inest
1187 680 1325 707 obtusius.

1044 725 1089 753 lll.
1100 726 1189 753 Porro
1203 732 1253 759 per
1262 725 1356 751 lumen
1369 724 1499 759 apparuit
1512 723 1680 758 quibusdam
1695 723 1804 758 signum

1011 772 1112 802 crucis,
1123 775 1150 798 et
1162 770 1272 798 aﬁixum
1285 774 1328 797 est
1339 769 1368 797 in
1384 769 1509 797 interiori
1522 768 1725 796 homine2alias
1739 768 1805 795 item

1011 816 1084 844 inter
1097 816 1267 850 precandum
1284 815 1378 847 homo,
1401 815 1477 843 velut
1494 815 1522 842 in
1541 822 1656 842 excessu
1668 814 1805 842 constitu-

1012 865 1066 893 tus,
1083 860 1212 888 inventus
1228 864 1270 887 est
1286 865 1350 888 ante
1383 860 1468 887 altare
1486 864 1561 887 stans
1590 860 1618 886 in
1633 859 1760 891 ecclesia,
1777 863 1806 886 et

171 907 233 942 σίᾳ,
249 907 297 933 καὶ
313 905 542 941 προσηνέχθησαν
553 905 592 940 τῷ
609 905 722 940 τοιούτῳ
743 905 821 941 ἄρτοι
830 906 904 941 τρεῖς
921 905 959 937 ὡς

1015 906 1094 933 ablati
1115 909 1181 932 sunt
1202 905 1228 932 ei
1255 910 1311 932 tres
1333 912 1430 940 panes,
1451 905 1527 932 velut
1550 904 1613 932 oleo
1635 903 1804 936 fermentati,

169 951 204 978 δι’
222 952 313 979 ὲλαίου
328 951 511 987 ὲζυμωμένοι,
524 951 572 978 καὶ
583 952 644 978 ὅσον
662 951 767 986 ἢσθιεν,
778 951 867 978 έκεῖνο
882 951 963 978 πλέον

170 995 269 1032 ηὔξανε
295 997 343 1023 καὶ
365 995 530 1031 ἐμηκύνετο,
543 995 640 1023 ἄλλοτε
653 995 736 1022 πάλιν
753 995 849 1031 ὥσπερ
863 995 965 1030 ένδυμά

171 1050 199 1069 τι
216 1042 359 1076 φωτεινδν,
387 1039 443 1068 οἷον
472 1041 523 1068 οὐκ
550 1041 624 1068 ἐστιν
649 1041 696 1068 ἐπὶ
717 1041 767 1077 τῆς
783 1042 835 1077 γῆς
852 1042 893 1073 είς
917 1041 964 1068 τὸν

171 1088 257 1116 αίῶνα
267 1087 374 1120 τοῦτον,
391 1087 455 1114 οὔτε
471 1087 523 1114 ὑπὸ
538 1087 718 1122 ἀνθρωπίνων
739 1087 839 1122 χειρῶν
853 1087 964 1114 δυνατὸν

171 1133 437 1169 κατασκευασθῆναι.
456 1134 504 1160 ’ον
522 1133 577 1168 γὰρ
594 1133 694 1168 τρόπον
709 1134 749 1166 είς
766 1134 797 1160 τὸ
810 1133 873 1170 ὅρος
884 1133 964 1160 ἀνελο

172 1179 226 1207 θὼν
242 1180 257 1206 ό
270 1179 372 1215 Κύριος
396 1179 466 1214 μετά
483 1178 607 1206 Ἰωάννου
627 1179 675 1206 καὶ
700 1180 816 1215 Πέτρου,
834 1180 965 1215 μετήμει·

171 1226 222 1261 ψεν
249 1225 332 1254 αὕτοῦ
358 1225 392 1253 τὰ
419 1226 515 1260 ἱμάτια
543 1225 591 1251 καὶ
607 1224 777 1260 ὲξαστρόιψαι
801 1225 962 1260 πεποίηκεν·

172 1271 260 1304 οὓτως
278 1269 313 1307 ἦν
325 1271 356 1298 τδ
368 1271 470 1305 ἔνδυμα
478 1271 577 1304 ἐκεῖνο,
587 1271 634 1298 καὶ
645 1270 797 1306 ἐθαύμασε,
816 1271 862 1298 καὶ
879 1271 965 1306 ἱθαμ-

171 1317 247 1344 δείτο
275 1317 290 1343 ό
311 1316 489 1354 ἐκδεδυμένος
505 1315 648 1351 ἄνθρωπος
660 1323 668 1331 ⁸
684 1316 713 1342 ὲν
727 1315 799 1351 ἀλλῳ
824 1315 853 1342 δὲ
875 1315 964 1351 καιρῷ

173 1363 239 1390 αὐτὸ
257 1362 287 1389 τὸ
304 1362 362 1397 φῶς
379 1363 408 1389 ὲν
421 1363 454 1397 τῇ
473 1362 574 1397 καρδίᾳ
587 1362 692 1396 φαῖνον,
709 1362 803 1397 ἡνοιγε
819 1362 849 1388 τὸ
863 1362 964 1389 ἐνδότε-

173 1417 221 1445 ρον
243 1408 291 1435 καὶ
316 1407 474 1444 βαθύτερον,
490 1407 538 1434 καὶ
559 1407 718 1442 ἀπόκρυφον
731 1407 800 1441 φῶς,
819 1406 890 1434 ὥστε
904 1407 965 1434 ὅλον

172 1454 219 1482 τὸν
233 1454 376 1489 ἄνθρωπον
390 1453 581 1481 καταποθέντα
603 1453 643 1485 είς
673 1453 780 1488 ἐκείνην
801 1452 850 1488 τὴν
863 1452 963 1487 γλυκύς

172 1508 243 1536 τητα
257 1499 303 1527 καὶ
318 1499 446 1534 θεωρίαν,
462 1498 561 1534 μηκέτι
588 1498 660 1533 ἔχειν
685 1497 791 1531 ἑαυτὸν,
809 1498 866 1524 ἀλλ’
895 1497 965 1524 εἶναι

173 1545 212 1578 ὼς
229 1545 320 1581 μωρὸν
334 1546 382 1572 καὶ
397 1544 536 1580 βάρϐαρον
554 1544 593 1579 τῷ
607 1544 704 1580 κόσμῳ
720 1543 819 1579 τούτῳ,
845 1543 890 1570 διὰ
914 1543 965 1579 τὴν

174 1579 522 1628 ὑιπερῦάλλουσανγάγάπην
533 1591 581 1618 καὶ
593 1590 760 1625 γλυκύτητα,
777 1589 822 1617 διὰ
846 1589 881 1616 τὰ
894 1589 964 1617 ἀπό·
978 1579 1001 1609 (ἶ

174 1646 267 1674 κρυφα
278 1637 417 1672 μυστήρια
426 1644 433 1652 ·
444 1636 516 1663 ὥστε
526 1635 571 1663 τὸν
583 1636 727 1671 ἄνθρωπον
740 1635 800 1662 κατ’
812 1636 915 1662 ἐκεῖνον
923 1634 968 1661 τὸν

175 1685 270 1720 καιρὸν
281 1683 498 1719 ἐλευθερωθέντα
508 1682 609 1717 φθάσαι
618 1683 657 1714 είς
668 1682 702 1709 τὰ
713 1682 804 1709 τέλεια
812 1682 909 1718 μέτρα,
922 1681 969 1708 καὶ

176 1728 246 1757 εἶναι
263 1730 383 1765 καθαρὸν
399 1729 447 1756 καὶ
461 1728 605 1764 ἐλεύθερον
620 1728 653 1754 ἐκ
666 1727 716 1762 τῆς
732 1727 884 1763 ἁμαρτίας·
901 1726 970 1753 ἀλλὰ

178 1777 246 1811 μετά
256 1776 343 1803 ταῦτα
357 1774 516 1801 ὑπέστειλεν
524 1774 541 1808 ἡ
549 1772 704 1808 χάρις,.καὶ
715 1770 781 1807 ἦλθε
796 1772 826 1798 τὸ
835 1771 969 1806 κάλυμμα

174 1822 226 1857 τῆς
235 1822 360 1853 ἐναντίας
373 1820 524 1855 δυνάμεως·
534 1819 658 1854 φαίνεται
669 1818 697 1845 δέ
707 1820 771 1850 πως”
776 1818 907 1853 μερικῶς,
922 1818 970 1844 καὶ

176 1869 242 1903 ἔστη
257 1869 296 1899 είς
310 1867 358 1894 ἕνα
372 1865 475 1901 βαθμὸν
489 1865 535 1891 τὸν
549 1864 708 1898 κατώτερον
722 1865 772 1898 τῆς
787 1863 967 1898 τελειότητος.

213 1915 252 1942 Δ’.
273 1914 328 1945 Ὧς,
348 1913 391 1939 ἵνα
408 1911 541 1948 εἴπωμεν,
554 1911 607 1947 χρὴ
619 1910 722 1938 δώδεκα
736 1911 858 1947 βαθμοὺς
873 1911 968 1947 παρελ-

178 1961 236 1988 θεῖν
248 1969 321 1992 τινα,
332 1959 379 1986 καὶ
395 1959 497 1995 φθάσαι
512 1959 550 1990 είς
564 1958 614 1992 τὴν
629 1957 795 1993 τελειότητα.
817 1958 861 1984 Ἐν
879 1957 968 1994 καιρῷ

177 2015 220 2039 τις
237 2006 339 2042 ἔφθασε
354 2005 519 2033 κ-αταλαῦεῖν
531 2005 619 2031 ἐκεῖνο
639 2003 671 2030 τὸ
687 2004 795 2039 μέτρον,
811 2004 859 2030 καὶ
875 2003 967 2039 εἰσῆλ-

178 2053 224 2080 θεν
234 2053 275 2084 είς
288 2053 336 2087 τὴν
346 2051 503 2086 τελειότητα
514 2058 520 2065 ·
535 2050 617 2077 πάλιν
629 2049 768 2076 ἐνδίδωσιν
779 2051 795 2084 ἡ
814 2049 905 2085 χάρις,
920 2049 968 2076 καὶ

179 2099 342 2134 κατέρχεται
367 2098 432 2133 παρ’
448 2097 496 2125 ἕνα
519 2096 634 2132 βαθμὸν,
650 2095 699 2122 καὶ
718 2096 829 2131 ἑστήκει
845 2096 885 2127 είς
904 2096 968 2127 τοὺς

179 2144 284 2172 ἕνδεκα.
310 2141 359 2175 Εἷς
382 2143 411 2170 δέ
429 2151 470 2174 τις
489 2142 618 2174 πλούσιος
640 2142 670 2168 ιν
683 2143 716 2176 τῇ
733 2141 835 2176 χάριτι,
852 2141 967 2168 πάντοτε

179 2190 276 2222 νυκτὸς
290 2190 337 2216 καὶ
350 2189 466 2224 ἡμέρας.
475 2190 514 2220 εἰς
528 2188 564 2215 τὰ
577 2188 670 2215 τέλεια
681 2188 770 2223 μέτρα
784 2187 913 2222 ἕστηκεν,
929 2187 967 2214 ὢν

178 2234 320 2269 ἐλεύθερος
340 2233 388 2260 καὶ
413 2233 552 2269 καθαρὸς,
578 2233 695 2260 πάντοτε.
719 2233 892 2268 αἰχμάλωτος
921 2233 968 2259 καὶ

180 2281 326 2316 μετέωρος.
343 2279 399 2306 Καὶ
421 2278 468 2305 νῦν
517 2279 625 2315 ἐδείχθη
642 2280 735 2306 ἐκεῖνα
760 2278 795 2304 τὰ
814 2278 966 2314 θαυμάσια,

179 2326 226 2352 καὶ
243 2323 280 2352 ὧν
303 2326 401 2360 πεῖραν
424 2324 521 2351 ἐλαϐεν
544 2325 558 2351 ό
581 2324 734 2360 ἄνθρωπος,
750 2324 774 2350 εί
789 2323 872 2358 συνῆν
894 2323 969 2358 αὐτῷ

179 2372 308 2403 πάντοτε,
324 2371 376 2397 οὐκ
389 2370 501 2397 ἐδύνατο
527 2370 578 2406 τὴν
596 2369 753 2404 οἰκονομίαν
776 2369 822 2396 τοῦ
846 2369 926 2404 λόγου
951 2369 969 2405 ἢ

178 2417 208 2444 τὸ
222 2417 306 2452 βάρος
326 2416 519 2449 ὑποδέξασθαι,
533 2415 597 2442 οὗτε
612 2416 738 2451 ἠνείχετο
757 2416 868 2443 ἀκούειν
889 2415 906 2451 ἢ
922 2424 970 2451 με·

179 2464 278 2499 ριμνᾷν
294 2463 336 2495 είς
359 2463 390 2489 τὺ
409 2462 501 2498 τυχὸν,
520 2463 584 2497 περὶ
610 2461 721 2495 ἑαυτοῦ,
746 2461 810 2488 οὔτε
835 2461 899 2497 περὶ
921 2462 971 2497 τῆς

180 2508 288 2550 αὔριον,
305 2510 330 2536 ει
349 2509 386 2544 μὴ
403 2509 483 2544 μόνον
497 2507 633 2543 καθῆσθαι
657 2509 686 2535 ἐν
701 2509 751 2544 μιᾷ
765 2507 854 2544 γωνίᾳ
871 2509 973 2544 μετέω-

181 2562 235 2589 ρον,
267 2554 315 2580 καλ¹
349 2552 566 2588 μεμεθυσμένον.
585 2552 668 2579 Ὥστε
691 2553 722 2579 τὸ
745 2552 848 2579 τέλειον
873 2553 973 2588 μέτρον

178 2598 229 2625 οὐκ
251 2598 341 2634 ἐδόθη,
363 2598 407 2625 ἴνα
432 2598 534 2634 δυνηθῇ
561 2598 692 2633 σχολάσαι
709 2599 749 2630 είς
771 2599 821 2634 τὴν
836 2599 972 2635 μέριμναν

180 2643 234 2670 τῶν
261 2643 395 2679 ἀδελφῶν,
422 2644 471 2670 καὶ
501 2645 541 2676 εἰς
569 2645 618 2679 τὴν
642 2644 782 2671 διακονίαν
800 2646 847 2671 τοῦ
877 2645 968 2679 λόγου,

182 2688 251 2724 πλὴν
276 2689 307 2716 τὸ
329 2689 486 2724 μεσότοιχον
507 2689 555 2716 τοῦ
585 2689 714 2725 φραγμοῦ
740 2689 905 2723 διαλέλυται,
923 2690 972 2717 καὶ

182 2736 318 2771 νενίκηται
331 2737 345 2762 ό
361 2736 485 2769 Θάνατος.

220 2782 257 2809 Ε.
275 2783 315 2810 Τὰ
335 2783 364 2810 δὲ
379 2784 531 2819 πράγματα
553 2783 639 2816 οὕτως
659 2785 743 2813 ἐστίν.
766 2785 810 2818 Ὠς
830 2785 973 2822 γνοφώδης

223 2872 246 2888 ε’
257 2872 351 2901 Matth.
371 2881 435 2907 xm,
445 2875 474 2907 2;
513 2874 596 2902 Marc.
614 2883 648 2907 Ix,
662 2874 689 2902 ὅ.

1014 956 1042 979 et
1053 956 1157 986 quanto
1167 952 1254 987 magis
1268 951 1375 984 ederet,
1396 955 1473 978 tanto
1489 951 1576 986 magis
1591 950 1765 986 augebantur
1778 955 1807 977 et

1014 997 1193 1025 crescebant:
1209 997 1271 1024 aliis
1285 997 1351 1024 item
1367 997 1497 1032 apparuit
1514 997 1590 1024 velut
1606 996 1805 1024 vestimentum

1015 1043 1201 1078 splendidum,
1220 1043 1301 1078 quale
1318 1050 1374 1070 non
1390 1043 1471 1070 estin
1486 1047 1558 1069 terra
1573 1043 1627 1069 hoc
1644 1042 1747 1070 seculo
1765 1041 1807 1068 ul-

1014 1089 1083 1122 lum,
1106 1097 1158 1117 nec
1178 1089 1308 1116 manibus
1323 1089 1467 1116 hominum
1484 1088 1582 1115 confici
1595 1092 1696 1122 potest.
1706 1087 1808 1120 Quem-

1015 1134 1164 1162 admodum
1190 1134 1264 1160 enim
1285 1137 1407 1160 montem
1426 1132 1580 1159 ascendens
1596 1132 1729 1159 Dominus
1744 1139 1807 1158 cum

1013 1181 1118 1208 Joanne
1131 1184 1159 1207 et
1171 1180 1253 1206 Petro
1265 1179 1471 1206 transformavit
1486 1178 1651 1205 vestimenta
1667 1186 1727 1210 sua,
1745 1178 1807 1205 illa-

1015 1234 1069 1261 que
1080 1225 1222 1261 splendida
1235 1225 1352 1260 fulguris
1362 1224 1448 1251 instar
1459 1223 1593 1251 reddit":
1605 1223 1738 1259 ejusmodi
1747 1227 1808 1250 erat

1014 1272 1209 1299 vestimentum
1221 1271 1300 1303 illud,
1313 1274 1345 1298 ut
1356 1271 1542 1298 admiraretur
1557 1275 1586 1298 et
1597 1270 1808 1304 obstupescerct

1013 1322 1113 1345 exutus
1126 1317 1194 1345 illud
1215 1317 1308 1344 homo.
1325 1316 1468 1344 Interdum
1495 1324 1590 1344 verum
1607 1316 1700 1343 lumen
1716 1315 1807 1349 ipsum

1015 1363 1043 1391 in
1054 1363 1138 1391 corde
1155 1363 1273 1396 fulgens,
1289 1362 1397 1398 aperuit
1411 1363 1529 1390 interius
1548 1366 1577 1390 et
1594 1361 1761 1397 profundius
1775 1368 1808 1388 ac

1014 1409 1105 1437 latens
1118 1409 1223 1441 lumen,
1239 1409 1309 1436 adeo
1326 1412 1357 1435 ut
1372 1413 1448 1436 totus
1460 1408 1544 1436 homo
1561 1408 1607 1435 illa
1625 1408 1760 1435 suavitate
1780 1411 1810 1435 et

1015 1454 1248 1489 contemplatione
1258 1454 1412 1486 demersus,
1426 1461 1480 1481 non
1498 1454 1617 1488 amplius
1626 1453 1663 1481 sit
1675 1453 1717 1480 sui
1732 1461 1809 1480 com-

1015 1508 1076 1536 pos,
1102 1501 1152 1528 sed
1177 1500 1213 1528 sit
1241 1504 1371 1535 tanquam
1399 1500 1501 1527 stultus
1527 1503 1556 1527 et
1581 1499 1716 1527 barbarus
1744 1499 1810 1528 huic

1016 1548 1131 1582 mundo,
1144 1554 1258 1584 propter
1273 1549 1386 1576 nimiam
1399 1549 1576 1576 dilectionem
1589 1556 1620 1576 ac
1633 1547 1809 1581 suavitatem,

1018 1599 1047 1624 et
1070 1603 1171 1624 arcana
1193 1595 1335 1631 mysteria,
1350 1594 1420 1622 adeo
1444 1598 1477 1621 ut
1498 1594 1582 1621 homo
1599 1599 1665 1621 tunc
1681 1593 1810 1621 libertate

1020 1632 1138 1669 donatus
1150 1641 1295 1676 perveniat
1310 1641 1343 1668 ad
1359 1640 1511 1675 perfectum
1528 1639 1642 1675 gradum
1668 1647 1755 1674 purus
1777 1646 1811 1666 ac

1019 1686 1090 1714 liber
1105 1694 1120 1713 a
1133 1691 1257 1721 peccato.
1271 1686 1373 1713 Verum
1393 1690 1488 1720 postea
1503 1685 1636 1713 subduxit
1659 1692 1689 1713 se
1711 1685 1809 1720 gratia.

1019 1736 1047 1760 et
1060 1726 1313 1759 accessit'velamen
1327 1731 1492 1759 adversaria:
1509 1731 1670 1765 potestatis;
1697 1734 1812 1765 apparet

1021 1781 1112 1804 tamen
1127 1777 1218 1812 aliqua
1232 1785 1266 1804 ex
1283 1781 1372 1812 parte,
1390 1781 1417 1804 et
1441 1775 1569 1804 consistit
1596 1775 1624 1803 in
1645 1783 1700 1803 uno
1724 1775 1810 1810 gradu

1021 1823 1144 1851 inferiori
1158 1823 1345 1859 perfectionis.

1054 1923 1100 1950 IV.
1119 1923 1211 1956 Velut,
1225 1925 1256 1949 ut
1267 1921 1402 1954 dicamus,
1415 1921 1653 1956 oportetaliquem
1666 1920 1811 1948 duodecim

1019 1969 1121 2005 gradus
1138 1968 1347 2000 transcendere,
1375 1972 1405 1995 et
1429 1968 1540 1994 demum
1557 1967 1592 1994 ad
1612 1967 1812 2002 perfectionem

1019 2017 1187 2050 pertingere.
1219 2013 1373 2049 Aliquando
1400 2013 1462 2047 quis
1480 2017 1647 2040 consecutus
1667 2016 1709 2040 est
1738 2012 1813 2040 hunc

1019 2061 1146 2097 gradum,
1163 2065 1192 2089 et
1208 2061 1335 2096 pervenit
1350 2059 1383 2087 ad
1399 2059 1609 2094 perfectionem.
1636 2059 1738 2086 lterum
1766 2066 1816 2086 re-

1019 2107 1130 2135 missior
1141 2107 1212 2135 facta
1227 2106 1326 2142 gratia,
1345 2105 1489 2134 descendit
1505 2113 1589 2132 unum
1603 2105 1729 2140 gradum,
1745 2108 1773 2132 et
1785 2105 1816 2132 in

1020 2154 1135 2189 reliquis
1150 2153 1278 2181 undecim
1295 2152 1432 2181 consistit.
1447 2152 1529 2180 Dives
1544 2156 1636 2179 autem
1658 2152 1759 2187 aliquis
1784 2151 1814 2178 in

1020 2201 1107 2236 gratia
1123 2207 1233 2235 semper
1250 2205 1346 2228 noctes
1364 2204 1448 2235 atque
1468 2199 1528 2226 dies
1541 2198 1569 2225 in
1590 2199 1714 2233 perfecto
1727 2198 1817 2233 gradu-

984 2254 1006 2281 ι)
1020 2245 1156 2277 consistit.
1174 2245 1244 2272 liber
1256 2252 1288 2272 ac
1302 2252 1400 2280 purus,
1413 2252 1523 2279 semper
1549 2244 1675 2278 captivus
1703 2251 1735 2271 ac
1751 2251 1815 2271 sus-

1022 2297 1134 2325 pensus.
1149 2289 1183 2316 Et
1195 2288 1319 2323 quidem,
1344 2288 1367 2315 si
1390 2287 1526 2315 mirabilia
1541 2288 1598 2320 illa,
1624 2295 1684 2322 quae
1709 2286 1814 2313 homini

1022 2338 1174 2362 monstrata
1187 2338 1261 2367 sunt,
1279 2338 1307 2361 et
1329 2341 1450 2368 quorum
1469 2333 1671 2368 experientiam
1690 2332 1773 2367 cepit,
1787 2332 1814 2359 ei

1022 2388 1132 2415 semper
1152 2380 1290 2412 adessent,
1313 2387 1365 2407 nec
1378 2379 1563 2407 ministerium
1585 2378 1663 2406 verbi
1684 2382 1732 2405 aut
1742 2385 1814 2405 onus

1023 2426 1134 2462 aliquod
1147 2426 1289 2461 suscipere
1302 2430 1408 2461 posset,
1425 2433 1516 2460 neque
1541 2424 1639 2453 audire
1655 2428 1704 2451 aut
1718 2431 1813 2450 curam

1026 2480 1134 2508 gerere,
1150 2472 1173 2500 si
1190 2472 1301 2507 quando
1335 2479 1405 2507 opus
1430 2477 1514 2504 esset,
1539 2471 1582 2498 sui
1608 2470 1704 2505 ipsius,
1723 2477 1816 2504 neque

1021 2517 1135 2544 crastini
1154 2517 1220 2549 diei,
1234 2517 1282 2544 sed
1296 2517 1386 2544 solum
1402 2516 1500 2544 sedere
1515 2515 1543 2543 in
1566 2524 1622 2543 uno
1638 2516 1739 2551 angulo
1753 2523 1814 2542 sus-

1023 2569 1125 2597 pensus
1139 2567 1167 2590 et
1184 2562 1346 2590 inebriatus.
1361 2562 1535 2596 Quapropter
1557 2561 1658 2597 gradus
1676 2561 1817 2596 perfectus

1021 2616 1077 2636 non
1091 2612 1134 2636 est
1149 2615 1307 2640 concessus,
1319 2612 1349 2635 ut
1360 2608 1446 2643 possit
1460 2615 1557 2635 vacare
1572 2615 1647 2635 curae
1659 2607 1774 2634 fratrum
1786 2612 1815 2635 et

1025 2654 1177 2682 ministerio
1189 2654 1277 2682 verbi.
1293 2654 1487 2682 Verumtamen
1500 2653 1679 2681 interstitium
1691 2653 1817 2681 maceria:

1025 2699 1147 2728 dirutum
1162 2704 1214 2733 est,
1232 2704 1259 2728 et
1276 2708 1350 2728 mors
1367 2699 1486 2727 devicta.

1065 2788 1096 2815 ν.
1128 2788 1182 2816 [tes
1210 2792 1302 2817 autent
1331 2788 1371 2816 sic
1405 2795 1434 2816 se
1461 2787 1554 2815 habet.
1580 2787 1823 2820 Quemadmodum.
