2067 3149
269 160 318 192 531

888 158 919 188 S.
940 156 1098 187 MACARII
1118 153 1279 185 )EGYPTII

1837 140 1890 173 532

271 217 415 246 tenebrosa
437 215 560 252 quaedam
587 214 629 244 vis
654 214 799 246 incumbit,
816 217 844 240 et
864 213 962 240 leviter
976 213 1052 239 velut

1113 219 1145 242 τις
1168 209 1282 242 δύναμις
1310 205 1447 233 ἐπίκειται
1476 201 1524 228 καὶ
1549 198 1679 231 σκεπάζει
1713 196 1836 231 ὲλαφρῶς
1852 197 1890 227 ὡς

269 270 379 292 crassus
390 262 501 297 quidam
516 268 563 287 aer
584 260 711 294 inopacat
730 259 832 290 locum,
858 258 971 286 lucerna
990 257 1055 284 licet

270 316 379 343 semper
392 306 505 333 ardente
520 310 548 332 et
564 305 695 332 lucente:
712 303 752 330 sic
769 303 891 330 adhaeret
901 302 940 329 illi
957 300 1053 328 lumini

272 355 405 382 velamen.
420 352 499 380 Unde
511 351 659 379 confitetur
676 351 732 383 ille,
749 358 779 377 se
796 355 968 384 nequaquam
995 355 1055 374 esse

271 399 432 435 perfectum,
450 406 540 433 neque
552 397 665 425 omnino
681 397 832 423 immunem
845 403 861 421 a
874 398 1003 429 peccato:
1018 392 1056 420 ita

271 449 302 472 ut
317 444 464 479 dicat,33
503 443 625 471 dirutum
651 447 685 470 eL
703 441 856 477 perfossum
886 447 947 467 esse
967 439 1055 466 inter-

270 491 369 525 iectum
386 490 517 525 parietem
534 489 668 520 maceria,
685 493 768 523 atque
784 488 894 518 iterum,
909 486 937 512 in
961 484 1053 519 aliqua

271 539 358 570 parte,
377 543 432 562 non
456 542 518 562 esse
539 535 620 569 plane
641 533 775 563 dirutum,
801 539 891 566 neque
906 531 933 558 in
956 537 1055 565 perpe-

272 585 358 608 tuum.
375 581 529 616 Aliquando
541 580 613 607 enim
638 578 829 606 vehementius
848 576 984 608 accendit,
1007 576 1056 603 ad-

272 631 366 653 monet
380 630 408 652 et
425 625 558 652 rcfocillat
573 625 675 659 gratia:
700 622 849 657 aliquando
873 629 939 649 vero
956 621 1054 648 remis-

272 670 329 697 sior
350 670 420 696 facta
442 669 600 696 subtristior
629 671 752 702 apparet,
778 671 861 701 prout
889 665 947 700 ipsa
969 665 1056 700 gratia

272 716 411 749 dispensat
442 714 476 741 ad
499 714 715 741 emolumentum
740 711 870 738 hominis.
898 710 967 743 Quis
991 718 1056 737 vero

273 768 394 795 unquam
412 760 445 786 ad
462 759 612 794 perlectum
629 758 744 794 gradum
759 764 921 792 progressus
938 756 1057 792 gustavit

273 811 301 833 et
324 806 475 840 periculum
501 804 568 831 fecit
594 804 669 831 illius
691 803 804 830 saeculi?
829 802 955 829 Nondum
982 802 1056 828 enim

275 853 359 879 ullum
387 851 442 878 vidi
461 850 613 885 perfectum
638 849 778 876 hominem
801 848 986 876 Christianum
1009 850 1057 874 aut

273 899 403 925 liberum.
417 897 471 924 Sed
492 896 616 931 quamvis
642 895 800 929 acquiescat
829 893 891 928 quis
913 892 940 919 in
959 892 1055 927 gratia,

274 947 358 976 atque
377 941 411 968 ad
429 940 567 975 mysteria,
581 938 761 965 revelationes
776 945 808 964 ac
819 937 979 964 immensam
993 943 1056 962 sua-

275 986 388 1013 vitatem
401 985 495 1020 gratiae
508 983 659 1018 perveniat,
678 982 860 1009 nihilominus
888 986 978 1007 tamen
994 988 1057 1014 pec-

276 1035 367 1057 catum
388 1029 478 1056 adhuc
501 1028 527 1055 in
552 1036 585 1054 eo
605 1027 699 1054 lueret.
724 1026 775 1059 Qui
800 1026 868 1052 tales
891 1032 957 1052 vero
982 1028 1056 1056 sunt,

276 1078 388 1108 propter
413 1073 573 1100 immensam
602 1071 715 1106 gratiam
741 1074 770 1097 et
797 1071 890 1097 lumen
925 1069 979 1096 illis
1010 1069 1059 1096 ad-

277 1120 394 1151 lnerens,
428 1127 457 1146 se
489 1118 624 1153 perfectos
659 1123 687 1144 et
715 1117 818 1144 liberos
853 1120 991 1151 reputant,
1024 1124 1058 1143 ex

277 1164 414 1199 imperitia
436 1162 554 1197 decepti,
577 1167 723 1196 postquam
751 1161 895 1196 possident
920 1161 976 1188 vim
997 1169 1059 1196 gra-

276 1211 329 1237 tia).
347 1210 445 1237 Verum
464 1208 581 1235 necdum
598 1208 654 1234 vidi
673 1207 757 1234 ullum
775 1208 904 1234 liberum.
917 1206 1058 1241 Siquidem

275 1259 304 1283 et
322 1262 372 1289 ego
389 1262 422 1282 ex
433 1258 510 1289 parte
523 1254 614 1288 aliqua
635 1253 783 1287 aliquando
797 1252 830 1279 ad
851 1252 965 1287 gradum
982 1251 1059 1278 illum

278 1301 402 1335 perveni,
430 1305 459 1327 et
484 1299 610 1335 cognovi.
631 1299 736 1326 nullum
755 1306 818 1326 esse
835 1297 976 1325 hominem
997 1304 1060 1331 per-

277 1348 391 1374 factum.

310 1391 354 1418 νι.
368 1390 555 1425 Interrogatio.
575 1388 623 1415 Dic
639 1388 711 1414 nobis
727 1388 754 1414 in
764 1387 855 1423 quibus
868 1391 895 1414 tu
906 1387 1024 1414 amisisti:

279 1436 402 1472 gradibus
411 1436 424 1461 ?

314 1480 466 1514 Responsio.
485 1480 550 1506 Post
572 1479 680 1514 signum
700 1478 790 1505 crucis
811 1478 897 1513 gratia
924 1485 998 1504 nunc
1022 1477 1062 1505 sic

282 1530 424 1561 operatur,
439 1531 468 1552 et
481 1525 573 1559 quieta
598 1524 688 1551 reddit
711 1523 804 1551 omnia
828 1523 949 1550 membra
963 1527 990 1550 et
1003 1530 1061 1556 cor,

283 1571 409 1598 utanima
423 1578 478 1606 prae
492 1578 597 1597 summa
611 1569 715 1602 laetitia,
728 1573 856 1603 tanquam
869 1568 976 1603 puellus
988 1568 1064 1594 frau~

261 1647 265 1651 ,
281 1618 326 1645 dis
341 1617 452 1652 ignarus
463 1616 599 1648 videatur,
614 1623 665 1642 nec
679 1615 796 1649 amplius
808 1614 890 1640 homo
902 1614 1066 1640 condemnet

282 1663 407 1690 Graecum
419 1667 466 1689 aut
479 1662 614 1692 Judaeum,
630 1664 677 1687 aut
700 1664 884 1695 peccatorem,
900 1663 948 1685 aut
963 1658 1066 1685 mundo

283 1709 426 1736 deditum:
440 1715 536 1735 verum
559 1707 674 1734 interior
695 1707 777 1733 homo
792 1706 872 1732 oculo
890 1713 959 1739 puro
971 1712 1067 1731 omnes

283 1755 391 1790 aspicit,
416 1759 444 1782 et
467 1755 573 1782 ltetalur
586 1754 668 1781 homo
687 1753 721 1780 de
740 1757 798 1780 toto
813 1752 926 1785 mundo,
942 1753 1068 1779 omnino-

284 1809 338 1835 que
351 1800 427 1835 cupit
447 1800 574 1827 venerari
591 1805 620 1826 et
642 1798 879 1837 diligeregGraacos
901 1802 928 1825 ct
948 1797 1066 1824 Judams.

284 1847 343 1874 Alia
357 1844 475 1880 quadam
495 1845 562 1872 hora
575 1845 661 1871 veluti
678 1844 750 1871 illius
773 1843 845 1879 regis
865 1843 978 1870 conlidit
1001 1842 1068 1870 Filio

284 1893 332 1920 Dei
350 1898 478 1928 tanquam
499 1893 581 1927 patri,
599 1896 627 1919 et
650 1892 812 1926 aperiuntur
827 1891 852 1918 ei
873 1891 956 1922 fores,
972 1895 997 1918 ct
1024 1889 1067 1916 in-

283 1939 408 1974 greditur
434 1938 507 1965 intro
543 1938 571 1965 in
599 1938 699 1964 multas
724 1938 888 1965 mansiones.
912 1937 945 1963 Et
967 1942 1069 1970 quanto

283 1985 372 2019 niagis
385 1984 548 2019 ingreditur,
568 1991 677 2011 rursum
694 1984 855 2018 aperiuntur
872 1982 897 2009 ei
913 1983 989 2017 juxta
1004 1989 1069 2015 pro—

284 2030 439 2064 portionem
454 2037 468 2056 a
484 2033 595 2057 centum
616 2028 806 2055 mansionibus
821 2027 854 2054 ad
868 2026 936 2053 alias
956 2030 1069 2052 centum

284 2074 449 2106 mansiones,
457 2079 484 2100 et
495 2073 614 2105 dilescil;
624 2077 652 2099 et
669 2076 773 2106 quanto
786 2071 872 2105 magis
886 2070 1007 2102 diteseit,
1020 2069 1070 2096 deo

283 2127 339 2148 nuo
346 2120 398 2147 alia
409 2120 563 2147 recentiora
571 2118 710 2145 mirabilia
719 2118 744 2145 ei
755 2120 954 2144 monstrantur.
962 2116 996 2142 Et
1007 2122 1070 2142 cre-

283 2167 387 2194 duntur
405 2167 431 2193 ei
454 2171 583 2200 tanquam
595 2164 666 2191 "ﬁlio
683 2169 712 2191 et
739 2163 841 2190 haeredi
862 2170 916 2194 res,
947 2169 1008 2196 qua:
1035 2161 1070 2188 ab

1104 257 1158 292 ἀὴρ
1173 255 1273 290 παχὺς,
1293 252 1383 279 καίτοι
1411 249 1529 276 πάντοτε
1547 247 1597 281 τῆς
1611 243 1752 292 λαμπάδος
1777 242 1890 292 καιομέ;

1179 286 1230 327 καῖ
1254 297 1420 333 φαινούσης·
1441 293 1530 324 οὕτως
1561 291 1699 318 ἐπίκειται
1728 288 1826 322 ἐκείνῳ
1851 286 1891 321 τῷ

1107 334 1176 384 eam
1191 348 1333 381 κάλυμμα.
1354 343 1437 370 Ὅθεν
1449 340 1575 376 ὁμολογεῖ
1591 335 1677 370 οὗτος,
1694 337 1735 363 ὅτι
1760 335 1811 361 οὑκ
1832 334 1890 384 εστι

1105 379 1218 425 τέλειος,
1234 379 1295 418 οὐδὲ
1320 389 1461 423 ἐλεύθερος
1484 387 1515 412 τὸ
1541 385 1601 412 ὅλον
1619 385 1650 410 ὲκ
1674 382 1723 416 τῆς
1743 379 1890 415 ἁμαρτίας.

1107 441 1189 466 Ὥστε
1223 438 1321 468 εἰπεῖν,
1346 436 1387 462 ὅτι
1410 433 1565 460 διαλέλυται
1596 429 1643 456 καὶ
1668 428 1832 462 τέθραυσται
1861 425 1892 450 τὸ

1108 484 1263 519 μεσότοιχον
1276 480 1322 507 τοῦ
1339 478 1479 515 φραγμοῦ,
1497 477 1544 503 καὶ
1558 475 1639 501 πάλιν
1651 473 1679 500 ἒν
1698 480 1751 499 τινι
1763 471 1793 497 οὐ
1804 469 1893 497 διαλέτ

1105 515 1182 555 λυται
1202 515 1233 554 ci;
1252 526 1322 557 ὅλον,
1337 524 1399 551 οὔτε
1427 523 1552 549 πὰντοτε.
1571 520 1648 546 Ἐστι
1660 517 1714 552 γὰρ
1734 515 1828 551 καιρὸς
1849 515 1893 541 ὅτε

1107 574 1188 600 πλέον
1211 572 1332 604 ἐξάπτει,
1351 569 1397 596 καὶ
1415 566 1578 603 παρακαλεῖ,
1593 565 1639 591 καὶ
1653 561 1789 590 ἀναπαύει
1800 570 1809 577 ο
1835 559 1893 586 In:

1107 619 1211 654 καιρὸς,
1231 618 1276 644 ὅτε
1291 614 1484 643 ὑποστέλλεται
1509 611 1556 639 καὶ
1585 607 1746 643 στυγνάζει,
1771 606 1809 638 ὡς
1825 604 1894 640 αὐτὴ

1106 666 1124 699 ἠ
1146 651 1225 699 χάρις
1248 661 1385 695 οἰκονομεῖ
1395 659 1462 693 πρὸς
1484 657 1514 683 τὸ
1537 655 1675 690 συμφέρον
1692 653 1731 688 τῷ
1746 651 1892 688 ἀνθρώπῳ.

1106 711 1154 742 Τίς
1168 711 1196 737 δὲ
1212 711 1226 736 ό
1242 708 1326 735 ἐλθὼν
1352 708 1392 738 εἰς
1415 705 1445 731 τὸ
1467 704 1566 739 μέτρον
1580 703 1612 728 τὺ
1623 701 1724 728 τέλειον
1737 700 1766 726 ὲν
1777 699 1892 733 καιροῖς,

1107 757 1154 783 καὶ
1176 754 1363 790 γευσάμενος,
1386 751 1434 778 καὶ
1453 751 1551 784 πεῖραν
1566 747 1636 782 ἔχων
1651 746 1755 773 ἐκείνου
1769 744 1817 771 τοῦ
1828 743 1895 770 αῑῶ-

1107 811 1169 835 νοςς
1196 800 1304 836 ’Λκμὴν
1335 799 1388 833 γὰρ
1418 796 1514 823 οὐδένα
1537 791 1606 820 εἶδον
1630 793 1732 819 τέλειον
1754 791 1896 825 ἄνθρωπον

1107 846 1278 884 Χριστιανὸν,
1293 845 1309 881 ἢ
1324 844 1481 877 ἐλεύθερον·
1499 840 1555 867 ἀλλ’
1571 841 1595 866 εί
1612 839 1660 866 καὶ
1675 836 1842 865 ἀναπαύεται
1854 844 1895 867 τις

1109 881 1140 920 ὲν
1150 894 1183 928 τῇ
1197 893 1306 927 χάριτι,
1330 889 1377 916 καὶ
1391 887 1547 922 εἰσέρχεται
1562 885 1601 915 είς
1616 884 1754 919 μυστήρια
1769 881 1815 908 καὶ
1826 881 1896 907 ἀπο-

1110 927 1251 973 καλόφεις,
1266 935 1313 963 καὶ
1327 936 1366 966 είς
1380 932 1501 969 ἡδύτητα
1514 930 1614 964 πολλὴν
1628 929 1678 964 τὴν
1689 928 1808 963 χάριτος,
1823 927 1897 973 opus;

1110 971 1191 1019 καὶῆ
1212 981 1333 1018 ἁμαρτία
1353 980 1476 1007 σύνεστιν
1498 977 1590 1012 ἀκμὴν
1621 975 1689 1002 ἔσω·
1708 974 1786 1001 αὐτοὶ
1799 972 1839 1004 δὲ,
1852 971 1898 999 διὰ

1110 1031 1161 1064 τὴν
1174 1027 1396 1063 ὑπερϐάλλουσαν
1409 1025 1489 1060 χάριν
1503 1024 1551 1050 καὶ
1562 1022 1592 1049 τὸ
1604 1023 1634 1048 ὲν
1646 1021 1737 1052 αὐτοῖς
1749 1018 1899 1054 (pomum-

1112 1063 1204 1106 ζουσιν
1225 1072 1363 1107 ἐλεύθεροι
1385 1069 1456 1097 εἶναι
1480 1069 1528 1095 καὶ
1546 1068 1660 1099 τέλειοι,
1680 1065 1757 1101 παρὰ
1770 1063 1899 1099 ἀπειρίαν

1113 1120 1293 1156 σφαλλόμενοι
1303 1139 1311 1150 ,
1333 1117 1427 1152 ἐπειδὴ
1442 1117 1549 1151 ἔχουσιν
1563 1114 1703 1148 ἐνέργειαν
1717 1112 1766 1147 τῆς
1778 1111 1898 1156 χάριτος.

1112 1154 1205 1201 ἀκμὴν
1218 1165 1246 1191 δὲ
1268 1163 1363 1190 οὐδένα
1376 1160 1447 1188 εἶδον
1462 1160 1613 1195 ἐλεύθερον.
1635 1157 1744 1192 Ἐπειδὴ
1760 1154 1837 1201 nd.de
1852 1163 1900 1190 με-

1114 1200 1199 1247 ρικῶς
1211 1211 1240 1236 έν
1251 1209 1357 1243 καιροῖς
1367 1215 1448 1238 τισιν,
1464 1204 1590 1239 εἰσῆλθον
1601 1204 1641 1235 είς
1652 1203 1739 1229 έκεῖνο
1748 1201 1779 1228 τὸ
1788 1200 1900 1235 μέτρον,

1113 1246 1161 1284 καὶ
1184 1255 1243 1283 οἶδα
1264 1252 1450 1288 καταμαθὼν,
1477 1251 1537 1282 πῶς
1560 1250 1610 1277 οὐκ
1629 1249 1688 1276 ἐστι
1708 1247 1809 1278 τέλειος
1826 1247 1841 1272 ὸ
1853 1246 1901 1274 ἁν-

1114 1302 1232 1338 θρωπος.

1150 1390 1196 1422 q'.
1212 1388 1379 1422 Ἐρώτησις.
1394 1385 1467 1414 Είπὲ
1481 1384 1554 1419 ἡμῖν
1574 1383 1615 1411 σὺ
1625 1403 1633 1416 ,
1649 1383 1684 1410 ὲν
1697 1382 1796 1415 ποίοις
1810 1379 1839 1408 εἶ
1850 1381 1902 1416 μὲ-

1114 1443 1194 1469 τροις
1202 1443 1212 1466 ;

1150 1480 1327 1512 Ἀπόκρισις.
1342 1477 1420 1505 Μετὰ
1436 1476 1468 1502 τὺ
1491 1475 1604 1510 σημεῖον
1621 1473 1668 1500 τοῦ
1680 1471 1809 1507 σταυροῦ,
1824 1470 1871 1497 νῦν
1885 1470 1902 1505 ἡ

1115 1525 1194 1559 χάρις
1205 1523 1290 1555 οὕτως
1312 1523 1419 1558 ἐνεργεῖ
1431 1522 1478 1548 καὶ
1494 1519 1629 1556 είρηνεύει
1646 1519 1695 1545 ὅλα
1709 1518 1743 1544 τὰ
1761 1517 1828 1553 μέλη
1855 1517 1904 1542 καὶ

1114 1570 1163 1603 τὴν
1177 1569 1301 1604 καρδίαν,
1321 1568 1391 1595 ὥστε
1409 1567 1458 1602 τὴν
1472 1566 1561 1601 ψυχὴν
1573 1567 1606 1592 ὲκ
1620 1565 1672 1599 τῆς
1695 1563 1794 1596 πολλῆς
1815 1562 1903 1598 χαρᾶς

1115 1616 1153 1647 ὡς
1172 1614 1275 1641 παιδίον
1286 1614 1389 1640 ἄκακον
1407 1612 1562 1648 φαίνεσθαι,
1578 1611 1625 1638 καὶ
1637 1610 1729 1637 οὐκέτι
1744 1609 1904 1644 κατακρίνει

1116 1661 1130 1686 ό
1147 1659 1289 1695 ἄνθρωπος
1304 1658 1423 1693 Ἕλληνα
1446 1657 1463 1692 ἢ
1494 1656 1638 1688 Ἰουδαῖον,
1659 1655 1676 1689 ἢ
1694 1652 1865 1689 ἁμαρτωλὸν,
1886 1652 1903 1686 ἢ

1117 1706 1248 1740 κοσμικόν
1263 1712 1270 1719 ·
1291 1704 1348 1732 ἀλλ’
1365 1705 1379 1731 6
1397 1703 1451 1730 ἔσω
1466 1703 1610 1738 ἅνθρωπος
1635 1699 1748 1735 καθαρῷ
1771 1697 1904 1733 ὀφθαλμῷ

1118 1751 1223 1782 πάντας
1244 1751 1306 1786 ὁρᾷ,
1329 1749 1377 1776 καὶ
1401 1749 1493 1784 χαίρει
1520 1749 1534 1774 ό
1557 1747 1701 1780 ἄνθρωπος
1727 1745 1773 1771 ἐπὶ
1789 1745 1842 1779 δλῳ
1864 1743 1905 1778 τῷ

1119 1797 1225 1832 κόσμῳ,
1252 1796 1300 1823 καὶ
1326 1795 1434 1826 πάντως
1450 1794 1529 1821 θέλει
1545 1792 1710 1829 προσκυνεῖν
1725 1791 1772 1818 καλ¹
1794 1789 1905 1824 ἀγαπᾷν

1118 1842 1252 1878 Ἕλληνας
1281 1841 1329 1868 καὶ
1343 1839 1497 1870 Ἰουδαίους.
1514 1838 1598 1873 Ἀλλῃ
1613 1837 1673 1873 ὥρᾳ
1690 1836 1747 1868 υίδς
1774 1834 1904 1870 βασιλέως

1120 1888 1191 1915 οὕτω
1207 1887 1303 1923 θαρρεῖ
1313 1885 1352 1921 τῷ
1363 1885 1419 1920 Υῑῷ
1432 1884 1480 1911 τοῦ
1494 1883 1562 1910 Θεοῦ
1584 1883 1621 1915 ὡς
1637 1882 1733 1917 πατρὶ,
1756 1881 1804 1907 καὶ
1831 1879 1905 1906 ἀνοί-

1120 1942 1212 1968 γονται
1229 1932 1302 1967 αὺτῷ
1316 1931 1407 1966 Θύραι,
1423 1930 1471 1956 καὶ
1487 1929 1640 1965 εἰσέρχεται
1664 1927 1737 1954 ένδον
1753 1928 1793 1958 εἰς
1806 1924 1905 1956 mili;

1121 1979 1214 2014 μονὰς,
1239 1977 1286 2004 καὶ
1299 1978 1361 2003 ὅσον
1388 1976 1554 2010 εἰσέρχεται,
1566 1973 1647 2001 πάλιν
1663 1973 1817 2006 ἀνοίγονται
1832 1971 1905 2005 αὐτῷ

1119 2024 1187 2059 πρὸς
1201 2023 1290 2056 λόγον,
1308 2021 1361 2048 ἀπὸ
1372 2021 1471 2047 έκατδν
1484 2020 1574 2055 μονῶν
1589 2020 1629 2050 είς
1641 2019 1725 2049 ἄλλας
1738 2018 1836 2044 ἑκατὸν
1857 2025 1905 2052 μο-

1119 2068 1180 2101 νὰς,
1194 2068 1241 2094 καὶ
1256 2067 1368 2096 πλουτεῖ
1383 2073 1389 2079 ·
1405 2065 1452 2092 καὶ
1464 2065 1520 2100 ὅσῳ
1535 2065 1655 2096 πλουτεῖ,
1671 2064 1751 2091 πάλιν
1767 2063 1834 2090 ἄλλα
1847 2071 1907 2088 και-

1120 2113 1218 2148 νότερα
1230 2111 1370 2146 θαυμάσια
1388 2110 1525 2137 δείκνυται
1542 2110 1627 2145 αὐτῷ.
1644 2109 1699 2136 Kal.
1714 2107 1906 2144 ὲμπιστεύεται

1120 2159 1158 2191 ὡς
1174 2158 1234 2193 υἱῷ,
1251 2157 1299 2184 καὶ
1312 2157 1474 2192 κληρονόμῳ
1488 2156 1638 2191 πράγματα
1656 2155 1693 2190 μὴ
1709 2155 1847 2189 δυνάμενα
1859 2155 1907 2188 ρη-

283 2212 401 2240 humana
430 2216 529 2238 natura
552 2210 683 2244 explicari
709 2212 861 2243 nequeunt,
882 2215 933 2235 nec
948 2215 996 2235 ore
1023 2214 1061 2234 au‘

1121 2203 1260 2240 θῆναιὺπδ
1273 2203 1381 2238 φύσεως
1390 2203 1576 2238 ἀνθρωπίνης,
1589 2202 1606 2237 ἦ
1618 2201 1786 2237 στόματικαὶ
1796 2199 1907 2234 γλώσσῃ

282 2259 376 2294 .ingua
388 2257 513 2286 enodari.
529 2256 621 2284 Gloria
636 2255 703 2282 Deo.
720 2254 820 2281 Amen.
963 2255 977 2278 3

575 2322 716 2350 HOMlLlA
731 2321 777 2349 lx.

283 2380 471 2418 Promissiones
485 2387 515 2406 ac
534 2378 682 2418 prophetiae
693 2378 796 2418 divinas
807 2378 955 2418 penuariae
973 2379 1070 2413 proba-

318 2416 400 2441 tiones
411 2419 434 2440 et
449 2412 604 2440 tentationes
614 2412 718 2446 impleri
728 2421 737 2439 :
749 2417 772 2438 et
784 2412 835 2439 soli
846 2412 900 2439 Deo
912 2412 1069 2441 adhaerendo

320 2449 426 2476 liberari
441 2457 487 2475 nos
499 2448 531 2474 ab
548 2448 759 2482 infestationibus
773 2448 907 2475 dwmonis.

319 2568 340 2594 l.
350 2567 506 2601 Spirilualis
520 2567 614 2602 gratia:
626 2567 848 2603 Deivirtus,’qu:e
863 2569 888 2596 in
903 2569 994 2596 anima
1009 2576 1069 2596 ver-

284 2618 371 2643 satur,
395 2620 457 2639 cum
492 2620 598 2640 summa
629 2613 846 2648 longanimitate,
875 2615 1019 2649 sapientia,
1041 2619 1070 2642 et

283 2658 487 2693 dispensatione
525 2659 626 2686 mentis
653 2660 767 2695 mystica
798 2665 938 2695 operatur,
971 2669 1067 2695 magna

283 2703 366 2730 etiam
380 2711 442 2731 cum
457 2704 588 2738 patientia
599 2712 661 2732 cum
676 2706 806 2740 temporis
816 2707 1068 2741 opportunitatibus

285 2749 397 2777 homine
415 2749 575 2777 dimicante.
591 2749 668 2778 Tunc
691 2757 781 2778 autem
804 2759 873 2786 opus
899 2752 992 2787 gratiae
1005 2760 1068 2786 per-

284 2795 385 2823 feclum
408 2796 434 2823 in
450 2803 483 2823 eo
498 2801 622 2831 apparet,
644 2797 756 2832 quando
771 2798 885 2825 liberam
900 2798 959 2832 ejus
972 2798 1070 2824 volun-

285 2844 367 2869 tati-in
393 2844 455 2877 post
482 2849 605 2876 magnam
625 2843 802 2870 tentationem
832 2843 945 2878 Spiritui
975 2846 1070 2870 sancto

1117 2249 1327 2286 διαρθρωθῆναι.
1343 2247 1411 2281 Δόξα
1425 2248 1463 2284 τῷ
1477 2248 1546 2283 Θεῷ.
1561 2247 1659 2283 ’Δμήν.

1417 2314 1540 2342 οΜΙΛΙΑ
1561 2314 1600 2342 8'.

1123 2374 1179 2406 Τὰς
1192 2372 1374 2408 ἐπαγγελίας
1392 2371 1454 2408 Δκαὶ
1474 2370 1658 2408 προφητείας
1681 2368 1834 2408 τοῖῂΘεοῦ
1850 2367 1906 2408 *διὰ

1156 2403 1368 2442 άαμπόιᾶιίληςί
1386 2403 1572 2440 δοκιμασίας-⁷
1587 2405 1640 2442 μαι
1666 2403 1830 2442 σξειράσεως
1845 2403 1906 2439 δια-

1156 2437 1369 2477 πλῖιροῦσθαῖ·
1384 2442 1432 2477 καὶ
1453 2437 1602 2477 τῷ
1631 2439 1693 2477 θεῷ
1714 2437 1907 2477 προς-κειρτέο

1147 2473 1279 2519 ροξιῖτιις
1289 2473 1473 2520 ,ξυτροῦσθάι
1487 2475 1566 2510 ὴμιίς
1583 2474 1642 2501 ἀπὸ
1658 2473 1717 2501 τῶν
1741 2473 1793 2500 τοῦ
1807 2474 1905 2506 Πονη-

1149 2522 1207 2548 ρου
1223 2520 1401 2546 πειρασεων.

1152 2570 1233 2597 Α’.Ἠ
1249 2568 1298 2595 τοῦ
1315 2568 1383 2595 Θεοῦ
1400 2566 1573 2602 πνευματικὴ
1588 2566 1637 2601 τῆς
1652 2565 1764 2600 χάριτος
1779 2563 1905 2599 ἐνέργεια

1117 2617 1146 2643 ὲν
1159 2616 1234 2650 ψιέχῇ
1247 2613 1408 2649 γιγνομένη,
1431 2613 1500 2648 μετὰ
1513 2611 1615 2646 πολλῆς
1631 2609 1820 2646 μακροθυμίας
1832 2628 1839 2640 ,
1858 2608 1906 2634 καὶ

1120 2661 1226 2696 σοφίας,
1243 2661 1290 2687 καὶ
1305 2659 1461 2693 οἰκονομίας
1486 2658 1544 2689 νοὸς
1573 2656 1708 2692 μυστικῆς
1732 2654 1904 2690 κατεργάζε-

1118 2716 1174 2739 ται,
1188 2706 1236 2733 καὶ
1249 2705 1319 2741 μετὰ
1333 2704 1433 2737 πολλῆς
1459 2703 1599 2738 ὑπομονῆς
1612 2701 1717 2736 χρόνοις
1736 2700 1783 2726 καὶ
1799 2700 1905 2734 καιροῖς

1120 2753 1165 2779 τοῦ
1182 2752 1327 2787 ἀνθρώπου
1340 2750 1555 2785 ἀγωνιζομένου·
1572 2748 1619 2774 καὶ
1639 2747 1699 2773 τότε
1711 2747 1741 2773 τὸ
1757 2746 1838 2780 ἔργον
1854 2745 1903 2779 τῆς

1120 2798 1231 2833 χάριτος
1250 2796 1352 2823 τέλειον
1369 2796 1408 2826 είς
1428 2794 1510 2821 αὑτὸν
1525 2793 1718 2820 ἀποδείκνυται
1731 2812 1738 2824 ,
1755 2792 1805 2826 τῆς
1838 2791 1908 2816 αὖτέ

1121 2843 1243 2876 εξουσίου
1263 2841 1448 2878 προαιρέσεως
1465 2840 1534 2876 μετὰ
1548 2839 1649 2875 πολλῆς
1661 2838 1823 2874 δοκιμασίας
1842 2837 1906 2864 ula-
