2067 3149
162 177 213 209 5Ἱ3

780 175 964 206 ΗΟΜΙῙᾸίἘ.
971 188 1005 193 -
1016 177 1109 209 ΙΙΟΜ.
1133 180 1186 210 ΙΧ.

1730 170 1782 203 53‘

163 235 261 270 ρέστου
277 233 316 268 τῷ
331 232 468 268 Πνεὺματι
483 232 701 268 ἀποδειχθείσης,
717 232 765 259 καὶ
782 233 827 260 διὰ
840 233 949 268 χρόνων

1005 235 1112 268 placere
1140 234 1316 263 manifestum
1342 238 1395 266 est,
1419 236 1449 260 et
1473 230 1582 267 quando
1605 237 1639 257 ex
1653 236 1782 256 successu

162 281 213 313 τὴν
232 277 347 313 δοκιμὴν
364 279 411 304 καὶ
429 277 477 312 τὴν
493 278 631 313 ὑπομονὴν
646 276 863 313 ἐπιδειξαμένου.
876 277 950 303 Ταύ-

163 332 213 359 την
238 324 267 350 δὲ
289 324 338 357 τὴν
353 323 515 351 ἀκολουθίαν
537 323 590 350 ἀπὸ
606 323 661 350 τῶν
678 323 864 351 θεοπνεύστων
880 324 951 358 Γρα-

163 370 222 404 φῶν
243 369 288 396 διὰ
305 368 360 396 τῶν
372 370 401 395 ἑν
416 368 526 404 φανερῷ
540 369 730 404 γεγενημένων
745 368 839 395 τύπων
861 376 951 403 παρα-

164 416 322 450 στήσωμεν.

198 460 236 486 Β¹.
262 459 295 485 Ὀ
314 458 342 485 δὲ
368 458 442 492 λέγω
466 458 587 486 τοιοῦτόν
611 459 697 491 ἐστιν,
710 456 767 485 οἷον
785 459 822 490 ὡς
835 459 882 485 ἐπί
902 458 949 485 τοῦ

171 505 283 539 Ἰωσήφ.
306 505 351 531 Ἐν
366 505 460 535 πόσοις
477 506 582 539 καιροῖς
597 505 644 531 καὶ
658 505 763 540 χρόνοις
775 504 805 531 τὸ
827 504 950 539 βούλημα

164 550 212 577 τοῦ
227 549 295 577 Θεοῦ
311 550 341 576 τὸ
355 550 419 584 περὶ
434 550 516 576 αὐτοῦ
533 550 685 585 ὡρισμένον
697 550 836 586 ἐτελέσθη,
854 551 901 576 καὶ
916 549 950 576 τὰ

166 596 294 631 ὁράματα
311 595 478 631 ὲπληρώθη;
493 595 540 622 καὶ
553 597 582 622 ὲν
592 596 685 627 πόσοις
706 595 839 631 πρότερον
859 595 952 626 πόνοις

165 641 213 668 καὶ
229 641 347 675 θλίψεσι,
363 641 411 667 καὶ
431 641 623 676 στενοχωρίαις
636 642 811 677 δοκιμασθεὶς
823 642 951 677 ὑπέμεινε

166 684 255 710 πάντα
271 685 402 718 γενναίως
414 706 421 718 ,
436 686 484 712 καὶ
505 687 545 718 είς
561 687 650 713 πάντα
673 687 782 722 δόκιμος
795 687 843 714 καὶ
859 687 953 719 πιστὸς

166 729 206 764 τῷ
220 729 280 764 Θεῷ
291 730 414 765 εὑρεθεὶς
428 730 531 762 δοῦλος,
544 731 605 758 τότε
618 732 745 767 βασιλεὺς
760 733 898 767 Αἰγύπτου
907 733 952 767 γέ-

167 784 241 808 γονε,
267 776 314 802 καὶ
334 776 365 802 τὸ
377 776 456 810 γένος
480 777 562 803 αὑτοῦ
577 777 702 812 διέθρεψε
714 798 722 810 ,
739 779 786 805 καὶ
802 780 954 813 προφητεία

167 821 223 846 τῶν
238 821 362 856 ἀοράτων
377 821 546 857 ἀπετελέσθη
559 841 567 854 ,
581 822 629 849 καὶ
642 822 672 849 τὺ
688 822 811 858 βούλημα
824 823 870 849 τοῦ
884 821 952 849 Θεοῦ

167 867 211 893 διὰ
228 868 332 902 χρόνων
357 868 403 894 καὶ
426 867 584 903 οἰκονομίας
607 868 707 902 πολλῆς
728 868 777 904 τὴν
801 869 952 904 πρόρρησιν

167 912 288 947 εἰληφός.

203 958 241 984 Γ¹.
249 956 364 992 Ὁμοίως
376 957 441 992 περὶ
455 958 503 985 τοῦ
516 958 610 986 Δαϐίδ.
630 959 659 985 '0
670 959 736 990 Θεὸς
747 959 854 994 ἔχρισεν
873 959 953 986 αὺτδν

167 1004 207 1035 εἰς
223 1003 334 1038 βασιλέα
358 1004 402 1031 διὰ
425 1004 553 1040 Σαμουὴλ
569 1005 615 1032 τοῦ
641 1006 781 1040 προφήτου
803 1013 810 1020 ·
839 1006 887 1031 καὶ
909 1005 953 1030 ὅτε

168 1049 282 1084 ὲχρίσθη
299 1068 306 1080 .
333 1049 395 1075 τότε
420 1049 504 1083 ἔφυγε
529 1050 695 1085 διωκόμενος
722 1050 774 1076 ὑπὸ
795 1050 843 1076 τοῦ
867 1050 954 1077 Σαοὺλ

167 1094 355 1129 ἀναιρεθῆναι.
373 1095 428 1121 Καὶ
442 1095 494 1121 ποῦ
509 1095 526 1130 ἡ
541 1096 632 1131 χρίσις
647 1096 694 1122 τοῦ
711 1096 791 1128 Θεοῦ,
807 1096 854 1122 καὶ
870 1096 920 1122 ποῦ
936 1096 952 1131 ὴ

167 1138 330 1172 ἐπαγγελία,
344 1138 382 1170 ὡς
397 1139 503 1173 πρὸςτὺ
519 1140 616 1174 τάχος;
633 1139 710 1167 Μετὰ
727 1140 780 1174 γὰρ
793 1140 824 1166 τὸ
839 1140 953 1176 χρισθῆ-

168 1193 223 1216 ναι,
238 1184 299 1210 τότε
314 1184 409 1216 δεινῶς
424 1184 556 1216 ὲθλίόετο,
571 1186 599 1211 ὲν
614 1185 742 1220 ἐρημίαις
757 1185 952 1219 πιλαζόμενος,

169 1230 217 1256 καὶ
233 1230 432 1265 ὑστερούμενος
444 1230 496 1262 ἕως
509 1231 604 1266 ἄρτου,
623 1232 671 1257 καὶ
686 1232 725 1263 εἰς
740 1232 803 1266 ἔθνη
818 1231 955 1266 καταφεύ-

168 1281 224 1307 γων
239 1273 283 1300 διὰ
303 1275 353 1310 τὴν
368 1275 416 1301 τοῦ
446 1274 533 1301 Σαοὺλ
557 1275 626 1310 πρὸς
650 1275 732 1303 αὑτὸν
748 1276 894 1312 ἐπιϐουλὴν
911 1285 953 1310 γι-

169 1318 303 1353 γνομένην
319 1328 326 1335 ·
343 1319 372 1346 ὃν
388 1321 402 1346 ό
415 1320 481 1351 Θεὸς
498 1320 607 1356 ἔχρισεν
622 1322 662 1353 είς
679 1321 801 1356 βασιλέα,
816 1322 955 1354 τοιαύταις

168 1364 324 1399 περιείχετο
338 1364 472 1399 θλίψεσιν.
489 1363 555 1392 Εἶτα
565 1366 674 1401 χρόνοις
692 1367 880 1401 δοκιμασθεὶς,
907 1368 955 1394 καὶ

169 1410 281 1444 θλιὸεὶς,
296 1411 345 1438 καὶ
361 1412 521 1447 πειρασθεὶς
531 1433 539 1446 ,
555 1414 601 1440 καὶ
621 1414 837 1449 μακροθυμήσας
848 1434 856 1447 ,
881 1414 955 1446 ἅπαξ

169 1455 361 1487 πεπιστευκὼς
376 1455 416 1491 τῷ
438 1456 498 1489 Θεῷ
509 1477 518 1490 ,
538 1458 586 1484 καὶ
607 1458 705 1484 ἑαυτὸν
722 1459 932 1494 πληροφορήσας
946 1480 953 1492 ,

170 1499 215 1526 ὅτι
229 1500 245 1526 ὃ
256 1500 382 1534 ἐποίησε
392 1502 441 1529 διὰ
454 1502 510 1536 τῆς
527 1503 581 1531 τοῦ
596 1505 751 1539 προφήτου
765 1505 891 1539 κρίσεως
912 1505 956 1537 εις

1001 282 1134 318 temporis
1156 281 1349 317 probationem
1368 283 1396 307 et
1422 276 1653 314 perseverantiam
1668 274 1726 309 ipsa
1740 281 1784 300 oss

1000 328 1100 356 tendit.
1116 328 1192 355 Hanc
1202 325 1429 361 consequentiam
1450 328 1542 351 autem
1554 330 1588 349 ex
1603 319 1784 348 sacrosanctis

1001 374 1113 402 Litteris
1133 382 1183 409 per
1198 373 1359 401 manifestos
1382 376 1458 406 typos
1471 370 1499 397 in
1512 367 1635 396 medium
1650 365 1786 401 produca-

1002 428 1073 448 mus.

1038 466 1070 494 II.
1086 465 1165 498 Quod
1179 468 1270 491 autem
1294 462 1368 495 dico,
1391 462 1445 488 tale
1468 465 1521 492 est,
1534 459 1614 494 quale
1639 457 1738 492 legitur
1749 455 1784 482 de

1001 511 1130 545 Josepho.
1152 509 1260 542 Quanto
1280 511 1343 542 post
1360 512 1485 541 tempore
1499 505 1628 532 voluntas
1643 502 1689 530 Dei
1704 502 1737 528 de
1751 508 1784 527 eo

1001 555 1170 592 praedcﬁnita
1184 554 1304 590 perfecta
1312 557 1364 585 est,
1380 557 1408 580 et
1419 551 1538 578 visiones
1548 549 1688 583 completa:
1702 546 1785 574 sunt?

1001 606 1030 629 et
1043 601 1152 636 quantis
1175 604 1239 627 ante
1257 599 1411 630 laboribus,
1423 595 1633 625 aﬁlictionibus,
1649 597 1678 620 et
1702 600 1786 626 angu-

1001 645 1064 672 stiis
1075 644 1218 679 probatus,
1233 643 1325 670 omnia
1338 646 1453 669 strenue
1465 638 1614 667 sustinuit?
1628 642 1656 664 et
1669 644 1716 671 per
1726 643 1786 662 om-

1001 690 1047 718 nia
1074 689 1206 724 probatns
1223 692 1251 715 et
1271 688 1359 715 ﬁdelis
1379 687 1436 714 Deo
1458 685 1586 712 inventus
1600 689 1706 713 servus,
1722 685 1788 707 tunc

1002 744 1050 763 rex
1064 735 1118 770 34
1137 734 1243 769 [Egypli
1264 733 1430 760 constitutus
1450 735 1503 762 est,
1520 734 1548 756 et
1562 727 1692 756 familiam
1710 733 1787 753 suam

1001 781 1149 812 enutrivit;
1162 784 1189 807 et
1216 779 1361 814 prophetia
1386 785 1492 808 eorum,
1510 783 1570 810 qua:
1587 782 1642 802 non
1655 772 1788 800 videban-

1002 831 1058 857 tur,
1090 825 1225 859 completa
1244 829 1297 857 est,
1322 827 1351 851 et
1371 823 1499 850 voluntas
1518 821 1566 848 Dei
1590 827 1638 854 per
1653 824 1786 853 tempora,

1003 874 1032 898 et
1044 869 1278 904 dispensationem
1295 868 1408 895 multam
1426 865 1603 901 pronuntiata
1614 864 1647 889 ⁸³.

1037 964 1082 992 III.
1105 964 1181 992 Idem
1195 963 1228 990 de
1246 962 1332 990 David
1351 961 1470 989 traditur
1491 961 1524 987 ".
1540 961 1613 987 Deus
1635 957 1714 985 unxit
1725 964 1788 984 eum

1003 1011 1032 1038 in
1058 1018 1148 1045 regem
1171 1018 1221 1044 per
1245 1008 1401 1037 Samuelem
1428 1006 1588 1042 prophetam
1613 1003 1647 1030 ⁸⁵.
1663 1003 1696 1030 Ει
1713 1007 1789 1037 post-

1003 1063 1084 1091 quam
1102 1059 1200 1082 unctus
1215 1059 1267 1086 est,
1280 1054 1412 1082 continuo
1425 1052 1487 1087 fuga
1499 1051 1552 1079 sibi
1566 1049 1714 1080 consuluit,
1727 1056 1790 1082 per-

1003 1101 1172 1129 secutionem
1186 1108 1202 1127 a
1214 1100 1306 1131 Saulo,
1320 1106 1383 1126 eum
1395 1098 1521 1125 occidere
1537 1099 1665 1126 conante,
1679 1101 1791 1128 perpes-

1003 1155 1060 1175 sus.
1076 1147 1128 1175 Ubi
1141 1154 1205 1181 ergo
1217 1146 1311 1172 unctio
1324 1145 1393 1172 Dei?
1407 1147 1436 1171 et
1452 1143 1499 1170 ubi
1514 1141 1672 1177 promissio,
1686 1144 1716 1166 ut
1729 1146 1789 1173 quae

1003 1192 1096 1219 statim
1110 1191 1237 1218 effectum
1251 1194 1400 1216 consecuta
1415 1187 1506 1215 esset?
1522 1187 1608 1214 Paulo
1623 1185 1696 1212 enim
1715 1190 1790 1219 post-

1004 1244 1085 1272 quam
1101 1241 1199 1263 unctus
1210 1239 1294 1267 esset,
1303 1235 1423 1269 graviter
1435 1233 1615 1267 amigebatur,
1633 1231 1660 1257 in
1673 1230 1790 1257 desertis

1004 1282 1124 1317 degens;
1139 1285 1166 1308 ct
1192 1281 1226 1308 ad
1247 1279 1390 1315 penuriam
1410 1278 1488 1313 panis
1505 1284 1592 1312 usque
1616 1275 1743 1302 redactus
1755 1274 1789 1301 ad

1005 1331 1101 1362 gentes
1124 1325 1310 1360 confugiebat,
1327 1327 1440 1358 propter
1466 1322 1554 1349 Saulis
1581 1321 1711 1348 adversus
1726 1327 1789 1346 eum

1006 1377 1124 1400 structas
1137 1371 1251 1398 insidias
1264 1371 1287 1386 ⁸⁵
1300 1378 1306 1396 :
1324 1377 1406 1404 quem
1422 1369 1494 1395 Deus
1509 1371 1626 1394 unxerat
1641 1366 1667 1392 in
1683 1373 1787 1400 regem,

1005 1418 1088 1445 tantis
1107 1416 1299 1444 involvebatur
1323 1413 1529 1441 alllictionibus.
1545 1411 1648 1439 Deinde
1661 1418 1790 1438 successu

1006 1460 1138 1495 temporis
1162 1460 1306 1494 probatus,
1333 1458 1462 1490 amictus,
1478 1461 1601 1484 tentatus
1617 1460 1645 1483 et
1656 1455 1792 1490 patienter

1005 1507 1118 1534 adversa
1136 1506 1237 1536 ferens,
1259 1505 1339 1531 unice
1357 1504 1414 1530 Deo
1433 1502 1586 1534 conﬁdens,
1602 1502 1721 1536 etplcna
1739 1500 1792 1527 ﬁde

169 1545 232 1579 ἐμὲ,
260 1545 310 1573 καί
327 1545 440 1574 ὃεῖπεν
468 1550 485 1575 d
511 1548 583 1582 Θεὸς
605 1550 744 1584 γενέσθαι
770 1550 836 1583 περὶ
861 1550 934 1584 ἐμοῦ
947 1569 954 1582 .

1006 1551 1164 1586 εθγοιίεθηε,
1187 1551 1227 1578 sic
1246 1550 1401 1584 colligebat,
1421 1549 1483 1584 quia
1513 1548 1582 1583 quod
1595 1548 1653 1583 fecit
1667 1547 1734 1573 Deus
1747 1554 1794 1582 per

170 1591 380 1626 ἀναμφιϐόλως
389 1594 526 1628 γενέσθαι
538 1595 592 1622 δεῖ.
612 1596 667 1622 Καὶ
680 1596 728 1622 διὰ·
743 1596 843 1631 πολλῆς
855 1605 957 1631 μακρο-

171 1637 281 1672 θυμίας.
298 1637 412 1674 ὕστερον
435 1640 532 1674 γέγονε
553 1641 585 1667 τὸ
603 1641 651 1668 τοῦ
668 1641 737 1668 Θεοῦ
756 1641 889 1677 βούλημα,
911 1643 959 1669 καὶ

171 1682 345 1711 ὲὸασίλευσεν
361 1685 376 1711 ό
391 1685 474 1711 Δαϐὶδ
489 1686 557 1719 μετά
573 1686 673 1718 πολλὰς
689 1687 797 1721 πείρας.
825 1687 880 1713 Καὶ
897 1687 958 1713 τότε

171 1729 330 1778 ἐφανερώθη
342 1731 355 1757 ὁ
366 1731 444 1765 λόγος
459 1731 506 1778 τοῦ
526 1732 604 1778 Θεῷ,
622 1734 669 1778 καὶ
688 1733 706 1768 ή
722 1733 838 1778 χρίσιςή
853 1733 897 1760 διὰ
910 1732 957 1760 τοῦ

172 1776 311 1810 προφήτου
342 1777 534 1812 γεγενημένη,
575 1777 671 1812 βεϐαία
700 1776 748 1804 καὶ
775 1778 878 1815 ἀληθὴς
905 1780 958 1806 ἀπ-

171 1820 290 1856 εδείχθη,

207 1867 245 1893 Δ¹.
269 1867 386 1902 Ὁμοίως
406 1868 452 1894 καὶ
472 1868 538 1904 περὶ
553 1869 704 1900 Μωῦσέως.
729 1868 759 1896 ’0
774 1869 840 1902 Θεὸς
863 1871 958 1898 τοῦτον

171 1913 308 1946 προγνοὺς
323 1913 370 1939 καὶ
391 1914 541 1949 προορίσας
561 1915 601 1947 είς
616 1915 769 1950 ἡγούμενον
784 1917 831 1943 καὶ
856 1917 958 1952 λυτρω-

171 1957 221 1993 τὴν
240 1957 286 1984 τοῦ
304 1957 384 1992 λαοῦ,
405 1959 463 1985 υἱὸν
478 1960 589 1995 ἐποίησε
605 1960 733 1995 γενέσθαι
756 1962 890 1996 θυγατρὸς
906 1963 959 1988 Φα-

174 2002 249 2038 ραὼ,
270 2003 317 2030 καὶ
332 2005 372 2035 εἰς
389 2005 505 2032 πλοῦτον
523 2006 663 2041 βασιλικὸν
677 2026 686 2039 ,
703 2007 751 2034 καὶ
767 2008 807 2040 είς
817 2008 895 2040 δόξαν
911 2009 958 2035 καὶ
978 2024 981 2027 ι

172 2049 277 2083 τρυφὴν
295 2049 411 2086 ηὐξήθη,
430 2051 504 2087 πάσῃ
520 2052 601 2088 σοφίᾳ
616 2052 771 2084 παιδευθεὶς
788 2054 955 2088 Αἰγυπτίων,

171 2095 217 2121 καὶ
232 2095 392 2130 ἀνδρωθεὶς,
402 2096 448 2122 καὶ
460 2097 550 2124 πίστει
565 2098 712 2133 γενόμενος
729 2099 826 2133 μέγας,
837 2100 959 2135 ἠρνήσα-

170 2149 201 2166 το
215 2141 304 2167 πάντα
319 2142 421 2173 ἐκεῖνα,
432 2142 482 2178 τὴν
490 2143 638 2178 κακουχίαν
651 2144 698 2171 καὶ
712 2145 775 2176 τοὺς
788 2145 958 2181 ὀνειδισμοὺς

170 2184 216 2210 τοῦ
232 2185 350 2220 Χριστοῦ
370 2186 471 2220 μᾶλλον
490 2186 619 2222 ἐλόμενος
635 2188 705 2214 κατά
719 2189 764 2215 τὸν
777 2190 956 2218 ἀποστολικὺν

1008 1597 1157 1623 unctionem
1173 1597 1199 1622 in
1212 1603 1261 1626 me,
1277 1599 1301 1621 et
1314 1595 1383 1630 quod
1396 1594 1462 1621 dixit
1473 1593 1543 1620 Deus
1557 1593 1675 1628 futurum
1692 1592 1723 1618 de
1740 1599 1792 1625 me,

1009 1643 1105 1678 absque
1120 1643 1191 1669 omni
1213 1641 1290 1668 dubio
1309 1641 1368 1675 ﬁeri
1380 1645 1492 1676 oportet.
1505 1641 1538 1667 Et
1549 1644 1611 1674 post
1623 1639 1732 1674 longam
1744 1645 1794 1665 ex-

1009 1689 1206 1724 spectationem
1226 1689 1331 1715 tandem
1349 1688 1477 1714 voluntas
1495 1686 1544 1713 Dei
1562 1685 1697 1720 completa
1709 1688 1751 1711 est
1759 1684 1793 1716 ⁸⁷,

1008 1741 1036 1763 et
1049 1735 1172 1771 regnavit
1185 1734 1270 1762 David
1286 1739 1348 1769 post
1368 1733 1469 1760 multas
1483 1731 1658 1759 tentationes.
1677 1730 1711 1757 Et
1728 1734 1793 1756 tunc

1009 1782 1215 1809 manifestatum
1234 1784 1277 1808 est
1301 1779 1351 1807 Dei
1377 1779 1504 1809 verbum,
1522 1782 1550 1805 et
1562 1777 1655 1804 unctio
1671 1785 1720 1811 per
1731 1783 1796 1811 pro-

1008 1828 1119 1864 phetam
1132 1826 1241 1857 collata,
1255 1825 1332 1852 ﬁrma
1348 1828 1376 1852 et
1390 1832 1453 1852 vera
1472 1824 1657 1851 demonstrata
1670 1826 1722 1849 est.

1043 1872 1087 1900 ιν.
1104 1871 1179 1898 Idem
1204 1870 1238 1898 de
1253 1870 1355 1905 Moyse.
1372 1870 1444 1896 Deus
1460 1876 1521 1895 cum
1537 1875 1599 1895 eum
1613 1865 1795 1902 praescivissot

1008 1923 1035 1946 et
1049 1917 1273 1953 prmdestinasset
1300 1916 1328 1942 in
1341 1915 1439 1942 ducem
1454 1918 1482 1941 et
1505 1917 1673 1940 servatorem
1687 1911 1792 1946 populi,

1008 1964 1095 1991 tilium
1117 1963 1183 1991 fecit
1209 1962 1267 1989 ﬁeri
1292 1961 1353 1988 ﬁliae
1367 1960 1519 1988 Pharaonis
1530 1959 1565 1990 ",
1579 1963 1660 1992 atque
1673 1957 1718 1984 hic
1732 1956 1794 1991 qui-

1009 2009 1071 2037 dem
1089 2009 1160 2044 rcgis
1177 2007 1277 2042 opibus
1294 2012 1322 2034 et
1339 2006 1436 2041 gloria,
1461 2009 1542 2039 atque
1564 2003 1670 2031 deliciis
1685 2007 1792 2033 auctus,

1008 2055 1082 2083 omni
1096 2054 1286 2089 [Egyptiorum
1311 2052 1455 2086 disciplina
1477 2051 1628 2078 instructus
1643 2053 1703 2076 est:
1720 2052 1749 2075 et
1759 2048 1792 2075 ad

1007 2101 1116 2128 virilem
1133 2104 1240 2127 aetatem
1262 2107 1325 2126 cum
1346 2097 1526 2133 pervenisset,
1550 2104 1582 2123 ac
1597 2096 1651 2122 ﬁde
1664 2094 1794 2130 grandior

1008 2145 1097 2173 factus
1113 2150 1196 2177 esset,
1218 2145 1323 2179 respuit
1336 2151 1368 2170 ea
1383 2143 1486 2175 omnia,
1501 2141 1594 2176 potius
1608 2141 1712 2176 eligens
1724 2139 1792 2166 allii-

1008 2191 1126 2218 ctionem
1139 2195 1167 2217 et
1177 2189 1358 2218 contumelias
1369 2189 1392 2204 "
1414 2187 1526 2220 Christi,
1544 2187 1621 2222 juxta
1639 2193 1793 2213 sermonem

169 2229 258 2264 λόγον,
273 2230 288 2265 ἢ
304 2231 471 2266 πρόσκαιρον
485 2231 557 2267 ἔχειν
573 2233 711 2268 ἁμαρτίας
730 2234 890 2262 ἀπόλαυσιν.
903 2236 955 2263 Καὶ

1009 2236 1200 2272 apostolicum,
1216 2243 1297 2270 quam
1312 2233 1511 2269 temporalibus
1521 2233 1626 2266 peccati
1641 2231 1794 2259 commodis

170 2276 259 2309 φυγὰς
278 2275 416 2310 Δίγύπτου
431 2276 563 2311 γεγονὼς,
580 2278 665 2305 πόσον
677 2279 773 2314 χρόνον
791 2280 820 2306 ἐν
837 2289 955 2315 ποιμαν-

169 2323 232 2357 τικῇ
251 2322 345 2356 διῆγεν
361 2323 477 2358 ἐργασίᾳ
496 2324 510 2350 ὁ
530 2323 662 2358 βασιλέως
682 2325 754 2357 υίὸς,
776 2326 821 2352 καὶ
836 2327 877 2358 εἰς
893 2336 956 2354 τοσ-

173 2365 258 2401 αύτην
281 2367 451 2400 ἀπόλαυσιν,
467 2368 515 2394 καὶ
542 2369 647 2404 τρυφὴν
667 2369 813 2406 βασιλικὴν
842 2372 957 2408 ἀνατρα-

162 2411 250 2451 ιφείς;
277 2413 324 2439 καὶ
350 2413 436 2445 οὕτως
464 2413 578 2450 ὕστερον
602 2414 712 2450 δόκιμος
741 2417 780 2451 τῷ
809 2417 885 2453 Θεῷ,
909 2418 957 2444 καὶ

169 2458 267 2489 πιστὸς
285 2458 329 2485 διὰ
345 2460 394 2494 τῆς
416 2459 515 2495 πολλῆς
541 2462 732 2496 μακροθυμίας
748 2463 870 2498 εὑρεθεὶς
883 2485 890 2497 ,
911 2463 956 2492 οἷα

169 2502 283 2535 πολλοὺς
299 2505 472 2540 πειρασμοὺς
487 2506 639 2541 ὑπομείνας
649 2527 657 2540 ,
686 2508 794 2542 ἐγένετο
811 2510 954 2546 λυτρωτὴς

169 2549 216 2575 καὶ
239 2549 390 2585 ἡγούμενος
411 2551 459 2578 καὶ
475 2552 601 2587 βασιλεὺς
624 2555 671 2581 τοῦ
687 2555 814 2591 Ἰσραὴλ,
830 2558 877 2584 καὶ
891 2558 957 2589 Θεὸς

168 2593 214 2620 τοῦ
233 2594 333 2630 Φαραὼ
349 2596 401 2623 ὑπδ
424 2596 471 2623 τοῦ
488 2597 555 2624 Θεοῦ
572 2600 780 2636 προσηγορεύθη
796 2609 803 2617 ο
822 2601 856 2627 δι’
874 2601 956 2628 αὐτοῦ

168 2639 223 2675 γὰρ
237 2641 373 2675 Αιγυπτον
382 2643 524 2677 ὲμάστιξε,
540 2645 586 2670 καὶ
599 2645 633 2671 τὰ
646 2646 751 2679 μεγάλοι
763 2647 957 2682 καὶθαυμάσια

167 2685 181 2711 ὁ
197 2686 262 2718 Θεὸς
278 2686 313 2713 δι’
325 2687 407 2714 αὐτοῦ
429 2688 469 2723 τῷ
483 2689 583 2724 Φαραὼ
594 2690 756 2724 ἐνεδείξατο,
773 2692 821 2718 καὶ
835 2692 912 2723 τέλος
925 2693 955 2719 ὲν

220 2763 243 2778 ⁵³
258 2763 335 2800 Gens
349 2773 439 2798 um,
460 2766 472 2792 1
492 2774 565 2800 seq.;

169 2797 271 2839 inseq.“
283 2798 313 2839 ζ’
326 2799 498 2839 l.'Reg._:§_x1,
515 2797 646 2839 [1ροηῂ
661 2797 746 2836 xxv",
759 2805 771 2831 i
789 2811 847 2839 seq.

168 2873 226 2900 xm,
250 2867 294 2895 εδ.

1006 2283 1060 2310 l'rui
1075 2282 1110 2309 “.
1123 2282 1156 2309 Et
1170 2282 1246 2309 exsul
1262 2280 1370 2316 [Egypti
1385 2280 1474 2308 factus
1491 2288 1553 2307 cum
1566 2283 1650 2311 esset,
1661 2284 1793 2314 quantum

1006 2328 1141 2364 temporis
1159 2328 1240 2354 modo
1264 2327 1292 2354 iu
1323 2326 1442 2361 pastoris
1456 2327 1540 2353 vitam
1556 2326 1688 2360 transegit
1700 2333 1793 2359 opera,

1007 2375 1080 2410 regis
1107 2374 1181 2401 ﬁlius
1195 2374 1243 2408 qui
1257 2378 1327 2405 erat,
1343 2377 1371 2400 et
1384 2373 1411 2400 in
1429 2373 1514 2400 tantis
1536 2370 1651 2399 lautitiis
1667 2379 1699 2397 ac
1713 2370 1796 2405 regiis

1007 2420 1114 2448 deliciis
1127 2419 1281 2447 educatus?
1298 2419 1330 2446 Et
1353 2419 1394 2446 sic
1414 2418 1525 2446 tandem
1544 2417 1676 2453 probatus
1685 2417 1751 2448 Deo,
1766 2420 1796 2443 et

1010 2465 1098 2492 ﬁztclis
1112 2473 1162 2500 per
1177 2465 1290 2491 multam
1307 2464 1467 2499 patientiam
1483 2464 1622 2495 inventus,
1635 2461 1737 2497 quippe
1746 2461 1794 2497 qui

1010 2510 1110 2537 multas
1125 2510 1290 2537 tentationes
1303 2510 1484 2541 sustinuerat,
1501 2509 1666 2536 constitutus
1681 2512 1724 2535 est
1737 2515 1795 2534 ser-

1008 2560 1087 2582 vator
1106 2562 1135 2583 et
1155 2556 1220 2587 dux,
1243 2561 1271 2583 et
1297 2564 1345 2583 rex
1365 2556 1459 2590 populi
1477 2555 1560 2582 Israel
1578 2555 1614 2584 “.
1629 2559 1710 2588 atque
1724 2554 1796 2580 Deus

1009 2601 1162 2628 Pharaonis
1182 2609 1197 2628 a
1223 2601 1278 2628 Deo
1293 2601 1466 2636 appellatus?
1481 2601 1533 2628 Per
1549 2608 1612 2628 eum
1635 2600 1708 2627 enim
1730 2607 1795 2635 pcr-

1009 2648 1095 2675 cussit
1114 2648 1186 2674 Deus
1200 2647 1357 2683 A'Zgyplum,
1374 2653 1403 2675 et
1416 2656 1511 2683 magna
1534 2652 1616 2682 atque
1633 2645 1795 2673 admiranda

1008 2700 1058 2727 per
1084 2700 1147 2719 eum
1173 2692 1310 2719 Pharaoni
1337 2692 1469 2724 ostendit,
1488 2700 1520 2719 ac
1537 2692 1647 2720 tandem
1674 2692 1702 2718 in
1725 2691 1794 2718 mari

593 2775 646 2821 3.”:
661 2768 770 2821 ἔὲιὲθλ
789 2768 859 2821 .1“
873 2769 955 2821 “53"..

1005 2789 1011 2800 ,
1030 2770 1071 2797 13.
1110 2769 1133 2785 ⁸³
1151 2769 1249 2803 l.Reg.
1264 2777 1282 2796 ι.
1303 2777 1358 2800 Xlx.
1376 2770 1406 2796 Η
1425 2777 1496 2805 εοιι.;
1511 2777 1586 2797 xxnr.
1604 2770 1619 2795 7
1634 2776 1703 2803 seq.;
1719 2776 1794 2802 xxvr,

1005 2805 1048 2821 ιιιη
1086 2813 1104 2821 11
1142 2804 1153 2821 ι
1219 2805 1241 2820 b8
1269 2805 1341 2821 lin-ml
1377 2813 1393 2821 η
1428 2804 1458 2821 m
1524 2805 1546 2820 ω
1567 2804 1640 2821 ιιι.1..-
1683 2812 1707 2821 τι
1741 2804 1776 2821 οι

167 2804 498 2874 ᾇδῗθαξτ,ἐέςίξιῗίιῗίξ·ι³ὲῗ¹’
513 2804 548 2853 λ¹
558 2810 646 2866 εδξὲάῗ
661 2805 771 2872 ξῗῖἼὸ
784 2811 847 2874 ῗθνῗ·
856 2806 921 2874 ac:
937 2805 955 2867 ξι¹

1005 2805 1059 2838 tea.
1086 2813 1115 2835 ιι,
1139 2804 1165 2830 Δ.
1219 2805 1241 2820 ’⁸⁸
1268 2805 1312 2831 Εῖι

1005 2840 1026 2867 Ι.
1042 2840 1117 2867 Exod
1158 2847 1215 2872 νιιι,
1234 2839 1242 2866 l
1260 2840 1312 2872 ,εἰς

1219 2805 1241 2820 ’⁸⁸
1268 2805 1353 2831 Evoti.
1377 2813 1405 2835 ll,
1428 2804 1469 2831 10.
1524 2805 1546 2820 ⁸)
1567 2804 1649 2831 Hebr.
1682 2812 1718 2834 xr,
1741 2804 1787 2833 24,

1342 2849 1377 2873 Ix,
1395 2840 1403 2866 i
1418 2848 1424 2872 ;
1440 2848 1465 2873 ν,
1480 2840 1536 2873 23;
1558 2847 1583 2871 ις,
1607 2839 1632 2873 ί,
1647 2840 1691 2868 21.
1707 2839 1794 2867 Exod.
