2067 3149
289 171 342 203 535
911 167 940 196 S.
961 165 1120 196 MACARII
1142 163 1301 194 JEGYPTII
1860 155 1912 187 536

287 225 429 261 (Egyptios
441 224 600 253 submersit.
617 223 688 252 Ecce
704 223 752 251 Dei
770 221 897 250 voluntas
907 226 936 249 et
946 220 1072 256 proposi-
1088 220 1103 248 Α

1096 220 1111 247 Α
1128 218 1249 253 θαλάσσῃ
1262 216 1326 248 τοὺς
1343 213 1510 250 Αἰγυπτίους
1525 212 1731 240 κατεπόντισεν.
1746 211 1813 238 Ἰδοὺ
1823 211 1854 238 τδ
1866 211 1912 238 τοῦ

288 257 364 305 tum-,-
372 276 472 306 quanta
484 275 545 306 post
560 274 714 305 temporum
732 269 819 304 spatia
837 268 1012 295 manifestata
1025 287 1033 299 ,
1045 271 1074 294 et

1126 263 1193 290 Θεοῦ
1211 263 1334 298 βούλημα
1349 263 1396 288 καὶ
1407 262 1424 296 ἡ
1437 260 1567 296 πρόθεσις
1583 258 1654 294 μετὰ
1676 258 1776 290 πόσους
1797 257 1913 293 χρόνους

287 303 404 351 quantas
423 303 492 350 post
519 303 696 350 probationes
710 303 925 341 etiamictiones
936 311 1073 346 completa

287 368 339 387 est.

1126 309 1273 344 ἀπεδείχθη
1287 328 1295 341 ,
1310 307 1358 335 καὶ
1375 306 1444 343 μετὰ
1460 306 1545 338 πόσας
1565 304 1729 340 δοκιμασίας
1747 304 1796 331 καὶ
1809 303 1913 339 θλίψεις

1126 353 1257 387 ἐτελέσθη

287 368 339 390 est.
1126 355 1170 381 ἐτε

324 417 353 444 ν.
366 416 441 443 idem
458 420 486 443 et
496 415 530 443 de
547 415 684 442 Abraham
695 415 730 441 ⁹¹.
744 413 853 447 Quanto
872 417 995 447 tempore
1009 415 1073 439 ante

1160 410 1200 438 E’.
1222 409 1337 445 Ὁμοίως
1357 408 1404 436 καὶ
1433 408 1479 435 ἐπὶ
1503 407 1551 434 τοῦ
1565 406 1704 442 Ἀϐραάμ.
1735 406 1792 442 Πρὸ
1816 406 1904 432 πόσων

285 462 451 496 prorniSerat
460 463 543 491 Deus,
557 469 586 489 se
596 461 621 488 ei
632 461 795 496 largiturum
808 459 906 490 ﬁlium,
920 466 970 485 nec
981 462 1072 484 tamen

1125 456 1231 492 χρόνων
1240 454 1422 489 ἐπηγγείλατο
1434 455 1448 481 ό
1462 453 1529 485 Θεδς
1547 452 1712 488 χαρίσασθαι
1725 452 1782 479 υἱον
1794 473 1801 485 ,
1813 453 1861 478 καὶ
1882 451 1912 478 οὐ

286 506 377 533 statim
394 506 486 533 dedit:
507 505 554 533 sed
569 509 635 540 quot
652 505 758 532 interea
777 511 913 531 annorum
929 502 1071 537 probatio-

1126 504 1192 539 παρ’
1205 502 1275 530 αὐτὰ
1287 501 1415 533 δέδωκεν,
1433 500 1501 527 ἀλλὰ
1517 500 1619 534 μεταξὺ
1635 499 1730 530 πόσοις
1744 498 1818 524 ἔτεσι
1843 498 1914 524 δοκι-

285 559 335 578 nes
347 555 376 578 et
396 550 622 585 tentationesipsi
639 550 843 577 incubuerunti
857 549 907 576 llle
923 556 988 576 vero
1010 548 1071 575 ani-

1127 549 1225 583 μασίαι
1239 549 1285 576 καὶ
1301 548 1451 583 πειρασμοὶ
1472 546 1540 582 πρὸς
1563 546 1644 573 αὐτὸν
1658 545 1812 579 γεγόνασιν.
1829 543 1914 575 Αὐτὸς

285 604 330 624 mo
346 597 461 631 patienti
480 596 571 623 omnia
586 595 740 623 accidentia
761 595 907 627 suﬁ‘erens,
924 595 1004 629 plena
1020 593 1072 621 ﬁde

1125 594 1153 621 δὲ
1170 593 1354 629 μακροθύμως
1366 593 1454 620 πάντα
1462 592 1498 619 τὰ
1511 591 1683 627 ἐπερχόμενα
1696 590 1855 625 ὑπομείνας,
1867 589 1914 616 καὶ

285 642 405 677 seipsum
436 641 604 673 obﬁrmavit,
624 641 762 676 inquiens,
785 641 854 675 quod
876 641 920 676 qui
941 641 1071 674 promisit,

1125 639 1220 666 ἑαυτὸν
1237 640 1270 674 τῇ
1287 639 1377 665 πίστει
1393 638 1603 673 πληροφορήσας
1617 657 1624 669 ,
1645 636 1690 662 ὅτι
1704 637 1722 663 ό
1736 634 1914 669 ἐπαγγειλά-

284 695 343 713 cum
367 688 401 714 sit
416 687 546 714 mendacii
573 695 677 722 expers,
702 686 840 721 complebit
859 686 966 713 uerbum
981 694 1070 713 suum.

1121 693 1223 720 μενος,
1238 684 1377 719 ἀψευδὴς
1389 683 1557 719 τυγχάνων,
1571 682 1724 715 πληρώσει
1738 681 1791 708 τὸν
1803 680 1912 708 ἑαυτοῦ

285 733 385 767 Sicque
398 734 485 761 ﬁdelis
496 734 636 766 inventus,
647 733 721 768 quod
739 734 906 769 promissum
918 737 990 766 erat,
1006 741 1072 761 con-

1123 731 1226 765 λόγον.
1255 731 1312 758 Καὶ
1334 730 1420 762 οὕτως
1446 729 1541 761 πιστὸς
1558 728 1699 763 εὑρεθεὶς,
1730 727 1844 762 ἐπέτυχε
1861 726 1912 761 τῆς

284 781 396 804 εοευιυε
409 781 462 804 est.

1124 775 1302 810 ἐπαγγελίας.

319 832 362 860 Vl.
378 832 424 860 Sic
438 838 465 860 et
485 833 542 860 Noe
557 833 780 868 quingentesimo
796 840 869 860 anno
881 833 976 868 jussus
988 841 1004 860 a
1016 833 1072 861 Deo

1161 833 1207 866 ς’.
1228 831 1367 862 Ὡσαύτως
1380 830 1427 857 καὶ
1454 829 1517 856 Νῶε
1545 827 1768 862 πεντακοσιοστῷ
1789 827 1844 854 ἔτει
1863 834 1911 852 κε-

283 884 373 904 arcam
388 882 550 904 construere
567 878 600 910 ",
622 878 669 912 qui
685 877 865 905 inducturum
883 886 912 905 se
928 877 978 906 toti
994 882 1071 906 terra:
1088 897 1099 924 Ι

1093 897 1108 924 Β
1123 877 1246 910 leuabat;
1257 877 1310 903 ὑπὸ
1323 876 1370 903 τοῦ
1386 875 1454 902 Θεοῦ
1472 875 1522 910 τὴν
1541 874 1658 901 κιϐωτὸν
1672 872 1888 904 κατασκευάζειν
1902 892 1909 904 ,

282 920 418 947 diluvium
434 921 628 953 nuntiaverat;
643 926 671 948 et
684 920 885 948 sexcentesimo
900 929 973 949 anno
991 922 1072 949 indu-
1088 919 1098 924 ”

1095 919 1107 924 ⁷
1123 922 1357 957 ἐπαγγειλαμένου
1373 920 1566 955 κατακλυσμὸν
1593 920 1744 954 ἐπαγαγεῖν
1767 919 1799 953 τῇ
1826 919 1911 944 οίκου-

282 966 380 999 cebat;
406 972 517 994 centum
545 975 633 994 annos
650 967 787 1001 patienter
811 972 976 1002 exspectans
1002 967 1070 994 nihil

1124 969 1203 1004 μένῃ,
1215 969 1262 994 καὶ
1280 965 1462 1000 ἑξακοσιοστῷ
1479 965 1533 992 ἔτει
1550 964 1746 998 ἐπαγαγόντος,
1757 963 1855 989 ἑκατὸν
1862 961 1909 997 ἐτη

281 1013 396 1039 omnino
408 1013 560 1045 dubitabat,
573 1018 666 1040 utrum
675 1021 736 1048 quae
746 1013 854 1040 dixerat
865 1013 938 1041 Deus
948 1013 1072 1040 facturus

1123 1013 1352 1049 ὲμακροθύμησεν
1368 1013 1397 1038 ὲν
1413 1011 1507 1046 μηδενὶ
1519 1010 1648 1042 διστάσας
1659 1030 1667 1042 ,
1684 1010 1739 1044 ἄρα
1753 1009 1826 1034 ποιεῖ
1838 1008 1911 1042 ᾇπερ

282 1059 370 1087 esset,
394 1064 607 1089 necne;verum
633 1056 687 1084 ﬁde
712 1057 793 1084 nixus
812 1057 853 1084 sic
874 1057 1070 1089 constituebat,

1121 1057 1198 1086 εἶπεν
1212 1060 1226 1085 ό
1238 1058 1315 1089 Θεὸς,
1330 1057 1346 1092 ἢ
1363 1057 1401 1092 μὴ
1416 1057 1489 1082 ποιεῖ
1501 1064 1508 1071 ·
1525 1055 1582 1083 ἀλλ’
1599 1055 1672 1087 ἅπαξ
1686 1055 1719 1089 τῇ
1740 1053 1830 1080 πίστει
1843 1053 1911 1087 πλη-

281 1101 352 1136 quod
365 1110 424 1136 qua:
434 1101 504 1129 Deus
522 1101 623 1129 locutus
635 1107 710 1134 esset,
726 1102 824 1137 absque
836 1103 908 1129 omni
919 1102 997 1129 dubio
1013 1102 1071 1136 ﬁeri

1123 1104 1295 1140 ροφορηθεὶς,
1312 1103 1352 1129 ὃτι
1367 1102 1439 1137 ἆπερ
1455 1101 1587 1135 ἐλάλησεν
1598 1101 1612 1128 ό
1625 1100 1703 1132 Θεὸς,
1718 1099 1910 1134 ἀναμφιϐόλως

281 1147 464 1181 oporteat.Sic
472 1155 537 1182 ergo
548 1152 677 1182 spectata:
689 1152 770 1182 atque
780 1148 892 1183 integrae
906 1148 1066 1179 voluntatis.

1120 1148 1248 1183 γενέσθαι
1274 1148 1324 1174 δεῖ.
1356 1147 1411 1174 Καὶ
1428 1146 1499 1173 οὕτω
1512 1145 1625 1181 δόκιμος
1645 1146 1678 1181 τῇ
1698 1145 1857 1180 προαιρέσει
1881 1144 1911 1170 ἐν

281 1193 356 1224 ﬁdei,
375 1193 514 1227 patientiae
530 1198 558 1221 et
572 1193 694 1221 lenitatis
718 1201 822 1228 magna:
842 1193 896 1228 35
911 1194 1069 1229 deprehen-

1120 1194 1221 1226 πίστει,
1242 1193 1290 1219 καὶ
1308 1193 1444 1227 ὑπομονῇ,
1469 1191 1516 1218 καὶ
1532 1189 1710 1227 μακροθυμίᾳ
1729 1189 1813 1224 πολλῇ
1831 1188 1909 1224 εὑρε-

279 1246 338 1271 sus,
359 1239 434 1266 solus
451 1243 579 1266 servatus
597 1244 640 1266 est
655 1247 718 1266 cum
734 1239 818 1267 domo
834 1247 894 1271 sua,
910 1239 1070 1267 mandatum

1120 1239 1190 1271 θεὶς,
1207 1238 1324 1274 διεσώθη
1340 1239 1420 1274 μόνος
1436 1237 1506 1273 μετὰ
1519 1236 1567 1264 τοῦ
1582 1236 1659 1263 οἴκου
1675 1235 1759 1263 αὑτοῦ
1774 1235 1824 1270 τὴν
1838 1235 1911 1262 ὲντο-

279 1291 348 1320 pure
359 1284 518 1312 observans.

1119 1285 1169 1321 λὴν
1185 1284 1313 1321 καθαρῶς
1329 1283 1459 1319 φυλάξας.

312 1339 369 1366 Vll.
387 1339 450 1367 Haec
471 1344 631 1375 argumenta
652 1348 686 1368 ex
700 1340 852 1375 Scripturis
877 1341 1021 1369 attulimus
1035 1340 1070 1368 ad

1155 1342 1192 1369 Z’.
1199 1341 1308 1373 Ταύτας
1318 1341 1347 1367 δὲ
1358 1340 1408 1372 τὰς
1418 1340 1544 1376 ἀφορμὰς
1559 1340 1591 1366 ἐκ
1601 1339 1654 1366 τῶν
1669 1337 1786 1374 Γραφῶν
1795 1338 1910 1373 ἠνέγκα-

280 1383 537 1416 demonstrandum,
550 1385 622 1419 quod
634 1386 723 1412 virtus
733 1386 828 1420 gratim
837 1385 936 1413 divinat
944 1386 1015 1414 inest
1022 1387 1072 1414 ho-

1123 1397 1184 1424 μεν,
1200 1388 1270 1424 πρὸς
1280 1387 1311 1414 τὸ
1329 1386 1480 1419 ἀποδεῖξαι,
1496 1387 1537 1412 ὅτι
1553 1386 1570 1420 ἡ
1583 1385 1629 1412 τοῦ
1649 1384 1717 1411 Θεοῦ
1728 1384 1779 1420 τῆς
1801 1382 1910 1419 χᾶριτος

281 1429 365 1462 mini;
378 1433 406 1456 et
419 1429 523 1456 donum
541 1430 660 1465 Spiritus
674 1431 772 1463 sancti,
786 1431 860 1466 quod
877 1431 966 1459 ﬁdelis
979 1432 1070 1459 anima

1121 1438 1150 1463 ὲν
1174 1435 1311 1471 ἀνθρώπῳ
1338 1433 1486 1468 γιγνομένη
1509 1433 1645 1468 ἐνέργεια,
1670 1433 1717 1459 καὶ
1733 1431 1764 1458 τδ
1785 1431 1909 1466 χάρισμα

281 1476 413 1510 consequi
429 1475 511 1511 digna
535 1481 674 1509 censetur,
688 1485 784 1511 magna
805 1485 867 1504 cum
883 1478 1069 1510 contentione,

1121 1482 1168 1509 τοῦ
1182 1481 1340 1516 Πνεύματος
1353 1479 1401 1506 τοῦ
1412 1480 1502 1514 ἁγίου,
1513 1479 1582 1513 ὅπερ
1598 1479 1614 1514 ὴ
1627 1478 1710 1513 πιστὴ
1721 1477 1794 1513 ψυχὴ
1803 1477 1909 1512 λαμὸά-

281 1521 428 1548 tolerantia
439 1522 533 1553 multa,
547 1522 689 1556 patientia,
705 1522 904 1550 tentationibus
915 1530 947 1550 ac
968 1523 1070 1558 proba-

1122 1535 1178 1554 νειν
1190 1525 1376 1559 καταξιοῦται,
1394 1525 1464 1560 μετὰ
1485 1523 1582 1551 πολλοῦ
1604 1523 1721 1557 ἀγῶνος,
1736 1523 1783 1550 καὶ
1804 1523 1908 1558 ὑπομο-

282 1566 405 1593 tionibus
419 1571 606 1601 comparatur.
629 1567 714 1594 libera
729 1568 789 1602 ejus
813 1568 955 1595 voluntate
979 1568 1098 1597 omni-(

1095 1568 1107 1597 Ζ
1125 1574 1175 1608 νῆς
1192 1572 1306 1607 πολλῆς,
1321 1572 1368 1598 καὶ
1384 1570 1588 1606 μακροθυμίας,
1610 1570 1659 1597 καὶ
1674 1570 1846 1605 πειρασμῶν,
1863 1569 1911 1596 καὶ

282 1610 335 1638 bus
346 1610 541 1638 aﬁlictionibus
553 1611 679 1646 probata.
690 1611 723 1638 Et
739 1611 773 1643 si,
790 1611 900 1646 quando
912 1619 944 1639 ea
959 1611 986 1638 in
996 1612 1070 1638 nulla

1123 1618 1289 1654 δοκιμασιῶν
1304 1617 1438 1651 γίγνεται,
1466 1617 1515 1651 τῆς
1537 1615 1710 1647 αὑτεξουσίου
1726 1614 1910 1650 προαιρέσεως

283 1665 313 1684 re
329 1656 461 1691 Spiritum
479 1656 633 1689 contristet,
648 1656 696 1684 sed
710 1657 804 1692 gratiae
817 1657 844 1684 in
857 1657 986 1684 omnibus
1000 1664 1069 1691 prae-

1124 1664 1168 1691 διὰ
1182 1664 1278 1691 πασῶν
1292 1663 1409 1698 θλίψεων
1420 1662 1649 1697 δοκιμαζομένης.
1664 1661 1719 1688 Καὶ
1735 1661 1804 1687 ἐπὰν
1819 1661 1848 1686 ἐν
1859 1668 1912 1694 μη-

283 1702 372 1736 ceptis
402 1707 546 1734 consonet,
572 1705 638 1729 tunc
661 1701 852 1730 liberationem
879 1702 913 1730 ab
942 1701 1072 1729 omnibus

1124 1709 1179 1736 δενὶ
1190 1710 1219 1735 τὸ
1236 1708 1348 1743 Πνεῦμα
1370 1708 1491 1744 λυπήσῃ,
1515 1707 1583 1734 ἀλλὰ
1602 1708 1634 1742 τῇ
1651 1707 1743 1742 χάριτι
1757 1705 1801 1732 διὰ
1816 1705 1911 1732 πασῶν

284 1747 478 1775 aﬁ‘ectionibus
493 1747 624 1782 consequi
636 1747 718 1783 digna
735 1751 890 1782 reputatur,
906 1748 1071 1783 plenamque

1125 1755 1240 1782 ἐντολῶν
1253 1754 1370 1788 γένηται
1385 1754 1541 1788 σύμφωνος,
1561 1752 1622 1779 τότε
1637 1752 1686 1786 τῆς
1702 1752 1734 1778 ὲκ
1748 1751 1802 1778 τῶν
1816 1750 1910 1776 παθῶν

283 1792 460 1826 adoptionem
475 1791 605 1827 δίιίτίῑυδι
623 1792 657 1819 de
672 1800 726 1827 qua
748 1792 776 1819 Ῐη
802 1793 933 1828 ῐηῐεῑετίο
957 1793 1071 1825 diali",
1125 1800 1283 1835 ἐλευθερίας
1292 1798 1385 1834 τυχεῖν
1395 1798 1583 1831 καταξιοῦται,
1597 1797 1644 1824 καὶ
1659 1796 1708 1831 τῆς
1717 1795 1852 1826 υἱοθεσίας
1864 1794 1910 1820 τοῦ

284 1837 395 1872 accipit,
415 1843 443 1865 et
460 1838 617 1872 spirituales
635 1838 745 1866 divitias
766 1846 800 1866 ac
824 1839 998 1874 sapientiam,
1011 1846 1072 1874 quae

1125 1845 1284 1881 Πνεύματος
1297 1844 1439 1880 πλήρωσιν
1455 1843 1601 1879 λαμὸάνει,
1622 1842 1670 1869 καὶ
1694 1843 1743 1877 τῆς
1764 1842 1792 1868 ὲν
1807 1850 1910 1877 μυστ-η-

284 1889 338 1908 non
347 1885 390 1908 est
403 1881 485 1916 hujus
494 1881 600 1914 mundi,
610 1882 658 1909 sed
677 1882 821 1917 cujus,qui
836 1890 904 1909 vere
921 1881 1071 1910 Christiani

1127 1892 1177 1928 ρίῳ
1189 1891 1369 1927 λαλουμένης,
1385 1891 1434 1917 καὶ
1455 1889 1503 1916 τοῦ
1519 1887 1708 1923 πνευματικοῦ
1723 1888 1849 1918 πλούτου,
1865 1886 1911 1913 καὶ

283 1930 359 1958 sunt,
376 1927 524 1962 participes
536 1932 608 1955 sunt.
635 1927 770 1960 Quocirca
793 1928 820 1955 hi
843 1928 877 1955 ab
902 1928 1070 1961 hominibus,

1124 1935 1175 1968 τῆς
1195 1934 1330 1966 συνέσεως
1343 1935 1391 1968 τῆς
1407 1933 1443 1969 μὴ
1468 1933 1551 1968 υῧσης
1571 1933 1617 1959 τοῦ
1639 1932 1742 1967 κόσμου
1756 1933 1862 1962 τούτου,
1877 1928 1911 1967 ἦς

284 1972 331 2006 qui
344 1973 426 2007 hujus
451 1973 547 2000 mundi
574 1973 702 2008 spiritum
726 1974 838 2006 habent,
860 1982 892 2001 ac
914 1974 1071 2009 prudentia,

1125 1981 1150 2006 οἱ
1162 1980 1246 2011 ὅντως
1257 1973 1334 2011 ὄντες
1350 1979 1510 2014 Χριστιανοὶ
1532 1979 1641 2013 μέτοχοι
1655 1977 1786 2012 γίνονται.
1805 1977 1851 2004 Διδ
1864 1977 1910 2003 καὶ

284 2018 439 2051 intellectu,
462 2025 490 2047 et
514 2019 650 2054 sapientia
675 2019 782 2055 praediti
813 2024 887 2052 sunt,
909 2028 958 2055 per
980 2020 1072 2048 omnia

1126 2024 1237 2051 πάντων
1269 2023 1421 2059 ἀνθρώπων
1446 2024 1501 2051 τῶν
1522 2024 1639 2058 ἐχόντων
1666 2024 1696 2050 τὺ
1727 2023 1774 2050 τοῦ
1807 2023 1911 2057 κόσμου

284 2062 426 2090 diﬁ‘erunt.

1125 2067 1245 2103 πνεῦμα,
1257 2067 1407 2103 φρονίμων,
1424 2067 1554 2101 συνετῶν,
1568 2067 1670 2103 σοφῶν,
1686 2063 1759 2095 οὗτοι
1770 2067 1810 2100 είς
1823 2067 1911 2094 πάντα

1125 2113 1311 2149 διαφέρουσιν.

320 2170 388 2198 Vill.
411 2170 565 2206 Siquidem,
584 2171 632 2206 qui
655 2171 814 2207 hujusmodi
828 2177 882 2203 est,
911 2180 1000 2199 omnes
1027 2173 1074 2199 ho-

1162 2171 1202 2197 H'.
1211 2171 1240 2197 '0
1249 2170 1369 2202 τοιοῦτος
1376 2170 1429 2206 γὰρ
1436 2170 1553 2203 πάντας
1564 2170 1739 2204 ἀνθρώπους
1748 2169 1909 2204 ἀνακρίνει,

284 2217 369 2244 mines
387 2217 556 2252 dijudicat",
585 2220 614 2243 ut
640 2217 774 2252 scriptum
801 2220 868 2243 est:
893 2217 970 2244 novit
999 2217 1073 2245 unde

1127 2216 1197 2243 κατὰ
1209 2216 1239 2243 τδ
1249 2217 1442 2252 γεγραμμένον
1451 2224 1458 2232 ·
1476 2216 1607 2250 γινώσκει
1617 2217 1732 2243 ἕκαστον
1747 2215 1828 2242 πόθεν
1838 2215 1912 2242 λαλεῖ

284 2262 401 2297 quisque
417 2262 556 2297 loquatur,
568 2261 650 2289 ctubi
663 2261 806 2294 consistat,
819 2267 847 2289 et
858 2262 886 2288 in
898 2262 999 2296 quibus
1010 2271 1072 2297 gra-
1089 2264 1100 2292 [

1095 2264 1110 2292 D
1124 2263 1172 2289 καὶ
1183 2262 1234 2289 ποῦ
1248 2262 1358 2299 ἕστηκε,
1372 2263 1419 2289 καὶ
1431 2263 1459 2289 ἐν
1477 2263 1564 2294 ποίοις
1575 2263 1684 2298 μέτροις
1696 2262 1780 2289 ἐστίν·
1791 2262 1872 2289 αὐτὸν
1883 2262 1911 2288 δὲ

285 2308 367 2335 dibus
383 2309 569 2335 constituatur
583 2316 589 2334 :
605 2308 695 2342 ipsum
712 2315 779 2334 vero
805 2307 898 2334 nullus
928 2307 1070 2335 hominum

1123 2309 1210 2341 οὐδεὶς
1224 2309 1377 2344 ἀνθρώπιον
1388 2309 1442 2339 τῶν
1454 2309 1572 2345 ἐχόντων
1582 2309 1612 2336 τὸ
1621 2308 1730 2344 πνεῦμα
1739 2308 1786 2336 τοῦ
1795 2309 1910 2343 κόσμου,

285 2354 444 2381 habentium
466 2353 592 2388 spiritum
613 2352 719 2385 mundi,
734 2360 902 2388 cognoscere
924 2358 953 2380 et
967 2353 1070 2390 dijudi-

1126 2355 1272 2389 γινώσκειν
1290 2355 1336 2382 καὶ
1352 2355 1509 2391 ἀνακρίνειν
1521 2355 1642 2387 δύναται,
1657 2355 1681 2381 εί
1703 2354 1740 2390 μὴ
1757 2354 1836 2389 μόνον
1850 2355 1865 2381 ὁ
1880 2355 1911 2381 τδ

284 2406 349 2426 care
363 2403 461 2433 potest,
477 2398 529 2426 nisi
545 2398 620 2425 solus
633 2398 665 2430 is,
677 2398 725 2433 qui
738 2398 855 2426 similem
872 2399 1012 2426 cmlestem
1029 2399 1072 2427 di—

1127 2401 1221 2435 ὅμοιον
1239 2401 1308 2436 ἔχων
1326 2401 1487 2436 ἐπουράνιον
1502 2402 1551 2436 τῆς
1566 2401 1692 2436 θεότητος
1704 2400 1818 2434 Πνεῦμα
1828 2399 1910 2434 γινώ-

284 2444 407 2471 vinitatis
424 2444 556 2478 Spiritum
572 2444 664 2475 habet,
682 2445 822 2479 cognoscit
838 2445 955 2472 similem
967 2466 974 2477 ,
987 2445 1072 2472 utin-

1126 2455 1185 2473 σκει
1201 2446 1247 2473 τὸν
1261 2446 1365 2481 ὅμοιον,
1394 2446 1432 2478 ὡς
1447 2447 1529 2481 φησὶν
1543 2447 1557 2473 ὁ
1579 2446 1756 2477 Ἀπόστολος’
1775 2448 1910 2479 Πνευμιι-

283 2490 346 2524 qdit
360 2489 506 2524 Apostolus
522 2497 528 2515 :
546 2488 733 2524 Spiritualibus
747 2494 930 2525 comparantes
945 2491 1073 2526 spiritua-

1125 2492 1218 2524 τικοῑς
1246 2491 1432 2525 πνευματικὰ
1463 2491 1698 2526 συγκρίνοντες·
1721 2490 1852 2525 ψυχικὸς
1876 2490 1911 2516 δὲ

286 2534 334 2560 lia.
346 2533 477 2561 Animalia
495 2539 583 2560 autem
602 2535 678 2560 homo
690 2543 742 2561 non
767 2535 859 2570 accipit
876 2543 918 2568 ea,
933 2543 992 2570 qua:
1010 2540 1070 2562 sunt

1122 2537 1278 2571 ἅνθρωπος
1288 2537 1324 2563 οὺ
1336 2535 1452 2570 δέχεται
1460 2537 1497 2564 τὰ
1508 2536 1560 2564 τοῦ
1573 2536 1746 2571 Πνεύματος
1757 2536 1810 2563 τοῦ
1822 2536 1907 2563 Θεοῦ·

284 2578 401 2613 Spiritus
423 2579 480 2611 Dei,
501 2580 629 2615 siquidem
643 2579 755 2606 stultitia
771 2581 811 2607 illi
833 2587 904 2614 sunt,
927 2590 974 2608 nec
989 2586 1071 2616 potest

1119 2583 1214 2617 μωρία
1220 2582 1275 2616 γὰρ
1284 2581 1364 2614 αὐτῷ
1369 2582 1465 2609 ἐστιν.
1473 2582 1504 2608 ’0
1511 2582 1545 2609 δὲ
1551 2581 1750 2616 πνευματικὸς
1755 2582 1909 2615 ἀνακρίνει

283 2632 450 2658 cognoscere.
472 2625 507 2652 At
531 2626 677 2660 spiritualis
693 2626 820 2661 dijudical
833 2628 937 2662 quidem
954 2628 1043 2654 omnia
1062 2636 1071 2654 :

1120 2629 1179 2663 μὲν
1191 2629 1299 2661 πάντα,
1323 2629 1414 2661 αὐτὸς
1431 2629 1466 2655 δὲ
1489 2629 1539 2656 ὑπ’
1561 2629 1688 2662 οὐδενὸς
1707 2628 1906 2662 ἀνακρίνεται.

285 2671 341 2705 ipse
355 2678 415 2697 vero
428 2680 443 2698 a
455 2672 559 2698 nemine
574 2672 736 2707 dijudicatur
744 2673 777 2699 ”.
799 2673 937 2708 Ejusmodi
955 2673 1002 2709 qui
1018 2678 1071 2706 est,

1128 2675 1158 2701 '0
1177 2675 1296 2707 τοιοῦτος
1311 2676 1400 2701 πάντα
1415 2675 1449 2702 τὰ
1459 2675 1504 2702 τοῦ
1521 2675 1625 2710 κόσμου
1637 2675 1788 2710 πράγματα
1801 2673 1906 2706 ἔνδοξα,

284 2722 381 2743 omnes
398 2717 491 2744 mundi
506 2725 550 2744 res
559 2718 704 2752 pretiosas,
716 2718 837 2752 divitias,
853 2719 957 2751 luxum,
972 2727 1003 2746 ac
1015 2727 1072 2746 om<

1124 2720 1248 2753 πλοῦτον,
1265 2721 1311 2748 καὶ
1330 2721 1445 2756 τρυφὴν,
1472 2721 1520 2747 καὶ
1539 2722 1629 2748 πᾶσαν
1649 2721 1810 2753 ἀπόλαυσιν,
1822 2720 1907 2755 αὐτήν

319 2827 341 2842 ”²
355 2827 427 2866 CQ";
442 2835 485 2866 X13
501 2828 533 2860 ις
558 2835 623 2866 Xth
640 2828 717 2866 5,46}
731 2837 807 2866 XVIJI,
822 2828 874 2866 i9;
901 2837 945 2862 xx,
968 2830 985 2858 εὶ
1015 2838 1072 2865 seq.
1089 2839 1153 2864 xxn,
1176 2831 1187 2858 -l
1216 2839 1275 2866 seq.
1328 2831 1351 2846 "
1366 2830 1434 2858 Gen.
1453 2833 1489 2863 ri,
1514 2830 1546 2863 7;
1567 2838 1614 2864 vn,
1637 2830 1668 2863 l;
1696 2822 1753 2863 vim,
1773 2830 1806 2862 l;
1829 2837 1864 2863 Ix,
1880 2830 1905 2858 ί.

285 2868 345 2896 seq.
383 2862 406 2879 θ’
419 2862 513 2892 LCor.
529 2871 557 2897 ιι,
576 2863 617 2890 15.
650 2864 868 2897 ν’ἱωᾶ.,14,15.
