2067 3149
142 134 195 166 537

754 126 938 157 HOMILUE.
953 138 987 144 -
1002 126 1096 157 ΗΟΜ.
1118 126 1168 156 IX.

1714 123 1767 153 538

142 197 172 215 τι
196 187 248 223 τὴν
277 185 390 221 γνῶσιν,
415 184 463 212 καὶ
491 183 582 210 πάντα
601 183 636 209 τὰ
661 181 708 209 τοῦ
725 182 821 213 αἰῶνος
835 180 929 207 τούτου

991 187 1046 206 rem
1070 180 1250 214 voluptatem,
1279 177 1365 213 ipsam
1389 184 1499 212 quoque
1515 175 1712 212 cognitionem,
1739 181 1769 204 et

142 232 274 270 βδελυκτὰ
290 233 409 268 ἡγεῖται,
424 230 472 257 καὶ
490 229 603 264 μισητά.

177 322 218 350 Θ’,
236 321 344 354 Ὠσπερ
364 317 419 352 γὰρ
441 317 455 343 ό
484 316 651 351 φλεγόμενος
674 315 721 342 καὶ
749 313 931 349 κατεχόμενος

145 364 267 400 πυρετῷ,
282 364 351 398 ὅπερ
365 361 398 388 ἂν
412 361 598 398 προσενέγκῃς
619 359 693 394 αὐτῴ
711 359 808 394 βρῶμα
822 359 839 394 ἦ
855 359 931 392 πόμα

145 411 255 446 ἥδιστον
269 408 442 444 βδελύσσεται
457 407 504 433 καὶ
526 405 685 438 ἀποὸἀλλει,
711 404 755 431 διὰ
777 404 807 430 τὸ
822 402 932 438 πυρετῷ

143 455 293 491 φλέγεσθαι
319 453 411 486 αὑτὸν,
435 454 482 479 καὶ
510 453 556 479 ὑπ’
572 452 654 478 αὐτοῦ
673 450 796 486 σφοδρῶς
810 451 931 485 ἐνεργεῖ-

148 500 209 527 σθαι
220 508 227 515 ·
244 498 290 525 τὸν
303 497 383 525 αὐτὸν
399 497 499 531 τρόπον
517 496 564 522 καὶ
578 496 603 521 οἱ
618 494 780 530 φλεγόμενοι
796 494 835 528 τῷ
849 494 932 520 ἐπου-

147 545 230 582 ρανίῳ
246 543 295 570 τοῦ
312 542 382 570 Πνεύ
388 551 472 577 ματος
487 540 552 576 ἱερῷ
568 541 615 567 καὶ
628 540 719 575 σεμνῷ
734 540 818 575 πόθῳ,
837 540 884 566 καὶ
894 539 933 574 τῷ

145 592 227 627 ἔρωτι
241 591 289 625 τῆς
311 589 423 623 ἀγάπης
438 587 483 614 τοῦ
496 586 565 614 Θεοῦ
594 587 644 621 τὴν
659 586 747 621 ψυχὴν
771 584 932 620 τρωθέντες,

147 637 193 664 καὶ
212 635 251 670 τῷ
275 635 340 670 θείῳ
356 634 404 660 καὶ
423 633 578 667 ἐπουρανίῳ
593 632 670 667 πυρὶ,
684 631 698 658 ό
713 632 727 658 ό
744 631 846 666 Κύριος
861 632 889 656 έν
899 631 932 665 τῇ

146 684 181 719 γῇ
193 680 259 718 ἦλθε
278 681 380 716 βαλεῖν,
397 679 445 706 καὶ
462 679 534 706 θέλει
547 680 575 705 ὲν
588 678 665 713 τάχει
685 678 848 713 ἀναφθῆναι,
867 685 934 711 σφο-

112 746 115 747 ν
146 729 217 764 δρῶς
228 726 430 762 ὲνεργούμενοι,
443 725 490 751 καὶ
502 724 676 758 ἐκκαιόμενοι
692 724 732 754 εἰς
748 724 793 750 τὸν
808 723 934 758 οὐράνιον

146 775 194 801 τοῦ
211 772 330 809 Χριστοῦ
356 772 450 803 πόθον,
470 771 507 802 ὼς
532 771 705 805 προείρηται,
725 769 815 795 πάντα
837 768 872 794 τὰ
887 767 933 794 τοῦ

147 819 245 850 αἰῶνος
266 817 359 850 ἔνδοξα
387 816 496 848 τούτου,
525 816 572 842 καὶ
610 815 699 850 τίμια,
725 813 867 848 ἀπόὸλητα
888 813 934 839 καὶ

983 225 1076 252 omnia
1090 232 1150 259 quas
1163 227 1228 251 sunt
1241 223 1323 258 hujus
1338 223 1430 250 smeuli
1441 242 1449 254 ,
1464 222 1633 250 exsecranda
1648 222 1726 250 ducit
1740 226 1770 250 et

985 271 1049 298 odio
1064 271 1157 305 digna.

1023 316 1068 344 IX.
1079 314 1314 348 Quemadmodum
1331 313 1405 340 enim
1423 313 1469 347 qui
1484 313 1592 340 ardenti
1608 312 1676 340 l‘ebri
1692 312 1770 339 tabo:

985 371 1038 397 rat,
1055 372 1248 401 quemcunque
1272 364 1298 391 ei
1320 363 1419 390 otl'eras
1434 361 1525 389 cibum
1546 365 1594 388 aut
1609 364 1714 395 potum,
1742 360 1771 387 id

985 412 1111 447 quamvis
1141 410 1348 441 suavissimum,
1368 408 1543 435 abominatur
1564 415 1597 434 ac
1615 407 1716 439 renuit,
1737 413 1774 432 eo

986 458 1058 493 quod
1084 457 1153 484 febri
1172 456 1357 483 inﬂammatus
1381 454 1415 481 ab
1438 461 1470 480 ea
1483 453 1563 480 valde
1585 457 1768 479 exerceatur:

984 503 1081 530 eodem
1097 501 1189 533 modo,
1199 500 1245 535 qui
1265 499 1385 534 Spiritus
1399 497 1521 526 coelestis
1533 501 1627 532 sancto
1639 504 1671 523 ac
1685 503 1774 523 vene-.

987 548 1067 576 rabili
1087 547 1225 574 desiderio
1239 545 1360 576 accensi,
1380 551 1475 571 amore
1495 542 1652 570 dilectionis
1671 541 1719 569 Dei
1742 542 1772 568 in

985 595 1076 622 anima
1098 594 1224 625 sauciati,
1251 600 1283 620 ac
1305 592 1398 619 divino
1422 589 1582 625 ctelestique
1601 590 1673 624 igne,
1689 596 1773 623 quem

987 640 1120 668 Dominus
1135 639 1162 666 in
1174 643 1274 667 terram
1290 638 1425 665 missurus
1439 635 1555 665 venit".
1568 635 1682 669 vultque
1697 634 1775 660 velo.

987 685 1056 711 citer
1074 683 1199 713 accendi,
1227 682 1405 710 vehementer
1431 679 1549 711 incitati;
1568 682 1650 713 atque
1667 677 1773 704 caelesti

987 729 1127 757 desiderio
1149 728 1251 756 Christi
1281 726 1391 755 accensi
1406 730 1480 757 sunt,
1496 725 1600 756 omnia,
1614 729 1644 750 ut
1669 722 1773 750 dictum

988 781 1041 808 est,
1059 783 1120 810 qua:
1131 774 1235 802 suntin
1252 774 1306 800 hoc
1323 772 1423 800 sreculo
1446 771 1576 806 przeclara
1590 777 1622 796 ac
1641 768 1775 803 pretiosa,

989 821 1157 856 repudianda
1171 825 1200 848 et
1215 819 1278 846 odio
1300 819 1382 853 digna
1399 820 1537 852 reputant,
1557 819 1670 850 propter
1684 815 1774 849 ignem

151 863 254 900 μισητά
265 863 428 897 λογίζονται,
443 861 488 887 διὰ
501 860 532 887 τὸ
549 859 599 895 τῆς
612 859 722 894 ἀγάπης
749 858 797 885 τοῦ
817 857 935 893 Χριστοῦ

991 865 1143 893 dilectionis
1153 863 1323 898 Christi,qui
1339 861 1512 896 constringit,
1533 859 1659 887 accendit
1680 865 1709 886 et
1732 860 1776 886 in-

148 909 214 945 πῦρ,
233 908 264 935 τὸ
280 907 390 942 συνέχον
404 907 452 933 καὶ
468 906 589 938 ὲκκαῖον,
606 904 653 931 καὶ
667 903 765 938 φλέγον
791 903 889 934 αὐτοὺς
903 903 935 937 τῇ

147 955 216 990 πρὸς
231 953 278 980 τὸν
289 953 355 979 Θεὸν
368 952 499 983 διαθέσει,
510 951 623 980 καὶτοῖς
638 948 811 984 ἐπουρανίοις
826 947 938 982 ἀγαθοῖς

148 1000 198 1035 τῆς
210 998 321 1034 ἀγάπης
332 1005 341 1013 ⁸
355 997 385 1030 ἐξ
397 995 429 1034 ἧς
441 997 552 1031 ἀγάπης
568 995 644 1023 οὐδὲν
655 995 710 1022 τῶν
725 995 906 1029 ἐπουρανίων,
920 993 937 1026 ἢ

148 1044 289 1078 ἐπιγείων,
298 1043 315 1078 ἢ
329 1042 517 1078 καταχθονίων
523 1042 639 1077 χωρίσαι
648 1041 791 1076 δυνήσεται
802 1039 914 1070 τούτους
928 1047 935 1054 ·

148 1089 239 1120 καθὼς
259 1089 273 1115 ό
294 1087 441 1117 ἀπόστολος
473 1085 649 1121 ἐμαρτύρησε
675 1085 790 1117 Παῦλος,
817 1085 859 1111 ὁτι
890 1084 938 1117 Τίς

149 1135 227 1169 ἡμᾶς
248 1134 368 1168 χωρίσει
381 1133 440 1160 ἀπὸ
457 1132 512 1167 τῆς
526 1131 644 1167 ἀγάπης
656 1131 709 1164 τοῦ
723 1130 853 1165 Χριστοῦ
865 1139 875 1163 ;
891 1131 938 1157 καὶ

152 1181 187 1208 τὰ
201 1179 273 1214 ἑξῆς.

184 1226 214 1252 1'.
229 1225 285 1260 Τὴν
316 1224 345 1250 δὲ
373 1223 469 1258 κτῆσιν
493 1222 544 1257 τῆς
572 1221 669 1249 ἑαυτοῦ
696 1221 796 1257 ψυχῆς,
827 1221 875 1248 καὶ
889 1220 939 1256 τῆς

151 1269 314 1304 ἐπουρανίου
334 1268 381 1295 τοῦ
410 1267 569 1303 Πνεύματος
592 1267 714 1302 ἀγάπης,
732 1267 782 1293 οὐκ
801 1266 938 1301 ἐνδέχεταί

151 1322 212 1341 τινα
226 1314 326 1350 εὑρεῖν,
341 1314 388 1340 ἐὰν
405 1313 441 1349 μὴ
457 1313 566 1340 πάντων
586 1313 642 1339 τῶν
662 1312 710 1339 τοῦ
728 1312 825 1344 αἰῶνος
842 1311 937 1337 τούτου

151 1360 247 1387 ἑαυτὸν
262 1359 460 1395 ἀλλοτριώσας,
479 1358 548 1394 πρὸς
563 1358 613 1393 τὴν
627 1358 742 1393 ζήτησιν
765 1357 813 1392 τῆς
827 1356 938 1391 ἀγάπης

150 1405 198 1432 τοῦ
213 1405 333 1441 Χριστοῦ
364 1404 461 1431 ἑαυτὸν
485 1403 579 1439 ὲπιδῷ,
596 1405 644 1430 καὶ
655 1403 751 1430 πασῶν
776 1402 877 1429 ὺλικῶν
893 1401 939 1428 καὶ

151 1451 352 1487 περισπασμῶν
369 1450 471 1484 γηΐνων
484 1451 497 1476 ό
512 1449 573 1481 νοῦς
585 1449 662 1480 ἐκτὸς
674 1449 798 1484 γένηται,
815 1448 860 1474 ἵνα
875 1447 940 1482 περὶ

151 1496 198 1522 τὸν
214 1496 263 1522 ἕνα
281 1495 381 1522 σκοπὸν
394 1494 453 1525 ὃλος
465 1493 769 1529 ἀσχοληθῆναιδυνηθῇ,
780 1492 825 1519 διὰ
841 1491 936 1518 πασῶν

152 1541 268 1568 ἐντολῶν
284 1540 372 1567 ταῦτα
391 1516 577 1571 κατέυθῑνων,
590 1516 634 1565 ἕνα
653 1516 940 1574 δλτγᾎέὲιλι
951 1516 974 1548 C

152 1588 170 1623 ἡ
186 1587 311 1622 ζήτησις,
331 1586 379 1612 καὶ
395 1586 409 1611 ό
437 1584 640 1620 περισπασμὸς,
654 1584 702 1610 καὶ
729 1584 746 1619 ἡ
764 1582 877 1618 ἀσχολία
891 1582 940 1616 τῆς

152 1633 241 1669 ψυχῆς
254 1632 319 1668 περὶ
332 1632 381 1667 τὴν
408 1631 523 1667 ἔρευναν
535 1629 586 1665 τῆς
613 1629 709 1665 νοερᾶς
724 1628 818 1660 οὐσίας
829 1625 857 1665 ᾖ,
881 1627 941 1659 πῶς

153 1679 238 1714 αὐτὴν
249 1677 424 1713 κοσμηθῆναι
439 1677 479 1702 δεῖ
490 1677 549 1707 ταῖς
562 1675 617 1702 τῶν
628 1675 733 1710 ἀρετῶν
752 1674 882 1707 ἐντολαῖς,
895 1673 942 1700 καὶ

153 1724 193 1759 τῷ
209 1723 362 1758 ἐπουρανίῳ
374 1723 422 1749 τοῦ
439 1721 596 1756 Πνεύματος
609 1721 716 1755 κόσμῳ,
734 1720 781 1746 καὶ
796 1721 828 1755 τῇ
845 1728 942 1746 κοινω-

153 1770 199 1806 νίᾳ
221 1770 272 1804 τῆς
294 1768 341 1796 τοῦ
361 1767 482 1804 Χριστοῦ
506 1766 693 1802 καθαρότητος
715 1766 762 1791 καὶ
793 1764 939 1799 ἁγιασμοῦ,

155 1815 200 1842 ενα
228 1823 271 1846 τις
293 1814 379 1841 πᾶσιν
405 1813 622 1847 ἀποταξάμενος,
650 1810 697 1837 καὶ
729 1810 818 1837 πάντα
844 1810 941 1838 ἑαυτοῦ

155 1860 308 1896 περικόψας
321 1859 355 1885 τὰ
370 1858 419 1893 τῆς
434 1857 501 1893 ὕλης
515 1858 563 1884 καὶ
575 1858 627 1892 γῆς
641 1856 767 1892 ἐμπόδια,
783 1857 830 1883 καὶ
844 1865 942 1892 σαρκι-

155 1891 207 1940 κῆξ
236 1891 359 1938 ἀγάπης,
427 1891 615 1936 προσπαθείας
636 1891 749 1936 γονέων,
773 1891 958 1936 ἢσυγγενῶν’

155 1948 233 1979 ἐκτὸς
258 1948 415 1982 γενόμενος,
445 1949 473 1974 ὲν
502 1947 598 1983 μηδενὶ
622 1948 709 1983 ὲτέρῳ
725 1948 891 1984 συγχωρήσῃ
905 1947 944 1983 τῷ

155 1992 253 2020 ἑαυτοῦ
281 1991 320 2027 νῷ
344 1992 538 2027 ἀσχοληθῆναι,
565 1991 582 2027 ἢ
606 1991 837 2028 περισπασθῆναι,
860 1991 943 2027 οἷονῆ

156 2037 268 2074 ἀρκῇιῆ
285 2037 359 2073 δόξῃ,
377 2038 508 2073 ἢτιμαῖς,
523 2038 539 2073 ἢ
555 2037 658 2072 φιλίαις
668 2039 812 2073 σαρκικαϊς
828 2038 942 2072 κόσμου,

157 2084 176 2120 ἢ
199 2084 308 2119 ἑτέραις
331 2084 387 2110 τισὶ
400 2083 525 2119 φροντίσι
544 2084 664 2119 γηῖναις,
679 2084 736 2111 ἀλλ’
751 2084 810 2115 ὅλος
829 2084 858 2117 ἐξ
881 2085 943 2111 ὅλου

159 2130 224 2164 περὶ
238 2130 287 2163 τὴν
304 2128 419 2164 ζήτησιν
430 2129 480 2164 τῆς
495 2129 591 2163 νοερᾶς
610 2129 704 2160 οὐσίας
720 2129 769 2164 τῆς
787 2129 876 2164 ψυχῆς
895 2129 944 2164 τὴν

988 909 1109 935 ﬂammat
1119 915 1167 935 eos
1183 907 1330 934 aﬂectione
1346 906 1406 937 Dei.
1420 910 1449 933 et
1462 905 1621 932 cmlestibus
1641 904 1721 930 bonis
1733 903 1777 930 di-

988 954 1126 982 lectionis.
1142 954 1165 981 Α
1177 960 1230 988 qua
1245 953 1356 987 quidem
1371 952 1452 983 nihil,
1469 952 1527 978 sive
1552 955 1704 982 terrenum,
1717 950 1775 976 sive

991 1001 1201 1029 subterraneum
1218 1000 1264 1032 sit,
1280 1007 1328 1027 eos
1353 998 1492 1033 separabit
1510 1006 1516 1023 :
1533 997 1605 1024 sicut
1635 996 1776 1030 apostolus

988 1051 1089 1078 Paulus
1104 1053 1233 1077 testatum
1251 1048 1327 1080 fecit,
1343 1047 1450 1074 scilicet
1471 1055 1478 1072 τ
1495 1046 1559 1078 Quia
1579 1054 1626 1072 nos
1641 1045 1776 1081 separabit

989 1105 1005 1123 a
1015 1096 1145 1123 charitate
1159 1094 1282 1123 Christi"
1296 1094 1308 1120 ?
1318 1097 1346 1121 et
1357 1100 1418 1128 quae
1437 1095 1601 1126 sequuntur.

1023 1227 1276 1256 X.Possessionem
1306 1232 1372 1252 vero
1397 1231 1453 1251 sum
1478 1223 1586 1254 animae,
1604 1225 1632 1249 et
1657 1221 1777 1256 Spiritus

989 1272 1109 1300 cmlestis
1121 1270 1276 1299 dilectionis
1292 1277 1345 1296 non
1368 1268 1503 1302 contingit
1521 1267 1676 1302 quempiam
1700 1267 1778 1293 inve-

989 1319 1061 1351 nire,
1074 1317 1126 1345 nisi
1146 1317 1181 1344 ab
1207 1316 1347 1345 omnibus,
1364 1322 1425 1348 quae
1443 1317 1508 1340 sunt
1531 1313 1613 1347 hujus
1630 1312 1733 1343 saeculi,
1747 1319 1777 1338 se

990 1362 1078 1397 ipsum
1092 1362 1241 1393 abstrahat,
1254 1365 1282 1388 et
1299 1359 1464 1394 indagationi
1477 1357 1616 1385 charitatis
1629 1357 1731 1384 Christi
1748 1364 1778 1383 se

993 1408 1081 1442 ipsum
1098 1406 1197 1438 tradat,
1223 1413 1255 1433 ac
1277 1404 1312 1432 ab
1337 1403 1467 1431 onmibus
1482 1402 1582 1429 crassis
1605 1406 1633 1429 et
1660 1402 1781 1429 terrenis

992 1452 1074 1480 rebus
1093 1459 1171 1479 mens
1192 1450 1288 1486 procul
1303 1450 1376 1477 absit
1391 1458 1398 1482 ;
1414 1453 1445 1476 ut
1463 1448 1538 1475 circa
1563 1455 1648 1474 unum
1665 1454 1778 1481 scopum

994 1503 1067 1525 totus
1080 1503 1204 1533 satagere
1214 1496 1310 1532 possit.
1322 1504 1371 1530 per
1382 1495 1474 1522 omnia
1488 1497 1625 1529 praecepla
1638 1494 1695 1521 hazc
1708 1493 1780 1520 bene

991 1545 1123 1579 dirigens,
1142 1547 1173 1571 ut
1196 1543 1285 1570 omnis
1314 1544 1391 1572 cura.
1411 1540 1564 1576 inquisitio,
1580 1539 1722 1567 distractio
1751 1543 1789 1574 et,

992 1590 1139 1625 occupatio
1154 1589 1253 1617 animae
1267 1588 1294 1616 in
1310 1587 1500 1623 investiganda
1520 1585 1699 1614 intellectuali
1712 1585 1779 1613 sub-

992 1637 1092 1664 stantia
1103 1636 1216 1667 haereat,
1230 1634 1369 1670 quomodo
1383 1641 1442 1661 eam
1460 1632 1553 1660 ornari
1567 1636 1694 1668 oporteat
1708 1639 1779 1666 pra:-

991 1683 1078 1717 ceptis
1091 1682 1234 1712 virtutum,
1247 1688 1279 1708 ac
1292 1680 1396 1708 cmlesti
1409 1679 1529 1714 Spiritus
1542 1684 1652 1710 ornatu,
1668 1682 1696 1705 et
1716 1685 1782 1712 par-

993 1727 1151 1762 ticipatione
1173 1726 1301 1761 puritatis
1316 1730 1344 1753 et
1367 1724 1594 1752 sanctiﬁcationis
1607 1724 1708 1752 Christi
1725 1732 1731 1750 :
1751 1729 1781 1750 ut

992 1773 1048 1809 36
1063 1773 1126 1808 quis
1149 1772 1278 1799 omnibus
1301 1771 1459 1798 valedicens
1482 1770 1629 1804 omniaque
1645 1777 1735 1796 crassa
1748 1777 1781 1796 ac

994 1824 1102 1846 terrena
1111 1818 1306 1853 impedimenta
1313 1824 1451 1848 resccans,
1458 1823 1490 1843 ac
1499 1815 1617 1843 carnalis
1624 1815 1785 1842 dilectionis

993 1869 1040 1892 aut
1065 1864 1220 1892 affectionis
1232 1871 1295 1899 erga
1305 1867 1432 1898 parentes
1442 1870 1474 1889 ac
1486 1867 1617 1897 cognatos
1627 1868 1726 1895 expers
1740 1860 1783 1886 fa-

994 1914 1064 1941 ctus,
1079 1909 1147 1937 nulli
1167 1909 1246 1937 alteri
1270 1909 1309 1936 rei
1324 1909 1457 1936 concedat
1474 1908 1593 1934 animam
1609 1914 1718 1939 vacare,
1733 1910 1781 1933 aut

994 1961 1026 1981 ca
1040 1954 1154 1981 distrahi
1173 1963 1179 1981 :
1194 1954 1271 1981 velut
1285 1957 1334 1980 aut
1348 1953 1480 1988 regnandi
1496 1951 1650 1986 cupiditati,
1660 1955 1707 1978 aut
1723 1951 1781 1986 glo-

995 2002 1053 2033 riae,
1069 2006 1117 2029 aut
1127 2002 1281 2030 honoribus
1298 2000 1485 2029 autamicitiis
1498 2000 1654 2028 carnalibus
1672 1999 1779 2030 mundi,

995 2052 1043 2074 aut
1059 2048 1122 2075 aliis
1145 2047 1311 2082 quibusdam
1326 2046 1401 2074 curis
1416 2046 1550 2080 terrenis;
1566 2045 1612 2073 sed
1630 2049 1704 2072 totus
1721 2053 1786 2072 om-

995 2092 1061 2120 nino
1085 2093 1114 2120 in
1132 2092 1286 2128 indaganda
1308 2091 1487 2118 intellectuali
1509 2091 1661 2118 substantia
1685 2090 1788 2117 animae

995 2145 1090 2165 curam
1104 2142 1132 2164 et
1146 2137 1267 2164 laborem
1284 2136 1391 2164 animus
1406 2136 1548 2170 suscipiat,
1558 2139 1586 2162 et
1598 2135 1625 2162 in
1637 2142 1685 2170 spe
1701 2140 1787 2170 atque

160 2175 294 2210 μέριμναν
313 2174 360 2200 καὶ
374 2173 468 2208 θλίψιν
483 2175 498 2201 ό
524 2174 586 2205 νοῦς
600 2174 733 2210 ἀναλάϐῃ,
751 2175 799 2202 καὶ
811 2176 844 2210 τῇ
857 2183 941 2210 προσ-

995 2183 1200 2218 exspectatione
1217 2182 1353 2210 adventus
1369 2182 1500 2216 Spiritus,
1513 2185 1589 2208 tolus
1603 2180 1716 2208 omnino
1736 2188 1790 2216 pa-

159 2219 236 2254 δοκία
253 2219 301 2245 καὶ
315 2220 438 2254 ἁναμονῇ
452 2219 502 2254 τῆς
510 2219 557 2245 τοῦ
570 2220 640 2246 Πνεύ
645 2229 729 2256 ματος
741 2221 940 2255 ὲπιφοιτήσεως

159 2263 218 2295 ilo;
230 2263 261 2296 ἐξ
276 2263 339 2290 ὅλου
355 2263 491 2299 ὑπομένῃ,
503 2263 595 2296 καθώς
607 2272 690 2298 φησιν
705 2265 719 2290 ὁ
728 2264 839 2299 Κύριος·
849 2265 898 2292 Ἑν
907 2264 944 2298 τῇ

158 2307 301 2343 ὑπομονῇ
315 2307 400 2343 ὑμῶν
413 2308 569 2341 κπήσασθε
582 2309 634 2342 τὰς
653 2310 756 2344 ψυχὰς
774 2309 858 2344 ὑμῶν
870 2317 878 2324 ·
899 2311 946 2337 καὶ

160 2354 251 2381 πάλιν·
264 2354 384 2388 lutei“
395 2353 452 2387 τὴν
461 2354 625 2386 ,ϐασιλείαν
634 2355 687 2382 τοῦ
695 2355 780 2388 Θεοῦ,
793 2355 842 2382 καί
854 2356 948 2382 ταῦτα

159 2398 259 2425 πάντα
275 2399 513 2433 προστεθήσεται
527 2400 608 2434 ὑμῖν.

195 2445 246 2472 lA'.
262 2445 373 2471 Γένοιτο
385 2444 426 2477 δὲ,
458 2445 502 2472 ἰνα
527 2444 599 2472 οὕτω
611 2454 654 2478 τις
675 2446 874 2481 ἀγωνιζόμενος
899 2447 946 2474 καὶ

159 2490 274 2517 πάντοτε
292 2491 434 2526 προσέχων
459 2491 559 2526 ἐαυτῷ,
586 2491 642 2518 εἴτε
659 2492 689 2518 ὲν
711 2492 830 2528 ὑπακοῇ,
850 2494 905 2519 εἴτε
917 2495 946 2520 ὲν

159 2536 233 2572 ἑργῳ
252 2536 402 2572 οἱῳδήποτε
413 2537 483 2564 κατά
493 2537 562 2564 θεὸν
576 2538 729 2573 γινομένῳ,
738 2539 768 2565 τὸ
782 2539 877 2572 σκότος
892 2540 946 2567 τῶν

160 2582 286 2617 πονηρῶν
302 2582 444 2618 δαιμόνων
463 2583 615 2618 ἀποφυγεῖν
638 2585 749 2621 δυνηθῇ.
775 2586 805 2612 '0
816 2586 870 2622 γὰρ
883 2586 946 2618 νοῦς

158 2627 208 2662 τῆς
223 2627 321 2654 ἑαυτοῦ
338 2628 462 2665 ἐρεύνης.
473 2629 521 2655 καὶ
534 2629 584 2664 τῆς
598 2630 666 2664 πρὸς
683 2631 785 2666 Κύριον
806 2631 945 2667 ζητήσεως

160 2673 238 2704 ἐκτὸς
260 2673 297 2708 μὴ
313 2674 465 2709 τινόμινος,
485 2674 534 2710 τὴν
557 2676 654 2702 ἑαυτοῦ
677 2677 766 2712 ψυχὴν
792 2678 945 2713 κτήσασθαι

160 2717 270 2745 δύναται
297 2718 379 2746 οὖσαν
392 2721 422 2747 ὲν
437 2721 561 2758 ἀπωλείᾳ
585 2723 688 2756 παθῶν,
705 2723 743 2759 τῷ
759 2724 825 2759 πρὸς
844 2726 945 2762 Κύριον

198 2807 220 2823 ⁵⁸
230 2807 298 2836 Luc.
310 2816 357 2843 xu,
372 2809 416 2838 49.
451 2810 474 2827 ’⁷
489 2810 570 2838 Rom.
583 2820 640 2845 vin,
652 2813 699 2841 55.
735 2812 759 2830 "
778 2813 845 2842 Luc.
865 2822 920 2848 xxx,
930 2815 975 2844 29.

994 2226 1065 2254 tiens
1078 2227 1114 2254 sit
1128 2235 1136 2252 :
1160 2227 1392 2262 quemadmodum
1410 2226 1448 2254 ait
1463 2226 1615 2254 Dominus:
1632 2225 1663 2253 In
1679 2227 1785 2259 patien-

995 2273 1031 2299 tt'a
1046 2277 1133 2299 vestra
1150 2273 1306 2308 possidentis
1322 2274 1426 2300 animus
1438 2276 1538 2300 vestras
1547 2272 1579 2298 ’“.
1594 2271 1628 2298 Ει
1649 2280 1756 2298 rursum
1775 2280 1787 2298 :

996 2317 1112 2351 Quarite
1140 2319 1254 2354 primum
1281 2326 1390 2354 regnum
1414 2318 1473 2351 Dei,
1492 2322 1517 2345 et
1534 2319 1588 2345 haec
1609 2318 1698 2343 ancilia
1716 2317 1786 2351 adji-

996 2364 1098 2390 ciantur
1114 2364 1183 2390 vobis
1189 2364 1226 2391 θ’,

1030 2459 1078 2486 X1.
1091 2459 1164 2487 Fieri
1181 2464 1273 2487 autem
1291 2464 1392 2495 potest,
1403 2464 1433 2487 nt
1446 2461 1508 2495 quis
1522 2461 1562 2488 sic
1580 2460 1734 2493 decertans,
1758 2465 1790 2488 et

995 2502 1128 2529 continuo
1151 2503 1204 2529 sibi
1222 2504 1385 2535 attendens.
1401 2505 1460 2531 sive
1482 2505 1510 2531 in
1526 2505 1664 2540 precibus,
1685 2506 1744 2532 sive
1759 2505 1800 2534 in.

995 2548 1137 2582 obsequio,
1150 2548 1208 2575 sive
1223 2549 1251 2576 in
1264 2557 1346 2583 opere
1357 2557 1522 2585 quocunque
1538 2550 1688 2578 secundum
1701 2551 1790 2578 Deum

998 2593 1179 2628 perﬁciendo,
1196 2594 1324 2622 tenebras
1340 2595 1539 2623 malitiosorum
1554 2596 1708 2623 daemonum
1718 2597 1790 2624 cﬂ‘u-

999 2647 1063 2674 gere
1078 2639 1174 2674 possit.
1190 2640 1305 2668 Animus
1331 2642 1419 2675 enim,
1435 2642 1482 2676 qui
1506 2651 1520 2669 a
1536 2643 1580 2670 sui
1594 2643 1793 2678 persecutione

999 2688 1027 2711 et
1041 2684 1215 2719 iudagatione
1237 2686 1344 2714 Domini
1366 2695 1421 2714 non
1443 2687 1562 2720 desistit,
1580 2689 1697 2715 animam
1709 2697 1792 2716 suam

999 2730 1140 2764 possidere
1149 2736 1249 2766 potest,
1259 2740 1319 2767 qua
1331 2733 1414 2760 animi
1426 2737 1516 2761 motus
1528 2734 1694 2769 pedetentim
1706 2735 1787 2763 amit-

1013 2815 1039 2832 "
1051 2817 1145 2846 Matth.
1160 2825 1198 2851 γι,
1215 2819 1260 2846 55.
