2067 3149
307 145 361 177 539

944 144 974 173 S.
995 143 1156 174 MACARII
1176 144 1339 177 IEGYPTII

1892 154 1944 186 540

308 202 351 230 tit.
367 200 433 227 dum
447 205 477 227 se
490 198 580 234 ipsum
595 197 731 224 violenter
745 203 855 232 semper
871 201 953 232 atque
975 201 1097 233 prompte

1156 200 1200 226 ἀεὶ
1221 200 1267 236 βίᾳ
1293 201 1341 228 καὶ
1370 201 1512 237 προθυμίᾳ
1533 201 1748 238 αίχμαλωτὶξειν
1772 206 1877 240 ἑαυτὸν,
1899 211 1945 235 καὶ

307 247 448 282 captivum
471 244 547 272 ducit
572 243 605 271 ad
632 243 790 274 Dominum,
807 247 836 269 et
852 242 890 269 illi
907 243 958 270 soli
979 243 1102 270 adhaeret

308 298 339 320 ut
353 293 458 320 dictum
476 295 518 318 est
537 290 698 325 :Captivam
729 289 851 315 ducentes
873 297 978 315 omnem
999 290 1102 324 cogita-

307 343 405 364 tionem
428 341 452 363 et
467 335 639 363 obedientium
659 335 783 362 Christo'
801 343 806 361 :
823 339 851 361 ut
875 342 924 368 per
942 334 1100 368 hujusntodi

306 389 456 414 certamen,
472 381 642 408 desiderium
656 385 684 408 et
703 380 908 415 indagationem
920 387 1000 406 mens
1017 379 1099 414 digna

308 427 449 459 reddatur,
464 435 525 461 qua:
539 426 576 454 sit
592 433 655 453 cum
672 426 788 453 Domino
812 425 840 452 in
860 433 945 452 unum
967 425 1100 460 Spiritum

307 473 372 500 doni
386 479 414 500 et
427 473 521 508 gratia:
531 472 648 503 Christi,
666 471 844 506 requiescens
867 471 895 497 in
907 479 972 499 vase
991 471 1099 503 animae,

307 519 341 546 ad
355 526 438 546 omne
453 519 558 545 bonum
572 525 632 545 eam
646 517 819 549 adornantis,
836 524 888 544 nec
909 517 964 543 ulla
979 516 1100 544 allicien-

307 565 343 592 tis
357 564 523 592 contumelia
547 563 681 598 Spiritum
706 563 827 595 Domini,
851 571 907 590 sua:
928 563 1036 590 libidini
1052 563 1101 590 ob-

307 610 499 645 temperando,
526 614 609 644 atque
635 609 719 644 hujus
749 608 840 636 saeculi
872 609 1100 643 occupationibus

307 662 356 684 aut
392 657 564 688 honoribus,
591 661 640 683 aut
669 656 871 691 dignitatibus,
902 661 951 682 aut
978 656 1099 690 propriis

307 703 496 738 opinionibus,
512 707 560 729 aut
573 702 732 729 carnalibus
753 701 956 736 voluptatibus,
982 705 1029 727 aut
1047 701 1099 728 im-

306 749 455 782 proborum
488 748 633 775 hominum
666 747 803 775 sodalitiis
837 751 866 774 et
890 746 1013 782 collegiis
1047 746 1098 774 ad-

306 793 445 821 haerendo.

341 837 398 866 Xll.
413 839 539 866 Amabile
552 839 627 866 enim
643 842 686 866 est
702 837 845 873 quidpiam
861 836 965 869 anima,
979 844 1041 871 qua
1055 840 1096 864 to-

307 890 333 912 ta
345 885 458 913 omnino
481 885 599 920 seipsam
614 883 734 912 Domino
748 891 924 914 consecrans,
934 882 1029 917 illique
1045 883 1096 910 soli
1110 874 1134 903 Β

305 932 461 963 adhzerens,
490 931 518 958 in
541 931 602 966 ejus
631 929 768 957 mandatis
800 929 860 956 sine
882 928 937 956 ulla
959 929 1098 956 oblivione

304 977 458 1010 ambulans,
474 982 557 1012 atque
571 977 706 1012 Spiritum
717 977 832 1010 {Christi
849 977 1052 1010 advenientem,
1070 982 1099 1004 et

304 1024 516 1050 obnmbrantem
530 1028 691 1051 reverenter
706 1024 847 1051 honorans
865 1023 946 1058 digna
968 1023 1096 1056 habetur,

305 1075 336 1097 ut
359 1077 421 1096 cutn
447 1070 507 1104 ipso
529 1078 602 1097 unus
627 1070 753 1104 spiritus,
781 1074 809 1097 et
839 1077 894 1096 una
924 1077 1014 1097 massa
1039 1069 1096 1097 fiat.

305 1116 383 1144 Sicut
398 1116 645 1150 inquitApostolus
661 1125 668 1142 ε
683 1115 733 1148 Qui
748 1116 864 1143 adhwret
887 1115 1010 1147 Domino,
1028 1124 1098 1142 unus

305 1161 415 1196 spiritus
431 1162 501 1186 αι’.
527 1159 554 1186 Si
581 1167 648 1186 vero
666 1160 729 1194 quis
754 1160 874 1194 seipsum
905 1160 995 1187 tradat
1011 1160 1097 1193 curis,

305 1212 353 1234 aut
366 1207 470 1242 gloriae,
489 1210 537 1234 aut
553 1206 747 1241 dignitatibus,
769 1211 817 1234 aut
840 1207 977 1234 honorum
998 1207 1098 1234 burna-

305 1261 404 1281 norum
423 1261 518 1280 curam
534 1253 644 1284 habeat,
661 1257 689 1280 et
706 1252 763 1280 hmc
779 1252 901 1281 studiose
920 1257 1025 1288 quaerat
1037 1262 1044 1280 :
1058 1253 1098 1280 si-

305 1307 358 1334 que
374 1299 465 1326 anima
480 1299 540 1334 ejus
562 1298 682 1326 terrenis
693 1297 908 1333 cogitationibus
920 1299 1099 1326 commiscea-

304 1351 350 1372 tur
360 1350 407 1372 aut
418 1345 614 1376 confundatur,
629 1348 678 1371 aut
693 1344 732 1371 rei
745 1343 829 1370 alicui
844 1344 926 1379 hujus
943 1345 1036 1372 smculi
1049 1344 1098 1371 de-

303 1391 362 1417 dita
378 1391 414 1417 sit
427 1398 459 1417 ac
483 1390 616 1417 obstricta
639 1394 777 1422 teneatur,
793 1389 987 1425 desideretque
1002 1390 1098 1424 hujus-

304 1436 380 1462 Inodi
394 1436 485 1462 anima
500 1435 648 1466 transilire,
665 1434 787 1469 effugere
802 1439 885 1468 atque
903 1435 1042 1469 expellere
1057 1439 1097 1462 le-

304 1481 407 1509 nebras
418 1480 608 1511 all‘ectionum,
625 1481 652 1507 in
668 1480 770 1515 quibus
788 1480 930 1507 detinetur
945 1489 959 1506 a
979 1480 1098 1508 malitio-

304 1527 344 1554 sis
357 1527 557 1562 potestatibus,
575 1534 629 1552 non
643 1530 734 1560 potest
746 1535 753 1559 ;
765 1534 799 1553 eo
813 1526 886 1561 quod
902 1526 998 1561 diligat
1013 1534 1045 1553 ac
1055 1527 1095 1554 fa-

1153 246 1227 281 αὺτῷ
1241 247 1315 282 μόνῳ
1329 247 1565 282 προσκαλλᾶσθαι,
1588 248 1681 280 καθὼς
1695 251 1819 286 εἴρηταιν
1836 254 1947 289 Alum-

1151 291 1327 324 λωτίζόντες
1355 291 1417 318 πᾶν
1449 293 1548 327 νόημα
1573 294 1618 327 εις
1642 294 1700 329 τὴν
1725 297 1867 331 ὑπακοὴν
1891 301 1944 328 τοῦ

1152 337 1298 371 Χριστοῦ·
1314 337 1388 369 ὅπως
1405 337 1449 363 διὰ
1463 337 1510 364 τοῦ
1533 339 1655 366 τοιούτου
1679 341 1796 375 ἀγῶνος,
1828 345 1874 370 καὶ
1902 346 1946 372 πό-

1153 383 1212 414 ϐου,
1227 382 1275 410 καὶ
1317 383 1459 418 ζητήσεως
1500 385 1515 411 ὁ
1551 386 1614 418 νοῦς
1641 388 1797 425 καταξιωοῇ
1820 391 1944 424 γενέσθαι

1154 429 1228 464 μετά
1257 428 1305 456 τοῦ
1335 430 1440 464 Κυρίου
1474 431 1514 462 είς
1547 430 1577 458 ἓν
1612 432 1721 468 πνεῦμα
1753 435 1803 470 τῆς
1841 436 1944 472 δωρεᾶς

1151 480 1199 502 καὶ
1226 476 1338 511 χάριτος
1370 476 1419 503 τοῦ
1443 477 1575 512 Χριστοῦ,
1597 478 1828 516 ἀναπαυσάμενος
1854 483 1883 509 ἐν
1905 484 1944 519 τῷ

1151 522 1255 556 ἀγγείῳ
1275 522 1324 557 τῆς
1351 521 1453 557 ψυχῆς,
1472 524 1511 555 είς
1531 525 1586 551 πᾶν
1617 524 1698 559 ἔργον
1723 526 1827 560 ἀγαθὸν
1843 537 1943 563 προευ-

1150 568 1354 604 τρεπισαμένης
1371 569 1469 603 αὐτῆς,
1489 571 1537 596 καὶ
1553 571 1603 598 οὐκ
1623 572 1820 608 ἐνυϐριξούσης
1844 573 1874 600 τὺ
1896 574 1943 601 τοῦ

1150 614 1255 647 Κυρίου
1274 613 1387 649 Πνεῦμα
1415 615 1443 641 ἐν
1459 616 1515 647 τοῖς
1535 616 1612 649 ίδίοις
1639 617 1788 653 θελήμασι,
1816 619 1864 646 καὶ
1885 621 1942 652 τοῖς

1150 658 1198 684 τοῦ
1217 658 1316 689 αἰῶνος
1332 659 1428 686 τούτου
1446 661 1628 697 ῥεμὸασμοῖς,
1649 663 1666 699 ἦ
1691 663 1824 699 δόξαις,ὴ
1843 665 1942 700 ἀρχαῖς

1149 704 1166 739 ἦ
1183 704 1437 739 ξδιογνωμοσὺναις,
1459 705 1475 741 ἦ
1502 707 1610 741 ἡδοναῐς
1628 710 1784 743 σαρκικαῖς,
1811 710 1859 736 καὶ
1886 710 1941 737 τῶν

1150 749 1277 784 πονηρῶν
1290 750 1445 786 ἀνθρώπων
1462 752 1651 788 συνδυασμοῖς,
1668 754 1715 780 καὶ
1730 755 1894 786 κοινωνίαις.

1185 837 1236 866 1Β’.
1266 838 1422 874 ’Δγαπητδν
1435 839 1490 874 γὰρ
1511 840 1559 866 ἐὰν
1581 840 1629 875 ὅλη
1655 841 1684 875 ἐξ
1710 842 1773 869 ὅλου
1787 842 1889 878 ἑαυτὴν
1901 844 1940 880 τῷ

1151 883 1246 919 Κυρίῳ
1264 884 1406 917 ἀναθεῖσα,
1426 885 1473 912 καὶ
1492 885 1568 920 αὐτῷ
1594 886 1667 921 μόνῳ
1697 888 1938 924 προσκολλωμένη,

1151 930 1198 956 καὶ
1214 931 1276 962 ταῖς
1289 931 1411 962 ἐντολαῖς
1422 931 1505 957 αὑτοῦ
1518 931 1707 967 ἀνεπιλήστως
1723 933 1939 969 ἐνδιατρίσουσα,

1149 976 1245 1002 καὶτὸ
1270 976 1451 1010 ὲπιφοιτῆσαν
1479 977 1527 1003 καὶ
1562 978 1726 1005 ὲπισκιάσσιν
1748 979 1796 1005 τοῦ
1819 980 1939 1014 Χριστοῦ

1151 1021 1263 1056 Πνεῦμα
1276 1021 1361 1054 ἀξίως
1384 1023 1535 1058 τιμήσασα,
1552 1023 1706 1060 καταξιωθῇ
1728 1025 1786 1059 μετ’
1802 1025 1884 1051 αὑτοῦ
1899 1026 1940 1058 είς

1149 1067 1178 1094 ἓν
1195 1067 1303 1103 πνεῦμα
1321 1069 1369 1095 καὶ
1385 1068 1452 1103 μίαν
1474 1070 1574 1103 κρᾶσιν
1593 1069 1730 1104 γενέσθαι,
1751 1070 1842 1103 καθώς
1857 1079 1941 1107 φησιν

1149 1115 1163 1140 ὁ
1180 1113 1351 1145 Ἀπόστολος·
1360 1115 1386 1140 ’0
1396 1114 1588 1149 κολλώμενος
1607 1115 1647 1147 τῷ
1657 1116 1766 1150 Κυρίῳ,
1776 1116 1811 1143 ἒν
1821 1118 1940 1152 πνεῦμά

1149 1160 1246 1187 ἐστιν.
1267 1161 1332 1187 Ἐἀν
1349 1160 1377 1187 δέ
1390 1169 1432 1192 τις
1449 1161 1519 1196 ἐκδῷ
1533 1161 1628 1188 ἑαυτὸν
1642 1163 1681 1194 είς
1697 1163 1843 1198 μέριμναν,
1865 1164 1882 1199 ἢ
1896 1164 1940 1190 δό-

1152 1203 1209 1236 ξαν,
1227 1203 1244 1238 ἢ
1263 1203 1363 1239 ἀρχὴν,
1381 1203 1397 1239 ἧ
1415 1205 1504 1240 τιμῶν
1523 1205 1702 1240 ἀνθρωπίνων
1719 1207 1938 1243 ἑπιμελήσηται,

1149 1250 1197 1277 καὶ
1210 1249 1297 1277 ταῦτα
1314 1251 1445 1287 ὲπιζητῇ,
1459 1251 1505 1278 καὶ
1520 1253 1549 1278 ὲν
1568 1253 1673 1288 γηϊνοις
1686 1253 1828 1289 λογισμοῖς
1840 1254 1939 1289 ἡψυχὴ

1149 1296 1323 1332 ἀναφύρηται
1348 1297 1396 1324 καὶ
1424 1299 1585 1333 συγκέηται,
1604 1298 1620 1334 ἤ
1638 1299 1667 1326 ἐν
1690 1308 1744 1326 τινι
1772 1299 1818 1326 τοῦ
1842 1301 1940 1333 αἰῶνος

1152 1342 1248 1368 τούτου
1261 1342 1370 1377 δέδηται
1386 1343 1433 1369 καὶ
1445 1344 1625 1379 κεκράτηται,
1641 1345 1689 1371 καὶ
1704 1345 1775 1381 ποθῇ
1792 1346 1808 1380 ὴ
1826 1346 1938 1381 τοιαύτη

1149 1388 1224 1423 ψυχὴ
1239 1388 1406 1423 διαπερᾶσαι
1428 1389 1477 1415 καὶ
1497 1391 1603 1424 φυγεῖν,
1621 1391 1668 1417 καὶ
1683 1390 1810 1424 ἐξελάσαι
1826 1392 1855 1418 τὸ
1874 1392 1938 1418 σκό-

1148 1441 1195 1465 τος
1212 1433 1267 1460 τῶν
1281 1433 1388 1467 παθῶν,
1411 1435 1451 1465 εἰς
1463 1434 1477 1460 ὃ
1492 1435 1640 1470 κατέχεται
1666 1436 1719 1462 ὑπὸ
1731 1436 1785 1462 τῶν
1811 1437 1940 1471 πονηρῶν

1149 1479 1302 1511 δυνάμεων,
1330 1479 1361 1506 οὐ
1384 1480 1510 1514 δύναται,
1536 1481 1580 1508 διὰ
1599 1481 1630 1508 τὸ
1649 1482 1772 1518 ἀγαπᾷν,
1789 1483 1836 1509 καὶ
1851 1484 1940 1510 ποιεῖν

1149 1525 1179 1552 τὸ
1190 1525 1298 1560 θέλημα
1315 1526 1362 1553 τοῦ
1388 1527 1512 1559 σκότους,
1538 1527 1585 1554 καὶ
1609 1527 1721 1560 τελείως
1735 1528 1774 1563 μὴ
1791 1529 1879 1564 μισεῖν
1904 1528 1940 1555 τά

304 1573 360 1600 ciat
374 1572 544 1599 voluntatem
562 1571 752 1604 tenebrarum,
767 1579 820 1600 nec
829 1572 939 1607 capitali
954 1572 1019 1600 odio
1031 1580 1093 1607 per-

1148 1571 1356 1606 ἐπιτηδεύματα
1374 1574 1424 1608 τῆς
1440 1573 1552 1604 κακίας.

304 1623 438 1653 sequatur
450 1617 542 1644 studia
560 1617 681 1645 malitiae.

339 1663 411 1691 Xlll.
443 1664 632 1698 Praeparemus
666 1663 751 1698 igitur
777 1670 830 1690 nos
854 1662 940 1698 ipsos,
965 1668 996 1691 ut
1019 1663 1094 1691 omni

304 1709 525 1745 promptitudine
542 1717 574 1736 ac
599 1713 655 1736 tota
680 1709 823 1736 voluntate
838 1709 872 1737 ad
888 1710 1033 1737 Dominum
1049 1718 1095 1737 ac-

305 1755 445 1786 cedamus,
461 1760 489 1782 et
505 1754 607 1783 Christi
629 1755 806 1783 atl‘cctatores
834 1756 944 1788 fiamus,
963 1755 997 1783 ad
1014 1756 1096 1791 perﬁ-

305 1801 431 1828 ciendam
444 1801 616 1828 voluntatem
638 1801 718 1836 ejus;
732 1805 761 1828 et
773 1801 953 1828 recordemur
971 1802 1094 1829 omnium

305 1846 498 1874 mandatorum
512 1846 584 1881 ejus,
607 1846 703 1874 eadem
723 1850 754 1873 ut
770 1846 923 1879 faciamus;
939 1851 1022 1881 atque
1044 1854 1096 1874 nos

304 1893 379 1928 ipsos
392 1892 502 1927 penitus
514 1900 529 1919 a
544 1892 694 1920 dilectione
710 1892 807 1919 mundi
819 1897 978 1927 separantes
993 1891 1020 1919 in
1031 1899 1094 1919 eum

303 1939 394 1966 solum
409 1939 516 1966 animas
529 1943 638 1966 nostras
650 1942 801 1971 vertamus,
813 1944 842 1965 et.
853 1937 986 1971 studium,
1000 1946 1094 1965 curam

303 1992 336 2012 ac
355 1984 594 2020 investigationem
611 1985 671 2020 ejus
683 1985 770 2012 solius
783 1985 811 2012 in
825 1989 916 2011 tuente
933 1984 1093 2012 habeamus.

303 2031 338 2058 Et
350 2031 415 2058 licet
427 2035 540 2066 propter
561 2039 663 2066 corpus
679 2031 868 2058 observationi
890 2031 1093 2063 mandatorum,

303 2082 332 2105 et
345 2077 480 2112 obsequio
503 2077 597 2104 divino
617 2077 710 2104 minus
724 2077 874 2112 diligenter
893 2076 1093 2109 vacaverimus,

304 2131 383 2151 ntens
399 2128 489 2150 tamen
505 2131 520 2150 a
539 2123 687 2150 dilectione
713 2123 834 2154 Domini,
857 2127 886 2151 et
908 2122 1093 2156 indagatione,

303 2177 336 2197 ac
357 2169 496 2196 desiderio
517 2169 577 2203 ejus
602 2176 657 2195 non
682 2172 823 2195 avertatur
845 2176 852 2194 :
878 2171 905 2194 at
935 2166 1093 2202 hujusmodi

1183 1658 1231 1687 ll".
1262 1658 1470 1695 Ἐτοιμάσωμεν
1491 1658 1538 1687 οὖν
1565 1662 1678 1693 ἑαυτοὺς
1696 1662 1744 1698 ὅλῃ
1769 1663 1939 1699 προαιρέσει,

1147 1704 1195 1730 καλ⁷
1212 1704 1266 1740 ὅλῳ
1290 1705 1424 1740 θελήματι
1455 1707 1524 1742 πρὸς
1552 1707 1656 1743 Κύριον
1680 1708 1856 1743 πορεύεσθαι,
1891 1709 1939 1736 καὶ

1147 1750 1267 1786 Χριστοῦ
1298 1751 1441 1777 ἀκόλουθοι
1466 1751 1601 1785 γίνεσθαι,
1619 1752 1660 1784 είς
1674 1752 1705 1779 τὸ
1733 1753 1767 1780 τὰ
1797 1754 1939 1789 θελήματα

1146 1797 1229 1823 αὑτοῦ
1245 1797 1390 1830 ἐπιτελεῖν,
1406 1799 1455 1824 καὶ
1467 1798 1625 1833 μεμνῆσθαι
1648 1799 1743 1826 πασῶν
1757 1800 1811 1826 τῶν
1823 1801 1939 1827 ὲντολῶν

1146 1843 1229 1870 αὑτοῦ
1249 1844 1297 1870 τοῦ
1320 1844 1434 1879 ποιῆσαι
1463 1845 1558 1876 αὑτὰς,
1585 1845 1632 1871 καὶ
1652 1845 1729 1877 ὅλους
1755 1847 1868 1878 ἑαυτοὺς
1884 1848 1939 1874 ἀπὸ

1141 1890 1196 1925 »τῆς
1211 1890 1323 1925 ἀγάπης
1351 1891 1398 1917 τοῦ
1430 1890 1534 1925 κόσμου
1559 1892 1738 1927 χωρίσαντες,
1766 1893 1841 1929 αὐτῷ
1865 1893 1939 1929 μόνῳ

1146 1935 1196 1967 τὰς
1210 1936 1314 1963 ἑαυτῶν
1331 1935 1421 1971 ψυχὰς
1441 1937 1654 1972 ἀναρτήσωμεν,
1677 1939 1725 1964 καὶ
1739 1938 1789 1974 τὴν
1810 1939 1938 1974 ἀσχολίαν

1146 1981 1194 2008 καὶ
1216 1982 1352 2017 μέριμναν
1365 1983 1412 2008 καὶ
1429 1982 1545 2018 ζήτησιν
1565 1983 1648 2010 αὑτοῦ
1671 1984 1754 2018 μόνου
1770 1985 1799 2011 ὲν
1812 1985 1850 2020 νῷ
1868 1985 1938 2020 ἐχω-

1148 2036 1207 2062 μεν.
1224 2028 1255 2054 Εἰ
1274 2027 1302 2054 δὲ
1318 2028 1365 2054 καὶ
1380 2028 1424 2054 διὰ
1436 2021 1482 2054 τοῦ
1498 2029 1635 2064 σώματος,
1656 2031 1696 2062 εις
1717 2031 1847 2066 ἀσχολίαν
1864 2034 1939 2058 ἐντο-

1145 2073 1209 2101 λῶν.
1232 2073 1280 2099 καὶ
1301 2073 1345 2100 διὰ
1363 2073 1430 2101 Θεὸν
1450 2075 1585 2110 ὑπακοὴν,
1605 2075 1696 2110 ὀλίγον
1720 2076 1936 2112 ἀσχοληθῶμεν,

1144 2120 1159 2145 ὁ
1174 2118 1236 2151 νοῦς
1248 2120 1298 2154 τῆς
1310 2120 1378 2155 πρὸς
1401 2119 1504 2156 Κύριον
1533 2121 1644 2156 ἀγάπης
1659 2122 1706 2148 καὶ
1726 2121 1867 2157 ζητήσεως
1889 2123 1938 2149 καὶ

1146 2164 1229 2191 πόθου
1245 2165 1282 2200 μὴ
1305 2165 1464 2201 χωριζέσθω
1477 2175 1483 2182 ⁴
1501 2167 1576 2199 ὅπως
1604 2167 1718 2203 τοιούτῳ
1743 2168 1784 2194 νοῒ
1804 2169 1937 2202 ἀγωνιζό-

303 2220 397 2242 mente
415 2215 601 2246 decertantes,
618 2221 650 2240 ac
676 2217 754 2240 recto
779 2220 862 2240 senso
885 2212 958 2239 viam
980 2211 1094 2247 justitiaa

1149 2220 1234 2245 μενοι,
1247 2212 1294 2239 καὶ
1305 2212 1379 2248 ὀρθῷ
1393 2213 1548 2248 φρονήματι
1561 2213 1611 2248 τὴν
1622 2213 1681 2240 ὁδὸν
1695 2214 1744 2249 τῆς
1763 2215 1939 2250 δικαιοσύνης

304 2261 472 2293 incedentes,
489 2268 651 2296 semperque
668 2259 748 2286 nobis
760 2259 811 2293 ipsi
827 2258 1012 2290 attendentes,
1026 2265 1093 2284 con-

303 2316 452 2343 sequamur
475 2307 685 2342 promissionem
710 2305 831 2340 Spiritus
854 2305 924 2340 ejus,
943 2309 972 2332 et
991 2304 1092 2332 libere-

303 2362 366 2382 mur
395 2361 445 2389 per
462 2353 577 2388 gratiam
597 2352 630 2379 ab
653 2351 767 2378 interitu
789 2350 998 2378 tenebrosarum
1027 2349 1093 2376 atl‘e-

303 2401 438 2432 ctionum,
457 2407 472 2426 a
483 2398 584 2433 quibus
599 2397 690 2424 anima
707 2396 838 2432 afﬂigitur
851 2405 858 2429 ;
873 2395 926 2431 37
947 2403 1002 2431 quo
1015 2395 1091 2430 digni

302 2451 408 2474 aeterno
423 2452 508 2480 regno
530 2443 691 2475 evadamus,
710 2448 739 2470 et
760 2442 814 2469 frui
833 2442 944 2469 Christo
966 2449 1016 2476 per
1030 2449 1092 2468 om-

303 2493 349 2519 nia
363 2490 463 2518 sa'cula
484 2488 559 2524 digni
582 2488 744 2519 habeamur,
763 2486 950 2522 glorificantes
972 2486 1093 2517 Patrem,

301 2542 330 2564 et
343 2536 452 2568 Filium,
464 2540 492 2562 et
506 2534 640 2569 Spiritum
656 2537 782 2561 sanctum
797 2540 847 2568 per
872 2532 965 2560 omnia
981 2531 1092 2559 saecula.

301 2585 402 2611 Amen.

597 2626 741 2654 HOMILIA
754 2625 787 2653 Χ.

300 2673 458 2703 Humilitate
473 2678 498 2700 et
515 2673 656 2700 alacritate
677 2674 825 2700 retinentur
840 2677 863 2699 et
876 2676 1009 2707 augentur
1020 2671 1091 2698 dona

332 2710 430 2772 gratia
455 2709 549 2737 dicitur
565 2718 575 2737 :
596 2709 710 2736 elatione
735 2712 825 2735 autem
851 2712 875 2734 et
897 2707 1005 2743 ignavia
1031 2714 1092 2741 per-

354 2749 444 2772 untur.

334 2791 355 2819 Ι.
362 2790 468 2819 Anima:
477 2790 602 2818 veritatis
608 2798 639 2817 ac
652 2789 700 2817 Dei
707 2794 843 2822 amantes,
850 2795 910 2824 quae
921 2787 1000 2824 plene
1009 2786 1090 2815 Chri~

336 2862 378 2891 'll
394 2861 458 2890 Cor.
480 2870 504 2892 κ.
519 2862 544 2890 5.
584 2863 594 2878 ¹
609 2862 618 2889 1
632 2862 696 2891 Cor.
713 2870 749 2896 Vl,
766 2861 808 2888 l7.

1146 2257 1320 2291 διοδεύοντες,
1355 2258 1403 2285 καὶ
1443 2259 1560 2285 πάντοτε
1597 2259 1705 2290 ἑαυτοῖς
1745 2260 1936 2295 προσέχοντες,

1145 2303 1320 2339 ἐπιτύχωμεν
1335 2305 1385 2339 τῆς
1400 2304 1569 2338 ἐπαγγελίας
1592 2303 1640 2330 τοῦ
1660 2304 1820 2340 Πνεύματος
1841 2306 1936 2339 αὑτοῦ,

1145 2350 1193 2376 καὶ
1213 2349 1399 2385 λυτρωθῶμεν
1413 2350 1458 2376 διὰ
1472 2350 1523 2385 τῆς
1540 2349 1653 2386 χάριτος
1675 2351 1707 2377 ὲκ
1718 2351 1767 2386 τῆς
1794 2351 1937 2383 ἀπωλείας

1143 2395 1192 2422 τοῦ
1208 2396 1319 2428 σκότους
1334 2396 1389 2422 τῶν
1403 2396 1509 2428 παθῶν,
1532 2397 1577 2431 ὑφ’
1594 2393 1632 2424 ὧν
1648 2398 1665 2431 ἡ
1679 2396 1753 2432 ψυχὴ
1771 2398 1935 2431 ἐνεργεῖται,

1145 2442 1189 2468 ἴνα
1200 2442 1250 2477 τῆς
1262 2442 1372 2469 αἰωνίου
1388 2442 1529 2477 βασιλείας
1540 2442 1611 2475 ἄξιοι
1625 2442 1780 2478 γενώμεθα,
1801 2444 1848 2469 καὶ
1870 2452 1934 2470 συν-

1140 2487 1297 2514 απολαῦσαι
1336 2488 1450 2524 Χριστῷ
1474 2488 1552 2520 ὅλους
1577 2488 1679 2520 αἰῶνας
1708 2489 1933 2524 καταξιωθῶμεν,

1137 2531 1298 2564 δοξάζοντες
1316 2533 1427 2569 Πατέρα
1453 2534 1501 2561 καὶ
1516 2533 1580 2561 Υίδν
1595 2534 1643 2561 καὶ
1657 2533 1736 2568 ἅγιον
1751 2535 1875 2570 Πνεῦμα,
1894 2536 1934 2567 είς

1137 2579 1201 2611 τοὺς
1213 2579 1325 2612 αἰῶνας.
1348 2580 1446 2617 Ἀμήν.

1449 2627 1571 2654 οΜιΛιΑ
1590 2627 1620 2654 1⁷.

1147 2672 1412 2706 Ταπεινοφροσύνῃ
1440 2672 1489 2699 καὶ
1515 2673 1665 2707 προθυμίᾳ
1686 2672 1861 2705 διασώζεται
1883 2672 1933 2699 και

1178 2707 1299 2738 αὔξεται
1321 2707 1358 2734 τὰ
1381 2707 1461 2741 δῶρα
1483 2707 1538 2742 τῆς
1558 2709 1640 2741 08in;-
1656 2708 1792 2742 χάριτος·
1807 2707 1933 2741 ἐπάρσει

1177 2741 1212 2768 δὲ
1225 2742 1274 2768 καὶ
1290 2742 1419 2776 ῥᾳθυμίᾳ
1429 2743 1610 2770 ἀπόλλυται.

1176 2788 1215 2815 Δ’.
1231 2787 1264 2814 At
1284 2787 1442 2824 φιλαλήθεις
1455 2790 1502 2816 καὶ
1518 2789 1636 2824 φιλόθεοι
1661 2789 1758 2826 ψυχαὶ,
1778 2790 1807 2817 at
1821 2789 1932 2821 τελείως
