  <div class='ocr_page' id='page_1' title='image "/cluster/home/n/w/nwhite01/storage/ocr_20150623/34/njp.32101077772547/296.png"; bbox 0 0 2067 3149; ppageno 0'>
   <div class='ocr_carea' id='block_1_1' title="bbox 170 141 220 173">
    <p class='ocr_par' dir='ltr' id='par_1_1' title="bbox 170 141 220 173">
     <span class='ocr_line' id='line_1_1' title="bbox 170 141 220 173; baseline 0 0"><span class='ocrx_word' id='word_1_1' title='bbox 170 141 220 173; x_wconf 65' lang='grc'><strong>541</strong></span> 
     </span>
    </p>
   </div>
   <div class='ocr_carea' id='block_1_2' title="bbox 793 141 1182 173">
    <p class='ocr_par' dir='ltr' id='par_1_2' title="bbox 793 141 1182 173">
     <span class='ocr_line' id='line_1_2' title="bbox 793 141 1182 173; baseline 0.008 -3"><span class='ocrx_word' id='word_1_2' title='bbox 793 141 974 171; x_wconf 67' lang='lat' dir='ltr'><strong>HOMlLIxE.</strong></span> <span class='ocrx_word' id='word_1_3' title='bbox 987 152 1021 158; x_wconf 80' lang='grc'><strong>-</strong></span> <span class='ocrx_word' id='word_1_4' title='bbox 1034 141 1126 172; x_wconf 88' lang='grc' dir='ltr'><strong>ΗΟΜ.</strong></span> <span class='ocrx_word' id='word_1_5' title='bbox 1146 143 1182 173; x_wconf 82' lang='grc' dir='ltr'><strong>Χ.</strong></span> 
     </span>
    </p>
   </div>
   <div class='ocr_carea' id='block_1_3' title="bbox 1740 147 1792 178">
    <p class='ocr_par' dir='ltr' id='par_1_3' title="bbox 1740 147 1792 178">
     <span class='ocr_line' id='line_1_3' title="bbox 1740 147 1792 178; baseline 0 0"><span class='ocrx_word' id='word_1_6' title='bbox 1740 147 1792 178; x_wconf 70' lang='grc' dir='ltr'><strong>5ίέ</strong></span> 
     </span>
    </p>
   </div>
   <div class='ocr_carea' id='block_1_4' title="bbox 170 196 951 235">
    <p class='ocr_par' dir='ltr' id='par_1_4' title="bbox 170 196 947 233">
     <span class='ocr_line' id='line_1_4' title="bbox 170 196 947 233; baseline -0.003 -9"><span class='ocrx_word' id='word_1_7' title='bbox 170 197 216 224; x_wconf 77' lang='grc' dir='ltr'><strong>τὸν</strong></span> <span class='ocrx_word' id='word_1_8' title='bbox 233 196 353 232; x_wconf 71' lang='grc' dir='ltr'>Χριστὸν</span> <span class='ocrx_word' id='word_1_9' title='bbox 371 196 532 225; x_wconf 72' lang='grc' dir='ltr'><strong>ἐνδύσασθαι</strong></span> <span class='ocrx_word' id='word_1_10' title='bbox 554 197 682 233; x_wconf 55' lang='lat' dir='ltr'><strong>ivnoni};</strong></span> <span class='ocrx_word' id='word_1_11' title='bbox 695 196 784 224; x_wconf 74' lang='grc' dir='ltr'>ἑλπίδι</span> <span class='ocrx_word' id='word_1_12' title='bbox 802 197 850 224; x_wconf 74' lang='grc' dir='ltr'>καὶ</span> <span class='ocrx_word' id='word_1_13' title='bbox 869 196 947 223; x_wconf 83' lang='grc' dir='ltr'>πίστε</span> 
     </span>
    </p>
   </div>
   <div class='ocr_carea' id='block_1_5' title="bbox 1000 196 1791 235">
    <p class='ocr_par' dir='ltr' id='par_1_5' title="bbox 1014 198 1791 235">
     <span class='ocr_line' id='line_1_5' title="bbox 1014 198 1791 235; baseline 0.004 -9"><span class='ocrx_word' id='word_1_14' title='bbox 1014 201 1087 226; x_wconf 87' lang='lat' dir='ltr'><strong>stum</strong></span> <span class='ocrx_word' id='word_1_15' title='bbox 1100 198 1215 227; x_wconf 85' lang='lat' dir='ltr'><strong>induere</strong></span> <span class='ocrx_word' id='word_1_16' title='bbox 1242 200 1268 227; x_wconf 91' lang='lat' dir='ltr'><strong>in</strong></span> <span class='ocrx_word' id='word_1_17' title='bbox 1296 201 1382 228; x_wconf 85' lang='lat' dir='ltr'><strong>multa</strong></span> <span class='ocrx_word' id='word_1_18' title='bbox 1410 208 1458 235; x_wconf 85' lang='lat' dir='ltr'><strong>spe</strong></span> <span class='ocrx_word' id='word_1_19' title='bbox 1489 205 1517 228; x_wconf 78' lang='lat' dir='ltr'><strong>et</strong></span> <span class='ocrx_word' id='word_1_20' title='bbox 1547 200 1604 228; x_wconf 70' lang='lat' dir='ltr'><strong>nde,</strong></span> <span class='ocrx_word' id='word_1_21' title='bbox 1625 200 1791 230; x_wconf 70' lang='lat' dir='ltr'><strong>desiderant.</strong></span> 
     </span>
    </p>
   </div>
   <div class='ocr_carea' id='block_1_6' title="bbox 167 235 954 277">
    <p class='ocr_par' dir='ltr' id='par_1_6' title="bbox 167 235 954 277">
     <span class='ocr_line' id='line_1_6' title="bbox 167 235 954 277; baseline -0.001 -10"><span class='ocrx_word' id='word_1_22' title='bbox 167 240 359 274; x_wconf 80' lang='grc' dir='ltr'>ὲπιποθοῦσαι,</span> <span class='ocrx_word' id='word_1_23' title='bbox 398 241 450 276; x_wconf 87' lang='grc' dir='ltr'>τῆς</span> <span class='ocrx_word' id='word_1_24' title='bbox 487 242 553 277; x_wconf 74' lang='grc' dir='ltr'>παρ’</span> <span class='ocrx_word' id='word_1_25' title='bbox 595 242 697 277; x_wconf 77' lang='grc' dir='ltr'>ἐτέρων</span> <span class='ocrx_word' id='word_1_26' title='bbox 724 235 905 276; x_wconf 80' lang='grc' dir='ltr'>ὑπομνήσεως</span> <span class='ocrx_word' id='word_1_27' title='bbox 924 240 954 266; x_wconf 84' lang='grc' dir='ltr'>οὐ</span> 
     </span>
    </p>
   </div>
   <div class='ocr_carea' id='block_1_7' title="bbox 167 283 956 320">
    <p class='ocr_par' dir='ltr' id='par_1_7' title="bbox 167 283 956 320">
     <span class='ocr_line' id='line_1_7' title="bbox 167 283 956 320; baseline 0 -10"><span class='ocrx_word' id='word_1_28' title='bbox 167 284 296 312; x_wconf 83' lang='grc' dir='ltr'>τοσοῦτον</span> <span class='ocrx_word' id='word_1_29' title='bbox 311 284 467 320; x_wconf 81' lang='grc' dir='ltr'><strong>χρῄζουσιν,</strong></span> <span class='ocrx_word' id='word_1_30' title='bbox 487 284 548 312; x_wconf 74' lang='grc' dir='ltr'>οὒτε</span> <span class='ocrx_word' id='word_1_31' title='bbox 569 285 616 312; x_wconf 85' lang='grc' dir='ltr'>τοῦ</span> <span class='ocrx_word' id='word_1_32' title='bbox 638 284 765 320; x_wconf 76' lang='grc' dir='ltr'><strong>οὐρανίου</strong></span> <span class='ocrx_word' id='word_1_33' title='bbox 789 283 885 316; x_wconf 84' lang='grc' dir='ltr'>πόθου,</span> <span class='ocrx_word' id='word_1_34' title='bbox 908 283 956 310; x_wconf 75' lang='grc' dir='ltr'>καὶ</span> 
     </span>
    </p>
   </div>
   <div class='ocr_carea' id='block_1_8' title="bbox 166 329 955 365">
    <p class='ocr_par' dir='ltr' id='par_1_8' title="bbox 166 329 955 365">
     <span class='ocr_line' id='line_1_8' title="bbox 166 329 955 365; baseline 0 -9"><span class='ocrx_word' id='word_1_35' title='bbox 166 330 213 356; x_wconf 85' lang='grc' dir='ltr'>τοῦ</span> <span class='ocrx_word' id='word_1_36' title='bbox 235 330 304 365; x_wconf 79' lang='grc' dir='ltr'>πρὸς</span> <span class='ocrx_word' id='word_1_37' title='bbox 316 329 419 364; x_wconf 80' lang='grc' dir='ltr'>Κύριον</span> <span class='ocrx_word' id='word_1_38' title='bbox 440 331 553 365; x_wconf 76' lang='grc' dir='ltr'>ἔρωτος,</span> <span class='ocrx_word' id='word_1_39' title='bbox 579 331 632 358; x_wconf 66' lang='grc' dir='ltr'>κᾶν</span> <span class='ocrx_word' id='word_1_40' title='bbox 650 331 697 357; x_wconf 77' lang='grc' dir='ltr'><strong>ἐπὶ</strong></span> <span class='ocrx_word' id='word_1_41' title='bbox 723 330 806 356; x_wconf 83' lang='grc' dir='ltr'>πόσον</span> <span class='ocrx_word' id='word_1_42' title='bbox 828 329 955 356; x_wconf 85' lang='grc' dir='ltr'>ὲλαττοῦ-</span> 
     </span>
    </p>
   </div>
   <div class='ocr_carea' id='block_1_9' title="bbox 166 372 954 409">
    <p class='ocr_par' dir='ltr' id='par_1_9' title="bbox 166 372 954 409">
     <span class='ocr_line' id='line_1_9' title="bbox 166 372 954 409; baseline -0.003 -9"><span class='ocrx_word' id='word_1_43' title='bbox 166 373 230 400; x_wconf 86' lang='grc' dir='ltr'>σθαι</span> <span class='ocrx_word' id='word_1_44' title='bbox 246 374 431 409; x_wconf 79' lang='grc' dir='ltr'>ὑπομένωσιν,</span> <span class='ocrx_word' id='word_1_45' title='bbox 451 374 509 401; x_wconf 80' lang='grc' dir='ltr'>ἀλλ’</span> <span class='ocrx_word' id='word_1_46' title='bbox 528 375 587 401; x_wconf 86' lang='grc' dir='ltr'>ὅλαι</span> <span class='ocrx_word' id='word_1_47' title='bbox 599 374 629 407; x_wconf 77' lang='grc' dir='ltr'>ἐξ</span> <span class='ocrx_word' id='word_1_48' title='bbox 652 374 713 401; x_wconf 81' lang='grc' dir='ltr'>ὅλου</span> <span class='ocrx_word' id='word_1_49' title='bbox 729 373 767 409; x_wconf 84' lang='grc' dir='ltr'>τῷ</span> <span class='ocrx_word' id='word_1_50' title='bbox 783 373 891 409; x_wconf 84' lang='grc' dir='ltr'><strong>σταυρῷ</strong></span> <span class='ocrx_word' id='word_1_51' title='bbox 908 372 954 399; x_wconf 80' lang='grc' dir='ltr'><strong>τοῦ</strong></span> 
     </span>
    </p>
   </div>
   <div class='ocr_carea' id='block_1_10' title="bbox 164 418 954 455">
    <p class='ocr_par' dir='ltr' id='par_1_10' title="bbox 164 418 954 455">
     <span class='ocr_line' id='line_1_10' title="bbox 164 418 954 455; baseline -0.001 -10"><span class='ocrx_word' id='word_1_52' title='bbox 164 419 282 454; x_wconf 79' lang='grc' dir='ltr'><strong>Χριστοῦ</strong></span> <span class='ocrx_word' id='word_1_53' title='bbox 299 419 522 455; x_wconf 80' lang='grc' dir='ltr'>προσηλωμέναι,</span> <span class='ocrx_word' id='word_1_54' title='bbox 535 419 602 455; x_wconf 78' lang='grc' dir='ltr'>πρὸς</span> <span class='ocrx_word' id='word_1_55' title='bbox 620 419 665 446; x_wconf 76' lang='grc' dir='ltr'><strong>τὸν</strong></span> <span class='ocrx_word' id='word_1_56' title='bbox 681 418 867 454; x_wconf 79' lang='grc' dir='ltr'>πνευματικὸν</span> <span class='ocrx_word' id='word_1_57' title='bbox 884 426 954 452; x_wconf 88' lang='grc' dir='ltr'>νυμ-</span> 
     </span>
    </p>
   </div>
   <div class='ocr_carea' id='block_1_11' title="bbox 166 463 954 500">
    <p class='ocr_par' dir='ltr' id='par_1_11' title="bbox 166 463 954 500">
     <span class='ocr_line' id='line_1_11' title="bbox 166 463 954 500; baseline -0.001 -10"><span class='ocrx_word' id='word_1_58' title='bbox 166 464 236 499; x_wconf 84' lang='grc' dir='ltr'>φίον,</span> <span class='ocrx_word' id='word_1_59' title='bbox 261 464 397 500; x_wconf 81' lang='grc' dir='ltr'><strong>ὁσημέραι</strong></span> <span class='ocrx_word' id='word_1_60' title='bbox 416 465 604 499; x_wconf 76' lang='grc' dir='ltr'><strong>πνευματικῆς</strong></span> <span class='ocrx_word' id='word_1_61' title='bbox 633 465 774 500; x_wconf 83' lang='grc' dir='ltr'><strong>προκοπῆς</strong></span> <span class='ocrx_word' id='word_1_62' title='bbox 796 465 826 490; x_wconf 78' lang='grc' dir='ltr'>ὲν</span> <span class='ocrx_word' id='word_1_63' title='bbox 843 463 954 494; x_wconf 76' lang='grc' dir='ltr'><strong>ἑαυταῖς</strong></span> 
     </span>
    </p>
   </div>
   <div class='ocr_carea' id='block_1_12' title="bbox 164 508 954 547">
    <p class='ocr_par' dir='ltr' id='par_1_12' title="bbox 164 508 954 547">
     <span class='ocr_line' id='line_1_12' title="bbox 164 508 954 547; baseline -0.005 -9"><span class='ocrx_word' id='word_1_64' title='bbox 164 512 290 547; x_wconf 86' lang='grc' dir='ltr'>αίσθησιν</span> <span class='ocrx_word' id='word_1_65' title='bbox 303 512 526 546; x_wconf 82' lang='grc' dir='ltr'>ὲπιγινώσκουσι.</span> <span class='ocrx_word' id='word_1_66' title='bbox 539 511 716 547; x_wconf 80' lang='grc' dir='ltr'>Τετρωμέναι</span> <span class='ocrx_word' id='word_1_67' title='bbox 734 510 763 537; x_wconf 82' lang='grc' dir='ltr'><strong>δὲ</strong></span> <span class='ocrx_word' id='word_1_68' title='bbox 782 509 822 544; x_wconf 82' lang='grc' dir='ltr'>τῷ</span> <span class='ocrx_word' id='word_1_69' title='bbox 836 508 954 544; x_wconf 75' lang='grc' dir='ltr'>οὐρανίῳ</span> 
     </span>
    </p>
   </div>
   <div class='ocr_carea' id='block_1_13' title="bbox 165 555 954 593">
    <p class='ocr_par' dir='ltr' id='par_1_13' title="bbox 165 555 954 593">
     <span class='ocr_line' id='line_1_13' title="bbox 165 555 954 593; baseline -0.005 -9"><span class='ocrx_word' id='word_1_70' title='bbox 165 558 240 593; x_wconf 82' lang='grc' dir='ltr'>πόθῳ</span> <span class='ocrx_word' id='word_1_71' title='bbox 256 558 303 584; x_wconf 85' lang='grc' dir='ltr'>καὶ</span> <span class='ocrx_word' id='word_1_72' title='bbox 317 558 494 585; x_wconf 82' lang='grc' dir='ltr'>ἐκπεινοῦσαι</span> <span class='ocrx_word' id='word_1_73' title='bbox 505 558 568 593; x_wconf 78' lang='grc' dir='ltr'>περὶ</span> <span class='ocrx_word' id='word_1_74' title='bbox 581 555 811 592; x_wconf 82' lang='grc' dir='ltr'>τὴνὸικαιοσὺνην</span> <span class='ocrx_word' id='word_1_75' title='bbox 818 555 871 582; x_wconf 85' lang='grc' dir='ltr'>τῶν</span> <span class='ocrx_word' id='word_1_76' title='bbox 891 556 954 589; x_wconf 58' lang='grc' dir='ltr'><strong>ὰρμ</strong></span> 
     </span>
    </p>
   </div>
   <div class='ocr_carea' id='block_1_14' title="bbox 165 599 951 638">
    <p class='ocr_par' dir='ltr' id='par_1_14' title="bbox 165 599 951 638">
     <span class='ocr_line' id='line_1_14' title="bbox 165 599 951 638; baseline -0.005 -9"><span class='ocrx_word' id='word_1_77' title='bbox 165 603 230 636; x_wconf 86' lang='grc' dir='ltr'>τῶν,</span> <span class='ocrx_word' id='word_1_78' title='bbox 241 602 290 637; x_wconf 84' lang='grc' dir='ltr'><strong>τὴν</strong></span> <span class='ocrx_word' id='word_1_79' title='bbox 302 602 437 638; x_wconf 73' lang='grc' dir='ltr'>ἔκλαμψιν</span> <span class='ocrx_word' id='word_1_80' title='bbox 447 604 493 630; x_wconf 80' lang='grc' dir='ltr'>τοῦ</span> <span class='ocrx_word' id='word_1_81' title='bbox 505 602 660 637; x_wconf 70' lang='grc' dir='ltr'>πνεύματος</span> <span class='ocrx_word' id='word_1_82' title='bbox 676 602 706 628; x_wconf 76' lang='grc' dir='ltr'>ἐν</span> <span class='ocrx_word' id='word_1_83' title='bbox 717 600 851 636; x_wconf 70' lang='grc' dir='ltr'>ἐπιθυμίᾳ</span> <span class='ocrx_word' id='word_1_84' title='bbox 866 599 951 634; x_wconf 86' lang='grc' dir='ltr'>πολλῇ</span> 
     </span>
    </p>
   </div>
   <div class='ocr_carea' id='block_1_15' title="bbox 165 645 952 684">
    <p class='ocr_par' dir='ltr' id='par_1_15' title="bbox 165 645 952 684">
     <span class='ocr_line' id='line_1_15' title="bbox 165 645 952 684; baseline -0.004 -9"><span class='ocrx_word' id='word_1_85' title='bbox 165 649 212 675; x_wconf 72' lang='grc' dir='ltr'>καὶ</span> <span class='ocrx_word' id='word_1_86' title='bbox 222 649 363 684; x_wconf 83' lang='grc' dir='ltr'>ἀκορέστῳ</span> <span class='ocrx_word' id='word_1_87' title='bbox 379 648 497 683; x_wconf 78' lang='grc' dir='ltr'>ἔχουσιν.</span> <span class='ocrx_word' id='word_1_88' title='bbox 512 649 577 675; x_wconf 81' lang='grc' dir='ltr'><strong>Εἰδὲ</strong></span> <span class='ocrx_word' id='word_1_89' title='bbox 586 649 633 675; x_wconf 71' lang='grc' dir='ltr'>καὶ</span> <span class='ocrx_word' id='word_1_90' title='bbox 643 647 722 674; x_wconf 88' lang='grc' dir='ltr'>θείων</span> <span class='ocrx_word' id='word_1_91' title='bbox 739 647 895 682; x_wconf 83' lang='grc' dir='ltr'>μυστηρίων</span> <span class='ocrx_word' id='word_1_92' title='bbox 908 645 952 672; x_wconf 81' lang='grc' dir='ltr'>διὰ</span> 
     </span>
    </p>
   </div>
   <div class='ocr_carea' id='block_1_16' title="bbox 165 692 950 729">
    <p class='ocr_par' dir='ltr' id='par_1_16' title="bbox 165 692 950 729">
     <span class='ocr_line' id='line_1_16' title="bbox 165 692 950 729; baseline -0.004 -9"><span class='ocrx_word' id='word_1_93' title='bbox 165 694 215 729; x_wconf 82' lang='grc' dir='ltr'>τῆς</span> <span class='ocrx_word' id='word_1_94' title='bbox 235 694 354 726; x_wconf 84' lang='grc' dir='ltr'>πίστεως</span> <span class='ocrx_word' id='word_1_95' title='bbox 381 694 471 720; x_wconf 86' lang='grc' dir='ltr'>αὐτῶν</span> <span class='ocrx_word' id='word_1_96' title='bbox 503 694 652 728; x_wconf 78' lang='grc' dir='ltr'>ἐπίγνωσιν</span> <span class='ocrx_word' id='word_1_97' title='bbox 678 693 772 719; x_wconf 76' lang='grc' dir='ltr'>λαϐεῖν</span> <span class='ocrx_word' id='word_1_98' title='bbox 799 692 950 724; x_wconf 79' lang='grc' dir='ltr'>ἀξιοῦνται,</span> 
     </span>
    </p>
   </div>
   <div class='ocr_carea' id='block_1_17' title="bbox 166 739 952 775">
    <p class='ocr_par' dir='ltr' id='par_1_17' title="bbox 166 739 952 775">
     <span class='ocr_line' id='line_1_17' title="bbox 166 739 952 775; baseline -0.003 -9"><span class='ocrx_word' id='word_1_99' title='bbox 166 739 222 766; x_wconf 80' lang='grc' dir='ltr'>ιῐτε</span> <span class='ocrx_word' id='word_1_100' title='bbox 246 740 296 766; x_wconf 75' lang='grc' dir='ltr'><strong>καὶ</strong></span> <span class='ocrx_word' id='word_1_101' title='bbox 326 740 496 775; x_wconf 85' lang='grc' dir='ltr'>εὐφροσύνης</span> <span class='ocrx_word' id='word_1_102' title='bbox 525 739 688 775; x_wconf 76' lang='grc' dir='ltr'>ἐπουρανίου</span> <span class='ocrx_word' id='word_1_103' title='bbox 705 739 815 774; x_wconf 85' lang='grc' dir='ltr'>χάριτος</span> <span class='ocrx_word' id='word_1_104' title='bbox 843 739 952 773; x_wconf 85' lang='grc' dir='ltr'>μέτοχοι</span> 
     </span>
    </p>
   </div>
   <div class='ocr_carea' id='block_1_18' title="bbox 165 783 952 820">
    <p class='ocr_par' dir='ltr' id='par_1_18' title="bbox 165 783 952 820">
     <span class='ocr_line' id='line_1_18' title="bbox 165 783 952 820; baseline -0.004 -8"><span class='ocrx_word' id='word_1_105' title='bbox 165 786 316 820; x_wconf 85' lang='grc' dir='ltr'>γίγνονται,</span> <span class='ocrx_word' id='word_1_106' title='bbox 341 786 372 812; x_wconf 84' lang='grc' dir='ltr'>οὒ</span> <span class='ocrx_word' id='word_1_107' title='bbox 389 785 552 812; x_wconf 85' lang='grc' dir='ltr'>πεποίθασιν</span> <span class='ocrx_word' id='word_1_108' title='bbox 579 786 608 812; x_wconf 80' lang='grc' dir='ltr'>ὲν</span> <span class='ocrx_word' id='word_1_109' title='bbox 622 786 731 816; x_wconf 78' lang='grc' dir='ltr'>ἑαυταῖς</span> <span class='ocrx_word' id='word_1_110' title='bbox 746 785 869 819; x_wconf 74' lang='grc' dir='ltr'>οἰόμεναι</span> <span class='ocrx_word' id='word_1_111' title='bbox 881 783 952 810; x_wconf 76' lang='grc' dir='ltr'>εἶναι</span> 
     </span>
    </p>
   </div>
   <div class='ocr_carea' id='block_1_19' title="bbox 165 828 950 866">
    <p class='ocr_par' dir='ltr' id='par_1_19' title="bbox 165 828 950 866">
     <span class='ocr_line' id='line_1_19' title="bbox 165 828 950 866; baseline -0.003 -10"><span class='ocrx_word' id='word_1_112' title='bbox 165 839 203 863; x_wconf 87' lang='grc' dir='ltr'><strong>τι,</strong></span> <span class='ocrx_word' id='word_1_113' title='bbox 221 829 279 857; x_wconf 73' lang='grc' dir='ltr'>ἀλλ’</span> <span class='ocrx_word' id='word_1_114' title='bbox 300 830 361 857; x_wconf 86' lang='grc' dir='ltr'>ὅσον</span> <span class='ocrx_word' id='word_1_115' title='bbox 377 829 571 865; x_wconf 84' lang='grc' dir='ltr'>πνευματικῶν</span> <span class='ocrx_word' id='word_1_116' title='bbox 593 830 770 866; x_wconf 80' lang='grc' dir='ltr'>χαρισμάτων</span> <span class='ocrx_word' id='word_1_117' title='bbox 787 828 950 862; x_wconf 78' lang='grc' dir='ltr'>καταξιοῦν-</span> 
     </span>
    </p>
   </div>
   <div class='ocr_carea' id='block_1_20' title="bbox 165 869 988 910">
    <p class='ocr_par' dir='ltr' id='par_1_20' title="bbox 165 869 988 910">
     <span class='ocr_line' id='line_1_20' title="bbox 165 869 988 910; baseline -0.005 -8"><span class='ocrx_word' id='word_1_118' title='bbox 165 884 222 908; x_wconf 93' lang='grc' dir='ltr'>ται,</span> <span class='ocrx_word' id='word_1_119' title='bbox 239 874 367 902; x_wconf 78' lang='grc' dir='ltr'>τοσοῦτον</span> <span class='ocrx_word' id='word_1_120' title='bbox 384 875 484 910; x_wconf 77' lang='grc' dir='ltr'>μᾶλλον</span> <span class='ocrx_word' id='word_1_121' title='bbox 501 875 656 910; x_wconf 78' lang='grc' dir='ltr'>ἀκορέστως</span> <span class='ocrx_word' id='word_1_122' title='bbox 677 873 788 909; x_wconf 73' lang='grc' dir='ltr'>ἔχουσαι</span> <span class='ocrx_word' id='word_1_123' title='bbox 802 873 850 900; x_wconf 80' lang='grc' dir='ltr'>τοῦ</span> <span class='ocrx_word' id='word_1_124' title='bbox 867 874 949 909; x_wconf 83' lang='grc' dir='ltr'>οὐρα-</span> <span class='ocrx_word' id='word_1_125' title='bbox 965 869 988 897; x_wconf 84' lang='grc' dir='ltr'><strong>Β</strong></span> 
     </span>
    </p>
   </div>
   <div class='ocr_carea' id='block_1_21' title="bbox 166 921 945 957">
    <p class='ocr_par' dir='ltr' id='par_1_21' title="bbox 166 921 945 957">
     <span class='ocr_line' id='line_1_21' title="bbox 166 921 945 957; baseline -0.003 -9"><span class='ocrx_word' id='word_1_126' title='bbox 166 921 222 948; x_wconf 86' lang='grc' dir='ltr'>νίου</span> <span class='ocrx_word' id='word_1_127' title='bbox 235 921 329 954; x_wconf 81' lang='grc' dir='ltr'>πόθου,</span> <span class='ocrx_word' id='word_1_128' title='bbox 343 922 470 957; x_wconf 82' lang='grc' dir='ltr'>ὲμπόνως</span> <span class='ocrx_word' id='word_1_129' title='bbox 480 921 648 957; x_wconf 78' lang='grc' dir='ltr'>ὲπιζητοῦσι³</span> <span class='ocrx_word' id='word_1_130' title='bbox 658 921 704 947; x_wconf 77' lang='grc' dir='ltr'>καὶ</span> <span class='ocrx_word' id='word_1_131' title='bbox 715 921 777 948; x_wconf 81' lang='grc' dir='ltr'>ὅσον</span> <span class='ocrx_word' id='word_1_132' title='bbox 783 921 816 948; x_wconf 72' lang='grc' dir='ltr'>ἂν</span> <span class='ocrx_word' id='word_1_133' title='bbox 827 929 945 955; x_wconf 83' lang='grc' dir='ltr'>πνευμα-</span> 
     </span>
    </p>
   </div>
   <div class='ocr_carea' id='block_1_22' title="bbox 166 965 950 1002">
    <p class='ocr_par' dir='ltr' id='par_1_22' title="bbox 166 965 950 1002">
     <span class='ocr_line' id='line_1_22' title="bbox 166 965 950 1002; baseline -0.003 -9"><span class='ocrx_word' id='word_1_134' title='bbox 166 968 246 1002; x_wconf 83' lang='grc' dir='ltr'>τικῆς</span> <span class='ocrx_word' id='word_1_135' title='bbox 259 967 401 1002; x_wconf 79' lang='grc' dir='ltr'>προκοπῆς</span> <span class='ocrx_word' id='word_1_136' title='bbox 415 968 444 994; x_wconf 74' lang='grc' dir='ltr'>ἐν</span> <span class='ocrx_word' id='word_1_137' title='bbox 460 968 570 998; x_wconf 75' lang='grc' dir='ltr'>ἑαυταῖς</span> <span class='ocrx_word' id='word_1_138' title='bbox 593 967 719 1002; x_wconf 83' lang='grc' dir='ltr'>αἴσθησιν</span> <span class='ocrx_word' id='word_1_139' title='bbox 727 966 841 998; x_wconf 79' lang='grc' dir='ltr'>λάσωσι,</span> <span class='ocrx_word' id='word_1_140' title='bbox 855 965 950 992; x_wconf 82' lang='grc' dir='ltr'>τοσοῦ-</span> 
     </span>
    </p>
   </div>
   <div class='ocr_carea' id='block_1_23' title="bbox 166 1010 951 1047">
    <p class='ocr_par' dir='ltr' id='par_1_23' title="bbox 166 1010 951 1047">
     <span class='ocr_line' id='line_1_23' title="bbox 166 1010 951 1047; baseline -0.003 -9"><span class='ocrx_word' id='word_1_141' title='bbox 166 1020 211 1038; x_wconf 83' lang='grc' dir='ltr'><strong>τον</strong></span> <span class='ocrx_word' id='word_1_142' title='bbox 230 1011 331 1047; x_wconf 85' lang='grc' dir='ltr'>μᾶλλον</span> <span class='ocrx_word' id='word_1_143' title='bbox 346 1011 374 1037; x_wconf 82' lang='grc' dir='ltr'>ἐν</span> <span class='ocrx_word' id='word_1_144' title='bbox 391 1011 472 1047; x_wconf 72' lang='grc' dir='ltr'>πείνῃ</span> <span class='ocrx_word' id='word_1_145' title='bbox 483 1011 531 1038; x_wconf 75' lang='grc' dir='ltr'>καὶ</span> <span class='ocrx_word' id='word_1_146' title='bbox 548 1011 612 1047; x_wconf 80' lang='grc' dir='ltr'>δίψῃ</span> <span class='ocrx_word' id='word_1_147' title='bbox 625 1012 665 1042; x_wconf 85' lang='grc' dir='ltr'><strong>είς</strong></span> <span class='ocrx_word' id='word_1_148' title='bbox 677 1010 727 1046; x_wconf 83' lang='grc' dir='ltr'><strong>τὴν</strong></span> <span class='ocrx_word' id='word_1_149' title='bbox 743 1010 893 1046; x_wconf 80' lang='grc' dir='ltr'>μετάληψιν</span> <span class='ocrx_word' id='word_1_150' title='bbox 905 1010 951 1036; x_wconf 83' lang='grc' dir='ltr'><strong>καὶ</strong></span> 
     </span>
    </p>
   </div>
   <div class='ocr_carea' id='block_1_24' title="bbox 167 1056 951 1092">
    <p class='ocr_par' dir='ltr' id='par_1_24' title="bbox 167 1056 951 1092">
     <span class='ocr_line' id='line_1_24' title="bbox 167 1056 951 1092; baseline -0.003 -8"><span class='ocrx_word' id='word_1_151' title='bbox 167 1056 282 1092; x_wconf 74' lang='grc' dir='ltr'>αὔξησιν</span> <span class='ocrx_word' id='word_1_152' title='bbox 300 1057 350 1092; x_wconf 87' lang='grc' dir='ltr'><strong>τῆς</strong></span> <span class='ocrx_word' id='word_1_153' title='bbox 363 1057 474 1092; x_wconf 84' lang='grc' dir='ltr'>χάριτος</span> <span class='ocrx_word' id='word_1_154' title='bbox 492 1057 666 1091; x_wconf 82' lang='grc' dir='ltr'>ὑπάρχουσι·</span> <span class='ocrx_word' id='word_1_155' title='bbox 688 1057 736 1082; x_wconf 59' lang='grc' dir='ltr'><strong>καὶ¹</strong></span> <span class='ocrx_word' id='word_1_156' title='bbox 752 1057 806 1092; x_wconf 81' lang='grc' dir='ltr'>ὅσῳ</span> <span class='ocrx_word' id='word_1_157' title='bbox 827 1064 951 1091; x_wconf 78' lang='grc' dir='ltr'>πνευμαο</span> 
     </span>
    </p>
   </div>
   <div class='ocr_carea' id='block_1_25' title="bbox 166 1100 951 1137">
    <p class='ocr_par' dir='ltr' id='par_1_25' title="bbox 166 1100 951 1137">
     <span class='ocr_line' id='line_1_25' title="bbox 166 1100 951 1137; baseline -0.003 -8"><span class='ocrx_word' id='word_1_158' title='bbox 166 1102 252 1134; x_wconf 87' lang='grc' dir='ltr'>τικῶς</span> <span class='ocrx_word' id='word_1_159' title='bbox 280 1102 439 1134; x_wconf 82' lang='grc' dir='ltr'>πλουτοῦσι,</span> <span class='ocrx_word' id='word_1_160' title='bbox 465 1102 585 1137; x_wconf 81' lang='grc' dir='ltr'>τοσούτῳ</span> <span class='ocrx_word' id='word_1_161' title='bbox 607 1102 717 1137; x_wconf 85' lang='grc' dir='ltr'>μᾶλλον,</span> <span class='ocrx_word' id='word_1_162' title='bbox 742 1101 780 1133; x_wconf 87' lang='grc' dir='ltr'>ὡς</span> <span class='ocrx_word' id='word_1_163' title='bbox 804 1100 951 1137; x_wconf 83' lang='grc' dir='ltr'>πενόμεναί</span> 
     </span>
    </p>
   </div>
   <div class='ocr_carea' id='block_1_26' title="bbox 164 1147 952 1184">
    <p class='ocr_par' dir='ltr' id='par_1_26' title="bbox 164 1147 952 1184">
     <span class='ocr_line' id='line_1_26' title="bbox 164 1147 952 1184; baseline -0.004 -8"><span class='ocrx_word' id='word_1_164' title='bbox 164 1150 219 1176; x_wconf 76' lang='grc' dir='ltr'>εισι</span> <span class='ocrx_word' id='word_1_165' title='bbox 237 1149 302 1184; x_wconf 84' lang='grc' dir='ltr'>παρ’</span> <span class='ocrx_word' id='word_1_166' title='bbox 312 1149 432 1181; x_wconf 80' lang='grc' dir='ltr'>ἑαυταῖς,</span> <span class='ocrx_word' id='word_1_167' title='bbox 448 1148 605 1183; x_wconf 81' lang='grc' dir='ltr'>ἁκορέστως</span> <span class='ocrx_word' id='word_1_168' title='bbox 621 1148 730 1183; x_wconf 70' lang='grc' dir='ltr'>ἔχουσαι</span> <span class='ocrx_word' id='word_1_169' title='bbox 750 1147 789 1183; x_wconf 83' lang='grc' dir='ltr'><strong>τῷ</strong></span> <span class='ocrx_word' id='word_1_170' title='bbox 801 1155 952 1182; x_wconf 87' lang='grc' dir='ltr'>πνευματι-</span> 
     </span>
    </p>
   </div>
   <div class='ocr_carea' id='block_1_27' title="bbox 165 1192 950 1230">
    <p class='ocr_par' dir='ltr' id='par_1_27' title="bbox 165 1192 950 1230">
     <span class='ocr_line' id='line_1_27' title="bbox 165 1192 950 1230; baseline -0.004 -9"><span class='ocrx_word' id='word_1_171' title='bbox 165 1194 207 1230; x_wconf 78' lang='grc' dir='ltr'>κῷ</span> <span class='ocrx_word' id='word_1_172' title='bbox 221 1194 298 1229; x_wconf 84' lang='grc' dir='ltr'>πόθῳ</span> <span class='ocrx_word' id='word_1_173' title='bbox 326 1194 395 1228; x_wconf 84' lang='grc' dir='ltr'>πρὸς</span> <span class='ocrx_word' id='word_1_174' title='bbox 413 1194 459 1220; x_wconf 80' lang='grc' dir='ltr'><strong>τὸν</strong></span> <span class='ocrx_word' id='word_1_175' title='bbox 484 1193 609 1229; x_wconf 81' lang='grc' dir='ltr'>οὐράνιον</span> <span class='ocrx_word' id='word_1_176' title='bbox 621 1193 747 1227; x_wconf 84' lang='grc' dir='ltr'>Νυμφίον</span> <span class='ocrx_word' id='word_1_177' title='bbox 757 1201 764 1207; x_wconf 91' lang='grc'><strong>·</strong></span> <span class='ocrx_word' id='word_1_178' title='bbox 784 1192 822 1224; x_wconf 86' lang='grc' dir='ltr'>ὥς</span> <span class='ocrx_word' id='word_1_179' title='bbox 836 1201 918 1227; x_wconf 83' lang='grc' dir='ltr'>φησιν</span> <span class='ocrx_word' id='word_1_180' title='bbox 933 1193 950 1227; x_wconf 86' lang='grc' dir='ltr'><strong>ή</strong></span> 
     </span>
    </p>
   </div>
   <div class='ocr_carea' id='block_1_28' title="bbox 162 1237 952 1275">
    <p class='ocr_par' dir='ltr' id='par_1_28' title="bbox 162 1237 952 1275">
     <span class='ocr_line' id='line_1_28' title="bbox 162 1237 952 1275; baseline -0.003 -9"><span class='ocrx_word' id='word_1_181' title='bbox 162 1239 185 1266; x_wconf 88' lang='grc' dir='ltr'><strong><em>Γ</em></strong></span> <span class='ocrx_word' id='word_1_182' title='bbox 188 1240 260 1275; x_wconf 88' lang='grc' dir='ltr'>ραφή</span> <span class='ocrx_word' id='word_1_183' title='bbox 272 1248 279 1254; x_wconf 94' lang='grc'><strong>·</strong></span> <span class='ocrx_word' id='word_1_184' title='bbox 297 1241 328 1267; x_wconf 83' lang='grc' dir='ltr'><strong>οι</strong></span> <span class='ocrx_word' id='word_1_185' title='bbox 345 1239 508 1273; x_wconf 80' lang='grc' dir='ltr'>τρώγοντές</span> <span class='ocrx_word' id='word_1_186' title='bbox 526 1247 565 1273; x_wconf 75' lang='grc' dir='ltr'>με</span> <span class='ocrx_word' id='word_1_187' title='bbox 578 1239 621 1265; x_wconf 76' lang='grc' dir='ltr'>ἔτι</span> <span class='ocrx_word' id='word_1_188' title='bbox 634 1237 826 1270; x_wconf 80' lang='grc' dir='ltr'>πεινάσουσι,</span> <span class='ocrx_word' id='word_1_189' title='bbox 851 1237 901 1264; x_wconf 76' lang='grc' dir='ltr'>καὶ</span> <span class='ocrx_word' id='word_1_190' title='bbox 924 1239 952 1265; x_wconf 79' lang='grc' dir='ltr'>οἱ</span> 
     </span>
    </p>
   </div>
   <div class='ocr_carea' id='block_1_29' title="bbox 165 1284 616 1320">
    <p class='ocr_par' dir='ltr' id='par_1_29' title="bbox 165 1284 616 1320">
     <span class='ocr_line' id='line_1_29' title="bbox 165 1284 616 1320; baseline 0 -8"><span class='ocrx_word' id='word_1_191' title='bbox 165 1284 304 1318; x_wconf 70' lang='grc' dir='ltr'>πίνοντές</span> <span class='ocrx_word' id='word_1_192' title='bbox 314 1293 352 1320; x_wconf 81' lang='grc' dir='ltr'>με</span> <span class='ocrx_word' id='word_1_193' title='bbox 366 1285 410 1311; x_wconf 72' lang='grc' dir='ltr'>ἐτι</span> <span class='ocrx_word' id='word_1_194' title='bbox 421 1284 616 1319; x_wconf 73' lang='grc' dir='ltr'>διψήσουσιν.</span> 
     </span>
    </p>
   </div>
   <div class='ocr_carea' id='block_1_30' title="bbox 200 1329 952 1366">
    <p class='ocr_par' dir='ltr' id='par_1_30' title="bbox 200 1329 952 1366">
     <span class='ocr_line' id='line_1_30' title="bbox 200 1329 952 1366; baseline -0.001 -10"><span class='ocrx_word' id='word_1_195' title='bbox 200 1330 238 1357; x_wconf 85' lang='grc' dir='ltr'><strong>Β¹.</strong></span> <span class='ocrx_word' id='word_1_196' title='bbox 255 1330 289 1356; x_wconf 78' lang='grc' dir='ltr'>Δί</span> <span class='ocrx_word' id='word_1_197' title='bbox 302 1330 425 1357; x_wconf 82' lang='grc' dir='ltr'>τοιαῦται</span> <span class='ocrx_word' id='word_1_198' title='bbox 437 1330 535 1365; x_wconf 80' lang='grc' dir='ltr'>ψυχαὶ,</span> <span class='ocrx_word' id='word_1_199' title='bbox 550 1331 579 1357; x_wconf 88' lang='grc' dir='ltr'>αἱ</span> <span class='ocrx_word' id='word_1_200' title='bbox 596 1329 727 1366; x_wconf 79' lang='grc' dir='ltr'>ὲμπύρως</span> <span class='ocrx_word' id='word_1_201' title='bbox 737 1329 782 1356; x_wconf 80' lang='grc' dir='ltr'>καὶ</span> <span class='ocrx_word' id='word_1_202' title='bbox 795 1329 952 1364; x_wconf 80' lang='grc' dir='ltr'>ἁκορέστως</span> 
     </span>
    </p>
   </div>
   <div class='ocr_carea' id='block_1_31' title="bbox 164 1375 951 1412">
    <p class='ocr_par' dir='ltr' id='par_1_31' title="bbox 164 1375 951 1412">
     <span class='ocr_line' id='line_1_31' title="bbox 164 1375 951 1412; baseline -0.001 -9"><span class='ocrx_word' id='word_1_203' title='bbox 164 1375 215 1412; x_wconf 82' lang='grc' dir='ltr'>τὴν</span> <span class='ocrx_word' id='word_1_204' title='bbox 228 1376 339 1411; x_wconf 81' lang='grc' dir='ltr'><strong>ἀγάπην</strong></span> <span class='ocrx_word' id='word_1_205' title='bbox 353 1376 421 1411; x_wconf 73' lang='grc' dir='ltr'>πρὸς</span> <span class='ocrx_word' id='word_1_206' title='bbox 436 1376 539 1412; x_wconf 80' lang='grc' dir='ltr'>Κύριον</span> <span class='ocrx_word' id='word_1_207' title='bbox 549 1376 670 1411; x_wconf 72' lang='grc' dir='ltr'>ἔχουσαι,</span> <span class='ocrx_word' id='word_1_208' title='bbox 683 1375 757 1408; x_wconf 79' lang='grc' dir='ltr'>ἄξιαι</span> <span class='ocrx_word' id='word_1_209' title='bbox 775 1376 825 1410; x_wconf 84' lang='grc' dir='ltr'>τῆς</span> <span class='ocrx_word' id='word_1_210' title='bbox 841 1375 951 1402; x_wconf 80' lang='grc' dir='ltr'>αἰωνίου</span> 
     </span>
    </p>
   </div>
   <div class='ocr_carea' id='block_1_32' title="bbox 165 1421 951 1457">
    <p class='ocr_par' dir='ltr' id='par_1_32' title="bbox 165 1421 951 1457">
     <span class='ocr_line' id='line_1_32' title="bbox 165 1421 951 1457; baseline -0.001 -9"><span class='ocrx_word' id='word_1_211' title='bbox 165 1421 238 1456; x_wconf 77' lang='grc' dir='ltr'>ζωῆς</span> <span class='ocrx_word' id='word_1_212' title='bbox 253 1422 437 1457; x_wconf 82' lang='grc' dir='ltr'>τυγχάνουσι·</span> <span class='ocrx_word' id='word_1_213' title='bbox 463 1422 504 1448; x_wconf 78' lang='grc' dir='ltr'><strong>διδ</strong></span> <span class='ocrx_word' id='word_1_214' title='bbox 525 1422 573 1449; x_wconf 80' lang='grc' dir='ltr'>καὶ</span> <span class='ocrx_word' id='word_1_215' title='bbox 590 1421 644 1448; x_wconf 82' lang='grc' dir='ltr'>τῶν</span> <span class='ocrx_word' id='word_1_216' title='bbox 665 1421 759 1448; x_wconf 81' lang='grc' dir='ltr'>παθῶν</span> <span class='ocrx_word' id='word_1_217' title='bbox 781 1422 830 1456; x_wconf 88' lang='grc' dir='ltr'>τῆς</span> <span class='ocrx_word' id='word_1_218' title='bbox 849 1421 951 1448; x_wconf 83' lang='grc' dir='ltr'>ἀπολυ-</span> 
     </span>
    </p>
   </div>
   <div class='ocr_carea' id='block_1_33' title="bbox 164 1465 948 1502">
    <p class='ocr_par' dir='ltr' id='par_1_33' title="bbox 164 1465 948 1502">
     <span class='ocr_line' id='line_1_33' title="bbox 164 1465 948 1502; baseline -0.001 -9"><span class='ocrx_word' id='word_1_219' title='bbox 164 1467 291 1502; x_wconf 87' lang='grc' dir='ltr'>τρώσεως</span> <span class='ocrx_word' id='word_1_220' title='bbox 301 1467 505 1500; x_wconf 78' lang='grc' dir='ltr'>καταξιοῦνται,</span> <span class='ocrx_word' id='word_1_221' title='bbox 522 1467 569 1494; x_wconf 77' lang='grc' dir='ltr'>καὶ</span> <span class='ocrx_word' id='word_1_222' title='bbox 580 1467 627 1494; x_wconf 84' lang='grc' dir='ltr'>τοῦ</span> <span class='ocrx_word' id='word_1_223' title='bbox 638 1467 716 1501; x_wconf 78' lang='grc' dir='ltr'>ἁγίου</span> <span class='ocrx_word' id='word_1_224' title='bbox 732 1467 799 1494; x_wconf 87' lang='grc' dir='ltr'>Πνεύ</span> <span class='ocrx_word' id='word_1_225' title='bbox 804 1475 888 1502; x_wconf 85' lang='grc' dir='ltr'>ματος</span> <span class='ocrx_word' id='word_1_226' title='bbox 900 1465 948 1492; x_wconf 83' lang='grc' dir='ltr'>τοῦ</span> 
     </span>
    </p>
   </div>
   <div class='ocr_carea' id='block_1_34' title="bbox 163 1512 949 1548">
    <p class='ocr_par' dir='ltr' id='par_1_34' title="bbox 163 1512 949 1548">
     <span class='ocr_line' id='line_1_34' title="bbox 163 1512 949 1548; baseline -0.001 -9"><span class='ocrx_word' id='word_1_227' title='bbox 163 1513 283 1548; x_wconf 75' lang='grc' dir='ltr'>ἀρρήτου</span> <span class='ocrx_word' id='word_1_228' title='bbox 313 1512 360 1539; x_wconf 76' lang='grc' dir='ltr'>καὶ</span> <span class='ocrx_word' id='word_1_229' title='bbox 388 1514 524 1548; x_wconf 82' lang='grc' dir='ltr'>μυστικῆς</span> <span class='ocrx_word' id='word_1_230' title='bbox 555 1512 711 1544; x_wconf 81' lang='grc' dir='ltr'>κοινωνίας,</span> <span class='ocrx_word' id='word_1_231' title='bbox 731 1513 760 1538; x_wconf 81' lang='grc' dir='ltr'>ὲν</span> <span class='ocrx_word' id='word_1_232' title='bbox 786 1512 949 1547; x_wconf 85' lang='grc' dir='ltr'>πληρώματι</span> 
     </span>
    </p>
   </div>
   <div class='ocr_carea' id='block_1_35' title="bbox 163 1557 949 1594">
    <p class='ocr_par' dir='ltr' id='par_1_35' title="bbox 163 1557 949 1594">
     <span class='ocr_line' id='line_1_35' title="bbox 163 1557 949 1594; baseline -0.001 -10"><span class='ocrx_word' id='word_1_233' title='bbox 163 1558 285 1593; x_wconf 79' lang='grc' dir='ltr'>χάριτος,</span> <span class='ocrx_word' id='word_1_234' title='bbox 294 1558 430 1594; x_wconf 79' lang='grc' dir='ltr'>ἔκλαμψιν</span> <span class='ocrx_word' id='word_1_235' title='bbox 441 1558 490 1585; x_wconf 74' lang='grc' dir='ltr'>καὶ</span> <span class='ocrx_word' id='word_1_236' title='bbox 503 1558 648 1593; x_wconf 81' lang='grc' dir='ltr'>μετουσίαν</span> <span class='ocrx_word' id='word_1_237' title='bbox 659 1557 771 1589; x_wconf 83' lang='grc' dir='ltr'>τελείως</span> <span class='ocrx_word' id='word_1_238' title='bbox 781 1557 949 1592; x_wconf 78' lang='grc' dir='ltr'>κομίζονται.</span> 
     </span>
    </p>
   </div>
   <div class='ocr_carea' id='block_1_36' title="bbox 164 1603 951 1640">
    <p class='ocr_par' dir='ltr' id='par_1_36' title="bbox 164 1603 951 1640">
     <span class='ocr_line' id='line_1_36' title="bbox 164 1603 951 1640; baseline -0.001 -10"><span class='ocrx_word' id='word_1_239' title='bbox 164 1603 248 1630; x_wconf 85' lang='grc' dir='ltr'>Ὀσαι</span> <span class='ocrx_word' id='word_1_240' title='bbox 264 1603 293 1630; x_wconf 72' lang='grc' dir='ltr'><strong>δὲ</strong></span> <span class='ocrx_word' id='word_1_241' title='bbox 312 1604 439 1640; x_wconf 74' lang='grc' dir='ltr'>ἄνανδροι</span> <span class='ocrx_word' id='word_1_242' title='bbox 461 1606 510 1631; x_wconf 78' lang='grc' dir='ltr'>καὶ</span> <span class='ocrx_word' id='word_1_243' title='bbox 528 1603 623 1639; x_wconf 86' lang='grc' dir='ltr'>χαῦνοι</span> <span class='ocrx_word' id='word_1_244' title='bbox 638 1603 733 1639; x_wconf 82' lang='grc' dir='ltr'>ψυχαὶ,</span> <span class='ocrx_word' id='word_1_245' title='bbox 761 1603 798 1639; x_wconf 82' lang='grc' dir='ltr'>μὴ</span> <span class='ocrx_word' id='word_1_246' title='bbox 823 1603 951 1638; x_wconf 78' lang='grc' dir='ltr'>ζητοῦσαι</span> 
     </span>
    </p>
   </div>
   <div class='ocr_carea' id='block_1_37' title="bbox 163 1648 951 1684">
    <p class='ocr_par' dir='ltr' id='par_1_37' title="bbox 163 1648 951 1684">
     <span class='ocr_line' id='line_1_37' title="bbox 163 1648 951 1684; baseline -0.001 -9"><span class='ocrx_word' id='word_1_247' title='bbox 163 1648 341 1682; x_wconf 84' lang='grc' dir='ltr'>ἀπεντεῦθεν,</span> <span class='ocrx_word' id='word_1_248' title='bbox 356 1649 394 1680; x_wconf 85' lang='grc' dir='ltr'>ὼς</span> <span class='ocrx_word' id='word_1_249' title='bbox 405 1649 445 1675; x_wconf 77' lang='grc' dir='ltr'>ἔτι</span> <span class='ocrx_word' id='word_1_250' title='bbox 460 1650 490 1676; x_wconf 82' lang='grc' dir='ltr'>ὲν</span> <span class='ocrx_word' id='word_1_251' title='bbox 512 1649 594 1684; x_wconf 77' lang='grc' dir='ltr'>σαρκὶ</span> <span class='ocrx_word' id='word_1_252' title='bbox 609 1649 782 1684; x_wconf 81' lang='grc' dir='ltr'>τυγχάνουσι,</span> <span class='ocrx_word' id='word_1_253' title='bbox 810 1648 855 1675; x_wconf 75' lang='grc' dir='ltr'><strong>τὸν</strong></span> <span class='ocrx_word' id='word_1_254' title='bbox 871 1649 951 1682; x_wconf 80' lang='grc' dir='ltr'>ἁγια-</span> 
     </span>
    </p>
   </div>
   <div class='ocr_carea' id='block_1_38' title="bbox 164 1693 950 1730">
    <p class='ocr_par' dir='ltr' id='par_1_38' title="bbox 164 1693 950 1730">
     <span class='ocr_line' id='line_1_38' title="bbox 164 1693 950 1730; baseline 0 -11"><span class='ocrx_word' id='word_1_255' title='bbox 164 1693 232 1728; x_wconf 83' lang='grc' dir='ltr'>σμδν</span> <span class='ocrx_word' id='word_1_256' title='bbox 248 1693 297 1729; x_wconf 84' lang='grc' dir='ltr'>τῆς</span> <span class='ocrx_word' id='word_1_257' title='bbox 311 1694 426 1730; x_wconf 81' lang='grc' dir='ltr'>καρδίας</span> <span class='ocrx_word' id='word_1_258' title='bbox 449 1694 499 1720; x_wconf 82' lang='grc' dir='ltr'>οὐκ</span> <span class='ocrx_word' id='word_1_259' title='bbox 512 1694 545 1720; x_wconf 82' lang='grc' dir='ltr'>ὲκ</span> <span class='ocrx_word' id='word_1_260' title='bbox 561 1694 672 1729; x_wconf 85' lang='grc' dir='ltr'>μέρους,</span> <span class='ocrx_word' id='word_1_261' title='bbox 686 1693 755 1720; x_wconf 81' lang='grc' dir='ltr'>ἀλλὰ</span> <span class='ocrx_word' id='word_1_262' title='bbox 774 1693 895 1725; x_wconf 79' lang='grc' dir='ltr'>τελείως,</span> <span class='ocrx_word' id='word_1_263' title='bbox 916 1693 950 1719; x_wconf 89' lang='grc' dir='ltr'><strong>δι’</strong></span> 
     </span>
    </p>
   </div>
   <div class='ocr_carea' id='block_1_39' title="bbox 164 1738 950 1775">
    <p class='ocr_par' dir='ltr' id='par_1_39' title="bbox 164 1738 950 1775">
     <span class='ocr_line' id='line_1_39' title="bbox 164 1738 950 1775; baseline 0.001 -10"><span class='ocrx_word' id='word_1_264' title='bbox 164 1738 304 1775; x_wconf 79' lang='grc' dir='ltr'>ὑπονομῆς</span> <span class='ocrx_word' id='word_1_265' title='bbox 317 1740 365 1766; x_wconf 70' lang='grc' dir='ltr'>καὶ</span> <span class='ocrx_word' id='word_1_266' title='bbox 379 1739 570 1775; x_wconf 83' lang='grc' dir='ltr'>μακροθυμίας</span> <span class='ocrx_word' id='word_1_267' title='bbox 581 1739 720 1773; x_wconf 82' lang='grc' dir='ltr'>δέξασθαι,</span> <span class='ocrx_word' id='word_1_268' title='bbox 732 1739 780 1766; x_wconf 74' lang='grc' dir='ltr'>καὶ</span> <span class='ocrx_word' id='word_1_269' title='bbox 789 1740 950 1774; x_wconf 82' lang='grc' dir='ltr'>κοινωνῆσαι</span> 
     </span>
    </p>
   </div>
   <div class='ocr_carea' id='block_1_40' title="bbox 163 1784 950 1822">
    <p class='ocr_par' dir='ltr' id='par_1_40' title="bbox 163 1784 950 1822">
     <span class='ocr_line' id='line_1_40' title="bbox 163 1784 950 1822; baseline 0 -12"><span class='ocrx_word' id='word_1_270' title='bbox 163 1784 205 1822; x_wconf 73' lang='grc' dir='ltr'>τῷ</span> <span class='ocrx_word' id='word_1_271' title='bbox 218 1785 386 1820; x_wconf 83' lang='grc' dir='ltr'>παρακλήτῳ</span> <span class='ocrx_word' id='word_1_272' title='bbox 402 1785 542 1819; x_wconf 84' lang='grc' dir='ltr'>Πνεύματι</span> <span class='ocrx_word' id='word_1_273' title='bbox 565 1785 596 1811; x_wconf 85' lang='grc' dir='ltr'>ὲν</span> <span class='ocrx_word' id='word_1_274' title='bbox 610 1785 759 1820; x_wconf 80' lang='grc' dir='ltr'>τελειότητι</span> <span class='ocrx_word' id='word_1_275' title='bbox 780 1785 849 1819; x_wconf 83' lang='grc' dir='ltr'>μετὰ</span> <span class='ocrx_word' id='word_1_276' title='bbox 860 1785 950 1819; x_wconf 85' lang='grc' dir='ltr'>πάσης</span> 
     </span>
    </p>
   </div>
   <div class='ocr_carea' id='block_1_41' title="bbox 163 1830 950 1866">
    <p class='ocr_par' dir='ltr' id='par_1_41' title="bbox 163 1830 950 1866">
     <span class='ocr_line' id='line_1_41' title="bbox 163 1830 950 1866; baseline -0.001 -9"><span class='ocrx_word' id='word_1_277' title='bbox 163 1831 318 1866; x_wconf 75' lang='grc' dir='ltr'>αἰσθήσεως</span> <span class='ocrx_word' id='word_1_278' title='bbox 344 1831 391 1857; x_wconf 85' lang='grc' dir='ltr'>καὶ</span> <span class='ocrx_word' id='word_1_279' title='bbox 408 1831 595 1866; x_wconf 82' lang='grc' dir='ltr'>πληροφορίας</span> <span class='ocrx_word' id='word_1_280' title='bbox 616 1831 652 1865; x_wconf 83' lang='grc' dir='ltr'>μὴ</span> <span class='ocrx_word' id='word_1_281' title='bbox 667 1830 823 1863; x_wconf 79' lang='grc' dir='ltr'>ὲλπίσασαι,</span> <span class='ocrx_word' id='word_1_282' title='bbox 838 1830 885 1856; x_wconf 81' lang='grc' dir='ltr'>καὶ</span> <span class='ocrx_word' id='word_1_283' title='bbox 896 1830 950 1856; x_wconf 85' lang='grc' dir='ltr'><strong>τῶν</strong></span> 
     </span>
    </p>
   </div>
   <div class='ocr_carea' id='block_1_42' title="bbox 162 1874 950 1911">
    <p class='ocr_par' dir='ltr' id='par_1_42' title="bbox 162 1874 950 1911">
     <span class='ocr_line' id='line_1_42' title="bbox 162 1874 950 1911; baseline 0.001 -10"><span class='ocrx_word' id='word_1_284' title='bbox 162 1875 258 1902; x_wconf 82' lang='grc' dir='ltr'>παθῶν</span> <span class='ocrx_word' id='word_1_285' title='bbox 270 1876 320 1910; x_wconf 87' lang='grc' dir='ltr'>τῆς</span> <span class='ocrx_word' id='word_1_286' title='bbox 342 1874 442 1906; x_wconf 83' lang='grc' dir='ltr'>κακίας</span> <span class='ocrx_word' id='word_1_287' title='bbox 460 1875 631 1911; x_wconf 82' lang='grc' dir='ltr'>λυτρωθῆναι</span> <span class='ocrx_word' id='word_1_288' title='bbox 652 1875 696 1902; x_wconf 82' lang='grc' dir='ltr'><strong>διὰ</strong></span> <span class='ocrx_word' id='word_1_289' title='bbox 717 1875 764 1902; x_wconf 78' lang='grc' dir='ltr'>τοῦ</span> <span class='ocrx_word' id='word_1_290' title='bbox 792 1874 950 1909; x_wconf 82' lang='grc' dir='ltr'>Πνεύματος</span> 
     </span>
    </p>
   </div>
   <div class='ocr_carea' id='block_1_43' title="bbox 165 1919 949 1956">
    <p class='ocr_par' dir='ltr' id='par_1_43' title="bbox 165 1919 949 1956">
     <span class='ocr_line' id='line_1_43' title="bbox 165 1919 949 1956; baseline 0.001 -10"><span class='ocrx_word' id='word_1_291' title='bbox 165 1920 204 1956; x_wconf 80' lang='grc' dir='ltr'>μὴ</span> <span class='ocrx_word' id='word_1_292' title='bbox 221 1919 445 1955; x_wconf 77' lang='grc' dir='ltr'>ὲκδεξάμεναι,ἢ</span> <span class='ocrx_word' id='word_1_293' title='bbox 467 1920 548 1947; x_wconf 85' lang='grc' dir='ltr'>πάλιν</span> <span class='ocrx_word' id='word_1_294' title='bbox 573 1920 685 1956; x_wconf 85' lang='grc' dir='ltr'>χάριτος</span> <span class='ocrx_word' id='word_1_295' title='bbox 712 1920 787 1952; x_wconf 80' lang='grc' dir='ltr'>θείας</span> <span class='ocrx_word' id='word_1_296' title='bbox 813 1920 949 1953; x_wconf 76' lang='grc' dir='ltr'>καταξιω-</span> 
     </span>
    </p>
   </div>
   <div class='ocr_carea' id='block_1_44' title="bbox 164 1966 949 2004">
    <p class='ocr_par' dir='ltr' id='par_1_44' title="bbox 164 1966 949 2004">
     <span class='ocr_line' id='line_1_44' title="bbox 164 1966 949 2004; baseline 0.003 -12"><span class='ocrx_word' id='word_1_297' title='bbox 164 1966 253 1993; x_wconf 81' lang='grc' dir='ltr'>οεῖσαι</span> <span class='ocrx_word' id='word_1_298' title='bbox 272 1966 312 1997; x_wconf 85' lang='grc' dir='ltr'>εις</span> <span class='ocrx_word' id='word_1_299' title='bbox 327 1966 494 2002; x_wconf 86' lang='grc' dir='ltr'>ἀμεριμνίαν</span> <span class='ocrx_word' id='word_1_300' title='bbox 505 1967 565 1994; x_wconf 81' lang='grc' dir='ltr'>τινὰ</span> <span class='ocrx_word' id='word_1_301' title='bbox 582 1969 629 1994; x_wconf 76' lang='grc' dir='ltr'>καὶ</span> <span class='ocrx_word' id='word_1_302' title='bbox 645 1967 748 2001; x_wconf 79' lang='grc' dir='ltr'>ἄνεσιν,</span> <span class='ocrx_word' id='word_1_303' title='bbox 770 1967 822 1994; x_wconf 75' lang='grc' dir='ltr'><strong>ὑπὸ</strong></span> <span class='ocrx_word' id='word_1_304' title='bbox 837 1968 887 2004; x_wconf 84' lang='grc' dir='ltr'>τῆς</span> <span class='ocrx_word' id='word_1_305' title='bbox 899 1976 949 1994; x_wconf 83' lang='grc' dir='ltr'>κα-</span> 
     </span>
    </p>
   </div>
   <div class='ocr_carea' id='block_1_45' title="bbox 163 2011 712 2046">
    <p class='ocr_par' dir='ltr' id='par_1_45' title="bbox 163 2011 712 2046">
     <span class='ocr_line' id='line_1_45' title="bbox 163 2011 712 2046; baseline 0.002 -8"><span class='ocrx_word' id='word_1_306' title='bbox 163 2011 228 2043; x_wconf 82' lang='grc' dir='ltr'>κίας</span> <span class='ocrx_word' id='word_1_307' title='bbox 244 2011 436 2046; x_wconf 85' lang='grc' dir='ltr'>κλεπτόμεναι,</span> <span class='ocrx_word' id='word_1_308' title='bbox 451 2012 552 2044; x_wconf 82' lang='grc' dir='ltr'>ἑαυτὰς</span> <span class='ocrx_word' id='word_1_309' title='bbox 567 2012 712 2045; x_wconf 78' lang='grc' dir='ltr'>ἐξέδωκαν.</span> 
     </span>
    </p>
   </div>
   <div class='ocr_carea' id='block_1_46' title="bbox 199 2055 948 2093">
    <p class='ocr_par' dir='ltr' id='par_1_46' title="bbox 199 2055 948 2093">
     <span class='ocr_line' id='line_1_46' title="bbox 199 2055 948 2093; baseline 0.003 -11"><span class='ocrx_word' id='word_1_310' title='bbox 199 2056 237 2084; x_wconf 91' lang='grc' dir='ltr'><strong>Γ’.</strong></span> <span class='ocrx_word' id='word_1_311' title='bbox 258 2056 301 2088; x_wconf 84' lang='grc' dir='ltr'>Ὧς</span> <span class='ocrx_word' id='word_1_312' title='bbox 324 2056 365 2083; x_wconf 81' lang='grc' dir='ltr'>ὅτι</span> <span class='ocrx_word' id='word_1_313' title='bbox 388 2056 520 2084; x_wconf 80' lang='grc' dir='ltr'>λαῦοῢσαι</span> <span class='ocrx_word' id='word_1_314' title='bbox 534 2057 584 2092; x_wconf 79' lang='grc' dir='ltr'>τὴν</span> <span class='ocrx_word' id='word_1_315' title='bbox 603 2058 684 2093; x_wconf 86' lang='grc' dir='ltr'>χάριν</span> <span class='ocrx_word' id='word_1_316' title='bbox 706 2055 754 2084; x_wconf 81' lang='grc' dir='ltr'><strong>τοῦ</strong></span> <span class='ocrx_word' id='word_1_317' title='bbox 777 2057 948 2092; x_wconf 86' lang='grc' dir='ltr'>Πνεύματος,</span> 
     </span>
    </p>
   </div>
   <div class='ocr_carea' id='block_1_47' title="bbox 164 2102 946 2138">
    <p class='ocr_par' dir='ltr' id='par_1_47' title="bbox 164 2102 946 2138">
     <span class='ocr_line' id='line_1_47' title="bbox 164 2102 946 2138; baseline 0.003 -10"><span class='ocrx_word' id='word_1_318' title='bbox 164 2102 213 2129; x_wconf 70' lang='grc' dir='ltr'>καὶ</span> <span class='ocrx_word' id='word_1_319' title='bbox 226 2102 334 2137; x_wconf 74' lang='grc' dir='ltr'>ἔχουσαι</span> <span class='ocrx_word' id='word_1_320' title='bbox 357 2102 532 2138; x_wconf 79' lang='grc' dir='ltr'>παράκλησιν</span> <span class='ocrx_word' id='word_1_321' title='bbox 545 2103 596 2137; x_wconf 86' lang='grc' dir='ltr'>τῆς</span> <span class='ocrx_word' id='word_1_322' title='bbox 609 2103 722 2138; x_wconf 75' lang='grc' dir='ltr'>χάριτος</span> <span class='ocrx_word' id='word_1_323' title='bbox 736 2103 764 2129; x_wconf 81' lang='grc' dir='ltr'>ὲν</span> <span class='ocrx_word' id='word_1_324' title='bbox 783 2103 946 2136; x_wconf 78' lang='grc' dir='ltr'>ἀναπαύσει,</span> 
     </span>
    </p>
   </div>
   <div class='ocr_carea' id='block_1_48' title="bbox 164 2147 948 2184">
    <p class='ocr_par' dir='ltr' id='par_1_48' title="bbox 164 2147 948 2184">
     <span class='ocr_line' id='line_1_48' title="bbox 164 2147 948 2184; baseline 0.004 -12"><span class='ocrx_word' id='word_1_325' title='bbox 164 2147 213 2173; x_wconf 75' lang='grc' dir='ltr'>καὶ</span> <span class='ocrx_word' id='word_1_326' title='bbox 230 2147 315 2182; x_wconf 82' lang='grc' dir='ltr'>πόθῳ,</span> <span class='ocrx_word' id='word_1_327' title='bbox 331 2148 378 2173; x_wconf 72' lang='grc' dir='ltr'>καὶ</span> <span class='ocrx_word' id='word_1_328' title='bbox 387 2147 535 2183; x_wconf 86' lang='grc' dir='ltr'>γλυκύτητι</span> <span class='ocrx_word' id='word_1_329' title='bbox 550 2150 734 2184; x_wconf 80' lang='grc' dir='ltr'>πνευματικῇ,</span> <span class='ocrx_word' id='word_1_330' title='bbox 745 2149 793 2175; x_wconf 64' lang='grc' dir='ltr'><strong>καὶ⁹</strong></span> <span class='ocrx_word' id='word_1_331' title='bbox 805 2149 851 2175; x_wconf 76' lang='grc' dir='ltr'><strong>ἐπὶ</strong></span> <span class='ocrx_word' id='word_1_332' title='bbox 862 2148 948 2183; x_wconf 85' lang='grc' dir='ltr'>τούτῳ</span> 
     </span>
    </p>
   </div>
   <div class='ocr_carea' id='block_1_49' title="bbox 1012 245 1793 282">
    <p class='ocr_par' dir='ltr' id='par_1_49' title="bbox 1012 245 1793 282">
     <span class='ocr_line' id='line_1_49' title="bbox 1012 245 1793 282; baseline 0.001 -10"><span class='ocrx_word' id='word_1_333' title='bbox 1012 245 1129 272; x_wconf 89' lang='lat' dir='ltr'><strong>aliorum</strong></span> <span class='ocrx_word' id='word_1_334' title='bbox 1151 245 1341 273; x_wconf 73' lang='lat' dir='ltr'><strong>admonitione</strong></span> <span class='ocrx_word' id='word_1_335' title='bbox 1363 255 1417 274; x_wconf 90' lang='lat' dir='ltr'><strong>non</strong></span> <span class='ocrx_word' id='word_1_336' title='bbox 1435 251 1577 282; x_wconf 87' lang='lat' dir='ltr'><strong>tantopere</strong></span> <span class='ocrx_word' id='word_1_337' title='bbox 1592 247 1725 282; x_wconf 78' lang='lat' dir='ltr'><strong>indigem,</strong></span> <span class='ocrx_word' id='word_1_338' title='bbox 1741 254 1793 274; x_wconf 87' lang='lat' dir='ltr'><strong>nec</strong></span> 
     </span>
    </p>
   </div>
   <div class='ocr_carea' id='block_1_50' title="bbox 1005 290 1794 325">
    <p class='ocr_par' dir='ltr' id='par_1_50' title="bbox 1005 290 1794 325">
     <span class='ocr_line' id='line_1_50' title="bbox 1005 290 1794 325; baseline 0.001 -8"><span class='ocrx_word' id='word_1_339' title='bbox 1005 291 1088 317; x_wconf 89' lang='lat' dir='ltr'><strong>etiam</strong></span> <span class='ocrx_word' id='word_1_340' title='bbox 1101 290 1239 318; x_wconf 87' lang='lat' dir='ltr'><strong>desiderio</strong></span> <span class='ocrx_word' id='word_1_341' title='bbox 1263 291 1379 323; x_wconf 60' lang='lat' dir='ltr'><strong>caelesti,</strong></span> <span class='ocrx_word' id='word_1_342' title='bbox 1396 293 1451 325; x_wconf 66' lang='lat' dir='ltr'><strong>jnec</strong></span> <span class='ocrx_word' id='word_1_343' title='bbox 1476 292 1582 319; x_wconf 89' lang='lat' dir='ltr'><strong>Domini</strong></span> <span class='ocrx_word' id='word_1_344' title='bbox 1603 299 1715 324; x_wconf 84' lang='lat' dir='ltr'><strong>amore;</strong></span> <span class='ocrx_word' id='word_1_345' title='bbox 1729 291 1794 318; x_wconf 89' lang='lat' dir='ltr'><strong>licet</strong></span> 
     </span>
    </p>
   </div>
   <div class='ocr_carea' id='block_1_51' title="bbox 1003 335 1792 370">
    <p class='ocr_par' dir='ltr' id='par_1_51' title="bbox 1003 335 1792 370">
     <span class='ocr_line' id='line_1_51' title="bbox 1003 335 1792 370; baseline 0.003 -9"><span class='ocrx_word' id='word_1_346' title='bbox 1003 335 1177 369; x_wconf 76' lang='lat' dir='ltr'><strong>aliquatenus</strong></span> <span class='ocrx_word' id='word_1_347' title='bbox 1190 343 1252 362; x_wconf 92' lang='lat' dir='ltr'><strong>eum</strong></span> <span class='ocrx_word' id='word_1_348' title='bbox 1265 335 1390 363; x_wconf 83' lang='lat' dir='ltr'><strong>imminui</strong></span> <span class='ocrx_word' id='word_1_349' title='bbox 1407 337 1542 370; x_wconf 81' lang='lat' dir='ltr'><strong>patienter</strong></span> <span class='ocrx_word' id='word_1_350' title='bbox 1552 336 1655 368; x_wconf 85' lang='lat' dir='ltr'><strong>ferant;</strong></span> <span class='ocrx_word' id='word_1_351' title='bbox 1672 336 1718 363; x_wconf 85' lang='lat' dir='ltr'><strong>sed</strong></span> <span class='ocrx_word' id='word_1_352' title='bbox 1730 341 1792 363; x_wconf 64' lang='lat' dir='ltr'><strong>totae</strong></span> 
     </span>
    </p>
   </div>
   <div class='ocr_carea' id='block_1_52' title="bbox 1004 381 1791 416">
    <p class='ocr_par' dir='ltr' id='par_1_52' title="bbox 1004 381 1791 416">
     <span class='ocr_line' id='line_1_52' title="bbox 1004 381 1791 416; baseline 0.001 -9"><span class='ocrx_word' id='word_1_353' title='bbox 1004 381 1116 414; x_wconf 78' lang='lat' dir='ltr'><strong>penitus</strong></span> <span class='ocrx_word' id='word_1_354' title='bbox 1131 382 1207 409; x_wconf 90' lang='lat' dir='ltr'><strong>cruci</strong></span> <span class='ocrx_word' id='word_1_355' title='bbox 1230 381 1333 410; x_wconf 87' lang='lat' dir='ltr'><strong>Christi</strong></span> <span class='ocrx_word' id='word_1_356' title='bbox 1359 382 1454 413; x_wconf 80' lang='lat' dir='ltr'><strong>aﬂixae,</strong></span> <span class='ocrx_word' id='word_1_357' title='bbox 1479 382 1602 416; x_wconf 86' lang='lat' dir='ltr'><strong>quotidie</strong></span> <span class='ocrx_word' id='word_1_358' title='bbox 1618 382 1791 416; x_wconf 88' lang='lat' dir='ltr'><strong>spiritualem</strong></span> 
     </span>
    </p>
   </div>
   <div class='ocr_carea' id='block_1_53' title="bbox 1003 425 1790 462">
    <p class='ocr_par' dir='ltr' id='par_1_53' title="bbox 1003 425 1790 462">
     <span class='ocr_line' id='line_1_53' title="bbox 1003 425 1790 462; baseline 0.001 -9"><span class='ocrx_word' id='word_1_359' title='bbox 1003 425 1158 460; x_wconf 86' lang='lat' dir='ltr'><strong>profectum</strong></span> <span class='ocrx_word' id='word_1_360' title='bbox 1181 435 1246 462; x_wconf 78' lang='lat' dir='ltr'><strong>erga</strong></span> <span class='ocrx_word' id='word_1_361' title='bbox 1275 435 1407 462; x_wconf 89' lang='lat' dir='ltr'><strong>sponsum</strong></span> <span class='ocrx_word' id='word_1_362' title='bbox 1433 428 1605 462; x_wconf 86' lang='lat' dir='ltr'><strong>spiritualem</strong></span> <span class='ocrx_word' id='word_1_363' title='bbox 1632 428 1660 454; x_wconf 92' lang='lat' dir='ltr'><strong>in</strong></span> <span class='ocrx_word' id='word_1_364' title='bbox 1688 427 1790 462; x_wconf 87' lang='lat' dir='ltr'><strong>seipsis</strong></span> 
     </span>
    </p>
   </div>
   <div class='ocr_carea' id='block_1_54' title="bbox 1003 471 1788 506">
    <p class='ocr_par' dir='ltr' id='par_1_54' title="bbox 1003 471 1788 506">
     <span class='ocr_line' id='line_1_54' title="bbox 1003 471 1788 506; baseline 0.001 -8"><span class='ocrx_word' id='word_1_365' title='bbox 1003 471 1170 506; x_wconf 87' lang='lat' dir='ltr'><strong>percipiunt.</strong></span> <span class='ocrx_word' id='word_1_366' title='bbox 1186 473 1343 500; x_wconf 68' lang='lat' dir='ltr'><strong>Vulnerata:</strong></span> <span class='ocrx_word' id='word_1_367' title='bbox 1357 477 1450 500; x_wconf 90' lang='lat' dir='ltr'><strong>autem</strong></span> <span class='ocrx_word' id='word_1_368' title='bbox 1467 480 1530 499; x_wconf 94' lang='lat' dir='ltr'><strong>cum</strong></span> <span class='ocrx_word' id='word_1_369' title='bbox 1554 473 1609 500; x_wconf 90' lang='lat' dir='ltr'><strong>sint</strong></span> <span class='ocrx_word' id='word_1_370' title='bbox 1622 473 1727 500; x_wconf 73' lang='lat' dir='ltr'><strong>cmlesti</strong></span> <span class='ocrx_word' id='word_1_371' title='bbox 1742 472 1788 499; x_wconf 68' lang='lat' dir='ltr'><strong>de~</strong></span> 
     </span>
    </p>
   </div>
   <div class='ocr_carea' id='block_1_55' title="bbox 1003 517 1791 554">
    <p class='ocr_par' dir='ltr' id='par_1_55' title="bbox 1003 517 1791 554">
     <span class='ocr_line' id='line_1_55' title="bbox 1003 517 1791 554; baseline 0 -10"><span class='ocrx_word' id='word_1_372' title='bbox 1003 518 1116 551; x_wconf 86' lang='lat' dir='ltr'><strong>siderio,</strong></span> <span class='ocrx_word' id='word_1_373' title='bbox 1131 518 1304 554; x_wconf 86' lang='lat' dir='ltr'><strong>etjustitiam</strong></span> <span class='ocrx_word' id='word_1_374' title='bbox 1324 518 1458 545; x_wconf 87' lang='lat' dir='ltr'><strong>virtutum</strong></span> <span class='ocrx_word' id='word_1_375' title='bbox 1478 518 1612 549; x_wconf 81' lang='lat' dir='ltr'><strong>esuriant.</strong></span> <span class='ocrx_word' id='word_1_376' title='bbox 1631 517 1791 544; x_wconf 88' lang='lat' dir='ltr'><strong>illustratio-</strong></span> 
     </span>
    </p>
   </div>
   <div class='ocr_carea' id='block_1_56' title="bbox 1004 563 1789 599">
    <p class='ocr_par' dir='ltr' id='par_1_56' title="bbox 1004 563 1789 599">
     <span class='ocr_line' id='line_1_56' title="bbox 1004 563 1789 599; baseline -0.003 -8"><span class='ocrx_word' id='word_1_377' title='bbox 1004 572 1067 592; x_wconf 91' lang='lat' dir='ltr'><strong>nem</strong></span> <span class='ocrx_word' id='word_1_378' title='bbox 1091 565 1207 599; x_wconf 82' lang='lat' dir='ltr'><strong>spiritus</strong></span> <span class='ocrx_word' id='word_1_379' title='bbox 1222 572 1329 592; x_wconf 83' lang='lat' dir='ltr'><strong>summo</strong></span> <span class='ocrx_word' id='word_1_380' title='bbox 1362 572 1394 592; x_wconf 86' lang='lat' dir='ltr'><strong>ac</strong></span> <span class='ocrx_word' id='word_1_381' title='bbox 1418 563 1566 591; x_wconf 90' lang='lat' dir='ltr'><strong>insatiabili</strong></span> <span class='ocrx_word' id='word_1_382' title='bbox 1590 563 1726 590; x_wconf 87' lang='lat' dir='ltr'><strong>desiderio</strong></span> <span class='ocrx_word' id='word_1_383' title='bbox 1741 571 1789 590; x_wconf 83' lang='lat' dir='ltr'><strong>ex-</strong></span> 
     </span>
    </p>
   </div>
   <div class='ocr_carea' id='block_1_57' title="bbox 1003 609 1789 645">
    <p class='ocr_par' dir='ltr' id='par_1_57' title="bbox 1003 609 1789 645">
     <span class='ocr_line' id='line_1_57' title="bbox 1003 609 1789 645; baseline -0.005 -7"><span class='ocrx_word' id='word_1_384' title='bbox 1003 614 1138 645; x_wconf 82' lang='lat' dir='ltr'><strong>spectant.</strong></span> <span class='ocrx_word' id='word_1_385' title='bbox 1150 610 1184 638; x_wconf 87' lang='lat' dir='ltr'><strong>Et</strong></span> <span class='ocrx_word' id='word_1_386' title='bbox 1197 611 1263 637; x_wconf 88' lang='lat' dir='ltr'><strong>licet</strong></span> <span class='ocrx_word' id='word_1_387' title='bbox 1273 610 1430 637; x_wconf 86' lang='lat' dir='ltr'><strong>divinorum</strong></span> <span class='ocrx_word' id='word_1_388' title='bbox 1442 609 1632 645; x_wconf 83' lang='lat' dir='ltr'><strong>mysteriorum</strong></span> <span class='ocrx_word' id='word_1_389' title='bbox 1647 616 1694 643; x_wconf 90' lang='lat' dir='ltr'><strong>per</strong></span> <span class='ocrx_word' id='word_1_390' title='bbox 1708 609 1789 635; x_wconf 85' lang='lat' dir='ltr'><strong>fidem</strong></span> 
     </span>
    </p>
   </div>
   <div class='ocr_carea' id='block_1_58' title="bbox 1002 654 1791 691">
    <p class='ocr_par' dir='ltr' id='par_1_58' title="bbox 1002 654 1791 691">
     <span class='ocr_line' id='line_1_58' title="bbox 1002 654 1791 691; baseline -0.004 -9"><span class='ocrx_word' id='word_1_391' title='bbox 1002 663 1080 683; x_wconf 88' lang='lat' dir='ltr'><strong>suam</strong></span> <span class='ocrx_word' id='word_1_392' title='bbox 1106 656 1290 691; x_wconf 81' lang='lat' dir='ltr'><strong>cognitionem</strong></span> <span class='ocrx_word' id='word_1_393' title='bbox 1305 655 1438 691; x_wconf 80' lang='lat' dir='ltr'><strong>consequi</strong></span> <span class='ocrx_word' id='word_1_394' title='bbox 1453 655 1544 690; x_wconf 73' lang='lat' dir='ltr'><strong>digna:</strong></span> <span class='ocrx_word' id='word_1_395' title='bbox 1563 654 1727 686; x_wconf 77' lang='lat' dir='ltr'><strong>habeantur,</strong></span> <span class='ocrx_word' id='word_1_396' title='bbox 1742 658 1791 680; x_wconf 86' lang='lat' dir='ltr'><strong>aut</strong></span> 
     </span>
    </p>
   </div>
   <div class='ocr_carea' id='block_1_59' title="bbox 1003 699 1790 736">
    <p class='ocr_par' dir='ltr' id='par_1_59' title="bbox 1003 699 1790 736">
     <span class='ocr_line' id='line_1_59' title="bbox 1003 699 1790 736; baseline -0.003 -9"><span class='ocrx_word' id='word_1_397' title='bbox 1003 700 1104 728; x_wconf 66' lang='lat' dir='ltr'><strong>laetitia:</strong></span> <span class='ocrx_word' id='word_1_398' title='bbox 1125 701 1220 736; x_wconf 63' lang='lat' dir='ltr'><strong>gratiae</strong></span> <span class='ocrx_word' id='word_1_399' title='bbox 1244 700 1364 728; x_wconf 62' lang='lat' dir='ltr'><strong>caelestis</strong></span> <span class='ocrx_word' id='word_1_400' title='bbox 1380 700 1527 735; x_wconf 84' lang='lat' dir='ltr'><strong>participes</strong></span> <span class='ocrx_word' id='word_1_401' title='bbox 1541 699 1624 731; x_wconf 86' lang='lat' dir='ltr'><strong>ﬁant;</strong></span> <span class='ocrx_word' id='word_1_402' title='bbox 1638 707 1693 726; x_wconf 87' lang='lat' dir='ltr'><strong>non</strong></span> <span class='ocrx_word' id='word_1_403' title='bbox 1705 699 1790 726; x_wconf 83' lang='lat' dir='ltr'><strong>conii-</strong></span> 
     </span>
    </p>
   </div>
   <div class='ocr_carea' id='block_1_60' title="bbox 1002 746 1787 782">
    <p class='ocr_par' dir='ltr' id='par_1_60' title="bbox 1002 746 1787 782">
     <span class='ocr_line' id='line_1_60' title="bbox 1002 746 1787 782; baseline -0.003 -8"><span class='ocrx_word' id='word_1_404' title='bbox 1002 746 1072 774; x_wconf 89' lang='lat' dir='ltr'><strong>dunt</strong></span> <span class='ocrx_word' id='word_1_405' title='bbox 1086 751 1175 774; x_wconf 89' lang='lat' dir='ltr'><strong>tamen</strong></span> <span class='ocrx_word' id='word_1_406' title='bbox 1190 747 1243 774; x_wconf 87' lang='lat' dir='ltr'><strong>sibi</strong></span> <span class='ocrx_word' id='word_1_407' title='bbox 1256 747 1331 782; x_wconf 56' lang='lat' dir='ltr'><strong>ipsae,</strong></span> <span class='ocrx_word' id='word_1_408' title='bbox 1347 747 1536 774; x_wconf 77' lang='lat' dir='ltr'><strong>existimantes</strong></span> <span class='ocrx_word' id='word_1_409' title='bbox 1547 754 1577 773; x_wconf 89' lang='lat' dir='ltr'><strong>se</strong></span> <span class='ocrx_word' id='word_1_410' title='bbox 1591 746 1696 782; x_wconf 88' lang='lat' dir='ltr'><strong>aliquid</strong></span> <span class='ocrx_word' id='word_1_411' title='bbox 1707 753 1767 773; x_wconf 85' lang='lat' dir='ltr'><strong>esse</strong></span> <span class='ocrx_word' id='word_1_412' title='bbox 1779 753 1787 772; x_wconf 91' lang='lat'><strong>:</strong></span> 
     </span>
    </p>
   </div>
   <div class='ocr_carea' id='block_1_61' title="bbox 1002 792 1789 828">
    <p class='ocr_par' dir='ltr' id='par_1_61' title="bbox 1002 792 1789 828">
     <span class='ocr_line' id='line_1_61' title="bbox 1002 792 1789 828; baseline -0.003 -8"><span class='ocrx_word' id='word_1_413' title='bbox 1002 793 1050 820; x_wconf 86' lang='lat' dir='ltr'><strong>sed</strong></span> <span class='ocrx_word' id='word_1_414' title='bbox 1065 798 1168 827; x_wconf 89' lang='lat' dir='ltr'><strong>quanto</strong></span> <span class='ocrx_word' id='word_1_415' title='bbox 1183 793 1270 828; x_wconf 76' lang='lat' dir='ltr'><strong>magis</strong></span> <span class='ocrx_word' id='word_1_416' title='bbox 1284 793 1475 828; x_wconf 88' lang='lat' dir='ltr'><strong>spiritualibus</strong></span> <span class='ocrx_word' id='word_1_417' title='bbox 1497 793 1578 820; x_wconf 83' lang='lat' dir='ltr'><strong>donis</strong></span> <span class='ocrx_word' id='word_1_418' title='bbox 1599 792 1689 827; x_wconf 66' lang='lat' dir='ltr'><strong>dignae</strong></span> <span class='ocrx_word' id='word_1_419' title='bbox 1704 800 1789 826; x_wconf 83' lang='lat' dir='ltr'><strong>repu-</strong></span> 
     </span>
    </p>
   </div>
   <div class='ocr_carea' id='block_1_62' title="bbox 1003 837 1789 873">
    <p class='ocr_par' dir='ltr' id='par_1_62' title="bbox 1003 837 1789 873">
     <span class='ocr_line' id='line_1_62' title="bbox 1003 837 1789 873; baseline -0.001 -9"><span class='ocrx_word' id='word_1_420' title='bbox 1003 841 1107 871; x_wconf 82' lang='lat' dir='ltr'><strong>tantur,</strong></span> <span class='ocrx_word' id='word_1_421' title='bbox 1121 842 1197 865; x_wconf 87' lang='lat' dir='ltr'><strong>tanto</strong></span> <span class='ocrx_word' id='word_1_422' title='bbox 1220 839 1306 873; x_wconf 81' lang='lat' dir='ltr'><strong>magis</strong></span> <span class='ocrx_word' id='word_1_423' title='bbox 1318 847 1350 865; x_wconf 93' lang='lat' dir='ltr'><strong>ac</strong></span> <span class='ocrx_word' id='word_1_424' title='bbox 1369 838 1527 873; x_wconf 84' lang='lat' dir='ltr'><strong>diligentius</strong></span> <span class='ocrx_word' id='word_1_425' title='bbox 1541 838 1686 865; x_wconf 80' lang='lat' dir='ltr'><strong>insatiabili</strong></span> <span class='ocrx_word' id='word_1_426' title='bbox 1699 837 1789 864; x_wconf 83' lang='lat' dir='ltr'><strong>avidi-</strong></span> 
     </span>
    </p>
   </div>
   <div class='ocr_carea' id='block_1_63' title="bbox 1002 883 1788 918">
    <p class='ocr_par' dir='ltr' id='par_1_63' title="bbox 1002 883 1788 918">
     <span class='ocr_line' id='line_1_63' title="bbox 1002 883 1788 918; baseline 0 -8"><span class='ocrx_word' id='word_1_427' title='bbox 1002 887 1058 910; x_wconf 80' lang='lat' dir='ltr'><strong>tate</strong></span> <span class='ocrx_word' id='word_1_428' title='bbox 1073 883 1194 911; x_wconf 86' lang='lat' dir='ltr'><strong>ccelestis</strong></span> <span class='ocrx_word' id='word_1_429' title='bbox 1202 883 1331 911; x_wconf 87' lang='lat' dir='ltr'><strong>desiderii</strong></span> <span class='ocrx_word' id='word_1_430' title='bbox 1345 884 1463 911; x_wconf 78' lang='lat' dir='ltr'><strong>detenta:</strong></span> <span class='ocrx_word' id='word_1_431' title='bbox 1475 883 1633 918; x_wconf 86' lang='lat' dir='ltr'><strong>inquirunt:</strong></span> <span class='ocrx_word' id='word_1_432' title='bbox 1646 889 1673 910; x_wconf 83' lang='lat' dir='ltr'><strong>et</strong></span> <span class='ocrx_word' id='word_1_433' title='bbox 1684 886 1788 917; x_wconf 86' lang='lat' dir='ltr'><strong>quanto</strong></span> 
     </span>
    </p>
   </div>
   <div class='ocr_carea' id='block_1_64' title="bbox 1002 929 1787 964">
    <p class='ocr_par' dir='ltr' id='par_1_64' title="bbox 1002 929 1787 964">
     <span class='ocr_line' id='line_1_64' title="bbox 1002 929 1787 964; baseline 0 -9"><span class='ocrx_word' id='word_1_434' title='bbox 1002 930 1088 964; x_wconf 83' lang='lat' dir='ltr'><strong>magis</strong></span> <span class='ocrx_word' id='word_1_435' title='bbox 1100 929 1270 964; x_wconf 84' lang='lat' dir='ltr'><strong>spiritualem</strong></span> <span class='ocrx_word' id='word_1_436' title='bbox 1288 930 1442 964; x_wconf 85' lang='lat' dir='ltr'><strong>profectum</strong></span> <span class='ocrx_word' id='word_1_437' title='bbox 1461 930 1488 956; x_wconf 92' lang='lat' dir='ltr'><strong>in</strong></span> <span class='ocrx_word' id='word_1_438' title='bbox 1501 937 1530 956; x_wconf 91' lang='lat' dir='ltr'><strong>se</strong></span> <span class='ocrx_word' id='word_1_439' title='bbox 1553 929 1700 961; x_wconf 85' lang='lat' dir='ltr'><strong>senserint,</strong></span> <span class='ocrx_word' id='word_1_440' title='bbox 1711 933 1787 955; x_wconf 85' lang='lat' dir='ltr'><strong>tanto</strong></span> 
     </span>
    </p>
   </div>
   <div class='ocr_carea' id='block_1_65' title="bbox 1004 974 1789 1009">
    <p class='ocr_par' dir='ltr' id='par_1_65' title="bbox 1004 974 1789 1009">
     <span class='ocr_line' id='line_1_65' title="bbox 1004 974 1789 1009; baseline -0.005 -7"><span class='ocrx_word' id='word_1_441' title='bbox 1004 975 1093 1009; x_wconf 78' lang='lat' dir='ltr'><strong>magis</strong></span> <span class='ocrx_word' id='word_1_442' title='bbox 1106 975 1233 1002; x_wconf 89' lang='lat' dir='ltr'><strong>esuriunt</strong></span> <span class='ocrx_word' id='word_1_443' title='bbox 1254 982 1287 1002; x_wconf 82' lang='lat' dir='ltr'><strong>ac</strong></span> <span class='ocrx_word' id='word_1_444' title='bbox 1319 975 1418 1001; x_wconf 89' lang='lat' dir='ltr'><strong>sitiunt</strong></span> <span class='ocrx_word' id='word_1_445' title='bbox 1439 974 1675 1009; x_wconf 83' lang='lat' dir='ltr'><strong>participationem</strong></span> <span class='ocrx_word' id='word_1_446' title='bbox 1695 977 1723 999; x_wconf 88' lang='lat' dir='ltr'><strong>et</strong></span> <span class='ocrx_word' id='word_1_447' title='bbox 1736 980 1789 999; x_wconf 89' lang='lat' dir='ltr'><strong>au-</strong></span> 
     </span>
    </p>
   </div>
   <div class='ocr_carea' id='block_1_66' title="bbox 1002 1018 1789 1055">
    <p class='ocr_par' dir='ltr' id='par_1_66' title="bbox 1002 1018 1789 1055">
     <span class='ocr_line' id='line_1_66' title="bbox 1002 1018 1789 1055; baseline -0.004 -8"><span class='ocrx_word' id='word_1_448' title='bbox 1002 1024 1142 1055; x_wconf 72' lang='lat' dir='ltr'><strong>gmentum</strong></span> <span class='ocrx_word' id='word_1_449' title='bbox 1167 1020 1318 1055; x_wconf 60' lang='lat' dir='ltr'><strong>gratisnet</strong></span> <span class='ocrx_word' id='word_1_450' title='bbox 1343 1024 1445 1054; x_wconf 87' lang='lat' dir='ltr'><strong>quanto</strong></span> <span class='ocrx_word' id='word_1_451' title='bbox 1473 1019 1654 1054; x_wconf 87' lang='lat' dir='ltr'><strong>spiritualiter</strong></span> <span class='ocrx_word' id='word_1_452' title='bbox 1673 1018 1789 1045; x_wconf 87' lang='lat' dir='ltr'><strong>ditiores</strong></span> 
     </span>
    </p>
   </div>
   <div class='ocr_carea' id='block_1_67' title="bbox 1002 1063 1787 1100">
    <p class='ocr_par' dir='ltr' id='par_1_67' title="bbox 1002 1063 1787 1100">
     <span class='ocr_line' id='line_1_67' title="bbox 1002 1063 1787 1100; baseline -0.004 -8"><span class='ocrx_word' id='word_1_453' title='bbox 1002 1070 1078 1097; x_wconf 85' lang='lat' dir='ltr'><strong>sunt,</strong></span> <span class='ocrx_word' id='word_1_454' title='bbox 1092 1070 1169 1092; x_wconf 85' lang='lat' dir='ltr'><strong>tanto</strong></span> <span class='ocrx_word' id='word_1_455' title='bbox 1188 1066 1367 1100; x_wconf 87' lang='lat' dir='ltr'><strong>pauperiores</strong></span> <span class='ocrx_word' id='word_1_456' title='bbox 1393 1066 1466 1100; x_wconf 88' lang='lat' dir='ltr'><strong>apud</strong></span> <span class='ocrx_word' id='word_1_457' title='bbox 1490 1072 1520 1092; x_wconf 87' lang='lat' dir='ltr'><strong>se</strong></span> <span class='ocrx_word' id='word_1_458' title='bbox 1536 1068 1610 1096; x_wconf 84' lang='lat' dir='ltr'><strong>sunt,</strong></span> <span class='ocrx_word' id='word_1_459' title='bbox 1639 1063 1787 1090; x_wconf 86' lang='lat' dir='ltr'><strong>insatiabili</strong></span> 
     </span>
    </p>
   </div>
   <div class='ocr_carea' id='block_1_68' title="bbox 1002 1109 1785 1147">
    <p class='ocr_par' dir='ltr' id='par_1_68' title="bbox 1002 1109 1785 1147">
     <span class='ocr_line' id='line_1_68' title="bbox 1002 1109 1785 1147; baseline -0.005 -8"><span class='ocrx_word' id='word_1_460' title='bbox 1002 1111 1138 1139; x_wconf 88' lang='lat' dir='ltr'><strong>desiderio</strong></span> <span class='ocrx_word' id='word_1_461' title='bbox 1152 1111 1360 1147; x_wconf 75' lang='lat' dir='ltr'><strong>spiritualierga</strong></span> <span class='ocrx_word' id='word_1_462' title='bbox 1366 1111 1505 1139; x_wconf 65' lang='lat' dir='ltr'><strong>caelestem</strong></span> <span class='ocrx_word' id='word_1_463' title='bbox 1519 1110 1655 1145; x_wconf 88' lang='lat' dir='ltr'><strong>Sponsum</strong></span> <span class='ocrx_word' id='word_1_464' title='bbox 1668 1109 1785 1144; x_wconf 71' lang='lat' dir='ltr'><strong>flagrano</strong></span> 
     </span>
    </p>
   </div>
   <div class='ocr_carea' id='block_1_69' title="bbox 1003 1155 1787 1192">
    <p class='ocr_par' dir='ltr' id='par_1_69' title="bbox 1003 1155 1787 1192">
     <span class='ocr_line' id='line_1_69' title="bbox 1003 1155 1787 1192; baseline -0.005 -8"><span class='ocrx_word' id='word_1_465' title='bbox 1003 1162 1044 1184; x_wconf 83' lang='lat' dir='ltr'><strong>tes</strong></span> <span class='ocrx_word' id='word_1_466' title='bbox 1059 1166 1066 1184; x_wconf 88' lang='lat'><strong>:</strong></span> <span class='ocrx_word' id='word_1_467' title='bbox 1084 1161 1115 1184; x_wconf 90' lang='lat' dir='ltr'><strong>ut</strong></span> <span class='ocrx_word' id='word_1_468' title='bbox 1128 1157 1219 1191; x_wconf 90' lang='lat' dir='ltr'><strong>inquit</strong></span> <span class='ocrx_word' id='word_1_469' title='bbox 1230 1157 1371 1192; x_wconf 86' lang='lat' dir='ltr'><strong>Scriptura</strong></span> <span class='ocrx_word' id='word_1_470' title='bbox 1387 1165 1394 1183; x_wconf 89' lang='lat'><strong>:</strong></span> <span class='ocrx_word' id='word_1_471' title='bbox 1409 1156 1459 1189; x_wconf 82' lang='lat' dir='ltr'><strong>Qui</strong></span> <span class='ocrx_word' id='word_1_472' title='bbox 1472 1157 1553 1182; x_wconf 80' lang='lat' dir='ltr'><strong>edunt</strong></span> <span class='ocrx_word' id='word_1_473' title='bbox 1569 1164 1619 1188; x_wconf 83' lang='lat' dir='ltr'><strong>me,</strong></span> <span class='ocrx_word' id='word_1_474' title='bbox 1633 1155 1717 1182; x_wconf 79' lang='lat' dir='ltr'><strong>adhuc</strong></span> <span class='ocrx_word' id='word_1_475' title='bbox 1726 1163 1787 1181; x_wconf 77' lang='lat' dir='ltr'><strong>esu-</strong></span> 
     </span>
    </p>
   </div>
   <div class='ocr_carea' id='block_1_70' title="bbox 1001 1202 1567 1237">
    <p class='ocr_par' dir='ltr' id='par_1_70' title="bbox 1001 1202 1567 1237">
     <span class='ocr_line' id='line_1_70' title="bbox 1001 1202 1567 1237; baseline -0.002 -8"><span class='ocrx_word' id='word_1_476' title='bbox 1001 1203 1081 1235; x_wconf 81' lang='lat' dir='ltr'><strong>riem,</strong></span> <span class='ocrx_word' id='word_1_477' title='bbox 1095 1206 1120 1229; x_wconf 82' lang='lat' dir='ltr'><strong>et</strong></span> <span class='ocrx_word' id='word_1_478' title='bbox 1136 1203 1181 1237; x_wconf 85' lang='lat' dir='ltr'><strong>qui</strong></span> <span class='ocrx_word' id='word_1_479' title='bbox 1196 1202 1286 1229; x_wconf 82' lang='lat' dir='ltr'><strong>bibunt</strong></span> <span class='ocrx_word' id='word_1_480' title='bbox 1298 1210 1348 1235; x_wconf 86' lang='lat' dir='ltr'><strong>me,</strong></span> <span class='ocrx_word' id='word_1_481' title='bbox 1363 1202 1447 1229; x_wconf 81' lang='lat' dir='ltr'><strong>adhuc</strong></span> <span class='ocrx_word' id='word_1_482' title='bbox 1459 1203 1546 1229; x_wconf 72' lang='lat' dir='ltr'><strong>sitiant</strong></span> <span class='ocrx_word' id='word_1_483' title='bbox 1557 1202 1567 1218; x_wconf 93' lang='grc'><strong><em>³</em></strong></span> 
     </span>
    </p>
   </div>
   <div class='ocr_carea' id='block_1_71' title="bbox 1037 1335 1785 1373">
    <p class='ocr_par' dir='ltr' id='par_1_71' title="bbox 1037 1335 1785 1373">
     <span class='ocr_line' id='line_1_71' title="bbox 1037 1335 1785 1373; baseline -0.005 -7"><span class='ocrx_word' id='word_1_484' title='bbox 1037 1339 1072 1366; x_wconf 93' lang='grc'><strong>11.</strong></span> <span class='ocrx_word' id='word_1_485' title='bbox 1092 1338 1256 1373; x_wconf 75' lang='lat' dir='ltr'><strong>Huiusmodi</strong></span> <span class='ocrx_word' id='word_1_486' title='bbox 1280 1339 1387 1370; x_wconf 66' lang='lat' dir='ltr'><strong>animae,</strong></span> <span class='ocrx_word' id='word_1_487' title='bbox 1401 1345 1462 1372; x_wconf 75' lang='lat' dir='ltr'><strong>quae</strong></span> <span class='ocrx_word' id='word_1_488' title='bbox 1475 1342 1529 1364; x_wconf 89' lang='lat' dir='ltr'><strong>tam</strong></span> <span class='ocrx_word' id='word_1_489' title='bbox 1549 1335 1657 1363; x_wconf 85' lang='lat' dir='ltr'><strong>ardenti</strong></span> <span class='ocrx_word' id='word_1_490' title='bbox 1670 1339 1698 1363; x_wconf 92' lang='lat' dir='ltr'><strong>et</strong></span> <span class='ocrx_word' id='word_1_491' title='bbox 1711 1335 1785 1362; x_wconf 86' lang='lat' dir='ltr'><strong>insa-</strong></span> 
     </span>
    </p>
   </div>
   <div class='ocr_carea' id='block_1_72' title="bbox 1002 1380 1785 1417">
    <p class='ocr_par' dir='ltr' id='par_1_72' title="bbox 1002 1380 1785 1417">
     <span class='ocr_line' id='line_1_72' title="bbox 1002 1380 1785 1417; baseline -0.006 -7"><span class='ocrx_word' id='word_1_492' title='bbox 1002 1383 1090 1411; x_wconf 86' lang='lat' dir='ltr'><strong>tiabili</strong></span> <span class='ocrx_word' id='word_1_493' title='bbox 1103 1391 1195 1410; x_wconf 90' lang='lat' dir='ltr'><strong>amore</strong></span> <span class='ocrx_word' id='word_1_494' title='bbox 1204 1383 1350 1410; x_wconf 88' lang='lat' dir='ltr'><strong>Dominum</strong></span> <span class='ocrx_word' id='word_1_495' title='bbox 1370 1385 1585 1417; x_wconf 82' lang='lat' dir='ltr'><strong>prosequuntur.</strong></span> <span class='ocrx_word' id='word_1_496' title='bbox 1601 1380 1689 1415; x_wconf 73' lang='lat' dir='ltr'><strong>dignae</strong></span> <span class='ocrx_word' id='word_1_497' title='bbox 1721 1382 1785 1406; x_wconf 87' lang='lat' dir='ltr'><strong>sunt</strong></span> 
     </span>
    </p>
   </div>
   <div class='ocr_carea' id='block_1_73' title="bbox 1001 1423 1785 1462">
    <p class='ocr_par' dir='ltr' id='par_1_73' title="bbox 1001 1423 1785 1462">
     <span class='ocr_line' id='line_1_73' title="bbox 1001 1423 1785 1462; baseline -0.006 -7"><span class='ocrx_word' id='word_1_498' title='bbox 1001 1429 1057 1455; x_wconf 80' lang='lat' dir='ltr'><strong>vita</strong></span> <span class='ocrx_word' id='word_1_499' title='bbox 1072 1432 1174 1455; x_wconf 62' lang='lat' dir='ltr'><strong>aeterna</strong></span> <span class='ocrx_word' id='word_1_500' title='bbox 1191 1436 1199 1454; x_wconf 91' lang='lat'><strong>:</strong></span> <span class='ocrx_word' id='word_1_501' title='bbox 1216 1428 1345 1462; x_wconf 90' lang='lat' dir='ltr'><strong>quocirca</strong></span> <span class='ocrx_word' id='word_1_502' title='bbox 1365 1434 1475 1461; x_wconf 90' lang='lat' dir='ltr'><strong>quoque</strong></span> <span class='ocrx_word' id='word_1_503' title='bbox 1501 1425 1663 1453; x_wconf 87' lang='lat' dir='ltr'><strong>liberatione</strong></span> <span class='ocrx_word' id='word_1_504' title='bbox 1690 1423 1725 1451; x_wconf 88' lang='lat' dir='ltr'><strong>ab</strong></span> <span class='ocrx_word' id='word_1_505' title='bbox 1743 1423 1785 1451; x_wconf 90' lang='lat' dir='ltr'><strong>af-</strong></span> 
     </span>
    </p>
   </div>
   <div class='ocr_carea' id='block_1_74' title="bbox 1002 1470 1784 1508">
    <p class='ocr_par' dir='ltr' id='par_1_74' title="bbox 1002 1470 1784 1508">
     <span class='ocr_line' id='line_1_74' title="bbox 1002 1470 1784 1508; baseline -0.008 -7"><span class='ocrx_word' id='word_1_506' title='bbox 1002 1474 1169 1501; x_wconf 89' lang='lat' dir='ltr'><strong>fectionibus</strong></span> <span class='ocrx_word' id='word_1_507' title='bbox 1184 1473 1272 1508; x_wconf 67' lang='lat' dir='ltr'><strong>digna</strong></span> <span class='ocrx_word' id='word_1_508' title='bbox 1287 1473 1454 1504; x_wconf 79' lang='lat' dir='ltr'><strong>indicantur,</strong></span> <span class='ocrx_word' id='word_1_509' title='bbox 1468 1476 1496 1499; x_wconf 88' lang='lat' dir='ltr'><strong>et</strong></span> <span class='ocrx_word' id='word_1_510' title='bbox 1508 1471 1626 1506; x_wconf 85' lang='lat' dir='ltr'><strong>Spiritus</strong></span> <span class='ocrx_word' id='word_1_511' title='bbox 1640 1470 1726 1497; x_wconf 84' lang='lat' dir='ltr'><strong>sancti</strong></span> <span class='ocrx_word' id='word_1_512' title='bbox 1740 1477 1784 1496; x_wconf 87' lang='lat' dir='ltr'><strong>ar-</strong></span> 
     </span>
    </p>
   </div>
   <div class='ocr_carea' id='block_1_75' title="bbox 965 1515 1787 1556">
    <p class='ocr_par' dir='ltr' id='par_1_75' title="bbox 965 1515 1787 1556">
     <span class='ocr_line' id='line_1_75' title="bbox 965 1515 1787 1556; baseline -0.009 -9"><span class='ocrx_word' id='word_1_513' title='bbox 965 1527 987 1556; x_wconf 78' lang='grc' dir='ltr'>ο</span> <span class='ocrx_word' id='word_1_514' title='bbox 1003 1526 1078 1547; x_wconf 62' lang='lat' dir='ltr'><strong>cana:</strong></span> <span class='ocrx_word' id='word_1_515' title='bbox 1104 1523 1132 1546; x_wconf 86' lang='lat' dir='ltr'><strong>et</strong></span> <span class='ocrx_word' id='word_1_516' title='bbox 1161 1518 1281 1553; x_wconf 68' lang='lat' dir='ltr'><strong>mysticae</strong></span> <span class='ocrx_word' id='word_1_517' title='bbox 1303 1517 1506 1545; x_wconf 87' lang='lat' dir='ltr'><strong>communionis</strong></span> <span class='ocrx_word' id='word_1_518' title='bbox 1530 1515 1738 1542; x_wconf 88' lang='lat' dir='ltr'><strong>illustrationem</strong></span> <span class='ocrx_word' id='word_1_519' title='bbox 1754 1521 1787 1541; x_wconf 85' lang='lat' dir='ltr'><strong>ac</strong></span> 
     </span>
    </p>
   </div>
   <div class='ocr_carea' id='block_1_76' title="bbox 1003 1560 1785 1600">
    <p class='ocr_par' dir='ltr' id='par_1_76' title="bbox 1003 1560 1785 1600">
     <span class='ocr_line' id='line_1_76' title="bbox 1003 1560 1785 1600; baseline -0.008 -9"><span class='ocrx_word' id='word_1_520' title='bbox 1003 1563 1240 1600; x_wconf 81' lang='lat' dir='ltr'><strong>participationem</strong></span> <span class='ocrx_word' id='word_1_521' title='bbox 1248 1563 1275 1590; x_wconf 91' lang='lat' dir='ltr'><strong>in</strong></span> <span class='ocrx_word' id='word_1_522' title='bbox 1282 1562 1453 1597; x_wconf 87' lang='lat' dir='ltr'><strong>plenitudine</strong></span> <span class='ocrx_word' id='word_1_523' title='bbox 1463 1561 1556 1596; x_wconf 57' lang='lat' dir='ltr'><strong>gratia</strong></span> <span class='ocrx_word' id='word_1_524' title='bbox 1563 1560 1683 1594; x_wconf 79' lang='lat' dir='ltr'><strong>perfecte</strong></span> <span class='ocrx_word' id='word_1_525' title='bbox 1689 1566 1785 1586; x_wconf 86' lang='lat' dir='ltr'><strong>conse-</strong></span> 
     </span>
    </p>
   </div>
   <div class='ocr_carea' id='block_1_77' title="bbox 1000 1605 1784 1643">
    <p class='ocr_par' dir='ltr' id='par_1_77' title="bbox 1000 1605 1784 1643">
     <span class='ocr_line' id='line_1_77' title="bbox 1000 1605 1784 1643; baseline -0.008 -8"><span class='ocrx_word' id='word_1_526' title='bbox 1000 1612 1132 1643; x_wconf 88' lang='lat' dir='ltr'><strong>quuntur.</strong></span> <span class='ocrx_word' id='word_1_527' title='bbox 1145 1608 1210 1641; x_wconf 67' lang='lat' dir='ltr'><strong>Quae</strong></span> <span class='ocrx_word' id='word_1_528' title='bbox 1223 1614 1289 1634; x_wconf 85' lang='lat' dir='ltr'><strong>vero</strong></span> <span class='ocrx_word' id='word_1_529' title='bbox 1303 1611 1368 1634; x_wconf 86' lang='lat' dir='ltr'><strong>sunt</strong></span> <span class='ocrx_word' id='word_1_530' title='bbox 1380 1606 1472 1632; x_wconf 91' lang='lat' dir='ltr'><strong>minus</strong></span> <span class='ocrx_word' id='word_1_531' title='bbox 1482 1605 1577 1632; x_wconf 86' lang='lat' dir='ltr'><strong>viriles</strong></span> <span class='ocrx_word' id='word_1_532' title='bbox 1592 1609 1675 1638; x_wconf 83' lang='lat' dir='ltr'><strong>atque</strong></span> <span class='ocrx_word' id='word_1_533' title='bbox 1689 1611 1784 1630; x_wconf 88' lang='lat' dir='ltr'><strong>socor-</strong></span> 
     </span>
    </p>
   </div>
   <div class='ocr_carea' id='block_1_78' title="bbox 1002 1649 1784 1687">
    <p class='ocr_par' dir='ltr' id='par_1_78' title="bbox 1002 1649 1784 1687">
     <span class='ocr_line' id='line_1_78' title="bbox 1002 1649 1784 1687; baseline -0.009 -6"><span class='ocrx_word' id='word_1_534' title='bbox 1002 1654 1061 1685; x_wconf 88' lang='lat' dir='ltr'><strong>des,</strong></span> <span class='ocrx_word' id='word_1_535' title='bbox 1079 1652 1152 1680; x_wconf 85' lang='lat' dir='ltr'><strong>haud</strong></span> <span class='ocrx_word' id='word_1_536' title='bbox 1162 1655 1316 1687; x_wconf 74' lang='lat' dir='ltr'><strong>quaerentes</strong></span> <span class='ocrx_word' id='word_1_537' title='bbox 1331 1651 1404 1683; x_wconf 86' lang='lat' dir='ltr'><strong>talia,</strong></span> <span class='ocrx_word' id='word_1_538' title='bbox 1418 1654 1448 1677; x_wconf 92' lang='lat' dir='ltr'><strong>ut</strong></span> <span class='ocrx_word' id='word_1_539' title='bbox 1461 1658 1521 1684; x_wconf 66' lang='lat' dir='ltr'><strong>qua:</strong></span> <span class='ocrx_word' id='word_1_540' title='bbox 1541 1649 1631 1676; x_wconf 91' lang='lat' dir='ltr'><strong>adhuc</strong></span> <span class='ocrx_word' id='word_1_541' title='bbox 1653 1649 1681 1675; x_wconf 92' lang='lat' dir='ltr'><strong>in</strong></span> <span class='ocrx_word' id='word_1_542' title='bbox 1701 1656 1784 1675; x_wconf 84' lang='lat' dir='ltr'><strong>carne</strong></span> 
     </span>
    </p>
   </div>
   <div class='ocr_carea' id='block_1_79' title="bbox 1000 1695 1785 1733">
    <p class='ocr_par' dir='ltr' id='par_1_79' title="bbox 1000 1695 1785 1733">
     <span class='ocr_line' id='line_1_79' title="bbox 1000 1695 1785 1733; baseline -0.008 -7"><span class='ocrx_word' id='word_1_543' title='bbox 1000 1699 1107 1730; x_wconf 88' lang='lat' dir='ltr'><strong>vivunt,</strong></span> <span class='ocrx_word' id='word_1_544' title='bbox 1125 1698 1226 1733; x_wconf 90' lang='lat' dir='ltr'><strong>quippe</strong></span> <span class='ocrx_word' id='word_1_545' title='bbox 1242 1697 1485 1725; x_wconf 86' lang='lat' dir='ltr'><strong>sanctiﬁcationem</strong></span> <span class='ocrx_word' id='word_1_546' title='bbox 1499 1695 1590 1723; x_wconf 89' lang='lat' dir='ltr'><strong>cordis</strong></span> <span class='ocrx_word' id='word_1_547' title='bbox 1604 1703 1657 1722; x_wconf 92' lang='lat' dir='ltr'><strong>non</strong></span> <span class='ocrx_word' id='word_1_548' title='bbox 1674 1702 1708 1721; x_wconf 77' lang='lat' dir='ltr'><strong>ex</strong></span> <span class='ocrx_word' id='word_1_549' title='bbox 1721 1702 1785 1728; x_wconf 88' lang='lat' dir='ltr'><strong>par-</strong></span> 
     </span>
    </p>
   </div>
   <div class='ocr_carea' id='block_1_80' title="bbox 1000 1739 1784 1778">
    <p class='ocr_par' dir='ltr' id='par_1_80' title="bbox 1000 1739 1784 1778">
     <span class='ocr_line' id='line_1_80' title="bbox 1000 1739 1784 1778; baseline -0.009 -6"><span class='ocrx_word' id='word_1_550' title='bbox 1000 1749 1038 1777; x_wconf 84' lang='lat' dir='ltr'><strong>te,</strong></span> <span class='ocrx_word' id='word_1_551' title='bbox 1051 1744 1099 1772; x_wconf 84' lang='lat' dir='ltr'><strong>sed</strong></span> <span class='ocrx_word' id='word_1_552' title='bbox 1120 1743 1242 1778; x_wconf 80' lang='lat' dir='ltr'><strong>perfecte</strong></span> <span class='ocrx_word' id='word_1_553' title='bbox 1258 1742 1461 1778; x_wconf 79' lang='lat' dir='ltr'><strong>perseverantia</strong></span> <span class='ocrx_word' id='word_1_554' title='bbox 1487 1745 1514 1768; x_wconf 88' lang='lat' dir='ltr'><strong>et</strong></span> <span class='ocrx_word' id='word_1_555' title='bbox 1540 1741 1633 1767; x_wconf 85' lang='lat' dir='ltr'><strong>animo</strong></span> <span class='ocrx_word' id='word_1_556' title='bbox 1663 1739 1784 1773; x_wconf 87' lang='lat' dir='ltr'><strong>patiente</strong></span> 
     </span>
    </p>
   </div>
   <div class='ocr_carea' id='block_1_81' title="bbox 1000 1784 1781 1824">
    <p class='ocr_par' dir='ltr' id='par_1_81' title="bbox 1000 1784 1781 1824">
     <span class='ocr_line' id='line_1_81' title="bbox 1000 1784 1781 1824; baseline -0.009 -7"><span class='ocrx_word' id='word_1_557' title='bbox 1000 1789 1179 1824; x_wconf 86' lang='lat' dir='ltr'><strong>consequi,et</strong></span> <span class='ocrx_word' id='word_1_558' title='bbox 1190 1788 1355 1823; x_wconf 85' lang='lat' dir='ltr'><strong>participare</strong></span> <span class='ocrx_word' id='word_1_559' title='bbox 1369 1794 1431 1813; x_wconf 89' lang='lat' dir='ltr'><strong>cum</strong></span> <span class='ocrx_word' id='word_1_560' title='bbox 1447 1785 1550 1820; x_wconf 87' lang='lat' dir='ltr'><strong>Spiritu</strong></span> <span class='ocrx_word' id='word_1_561' title='bbox 1567 1785 1739 1812; x_wconf 87' lang='lat' dir='ltr'><strong>consolatore</strong></span> <span class='ocrx_word' id='word_1_562' title='bbox 1753 1784 1781 1810; x_wconf 91' lang='lat' dir='ltr'><strong>in</strong></span> 
     </span>
    </p>
   </div>
   <div class='ocr_carea' id='block_1_82' title="bbox 999 1829 1782 1871">
    <p class='ocr_par' dir='ltr' id='par_1_82' title="bbox 999 1829 1782 1871">
     <span class='ocr_line' id='line_1_82' title="bbox 999 1829 1782 1871; baseline -0.009 -9"><span class='ocrx_word' id='word_1_563' title='bbox 999 1834 1170 1871; x_wconf 88' lang='lat' dir='ltr'><strong>plenitudine</strong></span> <span class='ocrx_word' id='word_1_564' title='bbox 1192 1841 1255 1860; x_wconf 91' lang='lat' dir='ltr'><strong>cum</strong></span> <span class='ocrx_word' id='word_1_565' title='bbox 1281 1832 1355 1859; x_wconf 92' lang='lat' dir='ltr'><strong>omni</strong></span> <span class='ocrx_word' id='word_1_566' title='bbox 1380 1839 1461 1858; x_wconf 86' lang='lat' dir='ltr'><strong>sensu</strong></span> <span class='ocrx_word' id='word_1_567' title='bbox 1483 1835 1512 1858; x_wconf 90' lang='lat' dir='ltr'><strong>et</strong></span> <span class='ocrx_word' id='word_1_568' title='bbox 1535 1829 1711 1861; x_wconf 91' lang='lat' dir='ltr'><strong>certitudine,</strong></span> <span class='ocrx_word' id='word_1_569' title='bbox 1727 1836 1782 1855; x_wconf 91' lang='lat' dir='ltr'><strong>non</strong></span> 
     </span>
    </p>
   </div>
   <div class='ocr_carea' id='block_1_83' title="bbox 1001 1873 1782 1915">
    <p class='ocr_par' dir='ltr' id='par_1_83' title="bbox 1001 1873 1782 1915">
     <span class='ocr_line' id='line_1_83' title="bbox 1001 1873 1782 1915; baseline -0.01 -8"><span class='ocrx_word' id='word_1_570' title='bbox 1001 1878 1197 1915; x_wconf 80' lang='lat' dir='ltr'><strong>exspectarint,</strong></span> <span class='ocrx_word' id='word_1_571' title='bbox 1213 1884 1264 1905; x_wconf 89' lang='lat' dir='ltr'><strong>nec</strong></span> <span class='ocrx_word' id='word_1_572' title='bbox 1276 1877 1311 1904; x_wconf 90' lang='lat' dir='ltr'><strong>ab</strong></span> <span class='ocrx_word' id='word_1_573' title='bbox 1329 1875 1522 1903; x_wconf 80' lang='lat' dir='ltr'><strong>all‘ectionibus</strong></span> <span class='ocrx_word' id='word_1_574' title='bbox 1544 1874 1655 1901; x_wconf 71' lang='lat' dir='ltr'><strong>malitiae</strong></span> <span class='ocrx_word' id='word_1_575' title='bbox 1679 1873 1782 1900; x_wconf 86' lang='lat' dir='ltr'><strong>libera-</strong></span> 
     </span>
    </p>
   </div>
   <div class='ocr_carea' id='block_1_84' title="bbox 1000 1919 1782 1960">
    <p class='ocr_par' dir='ltr' id='par_1_84' title="bbox 1000 1919 1782 1960">
     <span class='ocr_line' id='line_1_84' title="bbox 1000 1919 1782 1960; baseline -0.01 -7"><span class='ocrx_word' id='word_1_576' title='bbox 1000 1925 1104 1953; x_wconf 90' lang='lat' dir='ltr'><strong>tionem</strong></span> <span class='ocrx_word' id='word_1_577' title='bbox 1128 1932 1177 1960; x_wconf 91' lang='lat' dir='ltr'><strong>per</strong></span> <span class='ocrx_word' id='word_1_578' title='bbox 1202 1924 1335 1959; x_wconf 89' lang='lat' dir='ltr'><strong>Spiritum</strong></span> <span class='ocrx_word' id='word_1_579' title='bbox 1359 1921 1533 1956; x_wconf 85' lang='lat' dir='ltr'><strong>acceperint;</strong></span> <span class='ocrx_word' id='word_1_580' title='bbox 1555 1923 1603 1947; x_wconf 88' lang='lat' dir='ltr'><strong>aut</strong></span> <span class='ocrx_word' id='word_1_581' title='bbox 1625 1928 1640 1947; x_wconf 90' lang='lat' dir='ltr'><strong>e</strong></span> <span class='ocrx_word' id='word_1_582' title='bbox 1661 1919 1782 1951; x_wconf 78' lang='lat' dir='ltr'><strong>diverso,</strong></span> 
     </span>
    </p>
   </div>
   <div class='ocr_carea' id='block_1_85' title="bbox 1000 1966 1783 2006">
    <p class='ocr_par' dir='ltr' id='par_1_85' title="bbox 1000 1966 1783 2006">
     <span class='ocr_line' id='line_1_85' title="bbox 1000 1966 1783 2006; baseline -0.009 -8"><span class='ocrx_word' id='word_1_583' title='bbox 1000 1979 1061 2006; x_wconf 77' lang='lat' dir='ltr'><strong>quae</strong></span> <span class='ocrx_word' id='word_1_584' title='bbox 1075 1971 1160 2006; x_wconf 75' lang='lat' dir='ltr'><strong>gratia</strong></span> <span class='ocrx_word' id='word_1_585' title='bbox 1177 1970 1270 1998; x_wconf 85' lang='lat' dir='ltr'><strong>divina</strong></span> <span class='ocrx_word' id='word_1_586' title='bbox 1287 1969 1374 2003; x_wconf 78' lang='lat' dir='ltr'><strong>dignae</strong></span> <span class='ocrx_word' id='word_1_587' title='bbox 1388 1967 1499 2000; x_wconf 83' lang='lat' dir='ltr'><strong>habitae,</strong></span> <span class='ocrx_word' id='word_1_588' title='bbox 1515 1966 1628 2001; x_wconf 66' lang='lat' dir='ltr'><strong>ignaviae</strong></span> <span class='ocrx_word' id='word_1_589' title='bbox 1642 1973 1674 1993; x_wconf 91' lang='lat' dir='ltr'><strong>ac</strong></span> <span class='ocrx_word' id='word_1_590' title='bbox 1687 1972 1783 1992; x_wconf 86' lang='lat' dir='ltr'><strong>socor-</strong></span> 
     </span>
    </p>
   </div>
   <div class='ocr_carea' id='block_1_86' title="bbox 1000 2011 1680 2047">
    <p class='ocr_par' dir='ltr' id='par_1_86' title="bbox 1000 2011 1680 2047">
     <span class='ocr_line' id='line_1_86' title="bbox 1000 2011 1680 2047; baseline -0.01 -3"><span class='ocrx_word' id='word_1_591' title='bbox 1000 2016 1061 2047; x_wconf 64' lang='lat' dir='ltr'><strong>diae.</strong></span> <span class='ocrx_word' id='word_1_592' title='bbox 1078 2016 1148 2043; x_wconf 80' lang='lat' dir='ltr'><strong>clam</strong></span> <span class='ocrx_word' id='word_1_593' title='bbox 1166 2023 1181 2042; x_wconf 90' lang='lat' dir='ltr'><strong>a</strong></span> <span class='ocrx_word' id='word_1_594' title='bbox 1193 2014 1296 2042; x_wconf 87' lang='lat' dir='ltr'><strong>malitia</strong></span> <span class='ocrx_word' id='word_1_595' title='bbox 1310 2017 1453 2047; x_wconf 67' lang='lat' dir='ltr'><strong>correptw,</strong></span> <span class='ocrx_word' id='word_1_596' title='bbox 1467 2019 1526 2039; x_wconf 88' lang='lat' dir='ltr'><strong>sese</strong></span> <span class='ocrx_word' id='word_1_597' title='bbox 1542 2011 1680 2038; x_wconf 87' lang='lat' dir='ltr'><strong>dederint.</strong></span> 
     </span>
    </p>
   </div>
   <div class='ocr_carea' id='block_1_87' title="bbox 1035 2055 1782 2095">
    <p class='ocr_par' dir='ltr' id='par_1_87' title="bbox 1035 2055 1782 2095">
     <span class='ocr_line' id='line_1_87' title="bbox 1035 2055 1782 2095; baseline -0.008 -7"><span class='ocrx_word' id='word_1_598' title='bbox 1035 2061 1081 2088; x_wconf 85' lang='lat' dir='ltr'><strong>Ill.</strong></span> <span class='ocrx_word' id='word_1_599' title='bbox 1101 2061 1136 2089; x_wconf 89' lang='lat' dir='ltr'><strong>Ut</strong></span> <span class='ocrx_word' id='word_1_600' title='bbox 1149 2068 1209 2095; x_wconf 71' lang='lat' dir='ltr'><strong>qua:</strong></span> <span class='ocrx_word' id='word_1_601' title='bbox 1218 2067 1280 2087; x_wconf 92' lang='lat' dir='ltr'><strong>cum</strong></span> <span class='ocrx_word' id='word_1_602' title='bbox 1295 2057 1451 2093; x_wconf 86' lang='lat' dir='ltr'><strong>acceperint</strong></span> <span class='ocrx_word' id='word_1_603' title='bbox 1473 2057 1586 2093; x_wconf 76' lang='lat' dir='ltr'><strong>gratiam</strong></span> <span class='ocrx_word' id='word_1_604' title='bbox 1612 2055 1740 2090; x_wconf 85' lang='lat' dir='ltr'><strong>Spiritus.</strong></span> <span class='ocrx_word' id='word_1_605' title='bbox 1755 2060 1782 2083; x_wconf 90' lang='lat' dir='ltr'><strong>et</strong></span> 
     </span>
    </p>
   </div>
   <div class='ocr_carea' id='block_1_88' title="bbox 999 2100 1783 2138">
    <p class='ocr_par' dir='ltr' id='par_1_88' title="bbox 999 2100 1783 2138">
     <span class='ocr_line' id='line_1_88' title="bbox 999 2100 1783 2138; baseline -0.008 -5"><span class='ocrx_word' id='word_1_606' title='bbox 999 2106 1119 2133; x_wconf 84' lang='lat' dir='ltr'><strong>habeant</strong></span> <span class='ocrx_word' id='word_1_607' title='bbox 1132 2105 1345 2132; x_wconf 84' lang='lat' dir='ltr'><strong>consolationem</strong></span> <span class='ocrx_word' id='word_1_608' title='bbox 1361 2103 1454 2138; x_wconf 71' lang='lat' dir='ltr'><strong>gratia:</strong></span> <span class='ocrx_word' id='word_1_609' title='bbox 1467 2103 1494 2129; x_wconf 95' lang='lat' dir='ltr'><strong>in</strong></span> <span class='ocrx_word' id='word_1_610' title='bbox 1508 2101 1614 2136; x_wconf 86' lang='lat' dir='ltr'><strong>requie,</strong></span> <span class='ocrx_word' id='word_1_611' title='bbox 1628 2105 1656 2128; x_wconf 91' lang='lat' dir='ltr'><strong>et</strong></span> <span class='ocrx_word' id='word_1_612' title='bbox 1672 2100 1783 2127; x_wconf 88' lang='lat' dir='ltr'><strong>deside-</strong></span> 
     </span>
    </p>
   </div>
   <div class='ocr_carea' id='block_1_89' title="bbox 1000 2146 1782 2184">
    <p class='ocr_par' dir='ltr' id='par_1_89' title="bbox 1000 2146 1782 2184">
     <span class='ocr_line' id='line_1_89' title="bbox 1000 2146 1782 2184; baseline -0.008 -6"><span class='ocrx_word' id='word_1_613' title='bbox 1000 2152 1052 2182; x_wconf 84' lang='lat' dir='ltr'><strong>rio,</strong></span> <span class='ocrx_word' id='word_1_614' title='bbox 1070 2154 1098 2178; x_wconf 91' lang='lat' dir='ltr'><strong>et</strong></span> <span class='ocrx_word' id='word_1_615' title='bbox 1111 2150 1244 2177; x_wconf 84' lang='lat' dir='ltr'><strong>suavitate</strong></span> <span class='ocrx_word' id='word_1_616' title='bbox 1259 2148 1404 2184; x_wconf 88' lang='lat' dir='ltr'><strong>spirituali,</strong></span> <span class='ocrx_word' id='word_1_617' title='bbox 1425 2148 1478 2175; x_wconf 88' lang='lat' dir='ltr'><strong>hoc</strong></span> <span class='ocrx_word' id='word_1_618' title='bbox 1495 2148 1553 2181; x_wconf 84' lang='lat' dir='ltr'><strong>ipso</strong></span> <span class='ocrx_word' id='word_1_619' title='bbox 1568 2146 1677 2174; x_wconf 73' lang='lat' dir='ltr'><strong>confisae</strong></span> <span class='ocrx_word' id='word_1_620' title='bbox 1693 2146 1782 2173; x_wconf 68' lang='lat' dir='ltr'><strong>extol-</strong></span> 
     </span>
    </p>
   </div>
   <div class='ocr_carea' id='block_1_90' title="bbox 164 2191 951 2229">
    <p class='ocr_par' dir='ltr' id='par_1_90' title="bbox 164 2191 949 2229">
     <span class='ocr_line' id='line_1_90' title="bbox 164 2191 949 2229; baseline 0.004 -12"><span class='ocrx_word' id='word_1_621' title='bbox 164 2191 332 2223; x_wconf 83' lang='grc' dir='ltr'>πεποιθυῖαι,</span> <span class='ocrx_word' id='word_1_622' title='bbox 345 2191 475 2225; x_wconf 79' lang='grc' dir='ltr'>ὑψοῦνται</span> <span class='ocrx_word' id='word_1_623' title='bbox 488 2192 535 2218; x_wconf 70' lang='grc' dir='ltr'>καὶ</span> <span class='ocrx_word' id='word_1_624' title='bbox 544 2193 738 2228; x_wconf 80' lang='grc' dir='ltr'>ἀμεριμνοῦσι,</span> <span class='ocrx_word' id='word_1_625' title='bbox 757 2193 794 2229; x_wconf 82' lang='grc' dir='ltr'>μὴ</span> <span class='ocrx_word' id='word_1_626' title='bbox 810 2193 949 2228; x_wconf 69' lang='grc' dir='ltr'>συπριόό-</span> 
     </span>
    </p>
   </div>
   <div class='ocr_carea' id='block_1_91' title="bbox 1000 2191 1783 2229">
    <p class='ocr_par' dir='ltr' id='par_1_91' title="bbox 1001 2191 1783 2225">
     <span class='ocr_line' id='line_1_91' title="bbox 1001 2191 1783 2225; baseline -0.009 -1"><span class='ocrx_word' id='word_1_627' title='bbox 1001 2197 1096 2224; x_wconf 89' lang='lat' dir='ltr'><strong>luntur</strong></span> <span class='ocrx_word' id='word_1_628' title='bbox 1112 2203 1144 2223; x_wconf 88' lang='lat' dir='ltr'><strong>ac</strong></span> <span class='ocrx_word' id='word_1_629' title='bbox 1166 2202 1262 2222; x_wconf 87' lang='lat' dir='ltr'><strong>secure</strong></span> <span class='ocrx_word' id='word_1_630' title='bbox 1285 2194 1390 2225; x_wconf 79' lang='lat' dir='ltr'><strong>vivunt,</strong></span> <span class='ocrx_word' id='word_1_631' title='bbox 1411 2201 1466 2220; x_wconf 89' lang='lat' dir='ltr'><strong>non</strong></span> <span class='ocrx_word' id='word_1_632' title='bbox 1487 2192 1611 2220; x_wconf 70' lang='lat' dir='ltr'><strong>contritae</strong></span> <span class='ocrx_word' id='word_1_633' title='bbox 1624 2191 1718 2223; x_wconf 75' lang='lat' dir='ltr'><strong>corde,</strong></span> <span class='ocrx_word' id='word_1_634' title='bbox 1731 2199 1783 2218; x_wconf 87' lang='lat' dir='ltr'><strong>nec</strong></span> 
     </span>
    </p>
   </div>
   <div class='ocr_carea' id='block_1_92' title="bbox 165 2236 950 2274">
    <p class='ocr_par' dir='ltr' id='par_1_92' title="bbox 165 2236 950 2274">
     <span class='ocr_line' id='line_1_92' title="bbox 165 2236 950 2274; baseline 0.004 -12"><span class='ocrx_word' id='word_1_635' title='bbox 165 2244 246 2272; x_wconf 87' lang='grc' dir='ltr'>μεναι</span> <span class='ocrx_word' id='word_1_636' title='bbox 257 2236 306 2272; x_wconf 82' lang='grc' dir='ltr'>τὴν</span> <span class='ocrx_word' id='word_1_637' title='bbox 320 2236 446 2272; x_wconf 80' lang='grc' dir='ltr'>καρδίαν,</span> <span class='ocrx_word' id='word_1_638' title='bbox 460 2237 507 2264; x_wconf 76' lang='grc' dir='ltr'>καὶ</span> <span class='ocrx_word' id='word_1_639' title='bbox 525 2237 563 2272; x_wconf 80' lang='grc' dir='ltr'>τῷ</span> <span class='ocrx_word' id='word_1_640' title='bbox 583 2239 738 2273; x_wconf 86' lang='grc' dir='ltr'>φρονήματι</span> <span class='ocrx_word' id='word_1_641' title='bbox 756 2237 795 2274; x_wconf 82' lang='grc' dir='ltr'>μὴ</span> <span class='ocrx_word' id='word_1_642' title='bbox 807 2238 950 2265; x_wconf 88' lang='grc' dir='ltr'>ταπεινού-</span> 
     </span>
    </p>
   </div>
   <div class='ocr_carea' id='block_1_93' title="bbox 166 2280 949 2319">
    <p class='ocr_par' dir='ltr' id='par_1_93' title="bbox 166 2280 949 2319">
     <span class='ocr_line' id='line_1_93' title="bbox 166 2280 949 2319; baseline 0.004 -11"><span class='ocrx_word' id='word_1_643' title='bbox 166 2290 258 2316; x_wconf 85' lang='grc' dir='ltr'>μεναι,</span> <span class='ocrx_word' id='word_1_644' title='bbox 277 2283 345 2317; x_wconf 89' lang='grc' dir='ltr'>μήτε</span> <span class='ocrx_word' id='word_1_645' title='bbox 361 2280 440 2310; x_wconf 80' lang='grc' dir='ltr'>οὖσαι</span> <span class='ocrx_word' id='word_1_646' title='bbox 452 2284 492 2314; x_wconf 86' lang='grc' dir='ltr'><strong>είς</strong></span> <span class='ocrx_word' id='word_1_647' title='bbox 506 2283 538 2309; x_wconf 75' lang='grc' dir='ltr'><strong>τὸ</strong></span> <span class='ocrx_word' id='word_1_648' title='bbox 562 2283 665 2310; x_wconf 80' lang='grc' dir='ltr'>τέλειον</span> <span class='ocrx_word' id='word_1_649' title='bbox 681 2284 731 2317; x_wconf 83' lang='grc' dir='ltr'>τῆς</span> <span class='ocrx_word' id='word_1_650' title='bbox 747 2284 882 2316; x_wconf 81' lang='grc' dir='ltr'>ἀπαθείας</span> <span class='ocrx_word' id='word_1_651' title='bbox 899 2284 949 2319; x_wconf 77' lang='grc' dir='ltr'><strong>μέ-</strong></span> 
     </span>
    </p>
   </div>
   <div class='ocr_carea' id='block_1_94' title="bbox 162 2328 950 2366">
    <p class='ocr_par' dir='ltr' id='par_1_94' title="bbox 162 2328 950 2366">
     <span class='ocr_line' id='line_1_94' title="bbox 162 2328 950 2366; baseline 0.005 -13"><span class='ocrx_word' id='word_1_652' title='bbox 162 2335 238 2362; x_wconf 90' lang='grc' dir='ltr'>τρον,</span> <span class='ocrx_word' id='word_1_653' title='bbox 254 2329 322 2363; x_wconf 83' lang='grc' dir='ltr'>μήτε</span> <span class='ocrx_word' id='word_1_654' title='bbox 334 2328 511 2363; x_wconf 86' lang='grc' dir='ltr'>πληρωθῆναι</span> <span class='ocrx_word' id='word_1_655' title='bbox 525 2328 634 2361; x_wconf 83' lang='grc' dir='ltr'>τελείως</span> <span class='ocrx_word' id='word_1_656' title='bbox 645 2329 695 2364; x_wconf 85' lang='grc' dir='ltr'>τῆς</span> <span class='ocrx_word' id='word_1_657' title='bbox 706 2330 818 2365; x_wconf 76' lang='grc' dir='ltr'>χάριτος</span> <span class='ocrx_word' id='word_1_658' title='bbox 835 2330 865 2356; x_wconf 72' lang='grc' dir='ltr'>ἐν</span> <span class='ocrx_word' id='word_1_659' title='bbox 877 2330 950 2366; x_wconf 84' lang='grc' dir='ltr'>πάσῃ</span> 
     </span>
    </p>
   </div>
   <div class='ocr_carea' id='block_1_95' title="bbox 164 2373 951 2411">
    <p class='ocr_par' dir='ltr' id='par_1_95' title="bbox 164 2373 951 2411">
     <span class='ocr_line' id='line_1_95' title="bbox 164 2373 951 2411; baseline 0.005 -12"><span class='ocrx_word' id='word_1_660' title='bbox 164 2373 267 2409; x_wconf 80' lang='grc' dir='ltr'>σπουδῇ</span> <span class='ocrx_word' id='word_1_661' title='bbox 277 2373 325 2400; x_wconf 79' lang='grc' dir='ltr'>καὶ</span> <span class='ocrx_word' id='word_1_662' title='bbox 342 2373 433 2400; x_wconf 88' lang='grc' dir='ltr'>πίστει</span> <span class='ocrx_word' id='word_1_663' title='bbox 449 2374 641 2409; x_wconf 78' lang='grc' dir='ltr'>ὲκδεξάμεναι,</span> <span class='ocrx_word' id='word_1_664' title='bbox 652 2374 710 2401; x_wconf 81' lang='grc' dir='ltr'>ἀλλ’</span> <span class='ocrx_word' id='word_1_665' title='bbox 723 2375 951 2411; x_wconf 71' lang='grc' dir='ltr'>ἔπληροφορήθη-</span> 
     </span>
    </p>
   </div>
   <div class='ocr_carea' id='block_1_96' title="bbox 165 2420 946 2457">
    <p class='ocr_par' dir='ltr' id='par_1_96' title="bbox 165 2420 946 2457">
     <span class='ocr_line' id='line_1_96' title="bbox 165 2420 946 2457; baseline 0.003 -11"><span class='ocrx_word' id='word_1_666' title='bbox 165 2427 226 2453; x_wconf 85' lang='grc' dir='ltr'>σαν,</span> <span class='ocrx_word' id='word_1_667' title='bbox 234 2420 282 2446; x_wconf 80' lang='grc' dir='ltr'>καὶ</span> <span class='ocrx_word' id='word_1_668' title='bbox 289 2420 494 2455; x_wconf 79' lang='grc' dir='ltr'>ἐπανεπάησαν,</span> <span class='ocrx_word' id='word_1_669' title='bbox 503 2420 550 2446; x_wconf 85' lang='grc' dir='ltr'>καὶ</span> <span class='ocrx_word' id='word_1_670' title='bbox 562 2421 743 2456; x_wconf 76' lang='grc' dir='ltr'>ἔναπέμειναν</span> <span class='ocrx_word' id='word_1_671' title='bbox 751 2422 790 2453; x_wconf 85' lang='grc' dir='ltr'><strong>είς</strong></span> <span class='ocrx_word' id='word_1_672' title='bbox 797 2421 846 2457; x_wconf 81' lang='grc' dir='ltr'><strong>τὴν</strong></span> <span class='ocrx_word' id='word_1_673' title='bbox 853 2421 946 2457; x_wconf 81' lang='grc' dir='ltr'>ὀλίγην</span> 
     </span>
    </p>
   </div>
   <div class='ocr_carea' id='block_1_97' title="bbox 163 2463 946 2503">
    <p class='ocr_par' dir='ltr' id='par_1_97' title="bbox 163 2463 946 2503">
     <span class='ocr_line' id='line_1_97' title="bbox 163 2463 946 2503; baseline 0.004 -13"><span class='ocrx_word' id='word_1_674' title='bbox 163 2463 214 2498; x_wconf 77' lang='grc' dir='ltr'>τῆς</span> <span class='ocrx_word' id='word_1_675' title='bbox 228 2463 338 2499; x_wconf 80' lang='grc' dir='ltr'>χάριτος</span> <span class='ocrx_word' id='word_1_676' title='bbox 354 2465 538 2500; x_wconf 81' lang='grc' dir='ltr'>παράκλησιν,</span> <span class='ocrx_word' id='word_1_677' title='bbox 566 2465 607 2497; x_wconf 79' lang='grc' dir='ltr'>εἰς</span> <span class='ocrx_word' id='word_1_678' title='bbox 617 2465 733 2501; x_wconf 76' lang='grc' dir='ltr'>ἔπαρσιν</span> <span class='ocrx_word' id='word_1_679' title='bbox 748 2466 859 2501; x_wconf 82' lang='grc' dir='ltr'>μᾶλλον,</span> <span class='ocrx_word' id='word_1_680' title='bbox 875 2467 946 2503; x_wconf 81' lang='grc' dir='ltr'>ήπερ</span> 
     </span>
    </p>
   </div>
   <div class='ocr_carea' id='block_1_98' title="bbox 165 2508 946 2547">
    <p class='ocr_par' dir='ltr' id='par_1_98' title="bbox 165 2508 946 2547">
     <span class='ocr_line' id='line_1_98' title="bbox 165 2508 946 2547; baseline 0.006 -13"><span class='ocrx_word' id='word_1_681' title='bbox 165 2509 206 2539; x_wconf 68' lang='grc' dir='ltr'><strong>εἰς</strong></span> <span class='ocrx_word' id='word_1_682' title='bbox 216 2508 381 2536; x_wconf 81' lang='grc' dir='ltr'>ταπείνωσιν</span> <span class='ocrx_word' id='word_1_683' title='bbox 402 2509 573 2545; x_wconf 76' lang='grc' dir='ltr'>προκόψασαι</span> <span class='ocrx_word' id='word_1_684' title='bbox 592 2511 619 2537; x_wconf 82' lang='grc' dir='ltr'>αἱ</span> <span class='ocrx_word' id='word_1_685' title='bbox 637 2510 761 2537; x_wconf 83' lang='grc' dir='ltr'>τοιαῦται</span> <span class='ocrx_word' id='word_1_686' title='bbox 781 2511 876 2547; x_wconf 82' lang='grc' dir='ltr'>ψυχαὶ,</span> <span class='ocrx_word' id='word_1_687' title='bbox 899 2513 946 2540; x_wconf 82' lang='grc' dir='ltr'>καὶ</span> 
     </span>
    </p>
   </div>
   <div class='ocr_carea' id='block_1_99' title="bbox 164 2548 946 2592">
    <p class='ocr_par' dir='ltr' id='par_1_99' title="bbox 164 2548 946 2592">
     <span class='ocr_line' id='line_1_99' title="bbox 164 2548 946 2592; baseline 0.008 -14"><span class='ocrx_word' id='word_1_688' title='bbox 164 2548 250 2588; x_wconf 70' lang='grc' dir='ltr'>οὗπερ</span> <span class='ocrx_word' id='word_1_689' title='bbox 258 2553 465 2589; x_wconf 83' lang='grc' dir='ltr'>κατηξιώθησαν</span> <span class='ocrx_word' id='word_1_690' title='bbox 478 2554 656 2590; x_wconf 87' lang='grc' dir='ltr'>χαρίσματος,</span> <span class='ocrx_word' id='word_1_691' title='bbox 671 2556 715 2582; x_wconf 81' lang='grc' dir='ltr'>ὅτε</span> <span class='ocrx_word' id='word_1_692' title='bbox 728 2556 828 2591; x_wconf 72' lang='grc' dir='ltr'>δήποτε</span> <span class='ocrx_word' id='word_1_693' title='bbox 843 2558 946 2592; x_wconf 84' lang='grc' dir='ltr'>ἀπογυ-</span> 
     </span>
    </p>
   </div>
   <div class='ocr_carea' id='block_1_100' title="bbox 167 2598 948 2639">
    <p class='ocr_par' dir='ltr' id='par_1_100' title="bbox 167 2598 948 2639">
     <span class='ocr_line' id='line_1_100' title="bbox 167 2598 948 2639; baseline 0.009 -15"><span class='ocrx_word' id='word_1_694' title='bbox 167 2598 293 2633; x_wconf 87' lang='grc' dir='ltr'>μνοῦνται</span> <span class='ocrx_word' id='word_1_695' title='bbox 310 2599 354 2626; x_wconf 80' lang='grc' dir='ltr'><strong>διὰ</strong></span> <span class='ocrx_word' id='word_1_696' title='bbox 363 2600 413 2635; x_wconf 81' lang='grc' dir='ltr'>τὴν</span> <span class='ocrx_word' id='word_1_697' title='bbox 438 2601 525 2636; x_wconf 81' lang='grc' dir='ltr'>ἀμελῆ</span> <span class='ocrx_word' id='word_1_698' title='bbox 549 2601 762 2637; x_wconf 82' lang='grc' dir='ltr'>καταφρόνησιν,</span> <span class='ocrx_word' id='word_1_699' title='bbox 777 2603 825 2630; x_wconf 85' lang='grc' dir='ltr'>καὶ</span> <span class='ocrx_word' id='word_1_700' title='bbox 837 2603 882 2630; x_wconf 81' lang='grc' dir='ltr'><strong>τὸν</strong></span> <span class='ocrx_word' id='word_1_701' title='bbox 895 2603 948 2639; x_wconf 88' lang='grc' dir='ltr'><strong>μά-</strong></span> 
     </span>
    </p>
   </div>
   <div class='ocr_carea' id='block_1_101' title="bbox 163 2645 656 2682">
    <p class='ocr_par' dir='ltr' id='par_1_101' title="bbox 163 2645 656 2682">
     <span class='ocr_line' id='line_1_101' title="bbox 163 2645 656 2682; baseline 0.006 -12"><span class='ocrx_word' id='word_1_702' title='bbox 163 2652 239 2671; x_wconf 87' lang='grc' dir='ltr'>ταιον</span> <span class='ocrx_word' id='word_1_703' title='bbox 249 2645 299 2680; x_wconf 88' lang='grc' dir='ltr'>τῆς</span> <span class='ocrx_word' id='word_1_704' title='bbox 318 2645 434 2682; x_wconf 76' lang='grc' dir='ltr'>οἰήσεως</span> <span class='ocrx_word' id='word_1_705' title='bbox 455 2646 545 2673; x_wconf 81' lang='grc' dir='ltr'>αὐτῶν</span> <span class='ocrx_word' id='word_1_706' title='bbox 561 2647 656 2682; x_wconf 84' lang='grc' dir='ltr'>τύφον.</span> 
     </span>
    </p>
   </div>
   <div class='ocr_carea' id='block_1_102' title="bbox 200 2688 948 2729">
    <p class='ocr_par' dir='ltr' id='par_1_102' title="bbox 200 2688 948 2729">
     <span class='ocr_line' id='line_1_102' title="bbox 200 2688 948 2729; baseline 0.007 -13"><span class='ocrx_word' id='word_1_707' title='bbox 200 2688 238 2718; x_wconf 89' lang='grc' dir='ltr'><strong>Δ’.</strong></span> <span class='ocrx_word' id='word_1_708' title='bbox 254 2690 335 2726; x_wconf 74' lang='grc' dir='ltr'>Ψυχὴ</span> <span class='ocrx_word' id='word_1_709' title='bbox 348 2691 364 2726; x_wconf 81' lang='grc' dir='ltr'>ἡ</span> <span class='ocrx_word' id='word_1_710' title='bbox 375 2691 484 2726; x_wconf 79' lang='grc' dir='ltr'>ἀληθῶς</span> <span class='ocrx_word' id='word_1_711' title='bbox 502 2692 624 2726; x_wconf 83' lang='grc' dir='ltr'>φιλόθεος</span> <span class='ocrx_word' id='word_1_712' title='bbox 639 2693 686 2719; x_wconf 76' lang='grc' dir='ltr'>καὶ</span> <span class='ocrx_word' id='word_1_713' title='bbox 703 2693 884 2729; x_wconf 83' lang='grc' dir='ltr'>φιλόχριστος,</span> <span class='ocrx_word' id='word_1_714' title='bbox 896 2694 948 2722; x_wconf 67' lang='grc' dir='ltr'>κᾶν</span> 
     </span>
    </p>
   </div>
   <div class='ocr_carea' id='block_1_103' title="bbox 167 2735 947 2778">
    <p class='ocr_par' dir='ltr' id='par_1_103' title="bbox 167 2735 947 2778">
     <span class='ocr_line' id='line_1_103' title="bbox 167 2735 947 2778; baseline 0.008 -16"><span class='ocrx_word' id='word_1_715' title='bbox 167 2735 266 2771; x_wconf 83' lang='grc' dir='ltr'>μυρίας</span> <span class='ocrx_word' id='word_1_716' title='bbox 275 2736 447 2778; x_wconf 68' lang='grc' dir='ltr'>δικαιοσύνας</span> <span class='ocrx_word' id='word_1_717' title='bbox 460 2738 572 2775; x_wconf 79' lang='grc' dir='ltr'>ποιήσῃ,</span> <span class='ocrx_word' id='word_1_718' title='bbox 596 2738 635 2770; x_wconf 83' lang='grc' dir='ltr'><strong>ὡς</strong></span> <span class='ocrx_word' id='word_1_719' title='bbox 656 2739 740 2775; x_wconf 74' lang='grc' dir='ltr'>μηδὲν</span> <span class='ocrx_word' id='word_1_720' title='bbox 760 2740 947 2777; x_wconf 71' lang='grc' dir='ltr'>ἰργασαμένη,</span> 
     </span>
    </p>
   </div>
   <div class='ocr_carea' id='block_1_104' title="bbox 200 2825 462 2859">
    <p class='ocr_par' dir='ltr' id='par_1_104' title="bbox 200 2825 462 2859">
     <span class='ocr_line' id='line_1_104' title="bbox 200 2825 462 2859; baseline 0.011 -7"><span class='ocrx_word' id='word_1_721' title='bbox 200 2825 210 2840; x_wconf 92' lang='grc'>³</span> <span class='ocrx_word' id='word_1_722' title='bbox 219 2825 302 2853; x_wconf 81' lang='lat' dir='ltr'><strong>Eccli.</strong></span> <span class='ocrx_word' id='word_1_723' title='bbox 320 2833 394 2859; x_wconf 77' lang='lat' dir='ltr'><strong>xx&quot;,</strong></span> <span class='ocrx_word' id='word_1_724' title='bbox 408 2827 462 2856; x_wconf 73' lang='lat'><strong>28.-</strong></span> 
     </span>
    </p>
   </div>
   <div class='ocr_carea' id='block_1_105' title="bbox 998 2236 1783 2273">
    <p class='ocr_par' dir='ltr' id='par_1_105' title="bbox 998 2236 1783 2273">
     <span class='ocr_line' id='line_1_105' title="bbox 998 2236 1783 2273; baseline -0.008 -5"><span class='ocrx_word' id='word_1_725' title='bbox 998 2242 1090 2268; x_wconf 89' lang='lat' dir='ltr'><strong>animo</strong></span> <span class='ocrx_word' id='word_1_726' title='bbox 1102 2240 1263 2271; x_wconf 65' lang='lat' dir='ltr'><strong>humiliatae,</strong></span> <span class='ocrx_word' id='word_1_727' title='bbox 1279 2247 1330 2266; x_wconf 88' lang='lat' dir='ltr'><strong>nec</strong></span> <span class='ocrx_word' id='word_1_728' title='bbox 1345 2238 1495 2273; x_wconf 79' lang='lat' dir='ltr'><strong>perfectam</strong></span> <span class='ocrx_word' id='word_1_729' title='bbox 1522 2243 1678 2263; x_wconf 86' lang='lat' dir='ltr'><strong>mensuram</strong></span> <span class='ocrx_word' id='word_1_730' title='bbox 1691 2236 1783 2263; x_wconf 78' lang='lat' dir='ltr'><strong>vacui-</strong></span> 
     </span>
    </p>
   </div>
   <div class='ocr_carea' id='block_1_106' title="bbox 999 2280 1782 2319">
    <p class='ocr_par' dir='ltr' id='par_1_106' title="bbox 999 2280 1782 2319">
     <span class='ocr_line' id='line_1_106' title="bbox 999 2280 1782 2319; baseline -0.01 -5"><span class='ocrx_word' id='word_1_731' title='bbox 999 2287 1062 2314; x_wconf 90' lang='lat' dir='ltr'><strong>tatis</strong></span> <span class='ocrx_word' id='word_1_732' title='bbox 1078 2286 1254 2314; x_wconf 83' lang='lat' dir='ltr'><strong>alIectionum</strong></span> <span class='ocrx_word' id='word_1_733' title='bbox 1268 2284 1385 2319; x_wconf 62' lang='lat' dir='ltr'><strong>adeptae,</strong></span> <span class='ocrx_word' id='word_1_734' title='bbox 1399 2291 1453 2310; x_wconf 91' lang='lat' dir='ltr'><strong>non</strong></span> <span class='ocrx_word' id='word_1_735' title='bbox 1480 2283 1613 2317; x_wconf 77' lang='lat' dir='ltr'><strong>integram</strong></span> <span class='ocrx_word' id='word_1_736' title='bbox 1631 2280 1782 2316; x_wconf 87' lang='lat' dir='ltr'><strong>plenitudi-</strong></span> 
     </span>
    </p>
   </div>
   <div class='ocr_carea' id='block_1_107' title="bbox 997 2325 1780 2367">
    <p class='ocr_par' dir='ltr' id='par_1_107' title="bbox 997 2325 1780 2367">
     <span class='ocr_line' id='line_1_107' title="bbox 997 2325 1780 2367; baseline -0.01 -8"><span class='ocrx_word' id='word_1_737' title='bbox 997 2339 1060 2359; x_wconf 90' lang='lat' dir='ltr'><strong>nem</strong></span> <span class='ocrx_word' id='word_1_738' title='bbox 1074 2331 1168 2367; x_wconf 67' lang='lat' dir='ltr'><strong>gratire</strong></span> <span class='ocrx_word' id='word_1_739' title='bbox 1178 2331 1252 2358; x_wconf 93' lang='lat' dir='ltr'><strong>omni</strong></span> <span class='ocrx_word' id='word_1_740' title='bbox 1269 2330 1410 2364; x_wconf 79' lang='lat' dir='ltr'><strong>diligentia</strong></span> <span class='ocrx_word' id='word_1_741' title='bbox 1429 2336 1461 2355; x_wconf 89' lang='lat' dir='ltr'><strong>ac</strong></span> <span class='ocrx_word' id='word_1_742' title='bbox 1476 2327 1529 2355; x_wconf 83' lang='lat' dir='ltr'><strong>fide</strong></span> <span class='ocrx_word' id='word_1_743' title='bbox 1546 2331 1717 2358; x_wconf 63' lang='lat' dir='ltr'><strong>consecuta);</strong></span> <span class='ocrx_word' id='word_1_744' title='bbox 1733 2325 1780 2352; x_wconf 84' lang='lat' dir='ltr'><strong>sed</strong></span> 
     </span>
    </p>
   </div>
   <div class='ocr_carea' id='block_1_108' title="bbox 997 2371 1782 2413">
    <p class='ocr_par' dir='ltr' id='par_1_108' title="bbox 997 2371 1782 2413">
     <span class='ocr_line' id='line_1_108' title="bbox 997 2371 1782 2413; baseline -0.013 -8"><span class='ocrx_word' id='word_1_745' title='bbox 997 2378 1110 2413; x_wconf 68' lang='lat' dir='ltr'><strong>repleta:</strong></span> <span class='ocrx_word' id='word_1_746' title='bbox 1130 2384 1162 2403; x_wconf 89' lang='lat' dir='ltr'><strong>ac</strong></span> <span class='ocrx_word' id='word_1_747' title='bbox 1183 2375 1390 2410; x_wconf 83' lang='lat' dir='ltr'><strong>acquiescentes</strong></span> <span class='ocrx_word' id='word_1_748' title='bbox 1412 2375 1623 2409; x_wconf 87' lang='lat' dir='ltr'><strong>permanserunt</strong></span> <span class='ocrx_word' id='word_1_749' title='bbox 1639 2371 1666 2397; x_wconf 89' lang='lat' dir='ltr'><strong>in</strong></span> <span class='ocrx_word' id='word_1_750' title='bbox 1695 2377 1782 2404; x_wconf 80' lang='lat' dir='ltr'><strong>pauca</strong></span> 
     </span>
    </p>
   </div>
   <div class='ocr_carea' id='block_1_109' title="bbox 999 2415 1781 2460">
    <p class='ocr_par' dir='ltr' id='par_1_109' title="bbox 999 2415 1781 2460">
     <span class='ocr_line' id='line_1_109' title="bbox 999 2415 1781 2460; baseline -0.015 -8"><span class='ocrx_word' id='word_1_751' title='bbox 999 2424 1092 2460; x_wconf 75' lang='lat' dir='ltr'><strong>gratiae</strong></span> <span class='ocrx_word' id='word_1_752' title='bbox 1111 2422 1309 2454; x_wconf 84' lang='lat' dir='ltr'><strong>consolatione,</strong></span> <span class='ocrx_word' id='word_1_753' title='bbox 1334 2420 1452 2448; x_wconf 89' lang='lat' dir='ltr'><strong>elatione</strong></span> <span class='ocrx_word' id='word_1_754' title='bbox 1480 2418 1565 2453; x_wconf 78' lang='lat' dir='ltr'><strong>magis</strong></span> <span class='ocrx_word' id='word_1_755' title='bbox 1586 2424 1666 2452; x_wconf 89' lang='lat' dir='ltr'><strong>quam</strong></span> <span class='ocrx_word' id='word_1_756' title='bbox 1690 2415 1781 2442; x_wconf 82' lang='lat' dir='ltr'><strong>Immi-</strong></span> 
     </span>
    </p>
   </div>
   <div class='ocr_carea' id='block_1_110' title="bbox 998 2460 1783 2503">
    <p class='ocr_par' dir='ltr' id='par_1_110' title="bbox 998 2460 1783 2503">
     <span class='ocr_line' id='line_1_110' title="bbox 998 2460 1783 2503; baseline -0.011 -7"><span class='ocrx_word' id='word_1_757' title='bbox 998 2469 1074 2496; x_wconf 88' lang='lat' dir='ltr'><strong>litate</strong></span> <span class='ocrx_word' id='word_1_758' title='bbox 1098 2467 1273 2503; x_wconf 80' lang='lat' dir='ltr'><strong>proﬁcientes</strong></span> <span class='ocrx_word' id='word_1_759' title='bbox 1300 2465 1459 2501; x_wconf 89' lang='lat' dir='ltr'><strong>hujusmodi</strong></span> <span class='ocrx_word' id='word_1_760' title='bbox 1488 2464 1606 2491; x_wconf 65' lang='lat' dir='ltr'><strong>animae:</strong></span> <span class='ocrx_word' id='word_1_761' title='bbox 1628 2466 1655 2489; x_wconf 86' lang='lat' dir='ltr'><strong>et</strong></span> <span class='ocrx_word' id='word_1_762' title='bbox 1682 2460 1783 2495; x_wconf 85' lang='lat' dir='ltr'><strong>quibus</strong></span> 
     </span>
    </p>
   </div>
   <div class='ocr_carea' id='block_1_111' title="bbox 998 2505 1781 2549">
    <p class='ocr_par' dir='ltr' id='par_1_111' title="bbox 998 2505 1781 2549">
     <span class='ocr_line' id='line_1_111' title="bbox 998 2505 1781 2549; baseline -0.014 -8"><span class='ocrx_word' id='word_1_763' title='bbox 998 2513 1088 2549; x_wconf 74' lang='lat' dir='ltr'><strong>dignae</strong></span> <span class='ocrx_word' id='word_1_764' title='bbox 1104 2517 1183 2540; x_wconf 91' lang='lat' dir='ltr'><strong>erant</strong></span> <span class='ocrx_word' id='word_1_765' title='bbox 1198 2512 1291 2547; x_wconf 65' lang='lat' dir='ltr'><strong>gratiae</strong></span> <span class='ocrx_word' id='word_1_766' title='bbox 1307 2510 1398 2543; x_wconf 90' lang='lat' dir='ltr'><strong>donis,</strong></span> <span class='ocrx_word' id='word_1_767' title='bbox 1409 2510 1451 2536; x_wconf 88' lang='lat' dir='ltr'><strong>eis</strong></span> <span class='ocrx_word' id='word_1_768' title='bbox 1466 2508 1593 2536; x_wconf 82' lang='lat' dir='ltr'><strong>videlicet</strong></span> <span class='ocrx_word' id='word_1_769' title='bbox 1606 2505 1781 2533; x_wconf 87' lang='lat' dir='ltr'><strong>denudantnr</strong></span> 
     </span>
    </p>
   </div>
   <div class='ocr_carea' id='block_1_112' title="bbox 999 2550 1783 2594">
    <p class='ocr_par' dir='ltr' id='par_1_112' title="bbox 999 2550 1783 2594">
     <span class='ocr_line' id='line_1_112' title="bbox 999 2550 1783 2594; baseline -0.013 -8"><span class='ocrx_word' id='word_1_770' title='bbox 999 2559 1035 2586; x_wconf 91' lang='lat' dir='ltr'><strong>ob</strong></span> <span class='ocrx_word' id='word_1_771' title='bbox 1051 2559 1234 2594; x_wconf 71' lang='lat' dir='ltr'><strong>negligentem</strong></span> <span class='ocrx_word' id='word_1_772' title='bbox 1258 2560 1469 2591; x_wconf 74' lang='lat' dir='ltr'><strong>comtemptum,</strong></span> <span class='ocrx_word' id='word_1_773' title='bbox 1480 2558 1508 2581; x_wconf 89' lang='lat' dir='ltr'><strong>et</strong></span> <span class='ocrx_word' id='word_1_774' title='bbox 1523 2559 1622 2580; x_wconf 84' lang='lat' dir='ltr'><strong>vanam</strong></span> <span class='ocrx_word' id='word_1_775' title='bbox 1643 2550 1783 2586; x_wconf 85' lang='lat' dir='ltr'><strong>opinionis</strong></span> 
     </span>
    </p>
   </div>
   <div class='ocr_carea' id='block_1_113' title="bbox 997 2602 1309 2639">
    <p class='ocr_par' dir='ltr' id='par_1_113' title="bbox 997 2602 1309 2639">
     <span class='ocr_line' id='line_1_113' title="bbox 997 2602 1309 2639; baseline -0.01 -7"><span class='ocrx_word' id='word_1_776' title='bbox 997 2612 1092 2633; x_wconf 89' lang='lat' dir='ltr'><strong>earum</strong></span> <span class='ocrx_word' id='word_1_777' title='bbox 1106 2602 1309 2639; x_wconf 78' lang='lat' dir='ltr'><strong>negligentiam.</strong></span> 
     </span>
    </p>
   </div>
   <div class='ocr_carea' id='block_1_114' title="bbox 1033 2687 1780 2726">
    <p class='ocr_par' dir='ltr' id='par_1_114' title="bbox 1033 2687 1780 2726">
     <span class='ocr_line' id='line_1_114' title="bbox 1033 2687 1780 2726; baseline -0.008 -8"><span class='ocrx_word' id='word_1_778' title='bbox 1033 2692 1077 2720; x_wconf 73' lang='lat' dir='ltr'><strong>IV.</strong></span> <span class='ocrx_word' id='word_1_779' title='bbox 1096 2692 1193 2719; x_wconf 80' lang='lat' dir='ltr'><strong>Anima</strong></span> <span class='ocrx_word' id='word_1_780' title='bbox 1211 2699 1289 2724; x_wconf 86' lang='lat' dir='ltr'><strong>vero,</strong></span> <span class='ocrx_word' id='word_1_781' title='bbox 1304 2698 1365 2726; x_wconf 69' lang='lat' dir='ltr'><strong>qua:</strong></span> <span class='ocrx_word' id='word_1_782' title='bbox 1387 2697 1452 2718; x_wconf 73' lang='lat' dir='ltr'><strong>vere</strong></span> <span class='ocrx_word' id='word_1_783' title='bbox 1477 2689 1564 2716; x_wconf 84' lang='lat' dir='ltr'><strong>Deum</strong></span> <span class='ocrx_word' id='word_1_784' title='bbox 1589 2695 1621 2716; x_wconf 83' lang='lat' dir='ltr'><strong>ac</strong></span> <span class='ocrx_word' id='word_1_785' title='bbox 1641 2687 1780 2715; x_wconf 84' lang='lat' dir='ltr'><strong>Christum</strong></span> 
     </span>
    </p>
   </div>
   <div class='ocr_carea' id='block_1_115' title="bbox 996 2734 1780 2775">
    <p class='ocr_par' dir='ltr' id='par_1_115' title="bbox 996 2734 1780 2775">
     <span class='ocr_line' id='line_1_115' title="bbox 996 2734 1780 2775; baseline -0.011 -8"><span class='ocrx_word' id='word_1_786' title='bbox 996 2739 1098 2775; x_wconf 75' lang='lat' dir='ltr'><strong>diligit,</strong></span> <span class='ocrx_word' id='word_1_787' title='bbox 1112 2739 1178 2767; x_wconf 86' lang='lat' dir='ltr'><strong>licet</strong></span> <span class='ocrx_word' id='word_1_788' title='bbox 1192 2738 1268 2767; x_wconf 87' lang='lat' dir='ltr'><strong>mille</strong></span> <span class='ocrx_word' id='word_1_789' title='bbox 1279 2737 1390 2775; x_wconf 71' lang='lat' dir='ltr'><strong>iustitia</strong></span> <span class='ocrx_word' id='word_1_790' title='bbox 1404 2744 1487 2772; x_wconf 88' lang='lat' dir='ltr'><strong>opera</strong></span> <span class='ocrx_word' id='word_1_791' title='bbox 1497 2734 1626 2767; x_wconf 80' lang='lat' dir='ltr'><strong>ediderit,</strong></span> <span class='ocrx_word' id='word_1_792' title='bbox 1638 2734 1675 2761; x_wconf 85' lang='lat' dir='ltr'><strong>ita</strong></span> <span class='ocrx_word' id='word_1_793' title='bbox 1689 2740 1717 2760; x_wconf 78' lang='lat' dir='ltr'><strong>se</strong></span> <span class='ocrx_word' id='word_1_794' title='bbox 1735 2740 1780 2768; x_wconf 69' lang='lat' dir='ltr'><strong>ge-</strong></span> 
     </span>
    </p>
   </div>
  </div>
