2078 3151
284 149 338 182 543

916 143 947 173 S.
967 139 1128 172 MACARII
1148 137 1311 169 IEGYPTII

1872 132 1925 165 5H

283 205 331 238 rit,
344 203 401 239 38
416 209 450 231 ac
465 202 489 230 si
504 201 575 229 nihil
588 200 696 230 fecerit.
707 203 821 235 propter
837 196 993 225 insatiabile
1005 194 1080 222 desi-

1134 192 1220 224 οὓτως
1234 191 1292 227 ἔχει
1307 190 1373 226 παρ’
1385 188 1545 226 ἑαυτῇ,.διὰ
1567 189 1613 216 τὸν
1639 189 1708 225 πρὸς
1731 188 1833 224 Κύριον
1859 189 1925 216 aur;-

283 250 393 278 derium
434 247 468 275 ad
492 247 656 279 Dominum;
674 245 740 273 licet
768 243 881 280 ieiuniis
916 247 945 270 et
978 240 1080 276 vigiliis

286 302 391 330 corpus
411 291 626 327 consumpserit,
644 291 682 318 ita
704 297 734 317 se
758 289 852 321 habet,
873 286 988 323 perinde
1010 293 1043 313 ac
1056 285 1080 313 si

284 347 427 375 nunquam
443 339 576 374 coepisset
592 337 666 364 circa
685 336 803 363 virtutes
827 333 990 366 elaborare;
1014 331 1081 359 licet

284 387 356 414 dona
372 385 493 420 Spiritus
505 383 593 415 varia,
608 387 656 410 aut
669 382 754 409 etiam
773 380 958 408 revelationes
972 383 1000 405 et
1023 385 1081 412 my-

285 433 368 459 steria
386 431 509 459 coelestia
524 429 656 463 consequi
674 429 757 463 digna
778 428 924 457 habeatur,
938 426 975 452 ita
993 432 1032 456 se,
1048 431 1080 450 ac

284 479 307 506 si
322 487 357 505 ne
383 485 458 504 nunc
481 475 593 511 quidem
624 475 775 509 quidquam
801 473 967 508 possideret,
986 471 1078 502 habet,

284 529 399 559 propter
426 525 587 550 immensam
611 530 643 548 ac
670 521 854 548 insatiabilem
880 518 989 546 Domini
1007 517 1079 543 dile-

284 570 416 599 ctionem,
431 567 479 595 sed
490 567 613 602 quotidie
620 566 747 593 esuriens
757 571 787 590 ac
794 562 934 590 sitibunda
942 569 990 596 per
998 560 1078 587 ﬁdem

284 620 312 642 et
325 613 500 641 dilectionem
516 613 542 639 in
562 611 693 646 precibus
718 607 933 643 perseverando,
949 605 1079 640 mysteria

285 660 392 695 gratim,
406 663 434 685 et
455 666 564 685 omnem
591 661 692 684 statum
715 655 826 681 virtutis
840 660 1017 686 summopere
1032 659 1080 684 ap—

285 705 368 740 petit,
387 711 481 730 amore
503 703 623 737 Spiritus
640 700 761 728 caalestis
786 699 919 729 sauciata,
938 701 966 724 et
980 696 1080 722 ardens

285 749 453 777 desiderium
468 748 589 775 cwlestis
611 746 722 780 Sponsi,
737 753 787 780 per
808 744 934 779 gratiam.
951 749 1032 777 quam
1051 741 1079 767 in

284 801 314 821 se
344 800 452 827 semper
477 792 569 822 habet,
601 790 735 822 excitans,
769 789 930 817 desiderans
957 786 1079 822 perfecte

285 836 366 871 digna
388 836 485 862 haberi
500 835 613 870 mystica
634 839 662 861 et
677 842 786 865 arcana,
807 833 834 860 in
861 831 1080 859 sanctiﬁcatione

1133 247 1227 274 ρεστον
1244 237 1326 265 πόθον
1343 244 1351 251 ·
1368 236 1421 264 κᾶν
1447 235 1599 271 νηστείαις.
1625 235 1679 266 κάν
1699 235 1866 271 ἀγρυπνίαις
1893 236 1924 262 τὸ

1131 285 1212 318 σῶμα
1232 283 1459 319 καταδαπανήσῃ,
1474 282 1513 313 ὡς
1529 280 1644 317 μηδέπω
1666 280 1809 316 ἀρξαμένη
1833 283 1924 308 πονεῖν

1130 330 1195 366 περὶ
1217 330 1267 362 τὰς
1300 329 1401 365 ἀρετὰς
1425 329 1576 356 διάκειται·
1594 328 1647 354 κᾶν
1669 328 1848 362 χαρισμάτων
1875 328 1922 354 τοῦ

1130 374 1290 410 Πνεῦματος
1322 374 1470 409 διαφόρων,
1501 372 1518 407 ἢ
1545 372 1594 399 καὶ
1627 370 1837 406 ἀποκαλύψεων,
1876 371 1924 397 καὶ

1133 421 1292 457 μυστηρίων
1316 420 1449 455 οὐρανίων
1471 419 1563 453 τυχεῖν
1581 417 1751 452 καταξιωθῇ,
1775 417 1813 448 ὼς
1841 417 1923 450 μηδὲν

1131 467 1225 502 ἀκμὴν
1239 466 1395 501 κεκτημένη
1421 466 1450 491 ἐν
1470 465 1555 498 ἑαυτῇ
1573 465 1643 495 ἐστι,
1671 464 1715 490 διὰ
1734 464 1784 498 τὴν
1803 463 1922 497 ἄμετρον

1131 513 1178 539 καὶ
1203 512 1349 546 ἀκόρεστον
1377 511 1446 546 πρὸς
1472 511 1574 544 Κύριον
1592 510 1713 544 ἀγάπην,
1734 509 1802 535 ἀλλὰ
1833 509 1922 535 πᾶσαν

1131 559 1239 594 ἡμέραν
1254 559 1390 590 ἔκπεινος,
1407 557 1455 583 καὶ
1467 557 1575 591 ἕκδιψος
1590 556 1635 582 διὰ
1655 556 1774 587 πίστεως
1792 556 1839 581 καὶ
1856 555 1923 588 ἀγά-

1131 612 1185 638 πης
1197 605 1225 629 ὲν
1240 596 1479 637 προσκαρτερήσει
1506 602 1590 636 εὐχῆς
1608 601 1648 631 είς
1671 601 1706 627 τὰ
1733 601 1782 635 τῆς
1812 600 1922 634 χάριτος

1132 648 1282 683 μυστήρια,
1298 647 1346 673 καὶ
1360 648 1399 678 εἰς
1415 647 1506 673 πᾶσαν
1524 646 1691 672 κατάστασιν
1709 644 1809 680 ἀρετῆς
1824 643 1922 678 ἀκορέ-

1132 703 1202 724 στως
1222 694 1288 728 ἔχει,
1315 693 1397 726 ἔρωτι
1423 691 1585 726 Πνεύματος
1601 691 1725 726 οὐρανίου
1750 689 1919 725 τετρωμένη,

1131 741 1178 766 καὶ
1195 740 1277 766 πόθον
1301 739 1424 773 ἔμπυρον
1444 738 1489 764 διὰ
1513 738 1563 772 τῆς
1587 738 1698 773 χάριτος
1723 736 1766 763 ἀεὶ
1796 736 1825 762 ὲν
1851 735 1920 770 αὐτῇ

1133 786 1201 821 πρὸς
1223 785 1268 811 τὸν
1282 785 1407 820 οὐράνιον
1420 783 1538 819 νυμφίον
1554 782 1730 813 ἀνακινοῦσα,
1749 781 1920 816 ἐπιθυμοῦσα

1131 832 1242 863 τελείως
1257 831 1461 865 καταξιωθῆναι
1474 830 1523 864 τῆς
1540 830 1611 865 πρὸς
1628 829 1710 855 αὐτὸν
1727 829 1860 863 μυστικῆς
1875 827 1921 853 καὶ

285 882 398 917 spiritus
419 889 481 908 cum
493 889 526 908 eo
544 880 751 909 communione.
767 883 870 906 retecta
882 878 978 905 animae
995 877 1078 909 facie,

1134 879 1252 913 ἀρρήτου
1269 878 1297 903 ὲν
1312 875 1442 911 ἁγιασμῷ
1455 876 1612 910 πνεύματος
1638 873 1793 905 κοινωνίας,
1821 873 1921 898 ἀποκε-

285 927 383 954 delixis
398 935 482 961 super
499 926 587 954 oculis
612 926 750 960 aspiciens
776 925 913 960 Sponsum
926 925 1077 957 caelestem,

286 973 356 1000 facie
370 972 404 999 ad
429 972 540 1003 faciem,
561 972 588 998 in
609 972 714 998 lumine
734 971 870 1006 spirituali
885 975 913 998 et
935 970 1078 1003 ineﬂ‘abili,

287 1018 405 1045 admista
431 1018 458 1044 ei
481 1018 508 1044 in
523 1017 598 1044 omni
626 1018 793 1044 certitudine
812 1017 886 1048 fidei,
911 1017 1080 1052 conﬁgurata

287 1064 371 1090 morti
384 1064 455 1098 ejus,
471 1063 587 1090 summis
599 1063 671 1090 votis
694 1071 745 1098 pro
760 1063 870 1090 Christo
895 1068 1012 1090 mortem
1029 1070 1080 1096 op-

287 1114 381 1144 petere
397 1117 505 1143 semper
520 1117 646 1144 sperans,
663 1113 692 1136 et
712 1117 726 1136 a
740 1109 861 1143 peccatis
879 1116 910 1135 ac
927 1109 1081 1135 tenebrosis

285 1155 482 1182 aﬂ'ectionibus
499 1155 693 1182 liberationem
719 1155 851 1189 consequi
878 1162 926 1189 per
948 1154 1081 1188 Spiritum

287 1204 365 1227 certo
377 1208 408 1227 ac
422 1200 502 1234 plene
516 1201 635 1228 credens
650 1209 656 1227 :
670 1204 700 1227 ut
714 1200 859 1235 puriﬁcata
874 1208 923 1234 per
936 1199 1080 1233 Spiritum,

286 1247 377 1273 anima
394 1254 426 1274 ac
441 1254 557 1281 corpore
579 1246 761 1277 sanctiﬁcata,
787 1254 848 1280 quae
864 1254 913 1273 vas
932 1253 1032 1280 purum
1048 1244 1082 1271 ad

288 1292 476 1326 recipiendam
491 1292 632 1319 cmlestem
648 1291 818 1323 unctionem,
831 1295 860 1317 et
874 1298 936 1325 quae
949 1289 1083 1316 habitatio

288 1338 410 1365 caelestis
421 1343 449 1365 et
461 1338 520 1365 veri
534 1338 605 1371 regis
620 1336 723 1364 Christi
740 1336 797 1368 ﬁat,
813 1337 895 1371 digna
914 1336 960 1363 sit.
971 1336 1006 1362 Et
1019 1339 1084 1361 tunc

287 1383 394 1411 ccelcsti
419 1383 473 1409 vita
498 1383 580 1417 digna
605 1382 736 1415 habetur,
770 1382 961 1409 habitaculum
983 1388 1083 1416 purum

290 1429 410 1464 Spiritus
426 1429 514 1456 sancti
528 1429 592 1455 inde
604 1428 714 1455 eﬂeeta.

326 1566 359 1593 γ.
373 1565 413 1592 Ad
430 1573 493 1592 eum
510 1569 602 1592 autem
621 1572 710 1598 usque
722 1563 839 1598 gradum
862 1567 893 1589 ut
915 1562 1006 1589 anima
1019 1569 1083 1596 per-

292 1612 394 1641 veniat.
411 1619 501 1646 neque
515 1619 569 1637 una
587 1618 672 1645 opera
690 1610 794 1641 statim,
811 1617 901 1643 neque
912 1609 971 1635 sine
987 1608 1085 1642 proba-

294 1659 386 1690 tione;
399 1658 446 1685 sed
462 1665 510 1692 per
523 1657 631 1683 labores
642 1660 670 1682 et
679 1655 830 1682 certamina
842 1655 937 1687 multa,
946 1662 994 1688 per
1006 1654 1085 1688 longa

295 1710 449 1738 tcmporttm
466 1703 552 1737 spatia
566 1707 594 1729 et
609 1701 711 1733 studia,
726 1708 786 1727 cum
803 1700 966 1735 probatione
982 1703 1009 1726 et
1025 1704 1085 1726 ten-

295 1750 446 1777 tationihus
462 1749 546 1776 variis
570 1748 715 1783 spirituale
739 1752 916 1782 augmentum
940 1753 971 1773 ac
994 1746 1085 1772 incre-

295 1800 418 1823 mentum
441 1795 536 1827 sumit,
552 1803 639 1829 usque
660 1794 693 1821 ad
716 1794 871 1829 perfectum
885 1793 1030 1821 vacuitatis
1044 1792 1085 1818 af-

293 1842 442 1870 fcetionum
456 1841 569 1877 gradum
591 1841 702 1868 demum
715 1840 852 1875 pertingat
866 1849 873 1866 :
885 1843 914 1866 ut
927 1839 961 1866 ad
976 1846 1085 1865 omnem

297 1888 487 1920 tentationem,
507 1896 568 1922 qua:
583 1895 598 1914 a
615 1887 740 1922 nequitia
765 1887 916 1918 invehitur,
934 1885 1041 1913 fortiter
1055 1892 1087 1912 ac

294 1939 406 1961 strenue
421 1934 586 1968 perdurans,
603 1934 737 1961 maximos
753 1933 883 1964 honores,
905 1937 933 1959 et
947 1932 1018 1959 dona
1031 1931 1088 1966 spi-

296 1981 416 2012 ritualia,
441 1980 608 2015 divitiasque
635 1980 763 2007 cmlestes
787 1982 984 2013 consequatur,
998 1982 1025 2005 et
1047 1978 1087 2005 sic

294 2028 415 2055 caelestis
442 2028 518 2063 regni
551 2028 637 2055 haeres
663 2027 761 2054 evadat
776 2027 802 2053 in
827 2027 892 2054 Jesu
913 2026 1022 2053 Christo
1035 2025 1088 2051 Do-

296 2074 370 2100 mino
394 2078 500 2106 nostro,
529 2074 574 2101 cui
592 2074 678 2108 gloria
698 2078 725 2100 et
749 2072 895 2107 imperium
921 2071 949 2098 in
977 2070 1086 2099 smcula.

294 2119 392 2145 Amen.

588 2173 732 2202 HOMlLlA
745 2173 793 2201 XI.

1131 923 1294 957 καλυμμένη
1312 922 1351 957 τῷ
1365 922 1414 956 τῆς
1429 921 1517 956 ψυχῆς
1530 920 1680 955 προσώπῳ,
1692 919 1740 945 καὶ
1753 918 1922 950 ὲνατενίζου-

1132 976 1166 994 σα
1187 967 1226 1002 τῷ
1242 966 1397 1001 ἐπουρανίῳ
1417 966 1528 1001 νυμφίῳ
1542 965 1688 1000 πρόσωπον
1709 965 1738 991 ἐν
1754 965 1823 999 φωτὶ
1839 972 1922 990 πνευ-

1136 1011 1244 1046 ματικῷ
1270 1011 1317 1037 καὶ
1344 1011 1531 1046 ἀνεκλαλήτῳ,
1556 1010 1767 1044 ἀνακιρνωμὲνη
1794 1008 1878 1042 τούτῳ
1892 1009 1922 1034 ἑν

1133 1057 1307 1092 πληροφορίᾳ
1319 1056 1405 1091 πάσῃ,
1416 1054 1660 1090 συμμορφιζομένη
1666 1055 1704 1089 τῷ
1715 1053 1922 1089 ὑανάτῳαῦτοῦ,

1132 1104 1160 1129 ὲν
1177 1102 1309 1137 ἐπιθυμίᾳ
1321 1102 1417 1136 πολλῇ,
1430 1102 1476 1128 τὸν
1489 1102 1560 1136 ὑπὲρ
1572 1101 1691 1136 Χριστοῦ
1708 1101 1822 1128 θάνατον
1839 1109 1923 1136 προσ-

1132 1149 1239 1174 δοκῶσα
1256 1148 1383 1179 πάντοτε,
1402 1148 1449 1173 καὶ
1469 1147 1519 1181 τῆς
1533 1147 1682 1183 ἁμαρτίας.
1693 1147 1798 1181 καὶτῆς
1814 1147 1923 1177 σκοτίας

1132 1194 1187 1220 τῶν
1199 1193 1293 1219 παθῶν
1305 1193 1412 1219 τελείαν
1424 1192 1560 1228 λύτρωσιν
1573 1192 1700 1224 δέξασθαι
1712 1193 1765 1219 ὑπὸ
1776 1191 1823 1218 τοῦ
1839 1191 1923 1219 Πνεῦ-

1136 1247 1229 1273 ματος,
1248 1240 1276 1264 ἔν
1291 1238 1464 1272 πληροφορίᾳ
1484 1238 1653 1264 πιστεύουσα
1666 1246 1673 1252 ·
1691 1237 1733 1263 ἵνα
1750 1236 1924 1271 καθαρισθεῖ-
1966 1251 1968 1256 ι

1135 1294 1168 1311 σα
1182 1285 1226 1311 διὰ
1239 1285 1286 1311 τοῦ
1301 1284 1472 1319 Πνεύματος,
1484 1284 1557 1319 ψυχῇ
1572 1284 1619 1311 καὶ
1628 1283 1735 1318 σώματι
1749 1283 1922 1317 ἁγιασθείσα,

1135 1330 1254 1366 καθαρὸν
1269 1329 1365 1361 σκεῦος
1376 1330 1415 1359 εἰς
1437 1329 1571 1364 ὑποδοχὴν
1584 1329 1630 1355 τοῦ
1643 1329 1807 1364 ἐπουρανίου
1824 1328 1923 1363 μύρου,

1135 1376 1183 1403 καὶ
1198 1375 1280 1410 μονὴν
1296 1375 1344 1402 τοῦ
1371 1376 1537 1410 ἐπουρανίου
1568 1375 1615 1402 καὶ
1642 1374 1772 1410 ἀληθινοῦ
1793 1374 1925 1409 βασιλέως

1135 1421 1254 1456 Χριστοῦ
1266 1421 1393 1455 γενέσθαι
1410 1421 1566 1457 καταξιωθῇ
1579 1429 1585 1436 ·
1605 1422 1652 1448 καὶ
1667 1421 1727 1447 τότε
1746 1421 1795 1455 τῆς
1806 1422 1926 1456 ἐπουρα-

1136 1468 1193 1493 νίου
1221 1467 1295 1501 ζωῆς
1323 1467 1387 1499 ἀξία
1417 1467 1591 1499 καθίσταται,
1620 1467 1779 1502 οἰκητήριον
1806 1466 1927 1502 καθαρὸν

1136 1513 1295 1548 Πνεύματος
1319 1513 1398 1547 ἁγίου
1418 1513 1543 1539 ἐντεῦθεν
1560 1514 1706 1548 γενομένη.

1173 1560 1209 1585 Ε’.
1229 1560 1275 1590 El;
1293 1559 1379 1585 ταῦτα
1403 1559 1431 1585 δὲ
1456 1559 1490 1585 τὰ
1519 1560 1606 1595 μέτρα
1633 1559 1723 1595 ψυχὴν
1739 1559 1840 1592 ὲλθεῖν,
1864 1558 1926 1585 οὔτε

1136 1605 1182 1639 ὑφ’
1210 1604 1249 1637 ἓν,
1267 1604 1330 1631 οὔτε
1355 1604 1546 1639 ἀδοκιμάστως
1575 1605 1659 1637 ἐστιν,
1686 1605 1754 1632 ἀλλὰ
1771 1606 1814 1632 διὰ
1838 1605 1927 1631 πόνων

1137 1651 1241 1677 πολλῶν
1253 1652 1302 1677 καὶ
1317 1650 1441 1685 ἀγώνων,
1452 1651 1501 1677 καὶ
1515 1651 1630 1686 χρόνων,
1651 1653 1698 1679 καὶ
1712 1652 1841 1687 σπουδῆς,
1858 1652 1927 1687 μετὰ

1137 1696 1302 1731 δοκιμασίας
1320 1697 1367 1723 καὶ
1381 1698 1543 1733 πειρασμῶν
1556 1697 1686 1724 ποικίλων
1704 1697 1754 1732 τὴν
1775 1706 1927 1732 πνευματι-

1136 1742 1187 1777 κὴν
1202 1742 1317 1776 αὔξησιν
1332 1743 1378 1769 καὶ
1392 1743 1532 1778 προκοπὴν
1543 1743 1689 1777 λαμϐάνει,
1703 1743 1756 1775 ἕως
1765 1743 1811 1770 τοῦ
1823 1743 1926 1769 τελείου

1136 1788 1187 1822 τῆς
1204 1788 1340 1819 ἀπαθείας
1356 1788 1468 1824 μέτρου,
1484 1789 1527 1815 ἴνα
1545 1788 1585 1820 είς
1601 1789 1690 1815 πάντα
1710 1789 1863 1824 πειρασμὸν
1877 1789 1927 1815 ὑπὸ

1137 1834 1186 1868 τῆς
1198 1834 1298 1866 κακίας
1321 1835 1494 1869 ἐπαγόμενον
1517 1835 1693 1869 ὑπομένουσα
1713 1835 1863 1870 προθύμως
1882 1835 1927 1861 καὶ

1137 1881 1279 1914 γενναίως,
1297 1881 1358 1907 τότε
1377 1881 1432 1907 τῶν
1449 1881 1576 1915 μεγάλων
1588 1881 1675 1916 τιμῶν
1692 1882 1739 1908 καὶ
1751 1882 1927 1918 χαρισμάτων

1138 1927 1342 1961 πνευματικῶν,
1363 1927 1410 1953 καὶ
1437 1926 1555 1953 πλούτου
1583 1927 1710 1962 οὐρανίου
1739 1927 1856 1963 ἀξιωθῇ,
1882 1928 1927 1954 καὶ

1138 1973 1226 2004 οὕτως
1238 1973 1288 2007 τῆς
1316 1973 1480 2008 ἐπουρανίου
1501 1973 1640 2008 βασιλείας
1669 1973 1783 2008 γένηται
1801 1974 1928 2009 κληρονό-

1140 2027 1200 2053 μος,
1223 2019 1251 2044 ὲν
1266 2018 1377 2053 Χριστῷ
1406 2018 1494 2053 Ἰησοῦ
1520 2018 1558 2053 τῷ
1585 2019 1680 2054 Κυρίῳ
1699 2019 1788 2054 ἡμῶν,
1800 2016 1822 2054 ᾧ
1839 2020 1927 2056 ήδόξα

1139 2065 1186 2091 καὶ
1202 2064 1232 2090 τὸ
1244 2064 1355 2099 κράτος,
1372 2064 1412 2096 εἰς
1427 2064 1491 2096 τοὺς
1511 2064 1625 2096 αἰῶνας.
1653 2065 1751 2101 ’Δμήν.

1432 2163 1555 2191 OMlAlA
1585 2165 1637 2193 ΙΝ.

296 2220 423 2248 Virtutem
441 2220 527 2248 sancti
538 2218 652 2255 Spiritus
673 2219 704 2255 iri
721 2218 800 2255 corde
818 2218 941 2255 hominis,
961 2225 988 2243 se
1002 2211 1082 2243 habe-

1139 2206 1707 2255 τὴῖξιξζςιιίιῖίςαῦιξτέρυ,πνειματος
1720 2212 1756 2255 ἐν
1765 2211 1809 2255 ,τῆ
1822 2212 1928 2255 καρδία

329 2264 358 2282 re
375 2256 462 2283 instar
484 2251 565 2290 ignis:
594 2254 625 2280 Et
649 2254 743 2290 quibus
762 2253 838 2290 rebus
858 2252 1033 2290 indigeamus,
1053 2251 1088 2278 ad

329 2288 530 2317 discernendum
541 2289 711 2324 cogitationes
727 2289 755 2324 in
766 2288 843 2314 corde
853 2288 1046 2324 scalarientesr
1064 2291 1088 2313 et

330 2326 362 2352 de
378 2329 497 2361 serpente
519 2322 626 2361 mortuo
646 2324 682 2361 ait
697 2323 887 2361 sublimitatem
907 2322 971 2357 ligni
985 2331 1001 2349 ιι
1017 2322 1088 2361 Mosa

329 2357 426 2396 animo;
434 2361 478 2395 qui
492 2365 567 2396 typus
589 2359 637 2394 fuit
651 2357 758 2396 Christi.
775 2357 1020 2396 Continetquoqtie
1039 2359 1087 2396 Ito-_

330 2391 620 2430 ιιῖίίίαἰίίεριιὶἇιιίοιίεε
643 2393 709 2420 duas
722 2401 828 2430 :_unam
848 2391 965 2427 quidem,
990 2391 1088 2419 Christi

329 2439 391 2457 cum
408 2428 566 2463 nequissimo
579 2428 703 2461 Satana;
714 2428 829 2455 alteram
839 2436 911 2461 vero,
923 2432 1088 2463 peccatorum

329 2474 391 2493 cum
403 2473 503 2492 eadem.

331 2583 353 2611 Ι.
371 2582 444 2618 ignis
455 2582 501 2609 ille
525 2581 645 2610 caelestis
666 2581 829 2615 divinitatis,
843 2589 925 2617 quem
948 2581 1089 2617 accipiunt

292 2628 448 2657 Christiani
465 2628 540 2655 intus
553 2628 581 2655 in
592 2628 676 2655 corde
693 2636 744 2656 suo
759 2636 834 2656 nunc
851 2627 880 2655 in
901 2628 954 2656 hoc
975 2628 1088 2661 sateulo,

297 2675 343 2702 ille
356 2674 427 2709 ipse,
438 2674 485 2709 qui
500 2673 576 2702 intus
585 2682 661 2702 nunc
672 2682 720 2702 cor
735 2674 847 2702 illorum
858 2673 964 2709 dirigit,
978 2673 1090 2709 quando

294 2728 399 2755 corpus
414 2720 593 2753 dissolvetur,
608 2720 730 2755 erumpit
748 2728 755 2747 :
771 2724 799 2748 et
814 2728 911 2747 rursus
925 2727 1090 2755 coaugmen-

296 2771 337 2794 tat
350 2766 488 2798 membra,
500 2771 530 2794 et
553 2767 620 2794 facit
641 2766 874 2794 resurrectionem
890 2766 1089 2793 dissolutorum

296 2813 496 2840 membrorum.
515 2812 754 2846 Quemadmodum
769 2814 846 2840 enim
864 2812 945 2846 ignis,
963 2811 1010 2846 qui
1024 2810 1089 2838 Ilie-

296 2859 443 2893 rosolymis
465 2858 640 2888 ministrabat
655 2859 747 2894 altari,
771 2862 896 2894 tempore
921 2857 1089 2894 captivitatis

1173 2243 1227 2281 ςοῦ
1242 2244 1400 2281 ἀνθρῴπου
1414 2243 1491 2272 εἶναι
1512 2246 1552 2279 ὡς
1575 2243 1634 2281 πῦρ
1646 2254 1653 2261 ·
1679 2243 1728 2273 καὶ
1743 2243 1833 2273 τίνῶν
1858 2243 1928 2281 ἆρῄέ

1174 2278 1267 2318 ξιξ-μεν
1278 2279 1354 2318 πρρς
1369 2279 1400 2318 τρ
1413 2278 1701 2318 ᾷιακρινέσθαίτοὺς
1714 2278 1882 2318 λογισμοῦξ

1176 2314 1214 2350 ζῇ
1240 2314 1348 2349 καρδίᾳ
1367 2314 1538 2350 γβρύοντας.
1563 2316 1617 2343 Καί
1637 2317 1704 2350 περὶ
1737 2314 1791 2344 τοῦ
1804 2314 1928 2350 ’νεκροῦ

1175 2348 1272 2386 ὄρειος
1286 2350 1329 2383 εις
1343 2349 1376 2376 τὸ
1392 2350 1560 2386 ἀκρόῇατον
1585 2351 1639 2378 τοῦ
1655 2348 1750 2383 εὔλου
1769 2353 1849 2386 παρὰ
1863 2348 1929 2379 Πω-

1174 2383 1253 2424 ςρως
1269 2383 1556 2424 προσξεπηγμένσυ,
1573 2386 1607 2419 ὃς
1626 2387 1729 2424 τύπος-
1741 2383 1859 2422 ἐγένέτο
1875 2387 1929 2424 τοῦ

1175 2420 1315 2457 ξίριστρῦ.
1353 2420 1478 2457 Συνέχει
1506 2421 1555 2447 καί
1585 2423 1686 2456 ὁμιλία
1715 2420 1929 2457 didior/cyatho

1174 2454 1230 2494 (Σύο
1241 2463 1247 2470 ·
1271 2454 1374 2494 {tepor
1388 2455 1447 2490 μὲν
1467 2454 1607 2494 Χριστοῦξ
1623 2457 1700 2491 μετὰ
1724 2458 1778 2494 τρῦ
1795 2454 1930 2494 sror-11pm}

1175 2489 1304 2533 Σατατᾶ,
1322 2489 1447 2525 θάτερον
1462 2489 1497 2518 δὲ
1506 2491 1567 2518 τῶν
1589 2489 1773 2528 ἁμαρτωλῶν
1783 2493 1861 2528 μετὰ
1867 2489 1930 2520 ’τοῦ

1174 2533 1279 2551 αυτου.

1175 2581 1215 2609 Δ’.
1229 2582 1266 2608 Τὸ
1280 2582 1336 2617 πῦρ
1350 2583 1380 2610 τὸ
1395 2584 1523 2619 οὐράνιον
1542 2584 1592 2620 τῆς
1606 2584 1745 2620 θεότητος,
1759 2585 1829 2620 ὅπερ
1838 2584 1931 2621 δέχονο

1139 2636 1185 2654 ται
1200 2629 1225 2654 οἱ
1243 2629 1403 2664 Χριστιανοὶ
1424 2630 1500 2662 ἐντὸς
1519 2631 1610 2658 αὐτῶν
1633 2632 1663 2658 ἐν
1676 2633 1710 2666 τῇ
1726 2631 1825 2667 καρδίᾳ
1839 2630 1887 2658 νῦν
1902 2632 1931 2658 ἐν

1139 2673 1179 2709 τῷ
1192 2673 1271 2701 αἰῶνι
1286 2674 1384 2710 τούτῳ,
1407 2675 1486 2703 τοῦτο
1510 2677 1577 2704 αὐτὸ
1604 2678 1636 2704 τὸ
1657 2677 1733 2709 ὲντὸς
1753 2678 1803 2713 τῆς
1818 2676 1932 2712 καρδίας

1140 2720 1230 2747 αὐτῶν
1249 2720 1403 2755 διακονοῦν,
1417 2722 1482 2750 ὅταν
1491 2722 1611 2759 ἀναλυθῇ
1629 2723 1660 2749 eo
1689 2722 1781 2758 σῶμα,
1798 2722 1932 2758 ἐξώτερον

1140 2766 1256 2800 γίνεται,
1274 2767 1323 2794 καὶ
1338 2768 1421 2795 πάλιν
1445 2770 1602 2805 συμπήσσει
1630 2769 1664 2796 τὰ
1687 2769 1767 2805 μέλη,
1788 2770 1837 2796 καὶ
1861 2769 1935 2795 ποιεῖ

1141 2812 1288 2840 ἀνάστασιν
1302 2813 1357 2841 τῶν
1372 2813 1528 2850 λελυμένων
1547 2815 1649 2850 μελῶν,
1669 2816 1775 2850 Ὠσπερ
1789 2815 1845 2851 γὰρ
1857 2815 1890 2842 τὺ
1903 2816 1932 2841 ἑν

1152 2858 1353 2894 Ἰεροσολύμοις
1372 2860 1429 2896 πῦρ
1444 2861 1475 2888 τδ
1489 2861 1632 2889 διακονοῦν
1646 2863 1675 2890 ὲν
1686 2862 1726 2898 τῷ
1742 2862 1931 2899 θυσιαστηρίῳ
