2078 3151
193 154 245 187 5ίὸ

799 161 982 192 HOMILL'E.
998 176 1032 180 -
1047 164 1139 194 IIOM.
1160 165 1212 195 XI.

1757 174 1808 205 546

193 212 263 238 κατὰ
276 211 321 237 τὸν
344 212 439 247 καιρδν
464 213 510 240 τοῦ
537 214 762 249 αίχμαλωτισμοῦ
779 215 884 251 χωσθέν
897 213 931 251 ἦν
944 217 973 243 ἐν

1027 217 1151 247 defossus
1169 224 1229 247 erat
1246 220 1273 247 in
1297 220 1386 253 fovea,
1400 227 1427 250 et
1451 223 1495 252 ille
1518 224 1576 259 ipse
1601 233 1667 260 pace
1683 227 1763 261 facta,
1779 236 1812 258 ac

193 257 297 293 λάκκῳ,
312 253 364 284 καῖ
374 258 438 285 αὐτὸ
454 259 543 286 ἐκεῖνο
559 260 588 286 ἐν
598 259 637 295 τῷ
653 261 780 295 γενέσθαι
796 262 908 297 εἰρήνην
928 262 978 290 καί

192 303 351 330 ἐπανελθεῖν
371 303 435 336 τοὺς
459 305 738 340 αἰχμαλωτισθέντας,
753 307 849 344 ὥσπερ
866 308 979 335 ἁνεκειο

192 349 269 386 νίσθη
285 350 332 377 καὶ
354 350 477 386 συνήθως
500 351 617 387 διηκόνει
628 360 635 367 ⁸
656 351 727 380 οὕτω
743 353 793 380 καὶ
806 353 855 380 νῦν
869 354 900 380 τὸ
913 355 980 390 πλη-

195 394 250 421 σίον
271 394 362 430 σῶμα,
381 395 395 421 ὃ
422 395 492 432 μετὰ
517 397 548 423 τὸ
572 397 686 433 λυθῆναι
703 399 808 433 γίνεται
838 399 978 436 βόρϐορος,

192 440 338 474 ἐργάζεται
364 440 394 467 τὸ
425 441 549 476 οὐράνιον
574 442 630 478 πῦρ
651 443 698 470 καὶ
721 445 900 479 ἀνακαινίζει,
934 447 980 472 καὶ

192 486 289 521 ἀνιστᾷ
301 485 336 512 τὰ
350 485 509 522 ἐφθαρμένα
526 487 651 524 σώματα.
669 490 706 516 To
717 491 772 526 γὰρ
784 490 831 519 νῦν
845 491 979 528 ἐσώτερον

193 531 222 557 ἐν
235 532 267 567 τῇ
282 531 381 568 καρδίᾳ
392 532 515 560 ἐνοικοῦν
534 534 600 570 πῦρ,
615 535 675 562 τότε
695 535 829 572 ἐξώτερον
845 537 978 572 γίγνεται,

193 577 240 604 καὶ
255 579 329 604 ποιεῖ
343 577 492 605 ἀνάστασιν
503 579 557 606 τῶν
572 581 717 616 σωμάτων.

228 622 266 649 B'.
279 623 334 649 Καὶ
348 622 403 659 γὰρ
415 624 461 650 ἐπὶ
473 623 519 651 τοῦ
535 625 783 664 Ναϐουχοδονόσορ,
800 628 830 655 τὸ
840 627 896 663 πῦρ
908 629 937 656 ἐν
944 630 976 666 τῇ

192 668 300 703 καμίνῳ
315 669 366 697 οὐκ
381 666 415 705 ἦν
441 669 542 703 θεῖκὺν,
560 671 617 698 ἀλλ’
629 669 664 707 ἦν
677 672 780 708 κτίσμα
792 681 799 689 ·
813 673 838 699 oi
864 672 892 700 δὲ
904 674 979 709 τρεῖς

193 713 289 745 παῖδες
299 713 344 740 διὰ
367 713 416 750 τὴν
431 715 605 752 δικαιοσύνην
617 716 707 743 αὐτῶν
722 718 751 745 ἐν
762 717 802 754 τῷ
823 718 978 754 φαινομένῳ

194 759 262 794 πυρὶ
275 759 364 791 ὄντες,
385 760 414 787 ἐν
430 761 487 793 ταῖς
510 762 635 797 καρδίαις
648 763 737 790 αὐτῶν
753 761 826 799 εἶχον
842 763 873 791 τὸ
887 764 977 791 θεϊκῦν

193 804 318 839 οὐράνιον
349 805 404 842 πῦρ
430 806 507 838 ἐντὸς
530 807 584 834 τῶν
600 807 738 844 λογισμῶν
763 808 903 836 διακονοῦν
930 810 977 837 καὶ

193 851 322 887 ἐνεργοῦν
335 853 364 879 ἐν
380 852 482 885 αὐτοῖς.
507 853 562 880 Καὶ
588 854 655 881 αὐτὸ
680 855 768 882 ἐκεῖνο
779 856 866 892 ἐφάνη
881 856 977 889 ἐξώτε-

194 906 241 933 ρον
256 897 346 924 αὺτῶν
357 905 366 913 “
384 897 435 924 ἀνὰ
447 898 529 933 μέσον
545 899 600 935 γὰρ
617 900 708 928 αὐτῶν
722 901 798 936 ἔστη,
815 901 863 929 καὶ
883 902 976 938 ἐπεῖχε

191 943 223 970 τὺ
235 943 395 978 φαινόμενον
412 943 478 979 πῦρ,
501 944 547 971 τοῦ
573 945 610 981 μὴ
628 945 716 973 καίειν
740 946 788 973 καὶ
808 947 937 983 βλάπτειν
950 957 976 975 τι

192 989 256 1021 τοὺς
278 989 409 1021 δικαίους.
443 990 558 1025 Ὁμοίως
577 991 605 1017 δὲ
632 992 678 1018 καὶ
704 992 751 1018 ἐπὶ
779 992 826 1019 τοῦ
859 993 975 1030 Ἰσραὴλ,

193 1035 286 1071 ἐπειδὴ
300 1036 315 1062 ὁ
335 1035 398 1067 νοῦς
419 1035 509 1063 αὐτῶν
530 1037 578 1064 καὶ
604 1037 618 1063 ὁ
638 1037 767 1073 λογισμὸς
790 1039 820 1066 ἐν
847 1039 977 1075 προθέσει

193 1078 250 1116 εἶχε
280 1081 327 1108 τοῦ
357 1081 545 1117 μακρυνθῆναι
571 1082 625 1110 ἀπὸ
650 1082 716 1110 Θεοῦ
736 1084 848 1118 ζῶντος,
875 1085 922 1112 καὶ
937 1086 977 1118 εἰς

192 1125 412 1162 είδωλολατρείαν
425 1128 572 1162 τραπῆναι,
588 1128 749 1165 ἠναγκάσθη
772 1129 877 1166 ’Δαρὼν
889 1131 977 1158 εἰπεῖν

192 1171 295 1204 αὐτοῖς,
311 1173 433 1207 ἐνεγκεῖν
446 1173 480 1199 τὰ
499 1173 583 1210 σκεύη
596 1175 629 1202 τὰ
649 1176 737 1211 χρυσᾶ
757 1175 805 1202 καὶ
817 1176 852 1204 τὰ
863 1177 974 1213 κόσμια.

193 1217 294 1244 Λοιπὸν
304 1219 318 1246 ὁ
331 1218 442 1254 χρυσὸς,
455 1219 502 1246 καὶ
516 1219 550 1246 τὰ
570 1220 665 1255 σκεύη,
691 1221 763 1258 ἆπερ
777 1222 917 1249 ἐνέϐαλλον
937 1224 977 1255 είς

192 1264 224 1290 τὸ
240 1263 306 1300 πῦρ,
322 1265 429 1292 εἴδωλον
455 1265 574 1300 ἐγένενο,
602 1267 650 1294 καὶ
662 1266 757 1303 ὥσπερ
780 1268 935 1304 ἐμιμήσατο
948 1268 977 1296 τὺ

193 1307 249 1343 πῦρ
260 1308 310 1344 τὴν
337 1309 496 1345 προαίρεσιν
522 1311 621 1338 αὐτῶν.
651 1311 736 1339 Τοῦτο
763 1312 792 1340 δὲ
822 1313 977 1349 θαυμαστὸν

193 1355 320 1389 πρᾶγμα.
344 1355 453 1390 Ἐπειδὴ
467 1357 520 1392 γὰρ
535 1357 605 1384 κατὰ
618 1357 748 1393 πρόθεσιν
762 1358 790 1385 ἐν
801 1358 839 1394 τῷ
853 1359 976 1395 κρυπτῷ,

193 1400 240 1427 καὶ
258 1402 315 1432 τοῖς
331 1401 472 1438 λογισμοῖς
486 1402 576 1429 αὐτῶν
592 1403 784 1432 ἐϐουλεύσαντο
807 1405 857 1440 τὴν
872 1405 978 1433 εἰδωλο-

192 1446 330 1482 λατρείαν,
348 1449 396 1475 καὶ
421 1448 452 1474 τὺ
467 1448 523 1484 πῦρ
542 1449 643 1484 ὁμοίως
659 1449 693 1477 τὰ
712 1450 881 1486 ἐμϐληθέντα
894 1451 978 1488 σκεύη

193 1492 302 1519 είδωλον
315 1493 476 1528 εἰργάσατο,
491 1495 538 1521 καὶ
549 1494 643 1523 λοιπὸν
651 1495 680 1523 ἐν
689 1495 728 1532 τῷ
739 1497 893 1533 φαινομένῳ
907 1497 979 1525 εἰδω-

193 1537 374 1574 λολάτρησαν.
400 1540 506 1576 Ὠσπερ
525 1540 572 1568 οὖν
587 1541 612 1568 οἱ
628 1542 702 1578 τρεῖς
726 1542 821 1575 παῖδες
838 1543 977 1570 δικαιοσύ-
990 1555 1015 1587 c

193 1592 243 1619 νην
257 1583 442 1621 λογισάμενοι,
466 1586 591 1619 ἐδέξαντο
609 1587 639 1615 ἐν
663 1587 770 1620 ἑαυτοῖς
784 1588 814 1615 τὺ
837 1587 883 1615 τοῦ
910 1588 977 1616 Θεοῦ

193 1628 259 1665 πῦρ,
276 1630 321 1656 καὶ
337 1631 543 1667 προσεκύνησαν
559 1632 598 1669 τῷ
612 1633 708 1670 Κυρίῳ
721 1634 750 1660 ἐν
759 1633 888 1670 ἀληθείᾳ·
906 1633 978 1661 οὕτω

194 1672 242 1700 καὶ
252 1672 300 1700 νῦν
310 1674 338 1701 αἱ
352 1675 447 1702 πισταὶ
471 1675 556 1712 ψυχαὶ
574 1676 696 1712 δέχονται
725 1678 813 1705 ἐκεῖνο
839 1678 870 1705 τὸ
889 1678 979 1706 οεῑκὺν

193 1717 241 1746 καὶ
260 1719 420 1756 ἐπουράνιον
445 1721 511 1758 πῦρ,
530 1722 559 1749 ἐν
585 1722 624 1758 τῷ
650 1723 728 1750 αῐῶνι
754 1723 851 1758 τούτῳ,
881 1725 911 1751 ἐν
939 1724 978 1760 τῷ

194 1765 327 1801 κρυπτῷ·
340 1767 387 1806 καλ.
399 1767 466 1794 αὐτὸ
484 1768 572 1794 ἐκεῖνο
598 1770 698 1804 μορφοῖ
711 1769 803 1796 εἰκόνα
817 1770 977 1806 ἐπουράνιον

193 1811 234 1842 εἰς
246 1811 295 1847 τὴν
310 1804 521 1848 ἀνθρῶπότητα.

227 1857 265 1884 1".
275 1858 381 1893 Ὠσπερ
390 1857 436 1885 οὖν
445 1859 588 1894 ἐμόρφωσε
600 1858 630 1886 τὸ
639 1859 694 1896 πῦρ
702 1860 735 1887 τὰ
744 1860 828 1896 σκεύη
836 1861 871 1887 τὰ
878 1863 975 1897 χρυσᾶ,

194 1902 242 1929 καὶ
256 1903 365 1938 ἐγένετο
382 1903 490 1930 εἴδωλον
501 1911 508 1919 ·
520 1903 592 1931 οὕτω
607 1906 654 1932 καὶ
668 1907 682 1933 ὁ
693 1905 805 1942 Κύριος,
815 1906 844 1939 ὃς
856 1908 978 1942 μιμεῖται

193 1949 248 1976 τῶν
258 1949 361 1976 πιστῶν
373 1951 420 1977 καὶ
437 1950 548 1986 ἀγαθῶν
561 1951 655 1988 ψυχῶν
671 1953 721 1985 τὰς
735 1954 919 1990 προαιρέσεις,
931 1953 978 1981 καὶ

194 1994 264 2022 κατὰ
279 1995 310 2022 τὸ
329 1995 433 2032 θέλημα
448 1997 538 2024 αὐτῶν
557 1999 659 2034 μορφοῖ
675 1999 767 2026 εἰκόνα
781 2000 830 2026 καὶ
841 1999 888 2026 νῦν
903 2001 932 2026 ἐν
943 2001 976 2036 τῇ

192 2039 276 2076 ψυχῇ,
286 2041 331 2068 καὶ
342 2042 371 2068 ἐν
382 2043 416 2078 τῇ
428 2042 574 2070 ἀναστάσει
588 2043 720 2081 ἐξώτερον
739 2045 828 2072 αὐτῶν
841 2045 975 2080 φαίνεται,

194 2088 242 2114 καὶ
253 2086 358 2121 δοξάζει
379 2087 413 2115 τὰ
432 2088 545 2124 σώματα
571 2090 660 2117 αὐτῶν
677 2089 777 2117 ἔσωθεν
796 2091 844 2117 καὶ
865 2091 975 2124 ἔξωθεν.

200 2133 270 2160 Ἀλλ’
278 2133 308 2160 ὃν
316 2134 416 2170 τρόπον
424 2135 457 2162 τὰ
466 2134 578 2170 σώματα
585 2136 674 2162 αὐτῶν
683 2136 840 2172 ἐφθαρμένα
848 2137 901 2164 εἰσὶ
908 2136 977 2168 τέως

193 2181 222 2207 ἐν
235 2181 274 2218 τῷ
288 2181 376 2217 καιρῷ
384 2181 481 2216 τούτῳ,
497 2182 543 2209 καὶ
558 2182 653 2218 νεκρὰ,
670 2183 716 2210 καὶ
723 2182 874 2218 λελυμένα·
890 2182 976 2214 οὕτως

1033 265 1150 292 reversis
1161 266 1275 301 captivis
1291 267 1374 295 Veluti
1386 274 1533 298 renovatus
1547 278 1598 306 pro
1615 279 1691 301 more
1707 274 1812 302 servic-

1032 310 1078 338 bat
1093 320 1099 337 :
1114 311 1154 339 sic
1168 316 1196 339 et
1208 319 1308 348 corpus
1333 314 1386 341 hoc
1402 315 1545 349 familiare,
1557 318 1630 352 quod
1644 323 1706 354 post
1721 320 1812 348 disso-

1031 356 1164 385 lutionem
1178 359 1206 386 in
1223 366 1333 387 caenum
1345 361 1470 394 vertitur.
1480 362 1567 391 reﬁcit
1581 369 1609 391 et
1618 371 1731 393 renovat
1743 366 1814 402 ignis

1031 404 1161 437 cmlestis,
1176 407 1204 432 et
1226 406 1371 434 resuscitat
1391 412 1520 442 corrupta
1545 417 1671 446 corpora.
1695 412 1814 440 Interior

1030 450 1103 478 enim
1116 450 1161 478 ille
1175 451 1255 486 ignis,
1272 452 1348 479 cordi
1357 458 1453 481 nostro
1467 454 1633 490 inhabitans,
1647 462 1711 486 tunc
1723 467 1813 488 emer-

1030 495 1079 530 git,
1092 495 1211 531 facitque
1222 497 1452 526 resurrectionem
1469 506 1629 535 corporum.

1063 618 1096 645 ll.
1115 619 1392 649 Nabucltouonosorts
1406 622 1479 650 enim
1495 627 1617 659 tempore
1640 625 1710 661 ignis
1728 627 1755 654 in
1768 635 1812 656 ca-

1029 664 1104 691 mino
1117 664 1171 700 39
1187 666 1233 700 qui
1250 667 1390 700 ardebat‘,
1408 675 1463 696 non
1480 674 1540 697 erat
1554 670 1673 705 divinus,
1692 673 1740 700 sed
1755 679 1813 701 erat

1029 716 1153 738 creatura
1171 721 1178 739 :
1196 716 1251 739 tres
1267 716 1358 740 autem
1380 713 1419 740 illi
1435 715 1523 749 pueri,
1545 716 1592 751 qui
1605 724 1638 744 eo
1660 718 1734 752 quod
1746 719 1812 754 justi

1028 760 1131 788 essent,
1155 757 1183 784 in
1199 759 1341 793 apparenti
1364 759 1425 795 igne
1446 766 1535 794 erant,
1556 763 1582 789 in
1603 764 1733 792 cordibus
1755 766 1813 794 suis

1028 801 1167 829 habebant
1183 803 1306 831 divinum
1330 812 1361 832 ac
1377 806 1514 834 cmlestem
1533 807 1634 843 ignem.
1650 809 1721 838 intra
1737 812 1812 847 cogi-

1028 847 1146 875 tationes
1170 848 1370 877 ministrantem
1393 856 1422 879 et
1445 857 1602 887 operantem
1626 855 1654 882 in
1683 855 1759 891 ipsis.
1779 858 1814 885 Et

992 893 1012 920 Π
1028 892 1100 920 idem
1114 892 1160 920 ille
1175 893 1245 929 ignis
1257 895 1385 930 apparuit
1400 901 1476 924 extra
1487 897 1567 931 illos;
1583 899 1610 926 in
1629 900 1720 928 medio
1736 902 1810 929 enim

1033 938 1142 966 illorum
1160 940 1246 973 stetit,
1271 945 1300 968 et
1316 941 1440 970 cohibuit
1458 949 1636 978 apparentem
1661 945 1761 981 ignem,
1777 955 1812 974 ne

1028 990 1124 1013 ureret
1138 991 1186 1014 aut
1200 986 1312 1014 lzederet
1324 987 1413 1023 aliqua
1428 996 1462 1016 ex
1475 994 1552 1024 parte
1564 990 1665 1025 justus.
1679 991 1812 1021 Similiter

1027 1037 1136 1066 quoque
1155 1031 1340 1059 lsraelitarum
1367 1033 1546 1068 temporibus,
1565 1043 1628 1063 cum
1651 1037 1760 1065 animus
1784 1043 1812 1066 et

1027 1074 1209 1109 cogitationes
1220 1075 1330 1103 illorum
1343 1077 1504 1106 statuissent
1514 1079 1644 1107 recedere
1652 1081 1728 1109 aDeo
1738 1083 1810 1114 vivo.

1026 1122 1054 1146 et
1062 1119 1096 1146 ad
1108 1119 1291 1148 idololatriam
1304 1123 1438 1155 converti,
1456 1127 1567 1152 coactus
1577 1130 1619 1152 est
1634 1125 1724 1154 Aaron
1737 1127 1810 1155 indi-

1027 1171 1090 1191 cere
1103 1164 1167 1197 illis,
1180 1169 1211 1192 ut
1227 1165 1359 1193 atlerrent
1376 1174 1460 1195 aurea
1477 1173 1504 1195 et
1515 1174 1628 1198 venusta
1638 1179 1711 1199 vasa.
1734 1173 1813 1200 P0st-

1027 1210 1138 1238 modum
1154 1219 1252 1238 aurum
1267 1217 1295 1240 et
1312 1221 1386 1246 vasa,
1402 1222 1463 1249 qua
1481 1216 1655 1252 conjecerant
1668 1218 1696 1246 in
1710 1219 1812 1254 ignem,

1028 1255 1056 1282 in
1073 1256 1175 1284 idolttm
1187 1261 1252 1284 sunt
1268 1264 1448 1291 con\'ersa.et
1463 1262 1540 1296 quasi
1556 1261 1680 1291 imitatus
1690 1270 1730 1292 est
1742 1265 1812 1300 ignis

1028 1303 1136 1329 illorum
1163 1303 1344 1338 propositum.
1369 1304 1426 1333 Hoc
1447 1311 1538 1334 autem
1564 1308 1746 1337 admiratione
1768 1310 1811 1337 di-

1028 1355 1122 1383 gnum.
1137 1348 1205 1376 Cum
1223 1349 1296 1377 enim
1312 1351 1464 1378 secundum
1487 1354 1650 1381 sententiam
1671 1356 1755 1385 animi
1773 1358 1814 1384 in-

1029 1394 1147 1427 terioris,
1157 1400 1185 1422 et
1197 1395 1224 1422 in
1240 1396 1453 1431 cogitationibus
1464 1398 1530 1430 suis,
1539 1399 1719 1428 idololatriam
1732 1410 1812 1430 excr-

1028 1448 1091 1468 cerc
1103 1441 1304 1476 decrevissent;
1316 1443 1398 1470 etiam
1410 1443 1479 1479 ignis
1495 1445 1622 1474 similiter
1637 1447 1736 1480 injecta
1748 1457 1811 1477 rasa

1030 1486 1057 1513 itt
1077 1487 1180 1514 idolum
1195 1489 1331 1516 convertit
1346 1498 1353 1517 :
1374 1495 1402 1517 et
1425 1495 1481 1518 tum
1497 1492 1586 1527 palam
1610 1493 1691 1521 idolis
1708 1495 1811 1523 cultum

1029 1533 1244 1562 exhibuerunt‘.
1262 1535 1496 1569 Quemadmodum
1518 1547 1584 1575 ergo
1600 1545 1655 1568 tres
1680 1542 1733 1570 illis
1747 1552 1813 1578 pue-

1029 1580 1063 1612 ri,
1078 1581 1136 1614 qui,
1152 1581 1267 1616 justitirc
1288 1589 1398 1617 operam
1411 1583 1519 1617 dantes,
1535 1594 1718 1622 susceperunt
1731 1589 1759 1616 in
1784 1599 1814 1618 se

1029 1625 1080 1660 ipsi
1098 1626 1188 1662 ignem
1205 1627 1340 1661 divinum,
1355 1633 1383 1657 et
1398 1630 1549 1659 adorarunt
1564 1633 1709 1662 Dominum
1727 1635 1754 1663 in
1768 1643 1814 1663 ve-

1029 1672 1129 1700 ritate:
1146 1673 1185 1700 sic
1210 1681 1319 1709 quoque
1336 1682 1408 1703 nunc
1431 1677 1529 1705 anima:
1555 1677 1650 1707 ﬁdeles
1674 1681 1814 1716 recipiunt

1028 1719 1135 1746 occulte
1151 1719 1226 1746 illum
1249 1719 1372 1748 divinutn
1389 1727 1416 1749 et
1438 1723 1577 1751 caalestem
1604 1725 1694 1760 ignem
1714 1727 1741 1754 in
1759 1728 1812 1756 hoc

1028 1766 1156 1800 praesenti
1183 1766 1283 1794 saecqu
1301 1775 1308 1793 :
1326 1772 1354 1794 et
1379 1767 1425 1795 ille
1453 1768 1524 1804 ignis
1547 1769 1648 1799 format
1664 1770 1812 1808 imaginem

1028 1810 1165 1837 caelestem
1184 1811 1210 1838 in
1226 1811 1348 1839 homine.

1063 1856 1106 1883 lll.
1126 1856 1203 1884 Sicut
1215 1857 1299 1892 igitur
1311 1857 1439 1886 formavit
1458 1859 1528 1895 ignis
1539 1867 1604 1888 vasa
1622 1869 1717 1896 aurea,
1732 1867 1759 1891 et
1771 1864 1812 1891 fa-

1027 1905 1101 1929 ctum
1116 1906 1158 1930 est
1173 1903 1276 1930 idolum
1290 1911 1298 1930 :
1316 1903 1353 1931 ita
1363 1912 1472 1939 quoque
1480 1905 1678 1942 Dominus,qui
1690 1908 1813 1936 imitatur

1027 1947 1148 1975 ﬁdelium
1162 1956 1195 1976 ac
1216 1949 1322 1984 piarum
1339 1950 1492 1977 animarum
1507 1951 1682 1985 intentiones,
1711 1961 1744 1980 ac
1761 1962 1812 1989 pro

1026 1994 1167 2022 voluntate
1185 2003 1279 2023 earum
1298 1995 1397 2023 format
1409 1996 1553 2032 imaginem
1564 2017 1571 2030 ,
1587 2006 1648 2033 quae
1663 2007 1738 2027 nunc
1748 2001 1812 2036 qui-

1026 2040 1087 2068 dem
1101 2041 1129 2068 in
1143 2042 1233 2069 anima
1250 2046 1301 2072 est.
1321 2042 1385 2070 etin
1398 2044 1599 2072 resurrectione
1617 2045 1738 2074 exterius
1764 2055 1812 2082 ap-

1025 2087 1331 2123 parebit;etglorilicat
1347 2096 1461 2124 corpora
1477 2089 1586 2117 illorum
1598 2090 1673 2118 intus
1686 2095 1714 2118 et
1724 2096 1812 2120 extra.

1025 2132 1125 2160 Verum
1140 2133 1333 2169 sicutcorpora
1342 2135 1451 2162 illorum
1463 2140 1596 2171 corrupta
1605 2140 1669 2164 sunt
1681 2137 1727 2165 illo
1744 2142 1812 2166 lent-

1025 2186 1103 2213 pore,
1117 2183 1224 2207 mortua
1235 2185 1262 2208 et
1277 2180 1411 2208 dissoluta
1427 2189 1434 2208 :
1454 2181 1494 2208 sic
1512 2189 1622 2217 quoque
1632 2183 1813 2218 cogitationes

193 2227 246 2254 εἰσὶ
260 2227 307 2254 καὶ
321 2228 345 2254 οἱ
360 2227 484 2263 λογισμοί
497 2237 578 2256 τινων
587 2228 640 2256 ὑπὸ
649 2228 696 2256 τοῦ
712 2229 820 2256 Σατανᾶ
838 2228 976 2264 ἐφθαρμέ-

1028 2225 1211 2259 quorumdam
1226 2233 1241 2253 a
1257 2225 1358 2253 Satana
1378 2231 1442 2253 sunt
1453 2232 1591 2262 eorrupue
1604 2232 1632 2255 et
1647 2234 1762 2257 mortua:
1779 2238 1813 2258 ne

193 2280 242 2304 vot,
258 2272 304 2299 καὶ
315 2272 408 2308 νεκροὶ
419 2272 472 2299 ἀπὸ
486 2273 535 2307 τῆς
558 2273 641 2309 ζωῆς.
672 2273 720 2300 καὶ
747 2273 916 2308 κεχωσμένοι
936 2274 977 2305 εἰς

194 2317 324 2353 βόρϐορον
340 2318 387 2345 καὶ
409 2317 480 2353 γῆνο
506 2318 631 2346 ἀπώλετο
654 2319 709 2354 γὰρ
735 2319 825 2347 αὐτῶν
849 2320 866 2355 ή
888 2319 975 2355 ψυχή.

194 2363 302 2400 ’Ὥσπερ
316 2362 362 2391 οὖν
376 2364 400 2391 οἱ
417 2363 583 2400 Ἰσραηλῖται
608 2364 704 2392 ἔϐαλον
719 2364 754 2392 τὰ
776 2366 866 2400 χρυσᾶ
892 2365 978 2401 σκεύη

193 2410 232 2442 είς
255 2409 287 2438 τὸ
301 2410 368 2446 πῦρ,
379 2410 426 2437 καὶ
437 2409 546 2444 ἐγένετο
561 2409 680 2442 εἴδωλον,
694 2408 765 2437 οὕτω
781 2409 828 2437 νῦν
842 2410 904 2442 τοὺς
928 2419 978 2436 κα-

193 2455 293 2492 θαροὺς
304 2454 451 2490 λογισμοὺς
465 2453 511 2480 καὶ
533 2453 633 2485 καλοὺς
657 2453 779 2480 ἐπέδωκε
807 2454 841 2489 τῇ
866 2453 950 2488 κακίᾳ.
963 2453 978 2479 ὸ

191 2501 345 2537 ἄνθρωπος,
357 2500 406 2527 καὶ
432 2498 645 2534 κατεχώσθησαν
667 2498 707 2531 εἰς
720 2497 766 2525 τὸν
784 2497 915 2534 βόρϐορον
929 2497 978 2532 τῆς

191 2546 340 2582 ἁμαρτίας,
368 2546 415 2573 καὶ
442 2545 568 2580 ἐγένοντο
581 2543 700 2571 εἴδωλον.
727 2543 782 2571 Καὶ
807 2543 866 2575 πῶς
878 2551 920 2575 τις
935 2543 978 2569 ἶνα

191 2591 290 2624 αὐτοὺς
299 2590 409 2628 ἐξεύρῃ,
422 2592 469 2618 καὶ
482 2589 619 2626 διακρίνῃ,
632 2589 679 2617 καὶ
690 2589 793 2626 ἐκϐάλῃ
806 2589 839 2615 ἐκ
851 2587 897 2616 τοῦ
913 2588 977 2615 ίδίου

192 2637 296 2674 πυρ6ς;
328 2635 378 2676 ὦδε
405 2637 501 2674 λύχνου
527 2636 618 2664 θεῖκοῦ
647 2635 742 2671 χρείαν
765 2635 822 2671 ἔχει
847 2636 865 2671 ἡ
891 2634 975 2670 ψυχὴ,

193 2683 350 2720 ῐῐνιύματος
367 2683 445 2720 ἁγίου
469 2683 517 2711 τοῦ
534 2681 700 2719 κοσμοῦντος
713 2681 759 2708 τδν
784 2681 976 2717 ἐσκοτισμένον

194 2725 277 2762 οἷκον,
288 2729 335 2757 τοῦ
342 2729 473 2765 φωτεινοῦ
493 2728 585 2756 Ἠλίου
597 2727 648 2764 τῆς
664 2725 846 2763 δικαιοσύνης,
859 2723 906 2754 τοῦ
922 2735 977 2762 φω-

193 2772 312 2807 τίζοντος
335 2775 383 2802 καὶ
407 2775 598 2806 ἀνατέλλοντος
622 2774 663 2805 εἰς
677 2772 727 2808 τὴν
749 2771 874 2808 καρδίαν,
892 2771 974 2798 ὅπλου

192 2819 287 2855 χρείαν
300 2822 355 2857 ἐχιι
364 2821 411 2850 τοῦ
425 2821 553 2854 νικῶντος
563 2821 608 2850 τὸν
619 2821 746 2858 πόλεμον.

228 2874 238 2890 ⁸
248 2875 314 2904 Dan.
329 2883 368 2909 ut,
380 2876 423 2904 l9.
461 2877 472 2894 ⁸
484 2877 551 2905 ibid.

354 2923 492 2955 ΡΑτιιοι..
511 2926 568 2955 Gn.
583 2924 727 2956 XXXH'.

1026 2271 1130 2303 vivant,
1147 2275 1175 2298 et
1190 2271 1303 2299 defossm
1319 2267 1346 2298 in
1362 2272 1449 2299 lutum
1460 2276 1488 2299 et
1504 2277 1603 2300 terram
1622 2282 1628 2300 :
1643 2275 1727 2309 periit
1739 2275 1813 2302 enim

1027 2317 1137 2344 illorum
1170 2317 1270 2345 anima.
1304 2317 1540 2351 Quemadmodum
1576 2320 1659 2355 igitur
1684 2321 1813 2348 Israelita:

1027 2362 1206 2396 coniecerunt
1234 2369 1316 2389 aurea
1333 2370 1396 2390 vasa
1417 2363 1446 2390 in
1464 2363 1565 2399 ignem.
1589 2370 1617 2391 et
1640 2364 1742 2392 factum
1770 2369 1813 2392 est

1028 2407 1130 2434 idolum
1151 2415 1157 2434 :
1173 2407 1212 2434 sic
1225 2415 1300 2434 nunc
1317 2415 1399 2443 puras
1419 2413 1447 2436 et
1460 2408 1546 2436 bonas
1565 2408 1745 2444 cogitationes
1760 2412 1815 2436 tra-

1028 2453 1098 2480 didit
1111 2452 1193 2479 ltomo
1205 2452 1326 2486 malitiae,
1341 2461 1402 2488 quae
1418 2453 1524 2481 obrutze
1537 2453 1595 2480 luto
1614 2453 1718 2488 peccati
1728 2474 1736 2486 ,
1750 2453 1811 2481 ido-

1026 2499 1083 2526 lum
1101 2498 1179 2526 factze
1199 2502 1273 2526 sunt.
1290 2499 1324 2526 At
1335 2500 1474 2534 quomodo
1499 2499 1634 2534 quispiam
1652 2498 1713 2527 illas
1725 2499 1810 2534 possit

1027 2545 1161 2576 invenire,
1181 2545 1338 2572 discernere
1369 2550 1397 2572 et
1416 2545 1537 2573 educere
1564 2553 1580 2573 e
1599 2546 1712 2580 proprio
1731 2545 1814 2580 igne?

1027 2588 1078 2616 llic
1098 2588 1212 2615 lttcerna
1227 2588 1319 2615 divina
1337 2596 1405 2624 opus
1427 2589 1510 2617 habet
1526 2589 1626 2621 anima,
1651 2589 1756 2624 Spiritu
1771 2590 1813 2617 vi-

1028 2634 1128 2662 delicet
1145 2639 1252 2666 saneto,
1267 2635 1313 2670 qui
1329 2639 1443 2662 exornet
1458 2635 1664 2662 obtencbratam
1681 2635 1811 2668 domum;

1027 2684 1055 2708 et
1066 2681 1214 2716 splendido
1228 2681 1291 2709 Sole
1304 2681 1430 2717 iustitiae,
1441 2681 1488 2716 qui
1504 2681 1641 2709 illuminet
1659 2685 1687 2709 et
1708 2681 1813 2709 oriatur

1027 2727 1054 2753 in
1069 2726 1167 2760 corde;
1187 2727 1270 2754 armis
1283 2734 1391 2761 quoque
1406 2734 1476 2761 opus
1487 2727 1579 2755 habet.
1594 2726 1694 2762 quibus
1716 2727 1815 2755 evadat

1027 2771 1054 2798 in
1070 2772 1141 2799 bello
1152 2772 1289 2807 superior.

1603 2919 1640 2951 18
