2078 3151
246 171 296 203 547

865 169 894 199 S.
916 169 1077 200 MACARII
1098 169 1259 199 ᾹΞΟΥΡΤΙΙ

1823 163 1876 196 54.8

281 225 326 254 IV.
342 224 400 252 Illic
409 224 483 252 enim
496 223 589 257 vidua,
603 230 664 258 qum
675 222 834 258 perdiderat
847 222 1005 251 drachmam
1016 224 1035 250 ll:

1123 223 1159 252 A'.
1175 223 1230 251 Καὶ
1240 223 1295 259 γὰρ
1307 222 1388 258 ὲκεῖὴ
1399 220 1471 257 χήρα
1482 220 1499 255 ἡ
1511 219 1668 246 ἀπολέσασα
1679 219 1726 256 τὴν
1737 218 1874 256 δραχμὴν,

246 271 367 306 primum
384 269 510 297 accendit
531 269 673 296 lucernam
684 288 691 301 ,
711 272 804 303 postea
817 268 976 296 emundavit
991 269 1040 296 do-

248 324 322 344 mum
339 317 452 352 :siequc
479 320 595 351 purgata
610 315 704 347 domo,
716 321 893 350 accensaque
915 315 1039 348 lucerna,

249 363 359 390 inventa
379 366 421 389 est
435 361 576 393 drachma,
588 361 719 388 sordibus
738 365 820 395 atque
842 361 1001 395 impuritate
1013 365 1041 388 et

250 413 323 435 terra
339 407 455 439 obruta;
483 413 580 433 verum
597 405 687 432 anima
712 413 766 432 non
789 410 878 440 potest
894 413 908 433 a
933 413 961 433 sc
982 407 1040 441 ipsa

251 453 415 488 investigare
425 452 550 488 proprias
556 452 745 487 cogitationes,
757 459 858 486 easque
868 452 1039 480 discernere;

250 499 298 526 sed
321 506 383 525 cum
405 505 521 525 accensa
531 497 584 524 fuit
601 497 713 524 lucerna
725 496 828 529 divina,
847 501 912 524 tunc
936 497 982 524 lux
998 501 1041 525 est

248 544 276 572 in
295 544 417 572 tenebris
429 543 548 570 obducta
564 543 660 576 domo;
684 547 711 570 et
723 547 787 570 tunc
801 542 875 570 videt
894 543 1039 578 cogitatio-

248 598 298 618 nes
308 597 382 622 suas,
394 589 533 625 quomodo
549 589 604 616 sint
618 589 724 616 obruta:
742 589 901 623 impuritate
920 593 949 616 et
960 597 1039 617 como

249 636 354 671 peccati
371 645 376 662 :
393 636 482 663 oritur
510 635 561 668 sol,
590 640 618 663 et
630 640 688 663 tum
716 635 849 670 perspicit
874 635 966 662 anima
993 635 1036 662 sui

250 683 412 715 interitum,
443 686 524 717 atque
548 681 646 716 incipit
678 689 808 709 revocare
835 681 1037 716 cogitationes,

251 726 379 753 sordibus
393 731 420 753 ct
432 725 557 760 squalore
570 725 724 760 permistas.
741 724 863 752 Perdidit
880 725 952 752 enim
970 725 1040 752 iuta-

251 773 341 808 gincm
357 779 432 799 suam
445 771 534 799 anima
546 791 554 804 ,
569 778 630 806 qua:
648 770 806 798 mandatum
822 771 869 798 Dei
887 775 1039 806 transgres-

252 826 281 846 δτι
296 823 346 846 est.

288 865 319 891 V.
336 864 453 892 Perinde
467 873 499 892 ac
512 865 535 892 si
551 865 613 900 quis
629 872 676 891 rex
689 865 735 897 sit,
747 864 795 899 qui
809 864 880 891 bona
895 869 922 892 et
941 871 1036 892 servos

253 911 304 938 sub
321 919 350 938 se
364 911 474 944 habeat,
494 911 546 938 sibi
570 911 758 938 ministrantes
775 919 780 937 :
798 910 1037 946 contingatautem

254 956 328 984 hunc
339 956 372 983 ab
385 957 504 985 inimicis
519 956 748 992 comprehensum
762 957 899 991 captivum
911 956 1012 984 abduci
1031 965 1038 984 :

252 1010 287 1030 eo
303 1007 383 1037 capto
403 1009 431 1030 ct
439 1007 514 1030 extra
532 1003 663 1030 terminos
676 1002 800 1037 abrepto,
816 1003 911 1038 utique
931 1006 1041 1038 oportet

253 1055 349 1075 servos
359 1053 387 1075 ct
401 1047 542 1074 ministros
555 1055 570 1074 a
581 1051 655 1082 tergo
669 1047 745 1074 illum
760 1047 839 1082 sequi
858 1056 865 1075 :
879 1047 919 1075 sic
932 1056 1041 1083 quoque

254 1094 340 1121 Adam
352 1093 478 1121 conditus
486 1097 527 1120 est
541 1100 626 1128 purus
637 1100 652 1120 ιι
666 1093 722 1120 Deo
732 1093 760 1120 in
770 1093 829 1128 ejus
838 1093 1020 1122 ministerium
1034 1102 1041 1122 :

254 1138 309 1174 ω
318 1138 360 1165 lue
370 1145 436 1165 vero
452 1144 586 1166 creatura:
600 1138 634 1165 ad
648 1138 822 1166 serviendum
835 1139 861 1166 ei
878 1139 948 1167 datm
961 1144 1042 1167 sunt:

256 1183 388 1211 Dominus
402 1183 476 1210 enim
490 1188 518 1211 ct
533 1191 580 1211 rex
594 1185 760 1212 constitutus
771 1188 814 1212 est
826 1184 950 1212 omnium
963 1192 1042 1212 erea-

256 1232 392 1254 turarum.
409 1227 510 1254 Verum
521 1232 666 1262 postquam
682 1235 775 1255 sermo
795 1227 938 1263 improbus
953 1228 988 1256 ad
1010 1228 1044 1255 il-

256 1273 313 1300 lum
329 1273 462 1308 pervenit,
477 1277 505 1300 et
523 1280 586 1300 cum
602 1280 636 1300 eo
649 1278 828 1301 conversatus
844 1278 896 1306 est,
910 1274 969 1308 ipse
984 1274 1044 1309 pri-

257 1326 333 1346 mum
365 1319 459 1346 auditu
490 1318 620 1346 exteriori
647 1319 767 1354 suscepit
797 1326 873 1352 eum,
897 1319 997 1348 deinde
1020 1319 1045 1348 is

257 1365 450 1401 penetravitin
467 1373 516 1393 eor
535 1366 605 1401 ejus,
618 1371 646 1394 et
661 1373 770 1393 omnem
783 1367 843 1402 ejus
861 1366 1044 1394 substantiam

259 1412 405 1446 occupavit
422 1415 470 1439 :et
485 1412 523 1438 ita
542 1411 652 1439 tandem
664 1416 745 1447 capto
758 1412 815 1444 illo,
838 1416 916 1447 capta
933 1420 1044 1448 quoque

259 1462 311 1491 est,
330 1465 391 1492 qua:
407 1457 582 1485 ministrabat
595 1462 623 1485 et
644 1458 835 1485 subservicbat
847 1458 884 1491 ei,
908 1462 1044 1486 creatura.

261 1504 313 1531 Per
331 1511 394 1531 eum
410 1503 484 1531 enim
503 1504 647 1538 imperium
665 1503 783 1531 obtinuit
798 1511 872 1532 mors
891 1512 973 1539 super
988 1512 1048 1532 om-

262 1558 324 1577 nem
348 1550 523 1582 animam,et
550 1550 663 1577 omnino
688 1550 833 1585 imaginem
859 1550 923 1578 Adae
945 1551 1081 1594 delevitc

261 1601 373 1631 propter
381 1596 441 1631 ejus
455 1595 681 1629 inobedientiam,
701 1596 770 1623 adeo
784 1602 814 1624 ut
827 1598 952 1625 conversi
964 1602 1047 1633 atque

263 1640 381 1675 prolapsi
395 1640 451 1668 sint
465 1640 592 1667 homines
603 1640 636 1667 ad
648 1640 803 1668 adorandos
816 1641 963 1669 daemones.
977 1642 1048 1670 Ecce

262 1687 335 1712 enim
357 1685 465 1713 fruetus
492 1689 583 1717 terrm,
602 1686 649 1720 qui
666 1686 694 1713 in
719 1686 822 1714 bonum
846 1694 925 1714 usum
949 1695 965 1714 a
992 1687 1049 1714 Deo

263 1732 348 1759 creati
365 1736 439 1764 sunt,
455 1731 610 1758 oﬂ'eruntur
623 1731 804 1759 dmmonibus.
820 1732 932 1765 Panem,
955 1732 1049 1760 vinum

263 1783 292 1805 et
306 1778 396 1805 oleum
409 1777 527 1805 offerunt
543 1777 677 1805 altaribus
691 1785 799 1811 eorum,
816 1782 844 1806 et
857 1778 985 1806 animalia
1000 1779 1052 1806 im-

265 1826 380 1856 ponunt.
406 1821 459 1849 Sed
478 1829 533 1850 non
551 1822 609 1849 inec
623 1827 744 1856 tantum;
774 1822 821 1850 sed
840 1822 910 1850 filios
924 1823 1008 1851 etiam
1024 1829 1051 1852 ct

265 1867 333 1896 ﬁlias
346 1867 523 1896 immolarunt
535 1868 684 1896 daemoniis.

303 1958 344 1986 Vl.
361 1958 418 1986 Hoc
433 1959 515 1994 igitur
525 1963 649 1994 tempore
663 1959 709 1987 ille
719 1980 726 1993 ,
740 1961 787 1995 qui
803 1961 933 1988 formavit
950 1968 1051 1996 corpus

266 2007 294 2031 et
308 2003 436 2037 animam,
460 2003 517 2039 ipse
535 2004 627 2039 prodit
651 2009 680 2032 et
703 2005 828 2033 dissolvit
845 2013 925 2033 omne
941 2006 1051 2033 institu-

268 2055 325 2077 tum
345 2050 407 2077 mali
424 2050 565 2083 damonis,
580 2058 611 2078 ae
624 2058 707 2085 opera
724 2052 784 2086 ejus
797 2051 824 2078 in
838 2052 1051 2087 cogitationibus

267 2100 439 2129 constructa;
451 2100 478 2123 et
493 2100 604 2123 renovat
617 2100 700 2131 atque
717 2096 816 2124 format
835 2097 980 2132 imaginem
997 2105 1053 2125 c03-

268 2143 374 2175 lcstem,
394 2146 422 2170 et
449 2142 544 2170 condit
556 2150 654 2170 novam
668 2143 798 2175 animam,
814 2146 844 2169 ut
858 2143 945 2170 Adam
960 2144 1052 2171 denuo

270 2187 316 2214 ﬁat
329 2195 376 2215 rex
389 2188 485 2215 mortis
492 2188 655 2215 etdominus
668 2189 944 2216 creaturarum.Etin
956 2191 1052 2218 umbra

1092 268 1199 303 πρῶτον
1209 266 1262 305 ἧψε
1273 269 1318 295 τὸν
1333 267 1440 303 λύχνον,
1453 264 1513 293 εἶτα
1525 265 1661 300 ἐκόσμησε
1678 266 1723 292 τῖρν
1733 263 1816 299 οἷκον,
1829 268 1876 294 καὶ

1091 314 1162 341 οὕτω
1177 313 1361 349 κοσμηθέντος
1372 312 1418 339 τοῦ
1434 312 1520 344 οἴκου,
1536 311 1581 338 καὶ
1597 312 1644 338 τοῦ
1665 312 1763 348 λύχνου
1776 313 1875 346 ἀφθέγ-

1091 368 1147 392 τος,
1162 359 1259 396 εὑρέθη
1275 360 1291 395 ὴ
1305 358 1414 394 δραχμὴ
1433 358 1462 384 ἐν
1476 358 1510 392 τῇ
1523 357 1628 393 κόπρῳ,
1646 358 1693 384 καὶ
1707 359 1737 384 ἐν
1756 359 1788 394 τῇ
1806 358 1876 385 ἀκα-

1092 405 1201 441 θαρσίᾳ,
1217 406 1263 432 καὶ
1279 407 1311 440 τῇ
1332 406 1366 440 γῇ
1382 405 1553 439 κεχωσμένη.
1574 404 1629 431 Καὶ
1658 403 1706 430 νῦν
1719 405 1735 438 ὴ
1747 404 1820 440 ψυχὴ
1845 405 1875 431 οὗ

1092 451 1203 477 δύναται
1217 451 1263 485 ἀφ’
1279 451 1378 485 ἑαυτῆς
1399 450 1489 485 εὑρεῖν
1500 450 1563 481 τοὺς
1583 449 1662 481 ἰδίους
1684 449 1876 485 διαλογισμοὺς

1092 496 1176 531 αὐτῆς
1189 496 1234 522 καὶ
1247 496 1373 531 χωρίσαι,
1387 495 1443 522 ἀλλ’
1455 495 1518 521 ὅταν
1530 495 1602 530 ἁφθῇ
1616 496 1630 521 ὸ
1640 495 1735 530 λύχνος
1747 497 1761 522 ὁ
1775 494 1875 527 θεῑκὸς,

1091 541 1172 568 ἅπτει
1198 542 1238 572 εἰς
1256 541 1302 568 τὸν
1323 541 1515 576 ὲσκοτισμένον
1539 538 1622 573 οἷκον,
1638 542 1685 568 καὶ
1701 542 1760 568 τότε
1782 542 1877 577 βλέπει

1091 586 1154 618 τοὺς
1161 587 1307 621 λογισμοὺς
1320 587 1415 621 αὐτῆς,
1430 586 1486 618 πῶς
1502 587 1555 613 εἰσι
1579 588 1746 622 κεχωσμένοι
1776 589 1816 620 εἰς
1827 587 1876 623 τὴν

1092 635 1263 670 ἀκαθαρσίαν
1288 635 1336 662 καὶ
1355 635 1400 661 τὸν
1423 634 1552 670 βόρϐορον
1580 636 1628 669 τῆς
1641 636 1794 670 ἁμαρτιαςσ
1811 637 1876 662 ἀνα-

1091 679 1178 706 τέλλει
1189 680 1296 715 ὁῆλιος,
1310 680 1356 708 καὶ
1367 680 1426 706 τότε
1443 680 1535 715 βλέπει
1552 681 1568 716 ἡ
1586 680 1659 716 ψυχὴ
1680 682 1729 716 τὴν
1742 681 1876 709 ἀπώλειαν

1091 726 1185 761 αὐτῆς,
1201 726 1247 752 καὶ
1259 726 1373 761 ἄρχεται
1388 727 1581 753 ἀνακαλεῖσθαι
1599 727 1662 758 τοὺς
1684 728 1713 753 ἐν
1734 729 1766 762 τῇ
1783 727 1877 763 κόπρῳ

1091 772 1138 798 καὶ
1151 772 1274 807 ῥυπαρία
1297 772 1537 808 ἀναμεμιγμένους
1556 772 1715 806 λογισμούς,
1739 773 1877 799 ’Δπώλεσε

1090 818 1144 853 γὰρ
1159 818 1208 853 τὴν
1223 818 1315 844 εἰκόνα
1328 819 1438 854 αὑτῆςή
1452 819 1524 854 ψυχὴ
1534 819 1682 854 παραϐᾶσα
1692 818 1741 854 τήν
1754 819 1874 854 ἐντολήν.

1126 862 1163 890 E'.
1180 864 1284 899 Ὥσπερ
1305 862 1380 899 ὲὰνῇ
1404 873 1446 896 τις
1463 864 1600 899 βασιλεὺς,
1623 864 1670 891 καὶ
1688 864 1737 900 ἔχῃ
1762 864 1877 899 ὓπαρξιν

1093 910 1139 936 καὶ
1155 909 1294 941 διακόνους
1312 909 1357 944 ὑφ’
1371 910 1466 936 ἑαυτὸν
1481 911 1544 942 τοὺς
1565 910 1768 947 ὑπηρετοῦντας
1781 910 1875 945 αὐτῷ’

1095 955 1186 991 συμϐῇ
1215 955 1243 982 δὲ
1262 955 1354 982 τοῦτον
1373 956 1425 982 ὑπὸ
1445 956 1499 983 τῶν
1523 956 1628 991 ἐχθρῶν
1654 955 1876 991 παραληφθῆναι,

1093 1001 1140 1028 καὶ
1169 1001 1431 1036 αἰχμαλωτισθῆναι,
1460 1001 1556 1028 τούτου
1587 1001 1811 1037 παραληφθέντος
1830 1001 1878 1028 καὶ

1093 1048 1287 1083 ὲξορισθέντος,
1302 1047 1408 1084 ἀνάγκη
1429 1047 1477 1074 καὶ
1492 1047 1556 1078 τοὺς
1576 1046 1716 1078 διακόνους
1734 1046 1817 1073 αὑτοῦ
1831 1046 1879 1073 καὶ

1094 1093 1232 1129 ὑπηρέτας
1243 1094 1329 1120 ὀπίσω
1340 1093 1421 1120 αὑτοῦ
1432 1093 1589 1120 ἀκολουθεῖν
1602 1101 1608 1107 ·
1623 1091 1693 1118 οὕτω
1705 1092 1753 1118 καὶ
1762 1093 1777 1119 ό
1792 1091 1879 1126 Ἀδὰμ

1093 1140 1206 1175 ἐκτίσθη
1220 1139 1341 1175 καθαρὸς
1358 1139 1411 1166 ὑπὸ
1427 1139 1475 1166 τοῦ
1488 1138 1556 1166 Θεοῦ
1571 1139 1609 1170 εἰς
1623 1138 1759 1165 διακονίαν
1781 1137 1877 1170 αὑτοῦ,

1095 1186 1144 1212 καὶ
1159 1185 1243 1213 ταῦτα
1264 1186 1298 1213 τὰ
1311 1186 1449 1221 κτίσματα
1460 1187 1498 1217 εἰς
1515 1185 1666 1221 ὑπηρεσίαν
1681 1183 1755 1219 αὐτῷ
1780 1183 1857 1220 ὲὺῖθη
1867 1190 1876 1199 ·

1095 1231 1197 1267 Κύριος
1211 1232 1264 1267 γὰρ
1279 1231 1325 1258 καὶ
1354 1231 1480 1266 βασιλεὺς
1508 1231 1661 1267 κατεστάθη
1689 1231 1798 1258 πάντων
1822 1231 1880 1259 τῶν

1095 1276 1264 1312 κτισμάτων·
1282 1276 1338 1304 ἀλλ’
1355 1277 1385 1310 ἐξ
1398 1274 1427 1304 οὗ
1444 1278 1458 1304 ὁ
1470 1277 1548 1311 λόγος
1566 1278 1580 1303 δ
1596 1275 1711 1312 πονηρδς
1727 1275 1880 1311 προσῆλθεν

1096 1323 1182 1358 αὐτῷ,
1197 1324 1245 1350 καὶ
1269 1323 1489 1358 προσωμίλησεν,
1511 1323 1590 1354 αὐτὸς
1612 1322 1744 1358 πρότερον
1769 1321 1813 1348 διὰ
1830 1321 1881 1356 τῆς

1096 1368 1195 1400 ἔξωθεν
1211 1369 1296 1404 ἀκοῆς
1314 1369 1462 1402 ὑπεδέξατο
1477 1369 1570 1401 αὑτὸν,
1587 1365 1647 1395 εἶτα
1669 1367 1777 1403 διῆλθεν
1797 1367 1880 1394 αὑτοῦ

1095 1413 1139 1440 διὰ
1155 1413 1204 1449 τῆς
1232 1414 1359 1449 καρδίας,
1381 1414 1429 1440 καὶ
1450 1414 1582 1448 κατέσχεν
1612 1412 1694 1440 αὑτοῦ
1717 1413 1809 1439 πᾶσαν
1832 1413 1882 1448 τὴν

1097 1459 1260 1485 ὑπόστασιν·
1280 1460 1328 1485 καὶ
1340 1459 1412 1485 οὕτω
1425 1458 1517 1485 λοιπὸν
1544 1457 1626 1485 αὖτοῦ
1644 1457 1881 1494 παραληφθέντος,

1098 1505 1314 1541 συμπαρελήφθη
1340 1505 1387 1531 καὶ
1416 1504 1612 1540 ήδιακονοῦσα
1635 1503 1683 1531 καὶ
1709 1503 1883 1540 ὑπηρετοῦσα

1098 1551 1172 1586 αὐτῷ
1188 1551 1285 1584 κτίσις,
1300 1551 1339 1578 Δι’
1351 1550 1433 1577 αὑτοῦ
1450 1551 1503 1586 γὰρ
1515 1550 1560 1577 ἐπὶ
1571 1551 1660 1577 πᾶσαν
1682 1550 1771 1586 ψυχὴν
1791 1549 1885 1577 ἀϐασί-

1098 1595 1214 1623 λευσενό
1231 1595 1354 1630 θάνατος,
1371 1597 1417 1623 καὶ
1433 1597 1523 1623 πᾶσαν
1537 1596 1629 1623 εἰκόνα
1642 1596 1691 1623 τοῦ
1709 1595 1795 1632 ’Δδὲμ
1811 1596 1883 1631 ἠφά-

1098 1649 1170 1668 νισεν
1183 1641 1215 1668 ἐκ
1231 1641 1280 1676 τῆς
1296 1642 1400 1668 ἐκείνου
1418 1643 1571 1677 παρακοῆς,
1582 1641 1653 1668 ὥστε
1673 1642 1810 1678 τραπῆναι
1821 1642 1883 1674 τοὺς

1098 1687 1269 1723 ἀνθρώπους,
1287 1688 1334 1714 καὶ
1350 1688 1438 1715 ὲλθεῖν
1462 1690 1503 1720 εἰς
1526 1688 1712 1723 προσκύνησιν
1738 1687 1882 1723 δαιμόνων.

1105 1731 1170 1758 Ἰδοὺ
1183 1731 1237 1767 γὰρ
1253 1732 1277 1758 οί
1295 1732 1397 1768 καρποὶ
1414 1732 1465 1767 τῆς
1481 1733 1533 1768 γῆς
1545 1733 1569 1758 ol
1588 1732 1641 1758 ὑπὸ
1663 1731 1710 1758 τοῦ
1738 1731 1805 1759 Θεοῦ
1822 1740 1884 1758 κτι-

1100 1776 1210 1809 σθέντες
1226 1777 1327 1809 καλῶς,
1341 1778 1543 1812 προσφέρονται
1560 1779 1617 1809 τοῖς
1633 1777 1769 1812 δαίμοσιν.
1784 1778 1883 1812 Ἀρτσν

1099 1823 1148 1849 καὶ
1158 1820 1238 1855 οἶνον,
1256 1824 1302 1849 καὶ
1318 1822 1406 1849 ἔλαιον
1417 1823 1446 1848 ὲν
1458 1824 1512 1854 τοῖς
1533 1823 1634 1858 βωμοῖς
1646 1822 1747 1854 αὐτῶν,
1763 1823 1810 1850 καὶ
1827 1822 1884 1854 ζῶα

1100 1869 1268 1895 ἐπιτιθέασιν
1279 1877 1285 1883 ·
1302 1870 1332 1895 οὐ
1352 1869 1406 1904 μὴν
1418 1868 1486 1895 ἀλλὰ
1503 1869 1550 1894 καὶ
1562 1869 1624 1900 τοὺς
1637 1868 1711 1901 υἱοὺς
1726 1868 1825 1901 αὐτῶν,
1837 1868 1883 1895 καὶ

1099 1915 1148 1946 τὰς
1166 1914 1319 1950 θυγατέρας
1335 1913 1434 1941 ἔθυσαν
1451 1915 1507 1945 τοῖς
1523 1913 1684 1946 δαιμονίοις.

1136 1961 1180 1994 (τ’.
1198 1960 1252 1986 Νῦν
1268 1957 1314 1986 οὖν
1329 1960 1409 1992 αὐτὸς
1421 1961 1434 1986 ό
1452 1960 1558 1991 πλάσας
1570 1959 1599 1986 τὸ
1613 1959 1691 1995 σῶμα
1712 1960 1759 1987 καὶ
1774 1959 1823 1996 τὴν
1833 1959 1884 1995 ψυ-

1101 2005 1161 2041 χὴν,
1177 2006 1256 2038 αὐτος
1271 2005 1380 2040 ἔρχεται
1396 2007 1443 2032 καὶ
1456 2005 1560 2033 διαλύει
1584 2007 1675 2032 πᾶσαν
1689 2006 1738 2041 τὴν
1751 2007 1884 2042 ἀναστρο-

1102 2052 1154 2086 φὴν
1178 2050 1223 2076 τοῦ
1243 2051 1372 2085 πονηροῦ,
1394 2051 1490 2078 καὶτὰ
1513 2051 1581 2087 ἔργα
1602 2051 1684 2078 αὑτοῦ
1699 2051 1733 2078 τὰ
1745 2051 1883 2078 ἐπιτελού-

1105 2104 1172 2131 μενα
1185 2096 1218 2122 ’ἐν
1232 2097 1288 2127 τοῖς
1303 2096 1454 2130 λογισμοῖς,
1477 2097 1524 2123 καὶ
1540 2097 1709 2128 ἁνακαινίζει
1723 2098 1770 2124 καὶ
1786 2098 1885 2132 μορςοῖ

1103 2141 1194 2168 εἰκόνα
1212 2141 1381 2177 ἐπουράνιον,
1397 2143 1442 2168 καὶ
1469 2144 1541 2168 πνιιεί
1554 2142 1651 2178 καινὴν
1671 2142 1770 2178 ψυχὴν,
1783 2143 1826 2170 ἵνα
1838 2142 1885 2176 γέ-

1103 2195 1181 2222 νηται
1198 2186 1278 2213 πάλιν
1295 2187 1418 2222 βασιλεὺς
1433 2188 1447 2213 ὁ
1465 2188 1551 2222 ’Λδὰμ
1567 2188 1612 2214 τοῦ
1628 2188 1753 2221 θανάτου,
1771 2188 1818 2214 καὶ
1830 2188 1886 2215 Κύ-

269 2233 379 2268 quidcm
396 2233 464 2268 legis
487 2233 575 2261 Moses
596 2232 784 2268 appellabatur
807 2239 928 2261 servator
946 2234 1028 2263 lsracl
1044 2246 1046 2263 :

1106 2241 1161 2268 ριος
1176 2233 1230 2260 τῶν
1240 2233 1408 2268 κτισμάτων.
1428 2233 1482 2260 Καὶ
1508 2235 1535 2260 ὲν
1556 2235 1590 2270 τῇ
1615 2235 1678 2270 σκιᾷ
1690 2234 1718 2260 δὲ
1738 2234 1784 2261 τοῦ
1804 2234 1886 2269 νόμου

268 2280 363 2307 eduxit
385 2280 458 2307 enim
476 2287 524 2308 eos
536 2288 569 2307 ex
583 2279 710 2316 Egypto.
727 2280 772 2308 Sic
788 2288 897 2316 quoque
919 2289 993 2310 nunc
1004 2291 1053 2310 γοα

270 2334 316 2354 rus
332 2326 499 2361 Redemptor
523 2326 649 2354 Christus
672 2331 796 2361 penetrat
811 2327 917 2354 occulta
937 2329 1050 2362 animze,

269 2380 385 2407 eamque
404 2372 479 2407 ejieit
507 2379 541 2399 ex
554 2372 699 2400 tenebrosa
722 2372 858 2409 £gypto,
892 2375 1052 2410 gravissimo

268 2420 333 2454 jugo
344 2423 371 2445 et
386 2418 455 2446 dura
476 2419 618 2445 servitute.
647 2418 772 2453 Przecipit
794 2419 877 2454 igitur
897 2421 976 2448 nobis
989 2442 996 2454 ,
1024 2427 1053 2449 ut

270 2464 444 2500 egrediantur
459 2471 474 2491 ο
489 2463 602 2496 mundo,
616 2469 643 2491 et
660 2469 848 2499 paupertatem
861 2466 1052 2502 suscipiamus,

271 2510 373 2537 relictis
385 2509 512 2536 omnibus
535 2517 596 2543 qua:
612 2509 747 2542 videmus,
761 2519 812 2538 nec
829 2511 979 2540 habeamus
1003 2522 1053 2541 cu-

273 2562 330 2581 ram
344 2559 493 2587 terrenam,
506 2554 552 2581 sed
566 2559 646 2582 nocte
657 2555 755 2590 dieque
770 2556 802 2583 ad
812 2558 923 2591 jnnuam
938 2562 1052 2592 stemus,

271 2605 299 2627 ct
328 2604 516 2635 exspectemus
541 2601 650 2634 quando
677 2600 808 2629 Dominus
831 2604 934 2638 aperiat
961 2604 1053 2631 clausa

274 2646 366 2678 corda,
382 2650 409 2673 et
425 2646 545 2673 eﬂ‘undat
562 2646 590 2672 in
607 2655 655 2674 nos
670 2647 771 2675 donum
791 2648 910 2683 Spiritus
925 2650 1022 2677 sancti.

312 2779 474 2812 Vll..lussit,
501 2788 576 2815 ergo,
601 2785 631 2807 ut
652 2781 756 2808 relictis
777 2789 860 2813 auro,
887 2786 1011 2816 argento,
1028 2788 1055 2809 ct

309 2870 318 2884 ⁶
333 2869 399 2897 Luc.
416 2878 460 2902 xv,
476 2872 502 2899 8.

1106 2279 1226 2314 Μωῦσῆς
1251 2279 1345 2314 Σωτὴρ
1380 2279 1538 2306 ἐπεκαλεῖτο
1560 2279 1605 2305 τοῦ
1627 2279 1750 2316 Ἰσραήλ·
1778 2279 1887 2313 ἐξέϐαλε

1106 2325 1160 2360 γὰρ
1176 2325 1273 2355 αὐτοὺς
1292 2324 1324 2350 ἐκ
1338 2326 1386 2359 τῆς
1397 2324 1546 2358 Αἰγύπτου.
1568 2325 1646 2352 Οὕτω
1670 2326 1718 2352 καὶ
1736 2326 1807 2352 νῦνὸ
1821 2325 1888 2361 ἁλη-

1106 2371 1177 2402 θινὸς
1192 2371 1331 2405 λυτρωτὴς
1342 2371 1458 2405 Χριστὸς
1472 2371 1607 2406 διέρχεται
1621 2372 1661 2403 εἰς
1677 2372 1711 2398 τὰ
1725 2371 1828 2408 κρύφια
1838 2371 1888 2407 τῆς

1106 2416 1203 2452 ψυχῆς,
1222 2416 1268 2442 καὶ
1292 2415 1416 2441 ἐκϐάλλει
1440 2417 1472 2441 ἐκ
1499 2416 1546 2450 τῆς
1572 2418 1712 2453 σκοτεινῆς
1737 2417 1886 2451 Αἰγύπτου,

1106 2463 1154 2489 τοῦ
1170 2462 1320 2497 βαρυτάτου
1337 2461 1430 2495 ζυγοῦ,
1444 2463 1490 2488 καὶ
1503 2462 1552 2496 τῆς
1565 2464 1666 2498 πικρᾶς
1679 2463 1811 2494 δουλείας.
1832 2463 1890 2489 Ἐν-

1106 2507 1228 2534 τέλλεται
1241 2504 1287 2532 οὖν
1301 2507 1378 2540 ἡμῖν,
1394 2506 1464 2532 ὥστε
1481 2507 1599 2540 ἐξελθεῖν
1614 2509 1645 2535 ὲκ
1658 2508 1703 2534 τοῦ
1716 2509 1829 2543 κόσμου,
1843 2508 1889 2535 καὶ

1107 2552 1262 2587 πτωχεῦσαι
1285 2551 1339 2577 ἀπὸ
1366 2552 1476 2578 πάντων
1500 2553 1554 2579 τῶν
1578 2554 1760 2589 φαινομένων,
1772 2555 1823 2581 καὶ
1851 2554 1888 2589 μὴ

1107 2598 1179 2633 ἔχειν
1206 2597 1341 2632 μέριμναν
1367 2597 1475 2633 γητνην,
1502 2598 1570 2625 ἀλλὰ
1598 2599 1695 2631 νυκτὸς
1720 2599 1767 2625 καὶ
1784 2599 1890 2634 ἡμέρας

1106 2644 1250 2678 ἑπηκὲναι
1267 2643 1306 2674 εἰς
1327 2643 1375 2677 τὴν
1393 2643 1495 2678 θύραν,
1518 2644 1566 2670 καὶ
1581 2644 1778 2680 ἀπεκδέχεσθαι
1796 2646 1858 2671 πότε
1875 2644 1889 2669 δ

1107 2689 1206 2724 Κύριος
1224 2688 1323 2721 ἀνοίξει
1351 2688 1400 2720 τὰς
1427 2689 1675 2725 συγκεκλεισμένας
1700 2690 1824 2726 καρδίας,
1843 2690 1890 2716 καὶ

1107 2737 1210 2771 ἐπιχεεῖ
1223 2737 1286 2772 ἡμῖν
1303 2735 1352 2771 τὴν
1368 2736 1472 2772 δωρεὰν
1487 2737 1533 2765 τοῦ
1552 2739 1630 2772 ἀγίου
1641 2738 1809 2774 Πνεύματος.

1143 2783 1177 2809 Z'.
1196 2781 1279 2810 Εἶπεν
1307 2783 1355 2811 οὖν
1370 2784 1478 2818 ἀφιέναι
1505 2785 1617 2821 χρυσὸν,
1638 2784 1767 2821 ἄργυρον,
1791 2783 1889 2819 συγγέ-
