2078 3151
211 179 263 212 519

824 174 1007 207 HOMlLI/E.
1023 186 1056 191 —
1073 174 1166 205 HOM.
1187 175 1239 205 XI.

1783 175 1837 207 550

212 245 297 269 νειαν,
315 235 440 270 πωλῆσαι
457 234 491 262 τὰ
504 233 673 269 ὑπάρχοντα,
697 234 745 261 καὶ
771 234 909 261 διαδοῦναι
925 241 997 260 me»

1055 232 1173 269 cognatis
1185 253 1192 264 ,
1209 232 1360 260 vendamus
1385 231 1458 260 bona
1472 236 1576 263 nostra,
1596 236 1623 258 et
1638 231 1835 261 dhtribuamus

211 283 280 317 χοῖς,
293 280 342 307 καὶ
355 279 533 315 θησαυρίζειν
548 278 628 311 αὐτὰ,
641 277 689 304 καὶ
705 277 796 313 ζητεῖν
815 278 855 309 εἰς
874 278 937 308 τοὺς
953 276 999 304 ού-

213 326 328 363 ρανούς·
341 326 433 352 Ὅπου
458 324 514 359 γὰρ
531 325 548 351 d
572 324 723 358 θησαυρός
740 331 809 357 σου,
825 322 892 350 ἐκεῖ
912 322 1000 349 ἔσται

213 373 261 400 καὶ
278 373 297 406 ἡ
310 371 416 405 καρδία
425 378 493 398 σου.
511 370 588 405 ’ῌδει
604 369 659 404 γὰρ
674 369 688 395 6
698 368 811 404 Κύριος,
832 369 874 396 ὅτι
903 367 983 395 ἐντεῦ
993 382 999 387 -

213 419 258 444 οεν
271 419 285 444 6
297 417 419 448 Σατανᾶς
433 416 568 451 κατισχίει
578 415 633 441 τῶν
650 414 799 449 λογισμῶν,
812 415 860 441 τοῦ
876 414 998 448 καταφέ-

213 472 269 501 ρειν
282 463 380 494 αὐτοὺς
396 463 437 494 εἰς
450 462 499 497 τὴν
513 461 641 496 φροντίδα
657 460 710 487 τῶν
725 459 826 486 ὑλικῶν
837 459 884 486 καὶ
897 459 999 494 γηΐνων

213 509 393 545 πραγμάτων.
413 507 463 535 Διά
474 507 553 534 τοῦτο
565 507 579 533 6
595 506 661 538 Θεὺς
674 505 871 541 προνοούμενος
882 505 931 540 τῆς
945 504 999 539 ψυ-

213 556 263 590 χῆς
277 564 336 587 σου,
352 552 431 581 εἶπεν
459 552 646 585 ἀποτάξασθαι
676 552 770 584 πᾶσιν,
796 551 841 578 ἴνα
856 550 904 578 καὶ
925 550 999 578 ἄκων

212 600 382 636 ὲπιζητήσῃς
395 599 440 627 τὸν
451 599 575 633 οὐράνιον
591 597 717 630 πλοῦτον,
733 597 780 624 καὶ
795 596 859 633 ἔχῃς
872 596 922 631 τὴν
933 605 1000 630 καρ-

212 647 271 674 δίαν
289 655 336 674 σοι)
351 645 418 682 πρὸς
434 645 481 672 τὸν
496 645 571 672 Θεόν.
594 644 657 670 Ἐὰν
671 643 726 678 γὰρ
740 643 788 670 καὶ
801 642 919 678 θελήσῃς
938 644 999 669 ἑπι-

214 691 368 728 στραφῆναι
379 690 447 726 πρὸς
462 689 496 716 τὰ
516 689 664 725 κτίσματα,
687 688 764 715 οὐδὲν
785 688 926 724 εὑρίσκεις
945 688 1000 714 τῶν

214 735 385 771 φαινομένων
413 734 593 769 κεκτημένος.
622 733 731 765 Θέλεις,
756 732 786 759 οὐ
813 732 913 764 Θέλεις,
933 733 1000 759 ὅπου

213 782 299 808 ταῦτα
323 780 507 815 ὲθησαύρισας
524 779 572 806 καὶ
588 779 690 806 ἀπέθου
701 798 708 811 ,
722 772 872 813 ἀναγκάζει
892 778 1000 813 πέμψαι

213 829 258 854 τὸν
271 827 332 854 νοῦν
346 835 393 852 σου
409 825 476 861 πρὸς
498 825 542 852 τὸν
564 825 691 860 οὐράνιον
706 832 712 839 ·
732 825 824 851 Ὅπου
839 824 894 858 γὰρ
909 825 925 851 ό
948 826 999 857 θη-

213 870 328 904 σαυρός
341 877 410 902 σου,
430 869 491 896 ἐκεῖ
503 870 589 896 ἔσται
603 869 653 896 καὶ
668 869 687 902 ἡ
704 868 810 903 καρδία
821 876 889 895 σου.

1050 278 1218 313 pauperibus
1230 278 1250 310 ⁷,
1264 282 1292 306 et
1303 277 1462 313 colligamus
1475 284 1506 305 ea
1518 277 1545 305 in
1563 277 1722 305 thesaurum
1731 297 1739 311 ,
1759 285 1835 313 quaa-

1050 331 1200 358 ramusque
1221 322 1250 351 in
1270 323 1348 351 ccelis
1364 332 1371 350 :
1387 323 1434 351 Ubi
1455 324 1525 351 enim
1549 328 1587 351 est
1607 324 1746 351 thesaurus
1764 327 1833 356 tuus,

1049 368 1086 395 ibi
1102 373 1140 395 est
1165 372 1191 395 et
1212 376 1258 395 cor
1271 372 1345 395 tuum
1355 368 1376 395 ³.
1406 367 1488 395 Novit
1511 369 1585 396 enim
1603 368 1745 400 Dominus,
1761 368 1836 404 quod

1050 414 1114 442 inde
1129 414 1244 442 Satanas
1259 414 1371 442 roboret
1392 421 1421 441 se
1437 415 1583 442 adversum
1598 414 1788 450 cogitationes,
1804 417 1834 441 u'

1051 460 1176 487 traducat
1187 467 1235 487 eas
1247 461 1274 487 in
1289 459 1503 488 sollicitudinem
1521 468 1614 487 rerum
1631 460 1821 487 mundanarur
1831 482 1837 487 .

1049 507 1078 530 et
1100 508 1283 532 terrenarum.
1301 505 1450 540 Propterea
1481 505 1562 538 Deus,
1581 505 1626 540 qui
1649 513 1742 533 curam
1766 505 1838 540 gerit

1050 549 1148 578 animae
1160 553 1223 583 tuae,
1236 550 1319 586 jussit
1329 551 1488 578 renuntiare
1503 551 1644 583 omnibus,
1661 557 1692 579 ut
1709 551 1752 579 vel
1767 551 1838 578 invi-

1051 599 1096 622 tus
1109 603 1216 631 quaeras
1232 596 1359 624 etelestes
1384 595 1504 628 divitias,
1522 601 1550 623 et
1573 595 1676 623 habeas
1696 604 1744 624 cor
1759 600 1836 624 tuum

1050 640 1122 675 apud
1139 640 1235 668 Deum.
1250 640 1380 674 Quamvis
1393 641 1468 668 enim
1482 641 1603 669 volueris
1618 641 1718 668 reverti
1738 642 1772 668 ad
1794 650 1838 670 res

1050 688 1166 717 creatas,
1177 685 1246 712 nihil
1262 690 1351 713 tamen
1365 693 1473 718 eorum,
1485 693 1546 720 quae
1556 686 1695 718 videntur,
1713 689 1739 713 te
1751 687 1839 720 possi-

1050 729 1115 757 dere
1130 730 1322 765 deprehendes
1339 740 1346 757 :
1362 731 1441 764 velis,
1464 731 1582 763 nolisve,
1607 731 1714 766 cogeris
1728 731 1838 759 mittere

1051 780 1170 803 mentem
1184 776 1218 804 ad
1226 777 1366 804 caelestem
1375 777 1545 810 thesaurum,
1560 777 1606 804 ubi
1619 785 1651 805 ea
1664 777 1795 812 collegisti
1811 782 1840 805 et

1051 821 1204 857 deposuisti
1225 831 1233 849 :
1249 823 1297 851 Ubi
1313 824 1383 850 enim
1401 827 1439 850 est
1462 824 1604 851 thesaurus
1624 829 1696 857 tuus,
1716 824 1750 851 ibi
1764 829 1801 851 est
1814 827 1840 851 et

1051 876 1096 895 cor
1113 873 1188 896 tuum
1200 869 1222 884 ⁸·

249 903 289 942 Ηλ.
311 915 366 943 Καὶ
388 915 442 950 γὰρ
472 915 501 941 ὲν
527 914 567 950 τῷ
586 915 662 950 νόμῳ
682 914 826 942 ἐκέλευσεν
840 914 855 941 6
869 914 934 945 Θεδς
963 913 1001 948 τῷ

1087 914 1155 941 Vlil.
1172 914 1217 942 Sic
1236 915 1319 942 etiam
1347 915 1374 942 in
1393 915 1453 951 lege
1478 915 1607 950 praecepit
1621 916 1694 943 Deus
1704 915 1783 949 Mosi,
1809 919 1839 943 ut

213 962 334 994 Μωῦσετ,
350 960 393 987 ῐνα
407 961 508 996 ποιήσῃ
517 960 579 995 ὅφιν
590 959 716 996 χαλκοῦν,
728 959 774 986 καὶ
788 958 882 986 τοῦτον
894 958 1000 993 ὑψώσῃ,

214 1007 262 1034 καὶ
271 1006 416 1043 προσπήξῃ
424 1007 464 1037 εἰς
472 1006 503 1032 τὸ
511 1006 661 1041 ἀκρότατον
669 1005 715 1032 τοῦ
726 1005 814 1037 ξύλου·
824 1004 871 1032 καὶ
881 1005 937 1032 ὅσοι
950 1004 1002 1031 ὑπὸ

214 1054 268 1080 τῶν
273 1053 360 1088 ὄφεων
366 1052 435 1088 ὲπλή
440 1061 542 1085 σσοντο,
552 1053 731 1088 προσέχοντες
739 1044 776 1087 τῷ
784 1052 844 1086 ὕφει
851 1051 889 1086 τῷ
897 1051 1000 1087 χαλκῷ,

216 1099 313 1131 ἰάσεως
327 1098 487 1133 ἐτύγχανον.
503 1097 588 1124 Τοῦτο
609 1097 789 1133 οἰκονομικῶς
812 1098 929 1132 ἐγίνετο,
958 1097 1001 1124 ἵνα

214 1146 239 1172 οἱ
250 1145 427 1180 κατεχόμενοι
444 1145 484 1176 εἰς
497 1144 548 1176 τὰς
560 1143 658 1178 γηῖνας
672 1144 819 1180 μερίμνας,
837 1145 885 1171 καὶ
900 1144 941 1176 εἰς
953 1143 1001 1175 τὰς

215 1189 450 1224 είδωλολατρείας,
463 1189 511 1216 καὶ
530 1190 571 1220 είς
583 1189 633 1220 τὰς
650 1188 747 1224 ἡδονὰς
758 1189 805 1216 τοῦ
819 1189 936 1221 Σατανᾶ,
955 1190 1002 1216 καὶ

216 1236 255 1267 είς
270 1236 361 1262 πᾶσαν
372 1234 513 1267 ἀσέϐειαν,
526 1233 571 1260 διὰ
591 1233 685 1260 τούτου
702 1233 749 1260 τοῦ
763 1234 865 1268 τρόπου
881 1235 1001 1270 μερικῶς

217 1289 276 1312 πως
289 1279 464 1315 ἀνακύψωσιν
484 1279 530 1306 ἐπὶ
542 1279 576 1306 τά
594 1280 659 1312 ἄνω,
677 1280 723 1306 καὶ
738 1279 923 1314 ἀναψύξαντες
948 1279 1002 1306 ἀπὸ

217 1326 271 1352 τῶν
282 1326 358 1353 κάτω
369 1325 540 1361 προσέχωσιν
557 1325 606 1351 ἐπὶ
619 1326 653 1352 τὰ
668 1325 768 1360 ὑψηλὰ,
791 1326 839 1352 καὶ
857 1325 940 1351 πάλιν
956 1326 1003 1352 ἀπ’

217 1371 330 1400 ἐκείνων
341 1371 515 1407 προκόψωσιν
539 1372 578 1402 εἰς
600 1371 631 1397 τὸ
654 1370 821 1405 ὑψηλότατον
831 1378 839 1385 ·
855 1370 902 1397 καὶ
917 1371 1003 1402 οὕτως

217 1417 290 1446 κατὰ
305 1417 403 1453 μικρὸν
427 1417 630 1453 προκόπτοντες
650 1417 690 1448 είς
711 1416 741 1443 τὸ
769 1415 935 1452 ὑψηλότερον
958 1416 1004 1442 καὶ

217 1461 355 1497 ἀνώτερον
372 1461 450 1496 γένος
477 1460 708 1496 ἐπιγινώσκωσιν,
731 1461 772 1488 ὅτι
796 1460 871 1487 ἐστὶν
893 1460 1004 1496 ὕψιστος

218 1508 294 1544 παρά
310 1509 401 1535 πᾶσαν
415 1507 464 1544 τὴν
474 1508 573 1536 κτίσιν.
589 1507 667 1535 υῦτω
679 1508 727 1536 καὶ
740 1507 770 1534 σὲ
789 1508 916 1535 ἐκέλευσε
931 1516 1004 1534 πτω-

1052 961 1154 987 iaceret
1183 965 1338 995 serpentem
1362 969 1478 993 aeneum,
1503 966 1531 989 et
1547 961 1623 989 illum
1648 962 1782 990 exaltaret
1808 970 1840 990 ac

1052 1005 1175 1040 aﬂigeret
1198 1005 1231 1033 ad
1253 1006 1440 1034 summilatem
1464 1007 1560 1042 lignim
1574 1017 1580 1034 :
1596 1011 1624 1035 et
1639 1008 1798 1044 quicunque
1825 1015 1840 1035 ι

1052 1051 1230 1086 serpentibus
1258 1052 1505 1086 percutiebantur,
1529 1054 1669 1080 intuentes
1693 1053 1721 1080 in
1734 1061 1840 1081 aeneum

1052 1100 1221 1129 serpentem,
1239 1095 1373 1123 medelam
1389 1097 1639 1132 consequebantur.
1656 1098 1769 1132 Hocque
1785 1106 1840 1125 non

1052 1141 1156 1176 absque
1170 1142 1374 1177 dispensatione
1389 1143 1481 1175 ﬁebat,
1492 1148 1521 1171 ut
1532 1144 1578 1179 qui
1596 1144 1713 1172 terrenis
1722 1145 1797 1172 curis
1809 1152 1841 1172 ac

1053 1187 1221 1219 idololatria,
1242 1193 1325 1223 atque
1351 1189 1539 1224 voluptatibus
1557 1189 1682 1222 Satanae,
1709 1190 1841 1224 omnique

1053 1233 1195 1267 impietate
1207 1233 1325 1261 districti
1337 1238 1439 1267 essent,
1458 1235 1510 1262 hoc
1527 1235 1624 1262 saltem
1639 1235 1722 1262 modo
1737 1235 1842 1270 aliqua—

1054 1282 1135 1306 tenus
1165 1280 1336 1314 respicerent
1360 1281 1503 1314 superiora
1517 1301 1524 1313 ,
1547 1285 1575 1308 et
1605 1281 1640 1308 ab
1664 1281 1843 1310 inferioribus

1054 1325 1222 1360 respirantes
1244 1325 1278 1353 ad
1300 1327 1427 1354 sublimia
1444 1327 1629 1361 attenderem,
1644 1332 1673 1355 et
1690 1336 1787 1356 rursus
1807 1329 1842 1356 ab

1055 1371 1110 1398 illis
1130 1371 1298 1406 proﬁcerent
1308 1372 1341 1399 ad
1354 1373 1517 1400 altissimum
1532 1377 1574 1400 :et
1585 1373 1622 1400 ita
1635 1374 1766 1409 paulatim
1779 1382 1844 1410 pro-

1054 1418 1211 1453 gredientes
1229 1418 1262 1446 ad
1290 1419 1480 1446 sublimiorem
1503 1424 1531 1446 et
1558 1419 1730 1455 superiorem
1746 1428 1844 1456 proge-

1054 1464 1140 1496 niem,
1155 1468 1352 1499 cognoscerent
1375 1472 1436 1492 esse
1453 1465 1599 1499 quemdam
1616 1465 1779 1493 altissimum
1796 1474 1844 1493 su-

1056 1516 1105 1544 pra
1116 1517 1225 1536 omnem
1251 1515 1417 1537 creaturam.
1443 1509 1489 1537 Sic
1502 1517 1612 1545 quoque
1629 1515 1656 1538 te
1673 1510 1754 1546 jussit
1773 1511 1845 1539 Deus

218 1554 265 1589 χδν
275 1554 412 1589 γενέσθαι,
421 1554 470 1581 καὶ
480 1554 570 1582 πάντα
581 1555 747 1591 πωλήσαντα
763 1553 853 1582 δοῦναι
874 1555 1004 1590 πτωχοῖς,

1057 1563 1206 1591 pauperem
1223 1555 1298 1588 ﬁeri,
1320 1560 1349 1583 et
1368 1555 1462 1583 omnia
1490 1555 1655 1584 vendentem
1676 1557 1846 1591 pauperibus

219 1601 265 1628 ἵνα
283 1600 376 1627 λοιπὸν
395 1600 449 1628 κᾶν
473 1600 590 1636 θελήσῃς
614 1602 690 1628 κάτω
718 1601 800 1636 ῥέψαι
818 1602 865 1628 ἐπὶ
879 1602 928 1636 τῆς
943 1601 1006 1637 γῆς,

221 1647 259 1682 μὴ
276 1646 403 1682 δυνηθῇς.
419 1647 585 1683 Ἑρευνήσας
598 1648 651 1683 γὰρ
662 1648 691 1675 ὲν
701 1650 734 1684 τῇ
748 1649 847 1684 καρδίᾳ
858 1657 905 1675 σου
922 1649 1006 1684 ἄρχου

221 1692 290 1727 μετὰ
303 1693 358 1719 τῶν
373 1692 512 1728 λογισμῶν
526 1701 573 1720 σου
582 1692 766 1728 διαλέγεσθαι,
779 1694 850 1727 Παρ¹
865 1694 880 1720 ὂ
892 1694 941 1720 ἐπὶ
953 1692 1008 1727 τῆς

219 1737 276 1772 τῆς
294 1738 385 1765 οὐδὲν
411 1739 533 1773 ἔχομεν,
555 1738 672 1773 ἄγωμεν
696 1739 771 1773 πρὸς
796 1739 850 1766 τὸν
865 1739 1006 1773 οὐρανὸν,

220 1782 295 1810 ὅπου
305 1783 413 1817 ἔχομεν
427 1783 481 1809 τὸν
491 1782 657 1816 θησαυρὸν,
675 1783 751 1810 ὅπου
762 1784 1007 1818 ἐπραγματευσά-

215 1830 302 1863 μεθα.
320 1830 451 1864 Ἀρχεται
469 1829 483 1855 ὁ
499 1828 561 1860 νοῦς
575 1837 622 1856 σου
639 1828 781 1856 ἀνανεύειν
798 1828 867 1864 πρὸς
883 1829 913 1855 τὸ
930 1828 1007 1864 ὕψος,

220 1874 268 1900 καὶ
277 1873 417 1907 ἐπιζητεῖν
427 1874 462 1900 τὰ
474 1873 610 1909 ἀνώτερα,
625 1874 673 1901 καὶ
685 1873 852 1910 προκόπτειν
865 1875 894 1900 ὲν
907 1875 1006 1909 τούτῳ.

256 1919 295 1946 Θ’.
311 1920 345 1946 Τί
368 1919 398 1946 δέ
423 1921 499 1947 ἐστιν
520 1920 534 1947 6
559 1920 655 1956 νεκρὸς
674 1919 746 1955 ὄφις,
761 1921 776 1947 6
792 1920 1009 1957 προαπεπηγμέ-

221 1972 264 1995 νος
278 1964 318 1994 εἰς
334 1963 365 1990 τὸ
379 1964 530 2000 ἀκρότατον
547 1964 594 1992 τοῦ
607 1963 698 1998 ξύλου,
724 1965 782 1993 ἰᾶτο
812 1966 875 1997 τοὺς
897 1965 1008 2000 πεπλη-

221 2009 357 2043 γμένους;
371 2010 385 2036 ὁ
397 2010 492 2046 νεκρὸς
507 2010 569 2045 ὄφις
580 2010 644 2042 τοὺς
661 2010 768 2043 ζῶντας
777 2011 864 2045 ἐνίκα,
880 2011 950 2038 ὥστε
959 2011 1008 2038 τύ-

222 2063 270 2085 πος
283 2055 341 2081 ἐστὶ
354 2055 400 2082 τοῦ
413 2055 539 2091 σώματος
566 2056 614 2083 τοῦ
632 2057 748 2092 Κυρίου.
762 2057 799 2084 T6
817 2057 899 2092 σῶμα
922 2058 978 2092 γὰρ
995 2057 1009 2084 ὃ

223 2099 318 2126 ἐλαϐεν
344 2101 377 2127 ὲκ
398 2101 447 2135 τῆς
476 2102 598 2138 Μαρίας,
630 2104 782 2139 ἀνήνεγκεν
805 2103 871 2130 αὐτὸ
889 2103 936 2130 ἐπὶ
960 2104 1008 2130 τοῦ

224 2145 352 2181 σταυροῦ,
381 2147 427 2173 καὶ
441 2148 590 2182 ἐκρέμασε,
621 2148 670 2176 καὶ
691 2149 865 2184 προσέπηξεν
885 2149 932 2175 ἐπὶ
961 2150 1008 2176 τοῦ

222 2189 312 2223 ξύλου,
326 2191 372 2217 καὶ
391 2191 435 2218 τὸν
448 2193 477 2218 ὲν
489 2193 522 2227 τῇ
538 2193 638 2228 καρδίᾳ
651 2193 713 2227 ὅφιν
723 2193 812 2225 ζῶντα
829 2194 877 2220 καὶ
889 2194 1008 2229 ἓρποντα

221 2237 317 2272 νεκρὸν
344 2237 423 2272 σῶμα
447 2237 557 2273 ἐνίκησε
581 2238 628 2265 καὶ
644 2238 814 2266 ἀπέκτεινεν.
831 2236 894 2266 Ὧδε
916 2239 1008 2274 Θαῦμα
1024 2233 1047 2260 Ῑ)

223 2282 363 2317 μέγιστον,
379 2283 438 2315 πῶς
454 2284 468 2310 6
479 2283 575 2319 νεκρὸς
588 2283 650 2318 δφις
669 2284 714 2311 τὸν
731 2285 821 2317 ζῶντα
835 2285 1007 2318 ἀπέκτεινενς

221 2330 278 2356 ἀλλ’
291 2329 320 2356 ὂν
328 2330 428 2365 τρόπον
435 2330 546 2365 ἐποίησε
555 2331 675 2365 Μωῦσῆς
686 2331 778 2358 καινὸν
786 2330 1008 2366 ἐργονρμοίωμα

220 2375 268 2402 τοῦ
284 2375 384 2407 ζῶντος
395 2376 483 2410 ὄφεως
497 2377 610 2411 ποιήσας
620 2383 628 2391 ·
646 2376 717 2403 οὕτω
727 2377 773 2403 καὶ
800 2378 814 2404 6
829 2377 931 2412 Κύριος
945 2386 1008 2404 και-

221 2421 266 2448 νὸν
279 2421 358 2457 ἔργον
374 2422 406 2447 ἐκ
421 2422 473 2455 τῆς
489 2421 598 2456 Μαρίας
613 2421 735 2456 ἐποίησε,
756 2422 803 2448 καὶ
821 2422 902 2449 τοῦτο
917 2423 1008 2449 ἐνεδύ-

221 2476 288 2494 σατο
319 2468 377 2494 ἀλλ’
406 2468 456 2495 οὐκ
470 2468 569 2503 ἦνεγκε
594 2468 625 2494 τὸ
655 2469 735 2503 σῶμα
763 2469 793 2502 ἐξ
823 2469 953 2505 οὐρανοῦ”
978 2470 1009 2497 τὸ

221 2512 335 2547 Πνεῦμα
361 2513 391 2540 τὸ
410 2513 537 2548 οὐράνιον
563 2514 592 2541 ὲν
606 2513 646 2549 τῷ
664 2514 748 2550 ’Δδάμ
769 2515 890 2542 εἰσελθὸν
914 2515 1009 2550 εἰργά-

222 2567 298 2592 σατο,
313 2559 360 2585 καὶ
375 2559 470 2586 τοῦτον
492 2559 657 2596 συνεκέρασε
683 2562 716 2595 τῇ
734 2560 841 2596 θεότητι
854 2562 901 2588 καὶ
919 2561 1009 2588 ἐνεδύ-

222 2615 296 2638 σατο,
314 2601 603 2641 ἀνθρωπίνην’σάρκα,
619 2606 666 2633 καὶ
685 2605 847 2641 ὲμύρφωσεν
862 2608 891 2634 ἐν
907 2609 941 2642 τῇ
957 2608 1008 2643 μή-

221 2659 283 2686 τρᾳ.
302 2651 408 2686 Ὥσπερ
432 2651 478 2678 οὖν
506 2650 568 2685 δφις
593 2651 711 2686 χαλκοῦς
727 2651 779 2684 ἕως
804 2652 852 2679 τοῦ
870 2653 1008 2685 Μωῦσέως

222 2696 271 2723 οὐκ
286 2697 415 2732 ὲκελεύθη
433 2697 486 2724 ὑπὸ
502 2697 549 2723 τοῦ
575 2697 677 2733 Κυρίου
702 2698 731 2724 ἐν
748 2698 843 2734 κόσμῳ
859 2700 988 2734 γενέσθαι
999 2709 1006 2716 “

223 2740 294 2769 οὕτω
311 2742 344 2779 δὴ
364 2743 444 2779 σῶμα
471 2744 564 2770 καινὸν
588 2743 634 2771 καὶ
662 2743 867 2780 ἀναμάρτητον,
887 2745 940 2777 ἕως
961 2745 1008 2772 τοῦ

225 2787 326 2823 Κυρίου
341 2790 390 2816 οὐκ
419 2790 504 2825 ἐφάνη
521 2790 550 2817 ἐν
575 2789 613 2825 τῷ
639 2790 744 2825 κόσμῳ.
764 2790 940 2827 Ιιαρασάντος
954 2793 1009 2829 γὰρ

261 2874 275 2891 ι
285 2875 379 2904 Matth.
395 2885 450 2910 xnt,
464 2878 509 2906 20.
547 2879 557 2893 ⁸
570 2879 664 2907 Matth.
681 2888 718 2913 vr,
732 2880 777 2907 2i.

1058 1600 1164 1636 largiri,
1174 1605 1205 1628 ut
1221 1605 1326 1636 postea,
1342 1600 1363 1628 si
1383 1600 1451 1628 velis
1470 1600 1562 1628 denuo
1577 1608 1674 1635 repere
1688 1607 1772 1635 super
1788 1605 1844 1628 ter-

1058 1654 1128 1679 ram,
1144 1654 1199 1674 non
1209 1646 1308 1681 possis.
1321 1646 1455 1674 Scrutans
1471 1653 1537 1681 ergo
1553 1646 1580 1673 in
1591 1646 1674 1673 corde
1685 1650 1742 1679 tuo,
1755 1645 1846 1681 incipe

1058 1685 1122 1720 eum
1142 1691 1355 1727 cogitationibus
1381 1691 1435 1719 tuis
1449 1692 1614 1727 disputare:
1635 1691 1702 1719 Cum
1728 1692 1795 1719 nihil
1817 1693 1846 1719 in

1059 1738 1136 1764 terris
1155 1738 1345 1773 possideamus,
1364 1742 1530 1764 (remeamus
1549 1737 1600 1772 41
1623 1737 1657 1764 ad
1677 1737 1782 1769 calum,
1802 1737 1848 1764 ubi

1059 1784 1184 1810 habemus
1199 1784 1363 1815 thesaurum,
1376 1788 1400 1810 et
1419 1783 1463 1810 ubi
1486 1783 1612 1818 negotiati
1628 1791 1729 1810 sumus.
1746 1783 1846 1818 Incipit

1059 1837 1138 1857 mens
1149 1834 1196 1856 tua
1209 1829 1242 1856 ad
1252 1828 1381 1856 sublimia
1394 1835 1547 1863 emergere,
1563 1833 1591 1855 et
1610 1828 1753 1856 suoeriora
1767 1828 1846 1855 inda—

1059 1882 1123 1909 gare
1142 1879 1171 1903 et
1184 1874 1211 1902 in
1223 1883 1257 1902 eo
1266 1874 1411 1910 proﬁcere.

1095 1920 1142 1948 lx.
1161 1920 1264 1948 Verum
1275 1921 1341 1955 quid
1359 1920 1450 1948 innuit
1463 1928 1575 1955 serpens
1587 1920 1632 1948 ille
1647 1924 1781 1953 mortuus,
1797 1920 1844 1955 qui

1061 1967 1221 1995 sublimitati
1237 1967 1303 2004 ligni
1313 1967 1421 2000 afﬁxus,
1432 1968 1546 1995 sanabat
1556 1975 1700 2002 percussos
1709 1967 1720 1993 ?
1728 1966 1847 2002 Serpens

1060 2013 1106 2042 ille
1125 2018 1251 2042 mortuus
1259 2013 1336 2041 vivos
1349 2014 1506 2049 superabat,
1529 2017 1559 2041 ut
1572 2018 1651 2049 typus
1669 2014 1704 2041 sit
1721 2014 1847 2049 corporis

1060 2060 1181 2088 Domini.
1204 2059 1312 2095 Corpus
1331 2059 1404 2087 enim
1430 2060 1503 2093 quod
1523 2059 1672 2094 assumpsit
1694 2067 1727 2086 ex
1750 2059 1845 2091 Maria,

1059 2105 1189 2132 exultavit
1205 2105 1233 2132 in
1247 2112 1341 2137 cruce,
1354 2104 1497 2139 suspendit
1520 2108 1547 2131 et
1555 2103 1643 2131 aiﬁxit
1662 2104 1736 2139 ligno
1750 2113 1756 2130 :
1768 2108 1797 2132 et.
1809 2104 1847 2132 ita

1059 2154 1216 2185 serpentem
1237 2150 1264 2177 in
1289 2150 1371 2177 corde
1392 2150 1530 2177 viventem
1541 2153 1570 2177 et
1581 2154 1723 2185 repentem
1747 2158 1849 2184 corpus

1060 2200 1200 2223 mortuum
1219 2195 1320 2223 vicitet
1334 2195 1444 2222 occidit.
1459 2195 1508 2222 llic
1521 2195 1683 2222 miraculum
1697 2203 1823 2231 magnum
1839 2196 1846 2221 ί

1061 2241 1200 2276 quomodo
1225 2248 1340 2276 serpens
1366 2246 1491 2268 mortuus
1514 2241 1646 2269 occiderit
1676 2241 1787 2268 vivuml
1813 2241 1849 2268 At

1061 2287 1292 2321 quemadmodum
1312 2286 1378 2313 fecit
1390 2286 1479 2313 Moses
1500 2294 1602 2313 novum
1626 2294 1706 2321 opus,
1728 2294 1790 2313 cum
1810 2287 1848 2313 si—

1061 2332 1247 2359 militudinem
1273 2332 1329 2359 vivi
1355 2332 1492 2367 serpentis
1511 2331 1650 2367 eﬁlngeret
1663 2340 1668 2358 :
1683 2331 1723 2358 sic
1737 2339 1848 2366 quoque

1061 2377 1195 2405 Dominus
1219 2385 1320 2405 novum
1345 2385 1416 2412 opus
1429 2386 1462 2404 ex
1487 2377 1572 2404 Maria
1586 2376 1728 2409 condidit,
1747 2380 1774 2404 et
1796 2377 1848 2404 hoc

1061 2426 1160 2457 induit,
1177 2433 1231 2452 non
1247 2430 1337 2452 autem
1349 2425 1442 2452 attulit
1459 2432 1560 2459 corpus
1572 2432 1605 2451 ex
1618 2423 1698 2451 cmlo.
1715 2423 1847 2458 Spiritum

1061 2474 1211 2506 cmlestem,
1227 2473 1273 2508 qui
1295 2473 1429 2500 Adamum
1444 2465 1659 2508 ingrediebatur,
1679 2471 1793 2502 creavit,
1820 2476 1848 2498 et

1061 2520 1135 2547 hunc
1147 2519 1466 2554 permiscuitdivinitati,
1482 2522 1510 2545 ct
1530 2517 1737 2544 induitearnem
1753 2515 1850 2543 huma-

1061 2574 1134 2597 nam,
1147 2573 1263 2601 eamque
1274 2566 1404 2593 formavit
1417 2565 1443 2592 in
1460 2569 1548 2591 utero.
1563 2563 1640 2591 Sicut
1653 2570 1718 2597 ergo
1732 2570 1847 2597 serpen-

1061 2615 1115 2637 tem
1137 2617 1245 2637 teneum
1271 2617 1357 2644 usque
1375 2609 1409 2636 ad
1428 2608 1520 2635 Mosen
1541 2615 1597 2641 non
1612 2606 1694 2642 jussit
1717 2606 1849 2632 Dominus

1062 2655 1090 2682 in
1106 2655 1211 2683 mundo
1224 2655 1284 2683 ﬁeri
1297 2663 1304 2681 :
1320 2655 1356 2681 ita
1365 2661 1466 2688 corpus
1479 2660 1580 2680 novum
1595 2656 1624 2679 et
1638 2651 1741 2687 peccati
1750 2659 1849 2686 expers

1063 2709 1150 2736 usque
1166 2701 1201 2728 nd
1215 2701 1362 2728 Dominum
1383 2707 1437 2726 non
1454 2698 1580 2734 apparuit
1599 2697 1626 2724 in
1642 2697 1755 2724 mundo.
1772 2697 1848 2723 Post-

1062 2755 1143 2782 quam
1157 2748 1231 2775 enim
1248 2747 1355 2782 primus
1365 2746 1449 2772 Adam
1464 2745 1621 2772 mandatum
1637 2743 1684 2770 Dei
1699 2747 1846 2778 transgres-

1061 2801 1109 2822 sus
1119 2798 1170 2827 est,
1188 2793 1310 2828 regnavit
1327 2800 1401 2820 mors
1414 2791 1441 2818 in
1460 2790 1604 2819 universos
1620 2789 1680 2825 ejus
1696 2789 1766 2817 ﬁlius
1780 2798 1786 2816 :
1800 2798 1847 2816 su-
