2078 3151
222 181 272 216 551

836 179 867 209 S.
888 178 1048 210 MACARII
1067 177 1229 209 )EGYPI‘II

1791 175 1846 209 552

220 239 333 275 perarit
344 245 410 274 ergo
427 243 527 273 corpus
544 240 684 264 mortuum
711 239 871 271 serpentem
899 236 1003 264 vivum.

1068 234 1105 271 τὴν
1127 235 1237 271 ὲντολὴν
1252 234 1299 262 τοῦ
1319 235 1428 270 πρώτου
1452 233 1549 268 Ἀδὰμ.
1575 231 1751 260 ἐϐασίλευσεν
1765 233 1780 260 6
1797 233 1846 260 θά-

255 369 290 397 X.
302 369 337 397 Et
353 369 406 397 hoc
424 369 589 397 miraculum
603 368 707 397 Judaais
728 368 840 404 quidem
863 368 1002 396 oll‘endicu

221 418 288 450 lum,
300 417 402 444 Graecis
419 421 511 443 autem
521 415 639 443 stultitia
652 419 704 443 est.
720 415 791 448 Quid
804 415 879 443 enim
889 414 1007 450 Apesto-

221 465 265 492 lus
275 464 312 491 ait
328 463 396 491 :Nos
409 467 498 490 autem
507 463 680 498 prwdieamus
697 462 828 490 Christum
840 462 1005 496 cruciﬁxum,

221 510 318 537 Iudicis
335 509 440 544 quidem
453 508 646 544 oﬂ‘endiculum,
665 508 760 536 Graecis
780 516 840 535 vero
854 507 1006 540 stultitiam,

222 557 294 583 nobis
310 564 380 585 vero.
393 557 437 591 qui
449 563 596 586 servantur,
609 554 742 582 Christum
759 554 806 581 Dei
819 554 965 589 potentiam
976 561 1008 580 ac

222 602 270 629 Dei
285 602 443 636 sapientiam
452 602 483 628 “.
497 601 527 628 ln
545 608 661 636 corpore
670 600 743 628 enim
756 605 866 627 mortuo
876 600 932 627 vita
946 604 1008 627 est:

221 649 268 676 hic
286 647 450 682 redemptio,
465 647 510 674 hic
528 647 620 674 lumen
631 655 638 680 ς
649 646 695 673 hic
711 646 816 674 accedit
834 645 867 673 ad
881 649 1008 678 mortem,

223 698 251 721 et
271 694 392 728 disputat
403 701 464 720 cum
479 700 511 720 ca
528 692 672 723 Dominus,
690 699 721 719 ac
734 691 856 724 mandat,
872 695 902 718 ut
918 690 1011 726 ejiciat

223 747 257 766 ex
269 739 376 766 inferno
386 743 414 766 et
425 742 512 766 morte
525 739 639 770 animas,
665 745 697 764 ac
706 737 802 765 reddat
812 744 860 764 eas
868 736 930 764 sibi.
940 736 1011 763 Ecce

223 783 282 811 haec
299 783 372 810 hisce
385 784 520 818 perculsa,
537 783 742 810 aditmini'stros
759 790 836 816 suos,
851 787 1011 817 congregat-

224 836 278 863 que
287 835 382 855 omnes
401 833 550 862 potestates
559 835 591 855 ac
603 827 744 862 principes
756 827 880 858 malitizc,
900 825 1013 853 adducit

225 873 417 908 chirographa,
437 878 464 900 et
479 873 545 900 dicit
559 882 567 898 :
587 883 596 899 ι
617 873 688 901 Ecce
707 872 735 899 hi
751 872 918 900 obedierunt
928 871 1013 899 verbo

1057 289 1136 313 νατος
1155 281 1201 308 ἐπὶ
1214 281 1262 308 ὅλα
1274 281 1308 309 τὰ
1323 282 1406 309 τέκνα
1429 280 1512 309 αὐτοῦ
1523 287 1531 296 ·
1546 281 1673 316 ἐνίκησεν
1689 280 1736 307 οὖν
1750 280 1846 316 νεκρὲν

1059 327 1141 362 σῶμα
1159 327 1206 354 τὸν
1220 328 1310 360 ζῶντα
1328 328 1400 362 ὅφιν.

1096 373 1125 400 ι’.
1142 373 1197 400 Καὶ
1211 372 1290 400 τοῦτο
1310 372 1470 408 θαυμάσιον.
1502 372 1639 404 Ἰουδαίοις
1655 372 1704 407 μὲν
1734 371 1848 399 σκάνδα-

1058 418 1116 450 λον,
1133 417 1248 453 Ἕλλησι
1265 418 1294 444 δὲ
1315 418 1416 453 μωρία.
1434 417 1466 444 Τί
1486 417 1515 444 δὲ
1540 417 1616 451 λέγει
1629 418 1644 443 6
1669 417 1846 448 ‘Artdstokeg-

1068 464 1166 499 Ἡμεῖς
1181 463 1215 490 δὲ
1225 464 1420 498 κηρύσσομεν
1433 463 1555 498 Ἰησοῦν
1564 463 1704 497 Χριστὸν,
1718 463 1766 490 καὶ
1780 463 1848 489 τοῦ·

1060 519 1113 538 τον
1138 510 1366 545 ἐσταυρωμένον
1378 529 1386 542 ,
1406 510 1558 542 Ἰουδαίοις
1581 510 1640 544 μὲν
1661 509 1845 539 σκάνδαλον.

1061 555 1196 589 Ἕλλησι
1222 555 1256 582 δὲ
1282 555 1409 590 μωρίαν,
1432 555 1506 590 ἡμῖν
1519 555 1554 581 δὲ
1582 555 1644 587 τοῖς
1670 554 1849 588 σωζομένοις

1061 602 1190 635 Χριστὸν
1214 601 1288 628 Θεοῦ
1313 601 1451 636 δύναμιν,
1481 601 1530 628 καὶ
1555 601 1629 628 Θεοῦ
1654 602 1777 635 σοφίαν.
1806 599 1850 627 Ἐν

1063 647 1117 682 γὰρ
1130 647 1169 682 τῷ
1184 647 1272 683 νεκρῷ
1286 647 1392 682 σώματι
1407 648 1423 683 ἡ
1447 647 1503 683 ζωή
1519 656 1527 663 ·
1545 645 1596 674 ὧδε
1613 647 1629 682 ἡ
1650 645 1848 681 ἀπολύτρωσις,

1063 690 1113 718 ὦδε
1132 692 1163 718 τὸ
1175 692 1242 726 φῶς,
1262 688 1312 718 ὦδε
1325 691 1434 727 ἔρχεται
1449 692 1517 726 πρὸς
1529 691 1575 718 τδν
1589 691 1716 725 θάνατον,
1729 692 1777 717 καὶ
1790 691 1850 717 δια-

1065 738 1174 772 λέγεται
1189 737 1264 773 αὗτῷ
1294 739 1309 764 6
1325 737 1440 773 Κύριος,
1455 737 1503 764 καὶ
1515 737 1682 773 προστάσσει
1705 736 1752 763 τοῦ
1767 737 1851 762 ἑκϐα-

1065 785 1122 810 λεϊν
1134 785 1166 811 ὲκ
1182 783 1230 810 τοῦ
1242 783 1324 819 ’ᾼδου
1346 784 1394 810 καὶ
1409 783 1456 810 τοῦ
1473 783 1588 810 θανάτου
1616 783 1666 814 τὰς
1687 782 1785 817 ψυχὰς,
1805 783 1852 809 καὶ

1065 829 1211 856 ἀποδοῦναι
1224 829 1309 864 αὐτῷ.
1328 829 1394 855 Ἰδοὺ
1414 827 1460 856 οὖν
1476 825 1553 860 οὗτος
1566 828 1633 864 πρὸς
1645 828 1733 855 ταῦτα
1750 837 1853 863 ταρασ-

1067 877 1180 911 σόμενος
1197 875 1351 910 εἰσέρχεται
1368 874 1434 910 πρὸς
1446 875 1510 906 τοὺς
1524 873 1668 905 διακόνους
1691 873 1785 905 αὑτοῦ,
1805 875 1853 900 καὶ

225 921 302 947 meol
317 927 381 947 ecce
399 919 538 954 quomodo
551 919 702 946 adorarunt
717 926 767 945 nos
777 919 907 945 mortales
921 918 1010 944 meus

1068 921 1177 954 συνάγει
1192 919 1283 951 πάσας
1293 919 1342 951 τὰς
1353 919 1493 954 δυνάμεις,
1508 918 1555 945 καὶ
1568 918 1718 954 προσφέρει
1735 918 1750 944 6
1761 917 1853 952 ἄρχων

227 971 330 998 autem,
348 966 394 1000 qui
408 969 449 993 est
464 966 554 1000 justus
570 965 662 1000 iudex,
675 964 732 992 illic
745 963 1011 999 ostenditjustitiam

226 1019 320 1043 suam.
334 1019 366 1038 ac
380 1011 447 1038 dicit
461 1011 494 1038 ad
510 1018 571 1038 eam
585 1019 592 1037 :
607 1010 703 1038 Paruit
724 1009 772 1036 tibi
788 1009 874 1037 Adam
893 1014 921 1036 et
941 1009 1013 1036 obti-

227 1057 311 1084 nuisti
326 1057 389 1084 inde
406 1063 487 1083 omne
509 1063 557 1083 cor
579 1056 647 1091 ejus.
663 1054 869 1089 Obtemperavit
889 1054 937 1081 tibi
960 1054 1013 1080 hu-

227 1104 355 1135 manitas,
378 1109 470 1130 meum
494 1109 593 1136 corpus
609 1105 700 1128 autem
714 1101 779 1135 quid
801 1100 866 1127 facit
880 1100 945 1126 hic?
956 1100 1014 1127 Hoc

227 1149 333 1184 peccati
349 1152 392 1176 est
404 1155 511 1182 expers.
526 1146 632 1181 Corpus
649 1145 717 1173 illud
730 1145 812 1180 primi
828 1145 893 1172 Atla:
908 1144 1012 1179 obliga-

229 1200 288 1222 tum
302 1194 353 1221 tibi
372 1198 425 1226 est,
441 1197 470 1220 et
483 1193 546 1228 jure
563 1193 598 1219 ob
620 1191 648 1219 id
662 1193 722 1227 ejus
740 1191 923 1225 chirographa
939 1189 1014 1217 obti-

227 1239 379 1268 nes:mihi
403 1242 495 1266 autem
527 1245 623 1265 omnes
644 1236 792 1272 perhibent
812 1235 1013 1267 testimonium,

228 1285 301 1320 quod
316 1293 371 1313 non
385 1284 568 1320 peecaverim,
583 1283 652 1310 nihil
667 1283 717 1309 tibi
730 1282 828 1314 debeo,
838 1286 866 1309 et
877 1281 949 1317 quod
962 1282 1014 1309 sim

228 1332 314 1360 Filius
325 1331 373 1359 Dei
390 1331 513 1360 universi
530 1329 598 1357 mihi
614 1332 789 1356 attestantur.
808 1328 932 1362 Desuper
941 1328 1014 1355 enim

228 1386 262 1407 ex
277 1378 354 1406 caelis
368 1378 395 1405 in
411 1382 512 1405 terram
527 1376 642 1404 veniens
653 1383 707 1403 vox
723 1374 912 1402 testimonium
929 1373 992 1401 tulit
1006 1382 1014 1400 :

229 1424 278 1451 Hie
289 1427 327 1450 est
341 1423 422 1450 Filius
433 1430 505 1449 meus
517 1421 637 1453 dilectus,
652 1421 738 1456 ipsum
751 1420 840 1447 audite
852 1420 884 1446 “.
897 1419 1016 1447 Joannes

229 1472 367 1497 testatur:
386 1467 462 1500 Ecce,
483 1468 572 1502 Agnus
586 1466 642 1499 Dei,
661 1466 706 1501 qui
729 1465 797 1492 tollit
812 1469 917 1500 peccata
936 1473 1013 1492 mim-

230 1515 296 1542 di“.
309 1514 343 1541 Et
355 1514 454 1541 iterum
468 1513 610 1547 Scriptura
625 1521 633 1539 :
648 1511 698 1544 Qui
718 1516 854 1547 peccatum
875 1519 928 1538 non
944 1511 1015 1546 fecit,

231 1569 278 1588 nec
302 1561 420 1587 inventus
437 1563 474 1586 est
494 1558 569 1585 dolus
590 1559 618 1585 in
636 1558 709 1585 eo“.
733 1558 768 1586 Et
784 1557 875 1585 :Venit
896 1558 1015 1593 princeps

1061 966 1111 1001 τῆς
1126 964 1257 1000 πονηρίας
1270 964 1306 990 τὰ
1315 963 1496 999 χειρόγραφα,
1511 963 1557 990 καὶ
1571 963 1645 998 λέγει
1661 971 1667 977 ·
1683 972 1693 988 ι
1713 963 1764 990 Ἴδε
1780 960 1854 990 οὗτοι

1063 1011 1222 1045 ὑπήκουσαν
1245 1009 1284 1044 τῷ
1308 1009 1379 1043 λόγῳ
1404 1017 1465 1044 μου,
1491 1009 1529 1036 ῐδε
1554 1009 1621 1035 ὅπου
1647 1008 1855 1044 προσεκύνησαν

1062 1057 1128 1092 ἡμῖν
1140 1057 1163 1082 οἱ
1178 1055 1226 1083 ἄνο
1233 1063 1328 1090 ρωποι.
1337 1055 1366 1081 '0
1379 1055 1408 1081 δὲ
1420 1055 1497 1087 Θεὸς,
1512 1054 1698 1090 δικαιοκρίτης
1713 1054 1761 1086 ὣν,
1775 1055 1856 1081 κάκεῖ

1062 1103 1180 1129 δείκνυσι
1194 1102 1226 1128 τὸ
1237 1101 1340 1128 δίκαιον
1352 1101 1434 1128 αὑτοῦ
1449 1101 1495 1128 καὶ
1507 1101 1581 1135 λέγει
1593 1101 1683 1136 abst};
1700 1101 1855 1136 Ὑπήκουσὲ

1064 1157 1106 1176 σοι
1119 1148 1238 1183 ὁᾺδὰμ,
1252 1149 1299 1174 καὶ
1311 1147 1446 1182 κατέσχες
1461 1146 1544 1173 αὐτοῦ
1559 1147 1650 1178 πάσας
1663 1146 1713 1177 τὰς
1724 1145 1854 1180 καρδίας·

1064 1194 1202 1230 ὑπήκουσέ
1225 1201 1266 1220 σοι
1281 1195 1298 1227 ὴ
1315 1192 1506 1228 ἀνθρωπότης,
1519 1192 1549 1218 τὺ
1569 1193 1634 1227 ὲμδν
1651 1192 1730 1226 σῶμα
1742 1192 1769 1218 τί
1784 1193 1857 1219 itote!

1063 1236 1124 1268 ὧδε.
1139 1240 1225 1267 Τοῦτο
1238 1239 1431 1275 ἁναμάρτητόν
1445 1239 1533 1265 ἔστιν·
1556 1239 1643 1266 ἐκεῖνο
1664 1239 1694 1265 τὸ
1717 1239 1795 1273 σῶμα
1808 1237 1856 1264 τοῦ

1067 1285 1176 1320 πρώτου
1193 1284 1278 1320 Ἀδὰμ
1301 1284 1471 1320 ἐχρεώστησέ
1497 1292 1548 1316 σοι,
1566 1284 1613 1311 καὶ
1639 1284 1750 1316 δικαίως
1774 1283 1856 1310 αὑτοῦ

1065 1330 1191 1365 κατέχεις
1201 1330 1235 1356 τὰ
1247 1329 1428 1365 χειρόγραφα·
1446 1329 1508 1364 ἐμοὶ
1516 1329 1543 1356 δὲ
1550 1330 1650 1360 πάντες
1660 1328 1856 1365 μαρτυροῦσιν,

1065 1376 1106 1403 ὅτι
1116 1376 1165 1410 οὐχ
1176 1376 1298 1411 ἥμαρτον
1308 1383 1314 1390 ·
1329 1375 1360 1401 ού
1375 1374 1505 1410 χρεωστῶ
1519 1383 1559 1401 σοι
1574 1374 1650 1401 οὐδέν
1659 1383 1667 1390 ο
1678 1375 1725 1401 καὶ
1738 1375 1778 1401 ὅτι
1794 1374 1858 1406 Υἱός

1066 1422 1125 1456 ειμι
1140 1421 1186 1447 τοῦ
1201 1420 1279 1453 Θεοῦ,
1294 1421 1395 1452 πάντες
1414 1429 1459 1455 μοι
1474 1420 1668 1455 μαρτυροῦσιν.
1678 1420 1785 1447 Ἐπάνω
1802 1421 1858 1454 γάρ

1065 1467 1120 1493 τῶν
1131 1466 1254 1502 οὐρανῶν
1271 1465 1447 1501 ἐμαρτύρησε
1463 1465 1538 1500 φωνὴ
1549 1465 1661 1492 ἐλθοῦσα
1673 1465 1719 1491 ἐπὶ
1730 1464 1780 1499 τῆς
1793 1464 1857 1499 γῆς,

1068 1510 1163 1545 οὗτός
1187 1512 1272 1539 ἐστιν
1294 1513 1310 1539 ὁ
1336 1512 1401 1544 Υἱός
1424 1518 1484 1546 μου
1511 1513 1528 1538 ὁ
1553 1512 1707 1546 ἀγαπητός
1728 1519 1734 1526 ·
1764 1511 1858 1538 αὐτοῦ

1067 1558 1201 1586 ἀκούετε.
1220 1557 1361 1591 Ἰωάννης
1369 1557 1519 1592 μαρτυρεῖ,
1529 1557 1586 1585 Ἴδε
1597 1557 1709 1591 όάμνὸς
1718 1557 1772 1584 τοῦ
1783 1556 1858 1584 Θεοῦ

231 1607 309 1641 hujus
319 1605 420 1637 mundi,
431 1609 455 1632 et
466 1605 493 1632 in
503 1612 601 1631 menon
612 1604 687 1631 habet
697 1603 880 1639 quidquam”.
889 1603 1016 1636 Quinime

1069 1606 1085 1630 ὁ
1099 1604 1192 1638 αἴρων
1206 1603 1264 1638 τὴν
1278 1603 1424 1637 ἁμαρτίαν
1437 1603 1489 1630 τοῦ
1505 1603 1622 1637 κόσμου
1634 1610 1642 1617 ·
1665 1602 1713 1629 καὶ¹
1736 1603 1815 1629 πάλιν
1839 1603 1855 1637 ὴ

233 1656 264 1679 tu
273 1652 341 1687 ipse.
353 1651 464 1684 Satana,
481 1651 516 1678 de
530 1658 574 1678 me
585 1650 694 1678 testaris
704 1650 800 1678 dicens
815 1650 898 1677 :Novi
909 1654 933 1676 te
947 1649 1017 1685 quod

232 1697 269 1725 sis
279 1697 360 1724 Filius
375 1696 422 1723 Dei
436 1697 465 1722 “.
481 1696 516 1724 Et
527 1695 626 1723 iterum
638 1704 644 1722 :
660 1695 727 1728 Quid
739 1696 776 1722 rei
785 1695 857 1722 nobis
872 1699 954 1722 tecum
966 1687 1017 1728 est,

232 1742 296 1770 Iesu
314 1741 474 1769 Nazarene?
490 1742 582 1768 venisti
596 1742 645 1768 huc
662 1741 696 1768 ad
707 1742 879 1768 cruciandum
895 1749 941 1768 nos
957 1745 1018 1768 ante

235 1788 363 1824 tempus"
374 1807 382 1820 ,
398 1787 467 1815 Tres
485 1795 551 1822 ergo
566 1787 633 1814 mihi
654 1788 840 1815 testimonium
855 1788 1017 1822 perhibent,

234 1834 282 1870 qui
297 1834 414 1869 desuper
430 1841 446 1860 e
457 1833 534 1861 caelis
552 1840 647 1861 vocem
670 1833 781 1865 emittit,
795 1838 823 1861 et
845 1834 892 1868 qui
910 1838 975 1860 sunt
990 1834 1018 1862 in

235 1885 320 1911 terra,
342 1883 370 1907 et
382 1884 410 1907 tu
432 1879 501 1914 ipse.
522 1879 637 1906 Rcdimo
653 1879 735 1915 igitur
746 1887 847 1914 corpus
861 1879 910 1907 tibi
922 1879 1019 1907 vendi-

237 1931 295 1954 tum
312 1934 327 1953 a
339 1926 428 1960 primo
449 1925 507 1953 Ada
524 1925 664 1953 :dissolvo
685 1931 732 1953 tua
753 1926 954 1961 chirographa:
969 1933 1020 1961 ego

236 1972 311 1999 enim
338 1971 457 1998 satisfeci
483 1978 535 2006 pro
566 1971 667 1998 debitis
682 1970 757 2003 Adze,
780 1971 845 1998 dum
871 1970 1020 1998 cruciﬁxus

237 2025 309 2049 sum,
326 2022 354 2044 ct
369 2016 398 2043 in
412 2016 547 2044 infernum
571 2015 711 2044 descendi.
725 2016 759 2043 Et
780 2016 881 2044 mando
897 2016 958 2048 tibi,
979 2016 1024 2042 in—

236 2063 324 2096 ferne,
349 2062 470 2090 tenebras
483 2066 510 2089 et
539 2069 624 2094 mors,
653 2062 748 2089 emitte
773 2061 892 2088 inclusas
915 2061 1021 2089 animas

236 2109 312 2137 Adae.
335 2118 343 2134 ι
364 2108 464 2143 Sicque
488 2108 598 2134 tandem
622 2107 752 2142 improba:
769 2111 929 2142 potestates,
945 2110 1020 2135 metu

237 2155 380 2190 perculsae,
393 2153 543 2181 restituunt
562 2153 697 2180 inclusum
714 2151 812 2179 Adam.

1070 1650 1234 1685 Γραφὴ,¹ος
1247 1649 1394 1683 ἁμαρτίαν
1415 1648 1470 1675 οὐκ
1494 1648 1648 1681 ἐποίησεν,
1661 1647 1733 1674 οὐδὲ
1752 1648 1857 1682 εἰιρέθη

1069 1695 1160 1728 δόλος
1184 1695 1219 1722 ἐν
1240 1694 1337 1726 αὐτῷ·
1367 1694 1413 1720 καὶ
1439 1694 1630 1728 ὅτι,Ἕ¹ρχεται
1648 1695 1665 1720 ό
1683 1694 1782 1728 ἅρχων
1805 1694 1858 1720 τοῦ

1068 1742 1183 1775 κόσμου
1197 1741 1316 1773 τούτου,
1336 1739 1386 1767 καὶ
1409 1740 1444 1766 ἐν
1467 1740 1532 1774 ἐμοὶ
1551 1740 1674 1774 εὑρήσει
1688 1741 1787 1768 οὐδέν.
1803 1741 1859 1766 Καὶ

1069 1787 1102 1814 σὺ
1112 1786 1141 1814 δὲ
1151 1786 1241 1817 αὐτὸς,
1252 1786 1382 1817 Σατανᾶς,
1393 1787 1541 1821 μαρτυρεῖς
1558 1794 1602 1820 μοι
1616 1786 1712 1820 λέγων,
1729 1784 1800 1813 οἶδά
1821 1793 1859 1813 σε

1068 1833 1113 1865 τίς
1130 1830 1166 1863 εἷ,
1184 1834 1200 1859 ὀ
1221 1832 1286 1865 Υἱὸς
1305 1831 1359 1858 τοῦ
1376 1832 1466 1858 Θεοῦ·
1491 1832 1538 1858 καὶ
1560 1831 1651 1862 πάλιν,
1672 1833 1702 1859 Τί
1716 1832 1787 1865 ἡμῖν·
1804 1832 1854 1858 καὶ

1069 1880 1118 1907 σοι
1138 1880 1236 1914 Ἰησοῦ
1252 1878 1423 1913 Ναζαρηνέ;
1436 1877 1527 1914 ἦλθες
1542 1879 1599 1912 πρὸ
1614 1879 1717 1913 καιροῦ
1727 1879 1858 1911 βασανί-

1069 1933 1122 1953 σαι
1136 1925 1225 1960 ἠμᾶς.
1241 1926 1322 1960 Τρεῖς
1336 1934 1381 1960 μοι
1396 1925 1592 1960 μαρτυροῦσιν,
1608 1926 1622 1951 ὁ
1635 1926 1728 1952 ὲπὰνω
1744 1926 1797 1952 τῶν
1812 1926 1856 1952 οὺ-

1071 1972 1161 2008 ρανῶν
1185 1971 1276 2006 φωνὴν
1299 1971 1420 2006 ἀφίησιν,
1438 1971 1463 1997 οἱ
1488 1972 1534 1997 ἐπὶ
1556 1971 1620 2005 γῆς,
1637 1972 1683 1998 καὶ
1709 1973 1741 1998 σὺ
1766 1973 1857 2004 αὐτός.

1076 2016 1250 2051 Ἑξαγοράςω
1263 2013 1309 2042 οὖν
1322 2015 1354 2042 τὸ
1365 2015 1445 2047 σῶμα
1456 2016 1487 2042 τὸ
1498 2016 1601 2050 πραθὲν
1615 2025 1654 2042 σοι
1668 2017 1712 2044 διὰ
1727 2017 1772 2043 τοῦ
1789 2017 1860 2052 πρώ-

1070 2071 1117 2088 του
1135 2062 1231 2096 1Αδίὶιμ,
1242 2061 1373 2097 παραλύω
1397 2070 1445 2088 σου
1468 2063 1502 2089 τὰ
1522 2062 1782 2098 χειρόγραφα.“Εγὼ
1805 2063 1859 2099 γὰρ

1071 2107 1199 2134 ἀπέδωκα
1215 2107 1250 2133 τὰ
1265 2107 1334 2142 χρέα
1348 2107 1395 2134 τοῦ
1416 2107 1503 2143 ’Δδὰμ
1518 2108 1682 2144 σταυρωθεὶς
1696 2110 1743 2136 καὶ
1764 2109 1861 2136 κατελ-

1072 2151 1126 2178 Οὼν
1152 2151 1180 2177 ὲν
1202 2150 1241 2185 τῷ
1255 2150 1323 2186 ᾄδῃ·
1343 2152 1391 2178 καὶ
1413 2153 1515 2179 κελεύω
1536 2161 1593 2186 σοι,
1608 2153 1657 2189 ᾷδη
1683 2154 1730 2180 καὶ
1754 2155 1859 2187 σκότος,

237 2199 285 2227 καὶ
295 2198 401 2230 θάνατε,
412 2198 443 2225 ἐκ
450 2197 515 2224 σαὶ-ε
529 2197 578 2228 τὰς
586 2196 814 2230 ἐγκεκλεισμένας
825 2195 913 2231 ψυχὰς
927 2196 973 2223 τοῦ
988 2196 1084 2230 Ἀδάμ.
1100 2205 1109 2221 ι
1119 2195 1174 2222 Καὶ
1187 2195 1258 2222 οὕτω
1271 2195 1364 2222 λοιπὸν
1378 2197 1406 2223 αἱ
1419 2197 1536 2232 πονηραὶ
1550 2198 1680 2233 δυνάμεις
1689 2199 1860 2234 τρομάΞασαι

237 2247 392 2276 ἀποδιδοῦσι
411 2246 457 2272 τὸν
477 2244 702 2279 ἐγκεκλεισμένον
719 2243 814 2278 ’Λδάμ.

272 2294 326 2330 42
345 2292 391 2320 XI.
407 2292 508 2319 Verum
523 2291 546 2318 si
558 2289 690 2321 audieris,
706 2289 780 2324 quod
792 2289 840 2317 illo
853 2289 1016 2324 temporali-

1110 2288 1162 2317 IA'.
1171 2288 1243 2315 Ἀλλ’
1253 2288 1455 2326 ὅτανὰκῡύσῃς,
1468 2290 1508 2316 ὅτι
1520 2290 1549 2317 ἐν
1562 2290 1600 2326 τῷ
1609 2291 1696 2326 καιρῷ
1711 2290 1807 2327 ἐκεινῳ
1819 2292 1864 2328 ἐρ-

238 2339 343 2368 bcrarit
354 2339 461 2366 animas
470 2344 505 2364 ex
517 2336 625 2363 inferno
633 2340 661 2362 et
669 2334 801 2366 tenebris.
813 2338 841 2362 et
852 2335 926 2370 quod
935 2335 968 2362 ad
980 2335 1023 2362 in-

238 2387 313 2414 feros
325 2382 651 2413 descenderitDominus,
664 2384 693 2408 et
705 2380 852 2415 perfecerit
871 2388 940 2415 opus
957 2389 1026 2416 pra:-

239 2433 354 2462 clarum,
373 2437 407 2457 ne
418 2430 499 2463 longe
513 2427 548 2454 ab
567 2427 657 2453 anima
672 2430 717 2452 tua
732 2425 790 2453 haec
804 2426 914 2461 negotia
929 2426 1026 2454 abesse

239 2476 390 2504 existimes.
404 2474 491 2500 llomo
517 2471 654 2506 siquidem
678 2469 758 2497 facile
774 2470 848 2505 capit
864 2474 892 2498 et
912 2471 1028 2506 suscipit

239 2521 352 2549 malum.
369 2520 480 2547 Detinet
494 2517 568 2545 enim
584 2523 658 2543 mors
671 2516 792 2543 animam
806 2516 884 2550 Adae,
898 2521 926 2544 et
940 2517 968 2544 in
983 2521 1025 2544 tce

240 2566 335 2595 nebris
359 2569 423 2593 sunt
449 2564 561 2591 inclusa:
585 2562 766 2598 cogitationes
781 2563 891 2590 animm.
904 2563 938 2590 Et
961 2571 1025 2590 cum

242 2610 403 2640 audierisde
417 2609 613 2641 monumentis,
630 2616 665 2636 ne
676 2608 710 2636 de
721 2609 805 2636 rebus
819 2609 871 2636 sub
885 2613 1027 2644 aspectum

243 2657 404 2686 cadentibus
420 2655 530 2684 tandem
548 2655 670 2690 cogites:
688 2659 898 2682 monumentum
913 2655 987 2682 enim
1001 2659 1030 2682 et

243 2703 400 2739 sepulcrum
420 2709 469 2730 eor
485 2705 561 2728 tuum
589 2705 639 2728 est.
658 2700 726 2728 Cum
738 2700 811 2728 enim
832 2701 962 2736 princeps
978 2708 1030 2728 nc-

243 2749 336 2785 quitia:
349 2769 358 2782 ,
377 2752 405 2776 et
429 2747 520 2783 angeli
542 2747 602 2782 ejus
618 2747 674 2774 illic
692 2746 787 2774 nidum
810 2746 1029 2782 composuerint,

1075 2333 1176 2371 ῥύσατο
1188 2335 1238 2367 τὰς
1253 2335 1343 2370 ψυχὰς
1358 2335 1389 2361 ἐκ
1401 2335 1448 2361 τοῦ
1461 2335 1535 2370 ᾆδ’)υ,
1552 2336 1600 2362 καὶ
1610 2336 1658 2362 τοῦ
1674 2336 1795 2370 σκότους,
1813 2338 1862 2364 καὶ

1074 2381 1115 2407 ὅτι
1130 2381 1266 2414 κατῆλθεν
1289 2381 1329 2411 εἰς
1350 2380 1395 2407 τδν
1418 2380 1484 2416 ᾅδην
1500 2382 1514 2408 ὸ
1541 2381 1654 2417 Κύριος,
1672 2383 1719 2409 καὶ
1736 2383 1863 2418 ἐποίησεν

1075 2425 1180 2458 ἔνδοξον
1194 2425 1286 2461 ἔργον,
1311 2426 1349 2461 μὴ
1381 2426 1489 2460 μακρὰν
1512 2426 1566 2453 ἀπὸ
1588 2427 1637 2462 τῆς
1653 2427 1743 2463 ψυχῆς
1763 2436 1810 2454 σου
1829 2428 1864 2455 τὰ

1075 2471 1225 2507 πράγματα
1240 2471 1326 2498 ταῦτα
1349 2469 1419 2498 εἶναι
1442 2471 1567 2508 νομίσῃς.
1588 2473 1617 2499 ‘0
1637 2473 1693 2509 γὰρ
1722 2472 1865 2508 ἄνθρωπός

1079 2518 1136 2544 ἔστι
1150 2517 1303 2552 χωρητικὺς
1317 2517 1366 2544 καὶ
1389 2517 1513 2549 δεκτικὸς
1529 2517 1575 2545 τοῦ
1602 2519 1722 2554 πονηροῦ
1733 2527 1741 2534 ·
1756 2519 1866 2554 κατέχει

1080 2564 1134 2599 γὰρ
1148 2565 1162 2590 6
1179 2563 1292 2595 θάνατος
1311 2563 1360 2594 τὰς
1374 2563 1461 2598 ψυχὰς
1475 2565 1521 2591 τοῦ
1547 2565 1644 2600 Ἀδὰμ,
1662 2565 1711 2591 καὶ
1730 2565 1805 2597 ἐντος
1819 2565 1865 2592 τοῦ

1080 2611 1192 2641 σκότους
1207 2610 1276 2636 εἰσὶν
1291 2610 1315 2636 οἱ
1335 2609 1464 2645 λογισμοὶ
1492 2611 1541 2646 τῆς
1561 2611 1651 2646 ψυχῆς
1671 2611 1868 2646 ὲγκεκλεισμέα

1079 2664 1129 2683 νοι.
1145 2656 1200 2682 Καὶ
1212 2656 1277 2682 ὅταν
1293 2655 1413 2691 ἀκούσῃς
1429 2656 1494 2692 περὶ
1512 2657 1663 2692 μνημείων,
1691 2658 1729 2692 μὴ
1754 2657 1788 2683 τὰ
1806 2665 1866 2691 eat-

1079 2702 1179 2737 νόμενα
1197 2701 1294 2737 λογίσῃ
1321 2701 1418 2736 μόνον·
1444 2704 1575 2737 μνημεῖον
1594 2702 1648 2738 γὰρ
1670 2702 1718 2730 καὶ
1739 2702 1824 2736 τάφος
1850 2701 1867 2736 ἠ

1080 2747 1180 2774 καοδία
1196 2755 1243 2773 σου
1258 2746 1342 2773 ἐστίν.
1358 2746 1443 2774 Ὅταν
1467 2747 1521 2783 γὰρ
1534 2749 1549 2775 6
1568 2748 1660 2784 ἄρχων
1685 2748 1733 2783 τῆς
1758 2747 1868 2780 κακίας,

279 2837 290 2853 ⁸
306 2837 399 2864 Matth.
417 2843 454 2868 νι,
468 2835 512 2862 21.
537 2834 555 2851 ¹⁰
571 2834 716 2864 Numam.
730 2834 757 2861 8.
795 2833 812 2849 “
824 2834 834 2860 l
847 2833 914 2869 Cor.
928 2841 947 2865 t,
966 2834 1012 2865 25,

1068 2854 1072 2861 .
1110 2833 1129 2850 ¹¹
1144 2833 1239 2862 Matth.
1254 2834 1358 2869 "1,46;
1376 2842 1441 2867 xvu,
1461 2834 1486 2862 5.
1525 2834 1546 2851 ¹³
1564 2834 1642 2862 Joan.
1659 2842 1679 2869 ι,
1696 2833 1743 2862 29.
1780 2833 1801 2851 “
1816 2834 1868 2862 lsa.

243 2880 281 2907 Iv,
295 2872 321 2900 9.
361 2871 384 2888 "
394 2871 471 2900 Joan.
487 2878 542 2904 xw,
557 2869 602 2897 50.
640 2869 659 2886 ¹⁶
670 2870 752 2897 Marc.
772 2877 812 2902 ιιι,
828 2869 871 2896 Η.
909 2868 927 2885 ¹⁷
943 2869 1038 2897 Matth.
1054 2877 1111 2903 vut,
1127 2869 1173 2897 20.
