2078 3151
213 153 267 186 553

832 152 1016 184 HOMILIIE.
1027 164 1062 170 -
1077 151 1171 184 HOM.
1190 151 1238 182 XI.

1790 152 1842 186 554

216 213 263 239 καὶ
275 211 300 239 οι
313 211 424 246 ἄγγελοι
438 210 521 238 αὐτοῦ
540 209 599 237 tu!
617 209 805 246 δμφωλεύωσι,
819 210 866 238 και
879 210 944 238 ὅταν
954 210 1005 242 τὰς
1019 233 1023 242 ,

1076 209 1168 244 licque
1181 209 1241 236 vias
1252 213 1280 236 et
1295 207 1392 237 itinem
1406 208 1587 242 confecerint,
1604 209 1842 244 quibusinambu-

216 257 326 293 τρίϐους
342 255 451 288 καὶτὰς
465 256 566 287 διόδους
589 256 648 282 ἐκεῖ
663 255 805 289 ποιῶνται,
827 256 893 283 ὅπου
917 257 1003 290 ἐμπε-

219 302 378 338 ριπατοῦσιν
393 303 420 328 al
433 301 561 336 δυνάμεις
575 301 622 328 τοῦ
638 301 745 328 Σατανᾶ
757 302 797 333 είς
810 301 855 329 τδν
866 301 928 329 νοῦν
943 310 1002 333 σου,

220 349 267 375 καὶ
283 349 322 379 είς
344 347 406 379 τοὺς
421 346 568 382 λογισμούς
589 355 648 379 σου,
664 346 726 382 οὐχὶ
737 346 815 382 ᾅδης,
842 347 890 374 καὶ
906 347 1003 381 τάφος,

222 393 269 420 καὶ
285 393 429 428 μνημεῖον,
459 391 506 418 καὶ
531 392 627 427 νεκρὸς
645 389 672 418 εἴ
691 391 730 426 τῷ
752 390 829 426 Θεῷ;
852 392 910 418 ἐκεῖ
924 390 979 426 γὰρ
991 391 1005 416 ὁ

222 439 344 469 Σατανᾶς
360 437 491 473 ἀργύριον
508 437 636 472 ἀδόκιμον
656 437 800 472 ἐχάραξεν.
819 437 863 463 Ἐν
878 437 911 471 τῇ
935 435 1008 471 ψυχῇ

222 484 308 519 ταύτῃ
330 483 440 518 ἔσπειρε
458 483 602 518 σπέρματα
629 483 742 518 πικρίας
757 491 764 498 ·
782 481 906 517 ἐζύμωσε
933 480 1008 516 ζύμῃ

224 530 343 565 παλαιᾷ·
366 529 442 564 βρύει
456 531 514 556 ἐκεῖ
530 529 607 564 πηγὴ
623 528 765 564 βορϐόρου.
785 528 916 563 Ἔρχεται
932 524 978 553 οὖν
996 527 1010 553 ό

225 576 327 611 Κύριος
342 575 381 606 εἰς
395 575 443 606 τὰς
458 574 641 610 ἐπιζητούσας
656 574 737 601 αὑτὸν
747 574 847 608 ψυχὰς,
863 573 903 605 εἰς
918 574 947 599 τὺ
962 573 1012 607 βά-

226 621 271 653 θος
286 621 332 648 τοῦ
352 621 415 656 ᾅδου
435 622 483 655 τῆς
498 620 624 655 καρδίας,
642 620 722 646 κάκεῖ
735 618 949 655 προστάσσειτῷ
963 618 1013 644 θα-

225 667 299 702 νάτῳ
313 667 409 700 λέγων,
428 666 558 693 Ἔκϐαλε
570 666 624 698 τὰς
633 665 885 700 ὲτκεκλεισμένας
898 663 1012 698 ψυχὰς,

227 714 280 746 τὰς
293 714 345 748 ἐμὲ
359 712 568 745 ἐπιζητούσας,
592 712 630 745 ἇς
651 711 786 746 κατέχεις
801 711 917 743 βιαίως.
933 710 1014 744 Διαῤ-

230 760 324 795 ρήσσει
340 758 386 785 οὖν
396 758 459 789 τοὺς
469 758 561 793 βαρεῖς
574 757 665 789 λίθους
676 756 867 791 ἐπικειμένους
881 756 915 790 τῇ
926 754 1011 790 ψυχῇ,

1056 255 1114 283 lent
1128 258 1278 290 potestates
1293 254 1399 283 Satanae
1414 256 1442 283 in
1453 260 1546 284 mente
1560 260 1616 288 tua,
1628 261 1656 284 et
1669 255 1844 290 cogitationi-

1056 300 1108 328 bus
1121 299 1185 332 tuis,
1210 300 1447 334 nonneinfernus,
1470 307 1499 330 et
1517 302 1684 336 sepulcrum,
1702 307 1730 329 et
1748 309 1846 328 monu-

1059 351 1192 378 mentum,
1205 350 1233 373 et
1246 350 1371 373 mortuus
1381 347 1437 374 Deo
1450 347 1499 375 cs?
1518 347 1576 374 Illic
1587 348 1660 374 enim
1675 347 1790 374 Satanas
1800 354 1846 373 ar-

1058 396 1169 427 gentum
1198 392 1347 427 reprobum
1361 393 1499 428 impressit
1520 402 1526 420 :
1541 394 1568 420 ln
1586 393 1675 420 anima
1690 393 1742 419 hac
1762 392 1845 419 semi-

1059 437 1244 465 navitsemina
1256 445 1358 469 amara.
1372 442 1400 465 et
1408 438 1724 466 fermentavitfermento
1737 437 1824 465 veteri
1836 446 1845 470 ;

1060 483 1176 511 scaturit
1191 483 1248 511 illic
1261 484 1322 511 fons
1337 484 1399 511 luti.
1420 484 1567 512 Descendit
1583 492 1648 519 ergo
1673 484 1805 511 Dominus
1819 483 1847 510 in

1060 527 1166 555 animas
1181 535 1245 555 eum
1256 529 1439 564 inquirentes,
1456 529 1484 556 in
1513 529 1729 564 profunditatem
1743 527 1845 555 inferni

1061 573 1162 605 cordis,
1178 573 1289 608 illicque
1312 574 1423 602 mandat
1445 574 1538 607 morti,
1552 575 1648 601 dicens
1661 584 1667 601 :
1681 574 1779 601 Emitte
1791 574 1849 600 rmi-

1065 627 1123 646 ηεαδ
1133 619 1250 646 inclusas
1264 628 1306 647 mc
1316 625 1474 655 qua-rentes,
1490 628 1556 656 quas
1566 621 1589 647 vi
1601 620 1710 647 detines.
1724 621 1851 647 Perrum-

1065 664 1106 698 pit
1120 664 1204 700 igitur
1223 673 1321 700 graves
1342 665 1447 700 lapides
1471 666 1615 700 impositos
1637 666 1745 697 animae,
1762 665 1852 700 aperit

1066 714 1253 742 monumenta,
1278 710 1424 737 resuscitat
1438 718 1502 737 vere
1532 715 1670 738 mortuum
1685 715 1713 738 et
1722 709 1816 738 educit
1835 717 1852 737 e

1066 761 1177 782 carcere
1194 755 1342 782 tenebroso
1353 755 1471 782 animam
1488 756 1632 783 inclusam.

229 805 331 839 ἀνοίγει
356 805 390 832 τὰ
415 805 552 840 μνημεῖα,
575 805 674 840 ἁνιστᾷ
697 804 742 831 τὸν
767 803 892 839 ἀληθινὸν
915 802 1012 837 νεκρὸν
1027 821 1034 834 ,
1055 801 1180 829 ὲκσάλλει
1213 804 1245 829 ἐκ
1264 803 1314 837 τῆς
1341 804 1481 838 σκοτεινῆς
1503 804 1625 839 φυλακῆς
1643 803 1692 840 τὴν
1714 803 1853 838 ἐγκεκλειο

233 853 335 889 σμένην
351 853 451 888 ψυχήν.

265 923 316 950 ῙΒ’.
332 922 381 949 ⁸ον
401 922 500 957 τρόπον
515 922 562 949 ἐὰν
610 921 752 957 ἄνθρωπος
770 919 911 956 δεδεμένος
922 921 1014 956 χεῖρας

1101 919 1157 947 XII.
1173 919 1411 953 Quemadmodum
1432 920 1455 948 si
1472 921 1555 947 homo
1570 920 1606 947 sit
1619 920 1729 948 vinctus
1749 919 1853 948 catenis

231 968 278 995 καὶ
293 967 374 999 πόδας
389 967 510 1001 ἁλύσεσι³
524 968 571 994 καὶ
589 967 653 1003 ἔλθῃ
667 975 710 998 τις
728 967 743 993 ὁ
755 965 870 993 διαλύων
884 964 966 992 αὑτοῦ
980 965 1014 991 τὰ

230 1013 329 1049 δεσμὰ,
343 1013 390 1040 καὶ
405 1013 461 1049 ἀφῇ
476 1013 557 1040 αὑτὸν
574 1012 716 1048 ἐλεύθερον
727 1013 890 1047 περιπατεῖν
903 1013 932 1038 ὲν
956 1011 1016 1037 ἀνε-

231 1059 342 1093 κτότητι
353 1067 359 1074 ·
374 1058 445 1085 οὕτω
457 1058 506 1092 τὴν
520 1057 665 1093 δεδεμένην
675 1057 762 1092 ψυχὴν
776 1058 835 1089 ταῖς
845 1056 955 1083 ἁλύσεσι
968 1054 1015 1082 τοῦ

232 1102 348 1129 θανάτου
376 1102 434 1129 λύει
466 1103 480 1128 ὀ
505 1101 606 1137 Κύριος
630 1102 684 1128 ἀπὸ
699 1102 816 1137 δεσμῶν,
832 1101 878 1128 καὶ
903 1100 1017 1136 ἀφίησιν

232 1146 327 1181 αὐτὴν,
342 1146 389 1173 καὶ
408 1146 548 1182 ἐλευθεροῖ
561 1147 606 1173 τὸν
628 1147 691 1172 νοῦν
706 1147 753 1173 τοῦ
779 1147 888 1177 ἀκόπως
903 1147 932 1172 ἐν
948 1146 1016 1173 ἀνα-

233 1191 332 1218 παύσει
346 1192 507 1226 περιπατεῖν
524 1192 563 1222 εῑς
580 1191 625 1217 τὸν
640 1191 729 1218 θεῖκδν
746 1191 826 1227 ἀέρα,
849 1191 953 1225 Ὠσπερ
971 1191 1018 1217 ἐὰν

233 1235 251 1273 ᾗ
271 1236 413 1271 ἄνθρωπος
442 1236 472 1261 ὲν
496 1235 639 1271 πλησμονῇ
667 1234 792 1271 ποταμοῦ
817 1235 845 1262 ὲν
861 1235 946 1270 μέσῳ,
971 1233 1018 1260 καλ¹

235 1280 446 1312 καταδυθισθεὶς
460 1280 489 1307 ὲν
502 1281 540 1316 τῷ
553 1280 629 1307 ὕδατι
643 1281 731 1307 κεῖται
747 1281 853 1315 νεκρὸς,
868 1279 1020 1314 πεπνιγμέ-

236 1335 280 1358 νος
291 1327 426 1363 ἀναμέσον
440 1327 535 1354 δεινῶν
549 1327 652 1363 θηρίων
663 1335 670 1342 ·
690 1328 737 1355 καὶ
758 1329 782 1354 εἰ
807 1327 915 1362 θελήσει
942 1326 1020 1357 ἄλλος

237 1373 379 1409 ἄνθρωπος
393 1374 507 1409 ἄπειρος
518 1373 563 1401 τοῦ
576 1373 725 1409 κολυμϐᾷν,
738 1373 868 1400 διασῶσαι
881 1373 927 1400 τὸν
938 1373 1021 1408 ἐμπε-

237 1424 329 1453 σόντα,
343 1420 390 1446 καὶ
412 1420 492 1451 αὐτὸς
510 1420 707 1446 συναπόλλυται
731 1421 778 1446 καὶ
795 1419 930 1454 πνίγεται.
959 1418 1022 1445 Λοι-

239 1465 290 1492 πὺν
317 1463 364 1492 οὖν
388 1461 440 1491 ὦδε
465 1465 598 1500 ἐμπείρου
623 1465 807 1500 κολυμϐητοῦ,
831 1464 879 1491 καὶ
901 1464 1021 1499 τεχνίτου

237 1510 328 1545 χρεία,
354 1510 397 1537 ἵνα
417 1510 544 1536 είσελθὼν
570 1511 609 1541 είς
639 1511 669 1536 τὸ
688 1510 769 1544 βάθος
792 1510 838 1536 τοῦ
859 1509 961 1537 κόλπου
976 1507 1022 1535 τοῦ

239 1555 334 1587 ὕδατος
349 1556 407 1582 ἐκεῖ
421 1555 559 1591 καταδύσῃ
574 1556 621 1582 καὶ
637 1556 771 1591 ὰνενὲγκῃ
788 1555 834 1582 τὸν
852 1562 1024 1582 καταπεπον-

239 1585 367 1635 τισμένον
383 1601 429 1627 καὶ
451 1599 516 1627 ὄντα
540 1585 676 1635 ἇναμέσον
689 1585 744 1627 τᾶίν
758 1585 880 1636 θηρίων·
895 1600 942 1627 καὶ
958 1600 1024 1626 αὺτδ
1037 1585 1059 1613 c‘

240 1645 269 1672 δὲ
283 1646 314 1672 τὸ
338 1646 410 1682 ὕδωρ
425 1647 490 1673 ὅταν
513 1646 555 1682 ἴδῃ
585 1646 716 1682 ἔμπειρον
741 1647 788 1673 καὶ
807 1646 896 1672 εἰδότα
920 1645 1024 1679 πλέειν,

242 1692 336 1727 βοηθεῖ
358 1692 455 1727 τούτῳ,
472 1693 518 1719 καὶ
536 1693 666 1728 ἀναφέρει
682 1693 762 1719 αὑτὸν
785 1693 831 1719 ἐπὶ
850 1693 884 1720 τὰ
903 1692 1027 1728 ἀνώτερα

244 1738 324 1774 μέρη.
340 1737 434 1770 οὕτως
451 1738 550 1774 ἡψυχὴ
564 1740 603 1769 εἰς
614 1739 732 1765 ἄϐυσσον
745 1739 868 1772 σκότους,
885 1739 931 1765 καὶ
947 1739 987 1770 είς
997 1738 1028 1765 τὸ

243 1784 324 1818 βάθος
343 1784 390 1811 τοῦ
409 1784 523 1811 θανάτου
540 1785 786 1812 καταποντισθεῖσα
799 1785 956 1817 πέπνικται,
979 1784 1028 1811 καὶ

243 1829 328 1864 νεκρά
342 1830 417 1856 ἐστιν
431 1829 484 1855 ἀπὸ
499 1829 546 1856 τοῦ
557 1829 624 1856 Θεοῦ
643 1830 777 1864 ἁναμέσον
800 1829 903 1866 θηρίων
921 1830 1025 1857 δεινῶν.

244 1874 299 1901 Καὶ
315 1874 356 1906 τίς
371 1874 483 1901 δύναται
496 1876 535 1907 είς
544 1875 578 1902 τὰ
593 1876 704 1910 ταμιεῖα
720 1876 811 1902 ἐκεῖνα
838 1876 885 1901 καὶ
906 1876 940 1902 τὰ
959 1875 1027 1910 βάθη

244 1919 292 1946 τοῦ
305 1919 368 1954 ᾅδου
383 1921 428 1946 καὶ
447 1920 493 1946 τοῦ
509 1920 624 1948 θανάτου
649 1920 801 1952 κατελθεῖν,
825 1920 849 1946 εί
868 1920 906 1955 μὴ
921 1919 1002 1950 αὐτὸς
1016 1919 1030 1946 ὁ

245 1965 370 2001 τεχνίτης
387 1966 401 1992 ὁ
417 1967 603 2002 ἐργασάμενος
617 1967 646 1994 τδ
656 1967 755 2002 σῶμας
772 1966 857 1997 Αὐτὸς
873 1965 1033 2002 ἔρχεταιείς

246 2010 281 2037 τὰ
294 2010 340 2037 δύο
356 2011 437 2047 μέρη,
455 2012 494 2043 εἰς
517 2012 548 2038 τὸ
563 2012 644 2048 βάθος
658 2013 704 2039 τοῦ
725 2012 799 2048 ᾅδου,
822 2011 870 2038 καὶ
894 2010 975 2038 πάλιν
993 2010 1033 2041 είς

247 2055 293 2082 τὴν
323 2055 408 2090 βαθὺν
425 2056 525 2083 κόλπον
550 2059 600 2092 τῆς
616 2057 742 2092 καρδίας,
765 2056 831 2082 ὄπου
849 2055 994 2090 κατέχεται
1016 2054 1034 2090 ὴ

251 2101 324 2137 ψυχὴ
341 2102 393 2128 ὑπὸ
415 2102 461 2129 τοῦ
484 2103 598 2130 Θανάτου
617 2104 666 2130 σὺν
691 2104 747 2134 τοῖς
761 2102 900 2137 λογισμοῖς
929 2100 1031 2133 αὐτοῖς,

249 2147 297 2173 καὶ
311 2147 440 2182 ἀναφέρει
459 2148 492 2174 ἐκ
510 2148 558 2174 τοῦ
571 2148 709 2175 σκοτεινοῦ
723 2147 803 2182 βυθοῦ
827 2147 873 2173 τὸν
895 2153 1030 2180 νενεκρω-

252 2192 332 2228 μένον
363 2193 458 2228 Ἀδάμ.
485 2194 540 2220 Καὶ
559 2193 639 2225 αὐτὸς
660 2193 688 2220 δὲ
712 2193 726 2219 ό
751 2191 876 2223 θάνατος,
907 2190 952 2217 διὰ
980 2190 1032 2224 τῆς

1066 965 1193 992 manibus
1207 965 1388 1000 pedibusque,
1409 970 1438 993 et
1451 966 1545 993 veniat
1561 965 1660 1000 aliquis
1675 965 1722 1001 qui
1743 965 1854 993 vincula

1067 1011 1153 1046 ipsius
1167 1011 1264 1045 solvat,
1280 1016 1308 1039 et
1320 1011 1441 1039 dimittat
1456 1020 1532 1043 eum,
1554 1016 1585 1039 ut
1599 1011 1669 1038 liber
1691 1011 1813 1039 ambulet
1825 1011 1853 1038 in

1067 1057 1236 1092 propatulo:
1262 1057 1302 1085 sic
1326 1058 1447 1085 animam
1473 1058 1579 1085 catenis
1608 1057 1705 1084 mortis
1734 1057 1855 1084 vinctam

1067 1102 1149 1130 solvit
1159 1102 1290 1130 Dominus
1307 1110 1322 1130 a
1335 1103 1464 1135 vinculis,
1492 1106 1519 1130 ct
1533 1102 1647 1129 dimittit
1664 1102 1738 1130 illam
1749 1121 1756 1134 ,
1770 1109 1802 1129 ac
1823 1102 1856 1130 li-

1067 1147 1146 1175 berat
1161 1152 1291 1181 mentem,
1314 1152 1345 1175 ut
1364 1148 1469 1184 absque
1493 1148 1619 1175 molestia
1632 1153 1659 1175 et
1678 1155 1741 1174 cum
1763 1147 1856 1182 quiete

1068 1193 1191 1221 ambulet
1224 1193 1252 1220 in
1286 1201 1376 1221 aerem
1403 1194 1539 1221 divinum.
1564 1194 1681 1222 Perinde
1706 1201 1738 1221 ac
1754 1193 1777 1221 si
1793 1193 1857 1227 quis

1069 1238 1151 1265 homo
1168 1239 1195 1266 in
1211 1239 1291 1274 pleno
1305 1247 1338 1267 ac
1349 1239 1439 1266 medio
1451 1239 1563 1267 flumine
1579 1239 1720 1267 demersus
1731 1239 1758 1266 in
1773 1246 1856 1273 aqua,

1067 1283 1157 1319 jaceat
1169 1289 1306 1317 mortuus,
1330 1284 1480 1312 suffocatus
1498 1285 1526 1312 in
1542 1284 1632 1312 medio
1656 1283 1856 1311 horrendorum

1070 1332 1098 1355 et
1112 1328 1266 1356 crudelium
1291 1329 1451 1357 animalium
1469 1338 1475 1356 :
1490 1334 1518 1357 ct
1534 1329 1556 1357 si
1569 1330 1630 1364 quis
1655 1329 1728 1357 alius
1742 1328 1858 1356 natandi

1071 1373 1182 1409 ignarus
1212 1374 1279 1402 velit
1301 1375 1375 1402 hunc
1396 1375 1424 1402 in
1444 1382 1542 1409 aquam
1568 1375 1721 1409 collapsum
1736 1381 1859 1406 servare,

1072 1419 1131 1455 ipse
1145 1420 1226 1447 simul
1242 1425 1336 1455 pereat
1349 1424 1377 1447 et
1390 1421 1556 1453 sulIocetur;
1573 1425 1649 1448 certe
1663 1428 1733 1455 opus
1750 1420 1797 1448 llic
1810 1428 1860 1455 pe-

1073 1465 1127 1493 rito
1138 1466 1249 1493 natandi
1266 1466 1372 1494 artiﬁce
1385 1470 1438 1499 est,
1454 1471 1484 1494 ut
1495 1467 1634 1502 ingressus
1647 1466 1675 1493 in
1694 1466 1861 1502 profundum

1075 1519 1154 1546 aqua:
1169 1511 1272 1544 sinum,
1286 1512 1342 1539 illic
1353 1520 1438 1547 aquas
1453 1512 1551 1539 subeat
1568 1521 1574 1538 :
1587 1516 1615 1539 et
1628 1512 1726 1539 referat
1737 1520 1800 1539 cum
1815 1513 1862 1547 qui

1075 1558 1218 1585 demersus
1235 1558 1264 1585 in
1283 1558 1374 1586 medio
1393 1558 1549 1585 belluarum
1569 1562 1628 1585 erat
1641 1566 1648 1585 :
1663 1558 1688 1585 ei
1705 1558 1763 1593 ipsa
1781 1567 1863 1594 aqua,

1076 1603 1098 1631 si
1112 1603 1224 1639 quando
1240 1604 1359 1638 peritum
1373 1604 1440 1631 artis
1451 1603 1562 1631 natandi
1573 1604 1705 1632 artiﬁcem
1714 1609 1794 1632 nacta
1804 1604 1864 1633 fue-

1078 1649 1125 1681 rit,
1143 1649 1232 1684 ipsum
1250 1649 1372 1684 adjuvat,
1387 1653 1415 1677 et
1431 1650 1502 1677 tollit
1523 1650 1551 1677 in
1576 1650 1750 1686 superﬁciem
1777 1659 1863 1686 aquae.

1078 1695 1181 1722 Eodem
1207 1695 1289 1723 modo
1313 1695 1404 1722 anima
1420 1696 1449 1723 in
1477 1697 1606 1732 abyssum
1635 1697 1811 1724 tenebrarum
1838 1701 1867 1725 et

1079 1742 1295 1777 profunditatem
1308 1742 1406 1770 mortis
1433 1743 1568 1775 demersa,
1586 1743 1720 1771 sutl‘ocata
1730 1763 1737 1775 ,
1755 1748 1783 1771 et
1795 1751 1868 1771 mor-

1080 1791 1126 1814 tua
1137 1791 1179 1815 est.
1194 1795 1209 1815 a
1222 1787 1277 1814 Deo
1288 1788 1315 1814 in
1329 1787 1420 1815 medio
1431 1787 1563 1815 ferocium
1577 1788 1749 1815 animalium.
1762 1789 1794 1815 Et
1807 1788 1868 1822 quis

1079 1836 1170 1866 potest
1185 1831 1211 1858 in
1222 1832 1372 1866 penetralia
1385 1831 1430 1858 illa
1446 1836 1473 1859 et
1487 1831 1621 1866 profunda
1635 1831 1734 1858 inferni
1748 1835 1777 1858 ct
1796 1838 1869 1858 mor-

1082 1877 1117 1905 tis
1128 1877 1307 1910 desccndcre,
1325 1877 1379 1904 nisi
1398 1877 1456 1912 ipse
1477 1877 1568 1912 opifex
1579 1898 1586 1910 ,
1599 1879 1646 1912 qui
1665 1877 1790 1904 condidit
1803 1884 1867 1904 cor-

1082 1924 1156 1959 pus?
1167 1924 1226 1958 Ipse
1236 1928 1361 1958 penetrat
1376 1923 1444 1951 duas
1460 1928 1562 1958 partes,
1578 1922 1744 1958 profundum
1764 1923 1869 1950 scilicet

1081 1969 1194 2002 inferni,
1210 1973 1238 1997 et
1253 1968 1420 2004 profundum
1441 1969 1530 1995 sinum
1545 1968 1646 2000 cordis,
1661 1967 1708 1994 ubi
1730 1967 1870 1995 detinetur

1082 2014 1173 2042 anima
1190 2022 1204 2041 a
1217 2018 1304 2041 morte
1323 2021 1386 2041 cum
1405 2013 1534 2040 omnibus
1555 2013 1613 2040 suis
1637 2013 1868 2048 cogitationibus.

1082 2066 1165 2095 atque
1185 2060 1279 2087 educit
1301 2068 1335 2088 ex
1361 2059 1506 2087 tenebrosa
1521 2059 1707 2094 profunditate
1726 2063 1869 2086 mortuum

1084 2106 1180 2134 Adam.
1196 2106 1255 2141 Ipsa
1269 2113 1377 2141 quoque
1392 2113 1466 2132 mors
1482 2105 1688 2132 exercitationis
1696 2104 1782 2140 gratia
1792 2104 1872 2140 adju-

1085 2157 1178 2180 mento
1191 2156 1234 2180 est
1246 2151 1299 2186 ipsi
1317 2150 1435 2183 homini,
1451 2151 1536 2178 veluti
1551 2159 1622 2186 aqua
1635 2151 1750 2179 natanti.

250 2239 402 2275 γυμνασίας
418 2239 460 2272 είς,
475 2238 600 2274 βοήθειαν
626 2237 731 2273 γίνεται
743 2237 824 2264 αὑτοῦ
853 2236 899 2264 τοῦ
911 2235 1064 2271 ἀνθρώπου,
1081 2233 1174 2268 ὥσπερ
1188 2232 1219 2259 τὸ
1236 2231 1307 2267 ὕδωρ
1322 2231 1361 2267 τῷ
1372 2231 1551 2267 κολυμϐῶντι.

285 2331 337 2359 II".
360 2331 396 2357 τί
417 2331 472 2366 γὰρ
487 2329 616 2366 δυσχερὲς
633 2331 692 2356 ἐστι
711 2329 750 2365 τῷ
772 2327 831 2364 Θεῷ
848 2326 981 2354 εἰσελθεῖν
995 2325 1023 2352 ει

1121 2321 1191 2350 XIII.
1204 2319 1275 2355 Quid
1286 2319 1361 2348 enim
1377 2324 1420 2348 est
1433 2319 1544 2348 difﬁcile
1565 2320 1621 2348 Deo
1636 2325 1781 2356 penetrare
1799 2329 1874 2348 mor-

251 2377 298 2403 τὸν
316 2377 440 2408 θάνατον,
457 2375 505 2402 καὶ
520 2375 602 2402 πάλιν
629 2376 668 2406 εἰς
691 2374 736 2401 τὸν
757 2373 841 2409 βαθὺν
869 2371 968 2399 κόλπον
986 2371 1035 2406 τῆς

253 2422 376 2457 καρδίας,
394 2421 521 2448 κάκεῖθεν
542 2420 762 2447 ἀνακαλέσασθαι
775 2419 821 2446 τὸν
835 2417 1037 2452 νενεκρωμένον

258 2467 361 2502 Ἀδάμ;
376 2468 406 2493 ὲν
419 2467 472 2502 γὰρ
487 2465 525 2501 τῷ
538 2466 694 2501 φαινομένῳ
714 2465 792 2492 αίῶνί
806 2465 875 2491 εἰσιν
892 2463 976 2490 οίκίαι
988 2463 1036 2489 καὶ

253 2512 403 2547 οίκοδομαὶ,
419 2513 485 2539 ὅπου
509 2513 526 2547 ἠ
544 2511 722 2546 ἁνθρωπότης
737 2511 876 2537 κατοικεῖ·
892 2509 946 2536 Καί
968 2509 1036 2535 είσιν

254 2558 322 2585 ὅπου
338 2557 431 2592 θηρία,
445 2557 562 2589 λέοντες,
582 2557 599 2592 ἢ
614 2557 768 2592 δράκοντες,
786 2556 832 2583 καὶ
859 2555 928 2582 ἄλλα
947 2554 1037 2581 ίοόόλα

256 2603 348 2639 Θηρία.
360 2604 392 2630 Et
404 2603 493 2630 τοίνυν
508 2604 522 2630 ό
537 2603 612 2638 ἣλιος
625 2602 728 2637 κτίσμα
742 2601 789 2634 ὥν,
799 2601 959 2636 ,εἰσέρχεται
972 2608 1040 2626 παν-

255 2649 379 2684 ταχόθεν,
399 2648 444 2675 διὰ
468 2648 523 2675 τῶν
540 2648 665 2684 θυρίδων,
682 2648 741 2682 ἦτοι
767 2647 866 2682 θυρῶν,
889 2646 937 2672 καὶ
954 2646 993 2677 είς
1006 2645 1041 2671 τὸ.

258 2695 378 2728 σπήλαια
391 2694 447 2721 τῶν
459 2694 582 2726 λεόντων,
605 2693 653 2720 καὶ
677 2693 716 2724 είς
731 2691 780 2724 τὰς
795 2691 865 2722 ὀπὰς
888 2690 942 2717 τῶν
956 2691 1040 2725 ὲρπε-

257 2739 321 2770 τῶν,
347 2740 393 2766 καὶ
426 2740 576 2775 ἐξέρχεται,
602 2739 648 2766 καὶ
680 2738 755 2765 οὐδὲν
773 2737 940 2772 βλάπτεται·
966 2736 1041 2771 πόσῳ

262 2783 358 2818 μᾶλλον
374 2786 388 2812 ὁ
402 2785 467 2817 Θεὸς
483 2786 531 2812 καὶ
557 2784 693 2820 Δεσπότης
708 2783 816 2810 πάντων
832 2782 985 2817 εἰσέρχεται
1002 2781 1041 2813 εἷς

259 2828 322 2860 τοὺς
340 2829 469 2862 φωλεοὺς,
487 2830 534 2857 καὶ
553 2830 592 2862 είς
608 2829 671 2861 τοὺς
686 2829 788 2861 οἴκους,
809 2827 876 2853 ὅπου
903 2827 1041 2860 κατεσκή-

261 2882 346 2900 νωσεν
364 2874 377 2900 ὁ
391 2874 516 2909 θάνατος,
533 2876 580 2903 καὶ
592 2877 631 2908 είς
644 2875 693 2907 τὶς
717 2874 816 2909 ψυχὰς.
834 2872 960 2899 κάκεῖθεν
979 2872 1037 2908 ῥυό-

1090 2373 1144 2396 tem
1156 2371 1183 2395 et
1193 2365 1359 2402 profundum
1384 2365 1474 2392 sinum
1496 2366 1598 2399 cordis,
1621 2374 1652 2393 ac
1667 2366 1729 2393 inde
1746 2374 1875 2394 revocare

1090 2419 1228 2441 mortuum
1258 2412 1365 2439 Adam?
1388 2411 1417 2438 In
1442 2412 1495 2439 hoc
1515 2412 1590 2439 enim
1617 2411 1744 2447 praesenti
1775 2413 1874 2440 stcculo

1090 2464 1155 2487 sunt
1167 2458 1351 2486 habitationes
1363 2463 1390 2485 et
1403 2458 1569 2490 mansiones,
1587 2458 1633 2485 ubi
1654 2458 1779 2485 homines
1799 2458 1877 2485 habi-

1090 2509 1149 2533 tent
1164 2513 1171 2532 :
1190 2509 1218 2532 ct
1229 2509 1293 2532 sunt
1304 2512 1413 2540 qu0que
1427 2505 1473 2531 ubi
1491 2504 1598 2537 bellum,
1611 2504 1715 2536 leones,
1731 2503 1875 2536 dracones,

1091 2555 1119 2579 et
1132 2551 1192 2578 alia:
1206 2558 1343 2578 venenum
1363 2551 1521 2579 emittentes
1535 2549 1599 2577 ferre
1620 2549 1754 2576 habitent.
1776 2549 1803 2576 Si
1825 2549 1877 2584 igi-

1093 2599 1137 2621 tur
1151 2595 1202 2627 sol,
1222 2595 1269 2629 qui
1291 2598 1333 2622 cst
1351 2598 1487 2627 creatura,
1506 2602 1670 2629 quocunque
1686 2598 1821 2629 penetrat,
1839 2593 1878 2621 fe-

1093 2643 1211 2672 nestras,
1228 2644 1274 2667 aut
1287 2640 1384 2675 januas
1395 2660 1402 2672 ,
1419 2644 1473 2667 tam
1494 2640 1639 2674 speluncas
1652 2639 1772 2672 leonum,
1794 2647 1877 2674 quam

1095 2693 1226 2713 cavernas
1234 2685 1385 2720 reptilium,
1402 2690 1430 2712 et
1449 2693 1576 2720 egressus
1597 2685 1782 2720 nequidquam
1803 2685 1879 2713 laedi«

1095 2736 1140 2759 tur
1153 2751 1161 2764 ,
1180 2735 1282 2766 quanto
1295 2731 1381 2767 magis
1391 2731 1463 2758 Dcus
1477 2736 1505 2758 et
1524 2731 1657 2758 Dominus
1677 2730 1799 2757 omnium
1811 2752 1818 2764 ,
1836 2731 1878 2758 iii-

1094 2785 1203 2812 grcssus
1212 2777 1292 2804 nidos
1304 2782 1332 2804 et
1344 2777 1482 2804 domicilia
1496 2777 1542 2804 ubi
1570 2784 1646 2812 mors
1664 2776 1778 2808 habitat,
1797 2781 1880 2811 atque

1094 2823 1178 2850 etiam
1191 2823 1306 2855 animas,
1321 2827 1348 2850 ct
1364 2823 1439 2850 illinc
1449 2823 1570 2858 eripiens
1582 2822 1679 2854 Adam,
1689 2823 1763 2850 nulla
1778 2823 1878 2859 injuria

1096 2868 1230 2897 afﬁcitur!
1251 2867 1289 2896 Ac
1306 2869 1398 2903 pluvia
1415 2877 1429 2896 c
1449 2869 1519 2897 curio
1532 2869 1698 2897 d€"""""""°
1713 2868 1747 2889 "Il
1768 2869 1880 2897 intimas
