2078 3151
246 163 298 196 555

869 163 900 193 S.
921 162 1083 193 MACARII
1103 162 1265 194 lEGYP'l‘lI

1813 165 1866 198 556

245 220 324 251 terras
339 224 430 255 partes
444 227 531 255 usque
546 219 689 256 pertingit,
702 219 750 248 ubi
762 218 914 248 exsiccatas
923 219 1019 247 radice

1085 228 1166 254 μενος
1188 220 1234 248 τὸν
1254 220 1339 256 Ἀδὰμ
1353 221 1403 248 οὐκ
1425 221 1559 249 ἀδικεῖται
1585 221 1639 250 ὑπὸ
1661 222 1709 249 τοῦ
1727 221 1867 256 (lavdi-ou;

242 267 296 303 43
311 273 407 294 rursus
414 266 555 294 humectat
563 270 591 294 et
599 271 724 299 renovat,
736 273 769 294 ac
780 265 909 301 producit
918 273 1019 301 germel

1084 267 1138 292 Καὶ
1151 267 1166 292 ό
1177 266 1252 299 ὑετὸς
1266 267 1295 299 ἐξ
1308 266 1423 302 οὐρανοῦ
1435 268 1645 303 κατερχόμενος,
1663 268 1759 303 φθάνει
1773 270 1868 305 κατέρ-

243 319 355 340 novum.

1082 312 1178 346 χεσθαι
1189 312 1228 342 είς
1243 312 1277 339 τὰ
1292 312 1435 348 κατώτερα
1451 313 1522 349 μέρη
1534 314 1584 348 τῆς
1599 314 1662 348 γῆς,
1677 315 1804 341 κάκεῖθεν
1817 315 1867 346 τὰς

1082 356 1262 391 ξηρανθείσας
1294 358 1372 393 ῥίζας
1399 359 1535 394 ἁνύγρανε
1555 360 1602 386 καὶ
1626 360 1791 393 ἀνεκαίνισε,
1819 361 1866 388 καὶ

1027 407 1028 410 ‘
1081 403 1208 438 ἐποίησεν
1223 404 1280 430 ἐκεῖ
1300 405 1421 440 γέννημα
1437 405 1540 432 καινόν.

278 455 347 484 XIV.
366 455 443 484 Alius
452 461 505 489 est,
516 456 562 491 qui
573 455 722 484 certamine
734 460 762 483 et
772 455 845 483 bello
853 461 916 482 cum
928 453 1028 481 Satans

244 501 331 533 inito,
359 501 534 529 aﬂlictionem
560 502 664 536 patitur
679 510 686 528 :
701 501 747 528 hic
769 499 916 528 contritam
944 498 1028 526 habet

243 546 382 574 animam:
398 546 425 573 in
447 547 634 574 sollicitudine
650 547 740 577 enim.
758 546 833 573 luctu
851 552 883 572 ac
898 544 1027 580 lacrymis

242 592 408 620 constitutus
421 597 463 620 est
475 601 481 620 :
493 593 630 628 duplicem
643 591 778 628 ejusmodi
788 591 871 618 homo
880 597 1025 625 personam

240 639 367 665 sustinet.
383 638 410 666 Si
428 639 510 674 igitur
529 639 557 666 in
574 639 617 666 his
629 638 746 674 negotiis
764 638 860 664 ﬁrmus
870 641 1024 671 permanet,

241 684 269 711 in
285 675 364 711 bello.
373 684 506 712 Dominus
516 684 542 712 ei
562 684 640 711 adest
667 687 695 710 et
711 686 857 711 conservat
869 690 944 714 eum,
960 682 1025 717 quia

239 729 339 762 quaerit
351 729 460 756 assidue
474 734 502 756 et
517 729 736 764 pulsatjanuam,
748 728 860 763 quando
871 727 896 755 ei
907 728 1023 762 aperiat.

240 773 343 801 lterum
359 783 436 806 vero,
458 775 480 802 si
496 779 625 809 appareat
641 774 690 801 tibi
708 775 791 801 frater
804 778 934 800 strenuus
950 780 984 800 eo
996 773 1022 800 in

239 819 323 851 bello.
339 827 353 847 a
375 820 461 855 gratia
483 824 526 847 est
545 821 722 848 conﬁrmatus
738 829 744 847 :
760 819 807 855 qui
834 827 900 847 vero
924 818 1023 846 funda-

239 869 361 892 mentum
388 873 441 893 non
468 865 562 898 habet,
586 873 641 893 non
663 869 803 900 tantopere
821 866 905 893 Deum
932 865 1021 895 timet.

238 917 290 937 nec
303 911 452 937 contritum
473 914 515 938 est
531 918 579 937 eor
595 911 665 946 ejus,
684 918 736 938 nec
757 911 785 937 in
812 915 884 937 metu
899 914 952 941 est,
970 917 1022 937 nec

236 955 366 982 observat
382 963 430 982 cor
443 963 538 987 suum,
558 960 585 982 et
602 955 735 988 membra,
747 963 782 983 ne
795 955 950 982 inordinate
965 962 1023 981 am-

238 999 334 1027 bulent
349 1008 356 1027 :
369 1000 504 1035 ejusmodi
519 1001 609 1028 adhuc
625 1001 786 1028 dissolutam
808 1000 892 1027 habet
904 1000 1022 1026 animam

237 1051 334 1076 suam;
354 1044 476 1071 nondum
492 1045 566 1072 enim
580 1044 705 1079 praelium
725 1045 866 1080 ingressus
878 1047 931 1071 est.
946 1043 1023 1071 Alius

237 1089 322 1124 igitur
343 1094 400 1121 est,
418 1090 464 1125 qui
488 1090 516 1117 in
531 1089 603 1117 bello
625 1094 652 1117 et
676 1090 821 1117 afﬂictione
835 1094 887 1122 est,
902 1094 929 1117 et
954 1089 1023 1117 alius

235 1134 283 1169 qui
297 1134 337 1162 rei
356 1134 483 1162 militaris
495 1134 606 1170 ignarus
620 1134 712 1162 adhuc
735 1138 786 1161 est.
800 1134 905 1162 Etenim
918 1134 1022 1162 semina

235 1188 346 1216 quoque
368 1180 396 1208 in
419 1184 520 1208 terram
541 1181 623 1208 missa
638 1180 815 1208 aﬂlictionem
832 1180 980 1212 sustinent,
995 1180 1021 1207 in

234 1227 309 1262 gelu,
326 1227 428 1260 hieme,
444 1231 472 1254 et
488 1226 590 1262 frigore
613 1227 685 1254 aeris
700 1235 706 1253 :
722 1233 755 1254 ac
776 1226 908 1261 deinceps
928 1225 1021 1253 debito

235 1277 358 1306 tempore
374 1271 516 1300 reviviscit
532 1279 655 1307 germen.

269 1365 327 1393 XV.
344 1365 486 1401 Contingit
510 1370 602 1393 autem
619 1365 775 1398 interdum,
800 1371 831 1393 ut
854 1366 969 1394 Satanas
993 1366 1020 1393 in

233 1410 318 1438 corde
332 1416 422 1438 tecum
445 1411 577 1446 disputet,
595 1411 701 1439 scilicet
721 1420 729 1438 :
745 1411 812 1438 Ecce
826 1416 927 1447 quanta
947 1411 1021 1438 mala

234 1456 398 1489 commisisti,
421 1465 478 1482 ecce
496 1461 597 1492 quanta
617 1457 724 1484 insania
745 1457 836 1483 anima
858 1461 905 1484 tua
920 1456 1020 1492 repleta

234 1505 283 1534 est,
305 1505 329 1528 el
343 1509 422 1536 quam
435 1506 542 1528 onustus
559 1510 585 1528 ex
600 1503 723 1537 peccatis,
740 1506 768 1528 ut
789 1502 904 1537 antplius
919 1502 1021 1529 salvari

234 1555 287 1575 non
302 1548 394 1582 possis.
411 1547 474 1574 Hzec
497 1551 589 1575 autem
608 1547 669 1574 ideo
685 1547 761 1578 facit,
781 1551 811 1574 ut
833 1551 858 1574 te
879 1547 906 1574 in
921 1547 1020 1582 despc-

1037 918 1060 947 B

1115 447 1164 475 IA’.
1183 448 1277 480 Ἀλλος
1296 449 1370 475 ἐστὶν
1390 450 1404 475 ό
1420 449 1490 485 ἔχων
1504 450 1614 484 ἀγῶνα,
1639 451 1686 478 καὶ
1703 451 1802 485 Θλῖψιν,
1817 453 1865 479 καὶ

1080 494 1197 529 πόλεμον
1218 495 1286 530 πρὸς
1309 495 1355 522 τὸν
1375 497 1516 523 Σατανᾶν·
1534 495 1612 529 οὖτος
1629 498 1864 534 συντετριμμένην

1079 539 1134 574 ἔχει
1158 540 1206 574 τὴν
1226 540 1316 574 ψυχὴν
1343 541 1445 567 αὑτοῦ·
1460 542 1489 567 ὲν
1513 542 1631 578 μερίμνῃ
1654 543 1709 577 γάρ
1734 544 1791 570 ἐστι
1817 545 1864 571 καὶ

1080 584 1172 610 πένθει
1187 586 1234 611 καὶ
1259 585 1401 620 δάκρυσιν.
1426 586 1472 617 Et;
1493 587 1539 613 δύο
1555 587 1687 622 πρόσωπα
1706 588 1828 624 εἱστήκει
1848 590 1864 616 ό

1077 630 1205 662 τοιοῦτος.
1219 632 1249 657 Εἰ
1269 632 1357 657 τοίνυν
1372 633 1400 658 ὲν
1415 633 1545 663 τοιούτοις
1560 633 1720 668 πράγμασιν
1739 634 1861 669 εἱστήκει

1077 673 1154 707 οὗτος
1165 697 1172 708 ,
1188 677 1228 708 είς
1244 677 1290 703 τὸν
1306 677 1424 712 πόλεμον
1451 679 1510 712 μετ’
1524 679 1606 706 αὐτοῦ
1623 679 1696 706 ἐστιν
1719 679 1734 706 ὁ
1760 679 1861 716 Κύριος

1076 722 1123 748 καὶ
1146 722 1279 756 φυλάσσει
1296 723 1393 749 αὐτόν·
1418 723 1544 758 ἐπιζητεῖ
1562 725 1616 759 γὰρ
1630 724 1798 757 σπουδαίως,
1814 726 1861 752 καὶ

1077 766 1169 801 κρούει
1187 767 1235 801 τὴν
1262 767 1358 802 θύραν,
1375 769 1440 795 πότε
1462 769 1538 804 αὑτῷ
1553 769 1666 802 ἀνοίγει.
1687 769 1772 796 Πάλιν
1793 769 1821 796 δὲ
1836 770 1861 796 εί

1076 811 1199 845 φαίνεταί
1215 820 1256 838 σοι
1276 812 1389 847 ἁδελφὸς
1405 812 1507 847 ἀγαθὸς
1522 811 1571 840 ὧδε
1585 833 1592 844 ,
1619 813 1670 840 ὑπὸ
1687 813 1734 849 τῆς
1750 814 1860 849 χάριτός

1075 857 1149 882 ἐστιν
1173 857 1379 892 ὲστηριγμένος.
1408 858 1437 884 '0
1454 858 1482 884 δὲ
1500 858 1537 894 μὴ
1563 860 1633 894 ἔχων
1650 859 1790 894 θεμέλιον,
1810 859 1861 886 οὐκ

1076 902 1131 937 ἔχει
1155 903 1282 930 τοσοῦτον
1305 903 1386 938 φόϐον
1400 904 1482 937 Θεοῦ,
1508 905 1538 931 οὺ
1560 905 1750 940 συντέτριπται
1776 905 1859 932 αὑτοῦ

1074 949 1091 984 ἡ
1112 948 1226 984 καρδία,
1244 948 1305 976 οὒτε
1331 950 1404 978 ἐστὶν
1427 950 1456 978 ὲν
1481 951 1572 986 φόϐῳ,
1593 950 1655 978 οὔτε
1680 951 1860 985 ἀσφαλίζεται

1073 994 1156 1021 αὑτοῦ
1179 994 1228 1030 τὴν
1245 994 1359 1031 καρδίαν
1374 996 1423 1022 καὶ
1446 996 1480 1023 τὰ
1503 997 1570 1032 μέλη
1582 1018 1589 1028 ,
1613 997 1660 1024 τοῦ
1676 997 1714 1034 μὴ
1734 997 1860 1030 ἀτάκτως

1074 1041 1244 1076 περιπατεῖν.
1272 1038 1355 1073 Οὗτος
1381 1042 1473 1077 ἀκμὴν
1500 1043 1706 1078 ἀπολελυμένην
1731 1043 1787 1079 ἔχει
1808 1043 1859 1079 τὴν

1072 1085 1160 1120 ψυχὴν
1174 1085 1257 1112 αὑτοῦ
1267 1094 1273 1100 ”
1291 1085 1368 1112 οὔπω
1383 1087 1439 1121 γὰρ
1452 1087 1574 1122 εἰσῆλθεν
1587 1088 1626 1120 είς
1643 1088 1746 1122 ἀγῶνα.
1761 1087 1858 1121 ’Δλλος

1072 1130 1119 1159 οὖν
1137 1133 1210 1159 ἐστιν
1235 1131 1249 1157 ό
1263 1133 1293 1158 ἐν
1318 1132 1404 1166 ἀγῶνι
1430 1133 1477 1158 καὶ
1493 1133 1598 1167 θλίψει,
1617 1133 1664 1160 καὶ
1687 1133 1765 1165 ἄλλος
1786 1134 1800 1160 ό
1819 1133 1858 1168 μὴ

1073 1177 1152 1210 εἰδὼς
1167 1178 1193 1204 τί
1214 1179 1272 1204 ἐστι
1293 1177 1421 1214 πόλεμος.
1439 1179 1493 1205 Καὶ
1508 1177 1563 1214 γὰρ
1579 1178 1614 1205 τὰ
1635 1179 1779 1214 σπέρματα
1793 1179 1858 1206 ὅταν

1073 1223 1157 1259 βληθῇ
1170 1225 1209 1256 εὶς
1222 1224 1272 1260 τὴν
1287 1226 1349 1261 γῆν,
1364 1224 1452 1260 θλῖψιν
1464 1224 1596 1260 ὑπομένει
1611 1227 1650 1257 εἰς
1662 1226 1724 1257 τοὺς
1741 1225 1856 1260 πάγους,

1072 1270 1111 1301 είς
1125 1269 1170 1296 τὸν
1183 1269 1316 1304 χειμῶνα,
1330 1270 1370 1302 είς
1385 1270 1434 1305 τὴν
1448 1270 1606 1306 ψυχρότητα
1619 1271 1674 1297 τῶν
1689 1271 1778 1307 ἀέρων
1787 1279 1794 1286 ·
1810 1270 1859 1298 καὶ

1071 1315 1100 1341 ὲν
1113 1314 1152 1349 τῷ
1165 1314 1251 1341 δέοντι
1264 1315 1353 1351 καιρῷ
1364 1314 1589 1347 ἁναζωοποιεϊται
1601 1316 1632 1342 τὸ
1642 1316 1774 1352 γέννημα.

1107 1359 1156 1387 ΙΕ’.
1173 1360 1320 1395 Συμϐαίνει
1338 1361 1366 1387 δὲ
1383 1361 1424 1388 ὅτι
1439 1362 1452 1388 ό
1466 1361 1589 1393 Σατανᾶς
1605 1362 1758 1396 διαλέγεται
1774 1371 1814 1390 σοι
1828 1362 1858 1389 tv

1071 1406 1103 1440 τῇ
1123 1405 1231 1441 καρδία·
1252 1406 1314 1433 Ἴδε
1335 1407 1418 1433 πόσα
1441 1407 1518 1434 κακὰ
1541 1407 1705 1442 ἐποίησας,
1721 1408 1787 1435 ἰδοὺ
1802 1408 1858 1436 εό-

1071 1459 1135 1478 σων
1147 1451 1263 1486 μανιῶν
1279 1452 1472 1486 πεπλήρωται
1492 1461 1552 1480 σου
1575 1453 1594 1487 ἠ
1613 1453 1715 1488 ψυχὴ,
1738 1455 1787 1481 καὶ
1805 1454 1858 1487 βσ-

1072 1496 1236 1531 ϐιιρημένος
1255 1497 1283 1524 εἴ
1295 1497 1355 1524 ἀπὸ
1370 1497 1535 1532 ἁμαρτιῶν,
1552 1498 1597 1525 ὅτι
1612 1499 1712 1526 οὐκέτι
1728 1499 1858 1527 δύνασαι

1071 1542 1215 1576 σωθῆναι.
1232 1541 1324 1569 Ταῦτα
1337 1542 1365 1568 δὲ
1389 1544 1471 1576 ποιεῖ,
1496 1543 1538 1569 ἵνα
1554 1543 1652 1579 ἐνέγκῃ
1675 1552 1704 1570 σε
1717 1545 1757 1576 εἰς
1773 1544 1857 1572 ὰπελ·

234 1593 369 1621 rationem
384 1593 512 1625 deducat,
528 1599 556 1621 et
568 1594 632 1628 quia
652 1601 707 1621 non
724 1599 767 1622 cst
786 1597 897 1629 accepta
916 1598 943 1621 et
956 1602 1019 1629 gra-

1072 1588 1182 1622 πισμὸν,
1201 1587 1248 1614 καὶ
1263 1587 1304 1614 ὅτι
1324 1587 1373 1614 οὐκ
1390 1587 1464 1615 ἔστιν
1476 1588 1673 1624 εὐπρόσδεκτος
1688 1590 1704 1624 ὴ
1727 1590 1858 1624 μετάνοιά

234 1645 261 1667 ta
276 1646 324 1666 tua
345 1639 516 1674 renitentia.
531 1639 678 1674 Postquam
701 1639 774 1667 enim
791 1647 840 1674 per
865 1644 1018 1675 transgres-

232 1685 338 1712 sionem
356 1685 459 1712 malitia
475 1685 610 1717 introivit,
623 1690 716 1720 postea
734 1685 848 1720 singulis
863 1685 938 1712 horis
960 1685 1018 1713 dis-

232 1734 383 1765 putatcum
399 1731 500 1763 anima,
525 1735 555 1758 ut
568 1730 650 1757 homo
662 1738 723 1757 cum
736 1731 858 1758 homine.
873 1730 1018 1766 Responde

232 1781 262 1803 tu
276 1783 387 1811 quoque
400 1776 441 1803 sic
463 1785 469 1802 :
491 1776 578 1803 Habeo
604 1777 753 1803 testimonia
771 1776 895 1810 Domini,
921 1778 1018 1812 scripto

231 1821 389 1856 consignata
403 1829 412 1847 :
427 1820 495 1848 Nolo
511 1825 622 1847 mortarii
638 1825 814 1856 peccatorum,
829 1822 874 1848 sed
888 1823 1017 1857 pwniten-

233 1867 309 1899 tiam,
336 1871 364 1893 ut
383 1871 552 1894 convertatur
576 1868 631 1902 ipse
651 1876 668 1894 a
690 1868 733 1894 via
749 1875 882 1903 perversa,
898 1873 922 1895 et
937 1870 1017 1896 vivat.

233 1913 381 1948 Propterea
394 1913 466 1941 enim
485 1913 630 1941 descendit
651 1913 792 1946 Doniinus,
814 1918 844 1941 ut
860 1919 1018 1949 peccatores

233 1958 363 1991 salvaret,
379 1964 502 1987 mortuos
520 1960 676 1992 suscitaret,
690 1964 741 1987 eta
754 1965 842 1988 morte
856 1961 1018 1990 vulneratos

232 2004 394 2037 viviﬁcaret,
408 2009 436 2032 et
448 2013 496 2032 eos
507 2006 554 2040 qui
567 2006 594 2033 in
609 2007 730 2033 tenebris
740 2011 828 2039 erant,
838 2007 1016 2035 illuminaret.

232 2050 303 2078 Vere
332 2051 405 2078 enim
431 2051 563 2080 Dominus
585 2051 746 2084 adveniens,
772 2052 881 2080 vocavit
912 2061 962 2080 nos
989 2053 1016 2080 in

232 2097 408 2132 adoptionem
429 2098 559 2131 ﬁliorum,
576 2098 609 2125 ad
625 2103 748 2125 sanctam
764 2103 791 2126 et
812 2098 888 2133 pacis
912 2098 1018 2126 studio-

233 2149 290 2169 sam
316 2143 466 2175 ciritatcm,
491 2143 523 2170 ad
546 2143 631 2170 vitam
646 2151 784 2178 nunquam
803 2143 966 2177 perituram,
983 2143 1016 2170 ad

233 2188 613 2223 gloriamincorruptibilem;
627 2188 708 2215 modo
729 2195 779 2215 nos
809 2188 946 2222 principio
969 2187 1018 2215 ho-

233 2242 300 2261 num
319 2234 400 2261 ﬁnem
420 2238 655 2269 superstruamus,
671 2238 878 2269 perseverantes
901 2234 929 2260 in
947 2242 1015 2268 pau-

232 2284 347 2315 pertate,
372 2280 603 2316 peregrinatione,
627 2280 773 2307 alllictionc
789 2283 816 2307 et
833 2280 1017 2314 postulatione

231 2334 296 2361 erga
312 2327 409 2359 Deum,
426 2326 530 2360 absque
545 2326 601 2353 ullo
617 2325 724 2360 pudore
737 2325 880 2360 pulsantes
893 2326 1015 2360 januam.

232 2371 467 2405 Quemadmodum
509 2371 584 2398 enim
621 2378 723 2405 corpus
761 2370 946 2406 propinquum
975 2375 1018 2398 est

232 2417 340 2450 animm,
367 2417 404 2444 ita
429 2416 542 2452 propior
557 2421 600 2444 est
614 2415 748 2443 Dominus
761 2415 794 2442 ad
811 2415 976 2443 veniendum
989 2420 1018 2443 et

231 2459 413 2495 aperiendum
423 2459 548 2486 occlusas
557 2459 631 2486 fores
643 2458 746 2491 cordis,
760 2463 788 2486 et
799 2459 833 2486 ad
846 2459 1015 2495 largiendum

231 2506 312 2534 nobis
330 2505 441 2532 divitias
454 2505 590 2533 caelestes.
604 2505 697 2532 Bonus
718 2505 854 2541 siquidem
872 2510 914 2533 est
927 2510 955 2533 et
966 2506 1011 2533 ho-

232 2552 337 2579 minum
351 2558 462 2583 amans;
479 2554 508 2578 et
522 2550 642 2578 falsitate
658 2551 717 2586 eius
745 2551 941 2586 promissiones
969 2560 1015 2578 ca-

233 2601 304 2628 rent,
323 2596 403 2623 modo
417 2603 469 2622 nos
490 2602 698 2630 perseveremus
718 2596 752 2623 ad
776 2595 856 2623 ﬁnem
880 2604 966 2631 usque
989 2597 1017 2623 in

233 2641 324 2668 studio
339 2648 402 2668 eum
411 2641 564 2675 quaerendi.
577 2641 668 2669 Gloria
680 2642 905 2669 miserationibus
916 2642 1015 2675 Patris,

233 2692 262 2714 et
275 2687 347 2719 Filii,
360 2691 388 2713 et
406 2685 525 2721 Spiritus
538 2688 625 2715 sancti
642 2687 668 2715 in
683 2688 791 2716 saecula.
809 2687 905 2715 Amen.

1036 2263 1055 2289 D

1023 2839 1056 2846 ..-

1075 1641 1133 1660 σου.
1160 1633 1269 1668 Ἐπειδὴ
1292 1633 1343 1668 γὰρ
1361 1633 1528 1669 παρεισῆλθε
1546 1634 1590 1661 διὰ
1604 1634 1653 1669 τῆς
1674 1635 1857 1670 παραϐάσεως

1072 1678 1088 1713 ὴ
1105 1678 1206 1711 κακία,
1228 1678 1320 1704 λοιπὸν
1335 1679 1396 1705 καθ’
1417 1679 1534 1714 ἑκάστην
1553 1679 1627 1714 ὥραν
1648 1680 1802 1714 διαλέγεται
1822 1683 1856 1717 τῇ

1072 1722 1143 1757 ψυχῇ
1171 1722 1208 1753 ὡς
1231 1721 1373 1758 ἄνθρωπος
1401 1723 1470 1757 μετὰ
1490 1723 1645 1759 ἀνθρώπου.
1680 1725 1858 1760 ’Δποκρίθητι

1072 1768 1146 1803 αὐτῷ
1162 1768 1208 1794 καὶ
1225 1768 1256 1794 σὺ
1268 1788 1276 1799 ,
1301 1768 1342 1794 ὅτι
1359 1768 1418 1802 ἔχω
1436 1768 1489 1801 τὰς
1506 1769 1672 1803 μαρτυρίας
1689 1770 1736 1796 τοῦ
1753 1771 1857 1806 Κυρίου

1071 1813 1235 1848 ἐγποάφως,
1251 1812 1300 1839 καὶ
1315 1812 1359 1839 ὅτι
1374 1813 1409 1839 οὐ
1421 1813 1571 1848 ,βούλομαι
1588 1813 1642 1842 τὸν
1656 1814 1786 1842 θάνατον
1802 1815 1857 1843 τοῦ

1072 1858 1258 1894 ἀμαρτωλοῦ,
1273 1858 1313 1890 ὡς
1330 1857 1386 1892 τὴν
1398 1858 1571 1892 μετάνοιαν,
1587 1859 1637 1886 καὶ
1655 1859 1688 1887 τὸ
1707 1860 1858 1894 ἀποστρα-

1071 1905 1165 1940 φῆναι
1180 1904 1273 1932 αὐτὸν
1289 1903 1347 1931 ἀπὸ
1361 1904 1414 1938 τῆς
1427 1904 1498 1932 ὀδοῦ
1511 1904 1566 1939 τῆς
1578 1905 1723 1939 πονηρᾶς,
1740 1906 1789 1933 καὶ
1804 1905 1857 1941 ζῇν

1071 1953 1174 1980 αὐτόν.
1195 1952 1244 1978 Διὰ
1268 1951 1346 1978 τοίτο
1369 1952 1423 1988 γὰρ
1448 1952 1581 1987 κατῆλθεν
1600 1953 1695 1985 αὐτὸς,
1724 1953 1768 1980 ἴνα
1793 1953 1856 1985 τοὺς

1071 1996 1249 2033 ἁμαρτωλοὺς
1265 1997 1350 2033 σώσῃ,
1371 1998 1432 2029 τοὺς
1447 1999 1559 2033 νεκροὺς
1576 1999 1716 2035 ἀνεγείρῃ,
1732 2001 1795 2032 τοὺς
1811 2008 1856 2026 τε-

1072 2042 1277 2076 θανατωμένους
1302 2043 1475 2079 ζωοποιήσῃ,
1497 2044 1560 2075 τοὺς
1584 2045 1613 2071 ἐν
1631 2045 1668 2080 τῷ
1688 2045 1778 2072 σκότει
1799 2055 1856 2080 φω-

1070 2089 1143 2125 τίσῃ.
1164 2087 1284 2124 ’Λληθῶς
1300 2089 1353 2124 γὰρ
1379 2089 1463 2116 ἐλθὼν
1480 2091 1518 2121 εἰς
1539 2090 1676 2118 υἱοθεσίαν
1698 2092 1772 2126 ἡμᾶς
1791 2092 1856 2119 ἑκά-

1071 2134 1158 2166 λεσεν,
1175 2135 1215 2166 εἰς
1229 2134 1305 2161 πόλιν
1321 2134 1412 2168 ἁγίαν,
1428 2136 1649 2172 εἰρηνευομένην,
1667 2138 1706 2168 είς
1721 2137 1792 2172 ζωὴν
1805 2138 1855 2173 τὴν

1073 2180 1205 2215 μηδέποτε
1218 2181 1452 2216 ἀποθνήσκουσαν,
1466 2182 1505 2213 εἰς
1516 2181 1595 2213 δόξαν
1607 2182 1754 2217 ἄφθαρτον.
1767 2184 1855 2212 Μόνον

1071 2227 1151 2261 ἡμεῖς
1170 2228 1203 2262 τῇ
1223 2227 1293 2262 ἀρχῇ
1317 2227 1395 2261 ἡμῶν
1411 2227 1500 2261 δῶμεν
1523 2227 1599 2259 τέλος
1620 2228 1742 2262 ἀγαθόν’
1755 2229 1856 2265 ἐμμιίο

1071 2282 1160 2307 νωμεν
1185 2274 1217 2308 τῇ
1236 2272 1368 2308 πτωχείᾳ,
1393 2273 1425 2307 τῇ
1443 2272 1577 2308 ξενητείᾳ,
1599 2273 1632 2308 τῇ
1652 2275 1796 2310 κακουχίᾳ,
1820 2276 1853 2310 τῇ

1069 2320 1176 2354 αἰτήσει
1189 2321 1222 2354 τῇ
1239 2320 1306 2354 πρός
1326 2319 1373 2346 τὸν
1386 2319 1462 2352 Θεὸν,
1477 2319 1546 2354 μετὰ
1560 2319 1697 2351 ἀναιδείας
1711 2321 1855 2356 κρούοντες

1068 2364 1117 2399 τὴν
1144 2364 1238 2399 θύραν.
1265 2364 1370 2399 Ὥσπερ
1399 2363 1454 2398 γὰρ
1470 2364 1554 2397 ἐγγύς
1579 2365 1638 2391 ἐστι
1654 2366 1684 2391 τὸ
1709 2366 1789 2401 σῶμα
1805 2366 1855 2401 τῆς

1068 2409 1167 2444 ψυχῆς,
1192 2409 1278 2441 οὕτως
1299 2408 1447 2443 ὲγγύτερος
1470 2410 1484 2435 ό
1507 2409 1608 2444 Κύριος
1630 2410 1678 2437 τοῦ
1698 2411 1785 2438 ἐλθεῖν
1808 2412 1856 2438 καὶ

1069 2456 1172 2488 ἀνοῖξαι
1191 2456 1238 2486 τὰς
1258 2454 1456 2489 κεκλεισμένας
1479 2454 1564 2490 θύρας
1590 2456 1640 2491 τῆς
1663 2457 1792 2492 καρδίας,
1808 2458 1856 2484 καὶ

1070 2500 1244 2536 δωρήσασθαι
1261 2501 1327 2535 ἡμῖν
1342 2501 1388 2527 τὸν
1410 2499 1525 2527 πλοῦτον
1546 2500 1592 2528 τὸν
1612 2501 1746 2537 οὐράνιον.
1772 2502 1855 2537 Ἀγα-

1070 2546 1115 2578 Ob;
1138 2546 1190 2581 γάρ
1206 2547 1263 2572 ἑστι
1282 2547 1328 2572 καὶ.
1352 2545 1559 2581 φιλάνθρωπος,
1578 2547 1624 2573 καὶ
1646 2547 1771 2582 ἀψευδεῖς
1785 2549 1856 2576 εἰσιν

1070 2592 1153 2619 αὑτοῦ
1177 2592 1205 2618 αι
1220 2591 1401 2625 ἐπαγγελίαι,
1418 2592 1500 2626 μόνον
1519 2592 1568 2618 ὲὰν
1589 2591 1781 2628 ὑπομείνωμεν
1803 2593 1856 2625 ἓως

1069 2638 1161 2669 τέλους
1175 2637 1365 2672 ἐπιζητοῦντες
1380 2637 1470 2664 αὐτόν,
1485 2637 1554 2670 Δόξα
1568 2639 1626 2670 τοῖς
1637 2639 1787 2674 οἰκτιρμοῖς
1800 2640 1857 2666 Πα-

1069 2684 1142 2719 τρός,
1163 2683 1211 2710 καὶ
1226 2682 1303 2716 Υἰοῦ,
1320 2683 1366 2710 καὶ
1380 2682 1459 2717 ἁγίου
1479 2682 1650 2718 Πνεύματος,
1662 2685 1702 2717 εἰς
1717 2686 1779 2718 τοὺς
1790 2685 1856 2712 altit-

1069 2739 1126 2762 νας.
1153 2730 1248 2766 Ἀμήν.
