2078 3151
232 165 243 183 ε

231 165 282 198 557

527 223 649 255 QMlAlA
667 223 717 250 ω’.

232 267 301 304 Περί
315 267 370 304 τῆς
383 267 519 304 σζάσεως
532 268 585 304 τοῦ
601 268 691 304 ’Δδᾲμ
705 270 762 304 πρὸ
779 269 832 297 τοῦ
846 271 1015 304 παραϐηναι

267 303 361 338 αὑτρν
384 302 441 336 τὴν
460 303 590 338 ἐντολὴν
616 302 676 330 τοῦ
691 302 780 332 Θεοῦ·
810 304 859 331 καὶ
881 302 962 338 λιετᾶ
982 305 1014 332 τὸ

268 337 584 373 αἰιτὸνλάπολέσαικαὶ
604 338 662 372 τὴν
681 338 760 366 Mler
771 337 940 366 εῑκόναάαὶ
959 340 1016 373 τὴν

266 371 455 409 ἐπορράνιον.
469 373 606 409 ’Συνέχειλ
630 371 680 400 καὶ
699 374 718 408 ἠ
749 374 851 409 ὁμιλία
875 371 1015 409 ζητήσεις

266 406 350 439 τινὰς
364 407 446 434 πάνυ
459 406 637 442 ὠφελίμους.

264 461 304 490 A'.
329 462 359 488 '0
392 462 477 498 Ἀδὰμ
497 463 546 498 τὴν
571 464 681 500 ἐντολὴν
707 465 852 500 παραϐὰς,
872 467 942 493 κατὰ
968 466 1015 493 δύο

229 507 346 542 τρόπους
370 507 494 534 ἀπώλετο
505 515 513 523 ⁶
533 508 581 535 ἕνα
599 510 658 544 μὲν,
681 510 721 536 ὅτι
733 510 857 536 ἀπώλεσε
872 510 904 537 τὸ
921 511 1014 546 κτῆμα

229 552 259 578 τὸ
277 553 398 587 καθαρὸν
412 553 462 587 τῆς
484 553 592 588 φύσεως
611 554 703 588 αὐτοῦ,
727 555 758 582 τὺ
773 555 885 591 ὡραῖον,
900 556 930 582 τὸ
953 556 1013 583 κατ’

229 597 322 624 εἰκόνα.
339 598 386 624 καὶ
402 598 531 633 ὁμοίωσιν
550 599 618 625 Θεοῦ
628 607 635 614 ·
651 600 743 634 ἕτερον
757 600 796 632 δὲ,
815 601 855 627 ὅτι
874 601 1014 628 ἀπώλεσεν

228 643 314 678 αὐτὴν
328 643 377 678 τὴν
400 643 502 676 εἰκόνα,
517 645 547 670 ἐν
605 645 734 672 ἀπέκειτο
750 645 825 681 αὐτῷ
847 647 908 673 κατ’
927 647 1014 682 ἑπαγ-

229 689 321 723 τελίαν
338 690 354 724 ἡ
375 690 535 724 ἐπουράνιος
552 691 626 717 πᾶσι
647 691 824 726 κληρονομία.
847 692 953 728 Ὠσπερ
967 694 1015 720 ἐὰν

229 733 246 770 ᾖ
260 735 389 769 νόμισμα,
408 736 457 770 τὴν
470 736 562 762 εικόνα
575 736 622 763 τοῦ
638 736 770 772 βασιλέως
784 737 855 772 ἔχον,
871 739 920 765 καὶ
935 739 1014 765 τοῦτο

229 782 423 815 παραχαραγῇ,
443 781 458 806 ὁ
482 782 581 816 χρυσός
600 791 628 808 τε
645 782 778 815 ἀπώλετο,
797 784 844 810 καὶ
858 785 874 819 ἠ
889 784 970 811 είκὼν
983 785 1013 811 οὐ

228 827 402 861 χρησιμεύει,
414 827 536 854 τοιοῦτον
553 828 637 855 ἔπαθε
648 830 695 856 καὶ
707 830 722 856 ὁ
742 830 827 866 Ἀδάμ
837 840 844 846 ·
859 833 946 866 μέγας
959 833 1014 868 γὰρ

228 874 342 906 πλοῦτος
357 875 524 920 καὶγμεγάλη
540 877 557 911 ἡ
573 876 739 912 κληρονομία
754 879 915 914 εὐτρέπιστο
927 881 1010 916 αὐτῷ.
1027 893 1049 920 Β

228 919 334 955 Ὠσπερ
347 921 394 947 ἐὰν
439 921 538 957 χωρίον
552 923 634 957 μέγα,
651 923 698 950 καὶ
710 924 791 951 τοῦτο
804 924 853 961 ἔχῃ
864 927 1010 961 προσόδους

226 965 338 999 πολλὰς,
354 967 413 994 ἐκεῖ
430 967 551 1002 ἄμπελος
569 969 728 1002 εὐθύνουσσ,
751 971 810 997 ἐκεῖ
822 971 908 1007 χῶραι
929 972 1010 1007 εὐφο-

227 1011 332 1046 ροῦσαι,
345 1012 403 1039 ἐκεῖ
414 1012 520 1046 ἀγέλαι,
535 1014 594 1040 ἐκεῖ
603 1014 703 1049 χρυσὸς
715 1016 761 1041 καὶ
775 1016 895 1051 ἄργυρος
904 1026 911 1033 ·
923 1017 1011 1051 οὕτως

225 1054 259 1092 ἦν
281 1057 371 1093 τίμιον
393 1057 425 1085 et
441 1059 541 1094 χωρίον
560 1060 615 1094 πρὸ
638 1060 688 1094 τῆς
711 1062 870 1097 παρακοῆς,
895 1063 962 1089 αὐτὸ
979 1064 1010 1090 τὸ

225 1102 321 1135 σκεῦος
335 1103 382 1130 τοῦ
403 1103 497 1138 Ἀδάμ.
523 1105 593 1131 Ἀλλ’
607 1105 700 1141 ἐπειδὴ
723 1107 796 1134 κακὰ
816 1107 877 1142 ἔσχε
903 1108 1009 1144 διανοή-

224 1155 299 1182 ματα
315 1147 363 1175 καὶ
377 1148 534 1184 λογισμοὺς,
554 1149 678 1177 ἀπώλετο
693 1150 746 1177 ἀπὸ
759 1151 806 1178 τοῦ
818 1151 896 1180 Θεοῦ.

258 1234 297 1263 Β’.
312 1236 350 1263 Οὐ
367 1236 482 1272 λέγομεν
493 1237 521 1264 δὲ
538 1239 578 1265 ὅτι
593 1239 717 1266 ἀπώλετο
730 1239 760 1267 τὸ
774 1241 833 1267 ὅλον
848 1241 895 1268 καὶ
908 1243 1007 1278 ἠφανί-

224 1281 286 1316 σθη,
301 1283 348 1309 καὶ
359 1283 492 1311 ἀπέθανεν
501 1293 509 1300 ·
522 1284 577 1311 ἀπὸ
588 1285 634 1312 τοῦ
644 1286 710 1312 Θεοῦ
726 1287 858 1320 ἀπέθανε,
869 1290 901 1324 τῇ
913 1289 942 1315 δὲ
955 1290 1007 1326 ἰδίᾳ

224 1326 303 1359 φύσει
317 1327 361 1363 ζῇ.
389 1328 454 1356 Ἰδοὺ
468 1330 523 1364 γὰρ
537 1330 597 1362 ὅλος
611 1332 626 1357 ὁ
645 1331 748 1367 κόσμος
765 1336 911 1368 περιπατεί
927 1336 957 1360 ὲν
971 1337 1006 1372 τῇ

223 1372 275 1406 γῇ,
293 1373 341 1400 καὶ
367 1375 608 1409 πραγματεύεται·
635 1376 694 1403 ἀλλ’
708 1377 845 1414 ὀφθαλμὸς
868 1379 915 1406 τοῦ
938 1381 1006 1407 Θεοῦ

224 1417 319 1448 βλέπει
339 1418 419 1445 αὐτὸν
432 1419 478 1446 τὸν
492 1420 566 1452 νοῦν,
585 1421 696 1454 καὶτὰς
713 1423 886 1459 ἐνθυμήσεις,
904 1426 951 1452 καὶ
968 1427 1007 1459 ὡς

223 1463 395 1497 περιϐλέπει,
410 1465 457 1492 καὶ
474 1466 661 1502 eumeum,
679 1468 726 1494 καὶ
741 1469 772 1494 οὐ
788 1470 860 1496 ποιεῖ
873 1471 902 1497 ὲν
914 1471 1006 1503 αὐτοῖς

223 1508 365 1535 κοινωνίαν
376 1530 384 1541 ,
404 1510 499 1546 ἐπειδὴ
510 1511 586 1538 οὐδὲν
600 1512 748 1547 εὐάρεστον
760 1513 798 1549 τῷ
812 1514 872 1551 Θεῷ
886 1515 1006 1550 λογίζον-

827 166 1011 198 ΗΟΜΙΙΑΙᾹΞ.
1023 178 1057 185 ’-

1069 167 1163 198 ΗΟΜ.
1183 166 1252 197 ΧΠ.
1797 164 1849 196 558

1356 223 1498 252 llOMILIA
1516 223 1571 250 XII.

1065 269 1104 296 De
1117 272 1190 296 statu
1199 268 1264 297 Ade:
1286 274 1429 304 antequam
1454 268 1683 304 tramgrederetur
1695 267 1850 304 mamiatum

1097 304 1167 332 Dei:
1182 309 1206 331 et
1228 302 1368 339 postquam
1387 305 1476 331 amisit
1499 302 1635 339 propriam
1666 311 1698 330 ac
1718 302 1850 339 ‘cwlestem

1100 337 1253 374 imaginem.
1264 337 1386 366 continet
1407 347 1507 374 quoque
1516 337 1624 366 Ico'miliu
1638 337 1767 373 quasdam
1779 345 1851 372 qun:—

1097 373 1194 401 stiones
1209 373 1285 401 valde
1301 373 1389 401 utiles.

1101 463 1121 490 l.
1139 463 1224 490 Adam
1248 468 1434 498 transgressus
1449 462 1615 494 mandatum,
1635 461 1744 488 duobus
1761 459 1849 487 modis

1066 509 1149 543 periit
1166 517 1173 535 :
1192 516 1247 536 uno
1259 509 1382 544 quidem,
1399 507 1472 543 quod
1497 507 1617 542 perdidit
1646 506 1848 542 possessionem

1065 562 1162 587 puram
1177 559 1282 582 natura:
1303 562 1370 586 suae,
1383 554 1547 588 speciosam,
1562 557 1590 580 ct
1612 552 1765 580 secundum
1779 551 1848 578 ima-

1065 601 1155 635 ginem
1167 608 1198 628 ac
1209 600 1419 628 similitudinem
1430 599 1478 626 Dei
1489 598 1628 626 conditam
1643 607 1649 624 :
1671 599 1757 625 altero
1770 604 1847 627 vero.

1064 645 1138 680 quod
1154 645 1275 679 perdidit
1294 645 1380 679 ipsam
1399 643 1556 679 imaginem,
1577 642 1604 669 in
1619 650 1671 676 qua
1687 641 1806 676 reposita
1821 640 1847 667 ei

1064 690 1210 725 eratjuxta
1224 689 1445 724 promissionem,
1465 693 1522 715 tota
1550 687 1695 715 bzercditas
1716 687 1846 714 celestis.

1064 734 1182 762 Perinde
1195 742 1227 761 ac
1241 734 1265 761 si
1280 734 1316 761 sit
1330 737 1451 766 moneta,
1470 732 1588 767 imagine
1609 731 1682 767 regis
1705 731 1846 765 insignita,

1064 787 1125 815 quae
1141 781 1164 807 si
1179 780 1361 812 adulteretur,
1373 783 1402 806 ct
1421 785 1519 806 aurum
1535 778 1618 812 perit,
1636 781 1664 805 et
1687 778 1777 812 imago
1794 776 1848 812 Μ

1063 826 1167 853 nullius
1184 831 1227 854 est
1240 826 1320 861 pretii
1343 834 1350 853 :
1370 825 1422 852 tale
1437 824 1577 860 quippiam
1594 823 1687 851 evenit
1701 822 1782 855 Adae;
1802 822 1846 849 in-

1063 877 1160 907 gentes
1180 872 1316 906 siquidem
1340 871 1454 902 divitiae,
1479 875 1507 898 et
1531 877 1628 905 magna
1652 869 1798 896 btereditas
1821 869 1846 896 ei

1063 920 1214 952 praeparata
1229 920 1297 944 erat.
1311 916 1428 944 Perinde
1441 923 1473 943 ac
1484 915 1506 942 si
1519 915 1555 942 sit
1568 915 1700 950 przedium
1713 914 1845 948 amplum,

1061 963 1184 998 illudque
1198 963 1300 990 multos
1316 962 1416 990 habeat
1442 963 1557 994 reditus,
1574 962 1603 988 in
1626 969 1682 996 quo
1701 961 1737 988 sit
1765 961 1845 986 vinea

1060 1009 1215 1042 fructuosa;
1232 1009 1343 1043 illicque
1359 1009 1414 1035 sint
1434 1007 1539 1035 fertiles
1563 1007 1632 1043 agri,
1652 1007 1708 1033 illic
1737 1013 1844 1040 greges,

1060 1055 1171 1090 illicque
1187 1062 1286 1082 aurum
1301 1059 1329 1082 et
1341 1058 1483 1089 argentum
1503 1062 1508 1080 :
1528 1053 1564 1079 ita
1579 1059 1626 1079 vas
1637 1051 1702 1078 Adae
1722 1056 1785 1078 ante
1800 1051 1843 1078 in-

1059 1100 1245 1128 obedientiam
1258 1103 1318 1127 erat
1334 1103 1462 1134 tanquam
1477 1098 1609 1133 praedium
1621 1096 1759 1131 quoddam
1780 1103 1844 1130 prc—

1059 1146 1171 1174 tiosum.
1185 1146 1285 1173 Verum
1301 1145 1349 1172 ubi
1365 1145 1457 1180 pravis
1473 1143 1636 1171 commentis
1648 1146 1676 1170 et
1697 1141 1842 1177 cogitatio-

1058 1191 1141 1219 nibus
1153 1198 1181 1218 se
1196 1190 1320 1222 involvit,
1336 1190 1419 1224 periit
1433 1197 1449 1216 a
1461 1189 1527 1216 Deo.

1094 1235 1127 1261 ll.
1147 1234 1205 1262 Non
1227 1239 1316 1262 tamen
1331 1234 1460 1266 dicimus,
1477 1233 1550 1268 quod
1567 1237 1641 1260 totus
1668 1233 1792 1268 perierit,
1816 1238 1844 1260 et

1057 1280 1208 1307 exstinctus
1221 1287 1253 1307 ac
1265 1284 1390 1306 mortuus
1402 1279 1438 1307 sit
1455 1287 1462 1305 :
1478 1286 1494 1306 a
1508 1283 1657 1313 conspectu
1669 1278 1716 1306 Dei
1731 1278 1842 1313 quidem

1058 1322 1183 1354 mortuus
1201 1332 1254 1360 est,
1270 1335 1319 1355 sua
1343 1332 1435 1355 autem
1462 1331 1561 1354 natura
1578 1327 1656 1354 vivit.
1674 1328 1744 1354 Ecce
1768 1326 1842 1354 enim

1057 1373 1205 1400 universus
1219 1373 1340 1400 mundus
1362 1373 1485 1400 ambulat
1511 1373 1538 1399 in
1569 1378 1653 1405 terra,
1677 1377 1705 1400 et
1732 1374 1842 1407 negotia

1057 1420 1163 1455 peragit
1179 1427 1187 1446 :
1204 1424 1232 1446 at
1244 1420 1342 1446 oculus
1355 1419 1401 1446 Dei
1418 1419 1493 1446 videt
1511 1419 1596 1453 ipsam
1615 1423 1735 1445 mentem
1748 1425 1781 1445 ac
1795 1426 1843 1446 co-

1057 1465 1214 1502 gitationes,
1229 1469 1258 1492 et
1271 1466 1349 1500 quasi
1367 1465 1479 1499 respicit
1497 1469 1526 1492 et
1549 1464 1677 1499 despicit,
1702 1472 1754 1492 nec
1779 1472 1842 1492 cum

1057 1510 1098 1538 eis
1111 1510 1193 1537 ullam
1209 1510 1368 1538 societatem
1384 1510 1451 1542 init;
1468 1509 1533 1544 quia
1557 1510 1626 1537 nihil
1645 1509 1718 1544 quod
1736 1515 1842 1544 gratum

222 1561 276 1581 ται,
292 1554 399 1591 Ὥσπερ
422 1555 470 1583 ἐὰν
490 1553 542 1584 ὦσι
563 1558 726 1594 πανδοκεῖα,
752 1560 799 1586 καὶ
814 1563 942 1596 πορνεῖα,
960 1564 1007 1590 καὶ

1059 1556 1095 1583 sit
1114 1556 1171 1583 Deo
1187 1555 1400 1591 cogitationibus
1423 1555 1584 1582 moliuntur.
1612 1555 1730 1583 Perinde
1759 1564 1791 1583 ac
1819 1556 1842 1584 si

222 1599 299 1627 τόποι
313 1601 380 1627 ὅπου
398 1601 506 1634 deuitat
523 1603 643 1637 γίνονται
662 1606 709 1631 καὶ
724 1606 857 1633 ἀσωτισι·
873 1608 967 1636 λοιπὸν
982 1611 1006 1637 οἱ

224 1645 360 1679 θεοπεείς
379 1649 580 1685 παρερχόμενοι
602 1651 632 1677 οὖ
652 1651 861 1687 βδελύσσονται,
877 1655 924 1682 καὶ
946 1655 1007 1691 βλι-

224 1700 322 1724 ποντες
342 1693 374 1720 οὐ
396 1693 556 1730 βλέπουσιν;
574 1697 612 1728 ὡς
627 1699 712 1732 νεκρὰ
728 1698 783 1734 γὰρ
802 1700 894 1732 αὐτοῖς
915 1702 1006 1728 ἐστιν·

221 1737 294 1765 οὕτω
307 1739 355 1766 καὶ
372 1739 387 1766 ὁ
407 1740 474 1772 Θεὸς
493 1741 542 1768 ἐπὶ
553 1743 616 1774 τοὺς
638 1743 883 1780 ἀποστατήσαντας
899 1746 944 1774 διὰ
959 1748 1007 1775 τοῦ

222 1783 301 1818 λόγου
314 1785 415 1818 αὑτοῦ,
430 1785 479 1812 καὶ
502 1787 556 1813 ἀπὸ
575 1788 626 1820 τῆς
647 1788 768 1824 ἐντολῆς,
785 1790 927 1818 ἑπιϐλέπει
945 1793 1005 1827 μὲν,

222 1829 291 1856 ἀλλὰ
307 1830 480 1865 παρασλέπει
500 1832 600 1864 αὐτοὺς
611 1853 618 1865 ,
633 1834 681 1860 καὶ
699 1834 730 1860 εὑ
747 1836 819 1861 ποιεῖ
832 1836 890 1862 ἐκεῖ
911 1845 1007 1864 κοινω-

222 1874 282 1901 νίαν
292 1895 300 1906 ,
316 1874 378 1901 οὗτε
395 1875 600 1904 ὲπαναπαύεται
618 1879 659 1910 εὶς
679 1879 742 1911 τοὺς
757 1879 904 1916 λογισμοὺς
917 1882 1007 1911 αὐτῶν

222 1919 237 1945 ὁ
256 1921 367 1955 Κύριος.

259 1965 295 1993 Γ¹.
320 1967 491 2001 Ἐρώτησις.
507 1969 573 2002 Πῶς
587 1978 632 2003 τις
650 1970 775 1999 δύναται
794 1969 869 2000 εἶναι
889 1975 1007 2008 πτωχὸς

223 2011 263 2043 τῷ
276 2013 432 2047 πνεύματι,
444 2014 578 2048 μάλιστα
593 2015 644 2042 ὅτε
656 2017 786 2052 αισθηθῇ
799 2018 834 2045 ἐν
844 2018 948 2052 ἐαυτῷ,
962 2020 1007 2048 ὅτι

220 2057 360 2092 μετετέθη
381 2059 431 2086 καὶ
445 2060 596 2096 προέκοψε
605 2063 674 2098 ,εκαὶ
683 2064 727 2096 εις
741 2064 853 2098 γνῶσιν
870 2067 920 2093 καὶ
931 2067 1006 2094 σύν-

222 2108 289 2128 εσιν
300 2100 404 2137 ἦλθεν,
420 2103 459 2137 ἢν
474 2105 507 2131 τὸ
522 2107 666 2141 πρότερον
680 2108 736 2135 οὐκ
750 2106 833 2142 εἶχεν
840 2117 851 2140 ;

263 2148 440 2183 Ἀπόκρισις.
456 2150 528 2182 Ἕως
544 2149 575 2179 οῦ
588 2152 675 2180 ταῦτά
689 2161 732 2184 τις
745 2154 861 2186 κτᾶται,
879 2155 926 2181 καὶ
940 2163 1006 2190 προ-

222 2193 334 2226 κόπτει,
354 2194 404 2221 οὐκ
422 2194 480 2221 ἐστι
498 2197 607 2231 πτωχδς
626 2197 664 2232 τῷ
683 2198 830 2232 πνεύματι,
846 2199 904 2225 ἀλλ’
919 2199 1005 2226 οἴεται

221 2239 284 2273 περὶ
298 2239 396 2266 ἑαυτοῦ
407 2248 413 2254 ·
434 2240 498 2267 ὅταν
512 2241 542 2268 δὲ
554 2241 617 2277 non
642 2243 681 2274 εἰς
693 2243 796 2279 ταύτην
813 2245 864 2279 τὴν
897 2245 1004 2272 σύνεσιν

220 2283 267 2310 καὶ
296 2284 345 2319 τὴν
370 2285 530 2320 προκοπὴν,
556 2285 626 2321 αὕτη
651 2287 763 2322 ὴχάρις
784 2287 904 2315 διδάσκει
922 2289 1004 2316 αὐτὸν

219 2325 290 2355 εἶναι
306 2329 412 2364 πτωχὸν
425 2329 463 2365 τῷ
474 2329 619 2365 πνεύματι,
633 2332 679 2358 τὸν
691 2332 755 2359 ὅντα
764 2333 825 2359 τινὰ
838 2333 942 2361 δίκαιον
957 2335 1003 2361 καὶ

219 2373 347 2401 ἐκλεκτὸν
369 2374 454 2407 θεοῦ,
472 2375 509 2411 μὴ
530 2376 655 2410 ἡγεῖσθαὶ
678 2386 704 2403 τι
722 2377 818 2404 ἑαυτὸν
841 2376 928 2412 εἶναι,
943 2379 1003 2406 ἀλλ’

219 2419 290 2454 ἒχειν
304 2419 353 2455 τὴν
373 2419 460 2455 ψυχὴν
475 2420 558 2448 αὐτοῦ
574 2421 670 2457 ἄτιμον
689 2423 736 2449 καὶ
765 2422 1000 2459 ὲξουδενουμένην,

217 2465 255 2494 ὼς
269 2465 354 2500 μηδὲν
368 2465 456 2492 εἰδότα
472 2465 488 2501 ἦ
506 2466 613 2502 ἔχοντα,
628 2467 717 2494 καίτοι
730 2468 818 2494 εἰδότα
834 2468 880 2495 καὶ
894 2469 999 2504 ἔχοντα.

217 2510 302 2538 Τοῦτο
321 2511 349 2537 δὲ
361 2511 399 2543 ὡς
412 2512 525 2546 φυσικὸν
544 2512 592 2539 καὶ
607 2513 714 2548 πηκτὸν.
727 2514 831 2548 γίνεται
845 2514 892 2540 ἐπὶ
905 2515 944 2550 τῷ
961 2515 1002 2542 νοῖ

215 2556 269 2583 τῶν
279 2557 440 2593 ἀνθρώπων.
453 2558 508 2593 Οὐχ
520 2558 585 2593 ὁρᾷς
595 2559 609 2584 ὁ
621 2560 768 2595 προπάτωρ
778 2560 858 2595 ἡμῶν
876 2561 1013 2597 ⁸Α6ραάμ’

216 2601 253 2629 ὢν
273 2603 410 2636 ἐκλεκτὸς,
426 2603 478 2638 γῆν
492 2604 587 2631 ἑαυτὸν
597 2608 644 2631 καὶ
658 2605 755 2632 σποδὸν
769 2606 911 2641 ὠνόμαζες
927 2608 972 2634 καὶ
986 2609 1001 2635 ὁ

217 2649 307 2680 Δαϐιδ,
318 2649 441 2690 χρισοεὶς
457 2650 497 2681 είς
510 2650 634 2685 βασιλέα,
646 2651 713 2677 Θεὸν
728 2649 785 2686 εἶχε
804 2652 863 2687 μεθ’
882 2653 978 2680 ἑαυτοῦ
991 2661 999 2669 ·

217 2695 262 2721 καὶ
274 2695 299 2721 τί
310 2695 383 2729 λέγει
394 2695 536 2730 ;Σκώ.1ηξ
548 2696 606 2731 εἰμὶ
621 2696 670 2724 καὶ
681 2698 736 2724 οὐκ
751 2698 914 2732 ἅνθρωπος,
930 2699 1002 2726 drat-

217 2739 266 2771 δος
281 2741 453 2775 ἀνθρώπων,
473 2742 522 2770 καὶ
534 2742 722 2778 ἐξουδένωμα
737 2743 830 2771 λαῶν.

252 2786 287 2812 Δ’.
304 2787 336 2812 Oi.
349 2785 397 2814 οῦν
414 2787 535 2821 θέλοντες
550 2789 653 2816 τούτων
669 2787 737 2816 εἶναι
762 2789 978 2824 συγκληρονόμοι
989 2810 999 2824 ,

255 2861 275 2876 ¹¹¹
286 2862 352 2890 Gen.
370 2872 442 2898 mu,
457 2866 503 2893 27.
543 2866 581 2893 "l
598 2867 671 2894 Sam.
689 2875 743 2900 xw,
760 2867 791 2894 l3

1059 1601 1114 1628 sint
1126 1601 1277 1628 diversoria
1297 1609 1330 1628 ac
1351 1601 1503 1636 lupanaria,
1530 1605 1557 1628 et
1584 1601 1653 1633 loca,
1680 1602 1725 1629 ubi
1751 1603 1844 1630 omnia

1058 1647 1247 1682 incompositis
1264 1647 1388 1674 moribus
1404 1654 1436 1674 ac
1451 1647 1666 1681 intemperanter
1682 1653 1816 1682 geruntur
1835 1658 1842 1674 :

1057 1697 1152 1728 postea
1167 1692 1190 1719 si
1205 1692 1326 1727 religiosi
1342 1692 1467 1718 homines
1483 1697 1633 1724 transeant.
1655 1701 1746 1720 nonne
1766 1702 1845 1720 exse-

1058 1739 1192 1766 crantur?
1210 1743 1239 1766 et
1255 1738 1380 1766 videntes
1392 1746 1447 1765 non
1458 1738 1554 1765 vident
1571 1747 1577 1765 :
1594 1739 1670 1773 (sunt
1689 1739 1762 1765 enim
1790 1739 1845 1766 illis

1057 1784 1136 1820 quasi
1151 1790 1260 1812 mortua
1274 1785 1300 1818 τ)
1319 1784 1360 1812 sic
1375 1784 1449 1811 Deus
1463 1791 1576 1811 aversos
1591 1792 1606 1811 a
1621 1784 1707 1811 verbo
1719 1792 1752 1811 ac
1771 1793 1845 1812 man-

1058 1831 1121 1858 dato
1137 1838 1187 1858 suo
1213 1830 1326 1866 respicit
1339 1830 1474 1865 (quidem;
1493 1835 1614 1858 attamen
1640 1830 1758 1865 despicit
1783 1838 1841 1862 eoa.

1057 1885 1109 1905 nec
1123 1885 1185 1905 cum
1198 1877 1238 1904 eis
1252 1877 1338 1904 ullum
1356 1877 1553 1904 commercium
1578 1877 1654 1909 colit,
1674 1885 1725 1904 nec
1751 1878 1845 1912 requi-

1057 1923 1127 1950 escit
1140 1923 1167 1949 in
1180 1922 1394 1958 cogitationibus
1410 1922 1520 1949 illorum
1535 1922 1676 1950 Dominus.

1092 1967 1138 1994 ΙΙΙ.
1157 1968 1344 2003 Interrogatio.
1366 1967 1501 2000 Quomodo
1524 1969 1581 2003 quis
1602 1972 1686 2003 potest
1707 1976 1761 1995 esse
1776 1977 1829 2003 pou

1057 2021 1104 2048 per
1116 2014 1222 2048 spiritu,
1236 2014 1350 2040 maxime
1362 2021 1421 2040 cum
1435 2012 1545 2040 Senserit
1565 2014 1636 2049 apud
1647 2021 1684 2046 se,
1701 2022 1729 2041 se
1751 2019 1842 2041 tram-

1057 2058 1142 2085 latum
1155 2067 1209 2086 esse
1221 2067 1251 2086 ac
1264 2059 1413 2094 profecisse,
1428 2063 1452 2085 et
1466 2059 1641 2094 cognitionem
1667 2064 1746 2095 atque
1761 2060 1842 2087 intel-

1057 2102 1194 2138 ligentiam
1216 2107 1382 2131 consecutum
1401 2112 1467 2137 esse,
1482 2113 1535 2140 qua
1550 2110 1628 2132 antea
1642 2105 1772 2132 carebat?

1092 2147 1380 2183 Responsia.Quandiu
1395 2149 1454 2177 hate
1467 2150 1529 2184 quis
1543 2150 1664 2184 possidet
1678 2154 1706 2178 et
1721 2150 1841 2185 prolicit.

1057 2200 1112 2220 non
1126 2198 1169 2220 est
1184 2201 1288 2228 pauper
1299 2194 1409 2229 spiritu,
1423 2195 1471 2223 sed
1482 2195 1516 2223 de
1528 2203 1557 2223 se
1573 2195 1632 2230 ipso
1641 2196 1680 2224 sic
1695 2198 1840 2231 opinatur:

1058 2240 1168 2275 quando
1187 2248 1252 2268 vero
1267 2242 1424 2280 pervenerit
1441 2242 1475 2269 ad
1489 2243 1572 2270 talem
1589 2243 1799 2279 intelligentiam
1812 2248 1841 2272 et

1057 2285 1222 2320 profectum,
1237 2286 1295 2321 ipsa
1308 2287 1394 2322 gratia
1406 2287 1487 2314 docet
1502 2295 1577 2321 eum,
1592 2288 1639 2323 qui
1654 2297 1683 2316 re
1697 2297 1760 2316 vera
1777 2289 1839 2323 qui-

1056 2331 1120 2358 dem
1133 2331 1224 2366 justus
1238 2335 1266 2359 et
1280 2332 1385 2359 electus
1400 2333 1450 2360 Dei
1465 2337 1519 2365 est,
1535 2341 1569 2361 ne
1581 2338 1662 2368 putet
1677 2341 1707 2361 se
1735 2334 1839 2368 aliquid

1055 2383 1126 2408 esse,
1140 2376 1188 2404 sed
1204 2376 1296 2404 animo
1317 2377 1367 2404 vili
1391 2383 1419 2404 et
1443 2378 1551 2413 abiecto
1564 2386 1594 2405 se
1608 2382 1694 2413 gerat,
1711 2382 1838 2413 tanquam

1055 2423 1124 2450 nihil
1138 2423 1229 2450 sciens
1242 2427 1290 2450 aut
1303 2423 1419 2456 habens,
1433 2424 1560 2458 quamvis
1580 2424 1650 2451 sciat
1673 2428 1702 2451 et
1727 2424 1836 2452 habent.

1056 2468 1114 2495 Hoc
1130 2475 1196 2495 vero
1215 2472 1343 2502 tanquam
1357 2469 1481 2496 naturale
1502 2474 1530 2497 et
1553 2469 1665 2496 iullxum
1692 2469 1719 2496 in
1747 2475 1838 2498 mente

1055 2513 1199 2541 hominum
1223 2519 1274 2542 est.
1289 2514 1387 2542 Nonne
1406 2515 1493 2547 vides,
1511 2515 1632 2550 primum
1659 2519 1766 2550 patrem
1787 2523 1838 2543 no-

1054 2564 1141 2587 strum
1169 2559 1306 2586 Abraham
1324 2561 1355 2591 ‘3,
1380 2567 1441 2587 cum
1463 2564 1536 2587 esset
1553 2560 1668 2592 electus,
1685 2565 1785 2587 terram
1809 2566 1837 2588 ct

1053 2605 1175 2633 cinerem
1189 2613 1219 2632 se
1236 2605 1324 2640 ipsum
1339 2605 1517 2633 nominasse?
1540 2606 1575 2633 Et
1593 2605 1677 2632 David
1693 2610 1792 2633 unctus
1809 2606 1835 2633 in

1054 2660 1155 2687 regem,
1171 2652 1256 2679 Deum
1284 2652 1402 2679 habebat
1418 2659 1511 2679 secum
1523 2652 1554 2684 η,
1571 2656 1599 2680 et
1612 2660 1678 2680 sane
1692 2653 1758 2687 quid
1776 2654 1814 2680 ait
1825 2655 1836 2680 ’ἐ

1054 2697 1151 2725 Vermis
1164 2706 1232 2730 sum,
1249 2702 1273 2726 et
1292 2707 1345 2725 non
1363 2699 1450 2732 homo,
1465 2699 1634 2734 opprobrium
1647 2699 1792 2732 hominum,
1811 2704 1835 2726 et

1052 2745 1161 2780 abjcctio
1173 2745 1252 2780 plebis
1264 2745 1298 2772 ”.

1087 2790 1130 2818 ιν.
1150 2791 1202 2824 Qui
1221 2791 1318 2819 volunt
1333 2790 1417 2826 igitur
1431 2795 1492 2818 eoae
1511 2790 1610 2818 horum
1623 2790 1792 2823 colizercdes,
1806 2795 1834 2817 et

841 2868 862 2882 "
879 2867 949 2895 l’sal.
964 2876 1027 2899 xin,
1039 2868 1065 2894 7.
