2078 3151
234 164 287 196 559

851 167 881 197 S.
899 167 1060 198 MACARII
1081 167 1243 198 EGYPTII

1808 167 1864 199 560

235 223 310 250 cives
327 223 448 251 civitatis
462 223 594 256 ctetestis,
613 227 642 252 et
665 231 729 252 cum
745 224 787 252 eis
798 223 959 260 gloriﬁcari,
974 223 1023 251 de—

1079 224 1119 251 ιιαὶ
1133 223 1298 259 συμπολῐται
1308 223 1357 258 τῆς
1370 206 1474 255 meo);
1488 222 1538 258 τῆς
1552 222 1726 258 ἐπουρανίου,
1741 224 1789 250 καὶ
1802 232 1864 251 συν.

235 270 303 297 bent
318 269 369 297 hac
383 269 540 297 humilitate
555 270 640 298 animi
653 278 714 298 esse
728 271 831 303 ornati,
851 275 880 298 et
891 277 949 298 non
963 269 1024 298 exi-

236 315 349 345 stimare
374 314 477 349 aliquid
490 314 516 342 in
533 322 563 342 se
573 322 645 348 esse,
659 315 708 343 sed
721 322 770 343 cor
780 315 930 343 contritum
945 315 1026 342 habe-

237 370 277 388 re.
292 361 422 394 Quamvis
433 361 507 388 enim
523 361 611 396 gratia
628 360 655 388 iu
669 361 786 397 singulis
797 361 965 389 Christianis
979 361 1024 388 di-

237 406 394 434 versimode
418 411 559 441 operetur,
574 411 602 434 et
624 407 734 434 diversa
760 407 883 434 membra
910 407 1023 440 habeat,

237 460 333 480 omnes
360 457 451 480 tamen
479 457 544 480 sunt
571 453 696 488 ejusdem
722 453 861 485 civitatis,
885 453 970 480 animi
997 456 1026 480 et

238 497 349 533 lingum,
368 505 398 525 se
413 502 509 525 mutuo
525 502 734 533 cognoscentes.
750 498 828 525 Sicut
854 497 882 524 in
909 504 1026 532 corpore

238 544 362 572 membra
378 548 442 572 sunt
457 544 554 577 multa,
570 552 624 572 una
640 549 732 572 autem
745 545 773 571 in
789 544 919 572 omnibus
932 543 1026 571 anima

238 590 290 618 ista
305 598 420 618 movens
436 599 443 618 :
463 591 500 618 ita
519 590 641 626 Spiritus
657 598 730 619 unus
743 594 874 626 operatur
889 589 917 617 in
937 589 1028 617 omni-

238 635 292 663 bus
317 635 514 668 diversimode,
534 635 657 671 ejusdem
691 640 784 663 tamen
810 639 873 663 sunt
895 634 1024 667 civitatis,

238 681 363 716 ejusdem
379 680 518 708 vimJusti
531 681 605 708 enim
617 689 714 709 omnes
725 684 868 717 angustam
883 685 912 708 et
922 685 1026 708 arctam

239 726 312 753 viam
347 726 548 759 ambularunt,
583 727 753 754 sustinentes
792 726 1026 762 persecutionem,

239 771 415 806 aﬂlictionem,
439 776 464 798 et
484 771 668 804 contumelias,
691 781 722 798 ac
736 772 848 799 viventes
862 772 891 798 in
915 771 1026 806 pellibus

239 817 364 851 caprinis,
382 817 410 844 in
422 817 552 852 speluncis
565 822 590 844 et
606 818 725 845 cavernis
754 823 832 845 terra
844 817 877 844 ¹¹.
894 817 1027 844 Similiter

238 867 267 890 et
281 863 396 898 apostoli
410 863 444 890 ad
456 863 526 891 hanc
544 871 631 898 usque
647 863 743 892 horam
757 863 854 891 dicunt
870 871 877 890 :
891 863 927 890 Et
943 863 1028 891 esuri-

1074 270 1236 306 δοξασθῆναι
1257 269 1364 302 αὐτοῖς,
1387 268 1489 305 ταύτην
1511 267 1650 303 ὀφείλουσι
1671 268 1722 304 τὴν
1736 277 1863 296 ταπεινο-

1077 315 1214 351 φροσύνην
1228 313 1310 350 ἔχειν,
1327 314 1374 341 καὶ
1396 313 1433 350 μὴ
1449 313 1554 340 οἴεσθαι
1573 313 1602 340 ἐν
1617 313 1725 345 ἑαυτοῖς
1742 310 1812 340 εἷναί
1825 323 1863 346 τι,

1076 362 1134 389 ἀλλ’
1149 361 1222 396 ἔχειν
1242 360 1477 396 συντετριμμένην
1491 359 1541 395 τὴν
1556 359 1681 395 καρδίαν.
1697 359 1729 385 Et
1747 359 1802 394 γὰρ
1817 361 1865 386 καὶ

1075 406 1212 442 διαφόρως
1239 407 1280 438 είς
1300 405 1415 433 ἕκαστον
1440 405 1495 432 τῶν
1520 404 1693 440 Χριστιανῶν
1717 405 1823 440 ἐνεργεῖ
1846 407 1864 440 ἡ

1077 452 1157 488 χάρις
1178 452 1225 479 καὶ
1240 451 1357 487 διάφορα
1378 451 1434 486 ἔχει
1456 451 1541 486 μέληι
1573 451 1649 485 ὅμως
1667 451 1696 478 δὲ
1723 452 1788 486 μιᾶς
1812 452 1865 479 εἱσι

1078 497 1183 530 πόλεως
1201 497 1226 524 oi.
1244 497 1355 530 πάντες,
1372 496 1516 532 suamet,
1532 496 1712 531 ὀμόγλωττοι,
1738 496 1867 531 ἐπιγινὼ-

1078 552 1189 575 nam;
1204 543 1345 579 ἀλλήλους.
1361 543 1465 579 Ὠσπερ
1487 543 1555 579 μέλη
1575 542 1662 570 πολλά
1677 544 1751 570 ἐστιν
1767 544 1796 569 ὲν
1811 543 1866 570 σὼ-

1079 597 1154 625 ματι,
1171 589 1220 625 μία
1232 589 1261 616 δὲ
1271 589 1346 625 ψυχὴ
1360 590 1389 616 ὲν
1402 590 1485 616 πᾶσιν
1501 589 1518 625 ἡ
1530 589 1644 617 κινοῦσα
1659 590 1746 616 ταῦτα
1755 598 1763 606 ·
1779 588 1866 621 οὕτως

1077 636 1107 662 ἓν
1133 635 1241 671 πνεῦμα
1261 636 1369 671 ἐνεργεῖ
1383 635 1413 661 ἐν
1431 635 1499 662 πᾶσι
1521 634 1670 670 διαφόρως,
1690 635 1755 670 μιᾶς
1769 634 1798 660 δέ
1812 635 1865 660 εισι

1078 681 1192 713 πόλεως,
1214 682 1279 716 μιᾶς
1295 681 1357 708 ὀδοῦ
1369 689 1376 696 ·
1393 681 1495 712 πάντες
1509 680 1564 716 γὰρ
1579 681 1605 707 ot
1621 680 1722 707 δίκαιοι
1741 680 1791 714 τὴν
1806 688 1866 706 στε-

1077 727 1127 763 νὴν
1150 727 1198 754 καὶ
1218 726 1403 762 τεθλιμμένην
1426 726 1485 753 ὁδὸν
1508 725 1667 758 διώδευσαν,
1693 725 1864 760 διωκόμενοι,

1077 773 1316 808 κακουχούμενοι
1327 793 1335 805 ,
1362 772 1571 806 ὀνειδιζόμενοι
1582 792 1590 804 ,
1610 772 1645 799 ἐν
1661 771 1781 806 αἰγείοις
1799 770 1866 806 δέρ-

1075 827 1151 855 μασι
1174 819 1295 852 ζῶντες,
1321 819 1355 846 ἐν
1377 818 1553 852 σπηλαίοις,
1572 818 1607 845 ἐν
1622 817 1686 851 ταῖς
1703 817 1793 850 ὀπαῖς
1810 817 1866 851 τῆς

1078 866 1144 902 γῆς.
1166 865 1283 900 Ὁμοίως
1297 865 1345 891 καὶ
1360 865 1386 891 οἱ
1403 864 1558 896 ἀπόστολοι,
1573 864 1626 896 ἕως
1638 863 1688 898 τῆς
1708 863 1771 900 ἄρτι
1792 863 1866 899 ὥρας

239 917 297 936 mus
309 909 555 944 etsitimumtgmdt
567 913 698 942 sumus,et
708 909 872 936 contumeliis
886 909 1024 944 alﬁcimur,

1079 899 1156 948 caci,
1173 899 1226 940 Kal
1251 911 1410 946 πεινῶμεν,
1435 911 1485 939 καὶ
1508 911 1654 946 διψῶμεν,
1679 911 1728 938 καὶ
1753 919 1865 946 rvm-

238 958 264 981 et
275 954 410 982 instabiles
422 955 479 982 sine
489 955 550 981 aede
559 955 679 982 vivimus.
690 954 815 988 Quorum
824 954 949 982 nonnulli
961 959 1026 982 sunt

238 1000 338 1034 capitis
363 1000 499 1035 supplicio
522 1000 626 1032 aﬂ’ccti,
643 999 754 1035 quidam
771 1007 837 1027 vero
849 1000 925 1027 cruci
941 999 1026 1033 aiIixi,

239 1045 292 1081 45
311 1045 357 1073 alii
374 1054 439 1074 vero
465 1045 549 1073 variis
583 1045 673 1073 modis
697 1045 802 1073 alllicti.
825 1045 941 1080 Insuper
968 1045 1027 1080 ipse

240 1092 375 1120 Dominus
405 1092 604 1127 prophetarum
629 1096 659 1119 et
684 1091 890 1126 apostolorum,
923 1091 1028 1119 oblitus

238 1138 318 1173 quasi
329 1137 430 1165 divinae
441 1138 545 1173 gloriae,
557 1137 696 1173 quomodo
711 1141 891 1165 conversatus
906 1136 966 1164 est?
982 1136 1028 1164 ille

239 1183 321 1212 nobis
340 1184 369 1211 in
381 1183 539 1218 exemplum
556 1183 646 1211 factus
654 1183 690 1216 “,
707 1190 815 1210 summa
837 1190 901 1210 cum
927 1186 1026 1210 contu-

239 1229 321 1257 melia
342 1236 474 1256 coronam
502 1228 626 1263 spineam
651 1228 679 1256 in
691 1228 781 1264 capite
793 1227 920 1263 gestavit,
935 1231 1026 1263 sputa,

239 1275 371 1309 colaphos
383 1278 412 1302 et
425 1281 536 1302 crucem
555 1274 698 1302 sustinuit.

273 1321 305 1348 V.
327 1321 356 1348 Si
370 1321 444 1348 Deus
463 1321 491 1348 in
515 1321 598 1349 terris
611 1321 651 1349 sic
662 1326 790 1349 versatus
806 1326 857 1354 est,
873 1325 950 1348 tuum
963 1320 1027 1353 erit,

240 1370 272 1394 ut
285 1373 350 1394 eum
372 1366 490 1394 imiteris
504 1374 511 1394 :
525 1371 554 1394 et
575 1366 598 1394 si
624 1366 740 1402 apostoli
768 1374 801 1394 ac
824 1367 966 1401 propheta:
988 1367 1029 1394 sic

240 1411 397 1440 conversati
418 1415 504 1445 sunt,
525 1419 576 1439 nos
595 1419 726 1447 quoque,
752 1412 775 1439 si
802 1411 885 1439 modo
911 1412 1029 1439 velimus

240 1456 423 1484 fundamento
438 1456 547 1484 Domini
561 1460 590 1484 et
598 1456 787 1491 apostolorum
798 1456 1027 1491 superaediﬁcari,

241 1510 290 1530 eos
305 1502 406 1530 imitari
425 1501 570 1529 debemus.
596 1501 688 1537 inquit
712 1502 787 1530 enim
811 1502 960 1537 Apostolus
979 1510 1029 1537 per

241 1548 377 1583 Spiritum
391 1552 516 1576 sanctum
536 1547 713 1575 :Imitatorea
738 1552 818 1575 estote
840 1548 902 1581 mei,
917 1548 984 1576 sicut
1004 1552 1028 1575 et

242 1602 290 1630 ego
309 1593 451 1622 Christi".
465 1593 543 1626 Quod
565 1593 588 1621 si
611 1593 726 1628 gloriam
748 1593 892 1621 hominum
911 1593 1027 1629 expetis,

242 1643 270 1668 et
286 1639 398 1667 adorari
417 1639 506 1667 colive
521 1638 673 1672 desideras.
699 1644 781 1674 atque
805 1639 890 1667 vitam
907 1639 1032 1675 volupta-

243 1687 313 1714 riam
329 1686 441 1721 qumris,
455 1685 490 1713 de
511 1686 556 1714 via
579 1685 735 1714 declinasti.
760 1685 878 1720 Oportet
899 1685 974 1713 enim
1002 1689 1031 1714 te

245 1733 328 1760 simul
341 1732 466 1767 cruciﬁgi
479 1739 542 1760 cum
553 1731 686 1760 crueilixo
697 1731 730 1764 “,
743 1731 826 1760 simul
848 1732 905 1767 pati
920 1739 983 1760 cum
997 1738 1032 1759 eo

243 1778 291 1813 qui
305 1785 402 1812 passus
422 1782 478 1810 est,
503 1782 535 1805 ut
550 1778 588 1805 ita
602 1777 682 1806 simul
699 1777 862 1813 gloriﬁceris
885 1785 948 1805 cum
971 1777 1032 1813 glo-

245 1824 362 1852 riﬁcato.
387 1823 505 1852 Necesse
530 1823 606 1853 enim
637 1828 701 1856 est,
726 1831 854 1858 sponsam
883 1823 939 1858 pati
969 1830 1032 1851 cum

244 1876 359 1905 sponso,
374 1877 407 1898 ac
423 1870 464 1897 sic
481 1870 583 1898 sociam
598 1877 630 1898 ac
643 1869 814 1897 coheredem
830 1869 933 1897 Christi
960 1867 1032 1897 ﬁeri.

244 1916 305 1944 Non
330 1916 405 1944 enim
429 1916 603 1949 conceditur,
627 1916 681 1944 nisi
707 1923 756 1951 per
782 1915 958 1947 atllictiones,
984 1922 1034 1950 per

243 1968 383 1997 asperam,
404 1966 558 1997 angustam,
573 1966 734 1997 arctamque
748 1961 820 1989 viam
843 1961 949 1996 ingredi
963 1960 1033 1988 civi-

244 2011 329 2035 tatem
347 2012 517 2040 sanctorum,
534 2011 562 2035 et
582 2008 758 2044 requiescere
783 2015 815 2036 ac
839 2014 955 2043 regnare
969 2014 1033 2035 cum

247 2062 310 2090 rege
324 2054 353 2082 in
367 2054 475 2082 inﬁnita
488 2054 596 2082 saecula.

278 2144 325 2172 Vl.
343 2143 528 2179 Interrogatio.
543 2143 675 2176 Quoniam
694 2145 830 2180 propriam
851 2152 882 2171 ac
904 2143 1034 2171 caelestem

244 2190 388 2224 imaginem
397 2190 508 2225 perdidit
520 2189 617 2221 Adam,
635 2189 726 2224 igitur,
737 2189 759 2216 si
770 2189 901 2224 particeps
916 2188 966 2224 fuit
981 2196 1033 2215 cae-

245 2235 318 2263 testis
331 2235 466 2271 imaginis,
483 2235 574 2263 habuit
588 2234 716 2271 Spiritum
725 2239 846 2262 sanctum
857 2235 870 2262 ?

279 2330 434 2366 Responsio.
454 2328 582 2363 Quandiu
597 2327 719 2356 Verbum
735 2327 784 2355 Dei
799 2332 859 2355 erat
886 2334 949 2355 cum
974 2327 1032 2360 illo,

245 2375 367 2404 habebat
378 2375 481 2403 omnia.
495 2374 587 2409 Ipsum
607 2373 682 2400 enim
696 2372 816 2400 Verbum
830 2377 891 2399 erat
908 2372 934 2400 ei
947 2372 1034 2400 haere-

245 2422 328 2453 ditas,
341 2426 402 2448 erat
416 2419 618 2457 indumentum,
640 2422 669 2446 et
689 2417 776 2453 gloria
801 2424 865 2445 eum
893 2418 1034 2453 operiens,

246 2468 338 2502 ipsum
355 2471 415 2493 erat
440 2465 578 2493 doctrina.
601 2464 668 2491 Data
684 2463 759 2491 enim
775 2464 802 2492 ei
821 2468 883 2492 erat
912 2469 1036 2500 potestas

246 2511 409 2539 nominandi
425 2510 517 2538 omnia
530 2521 536 2538 :
549 2510 601 2537 hoc
613 2509 774 2537 nominabat
783 2509 896 2543 omium,
908 2509 977 2538 illud
991 2517 1036 2537 so-

247 2558 322 2589 lem;
340 2557 394 2584 hoc
407 2557 511 2587 lunam,
524 2555 592 2582 illud
601 2559 718 2588 terram;
737 2555 950 2589 hocvoluerem,
967 2556 1035 2584 illud

247 2602 379 2635 belluam,
396 2601 464 2629 illud
477 2601 619 2635 arborem;
634 2605 666 2629 ut
680 2601 859 2636 edocebatur,
873 2602 911 2630 ita
923 2609 1036 2638 quoque

247 2648 360 2678 nomina
382 2647 530 2676 indiderat.

284 2696 340 2724 Vll.
358 2696 547 2732 Interrogatio.
571 2697 725 2724 Habebatne
737 2705 856 2731 seruum,
878 2702 903 2725 et
926 2696 1036 2732 partici-

246 2742 385 2776 pationem
396 2741 510 2777 Spiritus
522 2743 608 2770 sancti
618 2743 630 2769 .7

286 2788 438 2824 Responsio.
459 2789 580 2818 Verbum
605 2790 694 2826 ipsum
714 2790 741 2819 ei
757 2790 917 2823 adhaerens,
933 2794 993 2817 erat
1007 2789 1033 2817 ei

287 2881 308 2898 "
321 2879 404 2909 Hebr.
415 2880 505 2914 x1,37,
521 2880 566 2908 58.
604 2880 732 2908 “Matth.
746 2880 871 2915 xxvu,28
882 2880 926 2907 29.
966 2879 1004 2907 ³³1
1020 2879 1082 2907 Cor.
1100 2887 1134 2913 Iv,
1150 2880 1198 2913 ii;
1219 2888 1254 2912 \l,
1274 2880 1297 2910 l.

1075 958 1211 991 τεύομεν,
1232 956 1282 984 καί
1297 955 1508 990 ὀνειδιζόμεθα,
1524 956 1574 983 καί
1598 955 1800 990 ἀστατοῦμεν.
1815 954 1868 986 ἀν

1076 1002 1102 1029 οἱ
1128 1002 1179 1037 μὲν
1204 1000 1482 1036 ἁπεκεφαλίσθησαν,
1507 1001 1532 1027 0'.
1559 1000 1588 1027 δὲ
1616 999 1884 1036 ιστραυρώθησανπ

1076 1047 1150 1076 ἄλλοι
1166 1047 1195 1074 δὲ
1216 1047 1354 1082 διαφόρως
1374 1046 1536 1082 ὲθλίϐησαν·
1553 1046 1634 1078 αὐτὸς
1654 1047 1682 1073 δὲ
1697 1047 1711 1073 ό
1727 1046 1868 1082 Δεσπότης

1077 1093 1225 1130 προφητῶν
1241 1102 1271 1120 τε
1293 1092 1342 1120 καὶ
1366 1092 1541 1125 ἀποστόλων,
1561 1093 1656 1128 ὥσπερ
1672 1092 1868 1128 ἐπιλαθόμενος

1077 1140 1126 1175 τῆς
1140 1139 1232 1173 θεῖκῆς
1244 1138 1334 1173 δόξης,
1348 1138 1408 1170 πῶς
1421 1137 1549 1166 διώδευσε
1561 1146 1569 1171 ;
1585 1138 1669 1169 τύπος
1688 1139 1756 1174 ἡμῖν
1775 1138 1868 1172 γιγνό-

1079 1192 1169 1220 μενος,
1184 1183 1227 1210 διὰ
1241 1182 1346 1218 ὓὸρεων
1360 1183 1492 1217 στέφανον
1503 1183 1649 1210 ἀκάνθινον
1662 1183 1708 1210 ἐπὶ
1721 1183 1771 1218 τῆς
1784 1191 1869 1217 χες-ια-

1077 1229 1127 1265 λῆς
1156 1229 1305 1264 ἐφόρεσεν,
1333 1228 1520 1265 ὲμπτύσματα
1545 1229 1666 1265 ὑπέστη,
1689 1229 1868 1264 ῥαπίσματα,

1080 1275 1208 1311 σταυρόν.

1114 1320 1152 1349 ε’.
1169 1322 1201 1348 Εἰ
1215 1322 1229 1348 ὁ
1244 1322 1311 1353 Θεὸς
1326 1321 1414 1353 οὕτως
1428 1321 1573 1348 διώδευσεν
1588 1320 1634 1346 ἐπὶ
1651 1320 1702 1354 τῆς
1719 1319 1781 1355 γῆς,
1793 1319 1869 1353 ὀφείο

1079 1367 1136 1398 λεις
1152 1367 1200 1394 καὶ
1224 1367 1257 1395 σὺ
1275 1366 1398 1402 μιμητὴς
1415 1365 1497 1394 αὑτοῦ
1522 1365 1666 1400 γενέσθαι·
1690 1365 1738 1392 καὶ
1757 1365 1780 1391 oi
1800 1365 1869 1391 ἁπό-

1079 1416 1169 1443 στολοι
1183 1416 1231 1443 καὶ
1253 1416 1278 1442 οἱ
1292 1415 1432 1450 προφῆται
1445 1413 1531 1445 οὕτως
1541 1413 1704 1440 διώδευσαν·
1718 1411 1766 1438 καὶ
1777 1411 1869 1446 ἡμεῖς,

1079 1462 1103 1489 εί
1125 1461 1238 1496 θέλομεν
1253 1460 1292 1496 τῷ
1308 1454 1424 1496 θεμελίῳ
1437 1459 1485 1486 τοῦ
1502 1459 1606 1494 Κυρίου
1622 1459 1671 1485 καὶ
1688 1457 1742 1484 τῶν
1756 1457 1871 1484 ἁποπῶ

1078 1507 1132 1533 λων
1165 1505 1428 1540 ὲποικοδημηθῆναι,
1459 1504 1605 1539 ὀφείλομεν
1639 1502 1758 1538 μιμηταὶ
1780 1501 1872 1529 αὐτῶν

1079 1552 1217 1588 γενέσθαι.
1234 1551 1316 1586 Λέγει
1329 1551 1383 1586 γὰρ
1395 1551 1409 1577 ό
1419 1550 1582 1581 ’Ληόστολος
1596 1550 1625 1576 ὲν
1639 1549 1779 1584 Πνεύματι
1790 1547 1869 1582 ἁγίῳ.

1080 1598 1212 1634 Ill/putat
1223 1606 1284 1632 μου
1307 1597 1439 1632 γίνεσθε,
1461 1595 1558 1628 καθὼς
1576 1594 1656 1630 κάγὼ
1676 1593 1816 1629 Χριστοῦ.
1839 1593 1872 1620 Et

1080 1645 1110 1672 δὲ
1140 1643 1252 1679 ἀγαπᾷς
1281 1641 1362 1676 δόξας
1387 1641 1558 1676 ἀνθρώπων,
1585 1641 1633 1668 καὶ
1657 1638 1871 1676 προσκυνεῖσθαι

1082 1690 1169 1722 θέλεις
1178 1710 1186 1722 ,
1211 1689 1258 1717 καὶ
1272 1688 1426 1717 ἀνάπαυσιν
1441 1687 1549 1723 ζητεῖς,
1568 1687 1722 1722 ὲξετράπης
1735 1685 1786 1721 τῆς
1799 1684 1870 1713 ὁδοῦ.

1082 1735 1143 1771 Χρὴ
1157 1735 1212 1771 γάρ
1228 1743 1258 1762 σε
1279 1733 1505 1769 συσταυρωοῆναι
1528 1732 1567 1768 τῷ
1588 1731 1783 1767 σταυρωθέντι,
1803 1739 1872 1766 συμ·

1082 1781 1179 1809 παθεῖν
1191 1780 1231 1817 τῷ
1244 1779 1367 1813 παθόντι,
1384 1780 1428 1807 ἵνα
1442 1778 1529 1811 οὕτως
1548 1777 1731 1813 συνδοξασθῇς
1743 1777 1781 1813 τῷ
1793 1776 1872 1809 δοξα-

1084 1828 1185 1856 σθέντι.
1213 1827 1333 1862 ’Δνάγκη
1361 1825 1416 1861 γὰρ
1446 1825 1497 1861 τὴν
1522 1825 1633 1860 νύμφην
1659 1823 1812 1859 συμπαθεῖν
1834 1823 1874 1858 τῷ

1083 1873 1203 1910 νυμφίῳ,
1220 1873 1268 1901 καὶ
1286 1873 1358 1900 οὕτω
1374 1871 1502 1906 γενέσθαι
1515 1870 1644 1898 κοινωνδν
1661 1871 1708 1898 καὶ
1722 1870 1874 1905 συγκληρο-

1083 1921 1167 1955 νόμον
1180 1918 1312 1955 Χριστοῦ.
1330 1918 1387 1945 Οὐκ
1408 1918 1527 1954 ἐγχωρεῖ
1543 1917 1598 1954 γὰρ
1611 1917 1675 1944 ἄνευ
1692 1915 1872 1951 παθημάτων.

1084 1966 1131 1994 καὶ
1147 1966 1198 2000 τῆς
1219 1964 1349 2000 τραχείας
1364 1963 1411 1991 καὶ
1435 1963 1532 1998 στενῆς
1548 1963 1596 1990 καὶ
1610 1962 1794 1998 τεθλιμμένης
1813 1960 1872 1988 ὁδοῦ

1083 2010 1216 2038 εἰσελθεῖν
1231 2018 1294 2036 τινα
1317 2010 1357 2041 είς
1377 2009 1427 2045 τὴν
1450 2008 1528 2036 πόλιν
1543 2009 1598 2036 τῶν
1620 2008 1715 2042 ἁγίων,
1733 2007 1781 2035 καὶ¹
1805 2007 1872 2034 ἀνα.-

1083 2058 1198 2092 παῆναι,
1214 2056 1261 2082 καὶ
1273 2054 1494 2089 ωμὸασιλεῦσαι
1507 2054 1547 2090 τῷ
1559 2054 1663 2090 βασιλεῖ
1675 2055 1715 2086 είς
1729 2053 1793 2085 τοὺς
1806 2053 1874 2080 ἀπι-

1086 2103 1197 2138 ράντους
1215 2101 1326 2132 αἰῶνας.

1120 2149 1166 2181 ς’.
1203 2146 1382 2181 Ἐρώτησις-,τ
1410 2145 1531 2180 Ἐπειδὴ
1563 2145 1608 2173 ὅτι
1636 2145 1686 2172 καί
1712 2144 1771 2179 τὴν
1795 2143 1874 2172 (Mar

1083 2193 1187 2220 εἰκόνα
1211 2190 1261 2219 καὶ
1280 2191 1339 2226 τὴν
1354 2191 1536 2225 ἐπουράνιον
1558 2190 1716 2217 ἀπώλεσεν
1734 2191 1751 2216 ό
1771 2188 1871 2223 Ἀδὰμ,

1049 2242 1070 2269 D
1083 2237 1196 2266 οὐκοῦν
1218 2238 1245 2265 ει
1260 2236 1443 2272 ἐκοινώνησε
1459 2236 1496 2271 τῇ
1512 2236 1607 2263 εικόνι
1629 2235 1667 2270 τῇ
1683 2235 1853 2269 ἐπουρανίῳ
1865 2254 1873 2267 ,

1083 2283 1145 2320 εἶχε
1159 2284 1282 2316 Πνεῦμα
1295 2283 1381 2319 ἅγιον
1388 2291 1399 2316 ;

1126 2331 1309 2366 Ἀπόκρισις.
1325 2329 1399 2361 Ἕως
1423 2329 1468 2355 ὅτε
1492 2329 1506 2355 ὁ
1529 2327 1616 2362 Λόγος
1630 2325 1678 2354 τοῦ
1697 2326 1766 2354 Θεοῦ
1791 2327 1875 2361 συνῆν

1085 2376 1170 2411 αὐτῷ,
1186 2376 1232 2403 καὶ
1246 2376 1262 2410 ἡ
1281 2374 1386 2409 ἐντολὴ,
1401 2372 1457 2410 εἶχε
1472 2373 1577 2400 πάντα⁸
1593 2373 1677 2404 αὐτὸς
1690 2372 1746 2408 γὰρ
1763 2372 1777 2398 ό
1789 2372 1874 2405 Λόγος

1084 2419 1119 2458 ἧν
1137 2421 1213 2456 αὐτῷ
1232 2420 1416 2457 κληρονομία,
1431 2419 1513 2452 αὐτος
1536 2419 1641 2455 ἔνδυμα
1656 2419 1704 2447 καὶ
1725 2417 1789 2451 δόξα
1809 2417 1873 2444 σκέ-

1089 2478 1178 2496 πουσα
1185 2468 1276 2501 αὐτὸν,
1290 2467 1371 2500 αὐτὸς
1379 2467 1548 2495 διδασκαλία.
1566 2466 1725 2493 ’Υπετίθετο
1735 2465 1790 2500 γὰρ
1799 2463 1875 2498 αὐτῷ

1089 2515 1201 2542 καλέσαι
1223 2515 1322 2547 πάντα,
1348 2514 1427 2541 τοῦτο
1446 2511 1507 2540 εἷπε
1530 2512 1655 2548 οὐρανὸν,
1681 2511 1762 2538 τοῦτο
1786 2510 1874 2546 ἥλιον,

1081 2558 1167 2588 ’τοῦτο
1185 2560 1312 2595 σελήνην,
1327 2559 1407 2586 τοῦτο
1421 2559 1483 2594 γῆν,
1502 2558 1581 2586 τοῦτο
1597 2558 1709 2593 πτηνὸν,
1730 2556 1810 2584 τοῦτο
1824 2556 1874 2590 θη-

1089 2605 1156 2641 ρίον,
1182 2605 1262 2632 τοῦτο
1283 2605 1402 2641 δένδρον,
1422 2604 1514 2637 καθὼς
1530 2603 1697 2636 ὲδιδάσκετο,
1719 2602 1806 2634 οὕτως
1827 2601 1875 2628 καὶ

1086 2651 1189 2685 ἔλεγεν.

1122 2697 1158 2724 Z’.
1186 2696 1356 2731 Ἐρώτησις.
1383 2697 1534 2730 Αἶσθησιν
1556 2693 1619 2730 εἶχε
1643 2695 1692 2722 καί
1716 2693 1875 2721 κοινωνίαν

1087 2742 1140 2770 τοῦ
1157 2743 1329 2778 Πνεύματος
1336 2751 1347 2776 ;

1127 2788 1305 2824 Ἀπόκρισις.
1331 2789 1418 2822 Αὐτὸς
1444 2789 1459 2816 ό
1485 2789 1570 2823 Λόγος
1597 2787 1702 2821 συνὼν,
1732 2787 1820 2815 πάντα
1840 2783 1875 2822 ἦν

1337 2880 1512 2911 “Intumui,
1530 2880 1569 2907 l7.
