2078 3151
198 169 248 209 56.1

803 172 987 203 HOMILUE.
1001 173 1137 206 —HOM.
1158 175 1226 206 ΧΠ.

1761 173 1814 205 562

198 226 284 261 αὐτῷ,
296 225 350 252 εἴτε
363 225 473 261 γνῶσις,
485 226 538 254 εἴτε
556 226 734 263 κληρονομία,
747 227 802 254 εἴτε
812 227 979 255 διδασκαλία.

1031 228 1133 261 omnia,
1146 233 1174 257 et
1184 233 1316 264 cognitio,
1328 233 1356 256 et
1369 235 1476 261 sensus,
1488 232 1517 255 et
1529 226 1720 260 btetedltas,et
1731 227 1814 256 disci-

199 272 254 299 Καὶ
278 271 404 307 Ἰωάννης
426 271 452 298 τι
466 271 540 306 λέγει
557 272 683 307 περὶτοῦ
702 272 807 306 Λόγους
829 273 881 300 Ἐν
901 272 979 307 ἀρχῇ

198 317 238 353 ἦν
251 320 267 346 ὀ
279 319 391 353 Λόγος-ο
404 319 469 354 ὁρᾷς
483 318 524 344 ὅτι
545 319 559 345 ὁ
575 318 661 353 Λόγος
679 319 768 346 πάντα
783 318 826 355 ἧν.
842 319 872 346 Εἰ
890 320 918 345 δὲ
933 320 980 346 καὶ

197 363 296 395 εΞωΘεν
314 363 398 397 συνῆν
424 363 499 398 αὑτῷ
516 363 593 396 δόξα,
615 364 646 391 οὐ
670 364 911 400 σκανδαλιζὼμεθα
934 365 980 391 ἐπὶ

197 408 294 443 τούτῳ,
323 407 438 443 καὶγὰρ
462 408 536 442 λέγει
562 409 602 435 ὃτι
620 410 726 444 γυμνοὶ
751 409 841 444 ἦσαν,
862 411 908 437 καὶ
930 410 980 436 οὒκ

196 454 309 486 ἔϐλεπον
325 454 466 488 ἀλλήλους,
484 454 530 481 καὶ
547 455 616 489 μετὰ
630 455 661 481 τὺ
681 455 838 491 παραϐἧσαι
861 456 910 492 τὴν
936 457 979 483 ὲν-

195 499 290 534 τοὶ-ὴν,
305 499 365 526 τότε
380 498 449 526 εἶδον
463 499 560 532 αὖτοὺς
583 501 717 536 γυμνοὺς,
733 501 779 528 καὶ
795 501 978 537 ᾐσχύνθησαν.

232 589 273 615 ΙΙ¹.
297 587 465 622 Ἐρώτησις.
484 589 601 616 οὐκοῦν
615 589 672 624 πρὸ
686 590 795 617 τούτου
815 587 896 625 ἦσαν
913 590 980 618 ἀντὶ

196 635 386 670 περιϐολαίου
400 635 591 670 ἐνδεδυμένοι
606 636 700 668 δόξαν
714 636 808 668 Θεοῦ;

238 680 417 715 Ἀπόκρισις.
451 681 495 713 Ὠς
522 681 568 708 ἐπὶ
586 682 641 708 τῶν
659 682 806 717 προφητῶν
822 683 932 718 ἐνήργει
951 683 981 710 τὸ

197 726 308 761 Πνεῦμα
323 727 369 753 καὶ
383 727 521 754 ἐδίδασκεν
531 728 641 759 αὐτοὺς,
655 728 704 755 καὶ
717 727 819 755 ἔσωθεν
833 728 922 755 αὐτῶν
935 726 979 764 ἦν,

197 771 245 798 καὶ
270 771 369 803 ἔξωθεν
387 772 477 804 αὐτοῖς
502 773 702 808 παρεφαινετοο
724 773 795 800 οὕτω
816 774 863 800 καὶ
884 775 923 806 εις
935 774 981 800 τὸν

203 816 287 850 Ἀδὰμ
306 817 350 843 ὅτε
374 816 453 852 ἤθελε
468 817 498 844 τὸ
514 817 626 853 Πνεῦμα
642 818 691 845 σὺν
706 817 780 853 αὐτῷ
795 816 840 854 ἦν,
865 819 912 846 καὶ
926 819 981 845 εδι-

1030 272 1115 307 plina.
1131 274 1266 306 Quidnam
1285 273 1358 301 enim
1382 273 1502 301 Joannes
1527 272 1618 307 inquit
1638 272 1673 300 de
1699 271 1813 301 Verbo:

1029 318 1062 346 In
1079 320 1206 355 principio
1232 325 1290 346 erat
1307 319 1417 347 Verbum
1428 319 1461 346 ".
1478 319 1570 352 Vides,
1597 318 1670 353 quod
1692 318 1812 346 Verbum

1029 365 1120 392 omnia
1135 370 1203 392 crat.
1220 365 1299 398 Quod
1319 365 1342 392 si
1357 365 1530 392 extrinsecus
1543 365 1567 392 ei
1582 364 1739 391 adhaerebat
1755 364 1813 398 glo~

1030 409 1081 440 ria.
1109 417 1149 445 ne.
1168 410 1340 437 oli‘endamur
1361 415 1516 446 propterea,
1542 410 1607 445 quia
1630 410 1720 438 dicit:
1738 409 1813 442 Quod

1031 455 1094 482 nudi
1114 455 1212 490 fuerint
1229 455 1269 488 ",
1286 463 1337 482 nec
1364 463 1393 483 se
1416 460 1513 483 mutuo
1539 456 1679 488 videbant,
1703 459 1731 482 at
1752 459 1813 490 post

1031 501 1278 536 transgressionem
1303 501 1435 532 mandati,
1449 506 1514 528 tunc
1534 509 1562 528 se
1588 501 1678 528 nudos
1700 508 1813 536 perspe-

1030 552 1139 580 xerunt,
1152 555 1184 575 ae
1194 547 1297 582 pudore
1310 547 1407 575 suﬂ'usi
1418 551 1492 574 sunt.

1065 593 1133 620 VIII.
1154 593 1340 628 Interrogatio.
1357 592 1427 628 Ergo
1452 595 1532 619 antea
1557 595 1634 618 erant
1660 591 1715 618 loco
1736 591 1812 618 indu-

1030 638 1112 665 menti
1121 638 1207 664 induti
1219 637 1305 673 gloria
1325 638 1373 665 Dei
1385 638 1397 665 ?

1066 683 1218 719 Responsio.
1245 683 1482 717 Quemadmodum
1505 683 1533 710 in
1557 682 1701 717 prophetis
1716 689 1812 717 opera-

1031 730 1113 758 batur
1128 731 1257 766 Spiritus,
1269 736 1297 758 et
1310 731 1427 758 docebat
1442 738 1500 760 eos.
1516 735 1545 757 et
1559 729 1629 756 intra
1644 737 1692 756 eos
1702 733 1771 760 erat,
1785 734 1813 756 et

1030 781 1109 803 extra
1123 784 1172 804 eos
1189 777 1338 811 apparebat
1353 797 1360 808 ,
1375 776 1415 803 sic
1427 783 1536 810 quoque
1552 775 1578 802 in
1591 774 1688 806 Adam,
1704 773 1814 809 quando

1030 822 1140 849 volebat
1154 822 1284 856 Spiritus,
1303 829 1365 850 cum
1378 829 1411 848 eo
1424 825 1492 853 erat,
1508 825 1536 848 et
1550 821 1668 856 docebat
1688 827 1720 847 ac
1744 827 1814 855 pra:-

196 861 279 888 δασκε
294 863 340 888 καὶ
363 862 514 895 ὑπετίθετο,
530 863 629 896 οὕτως
642 863 708 891 εἰπὲ
721 864 770 891 καὶ
789 864 868 898 λέγε.
888 864 979 892 Πάντα

1031 867 1151 902 cipiebat
1163 876 1170 894 :
1184 867 1226 895 Sic
1241 869 1364 900 nomina,
1379 869 1416 895 sic
1429 867 1546 902 appella.
1567 867 1687 894 Verbum
1707 866 1731 893 ei
1754 869 1815 893 erat

196 907 252 942 γὰρ
278 905 312 943 ἦν
337 908 351 934 ὁ
368 908 455 943 Λόγος
474 908 564 944 αὐτῷ,
594 909 643 936 καὶ
669 910 722 942 ἕως
743 910 786 936 ὅτε
813 909 923 944 ὲνέμενε
944 911 977 946 τῇ

1031 914 1132 943 omnia.
1145 918 1174 942 et
1187 913 1257 940 intra
1275 913 1432 941 mandatum
1445 913 1624 945 subsistebat,
1646 916 1740 947 gratus
1754 915 1815 938 erat

197 953 305 989 ἐντολῇ,
332 953 407 987 φίλος
426 952 460 988 ἦν
483 954 561 982 Θεοῦ.
581 955 638 982 Καὶ
663 955 690 982 τί
715 955 888 990 θαυμαστὸν,
911 956 935 982 εἰ
949 956 979 982 ὲν

1030 959 1095 985 Deo.
1108 958 1142 986 Et
1155 966 1221 986 sane
1236 958 1302 993 quid
1317 958 1428 989 mirum,
1441 957 1516 993 quod
1537 958 1590 984 hoc
1615 956 1644 984 in
1667 960 1739 983 statu
1763 956 1814 982 de-

196 999 301 1030 τούτοις
317 999 365 1032 ὢν,
381 999 488 1036 παρέϐη
505 999 554 1036 τὴν
579 1000 704 1036 ὲντολήν;
729 1001 810 1027 ὁπότε
826 1001 873 1029 καὶ
887 1001 912 1028 οἱ
931 1010 979 1028 πε-

1030 1012 1105 1040 gens,
1119 1008 1307 1040 transgressus
1325 1003 1382 1039 46
1401 1003 1438 1030 sit
1458 1003 1627 1033 mandatum,
1647 1008 1711 1028 cum
1734 1005 1762 1028 et
1783 999 1812 1031 ii,

196 1043 367 1079 πληρωμένοι
388 1044 546 1080 Πνεύματος
561 1045 653 1079 ἁγίου,
669 1046 761 1080 ἔχουσι
772 1047 835 1077 τοὺς
847 1047 979 1081 φυσικοὺς

1030 1049 1076 1084 qui
1092 1049 1189 1084 repleti
1205 1052 1270 1076 sunt
1289 1048 1394 1083 Spiritu
1409 1052 1506 1077 sancto
1517 1067 1524 1079 ,
1549 1045 1720 1074 naturalibus
1737 1045 1814 1080 cogi-

195 1089 360 1125 λογισμοὺς,
384 1091 430 1117 καὶ
453 1090 543 1126 ἔχουσι
571 1090 677 1126 Θέλημα
703 1091 750 1118 τοῦ
776 1093 976 1127 συμφωνῆσαι;

1030 1095 1180 1122 lationibus
1197 1094 1324 1129 occupati
1347 1093 1413 1126 sint,
1434 1093 1609 1127 habeantque
1629 1091 1811 1122 voluntatem,

196 1136 289 1166 Οὕτως
304 1137 351 1163 καὶ
371 1137 452 1168 αὐτὸς
472 1136 559 1164 συνὼν
575 1137 615 1171 τῷ
628 1137 687 1172 Θεῷ
705 1138 734 1164 ἐν
750 1137 917 1173 παραδείσῳ,
931 1138 977 1173 ἀφ’

1030 1148 1089 1176 quae
1105 1140 1159 1167 illis
1171 1140 1325 1167 consentiat
1339 1148 1347 1166 :
1365 1140 1404 1166 ita
1423 1145 1534 1173 quoque
1550 1137 1609 1172 ipse
1625 1136 1721 1167 Adam,
1739 1143 1801 1163 cum

196 1181 291 1208 ἑαυτοῦ
315 1182 373 1217 ἰδίῳ
386 1182 518 1218 θελήματι
541 1182 665 1218 παρέϐη,
680 1183 727 1209 καὶ
744 1183 884 1218 ὑπήκουσε
900 1177 977 1218 μέρει

1030 1192 1099 1213 esset
1111 1193 1173 1213 cum
1189 1186 1244 1212 Deo
1259 1185 1286 1212 in
1299 1184 1436 1219 paradiso,
1453 1183 1512 1217 ipse
1533 1190 1583 1210 sua
1609 1185 1706 1217 sponte
1723 1185 1813 1209 trans~

196 1227 306 1264 πονηρῷ
316 1236 323 1243 ·
337 1228 406 1263 πλὴν
422 1228 469 1255 καὶ
482 1228 551 1264 μετὰ.
561 1229 609 1263 τὴν
622 1229 778 1265 παράϐαοιν
791 1228 855 1265 ἔσχε
865 1229 975 1264 γνῶσιν.

1030 1240 1138 1269 gressus
1159 1236 1211 1265 est,
1237 1236 1266 1259 et
1291 1231 1490 1266 obtemperavit
1514 1230 1585 1265 parti
1611 1229 1742 1257 deteriori
1761 1237 1768 1256 :
1785 1232 1814 1256 at

933 1279 937 1282 ⁷
1028 1283 1089 1314 post
1102 1278 1331 1313 trnngressioncm
1346 1276 1441 1304 habuit
1456 1275 1651 1310 cognitionem.

231 1322 269 1349 ϐ’.
293 1322 462 1357 Ἐρώτησις.
483 1323 625 1355 ὀποΙαν;

1064 1324 1111 1351 IX.
1131 1323 1320 1359 Interrogatio.
1340 1322 1474 1355 Qualem?

237 1367 421 1402 Ἀπόκρισις.
446 1369 552 1405 ”Ω;ι’περ
576 1370 641 1396 ὅταν
664 1370 803 1406 συλληφθῇ
820 1371 923 1408 λῃστὴς
937 1373 977 1405 εἰς

1062 1369 1211 1405 Responsio.
1233 1369 1350 1397 Perinde
1374 1376 1406 1395 ac
1433 1367 1457 1395 si
1480 1366 1591 1402 quando
1614 1366 1686 1394 latro
1709 1364 1808 1400 depre-

196 1412 382 1448 δικαστήριον,
405 1414 452 1440 καὶ
468 1414 583 1449 ἄρχεται
605 1411 758 1450 κρίνεσθαι.
776 1416 850 1450 λέγει
867 1417 941 1453 αὑτῷ
964 1419 978 1444 ὁ

1030 1414 1133 1442 hensus
1144 1414 1178 1441 ad
1195 1414 1360 1449 supplicium
1382 1413 1500 1448 rapitur,
1515 1416 1544 1440 et
1555 1412 1679 1439 accusari
1704 1411 1812 1445 incipit.

196 1457 298 1493 ἄρχων,
318 1459 382 1486 Ὅτε
392 1459 502 1492 ἐποίεις
515 1460 552 1487 τὰ
564 1461 651 1492 κακὰ,
665 1461 721 1488 οὐκ
734 1461 826 1496 ᾕδεις,
844 1462 889 1489 ὅτι
902 1464 978 1490 συλ-

1030 1460 1110 1496 iudex
1132 1460 1157 1487 ei
1185 1459 1252 1487 dicit
1269 1468 1276 1487 :
1295 1458 1362 1487 Cum
1380 1458 1555 1485 committeres
1581 1456 1666 1491 mala,
1687 1455 1814 1489 numquid

196 1503 348 1539 ληφθῆναι
365 1505 444 1539 ἔχεις
461 1506 511 1533 καὶ
523 1506 686 1534 ἀποθανεῖν
694 1515 705 1540 ;
721 1507 840 1540 Ἐκεῖνος
851 1509 881 1535 οὐ
891 1510 978 1545 τολμᾷ

1030 1506 1134 1536 sciebas.
1147 1506 1216 1541 quod
1224 1506 1424 1540 comprehensus
1436 1504 1530 1539 capitis
1542 1511 1618 1538 paena
1634 1502 1701 1536 afﬁci
1714 1500 1814 1536 possit?

197 1551 284 1578 εἰπεῖν
298 1551 339 1578 ὅτι
354 1551 411 1578 Οὐκ
427 1552 500 1588 ᾔδειν
514 1560 521 1567 ’
539 1549 593 1579 οἶδε
610 1553 675 1587 γὰρ,
703 1553 750 1580 καὶ
762 1554 976 1590 τιμωρούμενος.

1030 1552 1075 1580 ille
1092 1561 1145 1580 non
1162 1553 1246 1580 audet
1257 1552 1350 1580 dicere
1368 1560 1374 1578 :
1389 1551 1449 1579 Non
1460 1551 1591 1578 sciebam.
1606 1548 1717 1576 Sciebat
1727 1548 1813 1580 enim,

197 1596 285 1624 πάντα
311 1598 487 1633 μνημονεύων
502 1597 712 1633 ὲξομολογεῐται.
738 1599 791 1626 Καὶ
813 1600 828 1626 ὁ
841 1600 978 1634 πορνεύων

196 1644 246 1669 οὐκ
262 1641 332 1670 οἶδεν
345 1644 387 1671 ὅτι
403 1643 496 1672 κακῶς
508 1646 593 1675 ποιεί;
609 1645 656 1671 καὶ
670 1645 684 1671 ὸ
698 1644 832 1677 κλέπτων,
845 1645 895 1672 οὐκ
909 1643 978 1672 οἶδεν

197 1689 237 1715 ὅτι
261 1689 433 1724 ἁμαρτάνεις
450 1689 537 1722 οὕτως
551 1690 598 1717 καὶ
615 1690 678 1717 ἄνευ
694 1690 822 1726 Γραφῶν,
837 1692 861 1717 οι
875 1691 979 1726 ἄνθρω-

198 1743 243 1761 ποι
259 1735 312 1762 ἀπὸ
323 1735 370 1762 τοῦ
383 1736 497 1770 φυσικοῦ
510 1736 652 1771 λογισμοῦ,
667 1736 718 1762 οὐκ
733 1736 836 1763 οῐδασιν
860 1737 901 1764 ὅτι
912 1736 978 1768 Θεός

199 1781 289 1815 tactv;
307 1782 338 1808 οὺ
356 1781 483 1808 δύνανται
500 1782 529 1809 ὲν
539 1783 571 1816 τῇ
586 1782 677 1816 ἡμέρᾳ
695 1781 786 1817 ἐκείνῃ
801 1783 898 1815 εἰπεῖν,
918 1784 978 1810 οὐκ

197 1825 319 1860 ᾔδειμεν
337 1826 381 1853 ὅτι
396 1826 468 1859 Θείς
483 1824 520 1854 εἶ.
541 1826 623 1860 Λέγει
641 1826 696 1861 γὰρ
710 1827 801 1858 αὐτοῖς
819 1827 868 1858 τὰς
887 1835 978 1861 γιγνο-

198 1870 280 1904 μένας
295 1871 328 1896 ex
352 1869 400 1896 τοῦ
418 1870 532 1905 οὐρανοῦ
556 1870 680 1906 βροντὰς,
699 1871 747 1897 καὶ
762 1871 914 1906 ἀστραπὰς,
930 1873 979 1900 οὐκ

196 1916 285 1942 οἴδατε
310 1916 350 1941 δτι
377 1915 435 1941 ἐστὶ
459 1915 526 1947 Θεὸς
549 1916 658 1942 διοικῶν
684 1916 732 1951 τὴν
748 1917 855 1949 κτίσινξ
875 1917 908 1944 Τί
934 1918 980 1945 οὖν

198 1960 313 1995 ἔκραζον
337 1961 363 1987 οἱ
385 1961 509 1995 δαιμονες
524 1969 531 1976 ·
552 1961 593 1988 Σὺ
609 1959 637 1988 εῑ
650 1963 666 1988 ό
683 1962 750 1995 Υἱὸς
770 1962 853 1994 Θεοῦ,
872 1963 902 1989 τί
922 1964 980 1998 πρὸ

197 2005 303 2040 καιροῦ
329 2003 420 2041 ἦλθες
441 2007 611 2039 ﬂuam-[crat
628 2006 707 2043 ἡμᾶς
717 2015 727 2040 ,'
754 2008 809 2036 Καὶ
824 2008 864 2036 ἔτι
882 2009 911 2036 ὲν
925 2011 980 2042 τοῖς

199 2050 359 2087 μαρτυρίοις
388 2051 516 2087 λέγουσι,
537 2054 636 2087 Καῑεις
657 2062 710 2088 με,
735 2054 830 2087 παίεις
849 2063 898 2089 με.
924 2054 981 2082 οὐκ

197 2097 308 2133 ᾔδεισαν
327 2095 374 2124 οὖν
394 2098 424 2125 τὺ
439 2098 518 2131 ξύλον
538 2100 588 2135 τῆς
610 2099 737 2134 γνώσεως
759 2099 807 2126 τοῦ
822 2100 906 2127 καλοῦ
933 2101 981 2128 καὶ

198 2143 293 2174 κακοῦ.
308 2143 326 2179 ἡ
342 2143 498 2178 παράϐασις
511 2145 558 2172 τοῦ
584 2145 670 2180 Ἀδὰμ
685 2144 735 2180 τὴν
754 2145 854 2179 γνῶσιν
867 2145 980 2175 ἔδωκεν.

231 2233 259 2260 ι’.
275 2233 411 2264 Ἕκαστος
418 2233 472 2269 γὰρ
486 2234 600 2269 ἄρχεται
613 2234 763 2269 ἐπερωτᾷν.
773 2233 811 2266 ὡς
822 2234 857 2261 ἐν
869 2235 928 2262 τινι
939 2233 980 2271 ἦν

198 2280 215 2306 ὁ
237 2275 336 2313 Ἀδὰμ,
354 2278 403 2306 καὶ
414 2279 442 2305 τι
455 2279 604 2314 ἐπραξεν;
620 2280 706 2312 Αὐτὸς
730 2281 784 2316 γὰρ
800 2281 814 2307 ό
831 2280 916 2316 Ἀδὰμ
930 2281 979 2317 τὴν

197 2323 296 2358 γνῶσιν
308 2324 417 2358 ἐδέξατο
428 2324 511 2352 καλοῦ
524 2332 554 2352 τε
564 2326 612 2352 καὶ
623 2325 721 2352 κακοῦ.
733 2325 833 2353 Λοιπὸν
844 2325 980 2361 ἀκούομεν

197 2371 230 2397 ἐκ
239 2370 293 2397 τῶν
307 2370 434 2406 Γραφῶν,
450 2372 491 2398 ὅτι
505 2371 534 2398 ὲν
548 2372 614 2406 τιμῇ
644 2372 691 2399 καὶ
705 2371 734 2398 ἐν
747 2371 913 2407 καθαρότητι
926 2369 961 2408 ἦν
970 2380 978 2388 ·

198 2415 245 2442 καὶ
259 2415 388 2451 παραϐὰς
400 2417 449 2451 τὴν
464 2416 574 2452 ἐντολὴν
591 2416 722 2452 ἐξεϐλήθη
737 2416 784 2444 τοῦ
801 2417 978 2452 παραδείσου,

199 2461 246 2487 καὶ
260 2461 383 2497 ὡργῖσθη
404 2462 477 2497 αὐτῷ
495 2463 509 2489 ό
522 2463 597 2494 Θεός.
611 2462 712 2489 Λοιπὸν
730 2463 778 2489 καὶ.
797 2463 832 2489 τὰ
846 2463 916 2490 καλὰ
932 2464 981 2490 αὑ-

199 2506 246 2533 τοῦ
273 2507 422 2542 μανθάνει,
447 2508 496 2534 καὶ
518 2508 552 2534 τὰ
581 2509 654 2534 κακὰ
684 2508 777 2542 μαθὼν
800 2508 981 2544 ἁσφαλίζεται

199 2553 308 2585 ἑαυτὸν,
335 2552 378 2579 ἵνα
397 2553 495 2588 μηκέτι
520 2553 684 2588 ἁμαρτήσας
712 2553 821 2590 ἐμπέσῃ
836 2555 877 2586 εἰς
893 2556 981 2590 κρῖμα

198 2596 323 2624 θανάτου.
341 2597 514 2633 Γινώσκομεν
526 2598 565 2631 δὲ,
579 2598 620 2624 ὅτι
634 2599 709 2625 πᾶσα
719 2599 737 2634 ἡ
752 2599 840 2631 κτίσις
854 2599 901 2626 τοῦ
913 2600 981 2628 Θεοῦ

198 2640 232 2667 δι’
246 2642 328 2669 αὑτοῦ
341 2643 534 2678 οἰκονομεῖται.
546 2643 631 2674 Αὐτὸς
644 2643 699 2678 γὰρ
715 2643 843 2680 ἐποίησεν
855 2646 980 2680 οὐρανὸν,

199 2685 262 2719 γῆν,
278 2686 346 2718 ζῶα,
362 2688 464 2722 ἑρπετὰ
476 2708 483 2720 ,
500 2687 591 2723 θηρία,
606 2687 625 2715 ἆ.
642 2688 786 2723 βλέπομεν,
806 2688 852 2716 τὸν
875 2689 904 2716 δὲ
921 2689 981 2725 ἀρι-

201 2728 267 2763 θμὸν
291 2731 452 2768 ἀγνοοῦμεν.
477 2733 526 2764 Τίς
544 2733 598 2768 γὰρ
623 2732 774 2767 ἀνθρώπων
790 2730 871 2766 οἶδεν,
900 2733 979 2769 εἰμὴ

204 2773 281 2806 μόνον
293 2776 307 2802 ὁ
320 2776 385 2808 Θεὸς
399 2778 413 2805 ό
426 2777 464 2805 ὣν
478 2778 506 2804 ὲν
520 2777 598 2811 πᾶσι,
613 2778 725 2810 καὶτοῖς
739 2777 869 2814 ἐμϐρύοις
881 2778 909 2806 δὲ
923 2779 978 2807 τῶν

1028 1602 1057 1626 et
1071 1598 1206 1634 supplicio
1219 1598 1285 1625 dum
1298 1597 1426 1630 adicitur,
1442 1595 1536 1624 omnia
1550 1595 1579 1623 in
1593 1594 1754 1622 memoriam
1769 1601 1815 1621 re-

1028 1651 1129 1672 vocans
1158 1644 1317 1672 coniitetur.
1342 1643 1411 1670 Item
1434 1642 1480 1677 qui
1505 1646 1633 1676 stuprum
1656 1639 1813 1671 committit,

1028 1697 1120 1716 nonne
1133 1689 1185 1716 scit
1198 1696 1227 1716 se
1243 1689 1314 1715 male
1334 1688 1436 1723 agere?
1452 1691 1481 1715 et
1509 1687 1555 1721 qui
1579 1687 1694 1718 furtum,
1725 1692 1816 1712 nonne

1028 1734 1081 1762 scit
1103 1741 1133 1762 se
1155 1734 1288 1769 peccare?
1304 1733 1350 1761 Sic
1369 1733 1452 1760 etiam
1478 1732 1582 1766 absque
1599 1731 1747 1766 Scripturis
1764 1730 1815 1757 ho-

1029 1779 1117 1807 mines
1126 1779 1243 1807 naturali
1256 1779 1361 1806 ratione
1371 1778 1439 1810 sola,
1450 1785 1542 1805 nonne
1550 1780 1720 1812 cognoscunt
1729 1777 1815 1804 Deum

1028 1826 1108 1853 esse?
1121 1826 1182 1853 Non
1205 1829 1321 1860 possunt
1337 1824 1429 1859 itaque
1447 1824 1475 1851 in
1498 1824 1545 1851 illa
1568 1823 1613 1850 die
1634 1822 1816 1850 dicerezNon

1029 1872 1151 1900 scioimus
1170 1871 1252 1898 Deum
1264 1872 1356 1906 fuisse.
1379 1871 1497 1898 Enarrat
1507 1870 1581 1897 enim
1597 1869 1651 1896 illis
1666 1869 1764 1896 emissa
1780 1868 1815 1895 de

1030 1917 1099 1944 crelo
1116 1917 1236 1944 tonitrua
1253 1920 1281 1944 et
1295 1915 1412 1943 fulmina
1424 1935 1432 1946 ,
1447 1915 1562 1942 nescitis
1576 1921 1637 1941 esse
1654 1915 1750 1946 Deum,
1766 1913 1815 1948 qui

1030 1962 1101 1997 regit
1116 1963 1292 1990 creaturam?
1306 1962 1376 1995 Quid
1394 1961 1478 1996 igitur
1488 1961 1643 1988 clamabant
1656 1960 1794 1987 daemones
1807 1967 1814 1985 :

1030 2009 1068 2036 Tu
1084 2017 1110 2035 es
1125 2008 1208 2036 Filius
1224 2009 1290 2035 Dei:
1308 2016 1390 2043 quare
1407 2008 1500 2035 uenisti
1519 2007 1554 2034 ad
1572 2006 1746 2033 cruciandum
1768 2014 1814 2032 nos

1031 2057 1092 2081 ante
1103 2057 1204 2089 tempus
1213 2054 1248 2081 "'1
1259 2054 1374 2088 insuper
1384 2054 1411 2080 in
1421 2052 1568 2080 tormentis
1578 2059 1687 2086 quoque
1697 2050 1793 2079 dicunt
1806 2059 1813 2078 :

1033 2099 1092 2128 Uria
1115 2108 1167 2133 me,
1183 2100 1241 2127 uris
1260 2108 1300 2127 me
1317 2099 1352 2126 ".
1369 2099 1429 2127 Non
1455 2102 1588 2126 noverant
1609 2097 1693 2133 igitur
1710 2097 1814 2131 lignum

1031 2145 1137 2173 notitiae
1151 2145 1217 2173 boni
1231 2148 1260 2172 et
1270 2145 1345 2177 mali,
1359 2144 1541 2179 transgressio
1551 2143 1616 2171 Adae
1631 2143 1816 2178 cognitionem

1033 2190 1120 2219 dedit.

1068 2236 1102 2264 Χ.
1124 2236 1247 2269 Quilibet
1257 2235 1330 2263 enim
1342 2235 1440 2270 incipit
1455 2235 1624 2269 interrogare
1637 2242 1643 2260 :
1657 2233 1690 2261 In
1701 2241 1752 2268 quo
1763 2236 1819 2260 σια-

1032 2286 1059 2309 tu
1081 2287 1138 2310 erat
1151 2283 1249 2316 Adam,
1276 2282 1390 2318 quidque
1406 2281 1520 2316 agebat?
1544 2281 1605 2315 ipse
1628 2279 1702 2307 enim
1732 2278 1818 2305 Adam

1032 2326 1158 2356 notitiam
1171 2332 1315 2362 acceperat
1330 2327 1395 2354 boni
1412 2331 1441 2354 et
1456 2326 1531 2353 mali.
1551 2326 1674 2352 Alterum
1690 2325 1818 2351 audimus

1032 2381 1064 2401 ex
1077 2373 1237 2408 Scripturis,
1251 2371 1326 2406 quod
1344 2371 1371 2398 in
1387 2371 1494 2398 honore
1515 2376 1543 2398 ct
1556 2371 1582 2397 in
1598 2369 1718 2404 puritate
1740 2371 1816 2400 erat;

1032 2422 1060 2445 at
1081 2425 1144 2445 cum
1156 2421 1343 2452 transgressus
1359 2420 1433 2443 esset
1455 2415 1623 2446 mandatum,
1647 2413 1752 2448 eiectus
1776 2415 1818 2439 est

1032 2463 1169 2498 paradiso,
1198 2466 1226 2489 et
1239 2461 1398 2489 succensuit
1424 2461 1450 2489 ei
1469 2461 1553 2487 Deus.
1567 2459 1689 2486 Tandem
1705 2457 1772 2492 quid
1789 2456 1817 2483 in

1033 2516 1063 2536 se
1078 2509 1180 2535 bonum
1204 2515 1236 2535 ac
1256 2507 1416 2542 praeclarum
1438 2500 1521 2537 esset,
1548 2505 1641 2536 discit,
1655 2511 1687 2530 ac
1703 2502 1817 2530 calami—

1034 2557 1118 2581 tatem
1140 2561 1218 2581 suam
1232 2553 1348 2580 edoctus
1363 2556 1445 2579 cavet
1465 2551 1529 2582 sibi,
1550 2558 1586 2578 ne
1611 2549 1726 2577 ulterius
1752 2555 1818 2583 pec-

1036 2599 1124 2627 cando
1154 2599 1259 2626 incidat
1273 2598 1302 2626 in
1329 2598 1463 2634 iudicium
1481 2596 1590 2627 mortis,
1621 2594 1820 2629 Cognoscimus

1033 2645 1116 2680 igitur
1129 2652 1238 2672 omnem
1255 2648 1409 2671 creaturam
1436 2642 1484 2669 Dei
1508 2649 1557 2675 per
1581 2649 1643 2668 eum
1674 2640 1740 2674 regi.
1758 2639 1819 2674 ipse

1032 2690 1106 2718 enim
1130 2689 1196 2716 fecit
1222 2689 1321 2716 caelum
1338 2692 1366 2716 et
1391 2693 1504 2719 terram,
1528 2686 1668 2717 animalia,
1699 2683 1818 2718 reptilia,

1033 2733 1150 2765 belluas,
1161 2740 1229 2769 quas
1244 2733 1381 2766 videmus,
1394 2739 1542 2760 numerum
1562 2738 1628 2758 vero
1650 2729 1817 2765 ignoramus.

1030 2779 1098 2814 Quis
1116 2779 1190 2807 enim
1215 2778 1361 2818 hominum
1373 2777 1460 2812 novit,
1471 2781 1588 2813 excepto
1613 2776 1673 2804 solo
1687 2776 1755 2810 Deo,
1771 2775 1819 2810 qui

225 2862 249 2879 "
265 2863 342 2892 Juan.
359 2874 377 2898 ι,
399 2867 408 2894 l
459 2868 482 2885 ’³
497 2869 565 2896 Gen.
584 2876 626 2901 nt,
638 2867 682 2896 25.
723 2869 745 2885 ’⁷
759 2848 898 2902 Μειιιιίιι,
925 2869 968 2897 Η.

1047 2869 1131 2897 Matth
1137 2876 1204 2902 .vtn,
1221 2869 1265 2897 '29.
