2078 3151
281 166 332 198 563

889 165 920 195 S.
941 163 1100 194 MACARII
1120 163 1281 194 IEGYPTH

1841 165 1893 196 εει

277 226 320 248 est
337 220 364 249 in
379 220 515 253 omnibus.
529 221 610 249 etiam
626 221 652 248 in
669 221 771 250 fetibus
782 222 942 249 animalium
957 222 1059 256 imper-

1118 220 1208 255 ξώωνς
1231 221 1299 257 οὐχὶ
1319 221 1399 253 αὐτὸς
1418 222 1563 249 ἐπίσταται
1577 222 1612 250 τὰ
1627 222 1693 250 ὂντα
1705 223 1831 250 ὑποκάτω
1845 224 1893 258 τῆς

279 264 376 293 Γαριίεῖ
389 266 484 294 Nonne
501 266 558 301 ipsc
579 267 641 299 scit,
660 275 721 302 qua:
734 271 798 294 sunt
813 267 864 294 sub
879 271 951 294 terra
967 271 995 294 et
1011 274 1059 293 su-

1118 269 1173 303 (ἦς,
1188 269 1235 294 καὶ
1251 268 1343 295 ἐπάνω
1357 268 1412 295 τῶν
1424 268 1547 304 οὐρανῶν
1557 277 1565 285 ·

277 317 327 344 per
337 311 441 338 caelos?

313 356 362 383 XI.
389 356 503 384 Relictis
528 357 612 392 igitur
628 357 681 389 his.
700 357 793 392 potius
808 365 974 392 quaeramus,
987 358 1063 386 velut

279 402 343 428 boni
376 402 572 437 negotiatores,
599 403 786 430 hazreditatem
814 404 952 431 eceleslcm
974 404 1062 438 possi-

278 447 355 479 dere,
367 451 395 474 et
410 455 451 478 ea,
474 455 534 482 quae
551 448 709 475 conducunt
731 449 826 476 anima:
840 453 951 476 nostrze.
972 449 1063 476 Disca-

279 500 340 518 mus
351 493 491 526 possidere
504 492 589 523 bona,
602 501 662 527 qua:
682 499 746 520 sunt
770 494 913 520 nobiscum
938 502 1064 528 perman-

280 546 353 564 sura.
373 538 450 571 Quod
465 539 486 565 si
502 540 575 566 cnim
590 539 672 566 homo
684 540 796 574 cmperit
808 539 936 575 indagare
952 547 1062 566 sensum

280 583 338 615 Dei,
351 592 383 611 ac
394 584 485 611 dicere
501 593 507 611 :
522 584 614 611 Inveni
629 585 754 619 quiddam
765 594 796 612 ac
807 586 1005 620 conlprehendi,
1018 585 1064 612 de-

279 629 465 663 prehendetur
485 637 563 655 mcns
596 629 715 656 humana
735 630 930 657 transcendere
953 638 1063 657 sensum

280 674 340 700 Dei.
355 674 455 700 Verum
470 674 496 700 in
521 675 573 701 hoc
589 674 669 708 longe
687 675 807 706 aberrat,
831 680 859 701 et
871 680 974 709 quanto
1004 676 1065 710 plus

280 719 401 746 volucris
423 727 472 754 per
496 720 678 753 cognitionem
704 720 820 746 scrutari
846 728 877 747 ac
904 726 1063 755 penetrare,

283 768 358 792 tanto
369 765 532 799 profundius
546 765 700 797 descendis,
714 774 764 792 nec
776 766 924 801 quidquam
937 766 1063 802 percipis.

281 811 349 845 Ipsae
372 811 446 838 enim
471 812 718 844 considerationes,
741 821 802 846 qtne
831 813 878 840 tibi
904 817 1064 844 occurrunt,

281 856 347 891 quid
364 857 477 892 singulis
491 857 590 885 diebus
606 858 634 885 in
652 863 678 885 te
691 862 847 892 peragatur,
867 862 896 885 et
916 857 1064 892 quomodo,

1148 357 1199 384 Μ’.
1217 357 1417 392 Παραλιπόντες
1431 357 1477 385 οὖν
1491 358 1588 392 ταῦτα,
1608 358 1708 395 μᾶλλον
1723 359 1894 395 ζητήσωμεν,

1112 403 1150 435 ὡς
1174 404 1252 430 καλοὶ
1267 404 1394 439 ἔμποροι,
1413 405 1596 440 κληρονομίαν
1611 405 1764 440 κτήσασθαι
1780 405 1895 440 ἐπουρὰ-

1113 457 1178 481 νιον,
1195 449 1243 475 καὶ
1253 449 1288 476 τὰ
1300 450 1473 485 συμφέροντα
1483 452 1542 482 ταῖς
1552 450 1651 486 ψυχαῖς
1659 450 1737 486 ἡμῶν
1745 459 1752 465 ·
1767 451 1895 485 μάθωμεν

1113 494 1264 528 κτήσασθαι
1281 495 1410 529 κτήματα
1427 495 1498 530 ἆπερ
1511 496 1721 531 συμπαραμένει
1735 496 1810 531 ἡμῖν.
1833 496 1895 522 Ἐὰν

1114 540 1168 573 γὰρ
1186 539 1253 575 ἄρξῃ
1271 539 1414 575 ἄνθρωπος
1440 540 1477 566 ὢν
1506 542 1619 577 ἑρευνᾷν
1642 542 1688 568 τὸν
1703 541 1832 576 λογισμὸν
1848 541 1895 568 τοῦ

1113 585 1196 617 Θεοῦ,
1218 586 1264 612 καὶ
1281 585 1387 619 λέγειν,
1403 584 1493 620 εὗρόν
1514 596 1541 613 τι
1563 587 1614 614 καὶ
1630 587 1805 620 κατέλαϐον,
1819 588 1896 622 εὑρε-

1117 631 1228 666 θήσεται
1247 633 1261 658 ὁ
1274 631 1443 667 ἀνθρώπινος
1458 632 1519 664 νοῦς
1533 633 1703 668 ὑπερϐαίνων
1713 633 1758 660 τὸν
1769 633 1896 668 λογισμὸν

1115 677 1161 703 τοῦ
1177 676 1254 703 Θεοῦ.
1276 677 1320 703 'Ev
1333 677 1420 712 τούτῳ
1435 677 1461 704 δὲ
1475 678 1541 704 πολὺ
1557 678 1646 713 πλανᾷ
1659 687 1666 694 υ
1681 679 1728 705 καὶ
1738 679 1800 705 ὅσον
1812 677 1898 708 θέλεις

1114 721 1158 748 διὰ
1183 722 1310 756 γνώσεως
1339 723 1484 758 ἐρευνῆσαι
1503 723 1550 749 καὶ
1569 723 1716 755 εἰσελθεῖν,
1737 724 1834 758 χωρεῖς
1858 723 1898 754 είς

1117 767 1213 802 βάθος,
1239 768 1286 794 καὶ
1309 768 1385 794 οὐδὲν
1409 769 1644 804 καταλαμϐάνεις·
1670 769 1755 800 αὑτὰς
1778 768 1832 803 γὰρ
1849 769 1897 799 τὰς

1115 813 1275 848 ἐπισκέψεις
1300 814 1349 845 τὰς
1365 814 1528 849 γιγνομένας
1553 823 1605 846 σοι,
1627 814 1655 840 τι
1674 813 1820 849 ἐργάζεται
1838 814 1898 839 καθ’

1116 859 1222 894 ἡμέραν
1237 860 1266 885 ὲν
1288 859 1339 891 σοὶ,
1355 859 1402 885 καὶ
1417 859 1485 892 πῶς,
1510 860 1617 895 ἇῤῥητά
1631 860 1699 892 ἐστι,
1726 860 1772 886 καὶ
1796 858 1899 885 ἀκατά-

281 909 387 930 arcanae
402 907 466 930 sunt
482 907 510 930 ct
527 904 832 938 incomprehensibiles,
845 903 898 930 nisi
914 903 987 937 quod
1003 908 1062 930 tan-

1118 904 1225 937 ληπτα,
1252 904 1268 938 ἢ
1300 905 1379 939 μόνον
1404 904 1530 937 δέξασθαι
1563 905 1631 940 μετὰ
1657 904 1831 940 εὐχαριστίας
1853 905 1900 930 καὶ

283 952 340 974 tum
356 948 411 976 sint
427 955 489 975 cum
508 949 657 982 gratiarum
676 949 784 976 actione
807 948 1000 983 suscipiendae,
1020 953 1065 976 at-
1090 945 1094 950 ’

282 999 336 1026 que
346 992 513 1019 credendum
527 994 573 1019 sit.
587 993 713 1020 Animam
735 994 808 1020 enim
842 998 926 1024 tuam,
949 1002 982 1021 ex
1011 1001 1065 1028 quo

282 1042 363 1064 natus
379 1046 409 1066 es
421 1038 454 1065 ad
477 1039 551 1066 hunc
567 1047 654 1073 usque
669 1039 754 1071 diem,
779 1040 929 1074 potuistiue
963 1047 1064 1074 cogno-

282 1083 501 1111 scere?reeonse
516 1091 581 1119 ergo
596 1085 663 1111 mihi
679 1092 693 1112 a
709 1092 789 1111 mane
811 1085 844 1111 ad
860 1093 1002 1119 vesperam
1019 1094 1066 1112 us-

282 1136 336 1162 que
350 1129 531 1156 scaturientes
543 1130 569 1156 in
588 1134 614 1157 te
633 1130 825 1164 cogitationes.
842 1130 889 1157 [)ic
910 1130 977 1157 mihi
993 1131 1068 1165 cogi-

284 1173 403 1200 tationes
427 1174 510 1200 trium
532 1173 659 1207 dierum;
688 1179 716 1201 at
744 1181 799 1201 non
824 1178 912 1209 potes.
934 1175 962 1202 Si
984 1175 1067 1210 igitur

282 1219 461 1254 cogitationes
475 1219 573 1246 animae
590 1224 642 1247 tua:
653 1219 887 1254 comprehendere
906 1227 960 1247 non
974 1221 1067 1255 potui-

282 1266 328 1296 sti,
345 1266 528 1300 cogitationes
553 1266 602 1294 Dei
621 1271 703 1301 atque
724 1270 846 1294 utentem
865 1266 914 1294 Dei
929 1267 1067 1301 quomodo

282 1316 361 1345 potes
371 1312 487 1338 serutari
500 1312 512 1338 Ἰ

316 1357 370 1393 4⁸1
388 1357 444 1385 XII.
459 1357 559 1384 Verum
572 1361 601 1384 tu
616 1364 748 1392 quantum
761 1359 880 1392 invenis,
895 1359 946 1388 ede
957 1368 1066 1395 panem,

283 1411 315 1430 av:
329 1404 483 1430 universam
500 1410 599 1431 terram
612 1404 720 1432 dimitte
734 1413 742 1437 ς
759 1410 788 1433 et
800 1406 845 1433 abi
861 1406 895 1433 ad
913 1406 999 1440 ripam
1015 1406 1068 1433 ﬂu-

284 1449 376 1481 minis,
398 1456 431 1476 ac
451 1449 514 1476 bibe
533 1454 665 1484 quantum
689 1450 815 1485 indiges;
842 1459 904 1478 mox
927 1451 996 1484 redi,
1016 1459 1068 1479 nec

285 1495 403 1528 inquire,
434 1494 506 1522 unde
537 1500 695 1530 permanet,
731 1501 779 1523 aut
817 1497 954 1531 quomodo
991 1498 1066 1525 ﬂuat.

283 1540 356 1567 Νειιή
367 1547 489 1574 operam,
500 1545 530 1567 ut
541 1545 654 1568 sanetur
665 1549 713 1575 pes
723 1546 796 1574 tuus,
811 1546 858 1569 aut
869 1543 982 1570 morbus
994 1543 1065 1571 oeuli

283 1585 335 1617 tui,
352 1585 510 1619 utaspicias
532 1585 625 1612 lumen
644 1586 720 1617 solis,
743 1594 795 1614 nec
810 1587 918 1614 curiose
945 1587 1064 1622 inulages,

285 1637 418 1665 quantum
433 1631 545 1658 luminis
562 1632 700 1659 contineat
710 1632 761 1664 sol,
774 1637 822 1659 aut
834 1634 861 1660 in
876 1637 959 1668 quoto
970 1641 1066 1661 exsur-

283 1682 328 1712 gat
346 1677 432 1712 signo.
449 1677 525 1710 Quod
545 1677 618 1704 cedit
640 1678 666 1704 in
682 1678 856 1705 commodum
874 1683 950 1706 tuum
962 1679 1066 1713 accipe.

284 1723 318 1750 Et
339 1723 405 1757 quid
425 1723 552 1750 ascendis
572 1729 688 1755 montes,
713 1729 741 1751 et
759 1724 915 1759 investigas,
929 1730 996 1760 quot
1015 1726 1069 1753 illic

285 1772 432 1803 pascantur
450 1769 545 1804 onagri
573 1773 620 1796 aut
645 1769 754 1797 bestiae?
780 1775 808 1797 et
824 1771 932 1805 puellus
959 1771 1069 1805 quando

284 1814 392 1842 accedit
413 1815 447 1842 ad
465 1815 550 1842 ubera
570 1815 675 1846 matris.
694 1815 810 1843 laclatur
825 1820 853 1842 et
871 1817 1018 1843 enutritttr.
1035 1817 1070 1844 At

284 1861 373 1888 nescit
387 1861 504 1889 scrutari
526 1861 645 1892 radicem
668 1865 714 1888 aut
738 1863 941 1897 scaturiginem,
959 1863 1013 1890 und
1031 1863 1070 1890 sic

283 1907 380 1934 aﬂluit.
395 1907 473 1942 Sugit
482 1907 556 1934 enitn
575 1908 615 1934 lac
629 1912 656 1935 et
666 1908 804 1942 regionem
817 1916 925 1935 omnem
937 1908 1070 1936 mamilla-

284 1961 345 1980 rnm
376 1953 518 1981 exhaurit:
547 1958 574 1981 et
589 1954 680 1981 denuo
703 1954 755 1981 alia
782 1955 848 1981 hora
868 1955 989 1989 repletur
1012 1963 1068 1981 ma-

284 1999 368 2031 milla,
389 1999 442 2027 hoc
456 2007 545 2034 neque
566 2000 674 2034 puellus
689 2000 775 2031 novit,
798 2007 888 2034 neque
899 2005 986 2033 mater
1000 2001 1070 2034 ejus,

284 2045 410 2079 quamvis
437 2053 533 2073 revera
554 2046 589 2072 ab
612 2045 742 2072 omnibus
769 2045 899 2073 membris
927 2046 1071 2079 proveniat

283 2091 336 2118 lac.
356 2091 383 2118 Si
398 2091 497 2125 quaeris
515 2098 580 2126 ergo
597 2091 740 2118 Dominum
758 2091 785 2118 in
801 2090 947 2125 profundo,
961 2091 1017 2117 illic
1028 2090 1071 2117 in-

284 2137 362 2165 venis
375 2145 440 2165 eum
456 2137 534 2172 signa
551 2137 706 2164 iacientem.
735 2136 761 2163 Si
786 2137 886 2171 quzeris
902 2145 964 2164 eum
987 2136 1013 2163 in
1030 2136 1071 2163 i'o-

284 2191 344 2213 vca.
361 2183 416 2210 illic
444 2182 551 2210 invenis
572 2191 635 2210 eum
660 2183 686 2210 in
706 2182 798 2209 medio
817 2183 934 2209 duorum
962 2183 1071 2209 leonum

1117 950 1267 977 πιστεύειν.
1286 951 1342 985 Τὴν
1361 951 1416 985 γὰρ
1431 950 1479 986 σὴν
1494 951 1580 986 ψυχὴν
1595 951 1625 983 ἐξ
1638 947 1669 977 οὗ
1686 950 1833 985 ἐγεννήθης
1854 952 1900 976 καὶ

1116 997 1168 1028 ἕως
1185 997 1259 1032 ἄρτι,
1275 997 1412 1032 ἡδυνήθης
1435 997 1583 1032 γνωρίσαι;
1602 997 1664 1023 ἐπεὶ
1678 996 1839 1030 ὲπάγγειλόν
1856 1004 1900 1030 μοι

1117 1042 1170 1068 ἀπὸ
1195 1042 1267 1076 πρωῒ
1285 1042 1332 1068 καὶ
1355 1042 1407 1073 ἕως
1421 1042 1469 1076 ὀψὲ
1486 1043 1550 1073 τοὺς
1569 1042 1701 1076 βρύοντας
1724 1043 1753 1067 ὲν
1768 1042 1809 1067 σοὶ
1830 1041 1901 1074 λογι-

1117 1085 1210 1121 σμούς.
1226 1086 1292 1112 Εἰπέ
1309 1094 1353 1121 μοι
1369 1086 1418 1118 τὰς
1432 1086 1595 1120 ἐνθυμήσεις
1607 1085 1691 1119 τριῶν
1704 1084 1826 1120 ἡμερῶν·
1843 1084 1899 1111 ἀλλ’

1117 1132 1146 1158 οὑ
1163 1131 1284 1158 δύνασαι.
1312 1132 1343 1158 Εἰ
1359 1129 1405 1158 οὖν
1422 1131 1485 1162 τοὺς
1506 1131 1653 1166 λογισμοὺς
1668 1131 1717 1165 τῆς
1739 1130 1829 1165 ψυχῆς
1853 1138 1900 1156 σου

1117 1177 1281 1204 καταλαόεἰν
1300 1177 1349 1204 οὑκ
1363 1177 1510 1212 ὴδυνήθης,
1529 1177 1593 1208 τοὺς
1609 1177 1754 1212 λογισμοὺς
1771 1175 1819 1203 τοῦ
1834 1175 1901 1202 Θεοῦ

1118 1224 1166 1250 καὶ
1179 1223 1225 1250 τὸν
1237 1223 1298 1250 νοῦν
1312 1222 1371 1255 πῶς
1385 1222 1496 1250 δύνασαι
1510 1223 1601 1258 εὑρεῖν
1613 1231 1620 1255 ;

1152 1358 1203 1387 iB’.
1225 1359 1305 1386 Ἀλλὰ
1317 1361 1349 1386 σὺ
1365 1359 1426 1385 ὅσον
1437 1358 1574 1393 εὑρίσκεις
1584 1357 1665 1392 ἄρτον
1676 1357 1759 1391 φάγε,
1772 1357 1819 1383 καὶ
1830 1357 1898 1391 ἄφες

1117 1407 1181 1442 ὃλην
1195 1406 1245 1440 τὴν
1256 1405 1309 1439 γῆν
1322 1405 1369 1431 καὶ
1381 1403 1481 1431 ἄπελθε
1495 1405 1535 1435 εἰς
1552 1403 1583 1430 τὺ
1594 1403 1682 1438 χεῖλος
1695 1402 1742 1429 τοῦ
1768 1401 1901 1436 ποταμοῦ,

1117 1453 1165 1479 καὶ
1181 1451 1225 1478 πίε
1240 1452 1302 1478 ὅσον
1309 1451 1404 1486 χρείαν
1411 1449 1491 1485 ἔχεις,
1508 1450 1555 1477 καὶ
1567 1448 1696 1484 πάρελθε,
1710 1449 1756 1475 καὶ
1770 1449 1807 1483 μὴ
1820 1448 1902 1483 ζητή-

1119 1507 1167 1533 σῃς
1184 1497 1265 1524 πόθεν
1276 1496 1394 1531 ἔρχεται,
1406 1495 1423 1530 ἧ
1438 1495 1499 1527 qui»;
1512 1495 1579 1530 ῥέει.
1594 1494 1748 1521 Σπούδασον
1769 1494 1904 1528 θεραπευ-

1119 1544 1197 1578 Θῆναι
1204 1544 1249 1570 τὸν
1261 1542 1338 1573 πόδα,
1346 1542 1363 1576 ἢ
1370 1541 1416 1568 τὸν
1426 1542 1506 1569 πόνον
1513 1541 1560 1568 τοῦ
1571 1540 1711 1575 ὀφθαλμοῦ
1723 1549 1780 1571 σου,
1791 1540 1836 1566 ἵνα
1847 1540 1904 1575 ῐδῃς

1118 1589 1148 1616 τὸ
1162 1588 1219 1623 φῶς
1232 1588 1279 1614 τοῦ
1290 1588 1376 1622 ἡλίου.
1392 1587 1437 1622 Μὴ
1454 1587 1576 1622 ζητήσῃς
1593 1587 1621 1613 δὲ
1641 1586 1723 1613 πόσον
1740 1586 1795 1621 ἔχει
1818 1585 1874 1619 φῶς
1889 1586 1904 1610 ό

1117 1634 1192 1670 ἥλιος
1233 1634 1315 1660 πόσον
1345 1632 1486 1661 ἀνατέλλει
1515 1632 1594 1664 ζῶον.
1639 1633 1672 1658 Ὅ
1688 1631 1842 1666 προσχωρεί
1863 1638 1904 1656 σοι

1118 1679 1271 1715 είςχρῆσιν,
1283 1679 1358 1706 λάϐε.
1367 1678 1419 1705 Καὶ
1430 1679 1456 1704 τί
1467 1678 1620 1714 ἀπέρχῃεῑς
1630 1677 1691 1713 ὖρη,
1703 1677 1751 1703 καὶ
1761 1676 1850 1711 ζητεῖς
1856 1675 1905 1702 πό-

1120 1734 1160 1751 σοι
1171 1726 1229 1752 ἐκεῖ
1240 1726 1366 1760 νέμονται
1380 1724 1489 1760 ὑναγροι
1498 1724 1514 1760 ἢ
1524 1724 1622 1760 θηρία;
1634 1724 1679 1750 καὶ
1697 1723 1727 1749 τὸ
1745 1722 1851 1748 παιδίον
1861 1722 1904 1748 ὅτε

1119 1772 1299 1811 προσέρχεται
1314 1771 1353 1805 τῷ
1370 1770 1447 1805 μαζῷ
1462 1771 1512 1805 τῆς
1532 1770 1642 1804 μητρὸς,
1657 1768 1827 1804 λαμϐάνειτὸ
1836 1768 1906 1801 γάλα

1119 1817 1166 1842 καὶ
1181 1816 1320 1850 τρέφεται.
1338 1815 1395 1841 Οὑκ
1411 1812 1480 1840 οἶδεν
1492 1814 1520 1840 δὲ
1534 1814 1646 1848 ὲρευνᾷν
1660 1813 1710 1847 τὴν
1726 1813 1804 1847 ρίζαν
1821 1812 1837 1846 ἢ
1854 1813 1904 1846 τὴν

1121 1862 1212 1896 πηγὴν
1227 1860 1307 1886 πόθεν
1320 1859 1406 1890 οὕτως
1434 1859 1568 1894 ἐπιρρεῖν
1584 1858 1695 1893 θηλάζει
1709 1857 1763 1891 γὰρ
1775 1857 1805 1883 τὺ
1825 1856 1904 1890 γάλα,

1120 1907 1166 1934 καὶ
1177 1907 1223 1933 τὸν
1238 1907 1301 1942 ὀρὸν
1315 1906 1373 1932 ὅλον
1393 1906 1530 1932 ἀποκενοί·
1558 1905 1604 1932 καὶ
1628 1905 1707 1931 πάλιν
1726 1904 1809 1938 ἄλλην
1832 1903 1905 1938 ὥραν

1122 1952 1266 1988 μεστοῦται
1280 1953 1293 1978 ὑ
1310 1951 1402 1986 μαζός·
1419 1951 1498 1978 τοῦτο
1513 1950 1573 1977 οὔτε
1588 1950 1618 1977 τὸ
1639 1950 1746 1977 παιδίον
1760 1947 1840 1982 οἶδεν,
1860 1948 1906 1975 οὖ-

1120 1999 1178 2033 τεὴ
1197 1998 1288 2032 μήτηρ
1300 1997 1394 2030 αὑτοῦ,
1412 1997 1435 2023 εἰ
1447 1997 1494 2023 καὶ
1506 1997 1540 2023 τὰ
1565 1996 1681 2031 μάλιστα.
1697 1995 1751 2022 ἀπο
1767 1994 1835 2021 ὅλων
1853 1994 1906 2020 τῶν

1123 2042 1211 2077 μελῶν
1229 2042 1279 2076 τῆς
1295 2040 1399 2076 μητρὸς
1413 2040 1552 2076 ἐξέρχεται
1566 2039 1596 2066 τὺ
1607 2039 1686 2073 γάλα.
1705 2038 1736 2065 El
1755 2038 1845 2074 ζητεῖς
1859 2035 1906 2064 οὖν

1121 2088 1166 2114 τὸν
1184 2086 1284 2120 Κύριον
1302 2086 1340 2117 εἰς
1355 2085 1446 2121 βάθος,
1456 2087 1514 2112 ἐκεῖ
1527 2085 1662 2120 εὑρίσκεις
1682 2085 1763 2112 αὑτὸν
1780 2082 1907 2111 ποιοῦντα

1123 2133 1233 2167 σημεῖα.
1255 2132 1284 2158 Εἰ
1309 2131 1400 2165 ζητεῖς
1424 2131 1506 2157 αὑτὸν
1522 2131 1550 2156 ὲν
1575 2129 1680 2165 λάκκῳ,
1696 2130 1754 2156 ἐκεῖ
1770 2129 1907 2164 εὑρίσκεις

1123 2179 1203 2205 αὑτὸν
1219 2179 1246 2203 ἐν
1264 2178 1338 2212 μέσῳ
1355 2176 1401 2203 δύο
1425 2176 1539 2202 λεόντων
1561 2175 1730 2209 φυλάσσοντα
1745 2174 1791 2201 τὺν
1805 2175 1908 2201 δίκαιον

285 2229 308 2245 ¹⁰
321 2249 328 2260 ,
342 2233 549 2257 conservantem
565 2229 668 2264 justum
681 2228 831 2255 Danielem.
845 2228 873 2255 Si
892 2228 993 2262 (tuteris
1006 2235 1068 2255 cum

1122 2224 1232 2258 Δανιήλ.
1251 2222 1383 2256 Εἱζητεῖς
1401 2222 1481 2248 αὑτὸν
1498 2222 1537 2252 εις
1550 2221 1614 2255 πῦρ,
1633 2221 1689 2246 ἐκεῖ
1708 2219 1845 2254 εὑρίσκεις
1859 2219 1907 2245 αὑ-

286 2275 313 2302 in
329 2275 395 2311 igni,
413 2275 468 2302 illic
484 2275 590 2302 invenis
605 2282 667 2301 eum
685 2273 816 2300 auxilium
833 2273 965 2300 ferentem
993 2273 1070 2300 mini-

283 2322 350 2349 stris
361 2321 418 2348 suis
426 2321 459 2348 ³ο.
469 2321 497 2348 Si
507 2321 607 2354 qnmris
615 2327 677 2346 eum
688 2320 714 2346 in
723 2323 824 2350 monte,
834 2319 888 2346 illic
899 2319 1003 2353 reperis
1009 2327 1072 2346 eum

285 2375 349 2394 cum
357 2367 415 2394 Elia
425 2371 453 2393 et
465 2366 546 2393 Mose.
556 2365 577 2382 ²ι
590 2364 784 2400 Ubiqueigitur
796 2369 848 2396 est,
866 2368 919 2401 tam
926 2365 977 2391 sub
989 2369 1073 2396 terra,

285 2421 367 2448 quam
397 2421 481 2447 super
508 2412 594 2443 caalis,
612 2412 694 2438 etiam
719 2410 792 2446 apud
819 2418 880 2443 nos,
905 2411 1008 2446 ubique
1022 2416 1074 2439 est.

286 2459 332 2486 Sic
348 2465 457 2492 quoquc
486 2457 576 2483 anima
601 2464 684 2491 prope
707 2459 733 2483 te
748 2460 800 2488 est,
832 2456 902 2483 intra
923 2459 948 2483 te
974 2461 1026 2488 est.
1044 2460 1072 2483 et

285 2508 363 2530 extra
376 2507 402 2530 te
415 2507 466 2529 est.
481 2501 533 2529 Ubi
549 2502 622 2528 enim
639 2500 769 2532 volueris,
782 2501 810 2528 in
824 2501 936 2528 remotis
948 2501 1069 2536 regioni-

287 2548 349 2579 bus.
390 2547 445 2573 illic
479 2550 522 2573 est
541 2553 619 2573 mens
636 2549 692 2578 tua,
710 2545 768 2573 sive
795 2545 822 2572 in
840 2545 996 2578 oecidente,
1013 2545 1070 2572 sive

287 2593 315 2620 ln
337 2593 455 2624 oriente,
473 2591 530 2618 sive
547 2591 575 2618 in
587 2591 663 2618 coalis
681 2590 736 2618 illic
750 2591 900 2618 invenitur.

322 2677 392 2705 Xlll.
409 2677 573 2705 Studeamus
597 2678 680 2714 igitur
698 2679 726 2706 in
743 2679 839 2714 primis
865 2679 1017 2706 cauterium
1047 2683 1075 2706 et

287 2722 407 2757 sigillum
427 2723 533 2751 Domini
551 2724 578 2751 in
596 2724 675 2752 nobis
690 2725 790 2752 habere
803 2744 810 2756 ,
828 2725 892 2759 quia
908 2725 935 2752 in
948 2724 1074 2759 diejudi-

288 2769 336 2804 cii,
355 2768 425 2797 facta
448 2771 635 2806 segregatione
661 2771 709 2799 illa
729 2778 744 2798 a
761 2771 827 2804 Deo,
851 2774 880 2799 et
903 2770 1074 2806 congregatis

325 2860 346 2876 "
365 2860 432 2888 Dan.
450 2868 486 2892 γι,
506 2860 546 2887 17.

585 2862 605 2876 ³ο
622 2862 688 2888 Dan.
709 2868 748 2892 Ill,
767 2860 810 2888 '28.
850 2860 869 2875 ³¹
892 2859 989 2887 Matth.
1006 2865 1070 2889 χιιι,
1092 2859 1116 2886 ὖ.

1119 2270 1164 2297 τὸν
1181 2267 1329 2303 βοηθοῦντα
1344 2268 1399 2298 τοῖς
1412 2266 1516 2296 δούλοις
1533 2265 1625 2292 αὑτοῦ,
1639 2265 1669 2290 Εἰ
1686 2264 1777 2299 ζητεῖς
1789 2263 1869 2289 αὑτὸν
1879 2263 1908 2289 ὲν

1121 2316 1190 2351 opst,
1207 2316 1264 2342 εκεῖ
1288 2313 1425 2347 εὑρίσκεις
1443 2311 1524 2338 αὑτὸν
1540 2311 1608 2345 μετὰ
1623 2310 1668 2337 τοῦ
1691 2309 1768 2335 Ἠλία
1780 2309 1827 2335 καὶ
1843 2309 1908 2335 Μω-

1124 2362 1202 2392 σέως,
1228 2358 1369 2394 Πανταχοῦ
1397 2357 1442 2384 οὖν
1467 2357 1536 2388 ἐστι,
1552 2357 1600 2383 κιὶ
1622 2356 1750 2382 ὑποκάτω
1772 2356 1821 2390 τῆς
1844 2354 1908 2388 γῆς,

1125 2407 1172 2434 καὶ
1189 2406 1315 2441 ὑπεράνω
1338 2403 1392 2430 τῶν
1407 2403 1539 2437 οὐρανῶν,
1560 2403 1615 2429 εἴτε
1630 2403 1659 2428 ὲν
1674 2402 1751 2436 ἡμῖν,
1770 2399 1908 2434 πανταχοῦ

1126 2453 1210 2479 ἐστιν.
1226 2450 1319 2481 Οὕτως
1335 2449 1382 2476 καὶ
1395 2450 1410 2483 ὴ
1425 2449 1499 2483 ψυχὴ
1514 2448 1597 2482 ἐγγύς
1625 2447 1671 2474 σού
1691 2447 1759 2478 ἐστι,
1776 2445 1824 2472 καὶ
1839 2445 1909 2471 ἐσω-

1124 2498 1169 2524 οέν
1185 2497 1231 2523 σού
1243 2496 1314 2526 ἐστι,
1330 2495 1378 2522 καὶ
1394 2494 1493 2526 ἔξωθέν
1515 2495 1561 2520 σού
1590 2494 1675 2520 ἐστιν.
1693 2493 1780 2519 Ὅπου
1796 2492 1850 2527 γὰρ
1863 2491 1908 2517 θέ-

1123 2542 1190 2574 λεις,
1211 2543 1251 2573 εἰς
1268 2541 1376 2576 μακρὰς
1392 2541 1535 2576 πατρίδας,
1556 2541 1628 2574 sui;
1641 2540 1716 2566 ἐστιν
1730 2540 1745 2566 ὁ
1764 2538 1826 2568 νοῦς
1850 2546 1907 2568 σου,

1124 2589 1179 2615 εἴτε
1195 2588 1242 2615 ἐπὶ
1261 2587 1375 2622 δυσμὰς,
1390 2587 1443 2614 εἴτε
1460 2587 1505 2613 ἐπὶ
1524 2585 1655 2617 ἀνατολὰς
1669 2606 1676 2618 ,
1699 2585 1754 2611 εἴτε
1781 2585 1822 2616 εἰς
1845 2583 1908 2614 τοὺς

1123 2634 1254 2669 οὐρανοὺς
1267 2634 1325 2660 ἐκεῖ
1337 2632 1503 2667 εὑρίσκεται.

1160 2680 1208 2706 ll".
1224 2679 1393 2713 Ζητήσωμεν
1417 2676 1464 2704 οὖν
1488 2677 1702 2712 προηγουμένως
1723 2676 1770 2703 τδν
1786 2675 1910 2709 καυτῆρα

1122 2724 1169 2751 τοῦ
1181 2723 1284 2758 Κυρίου
1297 2724 1343 2750 καὶ
1354 2723 1404 2758 τὴν
1419 2723 1553 2758 σφραγῖδα
1568 2723 1597 2749 ὲν
1612 2723 1720 2753 ἑαυτοῖς
1731 2721 1813 2757 ἔχειν·
1830 2721 1871 2747 ὅτι
1881 2720 1910 2746 ἐν

1122 2769 1161 2806 τῷ
1177 2769 1264 2806 καιρῷ
1277 2770 1325 2806 τῆς
1340 2769 1467 2805 κρίσεως,
1481 2768 1626 2804 γινομένης
1640 2768 1692 2803 τῆς
1704 2767 1854 2803 ἁποτομίας
1863 2765 1910 2792 τοῦ
