2078 3151
156 136 171 146 ν

175 141 227 182 565

783 155 967 187 HOMILLE.
978 159 1014 189 '1‘
1023 156 1118 188 HOM.
1138 157 1206 187 XII.

1749 150 1800 183 566

173 204 252 238 Θεοῦ,
269 204 317 233 καὶ
331 206 521 242 συναγομένων
547 207 615 236 ὅλων
645 208 701 235 τῶν
720 209 811 244 φυλῶν
834 210 885 245 τῆς
905 210 960 246 ,γῆς

1021 211 1141 239 imnibus
1166 211 1293 239 tribubus
1323 216 1403 239 terra:
1426 209 1561 238 universo:
1587 208 1668 242 Atlas,
1690 209 1799 243 quando

173 251 234 278 ὅλου
254 251 301 278 τοῦ
322 252 416 288 Ἀδὰμ,
433 253 496 280 ὅταν
515 253 617 291 καλέσῃ
640 254 655 281 ὁ
683 255 786 290 ποιμὴν
810 255 859 291 τὴν
891 255 961 283 ίδίαν

174 296 294 331 ποίμνην
307 318 314 329 ,
342 296 398 324 ἒσοι
415 298 506 332 ὄχουσι
522 299 568 325 τὸν
591 299 715 336 καυτῆρα
728 319 736 332 ,
751 300 962 335 ὲπιγινώσκουσι

173 342 220 367 τὸν
247 342 311 368 ἴδιον
339 342 464 378 ποιμένα,
483 343 529 370 καὶ
542 345 556 370 ὁ
573 344 676 380 ποιμὴν
696 345 760 377 τοὺς
778 345 889 380 ἔχοντας
912 344 961 380 τὴν

175 387 244 414 ίδίαν
256 388 391 423 σφραγῖδα
403 389 540 423 γνωρίζει,
556 389 604 416 καὶ
620 390 779 424 ἐπισυνάγει
790 391 843 418 ἀπδ
854 390 962 417 πάντων

173 433 227 459 τῶν
241 433 335 460 ἐθνῶν.
351 434 406 470 Τῆς
423 434 517 469 φωνῆς
529 435 582 471 γὰρ
591 435 672 463 αὐτοῦ
691 436 835 463 ἀκούουσιν
849 437 874 463 οἱ
890 436 959 469 ἴδιοι,

172 478 219 504 καὶ
234 479 386 512 ὑπάγουσιν
401 479 490 507 ὀπίσω
503 480 595 508 αὐτοῦ.
609 481 656 512 Et;
670 481 716 508 δύο
731 481 786 517 γὰρ
802 481 872 517 μέρη
889 482 963 508 ἵστα-

172 532 217 551 ται
236 525 250 551 ὁ
266 524 380 560 κόσμος,
392 525 440 552 καὶ
455 526 581 559 γίγνεται
597 526 647 562 μία
663 528 765 562 ποίμνη
795 527 932 562 σκοτεινὴ,
945 528 961 562 ἡ

172 569 299 604 χωροῦσα
313 570 353 602 είς
379 570 435 607 πῦρ
454 570 573 599 αίὼνιον.
594 572 649 599 Καὶ
661 572 711 608 μία
735 573 843 608 πλήρης
860 572 961 606 φωτὸς,

173 615 189 649 ἡ
205 614 274 650 πρὸς
296 615 347 650 τὴν
364 616 494 651 οὐράνιον
523 616 599 652 λῆξιν
615 617 778 653 ἀναγομένη·
807 617 872 643 αὐτὸ
889 617 935 644 οῦν
949 618 963 644 δ

171 659 219 687 νῦν
234 659 362 694 κτώμεθα
373 661 403 687 ἐν
423 662 483 693 ταῖς
509 661 619 697 ψυχαῖς,
643 663 711 689 αὐτὸ
741 663 830 689 ἐκεῖνο
858 662 962 698 λάμπει

173 706 220 732 καὶ
235 705 411 741 φανεροῦται,
427 707 475 734 καὶ
489 707 525 734 τὰ
533 707 646 742 σώματα
665 708 752 734 ὲνδύει
765 707 855 740 δόξαν.

208 750 257 802 iA'.
275 751 426 802 Ἐἒςξῇερεν
512 752 601 789 καιρῷ
614 753 662 780 τοῦ
675 753 808 781 Ξανθικοῦ
834 753 917 789 μηνὸς
935 754 963 781 αἱ

173 795 247 831 ῥίζαι
272 795 444 831 κεδξῶσμέναι
464 798 493 824 ὲν
507 799 539 833 τῇ
558 799 610 833 γῇ,
635 798 699 830 τοὺς
730 799 812 830 ίδίους
828 799 962 835 καρποὺς,

174 842 222 869 καὶ
238 842 273 869 τὰ
289 843 343 869 ίδια
355 843 423 878 ἄνθη
439 844 487 870 καὶ
500 844 586 879 κάλλη
600 844 824 878 ὲκϐλαστάνουσι,
839 846 886 872 καὶ
902 853 965 880 καρ-

175 887 337 924 ποφοροῦσι,
352 890 399 915 καὶ
417 890 598 925 φανεροῦνται
613 890 643 917 αἱ
660 890 742 917 καλαὶ
760 891 844 926 ῥίζαι,
875 891 923 918 καὶ
938 891 967 918 αι
984 887 1004 915 Β

174 934 223 966 τὰς
235 934 355 966 ἀκάνθας
366 934 475 969 ἔχουσαι
487 936 602 971 φανεραὶ
610 935 730 970 γίνονται
742 936 828 968 οὕτως
840 937 883 963 svi:
892 937 967 972 κείνῃ

174 981 207 1015 τῇ
237 981 327 1017 ἡμέρᾳ
358 981 473 1013 ἕκαστος
496 981 540 1008 διὰ
560 979 606 1008 τοῦ
632 981 697 1008 [δίου
724 982 870 1017 σώματος,
897 982 969 1017 ἅπερ

175 1026 309 1061 ἔπραξεν,
325 1027 468 1062 ἐμφανίζει
479 1047 487 1060 ,
501 1028 549 1054 καὶ
571 1027 734 1063 φανεροῦται
748 1027 783 1054 τά
797 1036 825 1054 τε
837 1028 908 1055 καλὰ
922 1029 968 1054 καὶ

174 1071 207 1097 τὰ
219 1070 300 1098 κακά.
318 1071 391 1098 Ἐκεῖ
397 1071 450 1107 γάρ
461 1072 519 1098 ἐστι
541 1072 615 1098 πᾶσα
627 1072 643 1107 ᾐ
654 1072 743 1107 κρίσις
766 1072 813 1098 καὶ
823 1073 840 1107 ὴ
849 1072 966 1098 ἀνταπό-

175 1117 258 1149 δοσις.
269 1117 348 1144 Ἐστι
362 1117 416 1152 γὰρ
429 1117 496 1153 ἄλλη
512 1117 599 1153 τροφὴ
610 1117 684 1153 παρὰ
694 1118 795 1152 ταύτην
814 1118 863 1154 τὴν
874 1127 967 1152 φαινο-

176 1162 270 1198 μένηνο
279 1162 325 1190 καὶ
337 1163 390 1199 γάρ
397 1163 516 1199 Μωῦσῆς
525 1164 568 1191 ὅτε
576 1164 690 1199 ἀνῆλθεν
699 1165 739 1196 είς
747 1164 775 1191 τὸ
784 1164 856 1200 ὅρος,
864 1164 970 1201 ἡμέρας

174 1209 380 1244 τεσσαράκοντα
392 1210 562 1244 ἐνήστευσεν.
584 1209 711 1245 Ἀνῆλθεν
722 1210 876 1245 ἄνθρωπος,
901 1219 966 1236 κατ-

174 1255 238 1290 ῆλθε
249 1255 315 1282 Θεὸν
326 1254 404 1290 ἔχων.
419 1255 474 1283 Καὶ
489 1255 528 1282 τδε
545 1255 677 1290 βλέπομεν
691 1255 720 1281 ὲν
735 1256 810 1290 ἡμῖν,
823 1257 862 1283 ὅτι
875 1257 904 1283 ὲν
917 1255 971 1282 ὀλί-

178 1309 241 1334 γαις
255 1300 382 1336 ἡμέραις,
392 1300 440 1328 ἐὰν
453 1300 490 1336 μὴ
500 1300 687 1336 ὑποστηριχθῇ
701 1301 731 1327 τὸ
741 1301 820 1337 σῶμα
830 1300 970 1337 βρώμασι,

179 1345 333 1381 φθείρεται.
345 1345 400 1373 Καὶ
425 1345 507 1379 αὐτὸς
522 1347 551 1374 ὲν
570 1345 775 1382 τεσσαράκοντα
793 1347 909 1381 ἡμέραις
924 1356 972 1382 νη-

178 1390 303 1422 στεύσας,
312 1390 404 1418 πλεῖον
412 1390 482 1418 ὅλων
494 1391 870 1427 ἑνδυναμῶτεροςκατῆλθεν.
879 1391 971 1427 Ἐτρέ-

179 1444 244 1471 φετο
258 1436 311 1473 γὰρ
326 1436 379 1463 ὑπὸ
399 1436 446 1463 τοῦ
474 1436 554 1470 Θεοῦ,
580 1437 629 1464 καὶ
649 1437 814 1473 ᾠκονομεῖτο
844 1436 927 1464 αὐτοῦ
941 1436 972 1463 τδ

181 1481 260 1517 σῶμα
275 1482 344 1519 ἄλλῃ
356 1483 441 1518 τροφῇ
458 1483 622 1519 ἐπουρανίῳ.
644 1483 674 1510 '0
683 1483 737 1518 γὰρ
747 1482 824 1516 λόγος
838 1481 885 1509 τοῦ
898 1482 967 1508 Θεοῦ

179 1528 266 1564 τροφὴ
283 1527 357 1563 αὐτῷ
374 1528 504 1563 ἐγίγνετο,
524 1529 571 1556 καὶ
583 1526 640 1564 εἶχε
661 1529 740 1562 δόξαν
762 1529 801 1560 είς
817 1528 847 1555 τὸ
881 1527 968 1564 πρόσ-

180 1583 264 1601 ωπονο
276 1574 307 1602 τὸ
318 1573 471 1610 γενόμενον,
486 1574 571 1607 τύπος
585 1572 629 1610 ῆν·
642 1574 734 1608 ἐκείνη
747 1573 801 1609 γὰρ
817 1574 834 1609 ἡ
846 1572 909 1605 δόξα
921 1571 970 1599 νῦν

181 1618 283 1647 ἔσωθεν
311 1620 351 1652 είς
372 1619 422 1651 τὰς
440 1620 552 1655 καρδίας
579 1619 633 1647 τῶν
656 1615 830 1655 Χριστιανῶν
850 1618 964 1653 λάμπει.

189 1666 368 1701 ’Ᾱνιστάμενα
381 1665 436 1702 γὰρ
452 1666 487 1693 τὰ
511 1667 625 1701 σώματα
650 1666 679 1692 ἐν
694 1667 727 1701 τῇ
744 1665 890 1692 ἀναστάσει
900 1664 973 1697 ἄλλῳ

184 1711 311 1746 meum
325 1711 408 1747 Θεῖκῷ
425 1711 618 1745 σκεπάζονται,
643 1711 690 1738 καὶ
705 1710 805 1747 βρώσει
818 1710 973 1747 ἐπουρανίῳ

183 1756 337 1792 τρέφονται.
593 1791 595 1794 ⁴

220 1802 268 1829 IE'.
277 1801 444 1836 Ἐρώτησις.
460 1802 491 1829 Τί
500 1801 576 1835 ἐστι,
592 1795 670 1837 γωνέὴ
678 1801 918 1832 ἀκατακαλύπτώ
927 1810 974 1830 κε-

184 1847 268 1882 φαλιῑ
277 1847 522 1882 προσευχομένη;
744 1842 763 1859 ’⁸

226 1893 402 1927 Ἀπόκρισις.
424 1892 533 1929 Ἐπειδὴ
556 1894 585 1919 ὲν
600 1893 639 1928 τῷ
660 1893 749 1929 καιρῷ
767 1893 823 1920 τῶν
851 1893 970 1920 ἀποστό-

185 1939 238 1964 λων
255 1938 406 1972 ἀφιεμένας
434 1935 506 1973 εἶχον
534 1937 585 1969 τὰς
603 1937 700 1974 τρίχας
728 1939 789 1965 ἀντὶ
814 1938 974 1974 σκεπάσμα-

186 1992 242 2014 τος”
259 1983 303 2010 διὰ
314 1983 392 2010 τοῦτο
413 1984 427 2010 ὁ
441 1983 543 2019 Κύριος
559 1984 607 2011 καὶ
628 1984 653 2010 οί
674 1983 818 2011 ἀπόστολοι
831 1982 912 2020 ἦλθον
935 1984 974 2016 είς

186 2028 235 2064 τὴν
253 2027 341 2054 κτίσιν
359 2028 405 2054 καὶ
431 2029 628 2065 ἐσωφρόνησαν
654 2029 749 2064 αὑτήν.
777 2028 850 2065 Πλὴν
875 2029 973 2065 ήγυνὴ

187 2075 274 2100 κεῖται
288 2075 328 2106 εἰς
342 2074 426 2101 τύπον
451 2074 502 2110 τῆς
527 2075 706 2110 Ἐκκλησίας’
720 2076 768 2103 καὶ
782 2075 878 2111 ὥσπερ
891 2076 930 2107 είς
945 2076 975 2102 τὸ

190 2119 355 2154 φαινόμενον
371 2120 401 2146 ὲν
418 2120 514 2155 ἐκείνῳ
527 2120 565 2156 τῷ
593 2121 683 2156 καιρῷ
698 2122 800 2147 ἐκεῖναι
823 2118 896 2156 εἶχον
931 2120 975 2154 ἐξ·

186 2165 350 2200 ηπλωμὲνας
366 2167 415 2198 τὰς
429 2166 525 2201 τρίχας
542 2167 602 2193 ἀντὶ
621 2167 828 2202 σκεπάσματος·
843 2167 914 2194 οὕτω
929 2167 975 2194 καὶ

1014 256 1125 284 vocabit
1153 260 1246 292 pastor
1256 263 1335 283 suum
1365 263 1485 291 gregem,
1521 254 1680 290 quicunque
1703 258 1799 281 caute-

1014 302 1085 329 rium
1112 302 1270 334 habuerint,
1303 306 1468 336 cognoscent
1491 305 1629 336 pastorem
1657 307 1749 333 suum,
1772 303 1801 326 et

1014 350 1107 381 pastor
1124 346 1215 381 sigillo
1229 345 1374 380 insignitos
1388 349 1525 380 agnoscet,
1535 349 1563 371 ct
1578 343 1754 379 congregabit
1766 351 1798 370 ex

1014 391 1142 419 omnibus
1158 390 1296 426 gentibus.
1315 390 1415 418 Vocem
1442 389 1515 416 enim
1540 389 1599 424 ejus
1613 388 1739 420 audiunt,
1750 387 1799 423 qui

1014 441 1079 465 sunt
1093 437 1146 470 sui,
1174 441 1202 464 et
1216 439 1371 471 sequuntur
1394 442 1469 462 eum.
1486 434 1515 461 ln
1531 435 1598 462 duas
1623 434 1696 461 enim
1708 438 1799 468 partes

1015 483 1134 511 mundus
1151 482 1294 515 dividitur,
1319 486 1347 510 et
1371 485 1414 509 est
1427 488 1498 508 unus
1526 489 1591 515 grex
1624 480 1795 512 tenebrosus,

1015 530 1062 565 qui
1076 529 1233 557 discedetin
1246 529 1336 563 ignem
1349 526 1600 563 inexstinguibilem
1612 531 1796 557 etaeternum;

1015 576 1084 604 alter
1109 583 1175 603 vero
1205 575 1303 610 plenus
1333 573 1446 606 lumine,
1477 572 1525 607 qui
1548 572 1581 599 ad
1609 572 1797 599 haereditate!“

1016 623 1154 650 caelestem
1169 621 1332 648 deducetur.
1344 619 1414 646 Illud
1429 618 1521 654 igitur,
1537 617 1610 653 quod
1625 625 1698 644 nunc
1711 617 1800 652 possi-

1016 668 1113 695 demus
1127 667 1155 694 in
1175 666 1286 699 animis,
1299 664 1366 694 illud
1391 664 1481 700 ipsum
1499 663 1655 699 splendebit
1676 667 1704 690 et
1741 671 1801 690 ma—

1016 711 1201 744 nifestabitur,
1225 716 1253 739 et
1271 718 1387 745 corpora
1402 710 1518 737 induent
1541 708 1667 744 gloriam.

1051 758 1120 785 XIV.
1146 757 1264 785 Perinde
1294 765 1326 784 ac
1353 760 1477 791 tempore
1502 755 1604 783 mensis
1639 754 1741 789 Aprilis
1760 761 1803 780 ra-

1017 805 1092 832 dices
1106 809 1177 832 terra
1190 807 1335 839 coopertos,
1354 811 1418 830 suos
1442 802 1561 834 fructus,
1588 808 1706 835 suosque
1723 800 1804 827 ﬂores

1017 859 1049 878 ac
1061 850 1183 878 lautitias
1196 849 1364 884 producunt,
1395 848 1571 882 fructumque
1587 846 1689 877 ferunt,
1699 852 1731 872 ac
1745 852 1803 871 ma-

1018 897 1184 924 nifestantur
1208 895 1332 923 fecundae
1369 894 1486 926 radices,
1514 893 1553 920 uti
1568 896 1597 920 et
1628 899 1688 926 quae
1711 890 1804 925 spinas

1018 944 1121 975 ferunt,
1139 941 1343 978 pateﬁuntzsic
1365 941 1393 968 in
1409 940 1454 967 illa
1465 940 1520 972 die,
1535 938 1652 973 quilibet
1673 945 1723 964 suo
1741 943 1805 963 cor—

1019 998 1096 1025 pore,
1117 989 1184 1024 quid
1199 989 1298 1024 egerit,
1315 987 1473 1022 patefaciet,
1501 991 1529 1012 et
1557 982 1806 1011 manifestabuntur

1020 1036 1091 1064 mala
1104 1040 1132 1063 et
1143 1035 1228 1063 bona.
1244 1034 1304 1062 illic
1321 1033 1395 1061 enim
1413 1032 1467 1060 erit
1481 1029 1637 1058 universale
1659 1028 1805 1063 judicium,

1019 1086 1046 1109 et
1069 1080 1225 1108 retributio.
1249 1079 1298 1107 Est
1325 1078 1399 1106 enim
1418 1077 1488 1105 alius
1513 1075 1592 1104 cibus
1614 1077 1713 1109 praeter
1731 1081 1805 1103 eum.

1019 1127 1067 1162 qui
1079 1125 1201 1154 videtur.
1222 1125 1311 1152 Moses
1322 1123 1396 1151 enim
1410 1130 1473 1150 cum
1491 1121 1652 1149 ascenderet
1673 1123 1805 1150 montem,

1019 1172 1200 1208 quadraginta
1225 1170 1285 1199 dies
1309 1169 1452 1206 jejunavit.
1487 1167 1618 1196 Ascendit
1642 1165 1736 1198 homo,
1757 1164 1806 1191 dc-

1020 1217 1126 1245 scendit
1137 1216 1244 1244 habens
1260 1216 1358 1243 Deum.
1373 1215 1407 1241 Et
1433 1221 1508 1245 ecce,
1524 1212 1648 1239 videmus
1659 1211 1686 1238 in
1714 1209 1806 1239 nobis.

1020 1263 1094 1298 quod
1116 1268 1317 1298 perpaucorum
1354 1259 1463 1287 dierum
1490 1258 1590 1293 spatio,
1615 1256 1669 1284 nisi
1691 1262 1807 1290 corpora

1020 1306 1317 1344 sutfulciangm-mibis,
1335 1305 1394 1341 ipsa
1420 1307 1546 1340 pereant.
1563 1303 1623 1338 ipse
1645 1308 1713 1330 vero
1738 1308 1808 1335 qua-

1020 1352 1145 1388 draginta
1230 1358 1294 1378 cum
1319 1350 1431 1386 jejunus
1445 1349 1554 1380 fuisset,
1565 1347 1663 1375 fortior
1680 1346 1809 1374 omnlius

1021 1396 1174 1425 descendit.
1202 1396 1333 1423 Alebatur
1356 1394 1431 1422 enim
1449 1401 1466 1421 a
1500 1393 1567 1426 Deo,
1588 1396 1616 1420 et
1629 1399 1731 1427 corpus
1748 1391 1809 1426 ejus

1021 1441 1227 1470 sustentabatur
1247 1440 1302 1468 alio
1322 1439 1384 1467 cibo
1410 1437 1526 1466 caelesti.
1553 1436 1650 1464 Sermo
1670 1435 1744 1463 enim
1760 1435 1807 1463 Dei

1022 1489 1102 1517 cibus
1111 1488 1137 1516 ei
1151 1493 1220 1520 erat,
1248 1489 1278 1514 et
1303 1485 1422 1513 habebat
1445 1483 1559 1519 gloriam
1582 1482 1610 1510 in
1632 1481 1712 1509 facie.
1723 1480 1810 1508 Omne
1868 1483 1871 1486 '

1022 1534 1096 1570 quod
1108 1533 1191 1561 fiebat
1203 1552 1211 1566 ,
1223 1536 1304 1568 typus
1316 1534 1375 1559 erat
1386 1529 1501 1557 alterius
1515 1528 1565 1556 rei.
1578 1528 1626 1555 llla
1636 1526 1710 1554 enim
1722 1526 1809 1562 gloria

1025 1588 1080 1609 non
1096 1581 1172 1608 intus
1181 1580 1209 1607 in
1223 1577 1355 1606 cordibus
1362 1576 1582 1605 Christianorum
1594 1573 1689 1609 fulget.
1708 1572 1811 1600 Resur-

1024 1626 1117 1662 gentia
1139 1626 1214 1653 enim
1229 1631 1346 1659 corpora
1367 1622 1396 1649 in
1416 1620 1630 1651 resurrectione,
1646 1619 1699 1646 alio
1727 1617 1811 1645 vesti-

1026 1663 1224 1701 mento‘divino
1238 1669 1409 1706 operientur.
1424 1675 1456 1696 ac
1474 1667 1537 1696 cibo
1559 1665 1663 1694 celoesti
1687 1664 1812 1693 nutrien-

1027 1723 1081 1746 tur.

1061 1807 1117 1844 58
1129 1806 1187 1834 XV.
1203 1805 1388 1840 Interrogatio.
1404 1802 1474 1836 Quid
1489 1806 1529 1829 est
1539 1801 1606 1829 illud
1619 1821 1627 1834 ,
1641 1800 1748 1828 Femina
1760 1808 1812 1828 tum

1026 1853 1112 1881 velato
1128 1853 1212 1888 capite
1225 1859 1305 1879 orans
1319 1850 1363 1876 ⁸¹⁶ί

1061 1899 1216 1934 Responsio.
1252 1896 1386 1930 Quoniam
1421 1894 1590 1930 temporibus
1626 1892 1811 1927 apostolorum

1027 1945 1149 1980 prolixos
1160 1944 1269 1972 alebant
1279 1943 1370 1971 crines
1380 1950 1431 1977 pro
1448 1940 1592 1970 velamine.
1604 1943 1749 1974 propterea
1760 1938 1813 1965 Do-

1027 1991 1120 2018 minus
1129 1994 1157 2018 et
1168 1989 1286 2025 apostoli
1297 1991 1434 2016 venerunt
1444 1987 1478 2014 ad
1486 1990 1651 2017 creaturam,
1663 1988 1693 2011 ut
1701 1992 1761 2011 eam
1778 1984 1812 2011 ad

1027 2036 1189 2064 modestiam
1215 2035 1394 2063 adducerent.
1420 2032 1522 2060 Verum
1548 2031 1649 2058 mulier
1676 2034 1757 2065 typus
1770 2033 1814 2057 est

1028 2081 1168 2110 Eeclcsize.
1186 2081 1221 2108 Et
1243 2078 1473 2115 quemadmodum
1496 2077 1530 2105 ad
1555 2077 1671 2104 aliorum
1694 2083 1812 2114 comps-

1028 2131 1102 2155 ctum
1119 2131 1240 2161 tempore
1252 2126 1298 2153 illo
1313 2125 1444 2152 mulieres
1457 2123 1590 2160 gerebant
1610 2130 1706 2158 passos
1716 2122 1809 2149 crines

1028 2182 1080 2210 pro
1093 2173 1229 2201 velamine
1247 2192 1255 2204 .
1279 2172 1320 2200 sic
1348 2171 1470 2199 Ecclesia
1499 2170 1571 2197 ﬁlios
1597 2175 1662 2196 suos
1679 2168 1768 2195 induit
1786 2172 1815 2195 et

187 2213 204 2247 ἡ
226 2211 373 2246 Ἐκκλησία
386 2211 420 2238 τὰ
444 2212 527 2239 τέκνα
547 2212 633 2248 αὐτῆς
646 2212 733 2239 ὲνδύει
749 2212 799 2240 καὶ
817 2212 969 2247 περιὸἀλλει

1028 2219 1124 2247 amicit
1138 2217 1310 2246 vestimentis
1331 2216 1433 2244 divinis
1443 2220 1472 2243 et
1494 2214 1631 2250 gloriosis.
1656 2213 1815 2247 Antiquitas

186 2257 314 2292 ἐνδύμασι
331 2256 429 2289 θεῖκοῖς,
457 2257 505 2283 καὶ
518 2257 732 2292 δεδοξασμένοις.
751 2258 808 2284 Καὶ
822 2258 862 2289 είς
875 2257 906 2283 τὸ
920 2266 973 2284 πα-

186 2303 261 2330 λαιὸν
278 2303 306 2330 δὲ
318 2304 367 2338 τῆς
397 2302 561 2338 Ἐκκλησίας
587 2303 709 2338 Ἰσραὴλ,
727 2303 776 2337 μία
802 2300 837 2339 ῆν
861 2303 875 2338 ἡ
909 2311 973 2330 συν-

186 2349 290 2384 αγωγὴ,
305 2349 352 2376 καὶ
366 2349 497 2376 ὲσκέπετο
510 2348 562 2375 ὑπὸ
581 2349 629 2376 τοῦ
651 2348 820 2384 Πνεύματος,
840 2349 889 2375 καὶ
899 2346 971 2385 ἦσαν

187 2394 245 2420 ἀντὶ
260 2393 338 2430 δόξης
355 2393 582 2429 περιϐεϐλημένοι
603 2393 632 2420 τὸ
647 2393 768 2428 Πνεῦμα,
787 2393 812 2420 εἰ
826 2393 874 2423 καὶ
898 2393 975 2420 αὐτοὶ

186 2439 236 2466 οὐκ
254 2439 429 2475 ὲστοίχησαν.
450 2438 599 2473 Ἐκκλησία
612 2436 659 2465 οὖν
674 2438 782 2472 λέγεται
793 2439 840 2465 καὶ
851 2439 897 2465 ὲπὶ
910 2438 976 2465 πολι

187 2485 250 2518 λῶν,
269 2485 316 2513 καὶ
332 2485 378 2512 ἐπὶ
394 2485 458 2520 μιᾶς
472 2484 571 2520 ψυχῆς·
591 2484 659 2519 αὐτὴ
675 2484 728 2520 γὰρ
742 2485 758 2521 ἠ
775 2484 849 2521 ψυχὴ
864 2484 975 2519 συνάγει

187 2530 266 2563 ὅλους
279 2530 342 2562 τοὺς
362 2530 520 2564 λογισμοὺς,
539 2528 587 2556 καὶ
603 2528 676 2555 ἐστιν
695 2529 844 2564 Ἐκκλησία
854 2529 893 2566 τῷ
903 2530 974 2566 Θεῷ.

194 2574 334 2612 Ἦρμόσθη
352 2575 405 2610 γὰρ
424 2575 463 2605 είς
477 2574 619 2601 κοινωνίαν
635 2574 652 2608 ὴ
667 2573 741 2610 ψυχὴ
759 2573 798 2608 τῷ
824 2567 977 2611 ἐπουρανίῳ

188 2621 307 2656 νυμφίῳ,
323 2621 370 2647 καὶ
390 2620 517 2655 κιρνᾶται
527 2619 567 2654 τῷ
579 2618 744 2654 ἐπουρανίῳ,
767 2618 846 2657 τοῦτο
873 2619 902 2646 δὲ
927 2620 974 2647 καὶ

190 2666 235 2692 ιπὶ
250 2666 355 2692 πολλῶν
367 2666 482 2697 νοεῖται,
497 2664 544 2690 καὶ
559 2664 604 2690 ἐπὶ
617 2663 685 2694 ἑνός.
704 2663 758 2690 Καὶ
775 2664 830 2699 γὰρ
844 2665 857 2690 ὁ
867 2664 973 2699 προφή-

191 2718 239 2744 της
257 2703 330 2745 λέγει
348 2710 413 2746 περὶ
427 2710 476 2745 τῆς
497 2709 683 2745 Ἰερουσαλὴμ,
705 2706 803 2743 Εὖρόν
814 2716 851 2736 σε
863 2709 976 2745 ἔρημον

195 2755 241 2781 καί
262 2756 390 2791 γυμνὴν,
402 2756 452 2783 καὶ
463 2755 594 2783 ἐνέδυσά
606 2763 653 2788 σε,
669 2756 716 2781 καὶ
736 2756 770 2781 τὰ
781 2754 853 2791 ἑξῆς,
866 2755 904 2787 ὡς
927 2756 976 2782 ἐπὶ

195 2799 239 2826 τοῦ
253 2800 311 2832 ἑνὸς
325 2801 469 2836 προσώπου
482 2799 564 2830 εἶπεν.

228 2859 250 2874 ³³
268 2858 277 2885 I
299 2858 362 2886 Cor.
387 2867 423 2891 ιι,
438 2859 462 2886 Ei.
500 2861 522 2876 "
536 2860 624 2889 Ezcch
661 2868 714 2887 va.
734 2859 760 2886 6.

1027 2269 1117 2292 autent
1134 2262 1263 2291 Ecclesiae
1286 2260 1371 2289 Israel
1391 2267 1445 2287 una
1465 2264 1524 2287 erat
1538 2259 1723 2294 congregatio,
1753 2266 1814 2293 qua:

1027 2309 1204 2345 operiebatur
1218 2306 1322 2342 Spiritu
1346 2310 1395 2333 :et
1414 2304 1504 2332 induti
1532 2308 1613 2331 erant
1638 2303 1742 2338 Spiritu
1764 2311 1814 2337 pro

1027 2355 1123 2392 gloria.
1156 2353 1282 2389 quamvis
1315 2351 1367 2386 ipsi
1396 2359 1452 2378 non
1480 2349 1678 2377 consentirent.
1709 2347 1814 2375 Dicitur

1026 2407 1093 2435 ergo
1106 2397 1230 2426 Ecclesia
1245 2401 1299 2424 tam
1318 2395 1353 2423 de
1364 2394 1489 2430 pluribus
1503 2401 1584 2429 quam
1599 2392 1633 2420 de
1644 2399 1698 2419 una
1712 2392 1811 2418 anima.

1025 2446 1089 2474 Haec
1110 2444 1184 2472 enim
1209 2443 1302 2470 anima
1331 2445 1480 2476 congregat
1501 2447 1598 2467 omnes
1620 2437 1812 2473 cogitationes.

1024 2497 1107 2525 atque
1123 2490 1179 2523 Deo
1195 2492 1238 2516 est
1262 2486 1396 2515 Ecclesia.
1419 2486 1489 2521 Apta
1512 2485 1585 2513 enim
1604 2487 1646 2511 est
1669 2483 1760 2510 anima
1779 2482 1816 2516 ad

1025 2536 1186 2564 societatem
1204 2532 1325 2561 cmlestis
1353 2530 1465 2567 Sponsi,
1491 2534 1519 2557 et
1552 2533 1720 2563 temperatur
1751 2535 1813 2554 cum

1026 2581 1143 2610 cmlesti.
1170 2580 1228 2608 lloc
1239 2586 1305 2607 vero
1337 2577 1430 2606 nonin
1459 2576 1587 2611 pluribus
1613 2579 1728 2604 tantum.
1766 2573 1813 2600 sed

1027 2625 1110 2653 ctiam
1133 2624 1161 2652 in
1176 2631 1232 2651 uno
1254 2626 1345 2658 potest
1370 2619 1496 2655 intelligi.
1518 2619 1558 2650 De
1571 2617 1722 2646 Jerusatem
1739 2617 1813 2644 enim

1027 2670 1162 2706 propheta
1180 2668 1269 2705 inquit
1290 2677 1296 2695 :
1318 2666 1410 2694 Inveni
1425 2669 1449 2692 te
1461 2665 1593 2696 desertam
1617 2667 1642 2691 et
1663 2662 1772 2693 nudam.
1789 2667 1814 2688 rt

1028 2713 1103 2741 ind-ti
1119 2717 1145 2751 ξε
1159 2712 1193 2746 ³⁸,
1208 2716 1238 2741 et
1254 2714 1366 2743 caetera,
1393 2713 1523 2744 tanquam
1550 2708 1585 2736 de
1612 2713 1667 2735 una
1696 2711 1814 2742 persona

1030 2760 1201 2795 loqueretur.
