2078 3151
290 172 339 207 567

290 281 330 304 rat
344 276 461 304 Domino
475 275 509 302 de
526 276 626 303 Maria:
650 276 707 312 Ego
724 277 755 303 de
771 277 860 304 mulus
874 277 987 304 sollicita
1004 284 1074 310 sum,

289 325 313 348 et
330 321 384 348 haec
398 320 495 347 assidet
512 320 580 346 tihi?

322 366 475 400 Responsio.
493 365 571 398 Quod
588 365 707 393 debebat
731 365 824 393 dicere
848 366 930 393 Maria
952 366 1075 399 Marthae,

288 412 316 439 id
329 412 461 439 Dominus
483 419 687 446 praeoccupans,
709 412 798 439 eidem
822 412 899 445 dixit,
927 412 1000 447 quod
1018 412 1075 445 illa,

287 457 416 485 omnibus
432 458 545 490 relictis,
563 458 674 485 sederet
691 458 725 485 ad
744 459 828 493 pedes
842 459 961 490 Domini,
975 466 1006 485 ac
1022 459 1077 485 Deo

288 503 465 530 bcnediceret
486 508 541 530 tota
557 503 611 530 die.
625 504 706 531 Vides
734 504 873 531 assidendi
900 504 1076 537 beneﬁcium,

288 555 338 582 pro
360 547 508 575 dilectione
529 548 633 575 datum.
658 549 693 576 Ut
717 554 807 575 autem
823 549 924 576 clarius
947 554 1078 584 appareat

288 594 404 621 verbum
431 594 491 624 Dei.
518 594 592 620 audi.
619 594 647 621 Si
673 594 734 629 quis
753 594 841 629 diligit
866 594 969 627 Jesum,
996 595 1078 629 eique

289 639 405 666 attendit
422 638 533 666 assidue
553 647 627 671 vero,
639 645 667 667 et
685 648 739 666 non
759 641 873 667 remisse
889 640 1016 672 attendit,
1029 640 1076 667 sed

289 689 449 718 perseverat
465 692 574 719 quoque
590 685 616 711 in
635 684 782 712 dilectione
811 685 865 720 jam
888 686 961 712 Deus
977 686 1078 720 cogitat

290 737 339 764 pro
355 729 503 757 dilectione
520 730 564 756 illa
582 730 646 757 dare
662 730 765 764 aliquid
782 730 819 757 illi
833 732 939 762 animzc,
953 731 1078 765 quamvis

290 775 372 802 homo
389 775 502 808 nesciat,
513 775 577 810 quid
590 781 754 811 accepturus
767 777 812 809 sit,
826 781 874 803 aut
886 778 994 811 qualem
1012 785 1077 812 por-

290 820 394 847 tionem
414 820 486 848 Deus
499 821 649 856 largiturus
668 822 702 849 sit
721 823 827 849 animzc.
843 823 877 849 Et
891 830 957 850 sane
969 823 1076 856 Marias,

289 874 350 901 quae
359 866 490 901 diligebat
509 875 582 899 eum,
596 871 624 895 ct
642 868 781 895 assidebat
796 868 914 903 pedibus
936 870 1005 904 ejus,
1020 877 1075 896 non

903 176 933 205 S.
954 171 1113 206 MACARII
1132 172 1293 205 )EGYPTII

320 229 390 257 XVI.
425 228 610 264 Interrogatio.
626 228 697 262 Quid
708 234 762 263 est,
777 229 851 265 quod
870 230 975 258 Martha
996 230 1073 258 dixe-
1086 229 1113 258 Α

1863 173 1915 204 568

1160 228 1396 263 lq’.‘Ede.-no'tc.
1413 228 1445 254 Τί
1461 228 1534 254 ἐστιν
1549 227 1563 254 ὁ
1575 228 1592 262 ή
1610 227 1710 262 Μάρθα
1729 225 1790 255 εἷπε
1807 228 1846 263 τῷ
1858 229 1915 266 Ku—

1131 273 1181 310 ρίῳ
1197 275 1260 310 περὶ
1281 275 1330 309 τῆς
1351 273 1471 308 Μαρίας,
1485 273 1525 299 δτι
1540 273 1611 308 Ἐγὼ
1627 273 1729 309 κάμνω
1740 274 1784 307 εις
1804 275 1913 308 πολλὰ,

1127 318 1177 346 καὶ
1191 319 1268 352 αὕτη
1281 317 1510 353 παρακαθέζεταί
1525 326 1574 345 σοι
1586 327 1596 352 ;

1168 365 1347 399 Ἀπόκρισις.
1355 365 1386 391 ’Ὁ
1399 364 1514 398 ὤφειλεν
1530 364 1615 390 εἰπεῖν
1626 364 1642 399 ἠ
1653 364 1748 399 Μαρία
1759 366 1792 400 τῇ
1803 364 1912 400 Μάρθα,

1126 410 1141 437 6
1164 410 1267 445 Κύριος
1287 409 1430 445 προλαϐὼν
1451 407 1526 436 εἶπεν
1547 409 1626 444 αὐτῇ,
1642 409 1682 436 ὅτι
1702 409 1790 436 πάντα
1809 410 1913 444 ἀφῆκεν

1127 456 1235 492 ἐκείνη,
1254 457 1299 483 καὶ
1315 456 1390 491 παρὰ
1411 457 1474 487 τοὺς
1496 456 1578 487 πόδας
1596 456 1713 491 ἐκάθητο
1733 456 1780 482 τοῦ
1795 456 1911 491 Κυρίου,

1127 503 1174 529 καὶ
1187 503 1234 529 τὸν
1244 503 1309 529 Θεὸν
1326 502 1429 536 εὐλόγει
1445 502 1508 537 ὃλην
1522 502 1571 537 τὴν
1589 501 1704 536 ἡμέραν.
1724 502 1804 537 Ὁρᾷς
1815 511 1913 538 προσε-

1129 549 1222 584 δρείαν
1235 549 1303 583 ὑπὲρ
1318 548 1437 582 ἀγάπης.
1449 548 1506 574 Ἰνα
1518 548 1546 574 δὲ
1562 548 1727 583 σαφέστερον
1743 548 1757 573 ὀ
1777 547 1855 581 λόγος
1868 547 1913 574 τοῦ

1127 594 1193 621 Θεοῦ
1206 594 1338 629 φωτισθῇ,
1349 594 1475 620 ἄκουσον.
1489 593 1522 619 Εί
1531 601 1573 624 τις
1582 593 1676 628 ἀγαπᾷ
1686 593 1731 619 τὸν
1742 592 1856 626 Ἰησοῦν,
1868 592 1914 618 καὶ

1128 640 1254 674 προσέχει
1272 639 1346 673 αὺτῷ
1360 639 1447 674 ὀρθῶς
1464 638 1511 665 καὶ
1523 638 1571 673 οὐχ
1586 637 1679 669 ἀπλῶς
1694 637 1832 673 προσέχει,
1848 637 1914 664 ἀλλὰ

1127 685 1173 710 καὶ
1189 684 1342 719 παραμένει
1358 684 1387 709 ὲν
1405 685 1437 718 τῇ
1452 682 1559 718 ἀγάπῃ,
1574 683 1625 718 ήδη
1641 683 1688 709 καὶ
1701 684 1715 709 ὁ
1730 682 1795 714 Θεὺς
1808 683 1914 717 λογίζε-

1127 738 1170 755 ται
1194 729 1255 755 ἀντὶ
1274 729 1322 763 τῆς
1343 728 1453 762 ἀγάπης
1481 727 1589 761 ἐκείνης
1609 726 1699 754 δοῦναί
1722 727 1860 763 ’τι-εκείνη
1879 728 1912 762 τῇ

1126 774 1211 809 ψυχῇ.
1228 775 1251 800 εί
1269 759 1314 800 m1":
1330 774 1344 799 ὀ
1359 759 1501 808 ἀνορῶπος
1517 759 1573 799 οὐκ.
1584 770 1638 799 οἶδε
1658 772 1685 798 τί
1808 759 1914 807 λαμδάζ

1126 828 1193 851 νειν,
1214 819 1230 854 ἢ
1247 820 1323 845 ποῖον
1345 819 1427 853 μέρος
1445 818 1536 853 μέλλει
1552 819 1566 844 ὁ
1582 818 1647 850 Θεὸς
1669 818 1768 845 διδόναι
1780 819 1813 853 τῇ
1829 817 1912 853 ψυχῇ.

1127 866 1184 892 Καὶ
1198 866 1230 900 τῇ
1251 865 1346 900 Μαρίᾳ
1368 864 1423 900 γὰρ
1436 864 1572 899 ἀγαπώσῃ
1584 864 1676 897 αὑτὸν,
1692 863 1740 890 καὶ
1753 864 1913 898 παρακαθε-

289 911 451 946 simpliciter
464 919 494 939 se
508 912 650 947 adiunxit;
668 913 714 939 sed
727 913 857 940 virtutem
869 913 907 940 illi
928 913 1073 948 quamdam

1129 911 1228 946 ζομὲνῃ
1243 910 1319 946 παρά
1334 910 1397 941 τοὺς
1420 910 1503 941 πόδας
1523 909 1605 935 αὑτοῦ
1618 930 1625 942 ,
1647 910 1696 945 οὐχ
1712 909 1805 941 ἁπλῶς
1831 918 1914 944 προσ-

289 958 424 985 occultam
435 965 469 985 ex
481 965 529 985 sua
541 959 692 986 substantia
707 960 834 987 contulit.
845 960 993 987 Sermones
1002 960 1075 987 enim

291 1003 391 1037 quibus
410 1004 604 1038 alloquebatur
617 1005 690 1032 Deus
704 1005 731 1032 in
757 1006 851 1039 quiete
875 1005 998 1037 Mariam,
1024 1006 1078 1040 spi-

291 1049 361 1076 ritus
372 1053 450 1076 erant
461 1053 490 1076 et
497 1049 583 1076 virtus
593 1050 725 1084 quaedam.
738 1050 827 1085 Hique
843 1059 984 1079 sermones
995 1060 1077 1085 pene-

292 1094 400 1121 trabant
414 1102 472 1126 cor,
502 1098 531 1121 et
558 1095 649 1122 anima
662 1095 791 1128 animam,
809 1096 924 1130 spiritus
938 1097 1077 1131 spiritum,

292 1144 320 1167 ct
350 1140 440 1167 virtus
460 1139 552 1168 divina
580 1141 816 1175 multiplicabatur
843 1142 870 1168 in
894 1142 976 1168 cordo
1007 1143 1077 1177 ejus.

291 1184 449 1212 Necessario
464 1186 537 1213 enim
564 1186 651 1213 virtus
668 1186 723 1218 illa,
739 1194 906 1222 quocunque
924 1188 1077 1219 diverterit,

291 1229 348 1257 illic
362 1235 530 1264 perseverat.
547 1231 624 1257 velut
645 1231 792 1265 possessio,
816 1240 876 1266 qua:
903 1233 1002 1259 auferri
1029 1241 1078 1260 ne-

292 1275 363 1309 quit.
385 1274 478 1308 Quare
511 1275 645 1303 Dominus
669 1275 721 1303 sibi
741 1276 879 1308 conscius,
902 1277 967 1312 quid
990 1278 1079 1305 Maria:

291 1320 463 1351 contulisset,
475 1320 514 1347 ait
530 1329 537 1347 :
553 1320 641 1347 Maria
670 1321 797 1353 optimam
815 1322 927 1355 permit.
939 1322 1015 1357 elegit
1044 1322 1077 1349 ".

291 1366 351 1394 Non
363 1366 400 1393 ita
410 1366 491 1401 longe
506 1371 611 1400 postea,
624 1373 685 1401 quae
710 1366 857 1393 benevole“
868 1358 963 1401 egerat
974 1368 1079 1394 Martha

291 1413 364 1440 circa
388 1412 585 1444 ministerium,
612 1416 809 1446 promoverunt
838 1420 898 1439 eam
919 1413 952 1439 ad
976 1413 1078 1440 donum

292 1457 360 1484 illud
375 1457 479 1492 gratiae.
495 1457 543 1484 Illa
564 1457 638 1484 enim
650 1461 798 1484 consecuta
809 1461 851 1484 est
864 1457 994 1484 virtutem
1010 1457 1079 1484 divi-

291 1508 354 1529 nam
370 1502 396 1528 in
408 1502 508 1529 anima.

326 1546 407 1575 XVII.
425 1547 460 1574 Et
478 1554 543 1574 sane
555 1546 620 1581 quid
633 1546 746 1578 mirum.
762 1547 785 1573 si
813 1547 860 1581 qui
883 1547 1017 1574 accedunt
1044 1548 1076 1574 ad

291 1592 448 1625 Dominum,
478 1592 559 1626 eique
573 1592 754 1626 corporaliter
770 1592 983 1627 coniunguntur,
1001 1601 1077 1620 recc-

293 1642 391 1672 perunt
404 1638 548 1670 virtutem;
574 1645 648 1670 cum,
676 1639 808 1673 apostolis
823 1639 1000 1673 loquentibus
1016 1647 1077 1666 ver-

292 1684 357 1711 bum
373 1683 432 1717 Dei,
448 1684 580 1711 eeciderit
606 1691 689 1718 super
705 1684 850 1712 credentes
863 1684 999 1720 Spiritus?
1011 1686 1077 1712 Cor-

292 1729 381 1756 nelius
397 1736 431 1756 ex
453 1729 537 1756 vérbo
554 1729 611 1759 Dei.
628 1729 702 1763 quod
722 1730 838 1761 audivit,
867 1730 973 1764 accepit
987 1731 1077 1757 virtu-

293 1778 365 1801 tem:
381 1780 484 1809 quanto
498 1775 595 1809 magis,
609 1782 671 1801 cum
690 1775 822 1802 Dominus
839 1776 1001 1810 loqueretur
1016 1783 1077 1803 cum

294 1820 386 1852 Maria,
402 1824 450 1847 aut
463 1820 604 1852 Zaccluco,
618 1824 664 1847 aut
678 1821 841 1856 peccatrice,
853 1830 914 1856 qua:
927 1822 982 1857 49
993 1823 1080 1856 passis

292 1866 397 1901 capillis
423 1866 596 1900 abstergebat
622 1866 705 1900 pedes
732 1866 856 1899 Domini,
876 1872 923 1894 aut
953 1875 1015 1894 cum
1032 1867 1080 1895 Sa-

292 1910 437 1941 maritana,
462 1914 509 1937 aut
528 1911 645 1943 latrone,
673 1918 783 1946 egressa
797 1916 840 1939 est
868 1913 967 1944 virtus,
980 1918 1007 1939 et
1022 1921 1082 1947 per-

293 1954 392 1981 mistus
409 1958 451 1982 est
464 1961 526 1981 cum
541 1961 636 1981 eorum
656 1955 747 1982 anima
762 1955 882 1990 Spiritus
909 1961 1021 1984 sanctus
1037 1957 1058 1972 ³³
1072 1957 1078 1983 ι

292 2000 371 2027 Nunc
387 2007 497 2034 quoque
522 2000 569 2034 qui
599 2000 685 2027 Deum
701 2008 794 2027 amore
810 2007 1027 2035 prosequuntur,
1041 2006 1080 2033 ct,

293 2045 397 2073 relictis
413 2045 555 2078 omnibus,
570 2045 597 2072 in
607 2045 731 2073 oratione
744 2051 931 2080 perseverant,
947 2046 1082 2073 docentur

294 2096 409 2123 secreto.
434 2098 495 2125 quze
516 2099 570 2118 non
608 2096 752 2119 noverant.
789 2091 852 2126 ipsa
877 2091 951 2119 enim
979 2092 1082 2119 veritas

294 2135 447 2163 secundum
461 2136 570 2163 illorum
587 2137 757 2171 propositum
774 2141 887 2171 apparet
911 2136 977 2169 illis,
988 2142 1015 2165 et
1031 2137 1079 2165 dm

295 2186 338 2209 cet
355 2190 414 2210 eos.
433 2181 490 2218 Ego
504 2191 562 2208 sum
583 2183 679 2209 veritas
691 2183 723 2209 ³⁸.
742 2182 777 2209 Ει
804 2182 855 2217 ipsi
873 2190 987 2217 quoque
1014 2190 1082 2218 apo-

295 2227 357 2254 stoli
371 2231 434 2255 ante
448 2227 602 2262 passionem
618 2227 690 2262 apud
705 2227 850 2254 Dominum
866 2233 1080 2262 perseverantes,

296 2273 424 2300 viderunt
440 2273 563 2307 prodigia
576 2273 795 2307 magna,scilicet
808 2281 863 2307 quo
874 2277 955 2307 pacto
977 2274 1080 2308 leprosi

296 2318 495 2346 mandarentur
523 2322 550 2345 et
576 2318 677 2345 mortui
708 2319 938 2346 resuscitarentur
966 2319 999 2346 ³⁷.
1026 2320 1083 2348 Nec

297 2368 388 2390 tamen
407 2366 595 2398 cognoverunt
618 2362 756 2397 quomodo
769 2367 980 2391 conversaretur
996 2363 1083 2391 virtus

297 2408 401 2438 divina.
415 2412 463 2434 aut
483 2407 654 2434 ministraret
679 2408 705 2434 in
731 2408 830 2442 corde;
848 2413 877 2436 et
899 2409 974 2444 quod
1002 2409 1084 2444 spiri-

296 2454 408 2484 sualiter
422 2453 528 2481 renasci
540 2458 569 2481 et
581 2454 728 2488 temperari
740 2461 802 2481 eum
817 2455 906 2483 anima
917 2456 1022 2484 ccelesti
1036 2463 1084 2484 eos

298 2502 435 2533 oporteat,
463 2506 496 2525 ac
537 2498 594 2526 lieri
628 2507 725 2527 novam
765 2506 930 2530 creaturam.
968 2503 1084 2539 Propter

298 2545 375 2579 signa
401 2551 466 2571 vero
483 2565 490 2577 ,
519 2553 579 2579 quae
606 2545 733 2580 iaciebat,
750 2547 899 2583 diligebant
925 2550 1082 2578 Dominum.

299 2589 420 2616 Tandem
433 2590 565 2617 Dominus
576 2591 645 2619 dixit
658 2592 715 2620 eis:
730 2593 798 2626 Quia
812 2595 983 2622 admiramim‘
996 2597 1083 2631 signa,

299 2634 479 2664 hwréditutem
491 2646 616 2673 magnam
632 2640 664 2666 do
679 2642 758 2673 vobis,
776 2649 857 2675 quam
870 2651 922 2669 non
937 2643 1013 2669 habet
1027 2643 1087 2670 uni-

300 2690 390 2713 versus
406 2683 529 2711 muitdus.

335 2727 547 2756 XVlIl.Tandiu
572 2736 638 2758 vero
671 2729 731 2759 haec
750 2732 834 2759 verba
862 2732 916 2760 illis
943 2733 1087 2768 peregrina

299 2770 422 2803 fuerunt,
436 2770 524 2800 donec
537 2774 659 2802 surrexit
675 2781 691 2802 a
705 2776 832 2809 mortuis,
852 2781 881 2804 et
892 2776 991 2805 extulit
1019 2784 1083 2805 oor-

1128 956 1207 990 ετέοη
1218 977 1224 988 ,
1241 955 1307 982 ἀλλὰ
1325 955 1441 989 δύναμίν
1454 964 1515 981 τινα
1529 954 1701 990 κρυφιμαίαν
1716 955 1748 980 ἐκ
1767 954 1817 988 τῆς
1833 954 1914 981 αὐτοῦ

1127 1002 1221 1032 οὐσίας
1238 1001 1337 1028 ἔδωκεν
1355 1002 1434 1036 αὐτῇ.
1453 1000 1536 1027 Αὐτοὶ
1554 1000 1609 1035 γάρ
1624 1000 1649 1026 οἱ
1664 999 1748 1033 λόγοι,
1764 999 1810 1030 οὓς
1827 999 1915 1026 ἐλάλει

1127 1048 1142 1074 ὁ
1156 1047 1221 1078 Θεὸς
1238 1047 1306 1081 μετά
1316 1047 1427 1082 εἰρήνης
1449 1047 1482 1080 τῇ
1498 1045 1604 1081 Μαρίᾳ,
1632 1045 1775 1079 πνεύματα
1787 1042 1857 1080 ἦσαν
1869 1044 1916 1070 καὶ

1128 1092 1242 1126 δύναμίς
1255 1100 1308 1123 τις·
1324 1091 1372 1117 καὶ
1389 1089 1462 1118 οὖτοι
1475 1091 1499 1117 οι
1517 1091 1591 1125 λόγοι
1605 1089 1793 1125 εἰσερχόμενοι
1813 1090 1852 1120 είς
1866 1089 1915 1123 τὴν

1129 1139 1260 1174 καρδίαν,
1276 1139 1349 1173 ψυχὴ
1365 1139 1404 1170 είς
1419 1138 1508 1174 ψυχὴν
1519 1159 1526 1170 ,
1551 1139 1598 1165 καὶ
1613 1138 1722 1173 πνεῦμα
1738 1138 1779 1169 εἰς
1795 1136 1913 1172 πνεῦμα,

1130 1185 1176 1211 καὶ
1195 1184 1310 1219 δύναμις
1338 1184 1416 1220 οεῖκὴ
1440 1184 1592 1219 ἐπληροῦτο
1608 1184 1648 1215 είς
1665 1184 1715 1218 τὴν
1733 1183 1848 1219 καρδίαν
1866 1184 1914 1210 αὑα

1129 1231 1190 1265 τῆς.
1212 1229 1256 1262 Ἐξ
1271 1230 1394 1265 ἀνάγκης
1408 1230 1462 1264 γὰρ
1475 1230 1568 1265 ἐκείνη
1581 1230 1598 1265 ἡ
1611 1229 1734 1264 δύναμις,
1751 1229 1817 1256 ὅπου
1830 1237 1914 1255 κατα-

1129 1275 1205 1301 λύσει
1225 1275 1381 1310 παράμονος
1397 1274 1530 1309 γίγνεται,
1553 1275 1591 1306 ὡς
1613 1274 1705 1310 κτῆμα
1723 1274 1914 1309 ἀναφαίρετον.

1130 1321 1179 1347 Διά
1192 1321 1270 1347 τοῦτο
1282 1322 1295 1347 ὁ
1309 1320 1411 1356 Κύριος
1437 1320 1514 1352 εἰδὼς
1527 1320 1554 1347 τί
1571 1320 1670 1348 ἔδωκεν
1679 1321 1759 1355 αὐτῇ,
1772 1317 1843 1352 εἷπε,
1855 1319 1916 1346 Ma-

1127 1367 1178 1401 ρία
1193 1367 1251 1399 τὴν
1266 1365 1365 1400 καλὴν
1379 1365 1486 1400 μερίδα
1498 1366 1668 1398 ἐξελέξατο.
1684 1365 1762 1392 Μετὰ
1776 1364 1804 1391 δὲ
1820 1364 1914 1400 καιρὸν

1130 1414 1221 1440 ἐκεῖνα
1243 1413 1260 1439 ἃ
1286 1412 1373 1438 ἐποίει
1405 1411 1554 1447 προθύμως
1578 1405 1643 1447 περὶ
1663 1412 1713 1447 τὴν
1737 1410 1874 1439 διακονίαν
1897 1411 1914 1446 ή

1130 1459 1246 1493 Μάρθα,
1262 1458 1376 1493 ἤνεγκεν
1401 1457 1487 1493 αὐτὴν
1509 1458 1549 1489 είς
1563 1457 1593 1484 τὸ
1609 1457 1731 1493 χάρισμα
1748 1456 1846 1484 ἐκεῖνο.
1860 1456 1916 1484 Καὶ

1133 1505 1203 1539 αὑτὴ
1218 1505 1272 1538 γὰρ
1293 1504 1401 1535 ἐδέξατο
1412 1503 1524 1538 δύναμιν
1542 1502 1633 1538 Θεῖκὴν
1644 1503 1676 1538 τῇ
1693 1501 1767 1538 ψυχῇ
1782 1500 1879 1538 αὑτῆς.

1166 1550 1217 1576 iZ’.
1241 1549 1297 1575 Καὶ
1321 1549 1346 1575 τί
1361 1548 1536 1584 θαυμαστὸν,
1552 1549 1576 1575 εἰ
1594 1549 1619 1575 oi
1640 1548 1855 1584 προσερχόμενοι
1877 1547 1916 1584 τῷ

1128 1595 1223 1630 Κυρίῳ
1235 1614 1241 1626 ,
1260 1594 1308 1620 καὶ
1327 1593 1562 1629 προσκολλώμενοι
1581 1593 1743 1629 σωματικῶς
1765 1592 1916 1628 ἐλάμϐανον

1126 1640 1252 1674 δύναμιν,
1270 1640 1351 1666 ὁπότε
1367 1641 1390 1666 oi
1404 1640 1548 1666 ἀποστόλοι
1563 1640 1674 1666 ἐλάλουν
1685 1639 1774 1674 λόγον,
1791 1638 1839 1666 καὶ
1855 1638 1915 1666 επι-

1126 1694 1192 1713 πτεν
1212 1684 1259 1711 ἐπὶ
1281 1685 1344 1717 τοὺς
1368 1685 1544 1716 πιστεύοντας
1565 1685 1596 1711 τὸ
1614 1685 1728 1720 Πνεῦμα
1746 1685 1777 1712 τὺ
1791 1684 1886 1719 ἃγιον;
1900 1684 1916 1711 ὁ

1127 1732 1277 1767 Κορνήλιος
1295 1732 1327 1758 ὲκ
1347 1731 1394 1757 τοῦ
1411 1731 1489 1764 λόγου
1507 1728 1536 1758 οὗ
1551 1731 1665 1766 ἤκουσεν
1681 1730 1776 1757 ἔλαϐεν
1791 1730 1914 1765 δύναμιν·

1130 1778 1205 1813 πόσῳ
1220 1777 1319 1812 μᾶλλον
1333 1777 1347 1803 ὁ
1363 1777 1465 1812 Κύριος
1479 1778 1523 1803 ὅτε
1539 1777 1628 1804 ἐλάλει
1643 1777 1720 1811 λόγον
1734 1777 1767 1812 τῇ
1780 1777 1885 1812 Μαρίᾳ,
1898 1775 1915 1812 ἢ

1128 1823 1168 1859 τῷ
1180 1822 1317 1858 Ζακχαίῳ,
1329 1822 1345 1857 ἢ
1357 1823 1389 1857 τῇ
1400 1822 1565 1857 ἁμαρτωλῷ,
1578 1823 1639 1858 ἥτις
1650 1822 1787 1850 λιπάνασα
1796 1822 1845 1854 τὰς
1858 1822 1916 1858 τρί-

1129 1878 1191 1904 χας,
1205 1869 1349 1903 ἀπέμασσε
1364 1869 1426 1900 τοὺς
1443 1869 1527 1900 πόδας
1540 1868 1587 1895 τοῦ
1603 1869 1706 1904 Κυρίου
1719 1877 1726 1884 '
1741 1868 1758 1905 ἢ
1774 1870 1806 1904 τῇ
1822 1869 1916 1904 Σαμα-

1130 1913 1222 1952 ρίτιδι,
1238 1915 1254 1951 ἢ
1278 1914 1316 1949 τῷ
1330 1914 1414 1949 λῃστῇ
1427 1934 1434 1946 ,
1452 1914 1576 1948 ἐγίγνετο
1597 1914 1727 1949 δύναμις,
1743 1914 1791 1941 καὶ
1805 1922 1916 1941 συνεκε-

1133 1960 1219 1995 ράσθη
1241 1961 1302 1990 ταῖς
1316 1960 1416 1994 ψυχαῖς
1434 1958 1525 1985 αὐτῶν
1539 1959 1570 1985 τὸ
1586 1959 1699 1994 Πνεῦμα
1713 1958 1743 1986 τὸ
1756 1959 1843 1994 ἅγιον.
1862 1958 1917 1985 Καὶ

1130 2005 1178 2032 νῦν
1200 2005 1226 2031 οι
1247 2005 1409 2038 ἀγαπῶντες
1424 2005 1469 2031 τδν
1492 2005 1577 2037 Θεὸν,
1600 2005 1646 2031 καὶ
1666 2004 1916 2040 καταλιμπάνοντες

1132 2050 1231 2081 πάντα,
1248 2049 1295 2075 καὶ
1312 2050 1345 2084 τῇ
1362 2049 1427 2084 εὐχῇ
1446 2049 1728 2084 προσκαρτεροῦντες,
1746 2047 1916 2076 διδάσκονται

1132 2094 1161 2120 ὲν
1173 2093 1302 2129 κρυπτῷ,
1316 2093 1334 2120 ἃ.
1348 2094 1398 2120 οὐκ
1410 2094 1523 2120 οἴδασιν·
1540 2093 1609 2130 αὑτὴ
1623 2094 1676 2129 γὰρ
1689 2094 1706 2129 ἡ
1720 2093 1835 2129 ἀλήθεια
1848 2092 1918 2120 κατά

1131 2140 1181 2175 τὴν
1195 2139 1356 2175 προαίρεσιν
1376 2140 1467 2166 αὐτῶν
1491 2139 1655 2174 φανεροῦται
1668 2141 1771 2171 αὐτοῖς,
1784 2139 1830 2166 καὶ
1842 2139 1916 2167 διδά-

1134 2193 1193 2212 σκει
1202 2185 1310 2218 αὐτοὺς,
1324 2185 1365 2212 ὅτι
1375 2185 1447 2220 Ἐγώ
1456 2186 1514 2219 ειμι
1525 2186 1544 2219 ἡ
1555 2185 1690 2218 ἀλήθεια,
1702 2186 1759 2212 Καὶ
1776 2186 1853 2213 αὐτοὶ
1863 2186 1917 2221 γὰρ

1134 2231 1158 2257 oi
1172 2230 1315 2257 ἀπόστολοι
1330 2230 1383 2266 πρὸ
1396 2229 1443 2256 τοῦ
1460 2230 1578 2264 σταυροῦ
1591 2231 1796 2267 παραμένοντες
1807 2231 1846 2267 τῷ
1861 2228 1917 2258 Κυ-

1135 2274 1196 2310 ρίῳ,
1210 2274 1322 2301 ἔϐλεπον
1336 2276 1435 2310 σημεῖα
1450 2275 1564 2310 μεγάλα,
1581 2275 1655 2307 ὅπως
1670 2283 1700 2303 τε
1713 2275 1808 2310 λεπροὶ
1821 2275 1918 2302 ἐκαθα-

1136 2319 1250 2355 ρίζοντο,
1268 2320 1316 2346 καὶ¹
1327 2320 1420 2355 νεκροὶ
1438 2319 1587 2355 ἠγείροντο.
1603 2320 1657 2347 Καὶ
1674 2320 1724 2346 οὐκ
1736 2320 1845 2355 ᾔδεισαν
1860 2319 1918 2351 πῶς

1133 2365 1332 2401 ἀναστρέφεται
1352 2363 1413 2391 θεία
1433 2364 1549 2399 δύναμις
1568 2365 1615 2391 καὶ
1632 2364 1752 2391 διακονεῖ
1766 2365 1793 2391 ὲν
1807 2364 1917 2399 καρδίᾳ,

1133 2412 1181 2438 καὶ
1207 2411 1249 2437 ὅτι
1270 2410 1387 2447 ἤμελλον
1413 2410 1607 2444 πνευματικῶς
1634 2409 1850 2444 ἀναγεννᾶσθαι,
1872 2410 1918 2436 καὶ

1135 2457 1330 2492 συγκιρνᾶσθαι
1355 2457 1388 2491 τῇ
1415 2456 1567 2492 ἐπουρανίῳ
1591 2456 1681 2491 ψυχῇ,
1711 2457 1756 2483 καὶ
1778 2456 1918 2491 γίγνεσθαι

1134 2503 1214 2537 καινὴ
1234 2502 1333 2535 κτῖσις,
1350 2502 1395 2528 διὰ
1410 2502 1446 2528 τὰ
1460 2503 1561 2537 σημεῖα
1583 2501 1602 2528 ἃ
1622 2502 1720 2534 ἐποίει,
1745 2502 1861 2537 ἠγάπων
1874 2502 1919 2529 τὸν

1134 2547 1247 2583 Κύριον.
1266 2548 1367 2574 Λοιπὸν
1382 2548 1395 2574 ό
1410 2546 1513 2583 Κύριος
1529 2547 1621 2581 ἔλεγεν
1642 2548 1744 2579 αὐτοῖς,
1764 2547 1796 2575 Τί
1810 2547 1919 2582 θαυμά-

1134 2591 1195 2623 ζετε
1213 2593 1249 2620 τὰ
1272 2593 1399 2628 σημεῖα,
1432 2593 1636 2627 κληρονομίαν
1657 2592 1793 2627 μεγάλην
1817 2592 1919 2627 δίδωμι

1133 2638 1215 2673 ὑμῖν,
1231 2637 1271 2672 ἢν
1285 2639 1341 2665 οὐκ
1356 2638 1417 2672 ἔχει
1430 2639 1447 2665 ό
1466 2638 1578 2673 κόσμος
1594 2637 1675 2670 ὅλος.

1170 2731 1224 2761 Iﬂ’.
1242 2731 1343 2759 Λοιπὸν
1359 2731 1436 2758 αὐτοὶ
1455 2731 1605 2765 ἐξενίζοντο
1621 2730 1661 2761 είς
1677 2731 1741 2762 τοὺς
1755 2729 1850 2764 λόγους
1867 2729 1920 2756 αὺ-

1134 2777 1193 2811 τοῦ,
1209 2778 1262 2810 ἓως
1280 2778 1343 2804 ὅτου
1363 2777 1462 2813 ἀνέστη
1478 2778 1511 2804 ἐκ
1528 2776 1644 2813 νεκρῶν,
1670 2778 1717 2803 καὶ
1737 2776 1870 2811 ἀνήνεγκε
1891 2774 1921 2801 τδ

336 2849 362 2890 εξ
386 2849 451 2876 Luc.
465 2857 492 2881 τ.
513 2851 556 2890 ιε.
585 2852 617 2890 _'_'
628 2851 729 2890 ᾼρῑᾳ,
751 2853 799 2886 tt;
813 2853 887 2890 _l.ue.
901 2862 928 2888 x,
946 2854 997 2888 42;
1027 2855 1079 2884 Luc

1129 2864 1179 2889 ιιι,
1199 2856 1233 2884 9;
1252 2856 1318 2884 Luc.
1341 2863 1389 2888 vn,
1404 2855 1456 2890 l8;
1476 2855 1556 2885 Joan.
1576 2863 1613 2889 tv,
1630 2855 1677 2889 Id;
1701 2855 1767 2883 Luc.
1782 2859 1857 2889 nni,
1876 2854 1920 2885 ὦ.

303 2884 324 2900 ³⁸
349 2885 493 2919 Joathv,
519 2885 545 2913 ϐ.
584 2886 606 2903 ³⁷
634 2884 729 2915 Matth.
752 2884 837 2920 “,5.
