2078 3151
302 166 349 198 571

914 169 944 199 8.
965 166 1126 199 MACARII
1146 167 1306 200 JEGYPTII

1868 175 1918 208 572

301 223 384 250 nibus
408 227 436 250 et
474 223 724 256 oosecrationibus,
751 227 913 258 exspectans
942 223 1069 250 Dominut

1121 236 1125 252 ι
1140 223 1233 258 εὐχαῖς
1247 224 1294 251 καὶ
1307 225 1426 260 δεήσεσι,
1442 226 1653 262 προσδεχόμενος
1666 227 1712 254 τὸν
1726 229 1838 264 Κύριον,
1856 232 1917 258 πότε

301 268 412 302 quando
424 269 539 296 veniens
567 268 722 295 maniicstet
749 268 775 295 ei
787 275 815 295 se
827 268 928 303 ipsum,
944 272 973 294 et
987 275 1085 295 emun-

301 315 347 342 det
362 322 425 342 eum
441 319 553 349 peccato
568 315 593 342 ei
609 315 770 342 inhaerente.

335 360 368 388 ll.
382 360 438 387 Nec
459 368 535 396 spem
560 361 644 388 habet
675 361 702 387 in
728 359 870 388 laboribus
882 359 949 389 suis,
977 363 1005 386 et
1022 359 1084 386 vita!

301 407 417 439 ratione,
437 407 525 434 donec
538 411 724 441 consequatur
744 414 805 441 quae
817 410 920 441 sperat.
932 405 1021 440 quoad
1038 413 1083 432 ve-

300 452 377 480 niens
390 452 519 480 Dominus
529 453 632 480 habitet
647 453 673 479 in
684 460 716 479 eo
729 453 755 479 in
767 452 839 479 muni
853 459 933 479 sensu
947 456 973 478 et
985 459 1082 485 opera-

261 531 263 533 .
300 499 372 526 tione
386 499 516 534 Spiritus.
532 499 654 534 Cumque
676 498 824 534 gustaverit
848 498 998 524 bonitatem
1028 498 1081 524 Do-

299 546 378 578 mini,
403 550 431 572 et
459 545 594 574 fructibus
617 546 731 580 spiritus
754 545 905 572 delectatus
930 544 1023 575 inerit,
1050 551 1082 570 ac

298 591 436 618 sublatum
477 592 513 619 sit
539 593 662 619 velamen
703 591 889 622 tenebrarum,
932 590 1080 623 lumenque

296 637 397 664 Christi
412 637 593 672 splendescat,
603 642 631 665 et
646 641 776 673 operetur
787 638 814 664 in
824 636 917 664 lmtitia
931 635 1060 662 ineffabili
1072 643 1078 662 :

298 688 362 710 tunc
379 684 458 718 plene
473 684 692 715 conﬁrmabitur,
706 683 810 710 habens
826 691 919 710 secum
934 683 1078 709 Dominum

297 730 323 756 iu
341 730 426 756 multa
456 730 613 761 dilectione,
624 729 738 764 perinde
752 737 783 756 ac
800 729 836 756 ibi
854 733 999 757 mercator.
1013 729 1077 756 dum

295 776 403 803 lucrutn
434 775 498 803 facit
528 777 634 803 laetatur
659 784 666 802 ί
698 776 797 802 multas
822 780 911 802 tamen
939 774 1078 802 molestias

294 825 421 853 sustinet,
440 826 467 847 et
487 821 584 848 metuit
598 829 613 847 a
640 821 793 847 latronibus
807 824 834 847 et
858 819 1003 854 spiritibus
1026 828 1076 847 ne-

293 869 397 902 quitiae,
419 876 452 895 ne
469 868 610 895 remissior
631 867 720 894 factus
737 867 834 902 perdat
850 874 972 901 cperant.
989 866 1076 893 donec

293 918 478 947 consequatur
500 920 614 948 regnum
641 913 784 943 caelorum,
800 920 945 947 supernam
964 911 1075 939 Jerusa-

292 959 355 986 lem.

328 1004 369 1031 lll.
398 1004 581 1031 Obsecremus
607 1003 689 1038 igitur
714 1011 765 1030 nos
782 1011 892 1038 quoque
918 1003 1014 1035 Deum,
1044 1009 1074 1030 ut

290 1054 388 1078 exutos
401 1057 453 1077 nos
465 1049 550 1077 veteri
577 1049 698 1081 homine,
724 1049 820 1076 induat
838 1049 942 1077 caelesti
964 1049 1074 1077 Christo

291 1104 324 1124 ex
344 1095 396 1123 hoc
432 1100 565 1130 tempore,
590 1102 621 1123 ut
656 1096 683 1122 in
710 1096 890 1123 exsultatione
921 1096 1073 1130 constituti,

290 1141 384 1176 sicque
402 1141 437 1168 ab
452 1149 486 1168 eo
499 1141 572 1168 ducti
589 1141 616 1167 in
637 1148 742 1168 summa
766 1141 962 1176 tranquillitate
977 1141 1073 1169 simus.

289 1187 381 1222 lnquit
404 1187 478 1214 enim
510 1187 653 1217 Dominus.
677 1187 785 1221 replere
820 1194 871 1214 nos
901 1195 963 1214 cum
992 1187 1074 1215 vellet

289 1237 369 1268 gustu
391 1232 467 1267 regni
485 1241 492 1259 :
507 1231 569 1259 Sine
586 1240 626 1259 me
652 1232 718 1259 nihil
741 1233 846 1267 potestis
874 1233 958 1268 facere
980 1233 1013 1259 ³⁸.
1040 1232 1073 1260 Ει

288 1277 399 1313 quidem
410 1277 596 1312 apostolorum
613 1285 664 1312 ope
679 1277 781 1304 multos
797 1277 874 1305 novit
898 1278 1070 1305 illuminare:

287 1327 421 1351 creaturae
443 1323 517 1350 enim
534 1331 597 1350 cum
612 1328 704 1350 essent
725 1323 776 1355 illi,
801 1330 950 1350 conservos
971 1323 1073 1350 educa-

286 1368 354 1396 bant
372 1377 378 1395 :
394 1373 422 1396 et.
440 1368 551 1396 fratrem
575 1375 606 1395 ac
628 1367 713 1395 ﬁlium
730 1367 832 1396 Christi
852 1368 923 1400 ﬁeri,
939 1373 1071 1403 praestan-

288 1415 343 1441 tius
361 1414 428 1448 quid
441 1422 524 1449 quam
537 1414 628 1441 caeteri
648 1413 783 1445 homines,
809 1413 918 1441 ellicere
930 1422 938 1447 ;
952 1414 1004 1441 hoc
1017 1419 1070 1447 est,

287 1460 376 1495 ipsum
401 1467 450 1487 cor
475 1463 504 1487 et
528 1463 649 1487 mentem
673 1459 892 1491 sanctiﬁcabant,
928 1460 1023 1488 itidem
1043 1464 1071 1488 et

286 1506 478 1541 cogitationes,
497 1510 528 1533 ut
556 1505 589 1532 ad
616 1506 702 1533 Deum
729 1513 776 1533 eas
795 1506 963 1542 dirigerent;
978 1511 1006 1534 et
1031 1506 1071 1534 sic

285 1597 375 1632 ipsum
389 1598 416 1625 ei
438 1599 593 1627 committit.
621 1598 690 1626 Cum
718 1597 792 1625 enim
809 1602 925 1629 secreta,
946 1597 999 1625 hoc
1014 1602 1066 1630 est,

286 1649 407 1671 mentem
423 1649 452 1671 et
475 1645 657 1679 cogitationes
677 1644 740 1679 quis
765 1644 820 1671 Deo
841 1643 961 1675 dedicat,
992 1643 1068 1670 nulla

285 1689 338 1716 alia
351 1697 380 1717 re
393 1694 440 1717 aut
457 1691 623 1725 cogitatione
638 1694 787 1725 occupatus
803 1697 835 1716 ac
851 1689 1003 1720 districtus,
1019 1688 1066 1715 sed

285 1745 315 1765 se
334 1737 422 1772 ipsum
437 1738 464 1765 vi
477 1738 592 1773 quadam
606 1738 738 1765 cohibens
748 1758 755 1770 ,
778 1742 843 1764 tunc
858 1737 990 1764 Dominus
1009 1745 1067 1772 my-

285 1783 433 1811 steriorum
446 1785 607 1819 participem
631 1784 697 1812 facit
713 1792 787 1815 eum,
800 1784 826 1811 in
840 1783 1020 1811 sanctimonia
1035 1790 1067 1810 ac

283 1830 404 1865 puritate
426 1831 522 1863 multa,
561 1835 589 1858 et
613 1830 703 1858 cibum
741 1830 879 1858 caelestem
913 1829 1024 1856 exhibet
1035 1836 1066 1856 se

283 1881 383 1909 Ipsum,
409 1883 442 1902 ae
458 1880 553 1910 potum
572 1875 752 1910 spiritualem.

317 1920 362 1948 IV.
376 1921 493 1949 Perinde
508 1929 539 1948 ae
557 1922 630 1956 quis,
646 1923 692 1956 qui
713 1923 797 1949 multa
824 1922 908 1953 bona,
920 1929 1018 1949 servos
1032 1928 1065 1948 ac

283 1965 354 1993 filios
367 1966 498 2001 possidet,
524 1968 606 1994 alium
629 1967 720 1994 cibum
744 1967 847 2002 prrcbet
872 1966 1063 1996 servis.alinm

283 2012 346 2039 ﬁliis
361 2020 394 2040 ex
406 2013 512 2040 semine
535 2021 585 2040 suo
598 2013 766 2048 procreatis:
784 2013 847 2048 quia
869 2012 915 2038 lilii
933 2016 997 2039 sunt
1010 2012 1065 2038 hae-

282 2058 363 2085 rctles
388 2059 485 2093 patris,
500 2064 528 2086 et
542 2067 603 2086 cum
619 2067 653 2086 eo
665 2058 823 2089 comedunt,
841 2057 945 2085 similes
960 2057 1064 2084 scilicet

282 2102 353 2135 patri
367 2109 416 2129 suo
429 2111 436 2129 ε
457 2102 497 2130 sic
522 2102 649 2130 Christus
663 2110 744 2130 verus
758 2102 803 2128 ille
824 2102 957 2128 Dominus
972 2101 1062 2128 omnia

281 2146 395 2178 creavit,
418 2150 446 2174 et
472 2146 561 2174 nutrit
591 2145 732 2180 improbos
754 2153 787 2172 ac
814 2145 962 2180 ingratos:
992 2144 1062 2171 ﬁlios

280 2196 346 2215 vero
360 2197 428 2223 quos
449 2189 543 2224 genuit
565 2196 599 2216 ex
623 2189 727 2216 semine
753 2196 812 2220 suo,
832 2195 956 2223 quosque
977 2189 1062 2223 parti-

1092 889 1114 916 Β

237 1559 242 1564 “
286 1552 359 1579 Deus
382 1551 497 1586 largitur
511 1551 618 1578 occulte
633 1551 718 1578 vitam
744 1555 773 1578 et
792 1559 872 1586 opem
893 1551 982 1583 cordi,
993 1560 1024 1579 ac
1039 1559 1069 1579 se
1084 1560 1106 1588 (ι

1136 268 1223 296 ἐλθὼν
1237 271 1380 304 ὲμφανίσει
1396 272 1472 306 αὐτῷ
1494 273 1605 306 ἑαυτὸν,
1621 274 1667 300 καὶ
1681 275 1825 311 καθαρίσει
1838 277 1917 304 αὐτὸν

1135 314 1167 340 ἐκ
1183 316 1233 350 τῆς
1248 316 1405 352 ὲνοικούσης
1421 317 1496 353 αὐτῷ
1511 318 1659 353 ἁμαρτίας.

1170 359 1208 387 Β¹.
1219 361 1276 388 Οὐκ
1286 361 1424 394 ἐπελπίζει
1439 363 1468 389 δὲ
1481 363 1528 390 ἐπὶ
1543 365 1600 396 τοῖς
1612 365 1746 400 καμάτοις
1760 366 1853 399 αὐτοῦ,
1869 369 1915 394 καὶ

1135 407 1166 441 τῇ
1184 407 1315 443 πολιτείᾳ,
1330 408 1382 440 ἕως
1405 406 1435 436 οὗ
1450 410 1518 446 τύχῃ
1534 411 1588 437 τῶν
1601 412 1785 447 ἐλπιζομένων
1795 433 1803 446 ,
1823 414 1875 445 ἕως
1886 412 1915 442 οὗ

1133 451 1218 478 ἐλθὼν
1233 452 1245 478 ὑ
1266 453 1366 487 Κύριος
1381 454 1479 490 οίκήσῃ
1494 455 1523 481 ὲν
1549 455 1634 490 αὐτῷ,
1653 457 1682 482 ὲν
1700 457 1772 491 πάσῃ
1790 457 1913 491 αίσθὴσει

1133 498 1180 524 καὶ
1208 498 1334 534 ἐνεργείᾳ
1356 500 1525 535 Πνεύματος.
1550 501 1606 528 Καὶ
1628 502 1691 528 ὅταν
1714 503 1846 538 γεύσηται
1866 503 1915 538 τῆς

1131 543 1315 578 χρηστότητος
1328 543 1375 570 τοῦ
1390 545 1503 578 Κυρίου,
1516 545 1562 571 καὶ
1574 546 1631 577 τοῖς
1643 548 1758 581 καρποῖς
1771 547 1818 574 τοῦ
1835 548 1914 574 πνεύ-

1133 597 1218 622 ματος
1235 590 1392 626 ὲντρυφήσῃ
1405 610 1412 621 ,
1433 592 1480 617 καὶ
1496 593 1656 627 περιαιρεθῇ
1676 592 1705 618 τὸ
1719 593 1850 628 κάλυμμα
1868 594 1914 620 τοῦ

1132 634 1254 668 σκότους,
1271 636 1317 661 καὶ
1333 636 1362 662 τὺ
1374 636 1431 670 φῶς
1445 636 1492 662 τοῦ
1506 637 1623 671 Χριστοῦ
1638 637 1761 674 attagen
1775 639 1821 665 καὶ
1838 640 1914 674 ἐνερ-

1129 679 1202 715 γήσῃ
1213 679 1242 705 ὲν
1253 682 1323 715 χαρᾷ
1338 681 1512 717 ἀνεκλαλήτῳ
1521 703 1527 714 ,
1543 683 1603 708 τότε
1622 683 1832 718 πληροφορεῖται
1845 684 1913 719 ἔχων

1131 724 1192 759 μεθ’
1217 725 1315 752 ἑαυτοῦ
1340 727 1386 753 τὸν
1410 727 1511 762 Κύριον
1534 729 1562 754 ἐν
1578 728 1661 764 πολλῇ
1682 732 1781 764 στοργῇ
1795 738 1801 745 ·
1819 729 1912 765 ὥσπερ

1129 770 1188 796 ἐκεῖ
1203 772 1216 796 ό
1231 771 1350 806 ἔμπορος
1366 773 1502 808 κερδήσας
1513 774 1613 808 χαίρει.
1636 774 1742 808 ’Δγιίνα
1755 776 1784 801 δὲ
1796 776 1852 810 ἔχει
1865 778 1910 804 καὶ

1128 816 1209 850 φόϐον
1223 817 1277 844 τῶν
1294 817 1346 844 ἀπὸ
1361 819 1415 844 τῶν
1437 819 1541 854 λῃστῶν
1555 821 1601 846 καὶ
1617 820 1670 846 τῶν
1686 822 1849 856 πνευμάτων
1860 824 1910 858 τῆς

1128 862 1268 897 πονηρίας,
1286 863 1322 898 μή
1343 873 1386 890 πω
1405 865 1554 900 χαυνωθεὶς
1569 866 1690 903 ἀπολέσῃ
1711 867 1756 893 τὸν
1776 868 1908 902 κάματον,

1127 907 1179 939 ἕως
1193 904 1224 934 οὗ
1240 909 1393 946 καταξιωθῇ
1406 911 1435 937 ὲν
1445 912 1478 946 τῇ
1492 911 1615 948 βασιλείᾳ
1625 913 1679 938 τῶν
1691 913 1823 948 οὐρανῶν,
1837 916 1865 941 ἐν
1877 916 1908 950 τῇ

1125 953 1181 980 ἀνω
1200 953 1231 980 Ὶε
1236 955 1351 990 ρουσαλή
1357 964 1386 990 μ.

1161 999 1198 1026 Γ’.
1217 1000 1454 1037 Παρακαλέσωμεν
1471 1001 1518 1030 οὖν
1536 1004 1584 1030 καὶ
1605 1006 1683 1040 ἡμεῖς
1706 1006 1751 1032 τὸν
1770 1007 1845 1040 Θεδν,
1866 1008 1910 1034 ἵνα.

1124 1045 1245 1080 ἀποδύσῃ
1256 1047 1330 1081 ἡμᾶς
1341 1048 1386 1074 τὸν
1398 1048 1513 1076 παλαιὸν
1526 1050 1678 1084 ἄνθρωπον,
1693 1053 1738 1078 καὶ
1751 1053 1847 1089 ἐνδύσῃ
1862 1054 1907 1080 τὸν

1124 1091 1285 1128 ἐπουράνιον
1298 1093 1415 1128 Χριστὸν
1427 1095 1482 1121 ἀπὸ
1491 1095 1538 1122 τοῦ
1553 1095 1611 1128 νῦν,
1625 1097 1698 1129 ὅπως
1709 1098 1738 1124 ὲν
1751 1098 1908 1132 ἀγαλλιάσει

1124 1137 1277 1172 γενόμενοι,
1292 1139 1340 1165 καὶ
1349 1139 1433 1171 οὕτως
1446 1140 1492 1167 ὑπ’
1505 1141 1587 1168 αὑτοῦ
1598 1142 1774 1178 ὁδηγούμενοι
1786 1145 1814 1170 ὲν
1825 1144 1907 1180 πολλῇ

1124 1182 1228 1218 γαλήνῃ
1240 1183 1368 1218 ἐσόμεθα.
1380 1185 1449 1219 Φησὶ
1461 1186 1514 1221 γὰρ
1530 1187 1544 1212 ὁ
1555 1187 1665 1222 Κύριος,
1681 1189 1823 1224 πληρῶσαι
1835 1191 1909 1226 ἡμᾶς

1123 1229 1172 1262 τῆς
1184 1229 1304 1263 γεύσεως
1321 1231 1371 1266 τῆς
1385 1231 1521 1266 βασιλείας
1543 1233 1714 1269 βουλόμενος,
1729 1237 1822 1269 Χωρις
1837 1237 1909 1271 ἐμοῦ

1123 1275 1159 1301 οὐ
1165 1275 1297 1302 δύνασθε
1306 1277 1403 1303 ποιεῖν
1412 1277 1512 1305 οὐδέν.
1527 1279 1621 1306 Καίτοι
1634 1288 1665 1314 γε
1675 1281 1718 1308 διὰ
1729 1281 1782 1308 τῶν
1796 1282 1908 1308 ἀποστάς

1122 1320 1175 1347 λων
1186 1315 1299 1353 πολλοὺς
1313 1320 1367 1349 οἶδε
1381 1324 1520 1357 φωτίζειψ
1535 1325 1670 1360 κτίσματα
1681 1325 1734 1361 γάρ
1748 1327 1834 1359 ὄντες.
1845 1329 1908 1360 τοὺς

1121 1367 1283 1401 ὁμοδούλους
1296 1368 1450 1404 ἐξέτρεφον·
1466 1371 1512 1397 καὶ
1527 1362 1641 1406 ἀδελφὺν
1650 1372 1698 1398 καὶ
1716 1372 1774 1399 ut?”
1788 1373 1906 1408 Χριστοῦ

1121 1413 1259 1446 γενέσθαι,
1277 1415 1407 1447 περισσόν
1422 1423 1448 1442 τι
1462 1416 1538 1451 παρά
1549 1416 1612 1448 τοὺς
1623 1416 1733 1449 λοιποὺς
1747 1417 1907 1454 ἀνθρώπους

1122 1459 1219 1490 ποιεῖν,
1235 1460 1372 1486 τουτέστιν
1387 1460 1472 1496 αὐτὴν
1486 1461 1536 1497 τὴν
1549 1462 1662 1498 καρδίαν
1671 1483 1679 1496 ,
1693 1463 1774 1490 αὑτὸν
1787 1464 1832 1491 τὸν
1843 1465 1906 1492 νοῦν

1121 1504 1272 1538 ἀφιεροῠν,
1296 1505 1343 1531 καὶ
1362 1505 1425 1537 τοὺς
1440 1506 1588 1542 λογισμοὺς
1612 1508 1749 1535 ἀνασείειν
1772 1509 1840 1545 πρὸς
1861 1510 1907 1537 τδν

1122 1548 1198 1575 Θεόν.
1217 1550 1272 1576 Καὶ
1294 1550 1381 1583 οὕτως
1402 1553 1416 1578 ὁ
1436 1552 1502 1584 Θεὸς
1516 1553 1607 1580 δίδωσι
1622 1554 1751 1589 κρυπτῶς
1773 1555 1845 1591 ζωὴν
1860 1556 1911 1583 καὶ.

1122 1594 1249 1629 βοήθειαν
1271 1596 1311 1626 εἰς
1336 1596 1386 1630 τὴν
1411 1597 1535 1631 καρδίαν,
1563 1597 1608 1624 καὶ
1632 1598 1728 1625 ἑαυτὸν
1746 1598 1905 1632 ὲμπιστεύει

1121 1640 1200 1675 αὐτῇ.
1219 1640 1282 1667 Ὅτε
1298 1641 1352 1676 γὰρ
1369 1643 1402 1668 τὰ
1424 1643 1552 1678 κρυπτὰ,
1569 1644 1690 1671 τουτέστι
1715 1643 1760 1671 τὸν
1776 1645 1838 1672 νοῦν
1858 1647 1906 1672 καὶ⁵

1120 1686 1183 1717 τοὺς
1202 1686 1359 1722 λογισμοὺς,
1373 1687 1465 1715 δίδωσι
1480 1689 1519 1724 τῷ
1539 1690 1614 1724 Θεῷ,
1633 1691 1671 1726 μὴ
1690 1691 1904 1725 ἀσχολούμενος,

1121 1732 1190 1766 μήτε
1208 1733 1376 1768 ῥεμϐόμενος
1394 1734 1526 1770 ἀλλαχοῦ,
1540 1735 1598 1762 ἀλλ’
1614 1737 1709 1763 ἑαυτὸν
1729 1736 1903 1772 βιαζόμενος,

1119 1779 1180 1805 τότε
1197 1780 1211 1805 ὁ
1236 1779 1337 1814 Κύριος
1353 1781 1511 1816 μυστηρίων
1527 1781 1599 1814 ἀξιοῖ
1614 1782 1708 1810 τοῦτον
1728 1785 1756 1810 ἐν
1780 1785 1903 1818 ἁγιότητι

1120 1825 1166 1851 καὶ
1181 1825 1347 1860 καθαρότητι
1363 1827 1466 1853 πλείονι
1476 1847 1483 1859 ,
1502 1829 1548 1854 καὶ
1569 1829 1672 1864 τροφὴν
1688 1829 1848 1865 ἐπουράνιον
1863 1831 1904 1856 δί-

1117 1870 1199 1898 δωσιν
1215 1871 1306 1904 αὑτὸν,
1327 1872 1373 1898 καὶ
1385 1873 1460 1907 πόμα
1471 1873 1666 1909 πνευματικόν.

1153 1918 1191 1943 Δ’.
1212 1917 1316 1952 Ὥσπερ
1333 1916 1412 1955 ὲὰνῇ
1429 1927 1470 1950 τις
1490 1920 1656 1955 κεκτημένος
1674 1921 1773 1956 πολλὴν
1795 1930 1902 1957 περιου-

1118 1961 1177 1988 σίαν
1187 1982 1194 1993 ,
1208 1963 1255 1988 καὶ
1269 1961 1378 1995 δούλους
1387 1985 1394 1996 ,
1409 1965 1456 1991 καὶ
1479 1965 1560 1992 τέκνα
1573 1985 1580 1997 ,
1598 1966 1681 2001 ἀλλην
1692 1967 1795 2002 τροφὴν
1811 1967 1901 1994 δίδωσι

1116 2007 1172 2038 τοῖς
1187 2007 1300 2040 δούλοις,
1313 2010 1360 2036 καὶ
1371 2010 1453 2044 ἄλλην
1467 2011 1524 2042 τοῖς
1535 2011 1610 2042 ἰδίοις
1623 2011 1727 2043 τέκνοις
1740 2014 1796 2043 τοῖς
1812 2013 1842 2039 ἐκ
1854 2012 1900 2039 τοῦ

1118 2053 1275 2088 σπέρματος
1289 2056 1484 2090 γεγενημένοις
1494 2064 1501 2071 ”
1519 2057 1614 2091 ἐπειδὴ
1627 2057 1662 2083 τὰ
1676 2058 1760 2084 τέκνα
1771 2058 1902 2093 κληρονο-

1118 2099 1198 2133 μοῦσι
1220 2100 1265 2126 τὸν
1280 2101 1403 2136 πατέρα,
1423 2102 1469 2128 καὶ
1487 2103 1547 2137 μετ’
1565 2103 1647 2130 αὑτοῦ
1667 2103 1813 2135 ἐσθίουσιν,
1830 2105 1901 2137 ἀφω-

1118 2144 1258 2179 μοιωμένα
1272 2145 1310 2180 τῷ
1332 2146 1417 2181 πατρὶ
1435 2147 1542 2174 αὐτῶν
1560 2148 1631 2175 οὕτω
1651 2149 1697 2175 καὶ
1716 2150 1730 2175 ὁ
1753 2150 1868 2184 Χριστὸς
1885 2151 1900 2176 ό

1115 2189 1241 2223 ἀληθινὸς
1257 2192 1405 2227 Δεσπότης,
1423 2193 1512 2220 πάντα
1527 2194 1608 2226 αὐτὸς
1628 2194 1728 2225 ἔκτισε,
1742 2195 1789 2220 καὶ
1806 2194 1900 2229 τρέφει

280 2235 355 2269 eipes
384 2235 448 2262 fecit
473 2235 566 2269 gratia:
589 2242 654 2267 suae,
685 2235 712 2261 in
736 2235 837 2269 quibus
862 2233 994 2262 formatus
1021 2239 1063 2262 est

1121 2235 1176 2266 τοὺς
1193 2237 1328 2272 πονηροὺς
1341 2238 1389 2264 καὶ
1404 2239 1576 2274 ἀχαρίστους·
1593 2239 1628 2266 τὰ
1641 2239 1670 2266 δὲ
1685 2241 1777 2271 τέκνα,
1790 2240 1807 2267 ἃ.
1822 2241 1901 2274 ὲγέν-

279 2279 420 2312 Dominus,
451 2280 584 2314 peculiari
613 2279 773 2311 reiectione,
795 2279 935 2311 alimento,
958 2279 1020 2306 cibo
1034 2284 1062 2306 et

278 2329 357 2360 potu,
370 2329 466 2360 praeter
478 2330 592 2352 caeteros
606 2324 733 2352 homines
744 2325 858 2357 enutrit,
875 2332 906 2352 ac
920 2325 1020 2360 praebet
1032 2333 1061 2352 se

279 2371 367 2406 ipsum
399 2371 453 2397 illis
484 2370 713 2398 conversantibus
734 2378 797 2397 eum
815 2375 891 2405 patre
914 2378 973 2402 suo,
989 2371 1061 2397 sicut

277 2416 316 2443 ait
346 2416 498 2442 Dominus:
525 2415 575 2447 Qui
598 2416 648 2442 edit
675 2424 760 2443 meam
797 2425 914 2448 carnem,
940 2421 964 2443 et
998 2416 1059 2443 bibit

278 2467 364 2486 meum
392 2460 558 2495 sanguinaria,
587 2460 613 2486 in
630 2468 669 2486 me
686 2464 784 2492 manet,
813 2465 837 2486 et
855 2469 900 2495 ego
913 2461 939 2486 in
960 2459 1016 2492 illo,
1034 2465 1058 2486 et

277 2509 387 2532 mortem
402 2513 453 2531 non
482 2505 619 2532 videbit“.
644 2506 695 2540 Qui
712 2506 784 2534 enim
803 2506 944 2542 possident
966 2514 1056 2533 veram

276 2547 475 2581 htcreditatcm,
499 2554 627 2583 tanquam
649 2550 696 2577 lilii
715 2555 781 2577 sunt
802 2558 836 2577 ex
853 2550 932 2577 Patre
952 2549 1056 2577 caelesti

276 2594 423 2628 progeniti,
450 2599 478 2622 et
505 2595 532 2622 in
557 2595 637 2623 domo
663 2596 750 2631 patris
780 2597 822 2623 sui
838 2596 951 2631 degunt,
970 2601 1000 2623 ut
1020 2595 1059 2622 ait

276 2637 427 2664 Dominus:
450 2638 544 2665 Sen-us
572 2647 623 2666 non
637 2644 725 2666 manet
742 2640 768 2666 in
794 2640 880 2672 domo,
903 2639 975 2673 ﬁlius
997 2647 1056 2666 vero

275 2687 362 2709 manet
379 2683 405 2710 in
419 2688 544 2711 wternum
556 2685 588 2711 ".

1115 2289 1194 2315 νησεν
1211 2282 1242 2308 ἐκ
1253 2282 1298 2309 τοῦ
1311 2283 1467 2318 σπέρματος
1481 2285 1575 2317 αὑτοῦ,
1587 2286 1633 2311 καὶ
1645 2283 1685 2316 οἷς
1701 2286 1852 2320 μετέδωκεν
1867 2287 1900 2313 ἑκ

1113 2326 1164 2360 τῆς
1178 2327 1288 2362 χαρίτος
1302 2328 1394 2360 αὐτοῦ,
1408 2329 1437 2355 ὲν
1449 2327 1490 2361 οἷς
1503 2329 1651 2365 ὲμορφώθη
1672 2330 1686 2356 ὁ
1701 2330 1813 2366 Κύριος.
1831 2331 1900 2357 ἰδίαν

1113 2372 1266 2399 ἀνάπαυσιν
1277 2374 1325 2400 καὶ
1337 2375 1450 2410 τροφὴν,
1466 2375 1514 2401 καὶ
1529 2376 1640 2410 βρῶσιν,
1656 2377 1703 2402 καὶ
1713 2377 1804 2409 πόσιν,
1821 2378 1898 2412 παρὰ

1113 2416 1176 2447 τοὺς
1196 2416 1307 2449 λοιποὺς
1320 2418 1481 2453 ἀνθρώπους
1500 2420 1639 2456 ἐκτρέφει,
1654 2422 1701 2447 καὶ
1714 2421 1822 2447 δίδωσιν
1837 2422 1899 2448 ἐαυ-

1112 2461 1158 2487 τὸν
1172 2462 1264 2494 αὐτοῖς
1280 2464 1527 2499 ἀναστρεφομένοις
1542 2466 1610 2500 μετά
1620 2466 1668 2493 τοῦ
1682 2466 1784 2501 nam;
1795 2467 1896 2498 αὐτῶν,

1112 2505 1150 2538 ὥς
1161 2516 1243 2542 φησιν
1256 2509 1270 2535 ὀ
1281 2509 1392 2542 Κύριος,
1415 2511 1442 2537 '0
1456 2511 1573 2546 τρώγων
1580 2521 1640 2546 μου
1653 2512 1710 2546 τὴν
1724 2513 1833 2547 σάρκα,
1847 2514 1897 2540 καὶ

1112 2553 1208 2580 πίνων
1220 2563 1280 2588 μου
1297 2555 1328 2581 τὸ
1341 2554 1421 2590 αἷμα,
1436 2556 1471 2583 ὲν
1484 2557 1548 2592 ἐμοὶ
1559 2558 1653 2592 μένει,
1666 2559 1744 2593 κάγὼ
1757 2560 1792 2586 ἐν
1803 2559 1895 2592 αὐτῷ,

1112 2599 1162 2626 καὶ
1181 2599 1311 2627 θάνατον
1328 2603 1364 2629 οὐ
1376 2603 1420 2637 μὴ
1435 2604 1586 2638 θεωρήσει.
1602 2606 1634 2632 Ol.
1650 2606 1704 2641 γὰρ
1725 2606 1832 2641 ἔχοντες
1845 2607 1896 2641 τὴν

1111 2644 1239 2680 ἀληθινὴν
1253 2646 1444 2682 κληρονομίαν,
1457 2649 1494 2680 ὡς
1505 2649 1558 2676 υἱοὶ
1572 2651 1603 2677 ὲκ
1615 2652 1720 2686 Πατρδς
1733 2653 1895 2688 ἐπουρανίου

1109 2691 1287 2725 γεγενημένοι
1301 2693 1365 2725 είσὶ,
1377 2695 1422 2720 καὶ
1437 2695 1476 2726 είς
1492 2695 1535 2722 τὸν
1546 2693 1620 2723 οἷκον
1631 2697 1678 2724 τοῦ
1692 2698 1792 2734 πατρὸς
1803 2699 1896 2725 αὐτῶν

1110 2736 1259 2770 διάγουσιν,
1269 2737 1305 2770 ὣς
1320 2747 1401 2774 φησιν
1415 2741 1428 2765 ό
1439 2740 1551 2775 Κύριος,
1559 2741 1587 2769 '0
1597 2743 1707 2775 δοῦλος
1718 2743 1846 2778 οὺμένει
1859 2745 1895 2771 ἐν

1111 2781 1146 2814 τῇ
1161 2782 1249 2814 οἰκίᾳ,
1264 2783 1322 2809 όδὲ
1333 2784 1398 2818 υἱὸς
1407 2786 1490 2820 μένει
1501 2788 1543 2820 εἰς
1555 2787 1608 2815 τᾶν
1623 2787 1724 2815 altiora.

310 2868 331 2884 ¹⁹
345 2868 366 2896 ll
384 2868 447 2897 Cor.
462 2878 497 2903 xx,
516 2871 558 2898 to.
598 2871 620 2888 ‘°
637 2871 715 2899 Joan.
731 2879 774 2904 ιν,
858 2872 879 2888 “
894 2872 972 2901 Joan.
989 2881 1025 2907 VI,
1041 2873 1069 2902 54

1122 2877 1145 2893 ἠ
1160 2877 1236 2905 Joan.
1255 2884 1312 2909 vni,
1327 2876 1370 2905 55.
