2078 3151
173 141 222 172 573

779 137 962 167 IIOMILUE.
979 148 1012 154 -·-
1027 136 1121 168 ΗΟΜ.
1141 138 1217 169 XIV.

1741 139 1793 170 574

207 195 244 221 E’.
261 194 346 229 Εἴπερ
359 192 405 220 οὖν
421 192 466 219 καὶ
477 191 558 227 ἡμεῖς
574 190 725 226 βουλόμεθα
738 191 771 217 ἐκ
785 191 832 217 τοῦ
847 191 953 226 [ἰατρὸς

1039 192 1090 227 51
1111 193 1142 221 V.
1160 193 1189 221 Si
1212 193 1295 228 igitur
1311 201 1361 221 nos
1383 201 1493 230 quoque
1519 194 1635 222 velimus
1655 202 1688 221 ex
1712 195 1792 223 Patro

177 241 220 268 τοῦ
237 238 398 275 ἐπουρανίου
417 237 597 272 γεννηθῆναι¹,
613 237 742 272 περισσόν
757 245 783 262 τι
799 236 875 271 παρὰ
895 236 959 267 τοὺς

177 286 285 317 λοιποὺς
315 284 474 319 ἀνθρώπους
505 283 650 318 ὀφείλομεν
683 284 791 316 ποιεῖν,
825 282 959 318 σπουδὴν,

176 333 277 366 ἀγῶνα,
295 331 386 366 ζῆλον,
400 330 521 364 ἀγάπην,
539 330 677 357 πολιτείαν
693 329 809 364 ἀγαθὴν,
823 330 853 356 ὲν
868 329 959 356 πίστει

177 379 220 405 καὶ
240 377 314 412 φόϐῳ
334 376 415 408 εἷναι,
435 377 472 408 ὡς
491 376 647 412 βουλόμενοι
669 375 835 412 τηλικούτων
850 375 960 409 ἀγαθῶν

175 425 276 457 τυχεῖν,
298 422 345 449 καὶ
364 422 430 448 Θεὸν
446 422 660 457 κληρονομῆσαι.
677 421 783 455 Κύριος
806 420 860 456 γὰρ
875 419 961 455 μερίς

176 468 229 502 τῆς
242 467 445 502 κληρονομίας
453 476 524 501 μου,
537 467 585 494 καί
599 467 652 494 τοῦ
665 467 807 501 ποτηρίου
819 475 890 501 μου.
905 465 961 492 Καὶ

181 513 261 543 ιῦτως
280 511 385 546 βλέπων
400 511 413 537 ὁ
427 511 529 546 Κύριος
547 511 596 547 τὴν
617 510 724 546 ἀγαθὴν
739 511 898 547 προαίρεσιν
914 511 961 537 καὶ

183 558 224 593 τὴν
239 555 377 592 ὑπομονὴν
387 576 394 589 ,
411 557 483 582 ποιεῖ
497 556 527 582 τὸ
543 556 616 588 ἔλεος
630 556 724 589 αὑτοῦ,
747 556 795 583 καὶ
811 556 960 592 καθαρίσας

183 604 251 638 ἡμᾶς
264 603 302 637 τῷ
324 602 395 637 λόγῳ
412 601 451 637 τῷ
472 601 601 637 οὐρανίῳ,
618 601 666 628 καὶ
687 602 810 636 νοήματα
829 610 961 639 νενεκρω-

181 647 259 678 Avo,
273 647 320 673 καὶ
335 646 536 681 διεφθαρμένα,
552 646 595 672 διὰ
618 646 668 680 τῆς
683 646 768 680 καλῆς
785 646 875 672 αὐτῶν
894 647 960 672 ἀνα-

180 692 297 727 στροφῆς
312 692 360 718 καὶ
376 690 559 723 διδασκαλίας,
578 691 780 724 ἀναζωοτιοιῶ-ι,
797 691 844 717 καὶ
856 691 960 725 ἀνεγεί-

181 747 252 768 ιρων·
266 738 367 772 κτίσμα
387 737 440 772 γὰρ
457 737 550 772 ἕτερον
567 737 669 771 κτίσμα
684 737 811 772 ἐκτρέφει
834 738 881 764 καὶ
895 736 962 768 ζωο-

179 784 261 810 ποιεῖ.
275 783 380 818 ’Ὠσπερ
392 782 425 809 τὰ
442 773 588 817 σπέρματα
602 781 648 808 τοῦ
664 782 749 814 σίτου,
763 782 779 816 ἢ
794 782 848 808 τῶν
862 782 962 818 κριθῶν

180 831 213 856 τὰ
225 830 303 864 νέφη,
318 829 455 863 κτίσματα
465 827 529 855 ὅντα
542 837 547 842 ·
561 829 575 854 ὁ
590 828 666 859 ὑετός
679 837 708 854 τε
724 829 770 854 καὶ
785 829 798 854 ό
808 828 882 863 ἥλιος
897 828 962 860 ζωο-

180 875 286 901 ποιοῦσι
301 874 476 908 κελευόμενα.
491 874 596 908 Ὥσπερ
614 873 642 900 δέ
657 875 714 900 ἐστι
730 875 787 908 φῶς
801 874 844 901 διὰ
857 874 962 909 θυρίδος

181 920 379 956 εἰσερχόμενον,
394 921 408 946 ὁ
420 919 449 946 δὲ
463 919 539 954 ἥλιος
554 919 602 955 ὅλῃ
616 920 649 954 τῇ
662 920 736 945 οίκου
741 919 809 956 μένῃ
823 919 873 951 τὰς
888 920 963 946 ἀκτῖ-

181 975 228 998 νας
239 966 396 1002 ιταφίησιν,
410 965 495 998 οὕτως
509 964 579 1001 ἦσαν
593 967 616 992 ei
632 967 769 1001 προφῆται
783 966 831 994 τοῦ
847 967 912 993 ίδίου
926 968 963 994 οτ-

181 1021 231 1038 κου
249 1011 327 1047 μόνον
346 1012 487 1046 φωστῆρες
509 1011 556 1038 τοῦ
587 1012 703 1047 Ἰσραήλ·
723 1013 748 1038 οί
770 1012 798 1039 δὲ
820 1013 964 1040 ἀπόστολοι

182 1056 251 1091 ἣλιοι
263 1052 334 1084 ἦσαν
347 1055 534 1090 ὲκλὰμποντες
542 1055 592 1087 τὰς
607 1055 719 1086 ἀκτῖνας
733 1056 772 1087 εἰς
787 1055 835 1082 ὅλα
846 1055 879 1082 τὰ
893 1055 964 1091 μέρη

181 1101 229 1128 τοῦ
244 1101 357 1136 κόσμου.

217 1147 262 1180 ς’.
286 1146 372 1172 Ἑστιν
391 1142 438 1172 οὖν
452 1146 487 1180 γῆ
506 1146 536 1171 ὲν
584 1145 741 1172 κατοικοῦσι
756 1145 791 1172 τὰ
803 1145 964 1180 τετράποδα’

181 1193 229 1218 καὶ
244 1191 301 1218 ἐντι
317 1191 353 1226 γῆ
373 1191 402 1218 ὲν
416 1190 455 1225 τῷ
474 1191 547 1225 ἀέρι,
561 1191 590 1216 ὲν
640 1190 823 1226 περιπατοῦσι
839 1190 885 1217 καὶ
899 1191 965 1223 ζῶσι

182 1237 216 1263 τὰ
231 1237 322 1272 δρνσα.
338 1235 394 1263 Καὶ
407 1235 493 1262 ταῦτα
507 1235 555 1262 ὲὰν
569 1235 718 1270 θελήσωσιν
730 1236 759 1263 ιν
770 1237 804 1272 τῇ
817 1236 853 1270 γῇ
868 1235 965 1270 στῆναι

183 1283 200 1317 ἢ
221 1281 425 1317 περιπατῆσαι,
446 1280 538 1316 ἔχουσι
558 1280 693 1316 θηρευτὰς
713 1281 777 1312 τοὺς
799 1281 966 1316 κρατοῦντας

183 1327 262 1354 αὐτὰ.
282 1327 337 1354 Καὶ
353 1326 411 1352 ἔστι
426 1326 460 1361 γῆ
475 1326 530 1368 τιῖζν
545 1325 658 1368 ἰχθύων,
673 1326 705 1352 τὸ
719 1325 792 1362 ὕδωρ
805 1326 854 1361 τῆς
868 1326 967 1352 θαλάσ-

185 1379 245 1405 σης,
261 1371 308 1397 καὶ
324 1371 437 1397 ίκαστον
458 1370 485 1396 ὲν
500 1366 522 1404 ᾧ
536 1366 613 1404 τόπῳ
629 1370 772 1405 ἐγεννήθη,
795 1369 843 1396 καὶ
865 1370 901 1405 γῇ
919 1369 967 1396 καὶ

185 1417 256 1452 ἀέρι,
273 1416 328 1451 ἔχει
352 1417 410 1442 ἐκεῖ
428 1414 477 1451 τὴν
498 1415 636 1450 διαγωγὴν
652 1415 700 1441 καὶ
718 1414 821 1450 τροφὴν
835 1414 882 1442 καὶ
903 1413 968 1441 ἀνά-

186 1470 296 1490 παυσιν,
311 1461 403 1492 Οὕτως
416 1460 473 1487 ἐστι
488 1461 525 1496 γῆ
536 1460 584 1488 καὶ
599 1460 698 1495 πατρὶς
714 1460 856 1495 σατανικὴ,
870 1456 902 1486 οὖ
912 1460 969 1487 διά-

186 1516 264 1542 γουσι
286 1507 334 1534 καὶ
359 1505 577 1542 ἐμπεριπατοῦσι
592 1525 600 1538 ,
625 1505 673 1533 καὶ
693 1506 914 1533 ὲπαναπαύονται
940 1506 969 1532 αἱ

186 1553 315 1588 δυνάμεις
334 1552 380 1579 τοῦ
398 1552 528 1585 σκότους,
545 1551 592 1578 καὶ
610 1551 645 1578 τὰ
659 1551 804 1587 πνεύματα
822 1551 873 1586 τῆς
885 1559 969 1586 πονη-

188 1599 260 1636 ρίας”
282 1599 328 1626 καὶ
347 1598 404 1626 ἐστι
417 1598 453 1634 γῇ
464 1597 582 1633 φωτεινὴ
603 1597 654 1632 τῆς
673 1596 815 1632 θεότητος,
834 1598 901 1623 ὅπου
918 1597 969 1633 ἑμ-

188 1643 368 1679 περιπατοῦσι
382 1643 429 1669 καὶ
447 1641 669 1670 ὲπαναπαύονται
684 1641 713 1669 αἱ
733 1641 903 1677 παρεμϐολαὶ
916 1641 970 1669 τῶν

189 1689 312 1724 ἀγγέλων
336 1689 383 1716 καὶ
406 1688 461 1715 τῶν
486 1688 571 1722 ἁγίων
596 1688 770 1721 πνευμάτων.
802 1688 855 1714 Καὶ
873 1687 934 1713 οὒτε
953 1688 970 1722 ἡ

191 1734 316 1771 σκοτεινὴ
332 1735 368 1770 γῆ
383 1735 440 1766 τοῖς
456 1733 605 1768 ὀφθαλμοῖς
623 1732 720 1758 τούτου
735 1732 861 1767 σώματος
876 1733 972 1768 ὀραθῆ-

190 1789 244 1814 ναι,
257 1780 273 1815 ἢ
287 1779 481 1816 ψηλαφηθῆναι
494 1778 617 1806 δύναται⁵
629 1777 691 1804 οὔτε
706 1778 723 1812 ἡ
738 1778 774 1812 γῆ
785 1777 834 1811 τῆς
847 1777 971 1812 θεότητος

191 1825 206 1860 ἡ
236 1824 353 1859 φωτεινὴ
375 1823 551 1858 ψηλαφᾶται,
578 1822 595 1857 ἢ
622 1823 719 1857 ὁρᾶται
745 1823 802 1853 τοῖς
832 1824 972 1856 σαρκικοῖς

190 1869 348 1904 ὀφθαλμοῖς⁵
359 1870 415 1900 τοῖς
423 1868 451 1894 δὲ
462 1869 654 1903 πνευματικοῖς
666 1867 831 1902 φαίνεταιτῷ
842 1867 973 1904 ὀφθαλμῷ

189 1913 241 1948 τῆς
255 1913 384 1948 καρδίας,
403 1912 449 1939 καὶ
470 1913 487 1948 ὴ
511 1911 646 1947 Σατανικὴ
666 1910 713 1938 τοῦ
730 1914 859 1945 σκότους,
885 1913 931 1940 καὶ
955 1914 972 1947 ἡ

191 1958 309 1993 φωτεινὴ
323 1958 372 1993 τῆς
384 1958 521 1993 θεότητος;

227 2005 263 2031 Ζ’.
288 2004 332 2036 Ὠς
353 2004 382 2030 δὲ
399 2005 413 2030 ὁ
439 2004 517 2038 λόγος
536 2004 590 2031 τῶν
607 2003 706 2037 ἔξωθεν
721 2005 804 2039 λέγει,
822 2004 895 2032 ἐστιν
921 2004 972 2040 ὖρη

193 2050 304 2086 πύρινα,
319 2050 359 2076 ὅτι
373 2050 432 2077 ἐκεῖ
449 2051 504 2086 πῦρ
522 2051 591 2082 ὲστι.
608 2052 656 2078 καὶ
668 2051 741 2078 ἔστιν
756 2052 814 2078 ἐκεῖ
825 2051 881 2083 ζῶα
893 2052 974 2086 ὅμοια

191 2097 246 2128 τοῖς
267 2095 421 2130 προϐάτοις.
442 2097 542 2124 Λοιπὸν
558 2097 583 2123 οί
596 2097 756 2133 θηρεύοντες
771 2098 840 2125 αὐτὰ
864 2098 973 2125 ποιοῦσι

193 2141 319 2178 σιδηροῦς
333 2142 457 2178 τροχοὺς,
472 2143 519 2169 καὶ
531 2142 672 2178 βάλλουσιν
684 2144 830 2179 ἄγκιστρα,
842 2145 889 2170 κα)¹
902 2145 973 2178 πέμ-

1010 239 1113 266 cmlesti
1129 239 1265 273 pronasci,
1279 240 1452 274 praestantius
1463 240 1528 275 quid
1545 248 1626 275 quam
1641 241 1731 268 caeteri
1744 241 1793 267 ho-

1009 284 1098 312 mines
1111 292 1191 320 agere
1204 284 1348 318 debemus,
1365 285 1477 313 studere
1490 293 1598 320 nempe,
1611 286 1789 318 contendere,

1009 330 1143 363 aemulari,
1169 329 1284 365 diligere
1302 350 1310 362 ,
1341 330 1410 358 bene
1434 331 1599 364 conversari,
1625 331 1653 358 in
1682 330 1735 358 ﬁde
1762 339 1794 358 ac

1010 380 1084 402 metu
1096 376 1199 408 vivere,
1207 376 1282 403 velut
1292 376 1464 403 consecuturi
1482 381 1556 404 tanta
1572 377 1653 410 bona,
1669 382 1696 404 et
1708 377 1792 404 Deum

1010 421 1184 448 hereditario
1206 421 1268 456 jure
1292 422 1447 456 possessuri
1465 430 1473 449 :
1488 421 1614 449 Dominus
1639 423 1708 449 enim
1730 431 1794 457 pars

1011 467 1173 494 hwreditatis
1187 475 1252 494 mete
1264 472 1288 494 et
1300 467 1388 494 colicis
1403 468 1455 494 mei
1467 467 1500 494 ".
1517 467 1552 494 Et
1567 467 1602 494 ita
1617 467 1726 494 intuens
1739 468 1793 494 Do-

1010 512 1102 540 minus
1116 512 1285 547 propositum
1299 512 1366 539 illud
1379 512 1491 545 bonum,
1501 519 1533 539 ac
1548 512 1729 545 tolerantiam.
1741 513 1794 540 mi-

1011 557 1188 585 sericordiam
1206 565 1281 585 suam
1298 557 1400 584 exserit
1415 565 1421 584 :
1438 564 1470 584 ac
1479 556 1628 592 puriﬁcans
1645 565 1696 583 nos
1710 557 1794 584 verbo

1011 603 1126 635 caelesti,
1151 608 1256 630 mentes
1270 607 1390 630 mortuas
1400 610 1431 630 ac
1447 602 1615 637 deperditas,
1632 610 1681 637 per
1695 603 1794 629 bonam

1012 648 1133 683 ipsorum
1148 648 1332 683 apostolorum
1347 648 1582 675 conversationem
1595 648 1794 680 etdoctrinam,

1013 694 1132 722 viviﬁcat
1146 694 1257 722 alteram
1266 699 1430 721 creaturam.
1447 694 1562 721 Perinde
1579 701 1611 720 ac
1621 694 1724 721 semina
1737 694 1797 721 fru-

1012 739 1096 766 menti
1111 743 1159 766 aut
1170 739 1266 766 hordei
1278 739 1370 766 fovent
1381 740 1478 770 nubes,
1499 747 1560 774 qua:
1574 743 1707 767 creatura:
1720 743 1794 766 sunt.

1012 785 1106 813 Pluvia
1117 794 1226 821 quoque
1245 791 1273 813 et
1291 786 1330 813 sol
1350 785 1489 813 vivificant
1503 794 1545 818 ea,
1568 793 1631 812 cum
1648 786 1794 820 iubentur.

1013 831 1247 865 Quemadmodum
1263 836 1354 859 autem
1375 839 1405 859 se
1423 831 1506 858 habet
1530 831 1634 862 lumen,
1652 830 1725 865 quod
1748 838 1797 865 per

1013 878 1162 905 fenestram
1186 877 1349 912 ingreditur,
1374 884 1406 904 ac
1423 876 1474 908 sol,
1494 877 1541 911 qui
1566 884 1616 911 per
1639 876 1796 903 universam

1013 928 1112 951 terram
1136 923 1227 950 radios
1250 930 1314 950 suos
1331 922 1476 954 extendit,
1499 922 1539 949 sic
1562 926 1641 949 erant
1658 921 1798 956 prophetat

1013 969 1157 996 luminaria
1179 968 1326 1003 peculiaris
1348 967 1447 995 domus
1474 967 1569 995 Israel.
1589 966 1713 1001 Apostoli
1731 974 1798 993 vero

1013 1018 1092 1042 erant
1106 1014 1187 1047 soles,
1209 1013 1367 1041 emittentes
1381 1013 1474 1040 radios
1491 1012 1519 1040 in
1530 1012 1687 1040 universam
1703 1011 1799 1040 mundi

1014 1064 1129 1095 partem.

1049 1147 1094 1176 Vl.
1114 1148 1162 1175 Est
1181 1147 1264 1183 igitur
1282 1151 1364 1180 terra,
1389 1147 1417 1174 in
1440 1154 1493 1181 qua
1508 1149 1693 1185 quadrupedis
1719 1149 1796 1176 habi-

1015 1196 1074 1220 tant
1089 1202 1095 1220 :
1111 1198 1154 1220 est
1165 1200 1275 1228 quoque
1289 1196 1363 1219 terra
1385 1192 1412 1219 in
1434 1200 1507 1226 aere,
1532 1195 1559 1222 in
1583 1202 1636 1229 qua
1659 1194 1800 1221 ambulant

1015 1246 1048 1266 ac
1063 1238 1159 1265 vivunt
1171 1237 1308 1265 volucres.
1324 1237 1390 1270 Quae
1406 1237 1428 1263 si
1448 1239 1533 1266 velint
1546 1238 1699 1266 consistere
1715 1245 1800 1273 super

1016 1286 1117 1310 terram
1136 1286 1164 1310 et
1186 1281 1372 1314 deambulare,
1396 1281 1499 1312 habent
1519 1288 1673 1316 venatores,
1693 1283 1739 1318 qui
1755 1290 1802 1310 cas

1016 1328 1135 1363 capiant.
1160 1328 1207 1355 Est
1224 1335 1333 1362 quoque
1352 1331 1424 1356 lerra
1445 1329 1572 1364 piscium,
1596 1337 1666 1364 aqua
1693 1327 1800 1357 scilicet

1017 1374 1120 1406 maris;
1135 1377 1162 1401 at
1175 1373 1399 1410 unumquodque,
1416 1375 1444 1402 in
1455 1382 1510 1410 quo
1523 1375 1584 1402 loco
1595 1374 1678 1402 fuerit
1693 1377 1800 1406 natum,

1018 1419 1076 1447 sive
1090 1419 1119 1446 in
1142 1423 1214 1446 terra
1233 1418 1290 1445 sive
1307 1415 1338 1446 in‘
1351 1427 1426 1452 aere,
1446 1419 1503 1447 illic
1525 1419 1610 1455 degit,
1627 1419 1749 1446 nutritur
1769 1426 1802 1446 ac

1018 1464 1144 1500 quiescit.
1159 1464 1204 1492 Sic
1215 1471 1325 1500 quoque
1338 1469 1411 1492 terra
1421 1468 1463 1492 est
1476 1464 1562 1500 patria
1579 1464 1695 1497 Satanae,
1707 1463 1735 1491 in
1750 1471 1804 1498 qua

981 1518 1004 1550 ρ
1020 1510 1132 1545 degunt,
1148 1513 1176 1537 et
1191 1508 1447 1542 circumambulant,
1463 1517 1495 1537 ac
1511 1509 1539 1536 in
1556 1517 1610 1544 qua
1628 1509 1806 1544 requiescunt

1019 1559 1167 1591 potestates
1190 1555 1364 1583 tenebrarum
1391 1559 1419 1582 et
1448 1555 1563 1590 spiritus
1587 1555 1726 1590 nequitiae.
1751 1555 1801 1582 Est

1019 1610 1128 1638 quoque
1149 1607 1221 1629 terra
1234 1601 1324 1629 lucida
1345 1601 1509 1634 divinitatis,
1528 1600 1556 1628 in
1570 1609 1623 1636 qua
1638 1601 1806 1629 circumam-

1020 1649 1117 1677 bulant
1129 1656 1160 1676 ac
1173 1648 1360 1683 requiescunt,
1374 1651 1462 1674 castra
1477 1651 1506 1674 et
1519 1647 1593 1675 acies
1606 1648 1763 1682 angelorum
1778 1649 1807 1673 et

1021 1701 1177 1722 sanctorum
1201 1694 1358 1729 spirituum.
1375 1693 1465 1727 Atque
1489 1700 1540 1719 nec
1565 1697 1636 1720 terra
1657 1692 1803 1720 tenebrosa

1021 1741 1107 1767 oculis
1121 1740 1203 1775 hujus
1225 1738 1348 1773 corporis
1373 1737 1495 1772 conspici
1518 1741 1565 1764 aut
1579 1737 1744 1764 contrectari
1758 1745 1808 1772 po-

1022 1787 1092 1816 test;
1118 1790 1170 1810 nec
1188 1787 1260 1809 terra
1273 1781 1424 1808 divinitatis
1446 1780 1536 1807 lucida
1558 1784 1745 1808 contrectatur
1759 1785 1807 1808 aut

1021 1829 1130 1856 videtur
1153 1828 1240 1856 oculis
1265 1827 1374 1855 carneis
1393 1836 1399 1853 :
1421 1826 1611 1861 spiritualibus
1631 1834 1697 1853 vero
1720 1831 1805 1861 patet,

1022 1873 1102 1900 oculo
1115 1879 1212 1907 nempe
1225 1872 1327 1904 cordis,
1345 1875 1402 1897 tum
1419 1878 1480 1905 quae
1494 1874 1535 1897 est
1552 1870 1660 1897 Satana:
1679 1878 1710 1897 ac
1729 1875 1804 1898 tenc<

1023 1917 1144 1950 brarum,
1160 1922 1217 1945 tum
1233 1917 1316 1944 etiam
1329 1924 1389 1952 qua:
1403 1921 1445 1944 est
1458 1916 1548 1942 lucida
1562 1923 1593 1942 ac
1605 1915 1697 1942 divina

1058 2005 1115 2033 VII.
1133 2005 1245 2037 Verum,
1268 2009 1298 2032 ut
1325 2003 1455 2039 profanus
1470 2010 1561 2030 sermo
1583 2002 1723 2038 perhibet,
1742 2009 1808 2032 sunt

1024 2051 1135 2086 quidam
1156 2057 1264 2078 montes
1286 2051 1368 2086 ignei,
1397 2050 1459 2084 quia
1481 2049 1538 2076 illic
1561 2049 1630 2084 ignis
1654 2055 1807 2084 permanet,

1025 2102 1143 2131 suntque
1159 2096 1215 2122 illic
1235 2096 1362 2122 animalia
1375 2095 1474 2123 similia
1487 2096 1593 2123 ovibus.
1609 2095 1743 2123 Caeterum
1759 2103 1809 2122 vc-

1024 2147 1135 2169 natores
1160 2141 1194 2169 ad
1218 2149 1249 2168 ea
1270 2140 1403 2176 capienda
1422 2141 1572 2168 coniiciunt
1595 2141 1700 2168 ferreas
1724 2145 1808 2173 rotas,

192 2196 288 2214 πουσιν
305 2188 345 2219 είς
359 2188 390 2214 τὸ
401 2187 468 2223 πῦρ,
481 2189 575 2224 ἐπειδὴ
589 2190 681 2216 ἐκεῖνα
695 2190 729 2216 τὰ
739 2190 796 2222 ζῶα
808 2190 838 2216 τὺ
850 2190 906 2226 πῦρ
918 2190 968 2225 ἔχει

1025 2192 1053 2216 et
1065 2188 1201 2223 proiectos
1220 2187 1314 2215 hamos
1331 2188 1444 2214 mittunt
1465 2187 1492 2214 in
1513 2188 1614 2222 ignem,
1634 2187 1810 2222 quandoqui-

193 2233 308 2267 βρῶσιν,
334 2233 365 2259 τὸ
379 2233 436 2268 πῦρ
452 2233 513 2268 ξὲχει
531 2234 627 2266 πόσιν,
649 2235 803 2262 ἀνάπαυσιν
814 2257 821 2268 ,
839 2235 952 2271 αὖξησιν
965 2256 973 2269 ,

193 2279 275 2314 ζωὴν,
301 2279 363 2306 ἀντὶ
384 2279 494 2306 πάντων
516 2280 547 2307 τὸ
567 2280 622 2316 πῦρ
648 2281 737 2312 αὐτοῖς
759 2281 826 2307 ἐστι.
852 2281 905 2307 Καὶ
927 2282 975 2308 ἐὰν

194 2324 338 2360 ἐξενέγκῃς
354 2325 423 2352 αὐτὰ
439 2326 478 2357 εἰς
492 2325 571 2352 ἄλλον
586 2326 654 2360 ἀέρα
664 2346 671 2358 ,
687 2326 861 2360 ἀπόλλυνται,
881 2328 927 2353 καὶ
940 2328 975 2354 τὰ

193 2370 327 2405 ἐνδύματα
342 2371 431 2400 αὐτῶν
444 2372 508 2398 ὅταν
529 2371 651 2406 ρυπιωθῇ,
666 2373 705 2403 εἰς
723 2372 753 2404 τὸ
770 2371 842 2408 ὕδωρ
856 2373 885 2398 οὐ
905 2372 975 2400 πλύ-

193 2424 293 2448 νονται,
309 2416 375 2443 ἀλλὰ
397 2417 436 2448 είς
458 2417 489 2443 τὸ
503 2416 569 2452 πῦρ,
585 2418 632 2444 καὶ
651 2417 770 2451 γίνονται
795 2417 975 2453 καθαρώτερα

194 2461 241 2488 καὶ
255 2461 412 2497 λευκότερα.
428 2461 522 2493 Οὕτως
541 2462 588 2489 καὶ
602 2462 627 2488 οί
639 2463 797 2498 Χριστιανοὶ
811 2463 840 2489 τὺ
860 2463 976 2499 ἐπουρά-

193 2515 249 2533 νιον
266 2505 321 2541 πῦρ
337 2507 425 2533 ἐκεῖνο
439 2507 531 2542 ἔχουσι
545 2507 655 2542 βρῶσιν.
677 2508 779 2535 Ἐκεῖνο
798 2509 889 2539 αὐτοῖς
903 2509 977 2535 ἐστιν

194 2551 355 2583 ἀνάπαυστς·
368 2552 456 2578 έκεῖνο
473 2551 627 2588 καθαρίζει,
642 2553 690 2579 καὶ
709 2552 815 2584 πλύνει,
835 2554 882 2580 καὶ
897 2553 977 2587 ἁγιά-

194 2595 235 2627 ζει
248 2596 337 2623 αὐτῶν
351 2596 400 2632 τὴν
416 2596 529 2631 καρδίαν
541 2604 548 2612 ο
563 2597 650 2623 ἐκεῖνο
662 2597 742 2632 φέρει
757 2597 854 2628 αὐτοὺς
873 2598 913 2629 εἰς
925 2597 975 2624 a6-

196 2639 287 2674 ξησιν·
304 2642 392 2668 έκεῖνο
412 2641 502 2673 αὐτοῖς
527 2641 602 2668 ἐστιν
622 2641 686 2677 ἀὴρ,
712 2642 759 2669 καὶ
783 2642 851 2677 ζωή.
874 2642 923 2669 “Av
946 2642 976 2669 δὲ

195 2685 298 2712 ἐκεῖθεν
323 2686 484 2720 ὲξέλθωσιν,
510 2687 671 2714 ἀπόλλυνται
698 2688 751 2714 ὑπὸ
776 2687 828 2714 τῶν
851 2687 976 2723 πονηρῶν

196 2731 368 2764 πνευμάτων,
383 2732 476 2768 ὥσπερ
491 2733 549 2759 ἐκεῖ
566 2733 600 2760 τὰ
612 2733 669 2765 ζῶα
682 2732 844 2769 ὲξερχόμενα
859 2733 913 2761 ἀπὸ
930 2732 977 2761 τοῦ

230 2815 254 2832 ⁸³
272 2816 342 2845 Psal.
358 2825 412 2851 ινι,
428 2819 454 2847 5.

1026 2234 1088 2261 dem
1102 2233 1148 2260 illa
1160 2233 1288 2260 animalia
1303 2232 1392 2267 ignem
1406 2232 1510 2259 habent
1526 2232 1589 2259 loco
1609 2232 1674 2265 cibi,
1692 2232 1808 2267 requiei,

1026 2279 1199 2312 incrementi,
1213 2279 1283 2311 vitm,
1301 2278 1423 2305 omnium
1438 2277 1558 2312 denique
1580 2277 1640 2304 loco
1661 2277 1732 2312 ignis
1756 2277 1810 2303 illis

1026 2329 1076 2352 est.
1090 2325 1130 2352 Ac
1141 2324 1165 2351 si
1178 2323 1325 2351 transferas
1336 2330 1367 2350 ea
1379 2323 1463 2350 alium
1474 2323 1502 2350 in
1514 2329 1617 2354 aerem,
1634 2326 1751 2356 pereunt
1763 2330 1770 2347 :
1781 2325 1810 2348 et

1028 2370 1187 2397 indumenta
1202 2369 1321 2400 illorum,
1347 2368 1370 2395 si
1391 2368 1494 2395 fuerint
1513 2367 1641 2395 sordibus
1656 2366 1807 2401 inquinata,

1026 2424 1097 2451 aqua
1117 2423 1171 2443 non
1189 2415 1329 2447 eluuntur,
1348 2414 1395 2441 sed
1417 2414 1484 2449 igni,
1509 2413 1632 2448 ﬁuntque
1652 2413 1761 2447 puriora
1779 2419 1810 2439 ac

1025 2460 1185 2488 candidiora
1199 2468 1205 2486 :
1228 2460 1268 2487 sic
1280 2467 1389 2494 quoque
1401 2459 1549 2486 Christiani
1569 2466 1610 2485 cm
1620 2458 1716 2485 lestem
1733 2458 1810 2484 illum

1026 2506 1115 2541 ignem
1129 2505 1232 2532 habent
1248 2505 1307 2531 vice
1325 2504 1457 2536 alimenti,
1480 2504 1526 2530 ille
1546 2503 1612 2537 ipsis
1631 2506 1673 2529 est
1691 2502 1809 2537 requies,

1026 2551 1072 2579 illc
1087 2555 1231 2585 expurgat,
1244 2550 1327 2583 lavat,
1342 2554 1369 2577 et
1384 2549 1536 2576 sanctiﬁcat
1556 2556 1603 2576 cor
1615 2548 1723 2575 illorum
1736 2557 1747 2579 _:
1765 2548 1810 2575 ille

1029 2597 1132 2631 praebet
1148 2597 1189 2624 eis
1201 2600 1406 2632 argumentum:
1424 2595 1469 2622 ille
1485 2595 1526 2622 eis
1540 2599 1581 2621 cst
1598 2602 1645 2621 aer
1658 2599 1685 2620 et
1703 2593 1766 2621 vita.
1782 2593 1809 2620 Si

1031 2650 1097 2670 vero
1110 2641 1171 2669 inde
1185 2641 1372 2676 egrediantur,
1385 2639 1588 2667 interﬁciuntur
1598 2647 1612 2666 a
1625 2640 1716 2674 pravis
1728 2639 1810 2674 spiri-

1031 2688 1116 2720 tibus,
1127 2688 1202 2715 velut
1216 2687 1253 2714 ibi
1264 2687 1391 2714 animalia
1402 2687 1456 2722 igni
1467 2685 1637 2722 egredienlia
1646 2685 1811 2717 moriuntur,

1031 2733 1106 2762 velut
1131 2733 1219 2768 pisces
1237 2740 1307 2768 aqua
1328 2732 1511 2768 egredientes,
1530 2731 1605 2759 velut
1625 2729 1813 2766 quadrupedia
