2078 3151
227 169 278 201 577

839 167 1024 199 HOMILIIE.
1039 167 1177 199 ‘IlOM.
1195 169 1255 200 XV.

1791 171 1844 203 578

221 224 315 262 ρανίου
335 223 477 259 βασιλέως.
499 224 554 251 Καὶ
574 224 667 252 λοιπὸν
686 224 731 251 ἐπ’
754 223 846 259 ἐκείνῃ
868 224 902 259 τῇ
923 223 1001 258 ψυχῇ

1060 222 1134 251 illam
1150 225 1269 252 animam
1287 226 1408 259 tristitia,
1425 226 1505 255 dolor
1520 233 1553 254 ac
1565 226 1657 254 luctus
1671 232 1768 253 omnes
1782 232 1845 252 san-

219 271 293 307 λύπη
306 271 353 297 καὶ
365 271 454 306 ὀδύνη,
468 271 515 297 καὶ
530 271 671 306 κλαυθμὸς
685 271 768 298 πᾶσιν
781 270 870 304 ἁγίοις
883 270 932 296 καὶ
947 277 1008 296 νοε-

221 318 278 352 poi;
293 316 430 352 πνεύμασι
440 316 555 351 γίνεται·
567 317 689 351 ἄγγελοι.
699 316 840 352 δυνάμεις,
850 315 1006 348 ἀπόστολοι,

219 363 368 399 προφῆται,
387 363 525 398 μάρτυρες
536 362 675 390 κλαίουσιν
689 362 733 389 ἐπ’
749 363 829 398 αὐτῇ.

258 410 294 435 ιη.
315 409 421 444 Ὥσπερ
443 409 498 444 γάρ
511 408 588 443 χαρὰ
604 409 736 444 γίγνεται
749 408 785 435 ἐν
796 406 924 442 οὐρανῷ,
941 407 979 439 ὼς
993 408 1008 434 6

219 456 241 482 Κ
247 455 320 490 ύριος
328 453 414 487 εἶπεν,
422 455 472 482 ἐπὶ
480 455 525 482 ἐνί
537 454 700 489 ἁμαρτωλῷ
705 454 912 489 μετανοοῦντι·
922 453 1007 485 οὕτως

218 501 290 537 λύπη
304 501 388 537 πολλὴ
400 503 448 528 καὶ
461 501 598 536 κλαυθμὸς
614 502 643 528 ὲν
654 501 693 536 τῷ
706 501 813 537 οὐρανῷ
830 500 946 535 γίνεται,
959 500 1007 527 ἐπὶ

220 549 269 583 μιᾷ
277 547 349 582 ψυχῇ
363 547 556 583 ἁποπιπτούαῃ
564 547 613 582 τῆς
624 547 733 574 αἰωνίου
752 547 833 582 ζωῆς.
848 546 902 573 Καὶ
911 542 1006 581 ὥσπερ

218 595 264 621 ἐπὶ
277 593 327 629 τῆς
344 594 397 628 γῆς
415 593 484 620 ὲπάν
499 601 541 624 τις
555 593 682 624 πλούσιος
696 592 820 628 ἀποθάνῃ
838 592 919 628 ἀνὴρ,
936 591 1006 627 μετὰ

219 638 368 673 μελῳδιῶν,
381 638 428 664 καὶ
444 638 554 673 θρήνου,
567 637 616 664 καὶ
635 638 752 665 κοπετοῦ
767 637 943 672 ἐκκομίζεται
956 635 1005 664 τοῦ

219 684 277 719 βίου
302 683 355 710 ὑπὸ
371 682 426 710 τῶν
448 683 520 710 ίδίων
540 682 678 717 ἀδελφῶν,
696 683 742 709 καὶ
759 682 831 717 ptch
849 682 1004 716 συγγενῶν,

217 730 264 756 καὶ
279 728 374 764 φίλων,
397 728 445 756 καὶ
469 728 635 763 γνωρίμων·
655 728 741 761 οὕτως
761 729 808 756 καὶ
822 729 867 755 ἐπὶ
884 730 918 764 τῇ
931 728 1004 764 ψυχῇ

217 775 311 811 ἐκείνῃ
326 775 426 805 πάντες
442 774 467 800 οἱ
490 774 562 808 ἆγιοι
588 773 715 801 πενθοῦσι
739 775 809 810 μετὰ
829 774 937 810 θρήνων
959 774 1006 801 καὶ

219 820 370 856 μελῳδιῶν.
386 820 441 847 Καὶ
454 820 509 855 γὰρ
523 820 640 856 ἀλλαχοῦ
653 820 730 848 τοῦτο
746 822 762 856 ἡ
775 821 871 856 Γραφὴ
887 821 1005 847 αίνίττε-

217 875 262 892 ται
277 866 403 900 λέγουσα,
432 865 568 892 πέπτωκε
596 866 700 899 πίτυς,
723 865 866 898 xcv-03725,
883 865 982 899 κέδροι
995 872 1003 880 ο

217 912 312 947 ὥσπερ
324 912 378 946 γὰρ
400 912 414 937 ὁ
434 911 542 946 Ἰσραὴλ
556 912 599 938 ὅτε
616 912 703 938 ἐδόκει
719 912 876 947 εὐαρεστεῖν
895 911 934 948 τῷ
955 913 1005 938 Δε-

217 958 315 993 σπότῃ.
337 959 362 984 εί
383 957 431 984 καὶ
452 957 585 992 μηδέποτε
603 957 633 984 ὃν
653 958 694 984 δεῖ
706 958 806 993 τρόπον
824 958 1004 994 εὐηρέστησε,

217 1003 315 1030 στύλον
323 1002 439 1038 νεφέλης
450 1000 522 1038 εἶχεν
534 1003 741 1036 ἐπισκιάζοντα,
751 1003 800 1030 aut
811 1004 908 1030 στύλον
919 1004 1006 1039 πυρός

216 1048 433 1083 καταυγάζοντα,
443 1048 580 1076 θάλασσαν
594 1049 668 1085 ἑώρα
677 1049 840 1085 σχιζομένην
851 1049 1005 1085 Εμπροσθεν

215 1094 309 1126 αὑτοῦ,
322 1094 394 1130 ὓδωρ
411 1095 445 1120 ἐκ
463 1095 566 1131 πέτρας
589 1095 701 1129 διαυγὲς
721 1095 899 1130 ὲξερχόμενον
917 1103 924 1112 ⁸
943 1096 1004 1122 ἐπεὶ

214 1140 243 1168 δὲ
256 1141 404 1176 ἐστρέφετο
417 1141 430 1167 ὁ
446 1140 508 1172 νοῦς
523 1141 626 1173 αὐτῶν,
639 1142 686 1168 καὶ
695 1142 712 1176 ή
724 1141 882 1177 προαίρεσις
893 1141 946 1168 ἀπὸ
957 1141 1003 1168 τοῦ

216 1187 294 1219 θεοῦ,
309 1188 370 1214 τότε
385 1187 464 1222 ὕφεσι
487 1187 671 1222 παρεδίδοντο,
690 1187 740 1214 καὶ
754 1188 809 1219 τοῖς
831 1187 939 1224 ἐχθροῖς
953 1187 1003 1214 αὺ-

215 1233 279 1264 τῶν,
297 1233 326 1259 ὲν
340 1233 539 1268 αἰχμαλωσίαις
554 1233 653 1265 δειναῖς
669 1233 851 1269 ἀπαγόμενοι,
876 1234 923 1260 καὶ
941 1233 1004 1260 δουο

215 1278 299 1309 λείαις
316 1279 429 1313 πικραῖς
449 1277 641 1313 ἐξεταζόμενοι
654 1287 662 1294 ·
685 1279 715 1306 τὸ
736 1279 804 1306 αὐτὸ
825 1280 934 1313 πάντως
956 1280 1004 1306 καὶ

217 1323 265 1349 ἐπὶ
284 1322 338 1350 τῶν
353 1323 446 1359 ψυχῶν
469 1323 548 1358 ἡμῶν
563 1324 677 1357 γίνεται.
698 1323 784 1351 Τοῦτο
800 1323 829 1350 δὲ
849 1324 896 1351 καὶ
918 1324 947 1350 ἐν
962 1323 1004 1359 τῷ

217 1367 345 1405 προφήτῃ
368 1368 502 1405 ἰιζεκιὴλ
523 1369 662 1404 μυστικῶς
685 1370 816 1404 ἐμφαῖνον
838 1369 869 1396 τδ
891 1369 1004 1404 Πνεῦμα

216 1413 281 1449 περὶ
294 1412 484 1449 ςῆετοιαύτης
504 1413 604 1449 ψυχῆς,
621 1413 716 1449 ὥσπερ
739 1414 927 1450 Ἰερουσαλὴμ,
944 1414 1003 1440 ἐλε-

215 1466 265 1493 γεν
275 1466 283 1474 ·
295 1456 394 1494 Εὗρόν
409 1467 456 1491 σε,
475 1459 572 1496 φησὶν,
586 1460 621 1487 ἐν
635 1460 672 1494 τῇ
687 1459 786 1495 ἐρήμῳ
798 1460 918 1495 γυμνὴν
930 1479 938 1492 ,
953 1460 1002 1487 καί

219 1505 334 1532 dicunt
354 1513 392 1533 σε
407 1505 441 1533 ἐκ
458 1505 512 1533 τοῦ
527 1506 635 1539 ὕδατος
652 1506 707 1540 τῆς
721 1506 909 1540 ἀκαθαρσίας
926 1514 1002 1539 σου,

1058 274 1118 298 ctus
1131 274 1160 298 et
1176 270 1375 299 intellectualcs
1399 272 1513 307 spiritus
1531 271 1636 299 invadit
1651 280 1658 298 :
1679 271 1780 307 angeli,
1793 278 1845 306 po-

1058 321 1182 350 testates,
1206 317 1335 352 apostoli,
1355 318 1504 353 prophetae,
1528 323 1664 354 martyres
1676 317 1772 353 lugent
1785 317 1845 353 ejus

1057 362 1157 390 vicem.

1093 409 1137 436 ΙΙΙ.
1159 410 1394 443 Quemadmodum
1419 410 1492 438 enim
1510 411 1637 445 gaudium
1661 414 1698 437 est
1719 410 1746 437 in
1768 409 1843 443 cazlo,

1058 459 1089 482 ut
1103 455 1172 482 dixit
1186 455 1330 488 Dominus,
1346 464 1424 491 super
1438 464 1490 482 uno
1514 460 1649 491 peccatore
1664 456 1844 491 paznitentiam

1057 504 1150 536 agente
1165 500 1197 532 “,
1208 501 1246 528 ita
1257 501 1367 529 tristitia
1378 501 1462 529 multa
1470 506 1512 529 est
1526 501 1655 529 etluctus
1668 501 1694 528 iu
1712 502 1782 529 caelo
1798 508 1845 529 su-

1057 553 1106 581 per
1123 555 1175 574 una
1189 547 1291 581 anima,
1305 556 1367 583 qum
1383 547 1486 575 excidit
1496 548 1552 574 vita
1563 551 1675 575 aeterna.
1695 547 1729 575 Et
1749 555 1845 582 quern-

1056 592 1203 619 admodum
1226 594 1253 620 in
1271 594 1362 625 terris,
1387 593 1410 620 si
1433 593 1497 628 quis
1517 593 1639 627 locuples
1660 593 1703 619 vir
1719 598 1844 620 mortuus

1056 638 1150 671 fuerit,
1174 647 1237 666 cum
1258 643 1340 667 cantu
1363 639 1484 674 lugubri,
1509 639 1706 666 lamentatione
1721 646 1752 666 ac
1767 639 1844 673 plan-

1056 690 1102 712 etu
1123 685 1262 713 eﬂ‘erture
1272 687 1326 714 vita
1341 693 1390 721 per
1406 694 1472 714 suos
1487 686 1595 717 fratres,
1612 685 1842 720 consanguineos,

1055 731 1159 758 amicos
1169 739 1202 759 ac
1213 732 1361 760 familiares
1375 740 1382 759 :
1401 733 1441 760 sic
1455 740 1566 767 quoque
1582 736 1696 766 propter
1707 738 1766 758 eam
1782 730 1844 758 ani-

1055 785 1127 804 mam
1142 785 1239 805 omnes
1250 779 1337 806 sancti
1350 778 1446 813 lugent
1459 778 1656 807 lamentatione
1671 784 1704 804 ac
1722 784 1791 804 voce
1802 776 1846 804 lu-

1055 823 1146 859 gubri.
1161 824 1232 852 Alibi
1246 825 1319 852 cnim
1332 824 1474 860 Scriptura
1489 825 1522 852 ad
1536 824 1588 851 hoc
1605 824 1723 851 obscure
1734 823 1843 857 alludit,

1056 869 1185 905 inquiens
1209 880 1215 897 :
1235 871 1331 898 Cecidit
1350 872 1437 906 pinus.
1459 871 1555 906 lugete,
1571 871 1641 898 cedri
1660 870 1694 898 ".
1707 869 1844 903 Quemad-

1056 917 1168 944 modum
1181 918 1254 945 euinl
1268 918 1386 953 populus
1398 918 1492 950 Israel,
1504 925 1567 945 cum
1579 917 1722 944 videretur
1734 916 1844 951 placere

1055 961 1183 994 Domino,
1199 963 1325 997 quamvis
1340 964 1416 990 nullo
1429 963 1522 995 modo,
1544 970 1600 998 quo
1617 962 1725 994 debuit,
1741 962 1767 988 ei
1782 962 1843 997 pla-

1055 1009 1156 1042 cuerit,
1183 1010 1339 1037 columnam
1365 1010 1447 1037 nubis
1476 1009 1596 1037 habebat
1619 1008 1842 1041 ubumbrantcm,

1056 1054 1108 1090 53
1117 1055 1306 1083 eteolumnam
1316 1055 1386 1091 ignis
1396 1055 1591 1086 illustrautem,
1601 1063 1675 1082 mare
1684 1053 1796 1082 videbat
1802 1053 1844 1082 di—

1054 1100 1111 1127 vidi
1125 1107 1217 1128 coram
1231 1101 1307 1136 ipsis,
1322 1109 1354 1128 ac
1367 1101 1507 1137 limpidam
1520 1108 1618 1136 aquam
1630 1108 1646 1128 e
1660 1105 1736 1135 petra
1750 1108 1840 1127 erum-

1055 1154 1120 1181 pere
1131 1147 1170 1174 ":
1187 1152 1331 1182 postquam
1347 1155 1412 1175 vero
1425 1155 1521 1175 aversa
1532 1151 1575 1175 est
1586 1155 1663 1174 mens
1675 1152 1703 1174 et
1716 1147 1842 1174 voluntas

1054 1200 1151 1220 eorum
1168 1200 1182 1220 a
1199 1194 1253 1220 Deo
1267 1214 1274 1226 ,
1292 1198 1349 1221 tum
1365 1194 1541 1229 serpentibus
1555 1194 1647 1221 traditi
1669 1198 1697 1221 et
1716 1194 1843 1222 hostibus

1055 1240 1123 1272 suis,
1137 1247 1168 1268 ac
1183 1240 1210 1267 in
1227 1240 1414 1275 captivitatem
1427 1240 1610 1268 miserrimam
1624 1239 1746 1272 abducti,
1759 1243 1841 1274 atque

1054 1285 1235 1313 servitutibus
1250 1285 1329 1313 duris
1345 1285 1444 1313 tentati
1462 1291 1543 1314 sunt:
1562 1286 1634 1313 idem
1649 1293 1763 1321 prorsus
1773 1293 1843 1321 quo-

1054 1339 1107 1367 que
1133 1332 1233 1360 animis
1246 1333 1349 1360 nostris
1361 1333 1505 1368 contingit.
1519 1332 1597 1365 Quod
1619 1332 1708 1367 ipsum
1730 1340 1842 1368 quoque

1053 1385 1104 1412 per
1120 1380 1284 1414 prophetam
1298 1378 1469 1406 Ezechielem
1485 1379 1602 1414 mystice
1622 1383 1842 1406 commonstrans

1054 1423 1174 1458 Spiritus
1187 1424 1221 1451 de
1238 1424 1397 1459 hujusmodi
1415 1425 1518 1456 anima,
1536 1425 1613 1452 velut
1627 1425 1660 1451 de
1675 1424 1841 1457 Jerusalem,

1053 1468 1219 1503 loquebatur
1233 1478 1240 1497 :
1258 1469 1349 1497 Inveni
1364 1474 1398 1502 te,
1413 1470 1514 1505 inquit,
1528 1470 1557 1497 in
1569 1470 1669 1498 deserto
1687 1470 1796 1502 nudam,
1817 1475 1842 1497 et

1054 1514 1127 1541 ablui
1155 1519 1179 1542 te
1194 1524 1265 1550 aqua
1288 1516 1320 1542 ab
1335 1516 1490 1551 impuritate
1502 1521 1560 1549 tua,
1580 1520 1605 1543 et
1622 1516 1697 1543 indui
1715 1521 1739 1543 te
1761 1518 1842 1544 vesti-

216 1550 265 1576 κιιὶ
278 1550 406 1578 ὲνέδυσά
418 1560 455 1579 σε
466 1551 592 1586 ἔνδυμα,
604 1553 654 1579 καὶ
667 1552 782 1587 ψέλλια
793 1551 955 1586 περιέθηκα
968 1552 1001 1579 ἐν

1054 1566 1159 1593 mento,
1179 1565 1203 1587 et
1227 1561 1350 1589 armillas
1377 1562 1554 1597 circumposui
1577 1563 1699 1590 manibus
1719 1564 1791 1596 tuis,
1814 1567 1839 1590 et
1888 1554 1890 1556 ’

215 1596 278 1628 ταῖς
292 1598 380 1632 χερσί
395 1606 466 1631 σου,
481 1598 529 1625 καὶ
546 1599 689 1632 parteiam
703 1598 770 1632 περὶ
783 1598 837 1626 τὸν
849 1598 1003 1634 τράκηλόν

214 1651 271 1670 σου
282 1663 289 1674 ,
303 1644 351 1670 καὶ
366 1643 473 1671 ἐνώτια
487 1645 522 1671 ἐν
536 1645 598 1677 τοῖς
612 1645 668 1673 ὠσί
680 1653 740 1672 σου
751 1667 760 1679 ,
769 1646 818 1672 καί
828 1646 936 1680 ἐγένου
950 1655 1002 1681 μοι

214 1689 366 1724 ὀνομαστὶ]
386 1690 420 1716 ἐν
438 1689 513 1717 πᾶσι
535 1690 598 1724 τοῖς
613 1691 716 1718 ἔθνεσι
727 1699 734 1706 “
762 1692 936 1726 σεμίδαλιν,
951 1691 1002 1720 καί

212 1735 325 1768 alitur,
341 1736 391 1763 καὶ
404 1735 474 1771 μέλι
488 1736 614 1772 ἔφαγες,
627 1738 677 1765 καί
691 1739 736 1772 είς
748 1739 878 1774 ὕστερον
891 1739 1002 1767 excid?

212 1783 266 1808 00v
281 1781 340 1808 τῶν
355 1781 536 1816 εὐεργεσιῶν
549 1792 610 1817 μου
620 1803 628 1816 ,
650 1784 701 1812 καί
725 1784 890 1819 Mopsiian
904 1785 1001 1812 ὀπίσω

212 1825 270 1853 τῶν
280 1828 416 1862 ἐραστῶν
429 1836 499 1860 σου,
513 1829 563 1855 καί
577 1829 766 1863 eadm-evade
775 1829 811 1856 ἐν
820 1830 964 1864 αἰσχύνῃ.

248 1873 286 1899 A'.
312 1872 406 1905 οὕτως
423 1873 472 1900 καὶ
481 1873 554 1910 ψυχῇ
566 1875 600 1910 τῇ
613 1875 656 1902 διὰ
675 1875 724 1910 τῆς
738 1875 850 1911 χάριτος
870 1876 1000 1910 ἐπιγινω-

212 1919 314 1955 σκούσῃ
328 1919 373 1946 τὸν
384 1919 461 1952 Θεὸν,
473 1920 504 1946 τὸ
521 1919 634 1955 Πνεῦμα
648 1923 793 1957 παραινεῖ,
805 1923 867 1958 ἥτις
882 1922 1000 1958 καθαρι-

213 1965 307 1992 σοεῖσα
315 1967 368 1994 ἀπὸ
378 1966 433 1994 τῶν
442 1967 584 2003 προτέρων
592 1967 734 2003 ἁμαρτιιῖιν
745 1968 793 1996 καὶ
802 1970 859 2002 τοῖς
866 1969 913 1996 τοῦ
920 1969 1000 2004 ἁγίου

212 2011 370 2046 Πνεύματος
394 2013 519 2048 κοσμίοις
537 2013 727 2050 κοσμηθεῖσα,
743 2015 791 2042 καὶ
810 2011 1000 2050 μεταλαϐοῦσα

212 2057 286 2089 θείας
311 2059 359 2085 καὶ
381 2059 544 2096 ἐπουρανίου
566 2060 690 2096 τροφῆς,
717 2060 755 2096 μὴ
778 2061 893 2094 δεόντως
915 2060 943 2088 δὲ
971 2061 1001 2087 ὲν

211 2103 295 2139 πολλῇ
312 2104 412 2138 γνώσει
434 2106 661 2142 ἀναστρεφομένη
675 2127 683 2139 ,
698 2107 747 2133 καὶ
762 2106 940 2143 ἁρμοζόντως
961 2106 999 2143 μὴ

210 2152 330 2186 τηροῦσα
358 2153 408 2188 τὴν
431 2153 610 2190 ὀφειλομένην
639 2153 680 2190 τῷ
703 2155 859 2192 ἐπουρανίῳ
889 2155 999 2192 νυμφίῳ

210 2198 321 2233 Χριστῷ
333 2198 440 2226 εὔνοιαν
455 2200 504 2226 καὶ
525 2200 648 2236 ἀγάπην,
663 2201 866 2237 ἀπορρίπτεται
882 2202 930 2230 καὶ
949 2202 996 2230 ὲκ-

209 2244 336 2271 6αλλεται
346 2245 396 2280 τῆς
409 2244 482 2281 ζωῆς
495 2243 529 2282 ἦς
545 2254 612 2273 ποτε
628 2246 744 2282 μέτοχος
755 2246 864 2282 γέγονε.
879 2247 997 2274 Δύναται

208 2291 263 2326 γὰρ
277 2291 292 2317 ὁ
311 2291 434 2324 Σατανᾶς
454 2293 502 2319 καὶ
521 2292 591 2327 μετὰ
613 2291 668 2322 τῶν
687 2293 804 2328 ἐχόντων
817 2292 931 2320 τοιαῦτα
948 2293 998 2328 μέ-

207 2345 260 2371 τρα
286 2336 446 2372 ἐπαίρεσθαι
471 2337 520 2364 καὶ
545 2337 698 2373 ὑψοῦσθαι,
716 2338 850 2364 καὶκατὰ
877 2338 932 2365 τῶν
951 2339 997 2366 τὸν

208 2383 274 2409 Θεὸν
295 2384 323 2410 ὲν
346 2383 439 2419 χάριτι
456 2383 505 2412 καὶ
520 2383 634 2419 δυνάμει
657 2384 837 2418 ὲπιγνόντων,
862 2385 955 2420 ἀκμὴν
979 2387 996 2421 ή

208 2429 291 2455 κακία
305 2430 461 2464 ἐπαίρεται,
477 2431 526 2457 καὶ
541 2429 705 2464 ἀγωνίζεται
721 2431 887 2466 καταράξαι.
908 2432 995 2466 ’Λγω-

207 2474 311 2500 νιστέον
327 2475 418 2501 τοίνυν
444 2475 491 2502 καὶ
509 2475 737 2511 παραφυλακτέον
759 2476 807 2504 καὶ
826 2476 900 2512 ἡμᾶς
922 2478 998 2514 πάσῃ

207 2519 316 2547 συνέσει
327 2519 403 2555 μετὰ
415 2521 511 2555 φόϐου
521 2521 579 2556 τὴν
589 2521 704 2550 ἑαυτῶν
723 2522 876 2557 σωτηρίαν
894 2532 998 2558 κατερ-

208 2565 360 2600 γάζεσθαι,
374 2566 466 2599 καθὼς
489 2567 655 2603 γέγραπται.
675 2568 754 2596 Ὅσοι
763 2565 812 2596 οὖν
823 2568 934 2605 μέτοχοι
949 2571 997 2597 τοῦ

208 2610 366 2649 Ηνιῠματος
384 2612 503 2648 Χριστοῦ
517 2613 664 2648 γεγόνατε,
681 2614 710 2640 ἐν
724 2615 820 2652 μηδενὶ
839 2617 995 2652 πράγματι,

209 2657 280 2692 μήτε
295 2658 326 2685 ὲν
350 2658 442 2694 μικρῷ
465 2659 536 2695 μήτε
550 2659 580 2687 ὲν
603 2659 714 2696 μεγάλῳ
725 2682 732 2694 ,
751 2664 996 2699 καταφρονητικῶς

207 2703 346 2739 διατεθῆτε
357 2725 364 2738 ,
378 2705 426 2732 καὶ
439 2704 489 2741 τὴν
504 2705 584 2741 χάριν
598 2706 646 2733 τοῦ
663 2706 821 2743 Πνιύματος
836 2708 874 2744 μὴ
888 2709 997 2745 ἐνυϐρί-

210 2756 286 2783 aqu,
300 2750 345 2777 ἴνα
360 2750 399 2786 μὴ
419 2751 469 2786 τῆς
489 2750 563 2786 ζωῆς
583 2752 662 2784 ἐκτὸς
682 2753 798 2788 γένησθε
809 2773 817 2786 ,
834 2751 868 2790 ἦς
886 2754 996 2791 μέτοχοι

209 2793 259 2830 ἤδη
274 2795 415 2829 γεγόνατε.

1053 1611 1159 1642 torques
1174 1608 1244 1634 circa
1256 1607 1352 1635 collum
1368 1612 1453 1641 tuum,
1466 1614 1491 1635 et
1500 1610 1608 1638 inaures
1615 1610 1644 1638 in
1659 1610 1767 1639 auribus
1779 1612 1841 1644 tuis.

1053 1656 1078 1678 et
1093 1652 1165 1687 facta
1185 1660 1212 1679 es
1227 1653 1291 1680 mihi
1307 1655 1446 1681 nominata
1465 1655 1534 1682 inter
1548 1664 1637 1683 omnes
1649 1662 1746 1692 gentes.
1763 1657 1843 1685 Simi-

1053 1697 1108 1724 Iam
1127 1702 1153 1725 et
1178 1698 1266 1725 oleum
1287 1707 1318 1725 ac
1335 1698 1386 1726 mel
1405 1700 1548 1733 comedisti,
1575 1706 1599 1728 et
1618 1702 1654 1728 ad
1678 1702 1801 1730 ultimum
1817 1712 1843 1731 es

1052 1744 1134 1771 oblita
1150 1744 1274 1779 beneﬁcia
1294 1753 1364 1773 mea.
1387 1746 1481 1774 Λωίδιὶ
1503 1753 1559 1775 post
1582 1753 1714 1776 amatore:
1734 1755 1803 1783 tuos,
1818 1755 1842 1777 et

1052 1798 1110 1817 cum
1128 1791 1228 1826 pudore
1242 1791 1375 1826 fornicata
1387 1800 1414 1819 es
1424 1793 1457 1820 ".

1086 1887 1132 1915 IV.
1154 1886 1200 1915 Sic
1214 1892 1325 1923 quoque
1339 1888 1470 1921 animam,
1486 1897 1547 1924 qua:
1562 1897 1612 1925 per
1627 1890 1742 1925 gratiam
1755 1891 1841 1919 Deum

1051 1934 1202 1969 cognoscit,
1222 1934 1341 1969 Spiritus
1365 1934 1495 1962 admonet
1517 1943 1524 1962 :
1543 1943 1603 1970 qua:
1620 1935 1765 1970 puriﬁcala
1777 1937 1841 1971 qui-

1051 1977 1113 2005 dem
1129 1985 1144 2004 a
1158 1978 1284 2013 pristinis
1307 1978 1436 2013 peccatis.
1453 1982 1482 2006 et
1505 1978 1625 2013 Spiritus
1649 1979 1738 2006 sancti
1761 1987 1843 2007 orna-

1051 2023 1153 2051 mentis
1164 2024 1303 2056 decorata,
1317 2031 1348 2051 ac
1363 2023 1501 2059 particeps
1509 2024 1578 2051 facta
1586 2024 1671 2051 divini
1683 2025 1843 2053 accmlestis

1051 2069 1117 2100 cibi,
1143 2069 1235 2097 minus
1247 2076 1314 2096 vero
1327 2069 1458 2096 decenter
1472 2069 1499 2096 in
1512 2069 1598 2096 multa
1608 2069 1765 2104 cognitiorie
1779 2078 1842 2099 ver-

1050 2121 1109 2144 sata
1123 2137 1131 2149 ,
1154 2124 1206 2144 nec
1232 2117 1432 2144 convenienter
1464 2115 1585 2143 debitam
1610 2117 1716 2145 cmlesti
1739 2125 1842 2153 sponso

1049 2162 1159 2190 Christo
1182 2162 1401 2190 benevolentiam
1422 2166 1450 2189 et
1462 2162 1638 2190 dilectionem
1660 2171 1838 2196 conservans,

1052 2208 1198 2244 projicitur
1212 2213 1241 2236 et
1253 2208 1411 2236 detruditur
1424 2217 1439 2236 a
1455 2209 1522 2242 vita,
1535 2209 1614 2245 cujus
1628 2215 1688 2238 erat
1702 2210 1840 2246 particeps

1010 2239 1038 2270 Β
1052 2239 1135 2281 iacta.
1153 2254 1232 2282 Valet
1248 2262 1368 2289 namque
1385 2254 1501 2282 Satanas
1515 2239 1710 2284 veladversus
1718 2264 1777 2289 eos,
1791 2239 1839 2292 qui

1051 2301 1085 2328 ad
1096 2301 1147 2328 hos
1160 2301 1262 2336 gradus
1276 2306 1472 2337 pervenerunt,
1483 2302 1625 2338 insurgere
1637 2302 1774 2330 etelevari
1788 2312 1795 2329 :
1811 2308 1840 2330 et

1051 2347 1184 2375 adversus
1194 2356 1252 2379 eos,
1266 2348 1313 2383 qui
1329 2348 1416 2376 Deum
1432 2349 1458 2376 in
1475 2348 1561 2384 gratia
1576 2354 1605 2376 et
1621 2349 1723 2377 virtute
1738 2357 1839 2385 cogno—

1050 2397 1159 2424 verunt,
1175 2392 1266 2419 adhuc
1277 2393 1401 2428 nequitia
1416 2393 1544 2429 insurgit,
1561 2401 1593 2421 ac
1607 2398 1723 2422 conatur
1730 2401 1779 2421 eos
1789 2394 1838 2422 de-

1049 2437 1173 2465 turbare.
1187 2437 1414 2467 Contendendum
1427 2439 1512 2473 igitur
1524 2447 1556 2466 ac
1571 2439 1723 2474 prudenter
1737 2447 1839 2467 caven-

1049 2483 1114 2511 dum
1125 2491 1236 2518 quoque
1251 2483 1332 2511 nobis
1343 2489 1400 2518 est,
1414 2490 1442 2511 ut
1453 2493 1512 2512 cum
1526 2486 1619 2512 timore
1636 2489 1756 2512 nostram
1767 2486 1839 2521 ipso-

1049 2538 1109 2557 rum
1121 2529 1236 2557 calutem
1251 2538 1391 2566 operemur
1401 2530 1434 2563 ⁸⁸,
1452 2535 1481 2558 ut
1497 2531 1630 2566 scriptum
1644 2536 1697 2558 est.
1713 2531 1838 2565 Quicun-

1048 2583 1102 2611 que
1117 2575 1201 2611 igitur
1216 2576 1366 2612 participes
1381 2576 1502 2613 Spiritus
1515 2577 1618 2605 Christi
1633 2576 1697 2604 facti
1713 2577 1791 2609 estis,
1809 2577 1838 2605 in

1048 2622 1123 2649 nulla
1141 2629 1180 2654 re,
1199 2622 1256 2650 sive
1281 2630 1365 2658 parva
1385 2623 1443 2650 sive
1458 2630 1573 2659 magna,
1592 2623 1772 2659 contemptim
1799 2623 1838 2651 ita

1047 2669 1108 2697 sitis
1120 2669 1213 2698 animo
1229 2669 1374 2705 dispositi,
1391 2675 1422 2698 ut
1437 2671 1496 2699 hate
1518 2673 1702 2700 contemnatis
1714 2693 1722 2705 ,
1747 2680 1838 2707 neque

1046 2715 1162 2750 gratiam
1192 2715 1313 2752 Spiritus
1346 2719 1513 2747 contumelia
1543 2719 1686 2753 aﬂiciatis,
1717 2727 1753 2748 ne
1780 2720 1836 2748 vita

1046 2761 1202 2796 privemini,
1219 2763 1299 2798 cujus
1310 2763 1459 2799 participes
1472 2764 1537 2792 facti
1553 2766 1648 2793 eratis.

245 2883 268 2900 “
283 2884 351 2914 Luc.
363 2895 408 2919 xv,
423 2889 449 2916 7.
487 2889 510 2904 "
521 2889 603 2917 Zach.
624 2899 661 2923 ιιι.
677 2892 704 2918 2.
744 2892 767 2908 "
787 2892 928 2921 EXMLXIII
949 2894 980 2921 21
994 2902 1001 2928 ;

1052 2903 1074 2929 ι’,
1090 2895 1135 2924 l9.
1174 2895 1196 2912 "
1207 2895 1307 2924 Ezeeh.
1321 2905 1374 2925 xw.
1393 2897 1479 2934 (iseq.
1516 2899 1540 2916 ⁸⁸
1558 2899 1678 2938 Philipp.
1693 2909 1723 2935 ll,
1738 2901 1782 2929 l2.

366 2932 500 2964 PATltOL.
521 2935 580 2966 Gn.
595 2937 741 2968 XXXIV.

1555 2946 1594 2977 19
