2078 3151
258 179 311 211 579

878 170 908 199 S.
929 166 1089 198 MACARII
1108 164 1269 196 EGYPTII

1830 157 1884 190 580

295 234 328 262 ν.
340 232 396 260 Hoc
410 233 499 268 ipsum
508 230 598 257 denuo
610 228 636 256 in
649 227 701 255 alia
712 234 829 262 persona
837 225 936 252 dicam.
947 223 1048 260 Quem:

1133 222 1164 248 E.
1179 221 1235 248 Καὶ
1242 219 1323 247 πάλιν
1336 218 1423 254 ἑτέρῳ
1437 216 1577 254 προσώπῳ
1584 215 1663 249 λέξω.
1673 215 1779 251 Ὥσπερ
1792 215 1887 246 δοῦλος

264 279 411 308 admodum
434 285 530 305 servus
553 274 684 311 palatium
709 272 819 307 aliquod
842 272 990 306 ingressus,
1014 274 1045 296 ut

263 329 363 353 tractet
380 331 442 351 vasa
453 321 611 352 ministerii,
625 328 659 347 ex
671 319 743 354 regis
756 318 836 344 bonis
848 316 941 349 sumit,
954 315 1045 342 nudus

262 381 324 400 cum
347 372 403 406 ipse
420 369 536 400 venerit,
553 374 634 403 atquc
655 367 682 394 in
701 365 768 401 ipsis
777 364 888 391 vasibus
907 370 967 398 quze
981 366 1045 389 sunt

262 417 345 451 regis,
361 415 497 442 ministrat
510 414 583 449 regi:
595 417 724 440 caeterum
735 411 780 438 hic
792 418 888 445 magna
900 408 1045 444 prudentia

262 470 294 490 ac
304 462 407 498 judicio
424 469 493 495 opus
505 465 558 491 est,
573 467 606 486 nc
619 463 718 494 praeter
733 458 866 485 decorum
881 455 947 491 quid
962 453 1045 481 mini-

262 513 339 539 strct.
357 508 409 535 alia
424 515 473 542 pro
489 507 551 534 aliis
564 506 703 533 esculenta
718 511 859 539 apponens
875 502 956 537 regia‘,
967 508 1046 527 men-

262 562 308 586 sae.
324 554 371 582 sed
387 559 418 581 ut
438 553 536 580 ordine
558 556 677 584 servato,
700 551 787 586 prima
809 554 890 584 atque
906 553 1046 583 postrema

262 606 380 637 apponat
394 600 514 632 cibaria;
530 598 573 626 sin
590 606 656 625 vero
671 606 703 624 ex
726 596 878 632 ignorantia
902 603 934 622 ac
949 593 1046 629 iudicii

262 648 370 675 defectu
386 654 441 673 non
457 647 531 681 juxta
549 644 675 672 ordinem
688 643 744 678 regi
760 642 906 670 ministret.
923 640 1047 676 periculo

262 693 399 727 mortique
419 691 554 719 obnoxius
574 690 620 717 lit:
635 689 676 716 sic
689 694 716 716 et
727 689 827 720 anima,
841 695 901 722 qua:
918 687 945 714 in
960 686 1047 721 gratia

263 745 291 767 et
306 739 410 773 Spiritu
435 736 618 765 ministerium
637 736 694 762 Deo
714 734 837 766 exhibet,
862 737 990 760 accurato
1004 733 1048 767 ju-

264 785 337 812 dicio
351 788 379 811 et
395 783 550 818 cognitione
567 782 680 816 indiget,
699 789 734 808 ne
750 780 816 815 quid
835 780 944 807 aberret
957 779 984 806 in
998 786 1047 805 va—

264 831 341 857 sibus
360 829 470 862 divinis,
494 834 541 856 aut
556 827 710 855 ministerio
732 826 867 861 spirituali
883 846 891 858 ,
909 824 1047 860 propriam

263 877 443 907 voluntatem,
460 883 514 902 non
530 873 847 908 congruentenrgratiaa,
866 872 982 898 habens.
999 870 1048 897 Li-

1095 267 1143 293 ὲὰν
1162 266 1271 301 εἰσέλθῃ
1287 266 1315 292 ὲν
1327 264 1467 299 παλατίῳ,
1484 262 1658 298 ὑπηρετῆσαι
1677 261 1712 288 τὰ
1733 261 1819 296 σκεύη
1833 260 1885 295 τῆς

1096 312 1249 348 ὑπηρεσίας
1260 331 1267 342 ,
1283 313 1315 338 ὲκ
1335 310 1390 337 ¹τῶν
1405 308 1452 336 τοῦ
1476 308 1608 344 βασιλέως
1620 307 1798 343 ὑπαρχόντων
1812 306 1885 341 λαμ-

1096 358 1173 385 6άνει
1183 378 1190 390 ,
1205 357 1286 388 αὐτὸς
1306 357 1334 383 δὲ
1349 355 1452 391 γυμνὸς
1466 355 1635 389 εἰσέρχεται,
1649 352 1699 380 καὶ
1711 353 1741 379 ὲν
1757 354 1814 384 τοῖς
1836 351 1884 378 τοῦ

1096 405 1229 441 βασιλέως
1244 404 1368 431 σκεύεσιν
1389 403 1523 438 ὑπηρετεῖ
1536 401 1575 436 τῷ
1589 401 1710 436 βασιλεῖ’
1725 399 1819 426 λοιπὸν
1830 395 1882 426 ὧδε

1096 451 1197 486 πολλῆς
1219 451 1352 481 συνέσεως
1377 449 1425 475 καὶ
1445 449 1607 483 διακρίσεως
1623 447 1702 482 χρεία
1715 467 1724 478 ,
1753 447 1798 473 ἵνα
1817 447 1883 481 μήτι

1097 498 1173 533 παρὰ
1190 497 1220 523 τὺ
1230 497 1288 523 δέον
1302 496 1448 531 διακονήσῃ
1460 515 1467 526 ,
1483 495 1551 521 ἄλλα
1564 495 1624 521 ἀντὶ
1643 493 1732 521 ἄλλων
1746 493 1885 528 ὲδέσματα.

1097 541 1252 576 εἰσαγαγὼν
1271 543 1305 577 τῇ
1330 540 1378 567 τοῦ
1399 540 1531 575 βασιλέως
1553 538 1693 575 τραπέζῃ,
1717 538 1787 565 ἀλλὰ
1812 537 1885 565 κατὰ

1097 589 1258 616 ἀκολουθίαν
1273 589 1307 615 τὰ
1321 588 1417 623 πρῶτα
1428 588 1474 614 καὶ
1493 587 1529 614 τὰ.
1543 587 1644 621 ἔσχατα
1657 585 1768 622 παραϐῇ
1783 586 1859 612 σιτία
1873 593 1882 600 ·

1098 636 1122 661 εἰ
1144 635 1172 661 δὲ
1193 635 1263 661 κατὰ
1281 635 1393 668 ἄγνοιαν
1415 635 1462 660 καὶ
1483 632 1656 668 ὰδιακρισίαν
1680 632 1718 667 μὴ
1735 632 1884 667 διακονήσει

1098 681 1136 714 τῷ
1163 680 1267 715 βασιλεῖ
1289 679 1422 714 καθεξῆς,
1441 680 1563 706 κινδύνου
1588 679 1635 706 καὶ
1657 679 1771 705 θανάτου
1793 678 1886 713 ἔνοχος

1098 726 1227 761 τυγχάνει
1241 735 1247 740 ·
1260 726 1346 757 οὕτως
1356 725 1484 760 καὶψυχὴ
1496 727 1524 751 ἐν
1537 727 1569 761 τῇ
1585 725 1676 760 χάριτι
1688 725 1735 751 καὶ
1749 724 1789 759 τῷ
1799 723 1885 751 Πνεύ-

1101 781 1166 807 ματι
1192 772 1355 799 διακονοῦσα
1377 772 1416 806 τῷ
1440 772 1520 806 Θεῷ,
1536 771 1636 806 πολλῆς
1661 771 1824 804 διακρίσεως
1838 770 1885 796 καὶ

1098 818 1226 853 γνώσεως
1242 818 1338 854 χρῄζει
1351 837 1358 849 ,
1375 819 1447 849 ὅπως
1464 818 1528 853 μήτι
1543 818 1630 853 σφαλῇ
1647 819 1675 844 ὲν
1686 819 1742 849 τοῖς
1757 817 1803 843 τοῦ
1818 816 1886 843 Θωῦ

1101 864 1237 898 σκεύεσιν,
1258 865 1342 900 ἤγουν
1364 866 1397 900 τῇ
1419 864 1468 890 τοῦ
1488 863 1648 899 Πνεύματος
1671 863 1813 898 διακονίᾳ,
1835 863 1886 900 τὴν

264 927 308 949 cet
323 922 408 953 enim,
431 925 462 948 ut
484 920 580 954 utique
596 919 623 945 in
641 900 795 945 ministerio
809 916 956 952 spirituali,
974 914 1047 950 quod

1103 911 1170 937 ἰδίαν
1184 911 1343 946 προαίρεσιν
1358 911 1395 946 μὴ
1410 910 1609 946 συμφωνοῦσαν
1624 912 1657 946 τῇ
1670 911 1761 946 χάριτι
1776 911 1884 946 ἔχουσα.

264 970 334 996 clam
362 976 412 1002 per
433 966 593 994 interiorem
619 965 758 992 hominem
785 963 935 998 peragitur.
966 965 994 988 et
1022 961 1049 988 in

264 1014 385 1050 propriis
404 1013 525 1043 vasibus,
543 1012 596 1039 hoc
620 1015 671 1043 est,
696 1010 795 1045 spiritu
820 1009 942 1044 proprio,
959 1007 1050 1035 anima

266 1060 382 1087 Domino
403 1059 552 1086 ministret.
575 1057 686 1092 Absque
711 1064 777 1084 vero
793 1056 841 1083 Dei
859 1055 981 1086 vasibus,
998 1054 1050 1081 hoc

265 1110 318 1137 est,
335 1105 437 1139 absque
459 1104 555 1138 gratia,
579 1102 747 1138 impossibile
762 1107 804 1129 est
818 1101 973 1137 quempiam
994 1100 1050 1127 Deo

265 1151 380 1184 servire,
397 1151 449 1178 hoc
463 1154 505 1177 est
525 1150 634 1185 placere
658 1148 685 1175 in
707 1155 871 1183 quacunoue
885 1146 933 1174 Dei
953 1146 1051 1173 volun-

266 1202 332 1226 tate.

302 1278 348 1306 Vl.
367 1278 402 1306 At
419 1277 466 1305 ubi
480 1276 618 1312 acceperit
633 1275 758 1311 gratiam,
781 1279 839 1301 tum
862 1281 968 1301 summa
984 1280 1053 1308 pru-

267 1324 362 1351 dentia
376 1327 458 1357 atque
469 1322 574 1357 judicio
590 1328 660 1356 opus
672 1325 723 1352 est,
737 1327 798 1355 quae
809 1318 892 1346 etiam
911 1319 971 1353 ipsa
984 1325 1052 1345 con-

267 1371 342 1398 cedit
358 1370 430 1397 Deus
442 1369 539 1396 anima:
553 1376 569 1395 a
580 1376 609 1396 se
623 1367 785 1402 postulanti,
803 1370 834 1393 ut
849 1364 1012 1401 gravissima
1026 1364 1052 1391 ei

266 1416 353 1451 possit
366 1415 498 1443 exhibere
509 1414 620 1441 servitia
632 1414 660 1440 in
671 1413 788 1447 Spiritu,
802 1419 884 1447 quem
897 1410 1011 1445 accipit;
1025 1414 1053 1437 et

267 1464 296 1490 in
312 1462 388 1489 nullo
400 1461 526 1488 vincatur
536 1468 551 1487 a
563 1459 666 1487 malitia
678 1464 760 1493 atquc
776 1458 899 1490 fallatur,
913 1464 962 1491 per
976 1456 1054 1491 igno-

268 1510 397 1540 rantiam,
412 1506 594 1534 temeritatem
609 1513 642 1533 ac
653 1505 846 1540 negligentiam
862 1511 968 1535 aversa,
983 1509 1054 1537 pra:-

1104 959 1181 985 Ἐστι
1200 957 1255 993 γὰρ
1277 959 1306 984 ἐν
1319 959 1352 993 τῇ
1369 957 1416 983 τοῦ
1439 957 1599 992 Πνεύματος
1620 957 1744 992 διακονίᾳ
1758 957 1888 992 κρυπτῶς

1102 1004 1154 1030 ὑπὸ
1171 1004 1218 1031 τοῦ
1240 1005 1294 1030 ἔσω
1314 1004 1457 1039 ἀνθρώπου
1479 1004 1677 1039 ἐπιτελουμένη
1689 1024 1696 1036 ,
1721 1004 1768 1031 καὶ
1788 1004 1819 1030 ὲν
1831 1004 1888 1035 τοῖς

1104 1049 1179 1080 ἰδίοις
1197 1049 1328 1082 σκεύεσι,
1345 1050 1470 1075 τουτέστι
1489 1048 1529 1084 τῷ
1550 1048 1687 1084 πνεύματι
1700 1048 1782 1074 αὐτοῦ
1796 1047 1889 1075 διακο-

1102 1095 1206 1122 νεῖσθαι
1221 1095 1267 1122 τὸν
1289 1094 1391 1131 Κύριον
1414 1094 1468 1121 ὑπὸ
1488 1094 1536 1129 τῆς
1556 1094 1657 1129 ψυχῆς.
1684 1094 1765 1120 Ἀνευ
1784 1092 1813 1120 δὲ
1834 1093 1890 1120 τῶν

1102 1143 1186 1170 αὐτοῦ
1201 1143 1318 1175 σκευῶν,
1334 1142 1458 1169 τουτέστι
1472 1142 1523 1176 τῆς
1543 1141 1654 1177 χάριτος
1664 1162 1672 1174 ,
1686 1141 1818 1168 ἀδύνατόν
1828 1148 1890 1167 τινα

1102 1190 1141 1225 τῷ
1153 1189 1213 1225 Θεῷ
1225 1189 1394 1224 διακονῆσαι,
1404 1189 1555 1222 τουτέστιν,
1564 1188 1744 1224 εὐαρεστῆσαι
1753 1189 1792 1219 εἰς
1800 1188 1890 1215 πάντα

1102 1236 1137 1262 τὰ
1154 1236 1201 1262 τοῦ
1217 1235 1285 1262 Θεοῦ
1302 1235 1454 1270 θελήματα.

1139 1283 1185 1316 q'.
1206 1282 1262 1308 Καὶ
1275 1282 1340 1308 ὅταν
1359 1281 1428 1316 λάϐῃ
1454 1281 1504 1317 τὴν
1528 1280 1620 1317 χάριν,
1645 1281 1693 1307 καὶ
1714 1280 1774 1307 τότε
1791 1279 1891 1314 πολλῆς

1105 1327 1240 1359 συνέσεως
1267 1328 1315 1354 καὶ
1331 1327 1492 1363 διακρίσεως
1513 1327 1610 1362 χρεία,
1644 1326 1717 1362 ἅπερ
1739 1326 1788 1353 καὶ
1805 1325 1891 1352 ταῦτα

1104 1374 1185 1405 αὐτὸς
1199 1373 1306 1400 δίδωσιν
1322 1373 1391 1409 αὐτῇ
1414 1373 1533 1408 ζητούσῃ
1552 1373 1629 1407 παρὰ
1643 1371 1711 1398 Θεοῦ
1721 1391 1728 1403 ,
1756 1372 1830 1403 ὅπως
1843 1371 1887 1398 εὐ-

1104 1420 1227 1455 αρέστως
1238 1419 1311 1455 αὑτῷ
1323 1420 1471 1455 διακονήσῃ
1482 1419 1511 1446 ὲν
1519 1419 1558 1454 τῷ
1570 1418 1708 1454 Πνεύματι
1722 1418 1736 1445 δ
1747 1416 1890 1454 lumine,

1104 1467 1152 1493 xui.
1167 1467 1196 1493 ὲν
1216 1467 1312 1502 μηδενὶ
1331 1467 1419 1502 κρατῇ
1446 1467 1499 1493 ὑπὸ
1514 1466 1564 1502 τῆς
1588 1466 1687 1497 κακίας
1716 1464 1764 1492 καὶ
1789 1463 1889 1500 σφαλῇ.

1105 1513 1158 1540 ὑπὸ
1177 1513 1288 1548 ἀγνοίας
1312 1514 1359 1539 καὶ
1379 1513 1496 1547 ἀφοϐίας
1518 1513 1565 1540 καὶ
1588 1512 1720 1548 ἀμελείας
1747 1520 1890 1548 παρατρα-

270 1561 366 1589 terque
393 1553 523 1580 decorum
543 1551 690 1578 llominicze
703 1550 853 1577 voluntatis
879 1549 969 1578 omnia
991 1557 1052 1584 per-

1105 1560 1203 1591 πεῖσα,
1220 1559 1267 1586 καὶ
1282 1558 1358 1595 παρὰ
1373 1559 1404 1585 τὸ
1419 1559 1479 1587 δέον
1493 1559 1541 1586 τοῦ
1558 1558 1722 1586 Δεσποτικοῦ
1740 1557 1890 1593 διαπραξα-

269 1608 353 1636 agens
365 1609 372 1626 :
383 1599 448 1634 quia
462 1597 638 1633 supplicium,
655 1604 733 1624 mors
750 1601 777 1623 et
789 1597 881 1624 luctus
896 1594 1052 1630 huiusmodi

272 1646 326 1682 54
341 1645 459 1673 animam
476 1647 579 1670 manet.
601 1642 679 1675 Quod
695 1641 778 1668 etiam
800 1641 881 1668 divus
906 1640 1054 1675 Apostolus

269 1693 339 1720 dixit
355 1701 362 1718 :
378 1691 416 1719 Ne
432 1691 499 1726 forte
510 1698 570 1717 cum
584 1689 644 1716 aliis
660 1688 866 1724 prwdicaven’m,
890 1688 946 1722 ipse
962 1694 1053 1721 repro-

270 1739 317 1765 bus
332 1737 428 1772 efﬁciar
446 1737 478 1763 ⁸⁸.
494 1735 577 1763 Vides
591 1742 652 1762 cum
671 1734 719 1762 Dei
742 1733 881 1769 apostolus
897 1737 980 1765 esset,
999 1739 1055 1767 quo

269 1783 352 1810 fuerit
366 1782 480 1810 timore?
495 1781 677 1809 Obsecremus
691 1780 773 1815 igitur
784 1780 940 1811 Dominum,
956 1782 986 1805 ut
997 1786 1056 1806 ser-

268 1829 367 1855 vitium
382 1827 500 1862 Spiritus
510 1826 660 1853 secundum
669 1826 838 1853 voluntatem
850 1826 910 1860 ejus
921 1825 948 1851 in
959 1824 1056 1859 primis

269 1874 458 1906 exhibeamus,
488 1873 645 1908 quicunque
668 1871 761 1907 gratia:
786 1870 886 1898 divinze
908 1869 1056 1904 participes

269 1921 334 1948 facti
357 1927 463 1953 sumus,
479 1927 569 1954 neque
591 1922 683 1946 mente
698 1917 733 1945 ad
754 1920 944 1951 contemptum
960 1915 1055 1950 dispo-

270 1972 323 1994 sua
338 1967 528 1998 convivemus,
544 1970 574 1992 ut
587 1965 641 1992 hoc
657 1964 738 1991 modo
752 1963 906 2000 gratissima
918 1962 975 1989 Deo
989 1969 1055 1988 con-

269 2014 424 2042 versatione
447 2016 568 2043 utentes,
592 2019 624 2039 ac
648 2009 785 2045 spirituali
807 2009 883 2036 cultu
903 2007 1056 2036 secundum

268 2061 437 2088 voluntatem
457 2059 517 2095 ejus
531 2059 569 2086 illi
588 2058 787 2090 ministrantes,
799 2061 910 2084 aeternae
923 2055 986 2082 vitae
1000 2053 1056 2081 ha:-

268 2107 415 2135 reditatem
430 2113 586 2134 cernamus.

303 2153 361 2181 νιι.
377 2149 475 2180 Morbo
495 2151 519 2179 si
543 2151 606 2185 quis
629 2150 745 2182 laborat,
765 2154 855 2176 tamen
872 2147 931 2175 ﬁeri
955 2150 1056 2182 potest,

270 2203 301 2227 ut
315 2199 339 2227 is
353 2198 476 2226 membra
488 2196 615 2232 quaedam
631 2196 714 2223 illaesa
727 2202 761 2222 ac
775 2201 841 2222 sana
855 2194 966 2225 habeat,
987 2199 1057 2220 ocu-

1106 1607 1173 1642 μένη
1193 1606 1364 1641 θελήματος.
1388 1606 1451 1633 ἐπεὶ
1470 1606 1605 1642 τιμωρία,
1623 1606 1671 1633 καὶ¹
1694 1605 1825 1637 θάνατος,
1843 1603 1890 1630 καὶ

1105 1651 1202 1683 πένθος
1215 1653 1249 1688 τῇ
1263 1653 1376 1690 τοιαύτῃ
1391 1653 1466 1679 ἔσται
1480 1652 1552 1687 ψυχῇ
1567 1661 1573 1667 ·
1592 1651 1605 1677 δ
1620 1651 1668 1678 καὶ
1686 1651 1700 1677 ὁ
1715 1650 1787 1682 θεῖός
1809 1658 1890 1684 φησιν

1111 1698 1282 1731 ’Λτιςόστολος⁸
1291 1699 1338 1734 Μή
1352 1707 1414 1733 πως
1425 1699 1532 1731 ἄλλοις
1542 1698 1675 1732 κηρύξας
1686 1696 1777 1730 αὐτὸς
1791 1695 1891 1724 ἀδόκι-

1102 1752 1160 1778 μος
1174 1744 1302 1779 γένωμαι
1313 1753 1320 1760 ⁸
1335 1745 1419 1781 ὁρᾷς,
1438 1744 1588 1776 ἀπόστολος
1613 1743 1651 1770 ὣν
1665 1743 1712 1770 τοῦ
1733 1741 1817 1774 Θεοῦ,
1835 1739 1892 1768 οἷον

1106 1787 1162 1825 εἶχε
1182 1790 1277 1823 φόδονς
1293 1790 1534 1825 Παρακαλέσωμεν
1555 1790 1645 1817 τοίνυν
1655 1789 1700 1815 τὸν
1717 1788 1794 1821 Θεὸν,
1812 1788 1890 1819 ὅπως

1105 1835 1156 1870 τὴν
1172 1835 1309 1862 διακονίαν
1325 1835 1372 1861 τοῦ
1387 1834 1545 1870 Πνεύματος
1560 1834 1629 1861 κατὰ
1645 1834 1675 1860 τὺ
1689 1833 1771 1861 αὑτοῦ
1785 1833 1891 1868 θέλημα

1106 1880 1312 1917 διακονήσωμεν
1327 1881 1484 1917 ἐξαιρέτως,
1502 1881 1558 1908 ὅσοι
1571 1882 1621 1916 τῆς
1636 1880 1746 1916 χάριτος
1763 1878 1809 1906 τοῦ
1821 1878 1890 1906 Θεοῦ

1106 1927 1249 1962 ἐτύχομεν,
1260 1920 1359 1962 καὶμὴ
1370 1928 1404 1962 τῇ
1415 1927 1639 1962 καταφρονητικῇ
1653 1925 1780 1961 συζῶμεν
1792 1924 1890 1960 ἐννοίᾳ,

1106 1973 1151 1999 ἵνα
1178 1972 1266 2004 οὕτως
1287 1973 1442 2008 εὐαρέστως
1467 1972 1542 2007 αὺτῷ
1568 1972 1814 2006 πολιτευσάμενοι,
1845 1971 1893 1998 καὶ

1107 2020 1281 2055 πνευματικῇ
1296 2019 1409 2055 λατρείᾳ
1423 2020 1494 2046 κατά
1508 2019 1538 2046 τὺ
1555 2019 1661 2054 θέλημα
1677 2017 1761 2046 αὑτοῦ
1777 2018 1892 2054 λατρεύ-

1108 2072 1204 2095 σαντες
1219 2064 1311 2099 αὐτῷ,
1330 2064 1379 2100 τὴν
1396 2063 1505 2092 αἰώνιον
1522 2063 1597 2100 ζωὴν
1611 2063 1873 2101 κληρονομήσωμεν.

1143 2155 1181 2182 Z’.
1205 2155 1361 2182 ’Δσσενειαν
1375 2153 1529 2190 περίκειται
1543 2161 1601 2186 τις,
1619 2161 1667 2180 κα.
1679 2151 1822 2188 συμϐαίνει
1833 2150 1894 2179 τινὰ

1110 2200 1178 2236 μέλη
1195 2200 1269 2236 ἔχειν
1284 2200 1365 2227 αὑτὸν
1381 2200 1463 2235 ὑγιᾶ,
1478 2198 1617 2234 ὀφθαλμὸν
1634 2198 1700 2230 ἴσως
1718 2197 1816 2232 ὅψεως,
1836 2197 1853 2232 ἧ
1868 2205 1895 2223 τι

270 2245 328 2273 lum
343 2244 473 2272 videlicet
486 2242 612 2274 visionis,
628 2246 676 2269 aut
696 2239 771 2268 aliud
786 2238 943 2267 membrum
960 2247 968 2265 :
991 2237 1052 2265 reli-

1109 2247 1214 2284 ἕτερον,
1230 2247 1299 2274 ἀλλὰ
1315 2247 1350 2274 τὰ
1369 2246 1451 2273 λοιπὰ
1466 2245 1536 2281 μέλη
1551 2245 1715 2280 ἠφάνισται·
1738 2243 1824 2275 οὕτως
1835 2242 1896 2269 ἐστὶ

270 2301 324 2328 qua
339 2300 404 2320 vero
420 2290 542 2319 membra
554 2289 712 2317 adiciuntur
727 2298 734 2316 :
750 2287 790 2316 sic
804 2294 914 2322 quoque
930 2286 1014 2314 habet
1028 2293 1058 2315 se

270 2347 316 2367 res
331 2339 359 2366 in
371 2337 570 2374 spiritualibus.
581 2334 726 2363 Probabile
736 2339 788 2366 est,
803 2333 960 2369 quempiam
972 2339 1059 2359 mem-

271 2385 321 2413 bra
344 2385 458 2420 spiritus
478 2384 530 2411 tria
553 2382 657 2410 habere
681 2389 756 2414 sana,
773 2380 822 2408 sed
837 2387 892 2408 non
913 2384 1058 2415 propterea

271 2431 412 2468 perfectus
422 2434 474 2457 est.
490 2428 575 2457 Vides
588 2431 657 2464 quot
667 2428 768 2464 gradus
781 2432 810 2455 et
822 2426 896 2454 modi
911 2425 968 2454 sint
978 2426 1059 2461 spiri-

272 2484 317 2505 tus
333 2486 339 2504 :
356 2475 494 2511 quomodo
517 2482 567 2511 per
588 2478 681 2510 partes
704 2472 853 2501 delectetur
871 2479 903 2500 ac
917 2472 1059 2500 minuatur

271 2522 387 2556 malitia,
400 2526 429 2549 et
442 2529 498 2549 non
511 2528 566 2548 uno
583 2525 733 2547 momento.
750 2518 893 2551 Universa,
907 2525 969 2553 quae
979 2521 1058 2549 sunt,

272 2565 447 2602 providentia
457 2573 490 2592 ac
500 2564 705 2600 dispensatione
715 2563 809 2591 divina
823 2562 902 2595 ﬁunt,
915 2566 974 2589 tum
984 2561 1059 2597 quod

271 2612 379 2640 oriatur
404 2611 456 2644 sol,
478 2615 537 2639 tum
552 2610 625 2646 quod
638 2617 734 2638 omnes
746 2613 879 2637 creature
891 2612 1004 2644 propter
1017 2615 1061 2635 re-

272 2666 369 2694 gnum,
382 2657 456 2693 quod
465 2656 641 2685 haereditario
652 2657 712 2692 jure
722 2655 875 2691 possessuri
892 2659 957 2683 sunt
967 2654 1059 2686 electi,

272 2703 352 2731 factae
364 2703 430 2737 sint,
444 2707 474 2730 ut
482 2702 625 2738 paciﬁcum
639 2709 672 2729 ac
684 2709 718 2730 ex
732 2701 879 2729 concordia
890 2701 1059 2728 constituant

273 2756 399 2784 regnum.

308 2795 375 2823 Vill.
395 2794 500 2822 Debent
513 2795 597 2831 igitur
611 2794 759 2823 Christiani
773 2801 823 2830 per
837 2801 927 2821 omnia
946 2799 1059 2821 conten-

310 2889 333 2905 “
352 2889 363 2917 l
377 2888 442 2917 Cor.
456 2897 494 2923 ix,
509 2888 555 2917 ‘27.

1108 2294 1158 2322 καὶ
1171 2295 1212 2326 είς
1227 2294 1259 2321 τὸ
1274 2293 1470 2329 πνευματικόν.
1484 2292 1566 2323 Εῐκός
1582 2301 1643 2319 τινα
1655 2291 1728 2327 ἔχειν
1742 2291 1809 2325 ὑγιᾶ
1826 2290 1895 2326 μέλη

1107 2339 1155 2367 τοῦ
1169 2341 1325 2374 πνεύματος
1343 2339 1425 2374 τρία,
1451 2337 1509 2365 ἀλλ’
1533 2338 1563 2364 οὐ
1588 2338 1666 2373 παρὰ
1692 2336 1772 2364 τοῦτο
1794 2335 1896 2366 τέλειός

1109 2388 1193 2414 ἔστιν.
1217 2386 1299 2422 Ὁρᾷς
1314 2385 1393 2412 πόσοι
1407 2385 1506 2420 βαθμοί
1517 2385 1571 2411 είσι
1586 2385 1633 2411 καὶ
1649 2384 1736 2420 μέτρα
1748 2382 1796 2410 τοῦ
1813 2382 1896 2409 πνεύο

1111 2439 1205 2467 ματος·
1221 2430 1280 2462 πῶς
1296 2429 1368 2457 κατὰ
1390 2430 1473 2465 μέρος
1491 2429 1640 2462 διῦλίζεται
1665 2429 1713 2456 καὶ
1734 2428 1896 2455 λεπτύνεται

1109 2477 1140 2504 τὸ
1154 2477 1250 2509 κακδν,
1261 2477 1309 2503 καὶ
1324 2476 1375 2512 οὐχ
1390 2476 1474 2509 ἅπαξ.
1489 2476 1557 2512 Ὀλη
1567 2477 1585 2511 ὴ
1602 2476 1715 2512 πρόνοια
1729 2476 1777 2502 καὶ
1793 2475 1896 2502 οἰκονο-

1112 2523 1161 2557 μία
1176 2521 1224 2549 τοῦ
1240 2521 1344 2558 Κυρίου
1354 2541 1362 2554 ,
1377 2522 1426 2549 καὶ
1447 2522 1479 2549 τὸ
1496 2522 1654 2549 ἀνατέλλειν
1677 2522 1722 2548 τὸν
1736 2521 1825 2557 ἥλιον,
1848 2520 1897 2548 καὶ

1110 2568 1200 2595 πάντα
1224 2567 1259 2595 τὰ
1275 2568 1528 2604 δημιουργήματα,
1546 2567 1590 2595 διὰ
1615 2568 1665 2604 τὴν
1691 2567 1842 2603 βασιλείαν,
1862 2566 1896 2601 ῆν

1112 2613 1239 2648 μέλλουσι
1254 2613 1434 2649 κληρονομεῖν
1452 2614 1476 2641 οε
1494 2613 1618 2641 ἐκλεκτοὶ
1629 2634 1636 2646 ,
1648 2613 1794 2648 γεγόνασι,
1808 2612 1852 2639 διὰ
1866 2612 1898 2638 τὸ

1110 2660 1159 2695 τὴν
1173 2659 1315 2695 εἰρηνικὴν
1328 2660 1376 2687 καὶ
1391 2659 1451 2687 καθ’
1464 2660 1592 2695 ὁμόνοιαν
1604 2659 1734 2694 συστῆναι
1746 2657 1896 2695 βασιλείαν.

1149 2794 1189 2822 H’.
1216 2793 1384 2828 Ὀφείλουσιν
1398 2791 1445 2821 οὖν
1463 2794 1487 2820 οἱ
1499 2791 1659 2828 λριστιανοὶ
1670 2793 1710 2824 είς
1723 2791 1811 2818 πάντα
1823 2789 1899 2825 ἁγωο
