2078 3151
211 165 261 200 581

827 149 1010 195 ΗόΜΙιῙΕ.
1024 175 1058 180 -
1070 162 1163 193 HOM.
1184 163 1245 193 xv.

1781 161 1834 193 582

211 222 344 257 νίζεσθαι,
369 222 417 250 καὶ
432 221 499 258 μήτε
516 221 620 257 κρίνειν
641 220 709 252 ὅλως
733 219 812 254 τινὰ,
836 220 875 256 μὴ
896 219 1000 256 πόρνην

1059 218 1128 251 iere,
1153 227 1243 254 neque
1267 219 1380 247 omnino
1392 219 1515 256 judicare
1534 219 1701 255 quempiam,
1720 227 1755 247 ne
1771 219 1834 254 qui-

211 270 402 307 προεστῶσαν,
418 269 456 304 μὴ
469 267 658 305 ἁμαρτωλοὺς,
670 268 688 303 ἢ
699 267 843 302 ἀτάκτους,
857 266 913 293 ἀλλ’
926 265 998 301 ἀπλῇ

212 316 372 353 προαιρέσει
395 315 443 342 καὶ
464 313 577 350 καθαρῷ
593 313 724 349 ὀφθαλμῷ
747 312 850 343 πάντας
870 312 947 348 όρᾷν,
965 311 1000 338 ἵν’

189 355 193 359 Α
212 363 323 399 ὑπάρχῃ
336 361 416 389 τοῦτό
430 369 483 388 τινι
503 360 541 392 ὡς
563 360 678 394 φυσικὸν
692 359 739 386 καὶ
762 358 876 394 πηκτὸν,
897 357 1000 393 μηδένα

212 408 371 442 ὲξουδενείν,
389 407 458 442 μήτε
471 405 638 442 ἀνακρίνειν,
649 405 666 441 ἢ
677 404 879 441 βδελύσσεσθαι,
897 403 914 439 ἢ
928 403 1001 438 ἔχειν

212 453 309 485 αὐτοὺς
322 453 352 479 ὲν
367 450 511 487 διακρίσει.
526 449 724 485 Μονὸφθαλμον
734 449 782 476 ὲάν
799 449 857 485 ἴδῃς
868 469 876 481 ,
891 449 929 484 μὴ
944 448 1001 475 δια-

213 499 310 535 κριθῇς
330 498 359 525 έν
378 498 412 532 τῇ
435 496 533 532 καρδίᾳ
548 504 596 523 σου
607 516 614 528 ,
631 495 688 522 ἀλλ’
702 495 740 527 ὠς
754 495 825 529 ὑγιεῖ
842 494 917 530 αὑτῷ
933 494 1000 529 πρό-

214 553 286 580 σχις*
302 543 347 571 τὸν
371 543 467 578 ἔχοντα
482 543 582 578 κυλλὴν
605 541 654 577 τὴν
673 542 766 577 χεῖρα,
786 541 824 573 ὡς
849 542 887 577 μὴ
905 542 1002 569 κεκυλ-

212 590 340 625 λωμένην
358 589 396 616 ῐδε
406 609 414 622 ,
432 589 477 615 τὸν
492 588 578 624 χωλδν
592 587 630 619 ὡς
648 587 739 623 ὀρθὸν,
754 587 801 613 τὸν
816 587 1002 623 παραλυτικὸν

213 636 250 668 ὼς
264 635 430 670 ὑγιαίνοντα·
443 634 511 669 αὕτη
524 633 578 668 γάρ
588 634 662 660 ἐστιν
671 634 688 668 ὴ
703 633 858 668 καθαρότης
871 634 921 670 τῆς
934 643 1003 669 καρ-

213 682 273 714 δίας
284 702 292 714 ,
310 681 354 708 ἵνα
369 681 431 707 ἰδὼν
442 680 505 712 τοὺς
522 680 702 714 ἁμαρτωλοὺς
717 679 735 715 ἦ
752 679 875 711 ἀσθενεῖς
890 688 1002 715 συμπα-

216 728 301 765 θήσῃς
311 748 319 760 ,
333 727 381 754 xui.
397 726 582 762 εὑσπλαγχνος
597 725 639 752 ἐπ’
660 726 752 758 αὑτοῖς
765 728 842 762 γενῇ·
859 726 1003 762 συμϐαίνει

215 774 269 808 γὰρ
282 773 329 800 καὶ
343 773 437 807 ἁγίους
459 772 563 809 Κυρίου
589 771 751 804 καθέζεσθαι
766 772 807 804 εἰς
829 771 930 807 θέατρα
955 771 1004 799 καὶ

217 820 326 856 βλέπειν
339 819 388 854 τὴν
407 818 514 854 ἀπάτην
531 817 578 845 τοῦ
593 818 697 853 κόσμου
707 826 714 834 ⁸
730 818 809 846 αὐτοὶ
827 817 856 845 δὲ
872 818 942 845 κατὰ
956 818 1003 846 τὸν

217 866 270 892 ἔσω
284 865 428 900 ἄνθρωπον
441 864 552 892 λαλοῦσι
569 864 637 900 μετὰ
650 864 697 891 τοῦ
709 864 777 891 Θεοῦ
788 884 795 896 ,
812 864 860 893 καὶ
874 864 945 892 κατά
956 864 1004 892 τὸν

217 912 270 946 ἔξω
280 912 423 948 ἄνθρωπον
436 911 578 946 φαίνονται
589 911 644 943 τοῖς
656 910 804 946 ὀφθαλμοῖς
818 910 856 943 ὡς
871 910 1004 947 θεωροῦν-

217 966 262 990 τες
276 956 311 983 τὰ
329 957 359 983 ὲν
372 955 412 991 τῷ
426 955 523 992 κόσμῳ
536 955 677 991 γινόμενα.

253 1048 292 1074 Θ’.
312 1046 413 1082 ¹Ἄλλην
430 1043 476 1073 οῦν
488 1045 596 1080 ἔχουσιν
608 1045 634 1072 οί
649 1045 775 1081 κοσμικοὶ
789 1045 929 1080 ὲνέργειαν
952 1045 1005 1072 ὑπὸ

218 1095 265 1121 τοῦ
276 1093 431 1128 πνεύματος
445 1093 494 1128 τῆς
508 1092 611 1128 πλάνης
628 1092 675 1119 τοῦ
689 1093 796 1127 φρονεῖν
812 1092 847 1119 τὰ
863 1094 953 1128 τήῖνα.
971 1092 1005 1119 Ol.

219 1141 247 1167 δὲ
262 1138 422 1175 Χριστιανοὶ
436 1137 520 1173 ἄλλην
535 1138 626 1173 έχουσι
642 1138 814 1173 προαίρεσιν,
839 1138 918 1165 ἄλλον
930 1137 1004 1171 νοῦν,

220 1185 299 1212 ἄλλου
310 1183 406 1215 αἰῶνός
421 1184 500 1215 εἰσιν,
516 1182 600 1218 ἄλλης
612 1182 727 1214 πόλεως.
746 1181 858 1217 Πνεῦμα
869 1182 923 1218 γὰρ
937 1182 1006 1209 Θεοῦ

221 1231 344 1257 κοινωνεῖ
357 1230 418 1261 ταῖς
431 1228 531 1264 ψυχαῖς
550 1228 651 1258 αὐτῶν,
670 1228 718 1254 καὶ
733 1228 920 1255 καταπατοῦσι
932 1228 1008 1255 ἀντιο

222 1278 357 1312 κείμενον.
370 1277 529 1310 Γέγραπται
537 1275 591 1310 γάρ
601 1283 608 1290 ·
619 1274 769 1309 Ἐσχατος
780 1273 885 1309 ἐχθρὸς
899 1282 1008 1308 καταρ-

224 1322 315 1357 γεῖται
337 1323 354 1349 ὁ
376 1321 512 1354 θάνατος.
540 1320 572 1347 Ol
596 1320 651 1355 γὰρ
666 1319 804 1352 θεοσεϐεῖς
824 1319 933 1346 πάντων
955 1319 1009 1346 εἰσὶ

222 1368 362 1395 δεσπόται.
380 1366 464 1394 Πάλιν
480 1366 509 1392 δὲ
527 1366 552 1392 οί
570 1365 664 1401 χαῦνοι
678 1366 712 1401 τῇ
727 1365 838 1398 πίστει,
855 1365 903 1393 καὶ
917 1366 1010 1402 ἁμαρ-

223 1413 320 1446 τωλοὶ,
337 1412 405 1443 ὅλως
423 1411 477 1438 είσὶ
494 1411 598 1444 δοῦλοι,
615 1411 662 1439 καὶ
676 1411 730 1447 πῦρ
744 1411 842 1443 αὑτοὺς
861 1412 944 1445 καίει,
961 1412 1011 1439 καὶ

223 1458 296 1490 λίθος
308 1458 356 1485 καὶ
367 1456 442 1492 ξίφος
455 1457 610 1484 ἀποκτείνει
623 1464 631 1472 ·
655 1457 704 1486 καὶ
718 1457 870 1485 τελευταῖον
884 1458 1010 1493 δαίμονες

224 1503 314 1530 αὐτῶν
330 1501 604 1536 κατακυριεύσουσιν.

1053 265 1116 293 dem
1131 265 1308 293 meretricem
1326 266 1514 300 prostitutam,
1528 274 1582 293 nec
1595 271 1763 301 peccatores,
1783 272 1836 292 nec

1050 310 1190 342 lurcones,
1215 310 1264 337 sed
1288 309 1406 344 simplici
1428 309 1582 337 intentione
1604 317 1637 337 ac
1662 316 1733 344 puro
1754 309 1836 336 oculo

1050 363 1147 384 omnes
1158 356 1298 391 aspicere;
1311 359 1341 382 ut
1352 355 1388 383 sit
1400 355 1454 382 hoc
1467 355 1574 383 cuidam
1585 354 1662 390 quasi
1675 355 1800 382 naturale
1808 359 1837 382 et

1052 402 1176 436 inﬁxum,
1203 411 1237 430 ne
1265 409 1431 438 quemquam
1458 406 1624 434 contemnat,
1650 409 1700 428 nec
1719 401 1835 436 judicet.

1052 453 1099 476 aut
1112 449 1295 481 abominetur,
1313 451 1361 475 aut
1379 447 1453 482 ipsos
1469 447 1569 474 habeat
1585 447 1613 474 in
1630 447 1787 474 dicrimine.
1807 447 1835 474 Si

1053 495 1228 523 monoculum
1245 494 1394 530 aspexeris,
1417 501 1452 521 ne
1467 493 1601 529 dijudices
1626 493 1655 520 in
1680 493 1763 521 corde
1777 497 1835 525 tuo,

1051 541 1100 569 sed
1115 549 1178 569 eum
1193 540 1309 576 perinde
1323 548 1356 568 ac
1376 541 1400 568 si
1415 548 1498 568 sanus
1512 544 1584 568 esset
1607 540 1734 573 intuere;
1759 547 1838 566 man-

1052 595 1114 615 cum
1126 587 1244 622 aliquem
1254 594 1335 614 manu
1350 587 1464 614 minime
1473 586 1558 613 veluti
1569 586 1724 613 mutilatum
1735 585 1837 621 aspice,

1053 633 1181 661 claudum
1195 633 1271 661 velut
1285 637 1379 660 erecto
1393 639 1507 667 corpore
1522 631 1706 664 incedentem,
1732 631 1839 667 paraly-

1052 678 1138 705 ticum
1155 677 1230 704 velut
1250 685 1357 704 sanum.
1382 676 1445 704 Haec
1468 676 1541 703 enim
1561 681 1603 704 est
1617 676 1725 711 puritas
1735 674 1838 708 cordis,

1054 729 1085 751 ut
1097 724 1164 751 visis
1179 723 1371 759 peccatoribus
1387 728 1435 750 aut
1456 723 1583 756 infirmis,
1600 722 1786 758 compatiaris,
1807 728 1840 749 ac

1054 769 1212 796 misericors
1224 777 1287 804 erga
1303 778 1351 797 eos
1365 769 1413 796 sis.
1435 767 1577 804 Contingit
1598 767 1682 800 enim,
1706 771 1737 795 ut
1752 766 1840 794 sancti

1054 818 1163 850 quoque
1180 814 1300 848 Domini,
1316 815 1392 842 velut
1406 815 1434 842 in
1450 814 1561 849 specula
1576 813 1714 845 sedentes,
1731 811 1840 847 prospi-

1054 859 1128 888 ciant
1152 860 1329 896 deceptiones
1352 860 1471 894 mundi;
1497 860 1599 895 quippe
1622 859 1668 895 qui
1687 858 1839 886 secundum

1055 907 1215 935 interiorem
1228 907 1369 934 hominem
1381 915 1443 934 cum
1455 907 1513 934 Deo
1522 907 1727 941 colloquuntur.
1741 912 1840 933 secun-

1054 953 1120 981 dum
1146 960 1212 980 vero
1236 953 1402 981 exteriorem
1429 952 1570 979 hominem
1594 955 1726 986 apparent
1753 949 1841 978 oculis

1054 999 1133 1035 quasi
1152 1004 1277 1035 spectare
1291 1007 1334 1032 ea,
1348 1007 1411 1034 qua:
1426 999 1493 1026 ﬁant
1507 998 1534 1025 in
1546 998 1659 1025 mundo.

1090 1047 1138 1074 1X.
1152 1047 1241 1074 Aliam
1265 1046 1349 1082 igitur
1370 1046 1472 1073 habent
1495 1045 1640 1073 saeculares
1666 1045 1799 1072 virtutem
1826 1051 1842 1071 a

1056 1093 1157 1128 spiritu
1177 1093 1291 1126 erroris,
1308 1097 1339 1120 ut
1353 1092 1461 1127 sapiant
1476 1091 1606 1119 videlicet
1619 1096 1737 1118 terrena.
1760 1088 1842 1117 Chri-

1056 1140 1138 1168 stiani
1156 1147 1222 1167 vero
1238 1139 1318 1166 aliam
1341 1139 1444 1166 habent
1467 1138 1658 1169 intentionem,
1682 1137 1765 1164 alium
1782 1135 1843 1163 ani-

1057 1192 1149 1217 mum,
1166 1184 1236 1211 alius
1252 1188 1317 1211 sunt
1342 1183 1447 1216 saeculi,
1471 1183 1542 1210 alius
1566 1181 1694 1209 civitatis.
1725 1180 1843 1215 Spiritus

1057 1228 1131 1258 cnim
1157 1230 1205 1257 Dei
1229 1229 1388 1256 societatem
1412 1228 1463 1256 init
1483 1236 1545 1256 cum
1561 1227 1670 1254 illorum
1689 1226 1798 1258 animis,
1815 1231 1844 1253 et

1058 1276 1222 1304 conculcant
1234 1275 1432 1303 adversarium.
1457 1275 1597 1310 Scriptum
1620 1273 1693 1301 enim
1708 1278 1770 1301 est:
1786 1272 1843 1300 No-

1057 1323 1177 1350 uissimas
1193 1322 1272 1349 hostis
1287 1321 1406 1348 aboletur
1418 1329 1487 1348 mars
1498 1321 1532 1347 δυ.
1552 1321 1637 1348 Deum
1652 1320 1724 1347 enim
1736 1319 1782 1354 qui
1797 1327 1844 1346 ve-

1058 1373 1201 1401 nerantur,
1215 1368 1338 1395 omnium
1358 1373 1423 1395 sunt
1439 1367 1553 1395 domini.
1569 1367 1591 1395 E
1606 1366 1745 1395 contrario
1762 1373 1844 1398 vero,

1060 1415 1106 1451 qui
1117 1414 1184 1442 lenti
1195 1420 1259 1442 sunt
1271 1414 1323 1442 ﬁde
1336 1423 1368 1442 ac
1380 1420 1547 1450 peccatores,
1563 1414 1671 1449 penitus
1683 1417 1746 1441 sunt
1758 1413 1842 1445 servi,

1061 1461 1131 1497 ignis
1147 1469 1195 1488 cos
1209 1461 1276 1493 urit,
1291 1461 1416 1496 lapisque
1426 1465 1455 1488 et
1465 1460 1573 1495 gladius
1583 1468 1631 1488 eos
1645 1459 1793 1493 interﬁcit;
1812 1466 1846 1487 ac

1062 1507 1172 1534 tandem
1186 1506 1324 1534 daemones
1337 1506 1554 1534 dominabuntur
1567 1506 1595 1533 in
1607 1513 1666 1534 eos.

259 1549 288 1576 l'.
305 1546 475 1582 Ἐρώτησις.
490 1547 527 1574 El
543 1546 578 1574 ἐν
592 1547 630 1582 τῇ
641 1547 809 1576 ἀναστάσει
818 1548 875 1575 ὅλα
890 1548 926 1575 τὰ
932 1547 1008 1583 μέλη

1098 1553 1131 1581 Χ.
1157 1553 1346 1588 Interrogatio.
1374 1552 1468 1581 Utrum
1493 1553 1520 1580 in
1539 1552 1728 1579 resurrectione
1756 1552 1846 1579 omnia

223 1594 400 1622 ἀνίστανται
413 1602 424 1627 ;

266 1640 447 1674 Ἀπόκρισις.
468 1639 513 1676 Τῷ
527 1639 588 1676 Θεῷ
603 1640 691 1667 πάντα
710 1639 809 1679 εὔκολά
821 1641 889 1673 ἐστι,
906 1640 953 1667 καὶ
967 1639 1012 1666 οὕ-

225 1694 278 1717 τως
292 1685 475 1722 ἐπηγγείλατο
490 1692 498 1701 '
514 1685 673 1722 ἀνθρωπίνῃ
689 1685 718 1712 δὲ
732 1685 859 1721 ἀσθενείᾳ
873 1687 920 1713 καὶ
939 1686 1014 1720 λογι-

226 1731 286 1767 σμῷ
305 1732 400 1767 ὦσπερ
419 1731 550 1758 ἀδύνατον
573 1731 653 1758 τοῦτο
676 1732 885 1766 καταφαίνεται.
906 1732 1012 1768 Ὠσπερ

225 1778 278 1813 γὰρ
302 1778 356 1805 ἀπὸ
379 1777 426 1804 τοῦ
445 1777 506 1812 χοὸς
523 1777 570 1804 καὶ
589 1778 639 1812 τῆς
653 1778 706 1813 γῆς
729 1778 819 1805 λαϐὼν
844 1779 858 1805 δ
873 1778 958 1812 Θεὸς,
975 1779 1014 1810 ὡς

225 1823 308 1858 ἀλλην
324 1823 385 1849 τινὰ
400 1823 481 1857 φύσιν
495 1822 682 1849 κατεσκεύασε
697 1823 746 1858 τὴν
760 1823 807 1850 τοῦ
824 1824 951 1858 σώματος
974 1825 1012 1859 μὴ

226 1871 346 1897 ἐοικυῖαν
356 1871 389 1904 τῇ
405 1870 459 1904 γῇ,
474 1869 521 1896 καὶ
532 1869 599 1904 γένη
620 1869 706 1897 πολλὰ
726 1870 864 1905 εποίησεν,
885 1867 941 1897 οἷον
954 1871 1013 1906 τρί-

226 1925 292 1952 χας,
310 1916 358 1942 καὶ
372 1916 474 1950 δέρμα,
491 1916 540 1942 καὶ
551 1915 633 1942 ὀστέα
643 1935 650 1948 ,
666 1916 713 1943 καὶ
723 1915 806 1952 νεῦρα
822 1925 829 1931 ·
845 1915 892 1943 καὶ
907 1915 937 1943 ὃν
952 1916 1012 1952 τρό-

227 1970 278 1988 πον
294 1961 442 1997 βαλλομένη
461 1962 543 1998 ραφὶς
560 1963 600 1994 είς
617 1961 672 1998 πῦρ
684 1982 692 1994 ,
709 1961 838 1989 ἀλλάσσει
853 1962 902 1997 τὴν
919 1962 1013 1998 χρόαν.

227 2008 274 2034 καὶ
290 2007 487 2043 μεταϐάλλεται
510 2009 550 2040 είς
575 2009 642 2043 πῦρ·
672 2007 798 2042 μέντοιγε
820 2009 837 2044 ἡ
862 2007 943 2043 φύσις
965 2007 1014 2034 τοῦ

229 2053 340 2089 σιδήρου
349 2053 399 2080 οὑκ
410 2053 541 2090 ἀνῃρέθη,
554 2053 622 2081 ἀλλά
639 2054 815 2089 συνέστηκεν·
827 2053 913 2086 οὕτως
929 2054 976 2081 καὶ
987 2055 1015 2080 ὲν

229 2100 263 2135 τῇ
279 2099 426 2126 ἀναστάσει
441 2100 491 2127 ὅλα
503 2099 538 2126 τὰ
555 2100 623 2135 μέλη
634 2100 804 2133 ἀνίστανται,
819 2099 868 2127 καὶ
883 2100 948 2134 θρὶξ
959 2101 1015 2127 οὐκ

227 2146 398 2173 ἀπόλλυται
410 2166 419 2178 ,
434 2145 526 2178 καθὼς
548 2147 702 2182 γέγραπται
718 2166 725 2178 ,
740 2146 787 2172 καὶ
809 2146 857 2172 ὅλα
877 2146 1015 2180 γίγνονται

228 2191 378 2226 φωτοειδῆ,
397 2190 444 2217 ὅλα
460 2191 501 2222 είς
517 2190 575 2225 φῶς
589 2191 638 2218 καὶ
654 2191 710 2226 πῦρ
726 2191 885 2226 βάπτονται,
899 2192 946 2218 καὶ
964 2199 1014 2227 με-

1064 1599 1183 1626 membra
1196 1603 1345 1634 resurgant.

1098 1645 1251 1681 Responsio.
1275 1645 1333 1673 Deo
1345 1644 1437 1672 omnia
1452 1644 1542 1672 facilia
1557 1650 1630 1674 sunt.
1651 1649 1677 1672 et
1693 1652 1734 1672 διο
1746 1645 1850 1680 promi-

1063 1691 1098 1719 sit
1111 1700 1118 1718 :
1139 1691 1265 1718 humana:
1277 1698 1344 1718 vero
1359 1690 1539 1718 imbecillitati
1554 1694 1582 1717 et
1595 1690 1753 1725 cogitationi
1773 1690 1850 1718 velut

1064 1738 1232 1774 impossibile
1243 1738 1295 1766 hoc
1306 1738 1425 1766 videtur.
1443 1737 1677 1771 Quemadmodum
1689 1737 1762 1764 enim
1775 1737 1849 1765 Deus

1063 1791 1079 1812 e
1091 1784 1203 1820 pulvere
1219 1788 1247 1812 et
1269 1788 1343 1812 terra
1364 1791 1487 1815 sumens.
1504 1783 1579 1810 velut
1605 1783 1687 1810 aliam
1701 1783 1848 1818 quamdam

1064 1835 1191 1858 naturam
1219 1829 1361 1862 condidit,
1394 1833 1521 1856 naturam
1553 1828 1684 1856 nimirum
1712 1829 1847 1864 carporis,

1064 1880 1145 1903 teme
1169 1876 1261 1903 minus
1283 1875 1412 1906 similem,
1442 1879 1472 1902 et
1494 1882 1593 1910 genera
1621 1874 1705 1902 multa
1732 1874 1846 1907 crearit,

1063 1922 1139 1949 velut
1152 1922 1233 1957 pilos,
1248 1921 1358 1957 pellem.
1373 1929 1434 1948 ossa
1446 1925 1474 1947 et
1489 1928 1587 1948 nervos
1601 1928 1608 1946 :
1625 1924 1654 1947 et
1670 1919 1848 1955 quemadmo—

1064 1968 1129 1995 dum
1154 1969 1274 2003 projecta
1296 1967 1348 2002 55
1365 1967 1392 1994 in
1410 1967 1500 2002 ignem
1519 1974 1595 2000 acus,
1617 1966 1732 1994 alterato
1754 1966 1848 1996 Colore

1064 2013 1182 2040 vertitur
1197 2013 1223 2040 in
1240 2013 1330 2048 ignem
1348 2022 1355 2040 :
1370 2020 1528 2047 quanquam
1541 2016 1641 2040 natura
1654 2012 1765 2047 quidem
1780 2012 1848 2041 ferri

1065 2067 1120 2086 non
1136 2059 1246 2094 penitus
1268 2060 1383 2090 tollitur,
1399 2059 1447 2086 sed
1460 2059 1587 2086 subsistit
1604 2067 1611 2086 :
1629 2059 1665 2086 ita
1681 2058 1709 2086 in
1722 2066 1848 2086 resurre-

1065 2104 1156 2131 ctione
1181 2104 1272 2131 omnia
1297 2104 1418 2131 membra
1436 2108 1591 2139 resurgent.
1608 2111 1654 2130 nec
1673 2103 1741 2138 perit
1764 2103 1849 2138 capil—

1066 2149 1106 2176 lus
1117 2149 1151 2182 ",
1160 2154 1190 2176 ut
1203 2150 1336 2184 scriptum
1351 2154 1403 2181 est,
1419 2149 1565 2184 omniaque
1579 2149 1670 2176 lucida
1682 2149 1850 2182 redduntur,

1066 2199 1148 2230 atque
1171 2195 1262 2222 omnia
1277 2195 1380 2223 lumine
1399 2201 1427 2223 et
1455 2195 1509 2230 igni
1525 2195 1609 2223 tincta
1629 2199 1770 2223 mutantur
1787 2195 1849 2230 qui-

227 2236 403 2264 τασάλλονται
414 2257 422 2269 ,
438 2236 496 2264 ἀλλ’
509 2237 557 2271 οὐχ
567 2257 575 2269 ,
589 2236 625 2269 ὥς
639 2245 713 2268 τινες
722 2237 856 2271 λέγουσιν,
868 2236 1008 2263 ἀναλύεται

1067 2240 1140 2273 dem,
1158 2240 1206 2267 sed
1221 2249 1287 2273 non,
1302 2244 1332 2268 ut
1342 2241 1467 2268 nonnulli
1481 2241 1569 2274 aiunt,
1581 2241 1767 2274 resolvuntur,
1779 2244 1807 2268 et
1821 2241 1849 2267 in

227 2283 275 2309 καὶ
299 2283 404 2317 γίνεται
424 2281 500 2316 πῦρ,
522 2282 570 2309 καὶ
590 2283 684 2309 οὐκέτι
703 2282 858 2317 ὑφέστηκεν
880 2283 897 2316 ἠ
922 2282 1013 2317 φύσις.

228 2328 328 2364 Πέτρος
343 2328 396 2364 γὰρ
414 2329 518 2364 Πέτρος
540 2329 599 2354 ἐστὶ
610 2348 618 2360 ,
638 2328 685 2355 καὶ
699 2328 805 2360 Παῦλος
824 2328 929 2360 Παῦλος
941 2350 949 2362 ,
967 2330 1015 2356 καὶ

227 2375 358 2406 Φίλιππος
379 2374 532 2406 Φίλιππος’
556 2374 672 2406 ἕκαστος
694 2375 723 2401 ὲν
745 2376 778 2410 τῇ
800 2374 852 2410 ἰδίᾳ
874 2375 953 2408 φύσει
968 2375 1014 2411 καὶ

228 2421 375 2447 ὑποστάσει
396 2421 472 2456 μένει
493 2420 708 2455 πεπληρωμένος
729 2420 777 2447 τοῦ
792 2421 962 2456 Πνεύματος.
981 2421 1012 2448 El

227 2467 256 2494 δὲ
280 2466 380 2500 λέγεις,
395 2467 436 2493 ὅτι
455 2466 573 2502 ἀνελύθη
588 2467 605 2500 ἡ
625 2466 716 2500 φύσις,
733 2467 824 2494 οὐκέτι
853 2467 972 2503 Πέτρος,
996 2468 1013 2502 ἢ

227 2513 344 2544 Παῦλος,
361 2512 430 2539 ἀλλὰ
445 2513 533 2546 πάντη
550 2512 598 2539 καὶ
620 2512 758 2547 πανταχοῦ
774 2513 788 2539 ὁ
801 2513 877 2545 Θεὸς,
896 2514 942 2540 καὶ
953 2512 1014 2539 οὗτε

227 2559 251 2585 οἱ
277 2560 317 2590 είς
341 2559 454 2592 γέενναν
474 2559 657 2593 ἀπερχόμενοι
676 2558 848 2586 αἰσθάνονται
862 2559 911 2595 τῆς
934 2559 1014 2586 κολά-

228 2612 297 2635 σεως
310 2625 317 2636 ,
334 2604 397 2630 οὔτε
412 2605 436 2630 οἱ
449 2604 488 2636 είς
505 2604 655 2639 βασιλείαν,
673 2604 722 2638 τῆς
738 2603 909 2639 εὐεργεσίας.

263 2650 370 2678 lA'-IB'.
394 2651 500 2687 Ὥσπερ
524 2647 601 2688 ἴναῇ
621 2648 784 2686 παράδεισος
807 2649 878 2686 ἔχων
901 2652 1016 2678 παντοῖα

229 2695 323 2731 δένδρα
341 2697 514 2732 καρποφόρα,
538 2697 585 2723 καὶ
596 2694 630 2732 ἦν
647 2697 704 2723 ὲ.κεί
716 2697 805 2729 ἄπιος,
821 2697 838 2732 ἢ
857 2697 952 2732 μῆλον,
969 2697 1015 2724 καὶ

230 2741 350 2775 ἄμπελος
374 2743 472 2778 ἔχουσα
485 2744 531 2770 τὸν
550 2743 667 2778 καρπὸν,
684 2743 732 2769 καὶ
747 2742 782 2769 τὰ
807 2742 904 2777 φύλλα*
922 2743 1013 2779 συμϐῇ

230 2785 259 2812 δὲ
273 2786 318 2813 τδν
340 2789 502 2824 παράδεισον
517 2788 565 2816 καὶ
577 2789 629 2816 ὅλα
645 2784 680 2816 τὰ
693 2788 800 2825 δένδρα,
817 2789 864 2815 καὶ
878 2787 912 2814 τὰ
925 2789 1013 2824 φύλλα

268 2873 293 2891 ⁸⁸
313 2874 323 2902 l
346 2873 409 2902 Cor.
425 2883 470 2908 xv,
481 2876 526 2905 26.
565 2877 586 2892 “
607 2876 674 2905 Luc.
689 2884 744 2909 xxI,
761 2876 810 2904 l8:
825 2876 907 2904 Marc.
923 2884 959 2909 Ix,
972 2877 1016 2904 ιθ.

1065 2286 1154 2321 ignem
1164 2286 1296 2318 evadunt,
1307 2286 1376 2314 adeo
1383 2290 1413 2313 ut
1424 2294 1478 2314 non
1486 2287 1603 2322 amplius
1611 2287 1743 2314 subsistat
1752 2293 1849 2314 eorum

1065 2337 1172 2359 natura.
1189 2332 1286 2360 Petrus
1303 2332 1377 2359 enim
1394 2333 1491 2360 Petrus
1503 2337 1556 2364 est,
1572 2337 1599 2360 et
1617 2333 1716 2359 Paulus
1731 2332 1831 2359 Paulus
1842 2352 1849 2364 ,

1064 2383 1093 2406 et
1125 2378 1269 2413 Philippus
1297 2378 1451 2413 Philippus.
1477 2378 1598 2412 Quilibet
1624 2378 1651 2405 in
1682 2386 1730 2405 sua
1765 2378 1852 2412 ipsius

1066 2428 1164 2451 natura
1189 2428 1217 2451 et
1241 2424 1397 2452 substantia
1423 2430 1566 2459 permanet
1590 2424 1711 2459 repletus
1735 2424 1849 2459 Spiritu.

1066 2470 1144 2504 Quod
1165 2470 1186 2498 si
1203 2470 1289 2502 dicas,
1305 2470 1453 2498 resolutam
1473 2478 1535 2498 esse
1554 2475 1690 2502 naturam,
1713 2478 1766 2497 non
1792 2477 1852 2496 am-

1065 2516 1137 2551 plius
1152 2521 1194 2543 est
1207 2516 1305 2543 Petrus
1320 2519 1369 2542 aut
1383 2516 1495 2548 Paulus,
1509 2515 1556 2542 sed
1574 2523 1688 2550 prorsus
1702 2519 1731 2542 et
1750 2514 1852 2549 ubique

1066 2562 1165 2589 Deus:
1188 2568 1240 2588 nec
1263 2561 1310 2596 qui
1338 2561 1366 2588 in
1394 2561 1546 2597 gehennam
1572 2561 1698 2591 abeunt,
1728 2560 1854 2588 sentiunt

1066 2606 1231 2642 supplicium
1244 2627 1251 2639 ,
1279 2614 1330 2634 nec
1349 2606 1395 2641 qui
1413 2607 1440 2633 in
1456 2614 1570 2642 regnum
1584 2627 1592 2639 ,
1606 2605 1781 2633 benelicium.

1103 2652 1299 2683 Xl-Xll.Veluti
1307 2652 1329 2680 si
1339 2653 1375 2679 sit
1381 2652 1479 2680 h0rtus
1486 2652 1609 2680 consitus
1616 2652 1699 2679 variis
1706 2650 1854 2679 arboribus

1067 2697 1229 2731 fructiferis,
1243 2706 1275 2725 ac
1289 2698 1325 2725 sit
1339 2698 1396 2726 illic
1408 2706 1503 2734 pyrus,
1519 2705 1617 2733 pomus
1631 2703 1659 2725 et
1671 2697 1736 2725 vitis
1749 2696 1854 2724 habens

1067 2744 1186 2772 fructum
1202 2749 1230 2772 ct
1246 2744 1310 2772 folia
1324 2754 1330 2771 :
1353 2744 1454 2772 accidit
1470 2749 1563 2772 autent
1580 2745 1688 2772 hortum
1703 2751 1853 2779 omnesque

1067 2790 1180 2819 arbores
1194 2799 1226 2818 ac
1240 2791 1305 2819 folia
1324 2791 1436 2824 mutari,
1452 2797 1481 2819 et
1496 2791 1620 2819 converti
1634 2791 1662 2818 in
1679 2791 1760 2819 aliam
1772 2794 1853 2818 natu-
