2078 3151
258 177 310 211 583

870 177 899 208 S.
918 176 1078 208 MACARII
1094 176 1257 208 IEGYI‘TII

1823 175 1876 207 584

258 246 328 270 ram,
346 236 459 272 iierique
474 236 565 271 priora
586 235 630 262 illa
647 235 755 263 lucida:
768 235 809 263 sic
826 243 935 271 quoque
950 235 1033 263 homi-

1095 234 1297 271 μεταϐληθῆναι
1307 254 1315 267 ,
1330 234 1377 261 καὶ
1396 233 1546 269 ἀλλαγῆναι
1562 235 1604 266 εἰς
1624 233 1708 269 ἀλλην
1722 235 1812 269 φύσιν,
1829 236 1876 262 καὶ

256 291 306 311 nes
331 287 471 310 mutantur
496 282 524 309 in
544 281 756 315 resurrectione,
781 285 810 309 et
821 281 896 308 ﬁunt
914 281 1039 309 membra

257 334 352 354 eorum
369 332 462 353 saneta
485 330 513 353 et
525 325 628 353 lucida.
647 325 831 358 Quamobrem
845 323 932 353 divini
948 325 1038 353 homi-

256 380 306 399 nes
316 371 419 399 debent
438 379 467 399 se
489 379 645 406 praeparare
659 371 693 398 ad
708 374 846 398 certamen
865 375 893 398 et
906 378 1037 406 pugnam.

255 418 372 446 Perinde
389 423 492 450 autem,
503 423 534 445 ut
546 419 655 453 juvenis
671 424 823 453 generosus
844 417 933 445 illatas
946 418 1038 453 plagas

254 473 286 492 ac
299 465 399 492 lnctam
413 465 532 492 sustinet
545 472 576 492 ac
589 464 701 492 referit:
716 465 755 492 sic
768 471 878 499 quoque
887 463 1037 492 Christiani

255 511 376 545 perferre
388 510 489 538 debent
504 510 677 542 amictiones.
693 515 750 538 tum
763 515 900 542 externas,
918 515 976 537 tum
993 510 1036 537 in-

254 557 356 584 teriora
372 557 452 588 bella,
475 561 505 583 ut
518 556 640 592 percussi
653 564 702 591 per
718 556 891 584 tolerantiam
910 557 1037 591 superio-

254 610 298 629 res
310 602 437 630 evadant.
454 602 504 630 Via
525 602 599 629 enim
615 602 777 629 Christiana),
800 602 942 636 religionis
954 602 993 629 sic
1006 610 1036 630 se

253 647 347 675 habet.
375 648 426 675 Ubi
445 648 560 683 spiritus
579 652 700 678 sanctus.
729 648 785 675 illic
808 648 943 682 sequitur,
961 648 1037 675 velut

253 694 360 726 umbra,
377 695 532 728 persecutio
546 699 573 721 et
586 702 686 729 pugna.
698 695 780 721 Vides
793 695 949 729 prophetas,
966 702 1036 729 quo-

253 740 335 766 modo
348 740 538 773 pel-Secutione
555 740 647 766 alllicti
668 740 771 767 fuerint
784 740 819 767 ab
834 739 962 766 omnibus
971 747 1036 766 con-

253 785 401 813 tribulibus
425 786 492 818 suis,
509 786 537 812 in
553 785 654 820 quibus
671 785 851 813 nihilominus
870 785 1036 820 operabatur

252 832 380 867 Spiritus.
404 832 486 859 Vides
500 833 637 867 quomodo
662 832 804 860 Dominus.
832 833 878 867 qui
894 837 936 859 est
952 833 993 859 via
1010 836 1035 858 et

251 880 348 905 veritas
362 879 396 910 ",
414 886 468 905 non
486 878 520 905 ab
541 878 595 905 alio
611 879 714 913 populo
735 878 955 913 persecutionem
974 885 1033 913 pas—

252 933 299 952 sus
322 930 374 956 est,
397 924 445 951 sed
461 932 477 952 a
493 924 560 958 suis,
578 932 594 951 a
618 924 729 959 propria
745 924 850 951 scilicet
867 923 939 951 tribu
954 924 1034 951 Israel

252 971 445 1006 persecutione
473 971 597 1002 aﬂ‘ectus,
613 978 645 998 ac
663 971 739 998 cruci
757 970 853 998 aﬂixus
866 974 924 998 est:
940 969 1035 998 itidem

252 1020 281 1043 et
293 1016 420 1051 apostoli.
435 1016 474 1043 Ex
489 1024 523 1042 eo
537 1015 610 1043 enim
624 1020 758 1050 tempore,
776 1024 831 1051 quo
844 1016 920 1044 cruci
939 1015 1035 1043 afﬁxus

253 1066 307 1093 cst,
338 1061 449 1088 transiit
472 1060 591 1096 Spiritus
616 1060 781 1096 paracletus.
808 1065 836 1088 et
860 1061 988 1096 migravit
1006 1060 1035 1088 in

251 1107 438 1135 Christianos.
464 1106 598 1135 Creterum
625 1106 718 1134 nullus
735 1106 894 1134 Judzeorum
906 1115 1036 1143 persecu-

252 1153 354 1180 tionem
371 1151 492 1187 pertulit,
510 1152 557 1180 sed
571 1153 720 1180 Christiani
734 1153 822 1180 solum
846 1153 977 1188 martyrio
993 1153 1035 1180 af-

251 1198 316 1226 fecti
328 1203 404 1225 sunt.
430 1198 520 1231 Quare
546 1206 601 1226 non
617 1203 669 1231 est,
681 1198 755 1234 quod
776 1198 924 1227 Christiani
938 1199 966 1226 in
978 1203 1036 1226 stu-

250 1250 346 1278 porem
361 1242 543 1276 adducantur,
556 1251 651 1271 verum
663 1247 773 1279 oportet
787 1245 928 1272 veritatem
943 1251 1036 1280 perse-

250 1289 390 1317 cutionem
409 1289 475 1324 pati.

287 1335 358 1363 Xlll.
375 1335 564 1370 Interrogatio.
590 1334 707 1368 Quidam
727 1336 802 1362 aiunt
816 1337 930 1363 exterius
942 1337 1035 1364 vitium

250 1381 365 1416 ingredi,
390 1385 415 1408 et
442 1382 466 1408 si
492 1381 554 1408 t-elit
580 1381 667 1413 homo,
689 1389 742 1408 non
761 1382 861 1416 recipit,
886 1382 932 1409 sed
949 1382 1035 1417 rejici:

249 1425 328 1453 illud.

284 1471 438 1507 Rr‘sponst'o.
456 1471 690 1505 Quemadmodum
710 1480 823 1508 serpens
847 1473 955 1501 locutus
970 1480 1034 1501 cum

250 1517 306 1545 Eva
321 1519 354 1550 ⁵³,
384 1525 447 1545 cum
473 1517 599 1545 obediret
625 1518 693 1553 ipsa,
715 1519 901 1554 introgressus
915 1524 973 1547 est:
994 1520 1035 1548 sic

249 1570 359 1598 quoque
381 1571 455 1590 nunc
479 1564 514 1590 ob
538 1563 721 1590 obedientiam
746 1564 865 1592 hominis
881 1565 1034 1600 ingreditur

249 1614 403 1645 peccatum,
430 1609 503 1644 quod
528 1615 605 1637 extra
628 1614 680 1637 est.
702 1609 789 1638 Habet
807 1611 879 1638 enim
892 1616 1033 1646 peccatum

249 1655 359 1690 plenam
374 1659 541 1690 potestatem
556 1659 584 1683 et
599 1655 757 1683 libertatem
772 1657 800 1684 in
819 1664 868 1685 cor
878 1657 1034 1693 ingredien-

250 1701 289 1729 di.
310 1701 405 1736 Neque
418 1701 492 1729 enim
511 1702 691 1737 cogitationes
710 1707 787 1729 extra
799 1707 872 1736 sunt,
887 1703 934 1730 sed
948 1703 1032 1736 intus,

249 1755 283 1774 ex
308 1747 391 1774 corde
420 1747 637 1782 proﬁciscentes.
654 1747 746 1782 inquit
772 1748 1032 1783 cnimdpostolus:

251 1793 312 1820 Volo
321 1794 389 1820 viros
399 1801 477 1821 orare
489 1794 546 1821 sine
555 1794 596 1820 ira
605 1799 629 1820 et
637 1794 834 1829 cogitutionibul
844 1795 931 1829 pravis
940 1794 972 1821 ³⁸.
982 1794 1032 1822 Co-

249 1839 388 1874 gitationel
400 1839 475 1866 enim
491 1839 522 1866 de
536 1839 614 1866 corde
626 1844 721 1866 exeunt
735 1840 768 1872 ⁵⁵,
778 1840 927 1868 secundum
941 1841 1032 1868 Evan-

249 1885 361 1920 gelium.
378 1885 485 1913 Accede
504 1886 595 1921 itaque
622 1886 656 1913 ad
678 1886 841 1919 orationem,
857 1890 886 1914 et
907 1886 1033 1915 examina

253 1938 301 1957 cor
326 1934 403 1957 tuum
430 1935 459 1958 et
488 1931 621 1964 animum,
644 1935 725 1966 atque
737 1931 863 1959 desidera
880 1932 1032 1959 oralionem

250 1981 324 2003 tuam
336 1977 392 2004 Deo
405 1977 576 2005 committere
591 1985 698 2012 puram,
713 1982 795 2013 atque
804 1978 983 2013 circumspice
994 1977 1032 2005 ibi

250 2023 434 2058 potissimum,
452 2023 585 2058 numquid
610 2030 665 2051 non
680 2024 715 2050 sit
730 2024 842 2058 aliquod
856 2024 1032 2059 impedimen-

249 2074 323 2095 tum:
341 2076 405 2096 num
419 2068 507 2096 oratio
519 2069 556 2096 sit
568 2077 652 2103 pura;
669 2076 734 2096 num
749 2069 871 2097 intentus
879 2069 914 2097 sit
924 2070 1032 2097 animus

249 2119 312 2141 tuus
330 2114 456 2144 Domino,
476 2113 590 2148 perinde
607 2121 638 2140 ac
651 2113 759 2140 animus
771 2113 896 2148 agricolae
910 2114 1030 2149 agricul-

247 2164 326 2192 turaa,
339 2159 447 2187 animus
457 2160 508 2187 viri
522 2160 611 2193 uxori,
623 2164 650 2187 et
663 2160 823 2187 mercatoris
833 2160 1029 2195 negotiationi;

247 2213 314 2232 num
340 2205 435 2233 ﬂectas
460 2213 550 2240 genua
569 2210 615 2232 tua
633 2205 668 2233 ad
683 2205 828 2239 orandum,
843 2213 895 2233 nec
911 2210 972 2233 tuas
981 2214 1029 2234 en-

247 2250 392 2285 gitationes
405 2250 452 2278 alii
465 2250 628 2278 distrahant.

282 2349 336 2385 56
345 2348 475 2376 XIV-XV.
489 2348 524 2375 At
534 2348 635 2384 inquis,
646 2349 795 2383 Dominum,
808 2354 951 2386 postquam
959 2353 1033 2380 venit

246 2399 296 2427 per
303 2399 424 2424 crucem,
433 2391 619 2418 condemnasse
628 2396 762 2427 peccatum
770 2393 803 2426 ",
813 2401 863 2421 nec
870 2394 987 2429 amplius
995 2396 1034 2423 in-

247 2443 292 2464 tus
304 2437 420 2464 haerere.
435 2436 542 2463 Verum
558 2437 684 2472 perinde,
697 2445 730 2465 ac
746 2438 768 2465 si
788 2439 877 2472 miles,
890 2441 936 2475 qui
948 2441 1033 2476 depo-

247 2485 294 2507 nat
316 2488 427 2508 currum
450 2488 531 2508 suum
550 2481 577 2509 in
605 2481 687 2510 domo
707 2483 832 2519 alicujus,
845 2485 954 2519 quando
971 2486 1030 2521 pla-

246 2525 335 2553 cuerit
347 2525 384 2558 ei,
400 2526 556 2553 facultatem
567 2526 650 2554 habet
663 2526 834 2563 ingrediendi
848 2536 876 2557 et
887 2530 1031 2565 egredien-

246 2570 272 2596 di
287 2570 400 2597 domum
412 2570 486 2598 illam
499 2579 506 2598 :
522 2571 562 2599 sic
571 2579 681 2607 quoque
695 2578 836 2608 peccatum
853 2574 937 2602 habet
954 2581 1031 2610 pote-

245 2622 342 2643 stateln
351 2617 701 2653 disputationesserendiin
709 2620 801 2648 Corde.
813 2620 949 2657 Scriptum
956 2622 1039 2650 enim

244 2667 286 2689 est
299 2671 306 2689 :
321 2662 427 2690 Introiit
445 2662 562 2691 Satanae
573 2665 601 2692 in
617 2665 748 2693 corludw
762 2665 795 2693 ⁵⁷.
813 2666 842 2693 Si
856 2674 921 2695 vero
933 2668 1027 2701 instes,

244 2715 294 2742 per
304 2709 452 2738 adventum
465 2711 567 2740 Christi
579 2713 788 2741 condemnatum
801 2722 861 2742 esse
874 2721 1026 2750 peccatum,

245 2762 297 2782 nec
311 2762 374 2791 post
401 2757 570 2793 baptismum
585 2759 716 2794 pabulum
739 2760 841 2788 habere
853 2762 953 2789 malum
968 2761 1026 2789 dis-

245 2801 359 2834 putandi
381 2802 410 2830 in
433 2804 536 2837 corde;
561 2804 672 2840 ignoras
687 2806 760 2840 quod
782 2806 816 2833 ab
840 2807 956 2835 adventu
972 2807 1026 2835 Do-

1048 909 1071 939 B

1047 1579 1068 1608 C

1089 280 1215 314 γενέσθαι
1229 281 1263 307 τὰ
1282 280 1379 316 πρῶτα
1396 280 1546 316 φωτοειδῆ”
1562 280 1649 312 οὕτως
1659 281 1707 307 καὶ
1725 281 1750 307 οἱ
1770 281 1877 317 ἄνθρω-

1088 335 1135 352 ποι
1148 325 1329 353 ἀλλάσσονται
1350 327 1378 352 ὲν
1399 327 1431 362 τῇ
1450 326 1611 358 ἀναστάσει,
1627 327 1674 352 καὶ
1688 326 1827 361 γίγνονται
1841 328 1876 354 τὰ

1090 371 1157 408 μέλη
1181 372 1270 399 αὐτῶν
1290 372 1356 406 ἅγια
1386 372 1434 399 καὶ
1454 372 1600 407 φωτοειδῆ⁵
1623 373 1654 398 Οἱ
1668 372 1714 399 οὖν
1737 372 1785 399 τοῦ
1805 373 1874 399 Θεοῦ

1087 418 1227 454 ἄνθρωποι
1246 418 1398 453 ὀφείλουσιν
1414 419 1575 454 εὐτρεπίσαι
1590 418 1703 450 ἑαυτοὺς
1721 420 1761 451 είς
1781 419 1876 453 ἀγῶνα

1087 463 1134 489 καὶ
1157 463 1281 499 ἄθλησιν.
1306 464 1414 499 Ὥσπερ
1429 463 1458 490 δὲ
1480 464 1587 496 νεανίας
1609 466 1731 498 γενναῖος
1746 466 1794 496 τὰς
1811 465 1874 491 ἐπι-

1087 508 1240 544 φερομένας
1257 508 1380 544 πληγὰς,
1398 509 1445 536 καὶ
1457 510 1506 545 τὴν
1518 509 1605 544 πάλην
1622 510 1751 544 βαστάζει
1766 511 1812 537 καὶ
1825 511 1874 536 ἁν-

1086 553 1224 586 τιτύπτει,
1237 554 1308 581 οὕτω
1327 555 1373 581 καὶ
1390 554 1415 581 oi
1440 555 1598 590 Χριστιανοὶ
1620 555 1757 590 ὀφείλουσι
1780 556 1874 591 φέρειν

1086 599 1135 631 τὰς
1149 597 1268 633 θλίψεις,
1282 599 1332 631 τάς
1343 609 1372 626 τε
1388 600 1498 632 ἔξωθεν,
1522 601 1568 627 καὶ
1584 601 1648 633 τοὺς
1663 601 1778 632 ἔνδοθεν,
1794 597 1874 628 πολέ-

1088 653 1165 679 μους,
1183 645 1225 671 ἵνα
1242 645 1286 671 διὰ
1307 645 1356 680 τῆς
1372 646 1511 681 ὑπομονῆς
1531 647 1695 682 τυπτόμενοι
1712 647 1871 681 νικήσωσιν.

1092 690 1123 716 Ἦ
1139 691 1193 726 γὰρ
1207 691 1265 722 ὁδὸς
1279 691 1326 717 τοῦ
1347 692 1561 727 Χριστιανισμοῦ
1577 692 1663 723 οὕτως
1682 693 1765 719 ἐστίν.
1785 693 1872 719 Ὅπου

1085 737 1139 772 γάρ
1152 737 1250 772 ὲστιίτο
1267 737 1376 772 Πνεῦμα
1391 737 1421 763 τὸ
1436 737 1523 771 ἅγιον,
1539 739 1596 764 ἐκεῖ
1610 738 1796 771 ἐπακολουθεῖ,
1814 736 1871 765 οἷον

1086 782 1159 814 σκιὰ,
1183 783 1197 808 ό
1211 782 1330 817 διωγμὸς
1346 782 1392 809 καὶ
1408 784 1424 818 ἡ
1438 783 1520 818 πάλη.
1545 783 1626 818 ὐρᾷς
1640 784 1701 814 τοὺς
1717 785 1870 818 προφήτας,

1084 828 1143 860 πῶς
1166 828 1305 855 ἐδιώκοντο
1326 829 1377 854 ὑπὸ
1391 829 1445 854 τῶν
1458 828 1603 863 ὁμοφύλων
1616 829 1649 855 δι’
1665 829 1743 860 ὅλου,
1765 829 1806 861 εἰς
1825 829 1873 861 οὓς

1085 875 1159 909 ὅμως
1171 875 1318 909 ἐνήργειτδ
1330 875 1452 910 Πνεῦμα,
1470 874 1561 911 Ὁρᾷς,
1575 875 1633 906 πῶς
1646 875 1660 901 ὁ
1672 875 1784 910 Κύριος,
1797 875 1871 907 ὅστις

1086 919 1159 945 ἐστὶν
1170 919 1241 952 ὁδὸς
1253 919 1302 946 καὶ
1313 919 1448 954 ἀλήθεια,
1466 919 1515 954 οὐχ
1530 919 1582 946 ὑπὸ
1596 919 1676 946 ἄλλου
1690 919 1782 951 ἔθνους
1795 919 1871 946 ἐδιώ-

1085 965 1148 1000 χθη,
1163 965 1220 992 ἀλλ’
1243 965 1295 992 ὑπὸ
1318 966 1371 992 τῶν
1397 966 1482 998 ἰδίων,
1501 965 1554 992 ὑπὸ
1567 966 1616 1001 τῆς
1631 966 1700 997 ιδίας
1723 966 1809 1001 φυλῆς
1823 966 1870 993 τοῦ

1091 1011 1201 1046 Ἰσραὴλ
1222 1011 1337 1046 ἐδιώχθη
1367 1011 1415 1037 καὶ
1438 1011 1598 1046 ἐσταυρώθη
1625 1019 1632 1027 ·
1658 1013 1759 1047 ὁμοίως
1778 1012 1826 1038 καὶ
1845 1012 1871 1038 οἱ

1085 1057 1240 1085 ἀπόστολοι.
1258 1057 1303 1089 Ἐξ
1312 1055 1342 1084 οὗ
1354 1057 1408 1093 γὰρ
1419 1058 1432 1084 ὸ
1447 1057 1573 1094 σταυρὸς,
1590 1057 1706 1093 μετῆλθε
1717 1057 1746 1084 τὸ
1758 1057 1870 1092 Πνεῦμα

1084 1103 1115 1130 τὺ
1129 1103 1313 1139 παράκλητον,
1329 1104 1377 1130 καὶ
1396 1103 1536 1139 ἐχώρησεν
1550 1104 1590 1136 εἰς
1603 1105 1664 1135 τοὺς
1679 1103 1868 1139 Χριστιανούς.

1084 1148 1185 1175 Λοιπὸν
1205 1149 1292 1180 οὐδεὶς
1318 1149 1452 1175 Ἰουδαίων
1469 1148 1600 1184 ἐδιώχθη,
1622 1148 1688 1176 ἀλλὰ
1703 1148 1782 1184 μόνον
1801 1149 1868 1184 Χρι-

1086 1193 1190 1220 στιανοὶ
1201 1194 1406 1230 ἐμαρτύρησαν.
1420 1194 1466 1221 Διὸ
1484 1194 1534 1222 οὐκ
1549 1195 1684 1229 ὀφείλουσι
1700 1194 1850 1227 ξενίζεσθαι
1860 1215 1868 1224 .

1085 1238 1154 1266 ἀλλὰ
1170 1240 1276 1276 ἀνάγκη
1291 1240 1435 1268 διώκεσθαι
1446 1241 1495 1277 τὴν
1509 1242 1648 1277 ἀλήθειαν.

1121 1331 1171 1360 1Γ’.
1188 1332 1354 1367 Ἐρώτησις.
1372 1333 1454 1367 Τινὲς
1467 1333 1614 1370 λέγουσιν
1629 1334 1672 1361 ὅτι
1693 1335 1804 1367 ἔξωθεν
1817 1335 1868 1361 ἐπ-

1084 1378 1252 1412 εισέρχεται
1272 1379 1305 1406 τὸ
1320 1379 1426 1412 κακὸν,
1443 1380 1492 1407 καὶ
1507 1381 1561 1408 ἑὰν
1572 1380 1644 1416 θέλῃ
1665 1381 1681 1408 ό
1702 1380 1866 1415 ἅνθρωπος,

1084 1427 1120 1454 οὐ
1134 1427 1259 1461 δέχεται,
1272 1428 1341 1455 ἀλλ’
1358 1429 1562 1464 ἀποπέμπεται
1578 1430 1662 1458 αὑτό.

1125 1471 1307 1505 Ἀπόκρισις.
1328 1473 1433 1508 Ὥσπερ
1446 1474 1459 1499 ὁ
1478 1473 1540 1509 ὅφις
1554 1474 1674 1510 λαλήσας
1690 1476 1723 1510 τῇ
1736 1474 1793 1501 Εὔα
1804 1496 1811 1507 ,
1823 1475 1867 1501 διὰ

1083 1515 1132 1551 τὴν
1153 1516 1277 1552 ὑπακοὴν
1297 1517 1404 1544 ἔνδοθεν
1421 1519 1592 1554 ἐπεισῆλθεν,
1614 1521 1685 1546 οὕτω
1704 1520 1752 1547 καὶ
1765 1520 1811 1546 νῦν
1824 1520 1868 1546 διὰ

1085 1562 1135 1596 τῆς
1153 1562 1275 1598 ὑπακοῆς
1286 1564 1334 1591 τοῦ
1348 1563 1492 1600 ἀνθρώπου
1511 1566 1699 1601 ἐπεισέρχεται
1714 1567 1731 1602 ἡ
1747 1567 1868 1602 ἁμαρτία

1084 1608 1137 1640 ἐξω
1153 1606 1231 1635 οὖσα.
1247 1610 1323 1645 Ἔχει
1337 1610 1391 1646 γὰρ
1405 1610 1531 1643 ἐξουσίαν
1543 1612 1588 1638 καὶ
1605 1613 1765 1648 παρρησίαν
1778 1614 1867 1648 εῑσέρα

1089 1654 1183 1689 χεσθαι
1204 1655 1220 1690 ὴ
1233 1655 1355 1692 ἁμαρτία
1367 1657 1406 1689 εἰς
1425 1657 1476 1692 τὴν
1494 1658 1617 1693 καρδίαν
1634 1660 1658 1685 οὶ
1673 1660 1728 1694 γὰρ
1743 1659 1867 1694 λογισμοὶ

1084 1698 1133 1725 οῦκ
1144 1700 1212 1726 εἰσιν
1227 1699 1336 1732 ἔξωθεν,
1352 1701 1410 1727 ἀλλ’
1423 1701 1529 1728 ἔνδοθεν
1541 1703 1573 1729 ἐκ
1585 1703 1634 1738 τῆς
1649 1703 1774 1738 καρδίας.
1785 1703 1867 1737 Λέγει

1083 1745 1136 1780 γὰρ
1150 1745 1163 1771 ὁ
1180 1745 1309 1772 Ἀπόστολ
1318 1755 1356 1778 ος·
1373 1748 1524 1782 Βούλομαι
1533 1749 1604 1782 τοὺς
1618 1749 1729 1782 ἄνδρας
1740 1750 1869 1783 προσεύ-

1083 1792 1189 1825 χεσθαι
1201 1792 1287 1826 χωρὶς
1313 1792 1404 1828 ὀργῆς
1420 1794 1469 1820 καὶ
1488 1794 1691 1829 διαλογισμῶν
1715 1795 1865 1829 πονηρῶν.

1082 1836 1151 1863 Εἰσί.
1166 1837 1220 1872 γὰρ
1233 1838 1371 1872 ,λογισμοί
1394 1839 1584 1874 ἐξερχόμενοι
1600 1841 1634 1867 ἐκ
1659 1840 1714 1874 τῆς
1732 1841 1866 1875 καρδίας,

1082 1882 1153 1909 κατὰ
1178 1883 1208 1909 τὺ
1233 1883 1409 1918 Εὐσγγέλιον.
1437 1885 1555 1912 Ἀπελοε
1570 1883 1616 1912 οὖν
1639 1887 1678 1917 εἰς
1700 1886 1793 1922 εὐχὴν,
1819 1887 1867 1913 καὶ

1082 1929 1227 1963 ἐπίσκεψαί
1243 1938 1290 1957 σου
1302 1930 1352 1965 τὴν
1368 1930 1483 1966 καρδίαν
1494 1931 1541 1958 καὶ
1552 1933 1597 1958 τὸν
1612 1932 1683 1964 νοῦν,
1695 1934 1743 1960 καὶ
1755 1933 1867 1969 θέλησον

1080 1974 1131 2010 τὴν
1155 1975 1237 2010 εὐχήν
1257 1984 1304 2002 σου
1327 1977 1451 2013 καθαρὰν
1475 1978 1634 2013 ἀναπέμψαι
1660 1978 1699 2014 τῷ
1720 1979 1795 2015 Θεῷ,
1821 1981 1866 2007 καὶ

1083 2020 1178 2055 βλέψον
1192 2021 1338 2057 ἐξαιρέτως
1351 2023 1425 2057 ἐκεῖ,
1441 2024 1465 2050 εί
1484 2024 1560 2051 οὐδέν
1580 2025 1636 2051 ἐστι
1658 2025 1689 2051 τὸ
1708 2026 1865 2061 ἐμποδίζον,

1082 2066 1106 2092 εί
1129 2066 1233 2099 γίνεται
1257 2067 1324 2103 εὐχὴ
1346 2068 1465 2104 καθαρὰ,
1489 2069 1674 2105 εῑὴσχόληταί
1698 2079 1746 2097 σου
1771 2072 1785 2098 δ
1804 2071 1866 2103 νοῦς

1081 2113 1145 2147 περὶ
1170 2112 1216 2139 τὸν
1250 2114 1361 2149 Κύριον,
1391 2115 1421 2142 ὃν
1445 2116 1545 2150 τρόπον
1577 2116 1624 2142 τοῦ
1650 2117 1773 2152 γεωργοῦ
1802 2119 1867 2153 περὶ

1080 2158 1129 2193 τὴν
1152 2159 1300 2194 γεωργίαν,
1325 2159 1372 2187 τοῦ
1395 2160 1492 2196 ἀνδρὸς
1513 2162 1577 2197 περὶ
1590 2162 1639 2196 τὴν
1658 2164 1775 2197 γυναῖκα
1788 2184 1795 2196 ,
1817 2164 1865 2190 τοῦ

1080 2202 1204 2237 ἐμπόρου
1225 2205 1290 2240 περὶ
1311 2205 1360 2240 τὴν
1378 2205 1514 2241 ἐμπορίαν
1528 2226 1534 2238 ,
1553 2207 1578 2233 εί
1595 2208 1696 2240 κλίνεις
1710 2209 1744 2235 τὰ
1766 2210 1867 2244 γόνατά

1043 2252 1069 2282 ι)
1082 2255 1129 2273 σου
1142 2248 1182 2280 εἰς
1192 2248 1286 2285 εὐχὴν,
1300 2250 1347 2277 καὶ
1358 2252 1421 2283 τοὺς
1434 2251 1581 2287 λογισμούς
1592 2262 1638 2280 σου
1650 2254 1725 2282 ἄλλοι
1740 2256 1777 2291 μὴ
1791 2255 1867 2290 διαρ-

1083 2293 1215 2325 πάζουσιν

1119 2349 1234 2378 1Δ’.-ῘΕ’.
1257 2351 1336 2379 Ἀλλὰ
1352 2352 1451 2387 λέγεις,
1467 2355 1509 2382 ὅτι
1520 2357 1537 2382 ὁ
1548 2357 1653 2390 Κύριος
1668 2357 1752 2384 ἐλθὼν
1765 2357 1810 2384 διὰ
1819 2358 1867 2385 τοῦ

1081 2397 1199 2432 σταυροῦ
1211 2397 1365 2432 κατέκρινε
1385 2400 1442 2434 τὴν
1460 2401 1617 2436 ἁμαρτίαν,
1631 2404 1676 2430 καὶ
1689 2404 1780 2432 οὐκέτι
1792 2405 1868 2432 ἐστὶν

1080 2443 1145 2470 ἔσω.
1164 2444 1234 2471 Ἀλλ’
1256 2444 1350 2480 ὥσπερ
1370 2446 1418 2473 ἐὰν
1474 2449 1643 2484 στρατιώτης
1663 2450 1710 2477 καὶ
1732 2451 1868 2486 ἀποθῆται

1080 2490 1111 2516 τὸ
1125 2490 1202 2526 ἅρμα
1218 2491 1301 2518 αὐτοῦ
1319 2492 1358 2524 είς
1373 2493 1462 2520 οἰκίαν
1476 2494 1560 2526 τινὸς,
1579 2496 1624 2522 ὅτε
1641 2496 1729 2528 θέλει,
1743 2497 1868 2530 ἐξουσίαν

1081 2535 1137 2570 ἔχει
1157 2536 1270 2563 είσιέναι
1287 2537 1335 2564 καὶ
1349 2538 1450 2570 ἐξιέναι
1470 2540 1499 2566 ἐν
1518 2541 1550 2576 τῇ
1569 2541 1643 2576 οἰκίᾳ
1664 2541 1768 2578 ἐκείνῃ·
1780 2542 1868 2575 οὕτως

1080 2581 1127 2608 καὶ
1137 2582 1153 2617 ἡ
1165 2582 1287 2618 ἁμαρτία
1298 2582 1355 2618 ἔχει
1368 2583 1491 2617 ἐξουσίαν
1503 2585 1700 2621 διαλογίζεσθαι
1712 2589 1742 2615 ὲν
1752 2589 1785 2624 τῇ
1799 2597 1869 2624 uap-

1079 2626 1135 2662 δίᾳ.
1151 2628 1308 2662 Γέγραπται
1319 2631 1373 2665 γὰρ
1383 2639 1390 2645 ·
1406 2630 1558 2665 Εἰσῆλθεν
1571 2634 1587 2659 ὀ
1604 2633 1739 2666 Σατανᾶς
1751 2635 1795 2665 εἰς
1809 2633 1869 2667 τὴν

1081 2673 1205 2707 καρδίαν
1224 2675 1328 2702 Ἰούδα.
1345 2676 1376 2702 Et
1388 2676 1416 2703 δὲ
1433 2676 1533 2712 λέγεις,
1548 2679 1589 2705 ὃτι
1606 2679 1651 2707 διὰ
1672 2679 1721 2714 τῆς
1735 2679 1868 2711 ἐλεύσεως

1080 2718 1127 2745 τοῦ
1143 2719 1262 2755 Χριστοῦ
1279 2722 1428 2758 κατεκρίθη
1444 2723 1461 2758 ἡ
1478 2723 1612 2759 ἁμαρτία,
1628 2725 1675 2751 καὶ
1689 2725 1758 2760 μετὰ
1773 2723 1803 2751 τὸ
1815 2724 1868 2760 βά-

1080 2774 1185 2802 πτισμα
1194 2767 1285 2794 οὐκέτι
1296 2768 1353 2804 ἔχει
1368 2769 1453 2805 νομὴν
1464 2770 1494 2797 τὸ
1508 2771 1592 2798 κακὸν
1604 2771 1651 2798 τοῦ
1664 2771 1867 2805 διαλογίζεσθαι

1080 2812 1109 2838 ὲν
1123 2812 1156 2848 τῇ
1169 2813 1282 2849 καρδίᾳ,
1298 2814 1404 2848 ἀγνοεῖς
1418 2809 1460 2842 ὃτὶ
1478 2817 1511 2843 ἐκ
1524 2817 1573 2852 τῆς
1586 2818 1737 2854 παρουσίας
1748 2817 1794 2844 τοῦ
1809 2818 1865 2844 Κυ-

286 2872 303 2885 -"
320 2871 398 2898 Joan.
424 2879 479 2907 xvi,
491 2873 519 2900 6.
548 2874 572 2889 "
585 2873 652 2902 Gen.
667 2882 707 2908 ιιι,
724 2875 750 2902 5.
768 2875 794 2903 6.
832 2877 875 2903 ⁵⁵1
892 2877 961 2905 Tim.
979 2886 1006 2912 ιι,
1025 2879 1033 2908 ε

1089 2881 1112 2898 ⁵⁸
1124 2881 1218 2909 Matth.
1234 2890 1278 2917 xv,
1292 2884 1333 2912 l9.
1361 2885 1384 2901 "
1403 2886 1480 2914 Rom.
1495 2894 1552 2920 \‘lll,
1572 2887 1599 2915 3.
1633 2888 1654 2905 ⁸⁷
1669 2887 1737 2916 Luc.
1752 2895 1818 2920 nu,
1835 2887 1863 2916 5.
