2078 3151
200 150 252 181 585

816 148 1001 180 HOMILM‘J.
1015 161 1052 166 -
1065 148 1158 180 ΗΟΜ.
1173 150 1232 182 XV.

1777 149 1832 183 586

202 206 259 241 ρίου
275 205 356 240 μέχρι
373 204 420 231 τοῦ
437 204 495 238 νῦν,
512 204 569 231 ὅσοι
585 204 800 239 ἐϐαπτίσθησαν,
816 205 862 233 καὶ
883 204 990 240 πονηρὰ

1047 205 1110 234 mini
1126 206 1161 234 ad
1174 207 1249 235 hunc
1261 214 1348 242 usque
1358 207 1430 235 diem
1445 211 1512 242 quot
1525 206 1608 234 modo
1618 205 1829 242 haptizati‘sint,

202 252 268 278 ποτὲ
290 251 486 286 ἐλογίσθησαν;
509 251 526 286 ἢ
545 251 596 278 οὐκ
611 252 652 284 εἰς
669 251 822 284 κενοδοξίαν
846 251 918 283 τινὲς
939 251 989 278 αὺ-

201 299 266 330 τῶν,
281 298 298 333 ἢ
316 296 453 333 πορνείαν,
467 297 483 332 ἢ
499 297 723 333 γαστριμαργίαν
735 297 910 333 ὲτράπησαν;
922 297 989 324 ἀλλὰ

203 345 259 371 ὅλοι
270 345 294 370 oi
307 342 497 375 κατοικοῦντες
515 343 543 369 ὲν
558 344 590 379 τῇ
608 343 756 379 Ἐκκλησία
765 343 902 379 κοσμικοὶ,
912 344 990 378 ἄμω-

205 399 255 426 μον
280 391 327 416 καὶ
346 389 471 424 καθαρὰν
497 388 588 424 ἔχουσι
610 390 658 426 τὴν
681 389 841 425 καρδίαν;ἢ
862 389 990 425 εὑρίσκο-

205 447 264 474 μεν,
277 438 317 465 ὃτι
330 438 398 473 μετὰ
413 437 443 464 τὸ
459 437 600 474 βάπτισμα
617 437 713 464 πολλαὶ
732 435 867 471 ἁμαρτίαι
883 435 991 470 γίγνον‹

202 494 263 517 ται,
278 484 325 512 καὶ
343 484 436 511 πολλοὶ
448 484 669 520 ἁμαρτάνουσιν;
688 483 764 519 Ἔχει
778 480 824 510 οὖν
838 482 924 518 νομὴν
943 482 991 509 καὶ¹

204 530 273 566 μετὰ
284 530 314 556 τὸ
330 530 472 565 βάπτισμα
489 529 619 556 εἰσελθεῖν
638 530 652 556 ὁ
672 529 783 565 λῃστὴς.
799 530 846 556 καὶ
861 528 991 564 πράττειν

203 578 220 604 ἃ
236 576 319 603 θέλει.
337 576 494 610 Γέγραπται
516 576 569 611 γάρ
586 584 593 590 ·
615 575 791 610 Ἀγαπήσεις
811 576 921 609 Κύριον
937 575 991 602 τὸν

204 623 278 650 θεόν
297 630 356 649 σου
380 622 415 655 ἐξ
437 622 513 656 ὅλης
535 622 590 655 τῆς
612 622 738 656 καρδίας
759 630 828 649 σου.
851 621 931 648 Ἀλλὰ
945 621 991 648 λέ-

204 677 263 702 γεις
276 689 283 701 ,
299 668 341 694 ὃτι
356 666 486 702 Ἀγαπῶ,
504 666 553 693 καὶ
572 667 630 701 ἔχω
644 667 765 702 Πνεῦμα
781 667 879 701 ἅγιον.
897 667 992 702 Ἔχεις

204 716 253 751 τὴν
272 715 393 750 μνήμην,
418 713 523 740 καὶτὸν
545 713 644 749 ἔρωτα,
658 714 705 740 καὶ
734 713 783 749 τὴν
805 713 903 740 καῦσιν
923 713 991 749 προς

204 763 250 789 τὸν
263 761 380 797 Κύριον;
392 761 488 792 νυκτὸς
500 761 546 787 καὶ
557 761 662 796 ἡμέρας
675 762 733 787 ἐκεῖ
748 761 908 787 ἁποδὲδεσαι
922 768 930 792 ;
944 759 992 787 καὶ

206 811 230 836 εἰ
248 809 295 844 μὲν
310 808 381 843 ἔχεις
391 807 520 843 τοιαύτην
535 807 656 842 ἀγάπην,
669 807 790 842 καθαρὸς
804 803 838 834 εἴ.
857 806 887 832 El
901 805 929 832 δὲ
942 804 993 832 οὐκ

206 857 297 890 ἔχεις,
323 854 440 890 ζήτησον
463 854 504 880 ἔτι
527 854 591 880 ὅταν
610 853 721 880 ἔλθωσιν
742 852 797 879 ἀπὸ
816 852 870 879 τῶν
891 851 992 886 γηΐνων

206 901 389 938 πραγμάτων,
413 901 459 927 καὶ
473 900 527 927 ἀπὸ
540 900 594 926 τῶν
613 899 733 935 αἰσχρῶν
752 899 798 925 καὶ
812 897 939 933 πονηρῶν
951 897 995 923 λο-

207 948 324 984 γισμῶν,
341 948 365 973 εἰ
390 947 427 981 μὴ
448 946 515 980 πρὸς
527 945 614 972 ταῦτα
629 944 773 979 ὐποκλίνῃ,
791 943 858 970 ἀλλὰ
879 943 995 969 πάντοτε

207 996 246 1027 εἰς
263 994 373 1028 ἀγάπην
388 994 436 1019 καὶ
453 991 535 1018 πόθον
554 991 621 1018 Θεοῦ
638 990 747 1017 ἓλκεταί
771 999 817 1017 σου
831 990 847 1024 ἠ
863 989 947 1024 ψυχή.
964 988 996 1015 Οἱ

207 1043 261 1076 γὰρ
273 1040 399 1075 λογισμοὶ
411 1038 457 1064 τοῦ
473 1038 576 1073 κόσμου
589 1037 751 1064 κατασπῶσι
765 1036 810 1063 τὸν
825 1035 887 1062 νοῦν
900 1036 939 1068 εἰς
961 1036 997 1063 τὰ

208 1090 316 1123 ἐπίγεια
336 1088 382 1114 καὶ
400 1087 507 1121 φθαρτὰ
517 1106 525 1118 ,
539 1086 586 1114 καὶ
600 1085 650 1112 οὐκ
670 1084 751 1111 ὲῶσιν
764 1084 906 1119 ἀγαπῆσαι
918 1084 996 1117 Θεὸν,

208 1138 224 1172 ἧ
239 1136 425 1172 μνημονεῦσαι
437 1135 483 1161 τοῦ
496 1133 610 1169 Κυρίου.
630 1133 685 1160 Καὶ
701 1132 832 1164 πολλάκις
846 1132 996 1168 ἀπέρχεται

209 1185 247 1214 εἰς
263 1182 418 1218 προσευχὴν
432 1181 445 1207 ὁ
460 1179 577 1214 ἰδιώτης,
593 1180 639 1206 καὶ
654 1179 738 1205 κλίνει
752 1179 827 1212 γόνυ,
844 1178 892 1205 καὶ
908 1178 996 1213 εἰσέρ-

209 1236 285 1262 χεται
304 1228 318 1253 ὁ
330 1226 390 1257 νοῦς
405 1225 488 1252 αὑτοῦ
504 1225 542 1256 εἰς
555 1224 724 1255 ἀνάπαυσιν,
741 1225 787 1250 καὶ
802 1224 863 1251 ὅσον
881 1224 996 1250 σκάπτει

210 1272 257 1297 καὶ
280 1271 388 1306 βαθύνει
399 1290 406 1302 ,
423 1270 553 1305 ρύσσεται
569 1269 600 1296 τὸ
621 1270 710 1304 τεῖχος
724 1269 773 1304 τῆς
787 1269 885 1300 κακίας
901 1269 930 1294 τὸ
947 1270 995 1295 ἀν-

211 1317 380 1351 θιστάμενον,
396 1317 444 1343 καὶ
465 1315 618 1350 εῑσέρχεται
644 1316 684 1347 εἰς
707 1315 802 1350 ὅρασιν
818 1315 865 1341 καὶ
888 1315 995 1350 σοφίαν,

210 1365 276 1390 ὅπου
296 1363 326 1388 οὐ
342 1362 473 1397 φθάνουσι
491 1362 620 1388 δυνάσται
635 1361 651 1396 ἢ
673 1361 760 1395 σοφοὶ,
776 1361 792 1396 ἢ
811 1362 925 1397 ῥήτορες
945 1370 996 1388 κα-

211 1409 341 1435 ταλαϐεῖν
366 1409 382 1443 ἢ
404 1408 506 1442 γνῶναι
532 1408 581 1443 τὴν
596 1407 748 1442 λεπτότητα
763 1407 810 1434 τοῦ
828 1407 886 1439 νοὸς
901 1407 995 1434 αὑτοῦ·

211 1454 304 1489 ἐπειδὴ
334 1454 487 1490 ἀσχολεῖται
521 1454 561 1485 εἰς
595 1453 654 1480 Osis.
681 1454 827 1489 μυστήρια.
858 1454 913 1480 Καὶ
942 1454 996 1489 γὰρ

212 1501 324 1536 ἄπειρος
335 1500 380 1527 τοῦ
395 1499 553 1535 δοκιμάζειν
577 1501 763 1535 μαργαρίτας,
782 1500 832 1526 οὐκ
845 1498 898 1526 οἶδε
911 1500 997 1526 διατι-

1041 256 1068 280 et
1085 253 1232 291 aliquando
1248 257 1339 281 tamen
1353 253 1533 281 nihilominus
1546 254 1618 281 mala
1631 253 1830 288 cogitaverim?

1040 299 1096 327 Aut
1109 308 1200 327 nonne
1213 299 1324 336 quidam
1339 307 1434 327 eorum
1447 300 1481 327 ad
1496 308 1595 328 vanam
1613 299 1708 335 gloriae
1723 299 1831 335 cupidi-

1041 346 1155 373 ditatem
1172 366 1180 379 ,
1203 346 1238 374 ad
1264 350 1389 382 stuprum
1414 351 1462 374 aut
1489 346 1685 375 helluationem
1702 346 1829 374 wnversi

1041 392 1121 419 sunt?
1139 392 1224 420 Porro
1239 412 1247 425 ,
1270 400 1305 419 an
1323 399 1422 419 onmes
1444 392 1491 427 qui
1515 393 1641 420 habitant
1664 392 1692 420 in
1706 392 1829 420 Ecclesia

1041 437 1168 465 homines
1190 438 1332 470 mundani,
1352 446 1422 473 puro
1437 442 1465 465 et
1483 438 1642 473 inculpabili
1660 439 1744 467 corde
1760 446 1830 474 pm-

1042 484 1092 511 diti
1108 483 1191 511 sunt?
1207 488 1254 511 aut
1282 491 1374 512 nonne
1399 484 1553 519 reperimus
1577 490 1640 519 post
1659 485 1828 520 baptismum

1041 530 1126 557 multa
1148 530 1302 565 perpetrari
1317 535 1441 565 peccata,
1455 538 1488 558 ac
1502 531 1604 558 mullos
1616 532 1730 560 errare?
1741 531 1829 559 Habet

1042 577 1126 612 igitur
1137 576 1269 611 pabulum
1282 580 1311 603 et
1331 576 1472 604 licentiam
1494 577 1576 609 latro,
1599 577 1682 604 etiam
1704 582 1767 612 post
1782 578 1830 605 ba-

1042 624 1182 659 ptismum,
1196 623 1367 659 ingrediendi
1378 628 1461 658 atque
1471 623 1571 658 agendi
1582 631 1633 658 pro
1644 623 1745 651 lubitu.
1755 624 1830 651 Scri-

1042 673 1119 704 ptum
1147 668 1221 695 enim
1245 673 1305 696 est:
1329 667 1429 704 Diliges
1445 668 1590 696 Dominum
1606 668 1689 696 Deum
1709 674 1784 696 tuum
1798 677 1830 696 ea:

1043 718 1096 741 toto
1114 714 1191 741 corde
1210 718 1256 741 tuo
1267 714 1302 741 ⁸⁸.
1325 714 1425 741 Verum
1450 714 1541 742 dicis:
1563 713 1662 749 Diligo,
1691 718 1716 742 et
1744 714 1827 742 habeo

1042 759 1172 795 Spiritum
1185 764 1317 786 sanctum.
1337 759 1463 787 Habesne
1477 760 1639 788 memoriam
1653 764 1680 788 et
1693 768 1827 792 amorem.

1043 814 1075 833 ac
1098 805 1217 840 ﬂagrans
1243 806 1412 834 desiderium
1432 806 1570 834 directum
1583 814 1647 842 erga
1663 807 1829 836 Dominum?

1044 858 1110 878 esne
1128 855 1213 878 noctu
1228 850 1331 886 diuque
1346 851 1403 879 illic
1411 851 1576 879 devinctus?
1591 856 1618 879 et
1632 852 1770 888 siquidem
1779 852 1831 880 hac

1046 896 1193 924 dilectione
1219 897 1350 932 praeditus
1361 904 1402 930 es,
1416 905 1502 932 purus
1518 905 1558 925 es.
1573 898 1620 926 Sin
1635 906 1666 926 ea
1686 899 1778 926 minus
1794 898 1832 926 sis

1046 943 1190 979 prreditus,
1204 944 1275 971 ultra
1288 943 1407 978 inquire,
1424 944 1471 971 ubi
1496 952 1526 971 se
1548 944 1700 972 obtulerint
1723 945 1833 980 negotia

1048 994 1167 1022 terrena,
1183 993 1230 1017 aut
1250 990 1432 1024 cogitationes
1451 995 1548 1025 turpes
1570 994 1598 1017 et
1620 998 1724 1025 pravae,
1740 997 1834 1018 annon

1047 1036 1080 1063 ad
1092 1036 1150 1063 hmo
1162 1035 1355 1070 declinaveris,
1377 1045 1412 1064 an
1423 1044 1490 1064 vero
1506 1041 1640 1072 perpetuo
1658 1036 1693 1063 ad
1709 1044 1836 1066 amorem

1046 1089 1078 1109 ac
1088 1081 1255 1110 desiderium
1268 1082 1316 1110 Dei
1331 1082 1456 1110 trahatur
1469 1082 1560 1111 anima
1574 1082 1641 1109 tua?
1654 1082 1835 1117 cogitationes

1046 1128 1119 1155 enim
1144 1129 1289 1156 mundanae
1305 1128 1464 1156 distrahunt
1487 1133 1607 1156 mentem
1629 1128 1662 1156 ad
1681 1133 1792 1157 terrena
1806 1133 1835 1155 et

1047 1174 1249 1208 corruptibilia,
1275 1182 1327 1201 nec
1347 1174 1512 1209 permittunt
1535 1174 1651 1210 diligere
1666 1175 1765 1207 Deum,
1787 1178 1834 1202 aut

1047 1220 1154 1248 Domini
1166 1228 1316 1248 memorem
1330 1228 1400 1248 esse.
1419 1221 1453 1247 At
1475 1227 1664 1255 szepenumero
1682 1220 1789 1248 accedit
1799 1221 1834 1247 ad

1047 1267 1180 1294 orandum
1207 1266 1292 1294 idiota
1320 1267 1390 1294 ﬂexo
1406 1267 1519 1301 poplite,
1536 1266 1743 1301 ingrediturque
1757 1274 1835 1294 mens

1047 1312 1107 1346 ejus
1119 1312 1146 1339 in
1170 1312 1303 1346 requiem,
1316 1316 1344 1338 et
1359 1311 1482 1346 quandiu
1505 1311 1576 1338 fodit
1590 1319 1622 1338 ae
1640 1311 1694 1338 ima
1707 1310 1834 1342 rimatur,

1048 1358 1201 1393 perrumpit
1211 1358 1349 1393 objectum
1365 1357 1497 1392 parietem
1512 1358 1635 1389 malitiar,
1651 1365 1683 1384 ac
1693 1357 1792 1386 transit
1807 1357 1836 1384 in

1047 1404 1182 1431 visionem
1203 1409 1231 1431 et
1261 1404 1435 1438 sapientiam,
1449 1411 1505 1438 quo
1528 1411 1582 1431 non
1606 1403 1773 1438 perveniunt
1787 1411 1837 1437 po-

1049 1454 1148 1482 tentes,
1163 1453 1211 1476 aut
1227 1449 1376 1483 sapientes,
1395 1453 1443 1475 aut
1458 1449 1593 1481 rhetores,
1609 1453 1638 1475 ut
1655 1448 1837 1483 comprehen-

1049 1495 1114 1523 dant
1129 1500 1177 1522 aut
1205 1500 1373 1530 cognoscant
1389 1494 1570 1522 subtilitatem
1589 1494 1691 1522 mentis
1703 1495 1782 1529 ejus‘.
1798 1495 1836 1521 si-

214 1547 352 1581 μὴσασθαι
367 1547 489 1578 τούτους,
507 1546 551 1573 διὰ
565 1546 595 1572 τὸ
615 1545 728 1581 ἄπειρον
747 1546 828 1574 αὑτὸν
841 1546 995 1581 τυγχάνειν.

1049 1542 1159 1577 quidem
1172 1546 1295 1569 attentus
1313 1545 1355 1568 est
1375 1541 1409 1568 ad
1428 1540 1522 1568 divina
1537 1540 1676 1575 mysteria.
1696 1539 1748 1573 Qui
1763 1540 1837 1567 enim

212 1595 243 1619 Οἱ
259 1591 305 1619 οὖν
322 1593 480 1628 Χριστιανοὶ
496 1593 530 1619 τὰ
546 1593 638 1626 ἔνδοξα
658 1594 707 1628 τῆς
727 1594 780 1629 γῆς
795 1593 997 1629 βδελύσσονται,

212 1640 259 1665 καὶ
275 1639 403 1675 ἡγοῦνται
422 1639 508 1666 ταῦτα
529 1640 566 1671 ὡς
591 1640 707 1676 κοπρίαν
725 1641 793 1676 πρὸς
819 1641 932 1667 ἐκείνων
950 1640 999 1675 τὴν

212 1684 356 1720 σύγκρισιν
382 1685 433 1720 τῆς
463 1684 672 1720 μεγαλειότητος
698 1685 748 1720 τῆς
779 1684 944 1720 ἐνεργούσης
971 1684 1000 1710 ἐν

212 1731 299 1763 αὐτοῖς
305 1749 312 1757 .

246 1861 303 1895 ις’.
330 1861 501 1896 Ἐρώτησις.
519 1863 553 1889 El
577 1862 702 1889 δύναται
719 1862 825 1888 πεσεῖν
847 1862 1001 1897 ἄνθρωπος

212 1909 291 1941 ἒχων
307 1907 438 1942 χάρισμα
447 1916 456 1939 ;

256 1952 437 1987 Ἃπόκρισις.
461 1954 525 1981 Ἐὰν
545 1954 687 1990 ἀμελήσῃ,
710 1954 815 1981 πίπτει·
835 1954 860 1980 οἱ
884 1954 938 1993 γὰρ
954 1963 1002 1981 πο-

214 1999 303 2033 λέμιοι
317 1999 444 2026 οὐδέποτε
459 2001 583 2036 ἀργοῦσι,
599 2001 662 2028 οὒτε
682 2000 791 2027 ὀκνοῦσι
809 2001 999 2036 πολεμοῦντες·

216 2046 291 2080 πόσῳ
308 2046 409 2080 μᾶλλον
433 2047 466 2073 σὺ
479 2048 530 2074 οὐκ
552 2048 670 2082 ὀφείλεις
693 2048 849 2075 παύσασθαι
871 2047 926 2073 ἀπὸ
953 2048 1002 2082 τῆς

215 2089 354 2125 ζητήσεως
378 2092 427 2125 τῆς
451 2092 520 2127 πρὸς
547 2093 633 2126 Θεόνς
656 2092 740 2128 πολλὴ
769 2093 823 2128 γάρ
849 2093 890 2119 σοι
914 2091 1003 2127 ζημία

215 2134 337 2168 γίγνεται
356 2136 516 2171 ἀμελοῦντι,
541 2139 565 2164 εἰ
584 2139 631 2164 καὶ
654 2139 682 2163 ἐν
700 2138 775 2173 αὐτῷ
795 2138 836 2174 τῷ
859 2138 1002 2174 μυστηρίῳ

214 2183 263 2216 τῆς
276 2182 384 2217 χάριτος
399 2183 486 2214 δοκεῖς
504 2183 688 2215 ἐξετάζεσθαι.

1050 1589 1209 1623 margaritas
1232 1588 1350 1623 probare
1368 1587 1440 1614 haud
1469 1587 1556 1620 novit,
1582 1587 1628 1614 ille
1644 1595 1695 1614 nec
1707 1595 1754 1614 eas
1765 1588 1838 1614 msti—

1049 1643 1122 1662 mare
1137 1635 1222 1667 novit,
1238 1642 1271 1661 eo
1285 1634 1357 1669 quod
1380 1634 1526 1669 imperitus
1542 1633 1578 1661 sit
1592 1633 1653 1669 ejus
1665 1633 1717 1660 rei.
1733 1633 1837 1666 Quatu-

1049 1681 1144 1707 obrem
1177 1679 1326 1707 Christiani
1349 1679 1377 1706 in
1405 1684 1478 1707 terra
1493 1700 1501 1712 ,
1519 1687 1580 1714 quze
1601 1679 1732 1714 praeclara
1759 1683 1835 1712 sunt,

1049 1730 1237 1758 exsecrantur,
1263 1733 1295 1752 ac
1319 1733 1370 1760 pro
1387 1729 1508 1752 stercore
1536 1729 1668 1759 reputant
1695 1733 1738 1758 ea,
1753 1724 1839 1751 colla-

1052 1773 1125 1800 tione
1139 1780 1203 1800 cum
1227 1772 1380 1807 majestate,
1398 1778 1460 1806 quae
1486 1775 1618 1806 operatur
1638 1771 1666 1798 in
1679 1770 1744 1804 illis,
1758 1770 1838 1799 insti-

1051 1823 1123 1846 tuta.

1086 1864 1156 1893 XVI.
1175 1865 1363 1900 Interrogatio.
1382 1863 1476 1891 Utrum
1500 1863 1554 1891 labi
1576 1867 1662 1898 potest
1691 1864 1779 1896 homo,
1794 1864 1841 1897 qui

1051 1912 1149 1939 donum
1168 1912 1261 1948 gratim
1278 1911 1376 1939 habet?

1089 1958 1240 1994 Responsio.
1268 1958 1296 1986 Si
1321 1958 1452 1994 negligat,
1479 1958 1577 1993 utique
1599 1957 1713 1985 labitur.
1733 1956 1841 1984 Inimici

1051 2004 1125 2035 enim
1150 2011 1292 2039 nunquam
1316 2003 1473 2038 quiescunt,
1489 2011 1541 2035 nec
1571 2002 1672 2030 bellum
1688 2002 1768 2030 ciere-
1778 2010 1838 2037 gra-

1052 2052 1172 2076 vantur:
1193 2054 1296 2084 quanto
1313 2048 1399 2084 magis
1415 2052 1446 2075 tu‘
1462 2048 1548 2075 Deum
1564 2054 1687 2082 quaerere
1708 2047 1842 2076 desistere

1053 2101 1108 2121 non
1134 2094 1236 2122 debes!
1264 2102 1320 2122 non
1334 2094 1409 2121 enim
1429 2095 1559 2129 exiguum
1572 2093 1768 2122 detrimentum
1783 2101 1843 2120 lua-

1052 2145 1100 2167 net
1117 2143 1153 2172 te,
1167 2140 1190 2167 si
1207 2140 1339 2175 negligas,
1351 2140 1477 2175 quamvis
1491 2140 1517 2167 in
1532 2139 1594 2175 ipso
1607 2139 1738 2175 mysterio
1746 2139 1841 2176 gratius

1054 2185 1164 2213 videare
1182 2186 1323 2223 probatus.

251 2228 299 2255 lZ'.
323 2228 491 2263 Ἐρώτησις.
508 2231 541 2256 Et
557 2230 718 2264 παραμένει
734 2231 752 2265 ὴ
768 2231 854 2265 χάρις
872 2232 947 2266 μετὰ
968 2233 995 2260 τὸ

1089 2217 1369 2268 Χγιιλιιιενῑοᾳαιιο.
1389 2237 1484 2260 utrum
1502 2236 1640 2268 permanet
1669 2236 1758 2267 grana
1786 2236 1844 2267 post

215 2273 322 2301 πεσεῖν
335 2274 507 2309 ἇνθρωπον;

256 2320 439 2354 Ἀπόκρισις.
481 2320 510 2347 Ὀ
535 2321 601 2352 Θεὸς
630 2321 701 2348 θέλει
724 2322 769 2348 τὸν
796 2322 937 2357 ἄνθρωπον
962 2324 1003 2355 εἰς

215 2365 287 2401 ζωὴν
303 2366 383 2393 πάλιν
401 2367 526 2401 ἀγαγεῖν,
541 2368 588 2394 καὶ
604 2368 791 2403 προτρέπεται
808 2370 854 2395 ἐπὶ
869 2370 899 2395 τὸ
922 2370 1005 2397 πάλιν

216 2411 405 2446 προσκλαῦσαι
419 2412 467 2439 καὶ
484 2413 650 2448 μετανοῆσαι
662 2414 707 2439 τὸν
724 2414 875 2449 ἄνθρωπον.
900 2415 961 2442 Ἐὰν
976 2417 1005 2443 ὗε

215 2457 261 2483 καὶ
279 2458 454 2494 παραμείνῃ,
472 2459 518 2485 ἐπὶ
534 2459 565 2485 τὸ
580 2459 659 2486 πάλιν
686 2461 874 2495 προσκλαῡσαι
889 2463 935 2488 καὶ
951 2471 1001 2497 με-

213 2502 347 2538 τανοῆσαι
362 2503 407 2530 τὸν
423 2503 580 2538 ἄνθρωπον,
594 2504 775 2540 μετανοοῦντα
788 2505 821 2531 τὰ
835 2506 877 2540 ἐφ’
894 2504 934 2538 οἷς
949 2507 1002 2534 πά-

213 2548 258 2577 λαι
271 2550 492 2586 ἐπλημμέλησεν.

249 2595 304 2623 IH'.
336 2596 506 2630 Ἐρώτησις.
523 2598 556 2624 El
568 2597 629 2630 τοῖς
640 2598 764 2631 τελείοις
774 2598 918 2625 ἐπίκειται
938 2599 1003 2626 0.1L-

215 2642 278 2674 ψις,
290 2641 309 2676 ἢ
325 2642 466 2677 πόλεμος,
478 2643 497 2677 ἢ
517 2642 551 2670 τὸ
564 2643 640 2671 ὅλον
650 2643 887 2678 ἀμεριμνοῦσιν;
966 2643 969 2645 “

256 2685 435 2722 Ἀπόκρισις.
467 2689 497 2715 '0
521 2688 651 2723 πολέμιος
675 2690 735 2716 κατ’
751 2690 857 2722 οὐδενὸς
886 2700 1003 2719 παυεται

218 2730 352 2765 πολεμῶν,
370 2733 384 2758 ὁ
397 2734 519 2766 Σατανᾶς
534 2734 562 2760 δὲ
577 2734 749 2770 ᾶσπλαγχνός
762 2737 820 2762 ἐστι
847 2737 893 2763 καὶ
906 2738 1000 2772 μισάν-

219 2772 325 2808 θρωπος
335 2784 342 2791 ·
356 2777 396 2804 διὸ
411 2778 457 2805 καὶ
469 2779 550 2806 παντὶ
566 2780 703 2817 ἀνθρώπῳ
717 2780 844 2817 πολεμεῖν
855 2782 905 2809 οὐκ
918 2784 1002 2811 ὀκνεῖ.

257 2865 278 2881 ³⁸
290 2865 369 2895 Deut.
383 2877 419 2903 γι,
431 2870 457 2897 5.

1053 2277 1155 2313 lapsum
1183 2279 1295 2305 hominis
1303 2279 1316 2305 ?

1087 2323 1240 2359 Responsio.
1261 2324 1334 2352 Deus
1351 2324 1475 2355 invotis
1495 2324 1578 2352 habet
1595 2324 1735 2351 hominem
1762 2331 1778 2350 n
1801 2331 1844 2349 νι-

1054 2373 1108 2396 tam
1122 2369 1213 2396 denuo
1229 2369 1372 2402 reducere,
1388 2376 1470 2405 atque
1488 2370 1651 2397 adhortatur
1665 2376 1729 2395 eum
1743 2368 1844 2395 iterum

1054 2413 1088 2440 ad
1110 2413 1214 2441 luctum
1231 2419 1259 2442 et
1281 2415 1510 2450 resipiscentiam.
1529 2415 1577 2443 Sin
1595 2423 1661 2442 vero
1674 2419 1843 2449 perseveret,

1055 2458 1090 2486 ad
1106 2460 1210 2487 luctum
1233 2465 1261 2487 et
1288 2461 1479 2495 pwnitentiam
1498 2461 1599 2488 iterum
1616 2461 1741 2488 hortatur
1756 2461 1845 2489 homi-

1055 2513 1130 2538 nem,
1146 2510 1177 2533 ut
1202 2506 1348 2541 resipiscat
1378 2511 1489 2542 propter
1518 2515 1561 2540 ea,
1587 2515 1648 2542 quae
1676 2508 1743 2534 olim
1770 2506 1843 2535 εἰθιί-

1055 2553 1125 2590 quit.

1095 2599 1149 2634 57
1162 2599 1255 2626 XVIII.
1267 2599 1456 2635 Interrogatio.
1480 2599 1574 2627 Utrum
1585 2600 1706 2635 perfectis
1724 2600 1843 2627 imminet

1056 2645 1165 2680 afﬂictio
1179 2650 1226 2672 aut
1245 2644 1408 2678 bellum,aut
1422 2646 1524 2681 penitus
1537 2654 1627 2673 secure
1636 2647 1725 2673 vivunt
1733 2646 1747 2672 ?

1090 2691 1243 2727 Responsio.
1262 2692 1354 2720 Hostis
1365 2693 1467 2720 nemini
1484 2693 1587 2720 bellum
1605 2693 1708 2720 inferre
1722 2692 1845 2720 desinit:

1056 2737 1171 2766 Satanas
1189 2746 1256 2766 vero
1279 2738 1477 2767 immisericors
1499 2743 1552 2772 est,
1572 2743 1600 2766 et
1620 2739 1680 2766 odit
1704 2739 1845 2771 homines;

1056 2789 1226 2821 quapropter
1253 2785 1336 2813 etiam
1360 2785 1489 2813 omnibus
1514 2784 1675 2814 hominibus
1690 2784 1792 2812 bellum
1806 2784 1848 2812 in-
