2078 3151
235 164 286 198 581

852 168 883 199 S.
903 168 1066 199 MACARII
1083 167 1244 198 IEGYPTII

1810 168 1862 201 588

235 224 307 251 ferre
320 231 375 252 non
387 223 528 260 pigrescit.
542 224 643 252 Verum
656 232 712 253 non
725 225 825 254 iisdem
839 226 928 254 modis
942 226 1021 254 vide-

1084 226 1147 253 Αλλ⁹
1163 227 1193 254 οὐ
1207 227 1255 254 τοῖα
1275 226 1366 258 αὐτοῖς
1383 225 1494 262 μέτροις
1511 225 1638 261 φαίνεται
1651 225 1744 253 πᾶσαν
1758 225 1862 254 ἐπιών

235 272 282 297 tur
305 277 401 297 omnes
426 270 539 297 adoriri.
555 271 681 299 Prmfecti
700 272 774 300 enim
794 279 827 300 ac
839 273 954 300 comites
970 273 1022 300 tri-

236 315 302 343 buta
319 315 444 350 pendunt
453 315 522 351 regi;
535 323 632 344 verum
644 316 689 343 hic
698 317 818 344 conlisus
832 317 936 344 divitiis
952 317 1022 349 suis,

237 368 305 388 auro
327 366 410 396 atque
430 366 554 396 argento,
568 366 696 397 tanquam
709 370 743 390 ex
756 369 789 389 eo
800 362 874 398 quod
889 362 1021 396 abundat,

238 414 286 433 sua
296 407 396 434 tributa
405 407 518 442 colligit,
530 408 623 435 damni
635 408 740 435 ratione
749 416 803 435 non
812 408 915 436 habita.
924 409 1025 442 Quem-

237 452 383 479 admodum
411 453 496 486 enim,
521 453 570 488 qui
596 454 796 490 eleemosynam
813 454 928 489 pnebet,
948 455 1025 482 nullo

239 499 320 526 modo
339 499 475 534 jacturam
499 504 626 535 reputat:
641 501 681 528 sic
705 508 816 536 quoque
841 501 955 528 Satanas
974 501 1025 528 ista

239 549 368 580 tanquam
381 546 433 573 sibi
450 546 589 581 superﬂua
607 547 746 581 proponit.
759 547 896 574 Caeterum
909 551 952 574 est
963 547 1026 582 qui-

239 590 302 618 dam
316 599 430 626 pauper,
448 592 596 619 destitutus
620 592 683 620 cibo
698 592 870 627 quotidiano.
886 592 936 620 llic
955 593 1025 620 allii-

240 637 314 672 gitur
326 642 354 665 et
368 643 523 673 torquetur,
535 647 586 666 nec
600 644 690 674 potest
701 647 770 674 opus
782 639 849 667 illud
863 639 1024 674 adimplere.

242 683 289 710 Est
314 691 434 718 quoque,
461 684 509 719 qui
535 685 664 711 atteritur
679 685 813 720 angustiis
827 690 854 713 et
869 689 1024 720 torquetur,

242 736 294 756 nec
308 734 398 757 tamen
422 730 550 758 moritur.
567 730 615 757 Est
629 738 739 765 quoque
754 731 834 763 alius,
849 731 896 766 qui
913 735 1027 766 propter

242 775 357 803 verbum
379 776 490 804 unicum
508 776 607 811 capitis
627 776 762 811 supplicio
779 776 984 812 allicijuhetur,
999 780 1028 804 et

243 822 325 858 perit.
342 822 388 850 Sic
404 830 514 857 quoque
530 823 603 850 inter
613 822 784 850 Christianos
797 828 872 856 sunt,
885 823 932 858 qui
946 823 1029 851 vehe-

243 871 351 896 menter
371 868 567 904 imp‘ugnantur
581 876 613 896 ac
626 869 791 896 vellicantur
804 877 820 896 a
842 873 971 904 peccato:
986 873 1028 897 at—

243 924 297 951 que
315 917 428 952 in3nper
439 917 530 944 adhuc
542 917 570 944 in
585 917 657 944 bello
671 922 699 944 et
715 917 799 944 robur
812 922 840 945 et
854 917 1028 953 prudentiam
1045 906 1066 934 Β

244 961 297 990 sibi
316 962 474 995 conciliant,
495 963 596 998 spretis
620 963 842 990 adversariorum
863 963 1030 990 viribuszet

244 1013 371 1044 expertes
385 1009 437 1036 hac
453 1008 481 1035 in
505 1012 583 1044 parte
606 1012 670 1036 sunt
685 1008 811 1043 periculi,
834 1009 898 1043 quia
914 1009 982 1036 certi
997 1016 1030 1036 ac

245 1052 316 1079 ﬁrmi
334 1056 399 1080 sunt
421 1052 454 1079 de
479 1052 568 1080 salute
584 1059 644 1084 sua,
663 1060 696 1079 eo
705 1052 778 1087 quod
793 1052 871 1079 valde
887 1052 1029 1080 exercitati

245 1103 310 1126 sunt
323 1099 350 1127 in
371 1099 443 1127 bello
456 1099 589 1127 adversus
603 1099 679 1132 vitia,
694 1104 722 1127 et
735 1099 904 1134 experientia
927 1099 1029 1126 edocti.

245 1145 383 1173 Habentes
405 1146 498 1180 itaque
521 1146 606 1173 Deum
632 1145 704 1181 apud
726 1153 796 1177 sese.
826 1145 984 1180 diriguntur
998 1152 1031 1172 ac

245 1192 431 1227 requiescunt.

279 1237 352 1266 XIX.
369 1239 422 1266 Alii
445 1246 513 1266 vero
536 1247 677 1274 nunquam
694 1239 849 1272 exercitati,
863 1239 885 1266 si
902 1239 930 1266 in
945 1246 1031 1274 angu-

245 1283 324 1310 stiam
354 1284 473 1319 aliquam
506 1283 663 1318 inciderint,
686 1288 733 1311 aut
759 1288 903 1311 moveatur
916 1284 1029 1316 bellum,

246 1330 378 1357 continuo
399 1329 426 1357 in
451 1330 603 1365 perniciem
624 1334 671 1357 aut
688 1330 830 1357 interitum
852 1329 1029 1357 delabuntur.

246 1376 364 1404 Perinde
387 1383 419 1403 ac
431 1376 478 1411 qui
496 1376 708 1411 proﬁciscuntur
721 1376 748 1403 in
761 1376 911 1408 civitatem,
928 1376 1032 1403 amicos

246 1415 363 1447 invisui'i
378 1426 405 1447 et
417 1420 566 1448 familiares
577 1428 653 1451 suos,
669 1420 795 1455 quamvis
812 1420 906 1448 multis
920 1421 947 1447 in
961 1428 1033 1448 nun-

247 1465 320 1493 dinis
336 1471 494 1498 occurrant,
520 1473 575 1493 non
601 1470 691 1494 tamen
715 1466 802 1494 abiis
825 1466 1030 1501 impediuntur;

247 1519 347 1548 scopus
361 1512 434 1539 enim
450 1512 560 1539 illorum
579 1516 631 1544 est,
651 1516 682 1539 ut
696 1513 800 1540 amicos
810 1512 975 1540 conveniant
985 1521 992 1539 :
1004 1516 1032 1540 et

1075 273 1122 300 καὶ
1135 273 1189 308 γὰρ
1204 273 1319 309 ἔπαρχοι
1333 273 1382 300 καὶ
1397 272 1516 307 κόμητες
1530 271 1630 307 φόρους
1644 271 1747 298 διδόασι
1763 272 1803 307 τῷ
1814 272 1864 307 βα-

1076 318 1155 351 σιλεῖ,
1177 318 1234 345 ἀλλ’
1249 314 1327 350 οὗτος
1349 317 1460 353 θαρῤὦν
1475 317 1514 352 τῷ
1529 316 1638 352 πλούτῳ
1653 316 1748 350 αὑτοῦ,
1763 317 1811 344 καὶ
1824 316 1864 352 τῷ

1075 364 1185 400 χρυσῷ,
1203 364 1251 391 καὶ
1271 364 1309 399 τῷ
1330 362 1443 400 ἀργύρῳ
1463 363 1500 393 ὡς
1515 363 1547 390 ὲκ
1564 363 1618 389 τῶν
1634 363 1864 398 περισσευμᾶτων

1075 411 1159 438 αὐτοῦ
1171 411 1289 437 ποιεῖται
1302 410 1352 442 τὰς
1363 409 1527 441 συντελείας,
1542 409 1572 435 οὒ
1586 408 1688 443 ζημίαν
1701 408 1862 444 ἡγούμενος.

1077 457 1183 490 Ὠσπερ
1211 456 1267 492 γὰρ
1284 456 1298 482 ό
1315 455 1398 482 ποιῶν
1415 454 1602 491 ἐλεημοσύνην
1616 454 1744 482 οὐδέποτε
1756 455 1863 491 ἡγεῖται

1077 502 1194 538 ζημίαν·
1207 501 1278 528 οὕτω
1291 501 1338 528 καὶ
1353 501 1366 528 ό
1378 500 1511 533 Σατανᾶς,
1525 499 1563 532 ὼς
1578 501 1610 526 ὲκ
1621 500 1761 536 παρέργου
1777 499 1863 526 ταῦτα

1076 549 1194 584 ἡγεῖται.
1215 548 1294 574 Ἔστι
1313 547 1342 574 δὲ
1358 546 1467 582 πτωχὸς
1493 546 1654 582 λειπόμενος
1675 546 1779 582 τροφῆς
1797 547 1865 581 ὲφη-

1078 596 1164 631 μέρου
1184 603 1193 611 ·
1214 590 1292 626 οὗτος
1318 593 1478 629 μαστίζεται
1499 593 1546 620 καὶ
1563 592 1747 629 βασανίζεται,
1765 591 1802 628 μὴ
1817 591 1863 617 δυ-

1077 641 1192 676 νάμενος
1215 641 1303 668 ἐκεῖνο
1327 640 1358 666 τὸ
1383 639 1552 674 συντέλεσμσ.
1578 638 1795 674 ἀποπληρῶσαι-
1816 638 1864 665 καὶ

1078 687 1137 715 ἔστι
1152 687 1279 723 ξεόμενος
1302 686 1348 713 καὶ
1369 684 1583 721 βασανιζόμενος
1597 684 1735 720 χαλεπῶς,
1752 685 1801 711 καὶ
1813 685 1864 711 οὐκ

1077 733 1254 769 ἀποθνήσκει.
1272 733 1327 759 Καὶ
1342 731 1415 758 ἔστιν
1428 731 1517 764 ἀλλος,
1535 731 1577 757 ὅτι
1594 731 1641 758 καὶ
1657 731 1711 758 ἀπὸ
1728 731 1792 766 μιᾶς
1810 731 1864 766 φά-

1079 788 1148 812 σεως
1176 778 1316 806 κελεύεται
1339 777 1610 813 ἀποκεφαλισθῆναι,
1633 777 1681 804 καὶ
1704 777 1863 804 ἀπόλλυται.

1079 825 1172 856 Οὕτως
1185 824 1231 851 καὶ
1244 824 1283 855 είς
1295 824 1358 855 τοὺς
1373 823 1552 858 Χριστιανούς
1567 822 1636 848 είσιν
1652 822 1772 858 ἰσχυρῶς
1783 822 1864 849 πολε-

1082 870 1212 906 μούμενοι
1236 870 1283 897 καὶ
1303 868 1425 904 ξεόμενοι
1451 868 1502 895 ὑπὸ
1518 868 1566 903 τῆς
1584 868 1724 904 ἁμαρτίας
1738 876 1747 884 ·
1764 869 1811 895 καὶ
1824 868 1865 895 ἔτι

1081 918 1121 949 είς
1131 917 1194 947 τοὺς
1207 915 1342 949 πολέμους
1353 914 1527 950 περεοῦνται
1538 914 1586 941 καὶ
1600 913 1766 949 σοφίζονται,
1783 922 1866 942 κατα-

1081 961 1242 997 φρονοῦντες
1258 960 1310 996 τῆς
1331 960 1456 991 ἐναντίας
1470 960 1624 995 δυνάμεως,
1642 959 1689 986 καὶ
1711 959 1761 986 οὐκ
1774 959 1866 994 ἔχουσι

1080 1009 1202 1036 κίνδυνον
1227 1009 1256 1035 ὲν
1274 1006 1361 1042 τούτῳ
1382 1006 1422 1042 τῷ
1449 1006 1538 1041 μέρει,
1553 1006 1596 1033 ὅτι
1613 1005 1733 1034 ἄπτωτοί
1750 1006 1804 1032 είσι
1817 1004 1866 1032 καὶ

1080 1053 1274 1089 ἀσφαλίζονται
1296 1053 1361 1088 περὶ
1380 1053 1431 1086 τῆς
1455 1053 1560 1080 ἑαυτῶν
1587 1053 1741 1088 σωτηρίας,
1769 1045 1813 1078 διὰ
1834 1051 1866 1078 τδ

1081 1100 1210 1132 πολλάκις
1228 1098 1416 1134 γεγυμνᾶσθαι
1442 1099 1471 1124 ὲν
1493 1097 1533 1134 τῷ
1549 1098 1662 1134 πολέμῳ
1685 1099 1736 1134 τῆς
1750 1098 1866 1129 κακίας.

1080 1146 1128 1173 καὶ
1150 1146 1300 1181 ἐμπείρους
1323 1143 1499 1180 γεγενῆσθαι.
1529 1145 1655 1180 Ἔχοντες
1679 1144 1708 1171 δὲ
1730 1144 1777 1171 τὸν
1799 1143 1866 1170 Θεδν

1083 1191 1142 1228 μεθ’
1157 1191 1271 1225 ἑαυτῶν,
1286 1191 1445 1226 όδηγοῦνται
1459 1191 1506 1218 καὶ
1519 1191 1714 1218 ἀναπαύονται.

1117 1238 1167 1266 ΙΘ’.
1195 1238 1287 1265 Ἀλλοι
1311 1237 1341 1264 δὲ
1367 1237 1479 1273 μηδέπω
1504 1237 1725 1272 γυμνασθέντες,
1742 1237 1783 1269 είς
1800 1235 1867 1271 μίαν

1082 1285 1171 1321 θλίψιν
1185 1285 1232 1312 ἐὰν
1244 1285 1384 1320 ἐμπέσωσι
1400 1285 1447 1312 καὶ
1461 1285 1605 1321 ὲπικινηθῇ
1620 1285 1750 1320 πόλεμος,
1767 1284 1868 1315 εὐθέως

1082 1330 1298 1360 καταπίπτουσιν
1313 1331 1352 1362 εἰς
1365 1330 1476 1365 ίἇλεθρον
1492 1330 1540 1357 καὶ
1556 1329 1694 1357 ἀπώλειαν
1711 1337 1718 1345 ·
1735 1329 1830 1364 ὥσπερ
1841 1328 1867 1355 οἱ

1081 1377 1246 1409 διοδεύοντες
1263 1377 1292 1404 ὲν
1307 1377 1395 1409 πόλει,
1411 1377 1533 1408 θέλοντες
1549 1376 1612 1403 ἰδεῖν
1634 1376 1696 1407 τοὺς
1710 1375 1868 1410 ἁγαπητοῦς

1082 1422 1174 1450 αὐτῶν
1187 1423 1234 1449 καὶ
1245 1422 1410 1459 γνωρίμους,
1428 1422 1452 1449 εί
1467 1422 1515 1448 καὶ
1529 1421 1635 1453 πολλοῖς
1651 1421 1818 1448 συναντῶσιν
1839 1422 1869 1448 ὲν

1082 1469 1142 1500 ταῖς
1164 1469 1286 1503 ἀγοραῖς,
1306 1468 1357 1494 οὐκ
1369 1467 1561 1503 ἐμποδίζονται
1583 1467 1627 1494 ὕπ’
1642 1467 1731 1494 αὐτῶν
1749 1475 1757 1483 ο
1777 1466 1869 1502 ἔχουσι

1083 1515 1138 1550 γὰρ
1149 1514 1248 1541 σκοπὸν
1258 1514 1306 1540 τοῦ
1317 1515 1374 1546 τοῖς
1385 1514 1472 1549 φίλοις
1486 1515 1606 1549 ἐντυχεῖν
1615 1522 1621 1529 ·
1634 1514 1681 1540 καὶ
1695 1514 1759 1540 ὃταν
1770 1513 1868 1546 ἔξωθεν

248 1566 310 1586 cum
336 1557 406 1585 foris
426 1558 537 1593 januam
560 1558 729 1593 pulsaverint
742 1566 775 1586 ac
787 1559 957 1592 vocaverint,
976 1559 1031 1587 laeti

1085 1562 1223 1597 κρούσωσι
1244 1560 1294 1596 τὴν
1312 1560 1397 1596 θύραν
1409 1562 1456 1588 καὶ
1472 1561 1621 1593 καλέσωσι,
1637 1561 1778 1596 χαίροντες
1794 1559 1869 1586 ἀνοί-

248 1604 377 1639 aperiunt
396 1604 478 1631 amici
504 1604 614 1631 illorum
626 1625 633 1637 ,
651 1605 693 1633 sin
710 1612 776 1632 vero
794 1604 916 1632 haereant
927 1605 954 1632 in
967 1605 1034 1634 foris

249 1655 278 1678 ct
290 1651 397 1686 plateis,
413 1657 441 1679 et
458 1651 609 1679 illudantur
631 1656 678 1679 aut
698 1652 868 1679 retineantur
878 1651 912 1679 ab
927 1651 971 1685 iis,
987 1651 1034 1686 qui

250 1699 394 1727 ocurrunt,
411 1695 566 1723 occluditur
579 1696 662 1731 janua
675 1700 703 1723 et
714 1703 794 1722 nemo
806 1695 860 1723 illis
870 1696 973 1730 aperit:
987 1696 1035 1728 ita,

250 1740 297 1776 qul
313 1740 347 1767 ad
372 1741 518 1768 Dominum
539 1746 662 1769 nostrum
676 1741 768 1769 Jesum
788 1741 927 1769 Christum
940 1750 1035 1769 verum

252 1788 383 1820 amicum,
394 1788 495 1815 vadere
507 1788 697 1822 impelluntur,
715 1792 813 1816 caetera
828 1789 920 1816 omnia
935 1789 1037 1816 debent

253 1838 430 1862 contemnere
448 1838 476 1860 et
493 1833 645 1868 despicere.
664 1834 699 1861 Et
720 1835 963 1869 quemadmodum,
989 1835 1036 1871 qui

253 1879 382 1914 palatium
410 1879 601 1915 ingrediuntur
623 1887 714 1915 regem
733 1880 829 1913 visuri,
847 1881 904 1908 sive
921 1881 974 1913 sint
989 1889 1037 1908 co-

252 1927 344 1959 mites,
357 1926 415 1954 sivc
429 1927 570 1962 praesides,
585 1927 663 1955 valde
676 1932 812 1961 metuunt,
826 1929 964 1964 quomoda
982 1929 1038 1957 sint

254 1973 425 2008 responsuri,
440 1977 468 2000 et
491 1981 525 2000 ne
547 1973 575 2000 in
601 1973 794 2009 respondendo
807 1974 887 2009 lapsi,
905 1975 933 2002 in
946 1983 1039 2010 repre-

254 2017 415 2045 hensionem
427 2023 455 2045 et
471 2018 637 2053 supplicium
651 2019 792 2052 incidant;
809 2020 908 2047 rustici
925 2027 991 2048 vero
1006 2027 1039 2048 ac

252 2061 354 2098 plebeii
370 2062 505 2095 homines,
516 2062 563 2097 qui
575 2070 714 2098 nunquam
725 2063 878 2098 principem
890 2071 1039 2099 conspexe-

253 2114 295 2140 re,
308 2107 376 2134 nihil
390 2108 501 2135 solliciti
515 2112 579 2135 sunt
594 2116 600 2134 :
614 2108 654 2135 sic
664 2115 774 2143 quoque
790 2109 908 2136 mundus
923 2109 978 2141 hic,
991 2110 1038 2145 qui

252 2153 305 2181 sub
315 2153 392 2181 caelis
403 2158 455 2186 est,
466 2161 482 2181 a
494 2154 604 2186 regibus
614 2154 646 2181 ad
660 2162 795 2189 pauperes
808 2163 893 2189 usque
904 2163 932 2182 se
944 2156 1039 2184 habet.

252 2199 320 2227 Cum
335 2200 449 2235 gloriam
460 2199 561 2227 Christi
578 2200 714 2235 ignorent,
730 2209 823 2228 curam
834 2205 933 2236 gerunt
946 2209 1039 2229 rerum

1086 1616 1181 1642 γουσιν
1203 1607 1227 1633 οἱ
1254 1607 1390 1640 ἀγαπητοὶ
1413 1606 1522 1634 αὐτῶν
1546 1607 1571 1633 εἰ
1593 1607 1621 1633 δὲ
1637 1606 1821 1641 ἀπομείνωσιν
1840 1607 1870 1632 ἐν

1085 1653 1146 1684 ταῖς
1160 1652 1284 1688 ἀγοραῖς,
1301 1652 1347 1678 καὶ
1369 1651 1565 1687 χλευάζωνται,
1580 1653 1640 1688 ἦτοι
1659 1652 1802 1687 ὲπὲχονται
1817 1650 1870 1678 ἀπὸ

1085 1696 1140 1724 τῶν
1162 1696 1358 1728 ἀπαντώντων,
1385 1697 1563 1723 ἀποκλείεται
1584 1698 1601 1732 ἡ
1625 1696 1709 1732 Θύρα,
1723 1697 1769 1724 καὶ
1785 1696 1872 1728 οὐδεὶς

1087 1744 1179 1776 αὐτοῖς
1209 1744 1327 1778 ἀνοίγειθ
1353 1743 1439 1775 οὕτως
1465 1745 1510 1770 καὶ
1531 1744 1556 1770 οί
1577 1743 1645 1779 πρὸς
1666 1744 1713 1770 τδν
1733 1742 1872 1776 Δεσπότην

1086 1790 1165 1825 ὴμῶν
1181 1790 1297 1826 Χριστὸν
1309 1789 1352 1817 τὸν
1365 1789 1452 1821 ὖντως
1469 1790 1608 1825 ἀγαπητὸν
1620 1789 1789 1825 ἐπειγόμενοι
1800 1789 1872 1823 φθά-

1089 1845 1146 1870 σαι,
1163 1837 1217 1864 τῶν
1232 1836 1320 1864 ἄλλων
1337 1837 1464 1863 ἁπάντων
1477 1836 1613 1870 ὀφείλουσι
1631 1836 1811 1871 καταφρονεῖν
1824 1835 1873 1862 καὶ

1088 1883 1238 1920 ὕπερορᾷν.
1259 1884 1308 1910 ’ον
1325 1882 1354 1909 δὲ
1368 1882 1469 1917 τρόπον
1485 1882 1509 1909 ot
1525 1882 1710 1918 εἰσερχόμενοι
1725 1883 1766 1914 εις
1779 1881 1808 1908 τὺ
1821 1889 1869 1908 πα-

1087 1929 1180 1956 λάτιον
1192 1929 1262 1965 πρὸς
1272 1928 1317 1956 τὸν
1328 1927 1450 1964 βασιλέα,
1463 1928 1583 1964 κόμητες
1601 1928 1650 1963 μὲν
1669 1927 1770 1963 ὄντεςῆ
1791 1927 1873 1962 ἔπαρ-

1088 1982 1143 2009 χοι,
1158 1973 1211 2000 ὑπὸ
1229 1972 1311 2008 φόϐον
1325 1971 1410 2000 πολύν
1427 1973 1492 2004 εἰσι,
1511 1971 1570 2004 πῶς
1584 1972 1636 2004 τὰς
1648 1972 1808 2008 ἀποκρίσεις
1822 1970 1874 1998 δώ-

1090 2028 1177 2052 σουσι,
1196 2019 1246 2046 καὶ
1260 2018 1297 2054 μὴ
1311 2018 1342 2045 ὲν
1362 2019 1395 2054 τῇ
1411 2017 1543 2055 ἀπολογίᾳ
1557 2018 1721 2051 πταίσαντες
1740 2018 1780 2050 είς
1796 2017 1874 2052 λόγον

1089 2065 1137 2092 καὶ
1152 2065 1288 2100 τιμωρίαν
1299 2064 1488 2101 ὑποϐληθῶσιν
1502 2072 1510 2080 ·
1523 2064 1649 2112 ἄγροικοι.
1660 2065 1690 2092 δὲ
1702 2064 1749 2092 καὶ
1771 2064 1874 2092 ίδιῶται

1089 2111 1177 2143 ὄντες,
1199 2111 1222 2136 ot
1248 2110 1382 2145 μηδέποτε
1407 2110 1571 2147 θεασάμενοι
1588 2110 1721 2147 ἄρχοντα,
1752 2111 1782 2137 ἐν
1804 2111 1875 2146 ἀμε-

1091 2154 1185 2191 ριμνίᾳ
1200 2155 1339 2189 διάγουσιν
1349 2163 1357 2171 ·
1372 2154 1443 2182 οὕτω
1462 2155 1494 2191 δὴ
1509 2156 1557 2183 καὶ
1570 2157 1584 2183 ὁ
1597 2156 1699 2191 κόσμος
1714 2153 1790 2185 οὗτος
1799 2155 1813 2181 6
1823 2154 1875 2182 ὑπὸ

1090 2202 1144 2228 τῶν
1166 2201 1289 2237 οὐρανῶν
1311 2201 1365 2229 ἀπὸ
1380 2201 1512 2237 βασιλέων
1534 2202 1586 2233 ἕως
1609 2202 1736 2237 πτωχῶν.
1755 2201 1811 2236 Τὴν
1825 2201 1874 2229 τοῦ

252 2245 443 2274 srecularium:
457 2254 507 2274 nec
520 2247 575 2274 cito
591 2247 654 2282 quis
665 2246 825 2274 recordatur
833 2247 918 2274 divini
928 2247 1033 2282 judicii.

1090 2247 1209 2283 Χριστοῦ
1224 2247 1303 2279 δόξαν
1313 2247 1483 2282 ἀγνοοῦντες,
1497 2247 1546 2283 τὴν
1558 2246 1692 2283 μέριμναν
1705 2246 1796 2284 ιχουσι
1811 2247 1876 2282 περὶ

252 2290 305 2325 Qui
319 2298 385 2320 vero
403 2292 617 2328 cogitationibus
638 2293 672 2320 ad
687 2293 807 2320 tribunal
822 2293 925 2321 Christi
940 2302 1038 2322 ascen-

253 2336 333 2369 dunt,
357 2337 403 2364 ubi
428 2342 471 2365 est
487 2338 604 2366 thronus
618 2339 688 2374 ejus,
712 2339 778 2367 etin
805 2340 865 2375 ejus
889 2345 1039 2375 conspectu

252 2387 387 2418 perpetuo
421 2389 496 2418 sunt,
524 2391 633 2419 semper
655 2390 781 2413 metuunt
796 2394 828 2414 ac
854 2391 986 2421 tremunt,
1005 2395 1040 2415 ne

253 2430 352 2465 quovis
366 2435 449 2466 pacto
463 2431 591 2458 aberrent
610 2439 625 2458 a
645 2432 748 2459 sanctis
759 2432 819 2468 ejus
831 2433 985 2468 pneccptis.

291 2561 349 2589 XX.
364 2562 399 2591 Et
413 2563 644 2598 quemadmodum
667 2564 767 2592 divites
786 2565 814 2593 in
841 2571 926 2600 terra,
951 2567 1040 2595 sicubi

255 2608 359 2636 multos
381 2608 490 2636 fructus
514 2609 543 2637 in
570 2610 672 2639 horreo
687 2619 738 2639 suo
751 2613 936 2647 reposuerint,
950 2613 1041 2641 denuo

255 2655 386 2690 majorem
401 2655 525 2684 laborem
539 2657 655 2693 singulis
665 2657 763 2686 diebus
780 2663 904 2691 sumunt,
920 2663 950 2686 ut
964 2659 1041 2688 locu-

255 2701 387 2736 pletiores
399 2701 467 2735 sint,
483 2706 512 2730 et
534 2710 589 2730 non
604 2703 755 2732 deﬁciant:
781 2705 804 2732 si
819 2712 884 2732 vero
897 2705 997 2740 opibus
1013 2706 1041 2733 in

256 2747 356 2775 horreo
377 2748 528 2777 reconditis
552 2749 628 2783 freti,
652 2750 720 2778 alias
736 2751 866 2786 colligere
890 2752 1040 2788 negligant,

255 2801 299 2826 ac,
315 2801 377 2830 qua:
405 2795 525 2830 reposita
545 2801 634 2829 erant,
659 2802 833 2831 consumant,
858 2799 990 2826 continuo
1014 2799 1042 2826 in

255 2844 444 2876 paupertatem
461 2846 489 2869 et
504 2842 623 2877 inopiam
637 2843 774 2871 incidunt.
788 2844 939 2878 Propterea
954 2845 1042 2880 pert-ia

257 2886 364 2921 pientes
387 2895 420 2916 ac
437 2888 588 2917 inlerentcs
608 2889 715 2917 fructus
731 2890 834 2918 deban
859 2898 969 2926 operam
993 2900 1042 2919 na-

1089 2294 1143 2322 τῶν
1159 2293 1293 2329 βιωτικῶν
1309 2293 1496 2328 πραγμάτων·
1511 2293 1542 2320 οὑ
1558 2293 1663 2329 ταχέως
1672 2293 1702 2320 δέ
1714 2301 1756 2325 τις
1773 2292 1877 2328 μέμνη-

1088 2349 1135 2367 ται
1147 2340 1198 2376 τῆς
1211 2340 1318 2376 ἡμέρας
1333 2341 1383 2375 τῆς
1402 2340 1529 2376 κρίσεως.
1546 2340 1578 2366 Ut
1595 2339 1624 2366 δὲ
1639 2339 1824 2375 εἰσερχόμενοι
1837 2337 1877 2374 τῷ

1089 2385 1214 2421 λογισμῷ
1227 2386 1274 2417 εἰς’
1281 2385 1312 2411 τδ
1327 2384 1404 2420 βῆμα
1412 2385 1460 2411 τοῦ
1474 2384 1604 2420 Χριστοῦ,
1614 2384 1681 2411 ὅπου
1693 2384 1768 2411 εστὶν
1783 2385 1798 2411 ό
1813 2383 1886 2419 θρόαὲ

1090 2439 1135 2463 νος
1159 2429 1253 2462 αὑτοῦ,
1274 2430 1322 2457 καὶ
1337 2430 1480 2457 κατέναντι
1500 2429 1584 2457 αὐτοῦ
1606 2429 1652 2456 διὰ
1669 2428 1772 2461 παντὸς
1786 2429 1876 2461 ὕντες.

1091 2477 1144 2504 ὑπο
1155 2476 1236 2512 φόϐον
1258 2477 1305 2503 καὶ
1320 2476 1420 2512 τρόμον
1435 2476 1504 2503 είσὶν
1522 2476 1578 2510 ἀεὶ,
1589 2475 1636 2503 τοῦ
1650 2476 1689 2512 μή
1702 2484 1729 2503 τι
1743 2475 1877 2510 σφαλῆναι

1091 2524 1155 2560 περὶ
1167 2523 1215 2555 τὰς
1230 2523 1309 2557 ἁγίας
1324 2523 1407 2549 αὑτοῦ
1422 2523 1540 2555 ἐντολάς.

1127 2571 1171 2598 ις’.
1191 2570 1246 2597 Καὶ
1256 2569 1350 2605 ὥσπερ
1365 2570 1390 2596 οι
1405 2569 1527 2596 πλούσιοι
1543 2569 1594 2604 τῆς
1609 2569 1671 2605 γῆς,
1686 2569 1751 2595 ὃταν
1762 2566 1878 2599 πολλοὺς

1092 2615 1215 2651 καρποὺς
1230 2615 1423 2650 εἰσενέγκωσιν
1437 2615 1476 2647 είς
1491 2615 1542 2647 τὰς
1554 2615 1696 2650 ἀποθήκας
1709 2614 1810 2646 αὐτῶν,
1827 2613 1880 2640 πά-

1092 2662 1134 2688 λιν
1147 2660 1308 2696 ἐργάζονται
1324 2661 1385 2688 καθ’
1408 2661 1527 2697 ἑκάστην
1538 2661 1646 2697 ἡμέραν
1657 2661 1760 2693 πλεῖον,
1777 2660 1820 2687 ἳνα
1832 2659 1878 2686 εὐ-

1094 2707 1199 2743 πορῶσι
1221 2707 1268 2734 καὶ
1287 2707 1325 2742 μὴ
1347 2707 1536 2735 ὲλλείπωνται.
1562 2708 1593 2734 Εἰ
1607 2707 1637 2734 δὲ
1656 2706 1822 2743 θαρρήσουσι
1841 2704 1880 2740 τῷ

1094 2753 1298 2788 ἐναποκειμένῳ
1314 2754 1375 2785 ταῖς
1398 2753 1552 2789 ἁποθήκαις
1567 2752 1691 2788 πλούτῳ,
1713 2752 1760 2779 καὶ
1775 2750 1880 2787 ἀμελή-

1096 2808 1172 2826 σουσι
1187 2799 1225 2834 μὴ
1239 2799 1448 2833 ἔπισυνάγοντες
1465 2798 1569 2834 ἓτερον,
1582 2797 1653 2825 ἀλλὰ
1663 2796 1882 2824 καταναλίσκον-

1094 2855 1139 2877 τες
1154 2845 1189 2872 τὰ
1203 2844 1384 2879 ἀποκείμενα,
1397 2844 1500 2880 ταχέως
1519 2845 1558 2876 είς
1575 2843 1670 2870 πενίαν
1685 2843 1733 2869 καὶ
1743 2841 1882 2876 πτωχείαν

1096 2891 1291 2928 ἐμπίπτουσιν,
1308 2890 1391 2918 Ὅθεν
1414 2890 1638 2927 προσοδευὸμενοι
1650 2889 1697 2917 καὶ
1710 2888 1884 2929 εἰσφέροντες
