2078 3151
189 166 243 199 589

788 172 976 206 HOMILIIE.
991 186 1027 193 ·-
1041 174 1136 207 HOM.
1155 176 1217 209 XV.

1769 177 1827 212 δρα

162 243 168 250 ι
187 225 328 262 ὀφείλουσι
349 225 464 261 κάμνειν
477 227 523 253 καὶ
546 228 732 264 ἐπισυνάγειν,
747 230 791 257 tv:
812 231 850 266 μὴ
863 232 975 268 ὑστερη-

1031 240 1107 265 vare,
1123 233 1178 268 58
1196 238 1224 261 et
1247 241 1359 262 acervos
1381 236 1569 269 accumulare,
1595 244 1631 265 ne
1649 239 1820 273 paupertatis

190 274 284 300 θῶσιν.
303 273 395 305 Οὕτως
411 274 486 301 ἐστὶν
505 274 534 301 ἐν
550 274 589 310 τῷ
612 276 819 313 Χριστιανισμῷ
833 278 864 305 τὸ
878 279 980 313 γεύσα-

190 319 253 345 σθαί
273 329 333 346 τινα
357 320 408 354 τῆς
430 319 541 355 χάριτος
564 320 611 347 τοῦ
627 321 695 348 Θεοῦ
709 331 715 337 ·
734 323 894 350 reticasz
912 324 977 359 γὰρ,

191 366 273 401 φησὶ,
288 366 336 392 καί
348 366 426 392 ἴδετε
438 366 483 392 ὅτι
498 367 633 401 χρηστὸς
647 369 664 395 ό
680 369 798 403 Κύριος.
819 370 897 396 Ἐστι
913 370 942 396 δὲ
962 371 979 406 ἠ

191 411 285 445 γεῦσις
312 410 382 446 αὕτη
415 412 577 448 ἐνεργητικὴ
608 413 636 440 ὲν
661 414 833 450 πληροφορίᾳ
862 414 979 450 δύναμις

191 457 349 492 Πνεύματος
373 457 535 485 διακονοῦσα
560 460 589 486 ἐν
613 460 722 496 καρδίᾳ.
746 461 825 488 Ὅσοι
846 460 900 495 γὰρ
925 462 978 488 υἱοί

189 505 241 530 εἱσι
262 504 309 530 τοῦ
330 505 435 539 φωτὸς,
455 506 565 540 καὶτῆς
587 506 724 538 διακονίας
740 508 788 543 τῆς
807 508 905 542 καινῆς
919 508 977 535 δια-

188 551 276 586 θήκης
294 551 322 576 ἐν
341 550 380 586 τῷ
395 551 534 587 Πνεύματι
547 553 585 587 τῷ
600 553 678 588 ἁγίῳ,
695 551 766 580 οὗτοι
782 555 857 589 παρὰ
874 554 978 589 ἀνθρώ·

188 605 248 623 πων
264 596 340 623 οὐδὲν
356 598 539 632 μανθάνουσιι
555 598 720 626 θεοδίδακτοι
734 601 788 636 γάρ
806 601 884 627 εἰσιν.
903 601 976 637 Αὐτὴ

188 643 242 678 γὰρ
269 643 286 677 ἡ
316 643 396 678 χάρις
429 645 576 680 ἐπιγράφει
605 646 633 671 ὲν
649 647 710 676 ταῖς
738 646 863 681 καρδίαις
888 647 977 673 αὐτῶν

188 689 251 720 τοὺς
268 689 368 724 νόμους
381 690 428 716 τοῦ
448 690 613 726 [Ινεύματος.
629 691 686 718 Οὐκ
701 692 854 726 ὀφείλουσιν
874 692 920 719 οὖν
937 694 978 725 εἰς

187 735 237 767 ’τὰς
257 735 370 770 Γραφὰς
399 737 478 771 μόνον
500 737 548 767 τὰς
569 737 616 763 διὰ
644 738 758 773 μέλανος
781 739 978 773 γεγραμμένας

189 782 432 817 πληροφορείσθαι,
454 783 522 808 ἀλλὰ
537 784 583 809 καὶ
596 784 636 814 εὶς
655 784 703 814 τὰς
722 784 827 815 πλάκας
844 786 892 819 τῆς
908 794 977 820 καρ-

187 829 247 860 δίας
273 830 289 864 ἡ
316 830 395 864 χάρις
411 829 458 855 τοῦ
474 829 542 855 Θεοῦ
562 830 696 864 ἐγγράφει
720 831 783 861 τοὺς
805 830 905 865 νόμους
928 830 976 856 τοῦ

188 876 357 910 Πνεὺματος,
384 876 430 902 καὶ
457 876 492 903 τὰ
519 877 667 911 ἐπουράνια
696 878 847 912 μυστήρια·
880 878 896 911 ἡ
921 877 974 913 γὰρ

188 923 289 958 καρδία
305 923 466 958 ἡγεμονεύει
488 924 535 950 καὶ
552 923 688 958 βασιλεύει
711 924 772 950 ὅλου
787 924 834 949 τοῦ
850 932 973 958 σωματιυ

188 969 236 995 κοῦ
251 969 377 1004 ὀργάνου.
393 970 447 995 Καὶ
460 970 530 996 ἐπὰν
547 970 671 1005 κατάσχῃ
685 970 733 1001 τὰς
746 971 831 1006 νομὰς
843 971 892 1005 τῆς
908 979 976 1005 καρ-

187 1017 245 1048 δίας
262 1017 278 1051 ἡ
299 1016 389 1051 χάρις,
408 1016 544 1051 βασιλεύει
567 1016 635 1043 ὅλων
658 1018 712 1043 τῶν
736 1018 836 1052 μελῶν,
853 1020 900 1044 καὶ
922 1019 976 1045 τῶν

187 1063 325 1097 λογισμῶν
336 1071 342 1078 ·
369 1064 429 1089 ἐκεῖ
446 1064 500 1097 γὰρ
516 1064 590 1090 ἐστιν
613 1065 626 1090 6
642 1064 714 1097 νοῦς,
735 1066 781 1091 καὶ
795 1065 850 1091 ὅλοι
866 1066 889 1091 οἱ
901 1065 975 1099 λογι-

187 1110 251 1144 σμοὶ
274 1109 324 1144 τῆς
349 1109 438 1145 ψυχῆς
458 1111 504 1136 καὶ
532 1111 716 1146 ἡπροσδοκία
743 1113 838 1147 αὐτῆς.
865 1112 910 1138 Διὸ
929 1112 976 1138 καὶ

186 1155 321 1191 διέρχεται
337 1157 353 1191 ἡ
369 1156 449 1191 χάρις
463 1156 503 1188 εἰς
519 1156 567 1183 ὅλα
582 1157 616 1183 τὰ
634 1157 703 1192 μέλη
718 1158 764 1184 τοῦ
784 1158 921 1194 σώματος.

224 1202 289 1230 KA'.
306 1202 400 1234 Οὕτως
415 1202 496 1229 πάλιν
509 1203 566 1229 ὅσοι
579 1203 649 1230 εἰσὶν
665 1204 719 1230 υἱοὶ
732 1204 778 1231 τοῦ
793 1206 914 1237 σκότους,
929 1206 977 1240 βα-

188 1248 289 1275 σιλεύει
313 1249 363 1284 τῆς
384 1249 498 1284 καρδίας
523 1250 539 1283 ἡ
552 1250 686 1285 ἁμαρτία,
712 1251 759 1277 καὶ
778 1251 914 1286 διέρχεται
935 1253 975 1284 είς

189 1295 238 1322 ὅλα
262 1295 296 1322 τὰ
321 1296 402 1331 μέρη.
424 1296 475 1323 Ἐκ
499 1297 555 1331 γὰρ
579 1298 635 1331 τῆς
652 1297 776 1331 καρδίας
801 1298 975 1333 ἐξέρχονται

188 1341 376 1376 διαλογισμοί
388 1342 527 1377 πονηροί·
545 1343 592 1369 καὶ
607 1342 694 1375 οὕτως
710 1344 899 1380 ὑπεκχεομένη
914 1354 976 1372 σκο-

187 1389 257 1420 τίζει
270 1388 314 1414 τὸν
325 1388 477 1423 ἄνθρωπον.
489 1389 521 1416 Οἱ
534 1389 562 1415 δὲ
579 1389 615 1424 μὴ
629 1389 753 1424 λέγοντες
767 1388 837 1417 εἶναι
849 1391 880 1417 τὺ
891 1392 976 1418 κακὸν

189 1434 349 1470 σύντροφον,
367 1435 412 1462 καὶ
428 1436 592 1467 συναυξάνον
612 1436 650 1472 τῷ
671 1436 821 1472 ἀνθρώπῳ,
840 1439 909 1472 μήτε
925 1448 974 1472 με-

189 1483 341 1517 ριμνήσωσι
363 1482 427 1518 περὶ
453 1482 502 1517 τῆς
529 1482 634 1518 αὔριον,
664 1484 734 1519 μήτε
764 1484 973 1520 ἐπιθυμήσωσι·

188 1529 277 1565 καιρῷ
292 1529 345 1564 γάρ
363 1538 415 1556 τινι
430 1529 569 1556 ἐπαύσατο
581 1531 609 1556 ὲν
622 1530 714 1561 αὐτοῖς
729 1530 855 1565 ἐνοχλοῦν
869 1532 899 1557 τὸ
923 1540 974 1558 κα-

1027 279 1095 314 jugo
1117 285 1288 314 premantur.
1306 281 1364 308 lloc
1386 282 1467 309 modo
1483 283 1556 311 inter
1567 283 1740 311 Christianos
1754 291 1820 311 con-

1030 325 1120 360 tingit,
1138 330 1170 352 ut
1181 326 1244 361 quis
1258 326 1384 362 degustet
1396 328 1509 363 gratiam
1522 329 1569 356 Dei
1582 338 1589 356 :
1605 329 1716 356 Gustata
1731 330 1817 359 enim.

1030 372 1130 407 inquit,
1144 376 1168 399 et
1186 373 1270 399 uidete
1284 374 1408 408 quoniam
1429 375 1515 402 suavis
1526 380 1563 402 est
1578 375 1706 403 Dominus
1722 376 1756 402 ⁵⁸.
1768 376 1814 404 Est

1029 426 1121 448 autem
1136 421 1255 457 gustatio
1277 422 1335 449 haec
1350 422 1439 449 virtus
1462 422 1581 457 Spiritus
1601 424 1628 450 in
1643 424 1818 459 plenitudine
1857 420 1862 426 ’

1030 468 1092 495 ﬁdei
1111 475 1239 503 operans,
1260 476 1322 503 quae
1345 468 1373 495 in
1398 469 1482 496 corde
1499 470 1650 497 ministrat.
1676 471 1817 505 Quotquot

1028 513 1103 541 enim
1122 513 1170 540 ﬁlii
1190 518 1255 540 sunt
1266 513 1347 546 lucis,
1363 518 1391 540 et
1411 514 1557 541 ministerii
1581 515 1643 541 novi
1661 515 1815 542 testamenti

1029 568 1078 595 per
1096 560 1228 595 Spiritum
1255 565 1389 592 sanctum,
1407 560 1435 587 hi
1455 562 1487 588 ab
1512 561 1671 589 hominibus
1692 562 1760 589 nihil
1775 562 1817 589 di-

1029 612 1129 634 scunt:
1151 607 1241 634 edocti
1267 607 1342 634 enim
1362 615 1376 634 a
1399 608 1454 635 Deo
1476 613 1551 635 sunt.
1566 608 1626 642 Ipsa
1645 609 1717 635 enim
1729 609 1814 644 gratia

1028 653 1156 680 inscribit
1178 653 1205 680 in
1225 653 1354 681 cordibus
1375 654 1486 681 illorum
1502 654 1577 689 leges
1594 654 1725 689 Spiritus.
1754 655 1815 683 Non

1029 700 1112 735 igitur
1128 699 1230 727 debent
1254 700 1281 727 in
1306 700 1467 735 Scripturis,
1491 704 1645 728 atramento
1666 701 1754 728 solum
1769 702 1816 729 de-

1028 746 1147 781 scriptis,
1158 746 1265 780 plenam
1279 746 1384 773 ﬁducize
1396 754 1471 781 spem
1488 754 1608 781 ponere;
1624 755 1720 774 verum
1733 748 1815 786 etiam

1029 792 1057 819 in
1079 792 1179 819 tabulis
1198 792 1289 819 cordis
1306 793 1392 827 gratia
1407 792 1501 819 divina
1527 793 1654 820 inscribit
1667 793 1741 828 leges
1755 793 1816 828 Spi-

1029 837 1099 863 ritus
1119 841 1148 864 et
1164 836 1284 863 cmlestia
1303 837 1442 872 mysteria.
1459 837 1512 864 Cor
1527 837 1600 864 enim
1612 837 1706 872 dirigit
1721 845 1753 865 ac
1763 846 1813 873 gu-

1030 884 1128 910 bernat
1153 883 1282 910 universa
1309 883 1434 918 corporis
1455 892 1567 919 organa.
1596 884 1633 911 Ac
1662 884 1683 911 si
1714 893 1814 918 pascua

1028 931 1120 958 cordis
1133 930 1219 966 gratia
1234 931 1394 962 obtinuerit,
1412 931 1569 958 dotninatur
1588 931 1717 957 omnibus
1730 939 1814 958 mem-

1027 978 1085 1005 bris
1100 985 1132 1005 ac
1155 977 1378 1011 cogitationibus.
1398 976 1456 1003 Illic
1471 977 1545 1003 enim
1565 985 1644 1003 mens
1672 977 1769 1008 haeret,
1786 981 1814 1004 ct

1027 1031 1123 1051 omnes
1151 1024 1333 1059 cogitationes
1357 1023 1455 1050 animo:
1481 1024 1596 1058 ejusque
1614 1022 1724 1050 ﬁducia.
1739 1023 1813 1055 Qua-

1027 1075 1139 1107 propter
1155 1075 1283 1105 penetrat
1297 1070 1379 1098 etiam
1400 1069 1486 1105 gratia
1507 1070 1533 1096 in
1549 1070 1676 1097 universa
1690 1069 1815 1104 corporis

1029 1119 1163 1145 membra.

1062 1206 1133 1234 XXI.
1154 1206 1199 1233 Sic
1209 1214 1224 1233 e
1238 1206 1377 1234 contrario
1389 1209 1525 1240 quotquot
1537 1209 1601 1232 sunt
1619 1205 1667 1232 ﬁlii
1684 1205 1813 1232 tenebra-

1027 1260 1099 1283 rum,
1114 1260 1210 1279 eorum
1235 1251 1310 1278 cordi
1334 1251 1451 1286 imperat
1473 1255 1627 1285 peccatum,
1643 1258 1674 1277 ac
1688 1255 1814 1285 penetrat

1026 1298 1118 1326 omnia
1132 1298 1272 1324 membra:
1290 1297 1332 1323 Ea:
1347 1297 1423 1323 corde
1438 1297 1507 1323 enim
1528 1300 1623 1323 exeunt
1644 1297 1813 1332 cogitationes

1027 1344 1105 1372 male:
1118 1345 1159 1371 6“2
1180 1348 1208 1371 et
1235 1343 1272 1370 ila
1290 1343 1421 1370 diﬂ'usum
1451 1343 1573 1370 tenebris
1593 1342 1711 1370 oﬂ'undit
1726 1343 1814 1369 homi-

1027 1399 1099 1417 nem.
1114 1390 1165 1423 Qui
1193 1397 1258 1417 vero
1280 1393 1417 1421 asserunt,
1436 1388 1534 1415 vitium
1557 1396 1729 1423 nequaquam
1749 1396 1812 1415 cum

1027 1437 1137 1463 homine
1155 1436 1242 1464 foveri
1270 1440 1298 1463 et
1321 1443 1458 1468 crescere,
1482 1435 1522 1462 illi
1539 1443 1630 1470 neque
1643 1435 1676 1462 de
1692 1435 1813 1462 crastino

1026 1483 1135 1510 Solliciti
1155 1486 1228 1514 sunt,
1246 1490 1297 1509 nec
1316 1482 1539 1516 concupiscentia
1559 1481 1710 1508 ducuntur.
1730 1481 1814 1508 Certo

1026 1529 1099 1555 cnitn
1111 1534 1233 1563 tempore
1248 1528 1365 1555 cessavit
1378 1528 1438 1554 illos
1450 1528 1573 1555 molestia
1583 1527 1689 1555 allicere
1703 1527 1811 1558 vitium,

188 1575 245 1605 κὸν,
261 1574 322 1600 τινὰ
336 1574 484 1610 ἐπιθυμίαν
504 1575 655 1602 ὑποϐάλλον
666 1584 673 1590 ·
697 1576 766 1602 ὥστε
783 1577 811 1603 ἐν
826 1577 900 1612 ὅρκῳ
914 1578 971 1603 διοι-

1026 1575 1170 1609 quamdam
1199 1574 1450 1609 concupiscentiam
1466 1573 1648 1609 suggerendo,
1665 1577 1694 1600 ut
1712 1573 1812 1608 jureju-

187 1619 362 1647 ϐεϐαιοῦσθαι
377 1621 422 1646 τὴν
443 1620 597 1655 ἄνθρωπον,
617 1621 657 1647 ὅτι
672 1621 770 1647 Οὐκέτι
795 1621 974 1648 ἐπανίσταται

188 1675 233 1701 μοι
247 1668 276 1693 τὸ
289 1667 408 1693 τοιοῦτον
427 1666 512 1698 πάθος
526 1675 533 1681 ·
551 1668 599 1693 καὶ
617 1668 674 1702 μετ’
687 1667 777 1702 ὀλίγον
798 1668 893 1702 καιρὸν
909 1677 973 1694 κατ-

186 1711 254 1747 εκάη
270 1714 302 1747 τῇ
327 1712 476 1747 ἐπιθυμίᾳ,
499 1711 569 1738 ὥστε
585 1712 729 1747 εὑρεθῆναι
744 1713 824 1739 αὺτὸν
838 1713 906 1747 πρὸς
928 1714 974 1740 ἐπὶ

186 1758 290 1790 τούτοις
311 1760 358 1785 καὶ
382 1759 521 1793 ἐπίορκον.
544 1759 650 1793 Ὥσπερ
666 1759 721 1794 γὰρ
736 1759 769 1785 δι’
784 1759 880 1793 ὀχετοῦ
899 1760 973 1794 διέρ-

186 1814 263 1840 χεται
287 1805 369 1840 ὕδωρ,
386 1805 472 1836 οὕτως
493 1806 540 1831 καὶ
551 1806 595 1831 διὰ
614 1806 658 1839 τῆς
677 1806 789 1841 καρδίας
804 1808 849 1833 καὶ
864 1807 917 1833 τῶν
930 1808 975 1833 λο-

186 1851 293 1886 γισμῶν
311 1853 326 1885 ὴ
343 1851 481 1886 ἁμαρτία·
501 1852 578 1877 Ὅσοι
600 1851 627 1877 δὲ
650 1851 729 1877 τοῦτο
743 1852 909 1887 ἀναιροῦσιν,
928 1853 973 1879 ὑπ’

185 1896 271 1930 αὐτῆς
285 1896 334 1930 τῆς
348 1896 484 1931 ἁμαρτίας
495 1896 645 1932 μελλούσης
658 1897 883 1933 θριαμϐεύεσθαι,
897 1899 974 1933 ἐλέγ-

186 1950 279 1976 χονται
305 1943 353 1968 καὶ
377 1942 564 1977 χλευάζονται.
585 1944 734 1975 Σπουδάζει
757 1944 811 1979 γὰρ
837 1945 867 1971 τὸ
889 1946 975 1973 κακον

186 1987 327 2014 λανθάνειν
358 1989 405 2015 καὶ
428 1990 598 2024 κρύπτεσθαι
625 1991 654 2017 ἐν
673 1992 706 2026 τῇ
724 1991 829 2028 διανοίᾳ
857 1993 905 2019 τοῦ
927 1994 974 2020 ἀν-

184 2034 307 2069 θρώπου.

222 2081 287 2108 ΚΒ’.
307 2081 338 2107 Εἰ
354 2079 400 2109 οὖν
411 2083 506 2120 ἀγαπᾷ
529 2093 572 2116 τις
588 2085 634 2112 τὸν
648 2085 725 2117 Θεὸν,
743 2087 790 2113 καὶ
810 2086 892 2118 αὐτὸς
909 2095 975 2122 συγ-

185 2128 267 2162 κρινᾷ
295 2129 381 2163 τούτῳ
396 2129 444 2164 τὴν
466 2130 562 2157 ἑαυτοῦ
591 2131 720 2167 ἀγάπην
750 2133 908 2166 πιστευθεὶς
945 2134 974 2161 δὲ

185 2173 259 2207 ἅπαξ
286 2174 330 2201 ὑπ’
355 2175 449 2208 αὐτοῦ,
473 2177 615 2212 προστιθεί
631 2178 718 2212 τούτῳ
740 2178 790 2214 τὴν
812 2180 974 2215 ἐπουράνιον

185 2219 287 2253 πίστιν,
304 2221 350 2247 καὶ
363 2220 480 2256 γίγνεται
494 2222 605 2255 διπλοῦς
620 2224 635 2250 6
648 2223 801 2259 ἄνθρωπος.
818 2225 913 2258 Ὅπως
927 2226 973 2253 οὖν

184 2267 217 2293 ἐκ
228 2266 282 2294 τῶν
295 2267 384 2303 μελῶν
397 2276 445 2295 σου
460 2269 617 2305 προσφέρῃς
627 2269 713 2305 αὐτῷ,
724 2270 772 2297 καὶ
783 2271 864 2302 αὐτὸς
876 2273 908 2299 ὲκ
918 2272 972 2298 τῶν

185 2313 260 2341 ἰδίων
282 2315 363 2350 ὃμοια
390 2314 479 2349 μελῶν
502 2317 637 2352 συγκιρνᾷ
662 2317 695 2351 τῇ
710 2316 784 2353 ψυχῇ
801 2326 866 2349 σου.
882 2318 926 2345 ἵνα
939 2317 972 2355 ᾗς

184 2361 272 2388 πάντα
292 2360 421 2396 καθαρῶς
436 2360 530 2394 ποιῶν,
550 2361 598 2388 καὶ
616 2361 740 2396 ἀγαπῶν,
759 2362 806 2389 καὶ
822 2364 972 2398 προσευχό-

185 2415 281 2442 μενος·
307 2407 427 2442 μεγάλου
444 2406 500 2443 γὰρ
515 2407 671 2444 ἀξιώματός
693 2408 767 2436 ἔστιν
784 2409 799 2435 6
811 2408 971 2445 ἅνθρωπος·

185 2453 223 2480 ῐδι
243 2453 327 2486 πόσος
349 2454 423 2481 ἐστὶν
440 2454 455 2480 6
468 2454 583 2490 οὐρανὸς
602 2455 650 2481 καὶ
663 2455 680 2490 ἡ
696 2454 749 2490 γῆ,
769 2456 784 2482 6
798 2455 874 2490 ἥλιος
890 2457 937 2483 καὶ
954 2457 972 2491 ὴ

182 2498 295 2534 σελήνη,
317 2499 364 2525 καὶ
387 2499 438 2526 οὐκ
460 2499 607 2534 εὐδόκησεν
631 2500 661 2526 ἐν
674 2500 768 2532 αὐτοῖς
786 2501 801 2527 6
815 2500 928 2537 Κύριος,
948 2502 973 2528 ει

182 2544 221 2581 μὴ
237 2546 267 2571 ὲν
285 2545 325 2580 τῷ
343 2544 482 2581 ἀνθρώπῳ
498 2545 588 2581 μόνῳ,
615 2546 850 2584 ἐπαναπαύεσθαι.
867 2548 975 2583 Τιμιῶ-

181 2600 260 2627 τερος
278 2590 326 2619 οὖν
338 2593 413 2619 ἐστιν
426 2592 441 2618 6
452 2591 595 2628 ἄνθρωπος
605 2592 676 2629 ὑπὲρ
689 2592 779 2620 πάντα
794 2593 829 2621 τὰ
842 2594 974 2630 δημιουρ-

182 2638 306 2673 γήματα,
322 2639 393 2674 τάχα
407 2639 436 2665 δὲ
448 2638 577 2674 τολμήσω
591 2639 693 2674 λέγειν,
711 2640 752 2667 ὃτι
769 2640 806 2676 μὴ
821 2641 903 2676 μόνον
920 2642 974 2667 τῶν

184 2683 289 2718 ὁρατῶν
310 2684 572 2721 δημιουργημάτων,
595 2684 665 2712 ἀλλὰ
693 2686 742 2713 καὶ
758 2686 813 2713 τῶν
838 2686 976 2722 ἀοράτων,

185 2729 267 2764 ἤγουν
293 2731 347 2758 τῶν
365 2731 561 2768 λειτουργικῶν
578 2732 751 2768 πνευμάτων.
773 2733 811 2760 Οὐ
832 2733 886 2769 γὰρ
911 2734 976 2769 περὶ

184 2775 294 2810 Μιχαὴλ
319 2777 366 2804 καὶ
384 2777 515 2814 Γαϐριὴλ,
538 2778 594 2806 τῶν
621 2779 802 2816 ἁρχαγγέλων
824 2777 911 2812 εἶπεν,
933 2781 975 2808 ὅτι

184 2820 360 2856 Ποιήσωμεν
380 2824 445 2852 κατ’
461 2825 565 2853 εικόνα
583 2824 633 2852 καὶ
648 2826 794 2862 ὁμοίωσιν
810 2826 973 2862 ἡμετέραν·

220 2913 245 2933 ἰ
258 2912 331 2942 Psal.
347 2922 440 2950 sunt,
452 2915 479 2944 9.
519 2917 542 2934 εο
560 2917 656 2947 Matth.
670 2924 714 2952 xv,
730 2917 773 2946 l9.
813 2917 834 2935 "
846 2916 915 2945 Gen.
932 2923 950 2950 ι,
968 2916 1013 2944 26.

1026 1620 1112 1647 rando
1127 1620 1290 1646 conﬁrmare
1304 1627 1358 1646 non
1376 1624 1503 1647 vereatur
1523 1619 1614 1651 homo,
1628 1627 1682 1645 non
1700 1620 1770 1645 ultra
1785 1618 1811 1645 in

1025 1675 1053 1693 sc
1073 1674 1216 1701 assurgere
1232 1666 1311 1693 talem
1335 1666 1524 1698 aﬁ'ectioncm;
1545 1670 1573 1693 at
1594 1674 1648 1693 non
1674 1666 1710 1693 ita
1725 1666 1812 1692 multo

1024 1717 1086 1747 post
1110 1713 1200 1739 uritur
1227 1712 1462 1746 concupiscentia,
1484 1716 1515 1738 ut
1536 1712 1577 1738 vel
1593 1712 1620 1738 in
1634 1719 1667 1739 eo
1682 1712 1812 1748 perjurus

1024 1759 1259 1794 deprehendatur.
1276 1758 1393 1785 Perinde
1406 1758 1479 1784 enim
1499 1762 1528 1784 ut
1542 1766 1590 1792 per
1601 1758 1718 1786 ﬁstulam
1733 1763 1810 1785 tran-

1024 1805 1060 1832 sit
1073 1813 1142 1840 aqua
1153 1825 1160 1837 ,
1176 1805 1216 1832 sic
1228 1812 1339 1839 quoque
1355 1812 1402 1838 per
1414 1812 1462 1831 eor
1479 1808 1506 1831 et
1518 1804 1703 1839 cogitationes
1714 1812 1812 1839 pecca—

1026 1858 1094 1879 tum.
1118 1851 1280 1886 Quicnnque
1296 1859 1362 1878 vero
1380 1851 1436 1878 hinc
1456 1855 1567 1886 negant,
1581 1859 1595 1877 a
1610 1855 1722 1885 peccato
1740 1851 1810 1886 ipso,

1024 1897 1195 1932 triumphum
1207 1902 1319 1929 acturo,
1343 1901 1497 1932 arguuntur
1519 1901 1547 1924 et
1565 1897 1730 1923 illuduntur.
1755 1896 1809 1923 Co-

1024 1947 1107 1970 natur
1124 1943 1198 1970 enim
1219 1943 1321 1970 malitia
1334 1943 1420 1970 latere
1438 1946 1467 1969 et
1488 1941 1652 1969 delitescere
1669 1941 1697 1968 in
1719 1944 1810 1968 mente

1026 1990 1157 2017 hominis.

1061 2085 1143 2113 XXII.
1171 2085 1200 2112 Si
1226 2085 1311 2120 igitur
1329 2084 1465 2119 quispiam
1496 2084 1582 2111 Deum
1607 2084 1708 2120 diligit,
1739 2085 1811 2111 Dens

1025 2140 1134 2167 quoque
1159 2139 1221 2158 cum
1245 2140 1279 2158 eo
1301 2131 1461 2158 commiscet
1483 2139 1560 2158 suam
1576 2131 1760 2158 dilectionem.
1778 2131 1812 2158 Et

1025 2186 1087 2205 cum
1100 2178 1184 2204 semel
1202 2177 1352 2204 crediderit
1381 2177 1408 2204 in
1436 2185 1509 2209 eum,
1526 2176 1603 2204 addit
1618 2177 1656 2204 illi
1673 2178 1745 2204 Dens
1756 2186 1811 2204 ca:-

1026 2224 1122 2251 lestem
1134 2224 1227 2256 ﬁdem,
1245 2227 1274 2251 et
1290 2224 1327 2251 ita
1343 2223 1436 2251 evadit
1454 2223 1536 2251 homo
1549 2223 1660 2259 duplex.
1681 2224 1716 2252 Ut
1728 2224 1811 2260 igitur

1024 2279 1059 2298 ex
1081 2270 1214 2298 membris
1233 2270 1287 2298 tuis
1308 2270 1365 2298 Deo
1380 2270 1490 2303 offeras,
1514 2270 1559 2297 ille
1574 2270 1632 2305 ipse
1648 2278 1680 2297 ex
1692 2270 1811 2306 propriis

1023 2316 1125 2343 similia
1148 2315 1337 2343 membrorum
1357 2316 1505 2350 permiscet
1519 2324 1581 2342 eum
1596 2315 1688 2342 anima
1705 2319 1761 2347 tua,
1781 2319 1812 2343 ut

1023 2362 1117 2391 omnia
1138 2362 1247 2389 sincere
1272 2369 1305 2389 ac
1331 2369 1401 2396 pure
1428 2369 1571 2396 peragere,
1600 2362 1715 2396 diligere
1728 2365 1811 2395 atque

1024 2408 1131 2443 precari
1147 2408 1245 2443 possis.
1269 2407 1388 2435 Summze
1406 2409 1479 2435 enim
1495 2408 1635 2443 dignitatis
1648 2412 1690 2435 est
1718 2407 1810 2434 homo.

1024 2454 1093 2483 Vide
1112 2458 1247 2489 quantum
1261 2454 1296 2482 sit
1309 2454 1420 2485 cadum,
1438 2458 1522 2488 terra,
1546 2454 1586 2482 sol
1607 2457 1636 2481 et
1656 2453 1721 2481 luna
1738 2461 1744 2480 :
1760 2461 1812 2480 nec

1025 2504 1117 2528 tamen
1141 2500 1245 2535 placuit
1274 2499 1303 2526 in
1332 2499 1365 2527 iis
1381 2500 1508 2532 Domino,
1525 2499 1573 2527 sed
1585 2499 1613 2527 in
1629 2499 1687 2526 solo
1700 2498 1812 2525 homine

1024 2548 1211 2582 requiescere.
1235 2546 1413 2574 Praestantior
1430 2553 1496 2581 ergo
1518 2549 1560 2573 est
1582 2545 1665 2572 homo
1681 2544 1812 2572 omnibus

1025 2593 1171 2626 creaturis,
1185 2596 1213 2619 et
1233 2591 1325 2619 forsan
1340 2592 1433 2619 dicere
1450 2599 1505 2618 non
1527 2591 1656 2622 verebor.
1677 2598 1733 2618 non
1749 2594 1810 2617 tan-

1026 2644 1085 2667 ttlm
1106 2638 1322 2674 aspectabilibus
1344 2637 1489 2670 creaturis,
1506 2644 1600 2664 verum
1615 2636 1698 2663 etiam
1717 2634 1812 2662 i'nvisi-

1025 2686 1109 2719 libus,
1125 2692 1224 2720 nempe
1250 2683 1458 2712 ministratoriis
1479 2682 1636 2718 spiritibus.
1663 2681 1723 2709 Non
1736 2682 1811 2708 enim

1023 2731 1059 2760 de
1070 2731 1204 2759 Michaele
1219 2735 1268 2758 aut
1279 2729 1418 2761 Gabriele,
1434 2727 1618 2762 archangelis,
1636 2727 1707 2754 Deus
1722 2725 1810 2753 dixit:

1023 2779 1164 2808 Faciamus
1180 2778 1215 2806 ad
1230 2779 1374 2814 imaginem
1391 2780 1416 2803 et
1434 2774 1635 2803 similitudinem
1650 2776 1767 2800 nostram
1777 2772 1813 2805 ⁶“,

1022 2825 1071 2855 sed
1090 2824 1125 2852 de
1140 2824 1294 2853 substantia
1314 2822 1482 2851 intellectiva
1495 2818 1618 2848 hominis
1629 2839 1637 2852 ,
1653 2817 1811 2849 immortali,
