2078 3151
251 174 303 208 591

865 173 895 203 S.
915 166 1075 201 MACARII
1094 163 1254 198 EGYPTII

1815 159 1871 192 592

253 233 374 268 inquam.
398 233 498 261 anima.
527 232 665 268 Scriptum
679 231 752 259 enim
768 235 830 263 est,
850 237 906 257 esse
931 227 1034 255 ordines

1098 224 1152 251 ιλλὰ
1175 225 1240 260 περὶ
1259 224 1309 259 τῆς
1332 223 1428 258 νοερᾶς
1453 220 1548 253 οὐσίας
1575 219 1623 246 τοῦ
1638 217 1794 254 ἀνθρώπου,
1818 217 1871 252 τῆς

253 279 408 316 angelorum
426 280 454 306 in
473 279 583 306 circuitu
608 279 757 306 timentium
776 285 835 304 eum
850 276 883 303 “.
897 275 1035 303 Creaturze

253 330 345 352 autem
356 325 478 353 visibiles
491 329 587 352 natura
601 324 720 360 quadam
739 321 903 351 immutabili
916 320 1036 356 prarditaa

254 376 329 399 sunt.

290 459 384 487 XXIII.
397 460 503 488 Caelum
519 460 603 488 semel
615 459 771 487 ordinatum
790 462 843 490 est,
859 458 912 489 sul,
926 458 990 484 luna
1009 460 1038 482 et

257 509 342 536 terra,
364 513 415 532 nec
430 509 522 532 tamen
548 504 684 540 acquievit
699 504 726 531 in
742 503 776 531 iis
790 502 933 533 Dominus,
948 507 1037 535 neque

257 551 338 578 aliter
352 558 384 578 ac
399 556 490 578 creata
516 554 591 583 sunt,
605 550 728 578 converti
746 554 871 584 possunt,
884 554 975 582 neque
986 546 1037 572 ha-

257 597 324 624 bent
333 597 513 624 vvluntalem.
526 597 566 624 Tu
578 604 644 624 vero
654 601 798 631 propterea
809 602 840 622 es
851 594 883 621 ad
893 592 1039 628 imaginem

258 648 287 670 et
308 642 517 669 similitudinem
532 642 580 669 Dei
607 642 705 673 factus,
729 642 792 676 quia
807 639 1039 675 quemadmodum

258 687 332 714 Deus
346 687 387 714 sui
400 687 470 722 juris
479 692 530 718 est,
541 691 569 713 et
583 686 656 721 quod
671 686 730 712 vult
743 685 826 712 facit:
843 682 955 718 quando
965 682 990 709 ei
1001 682 1040 708 ita

259 734 349 761 visum
376 739 428 766 est,
452 742 502 770 pro
520 738 655 770 potestate
671 738 699 761 et
714 733 776 768 iure
790 740 840 760 suo
853 730 938 758 mittit
951 730 1041 765 justos

260 780 288 807 in
303 780 465 815 gehennam.
477 788 508 808 ac
526 785 682 815 peccatores
698 779 725 806 in
737 785 866 814 regnum,
879 776 932 812 59
946 783 1042 811 quam-

259 826 302 853 vis
322 827 374 856 hoc
388 826 500 854 minime
515 826 593 858 velit,
620 833 672 853 nec
690 824 831 860 placeatei
842 832 849 856 ;
862 823 952 858 justus
965 821 1040 848 enim

259 877 301 900 est
324 873 456 900 Dominus
479 882 486 900 :
512 873 552 900 sic
580 879 689 907 quoque
711 876 738 899 tu
763 871 801 897 tui
822 869 892 902 juris
908 876 949 901 es,
971 871 999 895 et
1016 867 1039 894 si

259 918 328 945 velis
344 918 444 952 perire,
469 917 611 945 mutabilis
635 921 751 944 naturae.
767 915 795 942 Si
811 914 896 941 libeat
914 912 1039 947 blasphe—

259 962 329 988 mias
353 962 507 994 elTundere,
530 969 637 989 venena
652 961 790 988 coniicere
812 963 860 986 aut
886 957 1041 985 interﬁcere

259 1008 389 1043 aliquem,
405 1015 487 1034 nemo
504 1007 553 1034 tibi
575 1007 726 1034 reluctatur
747 1009 794 1032 aut
811 1003 941 1040 prohibet
961 1005 998 1029 te.
1013 1001 1040 1029 Si

260 1053 326 1080 velit
340 1053 413 1087 quis,
438 1060 543 1080 morem
561 1052 633 1087 gerit
654 1050 720 1083 Deo,
746 1054 774 1078 et
799 1049 953 1084 ingreditur
967 1047 1041 1074 viam

259 1099 383 1135 justitim,
398 1107 430 1126 ac
441 1098 528 1125 vincit
544 1096 793 1132 concupiscentias.
816 1095 892 1122 Mens
903 1094 976 1121 enim
992 1093 1043 1120 hu-

258 1145 390 1181 jusmodi,
403 1152 464 1179 quae
477 1143 581 1172 resistit
596 1151 629 1170 ac
641 1146 785 1177 repugnat,
802 1144 891 1176 potest
901 1145 1041 1174 superare,

261 1191 404 1219 obﬁrmata
424 1191 541 1223 ratione,
564 1190 683 1224 impetus
700 1189 830 1216 vitiorum
851 1191 878 1215 et
908 1186 1044 1214 obscenas

262 1237 508 1272 concupiscentias.

297 1283 390 1311 XXIV.
406 1283 434 1310 Si
447 1283 520 1310 enim
539 1282 566 1309 in
583 1282 664 1309 domo
679 1281 779 1316 ampla,
796 1280 822 1307 in
841 1287 894 1315 qna
908 1283 972 1306 sunt
981 1285 1042 1305 vasa

262 1336 355 1361 aurea,
369 1335 435 1354 auro
451 1331 532 1359 tecta,
546 1331 575 1354 et
589 1331 727 1362 argentea,
746 1325 813 1352 varii
839 1324 947 1360 generis
961 1323 1045 1351 vesti—

263 1377 364 1405 menta.
380 1380 477 1400 aurum
491 1376 573 1406 atque
589 1376 743 1407 argentum,
763 1369 951 1398 adolescentes
965 1368 1047 1403 etju-

263 1419 395 1450 venculm,
420 1426 481 1453 qua:
507 1418 544 1444 ibi
572 1421 725 1448 versantur,
754 1415 884 1443 cohibent
925 1413 1047 1441 animum

264 1473 344 1493 suum
361 1465 495 1501 (quamvis
508 1467 604 1490 natura
615 1467 727 1498 propter
738 1461 894 1489 inhabitans
906 1464 1047 1495 peccatum

265 1511 357 1538 omnia
371 1510 570 1545 concupiscat),
591 1513 619 1536 et
633 1509 697 1543 quia
715 1511 844 1535 metuunt
859 1514 937 1534 more
957 1505 1049 1532 homi-

1086 270 1220 297 ἀθανάτου
1235 269 1305 303 λέγω
1318 269 1416 304 ψυχῆς.
1430 267 1486 294 Καὶ
1500 267 1555 302 γὰρ
1565 265 1731 302 γέγραπται,
1742 265 1783 291 ὅτι
1796 266 1872 298 Παρο

1085 315 1208 350 εμϐολαί
1230 315 1365 350 ἀγγέλων
1383 314 1487 345 κύκλῳ
1495 311 1556 339 τῶν
1564 311 1757 346 φοϐουμένων
1765 311 1869 338 αὐτόν.

1086 362 1127 389 Τὰ
1157 362 1206 397 μὶν
1229 358 1276 387 οὖν
1293 360 1431 395 κτίσματα
1453 359 1489 386 τὰ
1512 357 1664 393 φαινόμενα
1678 377 1687 390 ,
1713 356 1794 391 φύσει
1817 355 1871 382 τινὶ

1087 405 1268 441 ἀμεταϐλήτῳ
1281 405 1398 432 δέδεται.

1123 452 1186 480 Kl".
1209 452 1237 478 '0
1249 450 1362 486 οὐρανὸς
1374 449 1447 482 ἅπαξ
1460 449 1599 479 τέτακται,
1609 447 1623 474 6
1633 447 1720 482 ἥλιος,
1730 446 1747 481 ἡ
1761 445 1871 481 σελήνη,

1088 501 1104 535 ὴ
1118 499 1165 534 γῆ,
1187 499 1236 525 καὶ
1249 497 1299 524 οὐκ
1314 496 1460 530 εὐδόκησεν
1483 494 1513 522 ὲν
1533 494 1626 525 αὐτοῖς
1644 494 1659 520 ὁ
1674 492 1776 527 Κύριος
1787 498 1794 506 ·
1814 491 1872 518 ἀλλ’

1087 545 1148 572 οὐδὲ
1176 545 1242 580 παρ’
1265 543 1280 569 ὃ
1306 541 1470 576 δκτίσθησαν
1497 539 1702 576 μετατραπῆναι
1730 538 1872 570 δύνανται,

1088 590 1150 618 οὔτε
1169 590 1260 625 ἔχουσι
1279 589 1395 624 θέλημα.
1411 589 1447 615 Σὺ
1463 587 1492 615 δὲ
1506 587 1551 614 διὰ
1574 586 1652 614 τοῦτο
1666 583 1693 613 εἴ
1705 585 1766 613 κατ’
1781 585 1873 612 εἰκόνα

1089 637 1137 664 καὶ
1151 636 1281 672 ὁμοίωσιν
1292 635 1372 666 Θεοῦ,
1386 634 1481 669 ἐπειδὴ
1495 633 1590 669 ὥσπερ
1603 633 1617 659 ὀ
1627 633 1693 662 Θεδς
1702 631 1874 665 αὑτεξούσιὸς

1090 685 1158 714 ἐστι,
1173 683 1220 709 καὶ
1231 682 1245 709 ὃ
1261 681 1333 708 θέλει
1346 682 1432 707 ποιεῖ’
1449 680 1496 706 ὲὰν
1511 679 1586 715 θέλῃ.
1604 679 1675 706 κατά
1687 678 1736 713 τὴν
1752 678 1875 710 ἐξουσίαν

1093 729 1176 756 αὐτοῦ
1199 728 1302 763 πέμψει
1325 727 1389 758 τοὺς
1413 725 1534 756 δικαίους
1549 725 1590 757 είς
1611 725 1732 759 γέενναν,
1750 723 1797 750 καὶ
1812 723 1875 754 τοὺς

1090 775 1268 811 ἁμαρτωλοὺς
1283 775 1324 805 είς
1338 772 1476 808 βασιλείαν
1498 780 1505 788 ·
1521 770 1578 798 ἀλλ’
1594 771 1643 805 οὐχ
1664 770 1792 804 αἱρεῖται,
1816 768 1875 794 οὐδὲ

1091 822 1269 856 καταδέχεται
1280 819 1358 846 τοῦτο
1366 827 1373 833 ·
1389 817 1575 852 δικαιοκρίτης
1584 816 1640 852 γάρ
1650 816 1724 842 ἐστιν
1736 816 1750 842 ὁ
1763 814 1875 849 Κύριος⁸

1091 867 1177 899 οὕτως
1201 867 1248 894 καὶ
1272 866 1305 892 σὺ
1328 864 1504 896 αύτεξούσιος
1520 861 1558 895 εἷ,
1589 862 1637 890 καὶ
1660 862 1707 888 ἐὰν
1725 860 1805 896 θέλῃς
1822 860 1876 886 ἁπ-

1054 897 1077 926 Β
1092 897 1209 945 ολέσθαι,
1227 911 1347 947 τρεπτῆς
1362 910 1469 945 φύσεως
1479 908 1516 936 εἷ·
1529 909 1554 936 εί
1569 907 1656 939 Θέλεις
1670 907 1875 942 βλασφημῆσαι,

1093 960 1204 991 ποιῆσαι
1227 958 1371 993 φάρμακα,
1400 956 1447 982 καὶ
1468 953 1627 982 ἀποκτεῖναί
1642 962 1720 986 τινα,
1734 952 1822 981 οὐδείς
1836 959 1877 977 σοι

1085 1002 1241 1032 ’ἀντίκειται
1265 1003 1282 1038 ἢ
1306 1001 1406 1029 κωλύει
1429 1009 1470 1028 σε.
1491 1000 1522 1027 Εἰ
1539 999 1611 1026 θέλει
1625 1007 1679 1031 τις,
1697 997 1878 1025 ὑποτάσσεται

1092 1049 1130 1085 τῷ
1145 1048 1216 1083 Θεῷ,
1236 1047 1284 1074 καὶ
1297 1046 1410 1073 διοδεύει
1424 1045 1473 1081 τὴν
1486 1045 1545 1072 ὁδὸν
1559 1045 1609 1080 τῆς
1624 1043 1796 1078 δικαιοσύνης
1806 1063 1813 1075 ,
1831 1042 1878 1068 καὶ

1093 1095 1189 1131 κρατεῖ
1207 1093 1261 1121 τῶν
1283 1091 1446 1128 ἐπιθυμιῶν.
1471 1092 1499 1119 '0
1515 1091 1570 1126 γὰρ
1591 1091 1653 1123 νοῦς
1670 1086 1748 1121 οὗτος
1765 1089 1878 1116 ἀντίπα-

1093 1141 1138 1173 λός
1151 1142 1237 1174 ἐστιν,
1262 1139 1420 1174 ἐπικρατεῖν
1436 1138 1584 1173 δυνάμενος
1600 1137 1748 1173 ἐρρωμένῳ
1757 1134 1878 1170 λογισμῷ

1093 1187 1142 1219 τὰς
1153 1187 1202 1222 τῆς
1219 1185 1316 1217 κακίας
1326 1183 1414 1221 ὁρμὰς
1430 1183 1478 1211 καὶ
1494 1182 1639 1219 ἐπιθυμίας
1650 1182 1777 1218 αίσχρᾱς.

1130 1275 1193 1305 KA'.
1214 1277 1245 1303 El
1267 1275 1322 1311 γὰρ
1343 1275 1372 1301 ὲν
1392 1273 1466 1310 οἰκίᾳ.
1482 1272 1599 1308 μεγάλῃ,
1615 1272 1681 1299 ὅπου
1698 1271 1757 1298 ἐστὶ
1772 1269 1879 1306 χρυσώ-

1097 1332 1180 1359 ματα,
1200 1322 1367 1358 χρυσόφορα,
1381 1319 1429 1347 καὶ
1443 1318 1644 1355 ἀργυρώματα,
1664 1317 1711 1344 καὶ
1726 1316 1808 1351 ἐσθὴς
1823 1315 1881 1342 διὰ-

1097 1377 1190 1405 φορος⁹
1204 1369 1305 1404 χρυσός
1317 1375 1347 1394 τε
1361 1366 1408 1393 καὶ
1418 1365 1548 1401 ἄργυρος,
1559 1364 1696 1391 νεανίσκοι
1706 1363 1753 1389 καὶ
1762 1362 1880 1392 νεάνιδες

1097 1414 1281 1451 διατρίϐοντες
1293 1413 1407 1448 ἄγχουσι
1419 1411 1465 1437 τὸν
1473 1410 1579 1436 ἑαυτῶν
1591 1409 1664 1436 νοῦν·
1679 1410 1705 1435 εἰ
1714 1409 1761 1435 καὶ
1773 1409 1790 1443 ὴ
1802 1407 1880 1443 φύσις

1097 1462 1140 1489 διὰ
1155 1461 1204 1497 τὴν
1217 1460 1341 1487 σύνοικον
1353 1457 1489 1493 ἁμαρτίαν
1502 1456 1611 1483 πάντων
1624 1454 1754 1489 ἐπιθυμεῖ
1763 1462 1770 1468 ·
1783 1453 1829 1480 καὶ
1838 1453 1882 1479 διὰ

1097 1508 1143 1534 τὸν
1170 1506 1339 1542 ἀνθρώπινον
1357 1504 1438 1539 φόϐον
1453 1502 1507 1530 τῶν
1526 1502 1675 1532 δεσποτῶν,
1691 1500 1819 1536 ἐπέχουσι
1833 1499 1881 1530 τὰς

266 1566 331 1586 num
344 1557 480 1588 dominos,
496 1555 650 1590 reprimunt
671 1554 789 1589 impetus
801 1551 1044 1587 concupiscentiae:

1099 1554 1186 1590 ὁρμὰς
1198 1553 1252 1579 τῶν
1262 1550 1413 1586 ἐπιθυμιῶν
1424 1559 1431 1566 ·
1442 1550 1518 1585 πόσῳ
1527 1549 1636 1584 μᾶλλον,
1649 1548 1716 1574 ὅπου
1728 1547 1787 1573 ἐστὶ
1801 1545 1881 1580 φόὸος

267 1606 369 1636 quanto
387 1600 483 1635 magis.
498 1599 545 1626 ubi
557 1599 629 1634 viget
643 1599 725 1625 timor
738 1597 797 1630 Dei,
812 1596 941 1624 reluctari
966 1601 1048 1630 atque

268 1646 349 1675 reniti
373 1653 451 1673 mens
475 1645 557 1672 debet
574 1643 717 1672 inhaerenti
737 1643 883 1678 pravitati?
897 1642 962 1675 Quze
976 1641 1049 1668 enim

268 1692 408 1728 possibilia
435 1692 484 1719 tibi
511 1695 584 1723 sunt,
613 1690 744 1725 praecepit
772 1689 853 1716 Deus.
885 1687 1050 1715 Animalium

268 1737 379 1770 quidem
407 1736 513 1763 ratione
541 1735 735 1762 destitutorum
760 1738 859 1760 natura
882 1732 973 1759 vincta
997 1736 1050 1763 est,

267 1783 345 1810 velut
375 1787 474 1810 natura
501 1780 638 1815 serpentis
664 1783 707 1807 est
736 1786 828 1807 amara
854 1785 886 1805 ac
915 1785 1050 1805 venenum

269 1827 414 1856 emittens:
433 1827 556 1854 universi
576 1825 660 1862 igitur
672 1830 814 1860 serpentes
828 1829 892 1852 sunt
906 1823 1050 1860 ejusmodi.

270 1875 363 1909 Lupus
382 1882 465 1909 rapax
479 1880 538 1901 esse
550 1872 709 1900 consuevit:
724 1878 819 1898 omnes
832 1877 899 1906 ergo
912 1869 969 1904 lupi
989 1873 1053 1897 sunt

269 1919 392 1956 ejusdem
407 1924 522 1947 naturae.
535 1918 638 1954 Agnus,
652 1917 699 1952 qui
715 1916 830 1952 simplex
849 1920 901 1947 est.
919 1915 1054 1942 obnoxius

269 1972 312 1995 est
322 1967 441 2002 rapinae:
455 1973 551 1994 omnes
562 1972 627 2000 ergo
639 1964 701 2000 agni
718 1968 783 1991 sunt
802 1962 923 1998 ejusdem
938 1965 1052 1988 naturae.

270 2013 402 2042 Columba
427 2012 541 2047 simplex
560 2015 604 2039 est
619 2018 650 2038 ac
662 2011 786 2038 sincera:
806 2016 902 2036 omnes
918 2015 982 2043 ergo
1010 2015 1056 2034 co-

271 2058 371 2086 lumbae
382 2062 446 2084 sunt
457 2057 580 2092 ejusdem
595 2060 708 2082 naturae.
725 2055 812 2082 Homo
828 2061 894 2081 vero
906 2061 962 2080 non
977 2053 1013 2079 ita
1026 2059 1054 2079 se

271 2103 364 2131 habet.
377 2102 493 2135 Quidam
507 2101 582 2128 enim
609 2105 652 2128 est
676 2100 759 2135 lupus
790 2107 884 2134 rapax,
905 2103 933 2125 et
944 2097 1056 2133 quidam

271 2148 347 2176 velut
366 2155 453 2182 agnus
476 2147 578 2182 rapina:
596 2150 683 2181 patet,
695 2151 724 2174 et
735 2153 767 2173 ex
781 2145 877 2173 eodem
894 2151 993 2179 genere
1006 2143 1057 2169 hu-

272 2203 354 2223 mano
372 2201 519 2228 utrumque
535 2193 635 2221 oritur.

1099 1599 1178 1631 Θεοῦ,
1202 1598 1400 1633 ἀντιμάχεσθαι
1414 1597 1462 1624 καὶ
1476 1595 1671 1630 ἀντιπράττειν
1681 1594 1696 1619 ὁ
1709 1592 1771 1623 νοῦς
1782 1591 1882 1626 ὀφείλει

1101 1646 1134 1681 τῇ
1149 1643 1266 1680 συνούσῃ
1279 1643 1380 1678 κακίας
1398 1642 1437 1668 Τὰ
1450 1641 1505 1677 γὰρ
1525 1640 1625 1668 δυνατά
1640 1648 1681 1666 σοι
1696 1637 1858 1673 προσέταξεν
1870 1637 1885 1663 ὁ

1101 1690 1178 1722 Θεός.
1211 1689 1245 1716 Ἦ
1271 1688 1320 1724 μὲν
1345 1687 1391 1714 οὖν
1420 1686 1477 1713 τῶν
1493 1686 1599 1720 ἀλόγων
1626 1684 1703 1717 ζώων
1729 1683 1809 1718 φύσις
1822 1682 1884 1716 δετή

1101 1737 1185 1767 ἔστιν,
1206 1732 1262 1761 οἷον
1279 1734 1296 1769 ἡ
1312 1733 1358 1759 τοῦ
1374 1733 1462 1768 δφεως
1479 1731 1559 1766 φύσις
1576 1730 1663 1765 πικρά
1683 1727 1798 1755 ἐστικαὶ
1816 1726 1886 1753 ἰοϐό-

1101 1783 1146 1814 λος
1158 1790 1165 1797 ·
1181 1781 1235 1808 ὅλοι
1250 1779 1296 1807 οὖν
1308 1779 1416 1814 οίδφεις
1432 1777 1547 1805 τοιοῦτοί
1564 1778 1643 1803 εἰσιν.
1664 1775 1694 1803 '0
1704 1774 1784 1805 λύκος
1793 1773 1886 1808 ἀρπά-

1103 1829 1161 1862 Ceu
1175 1828 1284 1855 εἴωθεν·
1309 1826 1364 1853 ὅλοι
1391 1826 1416 1852 οἰ
1439 1824 1517 1851 λύκοι
1532 1824 1580 1859 τῆς
1599 1822 1684 1858 αὐτῆς
1703 1821 1754 1848 εἱσι
1768 1820 1886 1854 φύσεως.

1103 1875 1140 1902 Τὸ
1162 1874 1254 1911 ἀρνίον
1271 1873 1368 1908 ἀφελὲς
1391 1872 1421 1899 ὃν
1439 1871 1608 1906 ἁρπάζεται·
1631 1869 1678 1895 ὅλα
1693 1869 1727 1895 τὰ
1744 1867 1824 1902 ἀρνία
1836 1866 1887 1900 τῆς

1104 1921 1191 1956 αὐτῆς
1215 1921 1267 1947 εἰσι
1288 1919 1405 1955 φύσεως.
1435 1919 1470 1945 Ἦ
1495 1916 1644 1953 περιστερὰ.
1664 1915 1755 1945 ἄδολος
1771 1915 1828 1940 ἔστι
1840 1913 1888 1939 καὶ

1105 1966 1250 2002 ἀκέραιοςο
1269 1965 1328 1991 ὅλαι
1353 1965 1383 1991 αἱ
1408 1962 1567 1999 περιστεραὶ
1591 1963 1639 1995 τῆς
1661 1960 1745 1995 αὐτῆς
1762 1959 1814 1986 εἰσι
1836 1958 1887 1992 φύ-

1106 2021 1185 2044 σεως.
1207 2012 1237 2038 ‘O
1252 2011 1280 2038 δὲ
1298 2010 1439 2046 ἅνθρωπος
1453 2009 1501 2044 οὺχ
1517 2009 1601 2039 οὓτως,
1614 2008 1696 2034 ἐστίν.
1715 2004 1762 2037 Εἲς
1786 2005 1858 2031 ἐστιν
1872 2004 1886 2030 ὁ

1105 2057 1187 2089 λύκος
1211 2056 1352 2091 ἁρπάζων,
1375 2055 1422 2082 καὶ
1445 2053 1485 2086 εἷς
1506 2055 1580 2081 ἐστιν
1601 2053 1638 2084 ὡς
1660 2051 1752 2087 ἀρνίον
1766 2049 1888 2086 ἁρπαζό-

1108 2111 1188 2138 μενος
1202 2111 1210 2118 ·
1230 2104 1263 2129 ἐκ
1276 2102 1323 2128 τοῦ
1347 2101 1443 2135 γένους
1456 2100 1505 2134 τῆς
1520 2098 1726 2134 ἀνορωῑ-,ότηῖος
1749 2097 1890 2132 ἀμφότερα

1106 2149 1172 2184 γενή
1176 2157 1238 2175 σετα
1243 2157 1260 2175 ι.

307 2240 390 2272 XXV.
407 2241 455 2267 Est
470 2240 516 2275 qui
533 2247 589 2266 non
610 2242 756 2266 contentus
772 2245 856 2265 uxore
881 2245 940 2269 sua,
952 2241 1048 2265 scorta-

1146 2238 1209 2265 KE'.
1232 2238 1309 2264 Ἔστι
1325 2246 1367 2268 τις
1394 2237 1431 2271 μὴ
1449 2235 1616 2272 ἀρκούμενος
1638 2235 1671 2269 τῇ
1695 2234 1747 2269 ἰδίᾳ
1771 2231 1890 2266 γυναικὶ,

273 2292 338 2315 tur:
362 2290 404 2315 est
432 2293 541 2321 quoque
565 2285 645 2318 alius,
677 2285 724 2320 qui
747 2293 782 2311 ne
805 2283 1055 2318 concupiscentiam

273 2333 386 2369 quidem
410 2332 437 2359 in
462 2331 545 2360 corde
567 2338 618 2358 suo
641 2329 755 2358 excitari
780 2328 924 2365 permittit.
939 2328 986 2355 Est
1009 2328 1057 2363 qui

274 2380 347 2408 bona
363 2379 478 2415 proximi
491 2377 657 2412 diripitzest
670 2384 779 2411 quoque
795 2375 932 2410 alius,qui
946 2375 1057 2410 pietatis

273 2429 349 2456 cultu
364 2431 466 2458 motus,
483 2433 533 2454 sua
549 2425 621 2452 bona
636 2423 786 2451 distribuit.
800 2423 883 2450 Vides
900 2431 980 2459 quam
998 2431 1058 2450 mu-

275 2474 368 2502 tabilis
388 2473 424 2500 sit
450 2472 509 2506 ipsa
530 2476 640 2503 natura,
663 2475 718 2497 tam
737 2470 770 2497 ad
792 2470 856 2497 vitia
872 2469 1057 2505 propendens,

274 2527 356 2555 quam
373 2526 388 2546 e
405 2517 514 2545 diverso
528 2516 561 2544 ad
572 2516 736 2548 honestum;
750 2520 778 2543 et
793 2515 943 2543 secundum
956 2520 1060 2543 utram-

274 2572 328 2600 que
350 2563 545 2598 proprietatem
575 2567 637 2597 apta
662 2561 802 2590 declinare
822 2560 856 2588 ad
881 2568 1060 2596 quascunque

275 2609 386 2638 libuerit
397 2608 530 2637 actiones.
543 2609 634 2644 Capax
653 2608 736 2643 igitur
745 2612 788 2636 est
803 2612 901 2635 natura
915 2612 972 2635 tum
994 2607 1059 2634 boni

277 2661 336 2684 tum
350 2656 429 2688 mali,
450 2656 508 2684 sive
529 2655 629 2683 divina:
650 2655 754 2691 gratiae,
767 2655 824 2682 sive
838 2654 999 2682 adversariae
1015 2662 1063 2689 po-

276 2702 402 2729 testatis:
416 2701 573 2729 necessitati
588 2705 679 2728 tamen
693 2700 790 2736 subjici
808 2700 922 2736 nequit;
940 2700 1063 2735 quando.

277 2748 388 2783 quidem
405 2748 440 2774 ab
463 2748 540 2775 initio
556 2747 641 2775 Adam
666 2747 695 2774 in
715 2747 835 2782 puritate
859 2754 922 2774 cum
946 2746 1063 2778 viveret,

277 2795 470 2822 dominabatur
491 2795 704 2830 cogitationibus
726 2794 807 2826 suis;
834 2801 927 2822 verum
951 2801 984 2821 ex
1009 2801 1064 2828 quo

314 2887 334 2902 ε’
348 2887 418 2914 Psal.
436 2894 523 2917 xxxiv,
538 2885 563 2910 8.

1109 2285 1177 2312 ἀλλὰ
1201 2285 1246 2311 καὶ
1267 2282 1405 2318 πορνεύων
1423 2289 1429 2296 ·
1446 2283 1493 2308 καὶ
1507 2281 1579 2307 ἔστιν
1594 2280 1689 2311 ἄλλος,
1706 2280 1779 2310 ὅστις
1797 2278 1846 2304 οὐκ
1861 2277 1893 2312 ἑᾷ

1108 2331 1169 2358 οὐδὲ
1194 2329 1340 2365 ἐπιθυμίαν
1363 2328 1485 2355 ἀνελθεῖν
1514 2327 1560 2353 ἐπὶ
1585 2326 1634 2362 τὴν
1656 2326 1771 2360 κορείαν
1797 2323 1891 2350 αἰτοῦ.

1110 2377 1188 2404 Ἔστι
1208 2384 1250 2408 τις
1265 2374 1423 2410 διαρπάζων
1438 2373 1472 2400 τὰ
1493 2373 1539 2399 τοῦ
1555 2372 1667 2407 πλησίον
1677 2379 1683 2386 ·
1699 2371 1744 2397 καὶ
1759 2370 1832 2396 ἔστιν
1846 2369 1892 2395 ἆλ-

1108 2423 1154 2455 λος
1172 2423 1217 2449 διὰ
1229 2421 1384 2448 θεοσέϐειαν
1397 2420 1444 2447 καὶ
1457 2419 1491 2446 τὰ
1509 2419 1561 2445 ἴδια
1579 2417 1720 2448 διαδιδούς.
1741 2417 1821 2451 Ὁρᾷς
1836 2415 1894 2446 πῶς

1110 2469 1215 2506 τρεπτή
1235 2469 1309 2495 ἐστιν
1330 2466 1398 2502 αὐτὴ
1415 2467 1432 2500 ἡ
1449 2465 1542 2500 φύσις·
1557 2465 1630 2490 ἔστιν
1647 2464 1693 2490 ἐπὶ
1708 2462 1737 2489 τὺ
1753 2462 1835 2488 κακὸν
1851 2461 1897 2496 ρέ-

1111 2524 1210 2547 πουσα,
1227 2515 1273 2541 καὶ
1287 2515 1360 2540 ἐστιν
1379 2513 1426 2540 ἐπὶ
1442 2512 1472 2539 τὸ
1486 2511 1568 2538 καλὸν
1583 2509 1675 2542 αὖθις·
1696 2509 1743 2536 καὶ
1756 2509 1790 2535 δι’
1805 2509 1879 2543 ἀμφο

1112 2562 1199 2598 τέρων
1227 2559 1388 2595 ἐπιτηδείως
1413 2559 1469 2594 ἔχει
1489 2559 1583 2585 νεῦσαι
1614 2556 1681 2592 πρὸς
1714 2555 1747 2586 ἃς
1773 2554 1896 2589 βούλεται

1115 2607 1228 2643 πράξεις
1239 2615 1246 2621 ·
1270 2605 1382 2641 δεκτικὴ
1396 2603 1441 2632 οὖν
1456 2606 1472 2640 ἠ
1489 2603 1569 2639 φύσις
1585 2603 1632 2629 τοῦ
1647 2600 1731 2628 καλοῦ
1746 2609 1775 2627 τε
1789 2600 1834 2632 καὶ
1849 2599 1896 2625 τοῦ

1111 2652 1209 2685 κακοῦ,
1230 2652 1289 2688 ήτοι
1304 2651 1379 2683 θείας
1394 2651 1515 2686 χάριτος,
1532 2649 1592 2684 ἢτοι
1609 2647 1732 2678 ἐναντίας
1744 2645 1896 2680 δυνάμεως,

1111 2699 1169 2726 ἀλλ’
1179 2699 1229 2726 οὐκ
1239 2697 1427 2733 ἀναγκαστική
1439 2705 1446 2712 ·
1459 2695 1556 2731 ἐπειδὴ
1568 2694 1598 2721 τὸ
1610 2693 1676 2728 πρὶν
1689 2692 1769 2723 αὐτὸς
1781 2691 1795 2717 ὁ
1813 2690 1899 2725 Ἀδὰμ

1112 2747 1141 2773 ὲν
1163 2746 1330 2781 καθαρότητι
1353 2743 1402 2776 ὣν,
1420 2741 1559 2769 ὲὸασίλευε
1573 2740 1629 2767 τῶν
1643 2737 1781 2773 λογισμῶν
1795 2735 1878 2763 αὑτοῦ
1889 2744 1897 2750 ·

1113 2792 1160 2827 ἀφ’
1184 2789 1215 2820 οὗ
1237 2792 1265 2818 δὲ
1290 2791 1398 2827 παρέϐη
1420 2790 1470 2816 xiv
1492 2786 1613 2822 ἐντολὴν,
1635 2785 1685 2821 ὅρη
1709 2782 1899 2810 δυσὸἀστακτα
