2078 3151
218 149 271 182 ἶο93

817 152 1002 185 ΗΟΜΙιΙιΕ.
1018 166 1052 172 -·
1067 154 1162 186 ΗΟΜ.
1181 156 1242 187 XV.

1790 159 1844 193 594

219 207 356 235 ἐπίκειται
369 206 409 243 τῷ
421 206 459 242 νῷ
471 206 564 235 αὐτοῦ.
585 208 641 236 Καὶ
653 209 679 235 οι
691 209 742 244 τῆς
760 209 861 243 κακίας
878 210 1002 246 λογισμοὶ

1056 215 1242 247 transgressus
1253 217 1297 241 est.
1312 214 1481 247 mandatum,
1492 214 1646 250 gravissimi
1663 219 1770 243 montes
1782 216 1838 251 eius

218 253 434 290 ινεαραμιγέντες,
449 253 504 280 ὅλοι
516 253 554 286 ὡς
568 254 629 282 ῐδιοι
639 255 723 282 αὐτοῦ
736 256 870 290 ἐγένοντο,
884 256 934 284 καὶ
944 256 1006 284 οὐδὲ

219 297 261 329 εἷς
283 298 367 326 αὐτοῦ
387 298 452 331 ἴδιός
480 300 565 332 ἐστιν,
589 299 684 336 ἐπειδὴ
703 301 864 337 κατέχονται
885 301 939 329 ὑπὸ
955 302 1005 338 τῆς

219 345 329 377 κακίας.

255 393 327 425 KG’.
348 391 448 418 Λοιπὸν
470 391 588 426 ὀφείλεις
609 392 725 428 ζητῆσαι
747 393 853 429 λύχνον,
870 395 913 422 ἴνα
930 395 1004 431 ἁφθῇ

220 438 266 464 καὶ
280 437 365 473 εὕρῃς
376 436 439 470 τοὺς
450 437 589 473 καθαροὺς
601 437 756 473 λογισμούς.
778 436 858 466 Οὗτοι
871 439 927 475 γάρ
935 441 1004 480 εἰσιν

219 483 244 508 οι
258 481 378 516 φυσικοὶ,
391 480 438 512 οὓς
452 482 581 517 ἐποίησεν
593 482 607 509 ό
623 482 734 518 Κύριος.
750 483 781 510 Οἱ
801 483 1005 518 ἀνατραφέντες

218 528 258 559 εἰς
282 526 431 558 θάλασσαν,
454 525 556 561 ἔμαθον
576 526 727 562 κολυμϐᾷν,
744 527 792 554 καὶ
812 527 876 554 ὅταν
899 528 1003 554 ἐπανα-

218 571 304 599 στῶσι
316 572 454 603 κλύδωνες
476 572 524 598 καὶ
537 571 658 606 κύματα,
673 572 704 599 οὐ
727 571 888 604 ξενίζονται.
910 570 1004 604 Οὕτως

216 618 285 645 εἰσὶν
307 619 333 645 οὶ
357 618 525 653 Χριστιανοί.
542 618 647 654 ’Ὠσπερ
673 617 735 650 νοῦς
757 618 881 654 τριετοῦς
895 617 1003 646 παιδίου

216 664 246 690 οὺ
264 663 378 690 δύναται
402 663 527 698 χωρῆσαι
547 663 564 699 ἢ
579 663 744 690 καταλαϐεῖν
759 663 820 690 νοῦν
835 663 941 690 τελείου
957 671 1003 690 σο-

217 707 324 742 φιστοῦ,
339 708 490 743 ἐπειδήπερ
504 709 534 735 ὲν
553 708 627 744 μέσῳ
644 708 765 744 παρῆλθε
781 708 865 741 πολύς
879 717 921 741 τις
936 709 1002 744 χρό-

217 762 278 785 νος·
305 753 378 780 οὕτω
396 753 443 780 καὶ
465 755 490 780 ol
517 754 677 789 Χριστιανοὶ
697 753 736 787 ὡς
753 753 840 790 βρέφη
857 754 943 790 νήπια
957 754 1003 781 τὸν

217 801 319 834 κόσμον
343 799 531 831 κατανοοῦσιν,
550 801 707 836 ἀφορῶντες
729 801 769 832 εἰς
785 802 816 828 τὸ
834 801 933 836 μέτρον
952 800 1003 835 τῆς

216 847 343 882 χάριτος·
368 846 437 879 ξένοι
459 846 513 882 γάρ
536 847 591 873 εἰσι
606 846 654 873 τοῦ
678 847 775 877 αἰῶνος
794 846 901 874 τούτου.
924 846 956 873 'H
973 846 1002 873 δὲ

215 892 293 923 πόλις
309 891 397 918 αὐτῶν
416 891 464 918 καὶ
487 892 505 927 ὴ
532 891 686 923 ἀνάπαυσις
704 892 772 927 άλλη
796 892 870 918 ἐστίν
882 900 889 907 ·
907 892 999 927 ἔχουσι
1015 890 1038 918 Β

215 938 269 973 γὰρ
288 938 313 964 οἱ
328 938 487 974 Χριστιανοὶ
500 937 550 972 τὴν
564 937 738 973 παράκλησιν
759 936 805 964 τοῦ
831 937 1000 972 Πνεῦματος,

214 985 333 1020 δάκρυα,
351 984 398 1011 καὶ
423 983 537 1015 πένθος,
561 984 607 1010 καὶ
624 983 787 1019 στεναγμὸν,
808 983 856 1010 καὶ
874 982 944 1010 αὐτᾶ
965 982 1002 1010 τὰ

214 1030 318 1065 δάκρυα
336 1029 427 1065 τρυφὴ
449 1029 540 1060 αὐτοῖς
563 1029 648 1057 ἐστιν.
673 1030 785 1064 Ἔχουσι
799 1029 829 1056 δέ
845 1029 893 1056 καὶ
918 1028 1000 1063 φόϐον

213 1077 243 1102 ἐν
268 1076 341 1111 χαρᾷ
365 1076 413 1103 καὶ
433 1075 592 1110 ἀγαλλιάσει
607 1083 615 1091 ⁸
641 1075 689 1102 καὶ
704 1075 790 1106 οὕτως
806 1076 874 1102 εἰσὶν
891 1074 929 1106 ὡς
953 1074 1001 1101 ἄν-

213 1121 318 1157 θρωποι
343 1121 526 1157 βαστάζοντες
543 1122 584 1153 είς
602 1121 652 1153 τὰς
667 1122 762 1157 χεῖρας
777 1121 868 1148 αὐτῶν
882 1120 913 1147 τὸ
929 1118 1000 1156 αἷμα

212 1169 312 1201 αὐτῶν,
331 1169 369 1204 μὴ
387 1167 552 1204 θαρροῦντες
569 1169 688 1200 ἑαυτοῖς,
705 1167 722 1204 ἢ
740 1168 858 1203 οἰόμενοί
871 1177 898 1195 τι
915 1164 997 1202 εἶναι,

213 1214 271 1240 ἀλλ’
296 1215 372 1246 ὅντες
402 1213 620 1249 ἐξουδενούμενοι
643 1214 691 1242 καὶ
720 1214 998 1250 ἁποδεδοκιμασμένοι

213 1258 290 1295 παρὰ
305 1259 408 1291 πάντας
422 1258 593 1295 ἀνθρώπους.

250 1305 313 1332 KZ’.
335 1305 439 1341 Ὥσπερ
464 1306 512 1332 ἐὰν
588 1305 725 1341 βασιλεὺς,
751 1306 800 1334 καὶ
828 1307 929 1343 πτωχῷ
945 1316 998 1335 τινι

214 1351 373 1387 παράθηται
393 1351 439 1378 τὸν
456 1351 554 1379 ἑαυτοῦ
573 1352 720 1389 θησαυρὸν,
738 1353 752 1380 ὁ
765 1352 932 1388 παραλαϐὼν
946 1361 998 1388 φυ-

213 1398 304 1431 λάξαι,
320 1397 370 1425 οὐκ
393 1397 450 1433 ἔχει
470 1399 552 1425 αὑτὸν
568 1398 606 1431 ὡς
623 1398 700 1432 ἴδιον,
720 1398 778 1425 ἀλλ’
789 1399 916 1434 ὁμολογεῖ
930 1399 998 1426 πάν-

214 1453 275 1472 τοτε
290 1445 340 1480 τὴν
357 1445 495 1480 πτωχείαν
514 1445 609 1478 αὐτοῦ,
630 1445 668 1481 μὴ
679 1445 788 1481 τολμῶν
805 1445 998 1484 διασκορπίσαι

214 1492 246 1518 ἐκ
267 1491 315 1518 τοῦ
336 1491 476 1527 ἀλλοτρίου
494 1491 656 1527 θησαυροῦπ
668 1492 749 1518 τοῦτο
763 1496 818 1528 γαρ
840 1492 997 1528 ἐνθυμεῖται

214 1539 345 1571 πάντοτε,
370 1539 408 1571 ὡς
422 1540 452 1565 οὐ
479 1538 560 1574 μόνον
580 1538 720 1574 ἁλλότριός
732 1539 805 1566 ἐστιν
817 1539 831 1565 ὁ
845 1538 996 1574 θησαυρὸς,

213 1583 282 1610 ἀλλὰ
298 1584 344 1610 καὶ
357 1583 481 1619 βασιλεὺς
494 1583 627 1618 δυνάστης
639 1583 774 1619 παρέθετό
786 1592 832 1619 μοι
846 1583 937 1616 αὐτὸν,
950 1584 998 1611 καὶ

212 1631 277 1657 ὅταν
291 1629 357 1666 θέλῃ
371 1625 504 1665 λαμϐάνει
525 1630 606 1657 αὑτὸν
623 1630 670 1657 ἀπ’
684 1630 752 1666 ἐμοῦ
761 1639 768 1646 ί
784 1629 873 1662 οὕτως
887 1630 1000 1662 ἑαυτοὺς

213 1674 366 1709 ὀφείλουσιν
386 1675 514 1711 ἡγεῖσθαι
537 1676 585 1702 καὶ
608 1677 634 1703 οἱ
649 1675 757 1711 ἔχοντες
784 1677 833 1712 τὴν
852 1676 933 1712 χάριν
952 1676 999 1703 τοῦ

214 1722 281 1750 Θεοῦ
295 1741 304 1755 ,
327 1723 550 1758 ταπεινοφρονεῖν
568 1723 615 1749 καὶ
638 1723 778 1758 ὁμολογεῖν
797 1723 846 1758 τὴν
862 1723 1000 1759 πτωχείαν

213 1768 315 1795 αὐτῶν.
332 1768 436 1804 Ὥσπερ
452 1769 507 1803 γὰρ
521 1769 535 1794 ό
554 1768 661 1803 πτωχὸς
674 1770 688 1796 ό
701 1769 789 1796 λαϐὼν
809 1769 858 1805 τὴν
873 1771 1000 1807 παραθή-

213 1822 266 1849 κην
279 1813 327 1840 τοῦ
340 1813 477 1848 θησαυροῦ
495 1813 571 1848 παρὰ
583 1814 630 1840 τοῦ
644 1813 787 1848 βασιλέως,
804 1815 851 1841 ἐὰν
862 1816 1001 1849 πεποιθὼς

217 1861 263 1888 ἐπὶ
275 1860 316 1895 τῷ
329 1860 463 1895 ἀλλοτρίῳ
476 1859 617 1896 θησαυρῷ,
633 1860 671 1892 ὼς
688 1860 745 1896 ἰδίῳ
760 1861 867 1897 πλούτῳ
877 1863 1000 1899 ἐπαρθῇ,

218 1907 264 1934 ttat
286 1905 371 1940 τῦφον
392 1905 462 1941 λάϐῃ
480 1906 497 1941 ή
517 1906 615 1942 καρδία
639 1906 738 1936 αὐτοῦ.
760 1907 833 1943 αἴρει
854 1908 902 1935 ἀπ’
917 1909 1001 1936 αὐτοῦ

216 1953 230 1979 ό
248 1952 373 1987 βασιλεὺς
386 1953 431 1979 τὸν
445 1952 580 1989 θησαυρὸν
593 1952 686 1985 αὑτοῦ,
699 1953 746 1980 καὶ
757 1953 832 1988 μένει
847 1955 861 1981 ό
877 1955 1002 1990 ἐσχηκὼς

216 1997 296 2024 αὐτὸν
316 1997 346 2023 ἐν
368 1997 599 2034 παρακαταθήκῃ,
622 1994 678 2029 οἶος
691 1995 726 2033 ἦν
742 1998 795 2034 πρὸ
809 1998 904 2026 τούτου
928 2008 1002 2027 πτω-

216 2042 263 2078 χός
281 2050 288 2057 ’
303 2041 391 2074 οὕτως
412 2043 460 2070 καὶ
473 2043 498 2070 oi.
514 2042 621 2078 ἔχοντες
635 2043 684 2079 τὴν
695 2044 784 2079 χάριν,
797 2045 845 2071 ἐὰν
860 2045 1002 2080 ἐπαρθώσι

218 2090 263 2116 καὶ
277 2089 361 2124 τύψον
381 2089 499 2116 λάϐωσιν
512 2091 539 2116 αἱ
562 2090 671 2125 κάρδιαι
685 2090 785 2124 αὐτῶν,
807 2090 879 2127 αίρει
892 2093 940 2118 ἀπ’
954 2093 1003 2119 αὺ-

216 2135 270 2163 τῶν
285 2136 299 2162 ό
315 2135 417 2170 Κύριος
430 2135 480 2171 τὴν
493 2135 573 2171 χάριν
583 2135 678 2167 αὑτοῦ,
691 2136 737 2163 καὶ
749 2136 861 2171 μένουσι
873 2137 1000 2171 τοιοῦτοι,

216 2178 269 2208 οἶοι
285 2178 355 2216 ἦσαν
379 2180 432 2216 πρὸ
454 2180 502 2207 τοῦ
520 2180 612 2207 λαϐεῖν
626 2180 675 2217 τὴν
698 2181 777 2216 χάριν
793 2182 869 2217 παρὰ
882 2183 930 2210 τοῦ
944 2183 1002 2209 Κυ-

217 2229 287 2266 ρίου.
629 2254 634 2257 ,

251 2274 322 2303 κη’.
348 2274 427 2302 Ἀλλὰ
445 2273 538 2301 πολλοὶ
555 2274 644 2302 καίτοι
665 2274 797 2310 συνούσης
811 2275 861 2311 τῆς
872 2275 1000 2311 χάριτος,

215 2322 395 2358 numam;
415 2321 468 2348 ὑπὸ
487 2321 537 2356 τῆς
549 2321 683 2356 ἁμαρτίας
705 2321 755 2349 οὐκ
771 2321 883 2348 οἴδασιν.
897 2323 1002 2358 ’Ὠσπερ

216 2366 290 2404 ἐὰν
300 2367 421 2402 νεωτέρα
432 2368 461 2393 ἐν
474 2367 540 2401 οἴκῳ
550 2367 612 2397 τινὶ.
623 2367 724 2402 ὁμοίως
735 2368 783 2394 καὶ
794 2367 924 2402 νεώτερος
932 2376 940 2384 ’
955 2369 1002 2395 καὶ

215 2412 308 2440 λοιπὸν
314 2412 517 2448 κολακευομένη
527 2411 573 2438 ὑπ’
581 2412 685 2439 ἐκείνου
697 2414 766 2448 αὐτὴ
776 2413 905 2448 συνθῆται
916 2414 1001 2449 αὐτῷ,

215 2459 360 2494 μοιχᾶται,
374 2459 423 2485 καὶ
435 2458 588 2494 ἀπόϐλητος
604 2458 726 2492 γίνεται·
743 2458 814 2486 οὕτω
828 2460 875 2485 καὶ
891 2459 905 2485 ό
917 2460 1002 2491 δεινὸς

215 2504 277 2540 ὄφις
294 2505 344 2540 τῆς
360 2504 498 2540 ἁμαρτίας
519 2503 627 2531 σύνεστι
637 2505 670 2539 τῇ
681 2505 754 2540 ψυχῇ
767 2504 943 2540 γαργαρίζων
956 2505 1003 2531 καὶ

216 2551 439 2586 προτρεπόμενος
451 2559 458 2567 ·
479 2550 525 2577 καλ¹
536 2550 583 2577 ἐὰν
595 2550 742 2583 συνθῆται,
757 2551 881 2577 κοινωνεῖ
900 2551 916 2586 ἡ
932 2549 1003 2577 ἀσώ-

216 2598 303 2633 ματός
312 2597 386 2634 ψυχὴ
396 2599 429 2634 τῇ
443 2597 582 2633 ἀσωμάτῳ
593 2596 676 2632 κακίᾳ
689 2596 736 2623 τοῦ
748 2596 913 2632 πνεύματος,
926 2605 1003 2623 τουτ-

217 2644 413 2679 έστι,.πνεῦμα
427 2643 562 2678 πνεύματι
574 2643 708 2675 κοινωνεῖ,
723 2642 770 2668 καὶ
784 2642 906 2677 μοιχεύει
920 2642 949 2669 ἐν
968 2643 1002 2678 τῇ

218 2690 316 2726 καρδίᾳ
325 2690 408 2717 αὑτοῦ
421 2690 436 2716 ό
457 2689 645 2723 συντιθέμενος
660 2688 708 2715 καὶ
727 2688 942 2722 καταδεχόμενος
957 2688 1003 2714 τὸν

219 2732 346 2771 λογισμὸν
358 2736 404 2763 τοῦ
419 2735 548 2771 πονηροῦ.
560 2734 597 2761 Τὸ
608 2732 654 2761 οὖν
668 2734 767 2768 μέτρον
777 2732 824 2760 τοῦ
837 2733 942 2767 ἀγῶνός
955 2741 1001 2761 σου

220 2780 298 2807 τοῦτό
308 2782 391 2814 ἐστιν,
406 2782 449 2809 ἵνα
460 2782 497 2817 μὴ
510 2780 658 2816 μοιχεύσῃς
669 2781 698 2806 ἐν
711 2781 767 2811 τοῖς
779 2779 917 2815 λογισμοῖς
945 2779 1003 2806 ἀλλ’

223 2823 265 2850 ἵνα
276 2825 403 2861 ἁντιστῇς
414 2827 453 2861 τῷ
464 2827 510 2862 νῷ,
527 2827 575 2854 καὶ
585 2825 686 2852 ἔσωθεν
699 2825 815 2861 ποιήσῃς
828 2826 945 2861 πόλεμον
957 2826 1004 2852 καὶ

221 2869 322 2905 ἀγῶνα,
339 2873 384 2898 καὶ
399 2873 436 2908 μὴ
449 2873 616 2908 ὑπακούσῃς,
636 2872 702 2908 μηδὲ
721 2872 887 2908 συνηδυνθῇς
901 2872 933 2908 τῇ
952 2881 1002 2898 κα·

1055 257 1219 286 incumbunt
1230 258 1331 286 animo.
1346 259 1386 287 Ac
1395 268 1486 294 pravae
1497 260 1677 295 cogitationes
1691 260 1840 296 permistae,

1054 303 1168 331 omnino
1183 304 1262 332 facta:
1284 309 1350 332 sunt
1365 305 1441 332 velut
1456 306 1516 340 ejus
1538 307 1668 341 propriae,
1683 314 1734 334 nec
1751 311 1841 334 tamen

1054 349 1109 377 ulla
1122 349 1209 384 ipsius
1223 350 1333 385 propria
1345 355 1397 384 est,
1407 351 1472 386 quia
1485 352 1661 386 possidentur
1675 360 1689 379 a
1704 352 1787 379 vitiis.

1060 401 1062 404 '
1088 394 1184 423 XXVI.
1201 395 1291 424 Debes
1316 395 1401 431 igitur
1422 405 1546 431 quaerere
1560 398 1713 431 lucernam,
1725 406 1779 433 qua
1794 405 1842 425 ac-

1053 447 1136 468 censa
1147 441 1271 476 reperias
1285 449 1370 476 puras
1391 442 1579 477 cogitationes.
1605 444 1661 471 Illae
1682 443 1755 471 enim
1776 448 1842 471 sunt

1054 487 1206 521 naturales,
1217 495 1287 523 quas
1302 487 1368 515 fecit
1393 488 1540 521 Dominus;
1558 497 1619 523 quae
1638 490 1751 524 quidem
1772 497 1842 517 enu-

1054 532 1128 561 triue
1150 532 1179 560 in
1201 533 1270 561 mari
1293 533 1453 561 didicerunt
1469 538 1581 562 natare:
1599 543 1659 567 nec,
1682 535 1704 563 si
1730 535 1840 570 quando

1054 577 1255 606 assurrexerint
1276 582 1454 614 tempestates
1477 586 1511 606 ac
1533 578 1643 608 ﬂuctus.
1667 585 1838 614 stupescunt.

1053 623 1152 660 Sicque
1165 624 1395 653 suntChristiani.
1408 625 1489 653 Velut
1505 633 1583 652 mens
1591 625 1669 660 pueri
1686 626 1769 656 trimi.
1780 634 1837 661 quae

1053 677 1109 697 non
1131 673 1222 705 potest
1247 670 1357 705 assequi
1385 674 1433 698 aut
1455 671 1691 706 comprehendere
1721 677 1839 699 mentem

1052 716 1169 751 perfecti
1191 716 1331 751 sophistae,
1360 716 1425 751 quia
1451 716 1602 744 interﬂuxit
1629 718 1745 745 multum
1773 723 1838 746 tem-

1052 761 1146 797 poris,
1161 762 1201 789 sic
1222 769 1332 796 quoque
1355 762 1504 790 Christiani
1526 762 1641 797 perinde
1664 771 1696 791 ac
1722 763 1835 791 infantes

1052 806 1186 834 mundum
1199 807 1368 842 despiciunt,
1384 807 1522 836 intuentes
1537 809 1651 843 gradum
1667 809 1770 844 gratiae.
1783 809 1839 836 Ho-

1052 853 1139 888 spites
1152 853 1227 881 enim
1243 857 1308 880 sunt
1329 853 1412 888 hujus
1431 854 1534 882 smculi.
1550 854 1652 882 Civitas
1666 859 1757 882 autem
1780 855 1836 882 illo-

1051 907 1113 927 rum
1138 903 1167 926 et
1189 899 1299 934 requies
1314 905 1357 927 est
1382 900 1445 927 alia.
1471 900 1579 927 Habent
1602 901 1677 928 enim
1690 901 1837 928 Christiani

1051 946 1268 975 consolationem
1292 946 1422 981 Spiritus,
1443 947 1587 982 lacrymas,
1604 948 1707 975 luctum
1722 951 1751 974 et
1764 948 1839 982 plan--

1051 999 1124 1022 ctum
1137 1002 1144 1020 :
1159 997 1188 1021 et
1204 993 1270 1029 ipsae
1296 993 1422 1029 lacrymae
1445 998 1509 1021 sunt
1523 995 1577 1021 illis
1593 994 1653 1022 vice
1667 994 1836 1022 deliciarum.

1050 1038 1159 1066 Habent
1172 1045 1282 1073 quoque
1291 1043 1395 1066 metum
1411 1046 1474 1066 cum
1489 1039 1589 1074 gaudio
1598 1043 1626 1066 et
1637 1039 1837 1066 exsultatione:

1050 1085 1146 1120 sicque
1173 1088 1238 1112 sunt
1262 1084 1337 1112 velut
1362 1084 1488 1112 homines
1502 1089 1640 1119 gestantes
1665 1084 1692 1112 in
1711 1084 1839 1112 manibus

1050 1131 1210 1166 sanguinem
1219 1122 1372 1163 suum,non
1383 1129 1499 1156 nimium
1509 1129 1562 1157 sibi
1579 1129 1646 1164 ipsis
1656 1129 1836 1161 confidentes.

1049 1179 1098 1203 aut
1110 1175 1300 1203 existimantes
1315 1183 1344 1202 se
1358 1175 1461 1210 aliquid
1480 1182 1551 1205 esse.
1564 1175 1612 1202 sed
1632 1179 1696 1202 sunt
1708 1175 1836 1210 neglecti,

1049 1221 1200 1256 contempti
1217 1228 1250 1248 ac
1261 1220 1400 1256 reprobati
1414 1221 1486 1256 apud
1501 1228 1598 1248 omnes
1612 1220 1748 1248 homines.

1083 1315 1189 1343 XXVI].
1199 1315 1254 1350 60
1266 1313 1500 1348 Quemadmodum
1513 1313 1535 1341 si
1551 1321 1597 1340 rex
1607 1311 1678 1348 apud
1689 1320 1837 1347 pauperem

1048 1361 1195 1397 quemdam
1210 1361 1330 1396 deponat
1347 1368 1427 1388 suum
1449 1360 1622 1391 thesaurum,
1637 1359 1660 1386 is
1670 1359 1717 1394 qui
1732 1360 1838 1393 accepit

1048 1408 1080 1434 ad
1096 1406 1318 1440 custodiendum,
1330 1414 1385 1433 non
1400 1409 1510 1441 reputat
1531 1405 1608 1432 illum
1628 1409 1773 1437 ut.suum,
1789 1404 1837 1431 sed

1048 1453 1151 1488 ubique
1164 1452 1266 1480 fatetur
1277 1456 1466 1487 paupertatem
1482 1459 1570 1483 suam,
1583 1459 1638 1478 non
1651 1450 1756 1490 audens
1769 1450 1838 1477 dila-

1048 1499 1144 1534 pidare
1158 1498 1261 1534 aliquid
1280 1505 1315 1525 ex
1329 1498 1420 1525 alieno
1437 1497 1587 1524 thesauro:
1610 1497 1663 1523 hoc
1683 1503 1791 1530 semper
1810 1496 1838 1522 in

1048 1545 1140 1573 animo
1149 1552 1273 1577 versans,
1282 1551 1337 1571 non
1359 1551 1419 1571 esse
1431 1543 1519 1570 solum
1531 1542 1650 1569 alienum
1668 1542 1837 1573 thesaurum,

1050 1589 1099 1618 sed
1117 1589 1200 1617 etiam
1215 1596 1307 1624 regem
1328 1588 1418 1615 virttm
1432 1595 1546 1616 summa:
1567 1587 1696 1622 potentia:
1708 1594 1770 1614 eum
1790 1586 1839 1613 de-

1049 1635 1175 1671 posuisse
1187 1635 1260 1669 apud
1275 1642 1315 1667 se,
1327 1641 1369 1665 ac.
1381 1633 1492 1669 quando
1512 1633 1537 1660 ei
1551 1633 1640 1659 visum
1657 1632 1700 1663 sit,
1716 1640 1732 1658 a
1746 1639 1775 1658 se
1794 1639 1838 1658 re-

1050 1679 1305 1717 poscere:eosdem
1326 1679 1429 1707 debent
1451 1686 1480 1706 se
1498 1683 1637 1713 reputare,
1653 1677 1699 1712 qui
1723 1677 1838 1712 gratiam

1051 1727 1172 1755 divinam
1194 1725 1336 1754 consecuti
1361 1729 1436 1757 sunt,
1451 1724 1568 1752 demisse
1586 1731 1619 1751 ac
1643 1723 1785 1750 humiliter
1804 1722 1839 1749 de

1051 1783 1082 1803 se
1104 1774 1221 1806 sentire,
1242 1780 1275 1801 ac
1300 1772 1426 1801 conﬁteri
1457 1771 1577 1806 inopiam
1606 1777 1694 1798 suam.
1719 1768 1838 1796 Perinde

1051 1820 1125 1848 enim
1138 1827 1170 1847 ac
1182 1819 1206 1847 si
1217 1826 1332 1854 pauper,
1345 1818 1393 1853 qui
1410 1818 1569 1845 thesaurum
1581 1823 1596 1843 a
1608 1823 1671 1849 rege
1683 1814 1837 1850 depositum

1051 1866 1172 1901 accepit,
1190 1865 1281 1892 alieno
1300 1864 1429 1892 thesauro
1457 1862 1543 1890 fretus
1561 1862 1637 1888 velut
1657 1861 1716 1888 suis
1740 1859 1840 1894 opibus

1051 1913 1193 1944 efferatur,
1207 1919 1239 1938 ac
1247 1918 1295 1938 cor
1308 1910 1368 1945 ejus
1383 1909 1452 1937 altos
1462 1912 1553 1935 sumat
1564 1907 1689 1942 spiritus,
1702 1906 1792 1933 aufert
1803 1905 1839 1932 ab

1051 1965 1085 1986 eo
1099 1966 1147 1985 rex
1162 1957 1322 1984 thesaurum
1340 1962 1432 1986 suum,
1445 1962 1477 1981 ac
1492 1956 1635 1988 permanet
1656 1952 1712 1983 ille,
1728 1950 1775 1985 qui
1791 1950 1841 1976 de.-

1052 2003 1134 2038 positi
1156 2003 1218 2030 loco
1232 2009 1296 2029 eum
1317 2005 1471 2034 acceperat,
1484 1999 1572 2033 qualis
1587 2002 1645 2024 erat
1664 2001 1754 2027 antea,
1770 2003 1839 2030 pau-

1052 2058 1102 2086 per
1118 2058 1124 2076 :
1137 2049 1179 2076 sic
1189 2055 1309 2083 quoque,
1321 2047 1368 2082 qui
1380 2046 1494 2082 gratiam
1509 2043 1647 2072 consecuti
1663 2047 1737 2074 sunt,
1753 2043 1775 2070 si
1789 2050 1839 2069 ex-

1052 2096 1197 2128 tollantur,
1211 2101 1244 2122 ac
1261 2093 1421 2128 superbiam
1445 2091 1603 2126 concipiant
1623 2097 1719 2117 eorum
1743 2087 1839 2121 corda,

1052 2142 1143 2169 aufert
1151 2141 1186 2168 ab
1201 2141 1256 2168 illis
1272 2139 1404 2167 Dominus
1422 2138 1537 2173 gratiam
1552 2144 1640 2168 suam,
1655 2140 1684 2162 et
1697 2137 1840 2162 remanent

1052 2188 1130 2220 tales,
1145 2187 1240 2222 quales
1252 2190 1333 2214 erant
1345 2186 1503 2220 priuSquam
1520 2182 1662 2211 consecuti
1673 2185 1839 2216 cssentgra—

1054 2233 1118 2260 tiam
1131 2241 1146 2260 a
1158 2232 1284 2260 Domino.

1090 2279 1208 2307 XXVIII.
1223 2278 1324 2305 Verum
1344 2276 1434 2309 multi,
1457 2283 1487 2303 se
1508 2275 1551 2303 vel
1575 2275 1746 2303 inhabitante
1761 2273 1788 2301 in
1809 2282 1840 2301 se

1054 2326 1151 2362 gratia.
1160 2333 1175 2352 a
1186 2328 1298 2359 peccato
1306 2323 1376 2350 clam
1386 2320 1491 2356 subripi
1500 2329 1553 2348 non
1564 2321 1729 2356 percipiunt.
1738 2321 1840 2352 Quem-

1053 2371 1201 2399 admodum
1228 2369 1251 2396 si
1272 2369 1308 2397 sit
1333 2369 1358 2396 in
1381 2369 1463 2395 domo
1479 2368 1569 2403 aliqua
1591 2367 1714 2401 qutedam
1741 2367 1840 2400 juven-

1053 2416 1125 2448 eula,
1138 2414 1267 2442 similiter
1290 2418 1318 2440 et
1338 2413 1517 2443 adolescens;
1537 2415 1665 2438 caeterum
1692 2409 1751 2436 haec
1775 2416 1839 2434 ver-

1054 2462 1152 2489 borum
1174 2459 1312 2487 illvcebris
1329 2459 1363 2486 ab
1375 2466 1408 2486 eo
1423 2458 1541 2489 devicta,
1555 2456 1593 2483 illi
1617 2454 1764 2486 consentit,
1780 2458 1840 2480 stu-

1053 2515 1133 2543 prum
1149 2505 1306 2538 committit,
1320 2512 1363 2537 ac,
1384 2511 1444 2538 qua:
1466 2502 1629 2536 expellatur,
1645 2503 1784 2526 meretur:
1800 2498 1840 2525 sic

1055 2552 1241 2580 tcrribilisille
1252 2558 1366 2585 serpens
1380 2548 1484 2584 peccati
1497 2552 1630 2583 perpetuo
1642 2545 1720 2573 adest
1730 2545 1848 2577 aniuth

1053 2605 1113 2626 eam
1138 2597 1262 2624 alliciens
1285 2604 1317 2623 ac
1341 2602 1503 2630 provocans,
1531 2601 1591 2628 quae
1618 2593 1640 2619 si
1664 2591 1844 2626 astipuletur,

1054 2643 1238 2672 communicat
1260 2642 1352 2669 anima
1373 2641 1534 2675 incorporea
1550 2646 1612 2666 eutn
1639 2638 1706 2664 vitio
1726 2637 1841 2671 spiritus

1055 2690 1230 2725 incorporeo.
1243 2688 1295 2715 hoc
1304 2691 1356 2720 est,
1368 2687 1483 2721 spiritus
1492 2692 1555 2712 cum
1569 2684 1667 2719 spiritu
1680 2684 1839 2711 societatem

1055 2735 1116 2767 init.
1128 2740 1156 2762 et
1169 2734 1336 2762 adulterium
1352 2731 1500 2760 committit
1515 2731 1543 2758 in
1558 2730 1641 2758 corde
1660 2735 1711 2758 suo
1735 2730 1769 2762 is,
1793 2729 1840 2764 qui

1054 2780 1184 2808 societate
1214 2779 1280 2807 inita
1303 2777 1400 2812 recipit
1432 2776 1624 2812 cogitationem
1667 2775 1841 2811 nequissimi.

1054 2826 1150 2853 Modus
1170 2834 1235 2860 ergo
1252 2823 1412 2852 certaminis
1429 2823 1468 2849 tui
1492 2823 1538 2849 hic
1561 2826 1612 2854 est,
1628 2830 1661 2850 tte
1676 2823 1842 2850 adulterium

1055 2872 1210 2900 committas
1223 2871 1252 2899 in
1270 2868 1481 2906 cogitationibus
1495 2868 1560 2902 tuis,
1573 2868 1620 2896 sed
1639 2872 1669 2896 ut
1683 2869 1841 2899 relucteris.
