2078 3151
233 163 288 195 595

852 156 884 186 S.
902 156 1062 186 MACARII
1082 155 1240 186 IEGYP'I‘II

1807 157 1861 192 596

231 220 261 244 et
275 216 417 243 internum
431 213 533 242 bellum
548 219 580 239 ac
605 218 723 246 pugnam
740 209 884 246 suscipias,
895 217 947 238 nec
964 217 1024 237 mo-

1079 210 1123 245 κία
1134 210 1164 236 ἐν
1185 210 1241 242 τοῖς
1260 209 1416 246 λογισμοις·
1439 210 1486 237 καὶ
1499 210 1548 237 ἐὰν
1561 210 1664 245 ταύτην
1683 210 1732 245 τὴν
1750 212 1864 247 ἑτοιμα-

234 269 291 290 rem
307 268 398 297 geras,
413 267 482 287 neve
502 258 649 286 delecteris
661 265 676 284 a
690 256 814 292 nequitia
831 256 860 283 in
880 256 1022 292 cogitatio-

233 306 328 334 nibus.
341 305 427 338 Quam
441 302 526 330 animi
542 301 789 337 promptitudinem
803 299 827 327 si
848 300 980 328 Dominus
994 300 1022 328 in

234 357 262 380 te
277 349 476 386 deprehendat,
489 349 517 375 in
530 348 679 375 novissimo
698 346 743 374 die
764 346 881 382 recipiet.
894 350 921 374 te
940 347 968 374 in
980 354 1024 374 re-

234 405 319 434 gnum
332 397 476 424 malorum.

270 443 366 471 XXIX.
385 442 456 470 Sunt
468 441 542 469 enim
564 440 700 476 quazdam,
715 448 777 476 quae
802 441 840 468 ita
864 439 1024 468 moderatur

236 489 379 520 Dominus,
393 496 427 515 ne
438 487 544 514 nullum
564 486 753 514 testimonium
767 486 864 522 gratia:
883 485 984 513 divinae
996 491 1025 513 et

235 534 393 562 vocationis
403 541 460 561 sua:
474 533 595 560 ediderit
608 542 614 559 :
629 537 694 560 sunt
707 531 772 559 item
787 536 816 559 et
832 532 896 563 alia,
909 539 971 567 qua:
985 532 1024 559 ita

235 579 425 616 permittendo
453 579 628 607 administrat
658 579 746 610 Deus,
776 582 806 605 ut
835 577 970 613 probetur
997 582 1026 605 et

234 631 400 654 exerceatur
425 625 519 658 homo,
541 633 573 653 ac
595 625 707 660 pateliat
729 624 848 652 liberum
875 624 1025 652 voluntatis

237 673 365 700 humana:
382 672 539 699 arbitrium.
557 670 759 698 Amictionibus
783 670 857 698 enim
881 677 913 698 ac
934 675 1025 698 tenta-

238 719 362 747 tionibus
387 718 524 754 oppressi,
549 718 572 745 si
599 717 793 748 sustinuerint,
814 724 870 744 non
894 716 1026 744 excidunt

238 773 323 801 regno
350 765 492 792 malorum.
516 763 666 791 C-llristiani
692 770 758 798 ergo
777 763 805 789 in
827 763 910 790 rebus
920 762 1027 797 asperis

238 812 315 839 nullo
328 819 379 839 nec
392 811 487 838 dolore
505 818 555 838 nec
570 809 682 837 tristitia
696 809 862 836 afﬁciuntur.
878 808 905 836 Si
932 808 1025 844 inopia

239 863 286 885 aut
302 857 468 885 contumelia
485 856 675 892 explorantur,
699 864 753 883 non
781 855 885 883 debent
907 855 1027 882 admira-

238 904 314 932 tione
325 903 395 931 aﬂici
407 912 414 937 ;
432 903 525 939 potius
544 906 706 938 paupertate
718 902 861 935 delectari,
873 910 905 929 ac
921 910 971 937 pro
983 902 1026 929 di-

239 950 316 978 vitiis
331 950 445 981 habere,
459 949 593 985 jejunium
624 956 674 983 pro
707 948 824 980 deliciis,
848 948 1026 984 ignominiam

239 1003 291 1031 pro
305 995 402 1031 gloria.
417 995 454 1022 Ex
471 995 588 1022 adverso
611 995 634 1022 si
658 994 805 1021 inciderint
828 994 855 1021 in
872 1002 916 1021 res
932 994 960 1021 in
976 994 1028 1022 hac

239 1041 297 1069 vita
313 1041 468 1076 praeclaras,
483 1049 544 1076 qua:
561 1049 608 1068 eos
623 1040 754 1067 allectant
767 1040 800 1066 ad
824 1040 946 1075 quietem
969 1048 1028 1067 car-

240 1087 344 1118 nalem,
360 1087 393 1114 ad
410 1087 532 1118 divitias,
557 1086 590 1113 ad
617 1086 746 1121 gloriam,
769 1090 817 1113 aut
843 1086 876 1113 ad
902 1086 1026 1119 delicias,

239 1133 354 1160 omnino
366 1141 421 1160 non
437 1132 480 1160 his
491 1132 623 1160 delectari
644 1132 757 1166 debent,
771 1132 818 1160 sed
833 1132 909 1160 velut
921 1132 956 1159 ab
971 1132 1026 1168 igni

240 1177 383 1210 aufugero.

274 1267 360 1296 XXX.
376 1267 450 1296 Idem
477 1268 566 1296 oculis
589 1269 786 1304 subjicnamus:
811 1269 833 1296 si
851 1277 918 1304 gens
937 1269 1027 1304 aliqua

240 1315 341 1350 exigua
365 1319 510 1341 moveatur
532 1315 564 1341 ad
582 1314 684 1341 bellum
703 1315 759 1350 regi
774 1314 957 1347 inferendum,
972 1323 1028 1342 non

240 1361 320 1388 valde
335 1360 469 1388 sollicitus
479 1365 522 1387 est
538 1360 596 1395 ipse
613 1360 639 1387 in
657 1368 691 1387 eo
703 1360 885 1391 conﬁciendo,
902 1360 950 1388 sed
963 1361 1028 1388 mit-

241 1406 274 1433 tit
287 1406 388 1434 milites
399 1414 461 1433 cum
477 1405 605 1439 ducibus,
620 1407 668 1442 qui
687 1407 788 1434 bellum
803 1412 909 1443 gerant.
922 1407 950 1434 Si
962 1415 1028 1435 vero

242 1459 309 1487 gens
318 1456 393 1493 gnota
404 1460 460 1479 non
473 1452 509 1479 sit
523 1452 615 1487 exigui
632 1452 752 1485 numeri,
761 1461 822 1488 qua:
835 1460 932 1488 nempe
943 1453 1030 1488 possit

241 1502 368 1524 evertere
391 1505 506 1532 regnum
527 1498 597 1532 ejus,
621 1498 728 1533 cogitur
749 1499 807 1533 ipse
835 1506 883 1525 rex
895 1507 957 1525 cum
978 1498 1029 1526 do-

243 1542 366 1570 mesticis
380 1547 408 1570 et
417 1544 539 1570 exercitu
552 1551 603 1570 suo
620 1543 647 1570 in
665 1544 764 1570 bellum
776 1544 936 1578 procedere,
947 1549 1029 1579 atque
1043 1555 1064 1583 ο

244 1587 368 1615 collectis
393 1588 481 1622 copiis
509 1589 611 1616 bellum
641 1587 800 1624 proﬂigare.
827 1589 942 1623 ReSpice
965 1597 1030 1625 ergo

243 1634 405 1670 dignitatem
424 1639 508 1667 tuam,
532 1642 640 1669 nempe,
665 1634 750 1661 Deum
770 1635 956 1662 exsurrexisse
969 1642 1032 1662 cum

243 1686 295 1705 suo
303 1679 461 1710 exercitu",
468 1679 638 1714 angelorum,
646 1678 768 1713 inquam,
777 1683 805 1706 et
813 1683 968 1705 sanctorum
978 1679 1030 1714 61

244 1724 404 1759 spirituum,
417 1729 447 1752 ut
458 1732 500 1754 ea.
513 1732 574 1758 quae
589 1724 623 1750 ad
638 1731 668 1751 se
681 1728 799 1758 spectat.
813 1724 949 1759 legatione
974 1725 1033 1759 ipse

244 1770 407 1805 perfunctus
420 1775 446 1798 te
462 1770 612 1797 redimeret
626 1778 641 1797 a
657 1774 756 1797 morte.
778 1770 897 1797 Obllrma
911 1770 994 1806 igitur
1007 1775 1034 1798 te

245 1815 346 1850 ipsum.
369 1823 402 1843 ac
422 1816 523 1851 cogita,
549 1820 651 1850 quanta
677 1815 850 1850 providentia
877 1816 917 1843 tui
945 1815 1033 1851 gratia

244 1861 315 1888 facta
327 1861 364 1888 sit
377 1861 384 1888 ί
400 1861 535 1889 Caeterum
551 1861 657 1888 utimur
668 1861 794 1895 exemplo
810 1868 826 1888 e
839 1861 893 1888 vita
913 1861 1033 1888 humana

245 1905 331 1941 petito
355 1909 485 1940 tanquam
499 1905 526 1932 in
545 1905 599 1932 vita
613 1905 703 1933 adhuc
725 1905 898 1933 exsistentes.
915 1905 1033 1933 Perinde

245 1959 278 1979 ac
292 1951 314 1979 si
326 1959 374 1979 rex
387 1950 527 1979 incidatin
538 1951 684 1987 quemdam
698 1958 859 1986 pauperem,
873 1951 1032 1978 inﬁrmitate

245 1996 385 2030 allectum,
403 2004 453 2024 nec
477 1997 623 2024 erubescat
646 1996 805 2024 salubribus
823 1996 1033 2024 medicamentis

245 2043 306 2078 ejus
320 2050 417 2070 curare
431 2043 546 2070 vulnera
556 2063 563 2076 ,
577 2046 606 2069 et
619 2050 682 2070 eum
695 2043 723 2069 in
737 2042 868 2077 palatium
882 2049 962 2069 suum
975 2042 1033 2070 illa-

246 2092 304 2115 tum
327 2088 424 2116 induat
440 2096 561 2123 purpura
586 2096 618 2116 ac
641 2088 805 2122 diademate,
822 2093 904 2123 atque
918 2089 1032 2123 partici-

245 2141 308 2168 pem
323 2133 404 2160 faciat
425 2131 526 2161 mensae
541 2141 614 2161 suae:
632 2133 673 2160 sic
694 2134 815 2161 cmlestis
836 2141 883 2160 rex
906 2133 1033 2161 Christus

246 2179 380 2206 accedens
402 2179 437 2206 ad
463 2179 604 2206 hominem
628 2179 748 2214 graviter
767 2179 906 2210 alfectum,
926 2179 1033 2206 sanavit

1074 255 1135 282 σίαν
1151 255 1220 292 εὕρῃ
1235 256 1249 282 ὁ
1263 255 1364 291 Κύριος
1383 257 1412 282 ἐν
1429 256 1481 287 σοὶ.
1495 257 1523 282 ἐν
1535 257 1568 291 τῇ
1585 256 1688 292 ἐσχάτῃ
1703 257 1794 293 ἡμέρᾳ
1806 267 1862 284 πα-

1074 302 1245 338 ραλαμδάνει
1259 311 1289 329 σε
1302 303 1332 329 ἐν
1345 303 1378 338 τῇ
1393 302 1517 338 βασιλείᾳ
1534 303 1629 330 αὑτοῦ.

1111 439 1176 466 ΚΘ.
1213 446 1279 466 mm
1297 438 1350 474 γάρ
1369 446 1433 464 τινα
1457 437 1620 473 πράγματα,
1647 438 1664 465 ἃ
1685 439 1824 474 οἰκονομεῖ
1844 439 1859 465 ὁ

1075 485 1177 519 Κύριος
1201 484 1245 511 ἵνα
1260 484 1298 519 μὴ
1314 484 1471 520 ἀμάρτυρον
1487 484 1584 511 ἐαυτὸν
1600 485 1702 520 ποιήσῃ
1717 485 1766 520 τῆς
1784 485 1860 517 θείας

1074 531 1184 566 χάριτος
1196 531 1245 557 καὶ
1260 530 1310 564 τῆς
1325 529 1447 564 κλήσεως
1459 529 1541 556 αὑτοῦ
1553 537 1560 544 '
1579 530 1626 556 καὶ
1640 530 1698 556 ἐστι
1712 530 1775 557 τινα
1787 531 1861 566 πρά-

1074 585 1178 611 γματα,
1198 575 1216 602 ἃ
1232 575 1318 607 οὕτως
1339 576 1476 610 οἰκονομεῖ
1499 575 1570 602 κατὰ
1587 575 1794 611 παραχώρητιν,
1817 576 1860 602 ἵνα

1075 621 1228 657 δοκιμασθῇ
1243 621 1290 648 καί⁸
1303 620 1447 656 γυμνασθῇ
1459 621 1473 647 ὁ
1487 619 1640 656 ἄνθρωπος,
1655 621 1698 648 ἵνα
1712 622 1859 657 ἀποδειχθῇ

1075 667 1105 694 τὺ
1119 666 1291 701 αὐτεξούσιον
1305 666 1354 693 τοῦ
1373 666 1527 702 ἀνθρώπου.
1541 668 1572 694 Ol
1585 667 1638 703 γὰρ
1654 668 1683 695 ἐν
1694 667 1799 702 θλίψεσι
1812 668 1860 695 καὶ

1075 713 1238 748 πειρασμοῖς
1260 712 1348 744 ὄντες,
1362 712 1409 738 ἐὰν
1429 712 1622 747 ὑπομείνωσιν,
1637 714 1687 739 οὐχ
1701 714 1859 748 ἀποτυγχά-

1075 767 1152 785 νουσι
1163 758 1212 793 τῆς
1227 757 1365 793 βασιλείας
1377 758 1432 784 τῶν
1446 758 1579 794 οὐρανῶν.
1596 759 1628 785 Οἱ
1642 756 1689 786 οὖν
1702 760 1859 794 Χριστιανοὶ

1076 805 1105 831 ἐν
1119 805 1174 836 τοῖς
1187 803 1322 840 θλιὸεροϊς
1336 804 1496 839 πράγμασιν
1509 804 1558 830 οὐκ
1573 804 1728 839 ἄχθονταιῆ
1741 805 1860 832 λυποῦν-

1077 858 1139 877 ται⁹
1162 850 1211 878 ἐὰν
1230 851 1259 877 ἐν
1281 849 1362 886 πενίᾳ
1382 850 1398 886 ἢ
1424 850 1575 886 κακουρχίᾳ
1599 851 1788 884 ἐξετασθῶσιν,
1812 853 1862 878 οὐχ

1077 896 1214 930 ὀφείλουσι
1235 896 1398 929 ξενίζεσθαι,
1414 896 1482 923 ἀλλὰ
1497 897 1596 931 μᾶλλον
1617 897 1810 932 συνηδύνεσθαι
1826 899 1859 933 τῇ

1077 941 1209 977 πτωχείᾳ,
1230 942 1277 968 καὶ
1294 941 1421 976 ἡγεῖσθαι
1440 942 1500 968 ἀντὶ
1519 942 1646 975 πλούτου,
1669 942 1717 978 τὴν
1732 944 1860 977 νηστείαν

1077 987 1138 1015 ἀντὶ
1158 987 1274 1023 τρυφῆς,
1292 987 1342 1022 τὴν
1360 987 1474 1022 ἀτιμίαν
1494 988 1543 1014 καὶ
1559 987 1667 1020 ἀδοξίαν
1692 989 1752 1015 ἀντὶ
1765 989 1859 1024 δόξης·

1077 1033 1158 1061 πάλιν
1177 1032 1217 1064 δὲ,
1238 1033 1288 1059 ἐὰν
1304 1033 1461 1068 ἐμπέσωσιν
1475 1033 1516 1063 είς
1538 1034 1689 1069 πράγματα
1710 1034 1801 1066 ἔνδοξα
1823 1035 1862 1069 τῷ

1078 1079 1128 1114 βίῳ
1140 1079 1237 1114 τούτῳ,
1253 1078 1325 1113 ἅπερ
1338 1078 1522 1114 προτρέπεται
1544 1079 1641 1111 αὐτοὺς
1652 1080 1692 1111 είς
1706 1080 1862 1106 ἀνάπαυσιν

1078 1123 1223 1159 σαρκικὴν,
1241 1123 1257 1158 ἢ
1278 1122 1403 1156 πλοῦτον,
1417 1123 1433 1159 ἢ
1447 1123 1567 1159 δόξαν,ἥ
1588 1125 1704 1160 τρυφὴν,
1725 1125 1861 1160 ὀφείλουσι

1079 1171 1117 1206 μὴ
1142 1169 1307 1206 συνήδεσθαι
1332 1169 1453 1203 τούτοις,
1469 1170 1526 1198 ἀλλ’
1556 1171 1723 1206 ἀποφεύγειν
1750 1171 1788 1202 ὡς
1808 1172 1862 1198 ἀπὸ

1078 1216 1174 1252 πυρός.

1112 1262 1151 1290 Λ¹.
1166 1263 1212 1294 Et;
1226 1270 1256 1289 το
1267 1271 1443 1298 φαινδμενον·
1476 1263 1536 1294 dvo;
1546 1263 1594 1290 ἐὰν
1611 1263 1751 1300 ἐλάχιστον
1773 1264 1862 1292 ἐπικι-

1077 1309 1146 1345 νηθῇ
1157 1309 1197 1344 τῷ
1213 1308 1317 1344 βασιλεῖ
1332 1309 1401 1345 πρὸς
1418 1309 1546 1344 πόλεμον,
1565 1310 1596 1336 οὐ
1616 1310 1716 1344 κάμνει
1737 1310 1863 1345 πολεμῶν

1079 1355 1170 1386 αὐτὸς,
1185 1355 1242 1381 ἀλλ’
1258 1355 1417 1382 ἀποστέλλει
1431 1355 1598 1390 στρατιώτας
1610 1357 1679 1391 μετά
1693 1356 1748 1383 τῶν
1763 1357 1861 1392 ἀρχόν-

1078 1410 1133 1428 των
1143 1401 1244 1434 αύτῶν,
1258 1401 1304 1428 καὶ
1316 1401 1455 1428 ποιοῦνται
1467 1403 1512 1428 τὸν
1524 1402 1653 1437 πόλεμον.
1670 1402 1734 1429 Ἐὰν
1747 1403 1775 1429 δὲ
1788 1403 1862 1434 ἔθνος

1081 1445 1236 1484 μέγιστονῇ
1247 1448 1277 1474 τὸ
1288 1447 1455 1482 ὲπικινηθέν.
1465 1447 1614 1483 δυνάμενον
1628 1448 1800 1483 ἐμπορθῆσαι
1814 1449 1863 1482 τὴν

1081 1493 1219 1528 βασιλείαν
1232 1494 1326 1525 αὐτοῦ,
1342 1493 1527 1528 ἀναγκάζεται
1541 1494 1620 1526 αὐτὸς
1640 1496 1654 1521 ὸ
1673 1494 1799 1529 βασιλεὺς
1815 1495 1862 1520 σὺν

1079 1542 1136 1572 τοῖς
1154 1541 1182 1567 ἐν
1207 1540 1247 1575 τῷ
1271 1540 1394 1575 παλατίῳ
1427 1540 1474 1566 καὶ
1496 1541 1553 1572 τοῖς
1573 1541 1764 1575 στρατοπέδοις
1783 1541 1864 1567 αὐτοῦ

1081 1586 1207 1614 ἀπελθεῖν
1218 1587 1402 1622 συγκροτῆσαι
1415 1587 1461 1614 τὸν
1475 1586 1604 1622 πόλεμον.
1617 1587 1704 1614 Βλέπε
1715 1587 1762 1614 οὖν
1775 1595 1820 1613 σου
1834 1587 1865 1613 τὸ

1080 1632 1199 1667 ἀξίωμα,
1210 1633 1251 1659 ὅτι
1264 1633 1278 1658 ό
1299 1632 1365 1664 Θεὸς
1386 1633 1498 1668 ἐκινήθη
1523 1634 1592 1668 μετὰ
1607 1633 1654 1660 τοῦ
1672 1634 1738 1660 ἰδίου
1752 1642 1864 1668 στρατο-

1080 1679 1174 1710 πέδου,
1191 1678 1245 1705 τῶν
1267 1678 1389 1712 ἀγγέλων
1407 1678 1479 1713 λέγω
1500 1679 1549 1706 καὶ
1566 1679 1615 1706 τῶν
1631 1678 1718 1713 ἁγίων
1740 1679 1866 1713 πνευμά-

1081 1734 1146 1757 των,
1172 1725 1212 1756 εἰς
1235 1725 1285 1759 σὴν
1309 1724 1458 1759 πρεσϐείαν
1479 1724 1514 1752 δι’
1530 1724 1628 1750 ἑαυτοῦ
1651 1723 1745 1756 ἐλθὼν,
1771 1724 1814 1750 ἴνα
1836 1732 1866 1750 σε

1081 1771 1253 1806 λυτρώσηται
1265 1771 1297 1797 ἐκ
1307 1769 1354 1796 τοῦ
1365 1770 1492 1798 θανάτου.
1514 1769 1674 1804 ’Δσφάλισαι
1685 1769 1732 1796 οὖν
1742 1770 1865 1803 σεαυτὸν,

1081 1817 1130 1844 καὶ
1143 1816 1283 1852 ἐννοήθητι
1297 1817 1340 1843 οἱα
1358 1816 1472 1851 πρόνοια
1490 1816 1535 1843 διὰ
1561 1816 1591 1842 σὲ
1607 1816 1763 1851 γεγένηται.
1783 1816 1868 1843 Ὑπο-

1083 1862 1208 1898 δείγματι
1221 1862 1249 1889 δὲ
1264 1861 1381 1897 βιωτικῷ
1394 1861 1565 1897 κεχρήμεθα,
1587 1861 1625 1893 ὼς
1637 1863 1666 1888 ὲν
1677 1861 1738 1897 βίῳ.
1761 1861 1867 1896 Ὠσπερ

1081 1908 1116 1936 ἀν
1178 1908 1322 1944 βασιλεὺς,
1350 1908 1398 1934 καὶ
1419 1907 1487 1943 εὕρῃ
1511 1907 1572 1934 τινὰ
1598 1907 1686 1942 ἐνδεῆ,
1708 1909 1756 1934 καὶ
1773 1907 1868 1943 ἔχοντα

1081 1955 1171 1990 πάθη,
1192 1954 1239 1981 καὶ
1259 1953 1297 1989 μὴ
1320 1953 1489 1988 ἐπαισχυνθῇ
1509 1953 1604 1985 αὑτὸν,
1625 1953 1694 1980 ἀλλὰ
1712 1955 1868 1989 φαρμάκοις

1083 2000 1238 2034 ίαματικοίς
1272 1999 1430 2034 θεραπεύσῃ
1462 1998 1544 2025 αὑτοῦ
1573 1998 1608 2026 τὰ
1637 1999 1795 2034 τραύματα,
1822 1999 1869 2025 καὶ

1081 2045 1219 2080 ἀπενέγκῃ
1238 2043 1320 2070 αὑτὸν
1346 2045 1386 2075 εἰς
1413 2043 1445 2071 τὸ
1472 2044 1570 2072 ἑαυτοῦ
1591 2045 1733 2076 Μλάτιον,
1753 2045 1802 2072 καὶ
1827 2046 1869 2071 ἐν-

1081 2090 1148 2125 δύσῃ
1173 2090 1254 2117 αὐτὸν
1277 2090 1327 2126 τὴν
1352 2090 1510 2127 πορφυρίδα
1528 2091 1575 2117 καὶ
1603 2091 1634 2117 τὺ
1662 2090 1800 2126 διάδημα,
1823 2090 1870 2118 καὶ

1081 2138 1183 2173 ποιήσῃ
1198 2137 1278 2164 αὑτὸν
1296 2138 1426 2165 κοινωνὸν
1441 2138 1492 2173 τῆς
1512 2137 1653 2173 τραπέζης
1667 2137 1750 2164 αὐτοῦ
1762 2145 1769 2151 ·
1785 2137 1870 2167 οὕτως

1082 2184 1131 2210 καὶ
1148 2183 1162 2209 ὁ
1176 2184 1335 2218 ἐπουράνιος
1351 2183 1480 2219 βασιλεὺς
1494 2183 1622 2219 Χριστὸς,
1637 2182 1723 2209 ἐλθὼν
1743 2183 1811 2218 πρὸς
1825 2182 1870 2208 τὸν

246 2232 309 2252 eum
330 2230 412 2259 atque
429 2224 534 2252 socium
558 2223 623 2252 fecit
637 2224 718 2259 regia:
738 2232 839 2251 mensae
850 2231 925 2256 suae;
940 2225 1031 2252 ethoc

1084 2229 1225 2264 ἄνθρωπον
1239 2229 1334 2264 ἔχοντα
1347 2229 1420 2264 πάθη
1438 2229 1541 2260 ἰάσατο,
1554 2229 1601 2256 καὶ
1617 2229 1730 2264 ἐποίησε
1744 2228 1870 2255 κοινωνὸν

247 2270 358 2304 quidem
377 2270 451 2297 nulla
470 2270 497 2297 vi
517 2270 578 2305 ejus
602 2270 770 2297 voluntatem
793 2270 970 2304 compellens,
984 2270 1033 2298 sed

247 2315 371 2344 alliciens
384 2317 414 2344 in
429 2320 531 2344 tantam
546 2315 707 2351 dignitatem
721 2323 785 2344 eum
799 2316 952 2344 constituit.

281 2420 378 2448 XXXI.
396 2421 535 2456 Scriptum
549 2421 623 2448 enim
644 2426 687 2449 est
706 2421 734 2449 in
749 2422 897 2457 Evangelio
915 2421 1031 2448 :Domi—

247 2475 311 2495 num
324 2468 453 2494 dimisisse
476 2475 563 2494 seruos
587 2467 622 2494 ad
644 2469 790 2495 vocandum
813 2476 866 2500 eos,
881 2468 926 2504 qui
941 2468 1032 2495 volunt

248 2512 345 2543 venire,
363 2512 522 2538 denuntians
548 2511 616 2544 illis,
635 2511 783 2539 Prandium
807 2520 893 2539 meum
908 2517 1033 2548 paratum

248 2562 296 2584 est.
312 2556 362 2590 Qui
377 2565 437 2583 uero
455 2558 542 2584 vocati
558 2561 634 2584 erant
654 2563 812 2585 musarum
836 2566 874 2589 se,
891 2559 1007 2585 dicentes
1024 2578 1032 2591 ,

248 2602 317 2629 alter
327 2603 445 2635 quidem.
455 2602 526 2635 Emi,
540 2603 639 2638 inquit,
647 2604 715 2639 juga
723 2604 816 2637 boum;
827 2604 906 2636 alius,
921 2604 1034 2632 Uxorem

248 2648 314 2674 duxi
331 2648 364 2674 “.
379 2648 462 2676 Vides
477 2653 601 2683 paratum
616 2649 701 2677 fuisse
726 2650 773 2684 qui
787 2651 905 2682 vocavit,
923 2655 1035 2678 vocatos

248 2700 316 2720 vero
331 2693 465 2722 renuisse.
482 2694 609 2722 Profecto
624 2695 652 2722 hi
666 2696 708 2723 sui
719 2695 806 2731 ipsius
824 2696 862 2724 rei
878 2696 942 2724 facti
958 2700 1033 2724 sunt.

250 2738 338 2767 Tanta
355 2745 399 2767 est
414 2740 498 2776 igitur
507 2740 627 2776 dignitas
637 2741 868 2770 Christianorum.
881 2742 1033 2778 Perpende,

251 2783 396 2814 Dominum
414 2794 582 2822 praeparasse
597 2787 651 2816 illis
669 2795 798 2825 regnum,
824 2793 852 2817 ct
869 2797 982 2817 vocasse
1000 2790 1035 2817 il-

1083 2275 1133 2310 τῆς
1155 2274 1296 2310 βασιλικῆς
1318 2275 1400 2302 αὑτοῦ
1424 2274 1581 2310 τραπέζης·
1599 2274 1646 2301 καὶ
1659 2275 1739 2301 τοῦτο
1759 2274 1790 2301 οὺ
1811 2273 1870 2309 βια-

1085 2320 1202 2355 σάμενος
1215 2320 1246 2346 τὸ
1261 2320 1368 2355 θέλημα
1384 2319 1478 2352 αὑτοῦ,
1498 2319 1567 2346 ἀλλά
1581 2320 1806 2356 προτρεψάμενος
1823 2320 1872 2347 αύ-

1083 2365 1130 2392 τὸν
1144 2366 1183 2397 είς
1194 2364 1243 2400 τὴν
1257 2364 1387 2400 τοιαύτην
1398 2365 1489 2400 ἵστησι
1502 2365 1597 2400 τιμήν.

1120 2421 1182 2449 AA’.
1197 2423 1253 2449 Καὶ
1272 2421 1327 2457 γὰρ
1352 2422 1382 2448 ἐν
1399 2421 1438 2456 τῷ
1453 2421 1611 2457 Εύαγγελίῳ
1635 2421 1804 2457 γέγραπται,
1829 2423 1872 2448 ὅτι

1091 2469 1258 2496 Ἀπέστειλε
1272 2468 1342 2502 τοὺς
1358 2468 1465 2495 summ?-
1476 2468 1606 2502 δούλους
1618 2470 1635 2496 ό
1646 2469 1758 2503 κύριος,
1768 2468 1871 2495 καλῶν

1085 2515 1155 2548 τοὺς
1175 2514 1328 2547 θέλοντας,
1343 2513 1484 2548 δηλώσας
1499 2515 1616 2548 αὐτοῖς,
1630 2515 1676 2542 ὅτι
1693 2515 1728 2542 Τὸ
1746 2514 1872 2548 ἄριστόν

1083 2569 1143 2596 μου
1158 2561 1351 2596 ἡτοίμασται·
1365 2561 1450 2588 αὐτοὶ
1461 2560 1495 2588 δὲ
1509 2562 1536 2587 οί
1549 2561 1729 2595 κεκλημένοι
1739 2560 1873 2595 παρῃτή-

1090 2615 1186 2635 σαντο
1199 2607 1350 2640 λέγοντες,
1372 2606 1406 2640 ὃς
1419 2606 1487 2641 μὲν,
1506 2607 1666 2641 Ἥγόρασα,
1691 2608 1769 2642 φησι,
1784 2606 1871 2641 (etim

1081 2653 1184 2687 βοῶν·
1210 2653 1316 2686 ἄλλος,
1342 2653 1476 2680 Γυναῖκα
1491 2653 1680 2688 ἡρμοσάμην.
1712 2653 1794 2689 Ὁρᾷς
1804 2653 1872 2680 ὅτιὸ

1085 2700 1193 2736 κλήτωρ
1210 2699 1328 2735 ἕτοιμος,
1344 2700 1368 2726 oi
1378 2699 1407 2726 δὲ
1421 2699 1566 2735 κληθέντες
1579 2701 1716 2727 ἀντεῖπον.
1736 2701 1807 2735 Ἀρα
1821 2700 1872 2726 αὺ-

1084 2748 1126 2772 τοὶ
1141 2744 1245 2774 ἑαυτῶν
1268 2745 1349 2772 αιτιοι
1375 2745 1515 2780 γεγόνασι.
1541 2745 1678 2773 Τοσοῦτον
1695 2744 1756 2773 οὖν’
1769 2746 1827 2773 ἐστι
1842 2746 1873 2772 τὸ

1085 2790 1194 2828 ἀξίωμα
1206 2791 1261 2819 τῶν
1276 2791 1457 2828 Χριστιανῶν.
1485 2791 1572 2818 Βλὲπι
1585 2792 1627 2820 ὅτι
1641 2793 1654 2820 ὸ
1676 2792 1778 2828 Κύριος
1793 2792 1871 2827 ἡτοί-

284 2873 309 2892 ⁶³
321 2874 393 2906 Psal.
410 2883 499 2909 xxnv,
519 2880 545 2908 8.
584 2878 605 2895 “
623 2877 691 2906 Luc.
710 2886 765 2913 xlv,
776 2877 874 2914 18-20;
889 2878 985 2908 Matth.
997 2887 1063 2914 xm,
1079 2879 1105 2906 ί.
