2078 3151
208 145 262 179 597

820 151 1004 185 HOMILIE.
1018 167 1053 173 -
1067 156 1160 190 HOM.
1181 158 1241 190 XV.

1779 167 1831 199 598

218 211 306 240 μασεν
321 203 413 236 αὐτοῖς
427 203 476 240 τὴν
493 204 633 240 βασιλείαν
647 225 655 238 ,
675 207 724 233 καὶ
739 208 815 234 καλεί
830 210 930 241 αὐτοὺς
943 211 997 237 είσ-

1051 212 1092 240 los
1107 213 1142 241 ad
1160 214 1379 252 ingrediendum,
1398 220 1471 256 Ipsos
1489 229 1556 250 vero
1573 223 1705 253 noluisse.
1721 225 1759 253 De
1772 218 1848 254 mu-~

216 251 319 283 ελθεῖν,
332 251 409 277 αὐτοὶ
424 251 451 277 δὲ
464 251 493 277 οὐ
506 251 622 279 θέλουσι.
637 253 708 287 Πρὸς
722 253 750 279 τὸ
763 253 832 289 δόμα
844 255 890 281 οὖν
904 256 919 282 ὃ
935 256 1000 291 μέλ-

214 297 290 324 λουσι
298 295 484 331 κληρονομεῖν.
492 296 570 323 τοῦτο
578 297 610 324 ἄν
616 306 657 329 τις
664 298 751 334 ὀρθῶς
759 299 840 331 εἴποι,
848 301 879 326 ΕΞ
886 301 1000 333 ἕκαστος

215 342 262 377 ἀφ’
269 339 300 369 οὗ
308 342 418 376 ἐκτίσθη
426 343 439 368 ό
451 342 545 376 Ἀδὰμ,
554 342 605 374 ἕως
612 343 662 377 τῆς
670 344 877 376 συντελείαςτοῦ
886 346 998 381 κόσμου,

215 389 344 424 ἐπολέμει
368 388 436 423 πρὸς
450 388 495 415 τὸν
508 390 640 421 Σατανᾶν.
661 390 707 417 καὶ
733 391 864 426 ὑπέμεινε
881 392 930 424 τὰς
943 393 1001 419 θλί-

217 435 290 468 ψεις,
307 433 383 460 οὐδὲν
402 434 473 468 μέγα
496 435 582 461 ἐποίει
599 435 666 470 πρὸς
689 436 738 462 τὴν
765 436 843 467 δόξαν
858 437 890 471 ἣν
907 437 999 472 μέλλει

216 482 404 516 κληρονομεῖν.
421 481 638 516 Σνμὸασιλεύσει
665 483 718 518 γὰρ
739 484 779 514 εἰς
796 484 858 516 τοὺς
878 485 999 520 ἀπεράν-

214 535 276 558 τους
290 527 393 558 αἰῶνας
408 528 476 561 μετὰ
493 528 623 563 Χριστοῦ.
640 529 709 561 Δόξα
724 529 762 564 τῷ
778 530 864 562 οὕτως
889 531 999 566 ἀγάπη-

214 581 291 599 σαντι
304 572 354 607 τὴν
371 573 499 608 τοιαύτην
517 574 616 608 ψυχὴν,
637 575 676 601 ὅτι
691 575 771 601 αὐτὸν
787 575 867 607 αὑτός
884 577 931 603 καὶ
949 577 999 613 τὴν

213 618 294 653 χάριν
304 618 385 657 αὐτοῦ
398 619 492 652 ἔδωκε,
502 621 548 646 καὶ
559 620 733 647 ὲνεπίστευσε
743 623 776 657 τῇ
789 621 871 657 ψυχῇ.
886 622 954 656 Δόξα
965 625 997 659 τῇ

215 663 395 700 μεγαλωσύνη
411 665 505 692 αὐτοῦ.

250 710 312 736 AB’.
326 711 405 736 Κατὰ
415 710 449 737 τὰ
469 711 621 747 φαινόμενα
640 714 801 750 πράγματα.
827 715 881 742 ἰδοὺ
897 715 999 747 πάντες

213 757 239 783 οἱ
256 756 433 791 καθεζόμενοι
453 758 561 792 ἀδελφοὶ
583 759 647 794 μίαν
671 761 762 788 εἰκόνα
777 761 887 796 ἔχομεν,
907 762 954 788 καὶ
970 761 999 788 ἓν

214 801 361 836 πρόσωπον
372 801 418 827 τοῦ
436 801 521 837 ’Δδάμ
532 810 540 817 ·
557 800 611 838 ἆρα
634 805 680 830 καὶ
695 806 733 836 εἰς
756 806 785 832 τὸ
806 807 936 842 κρυπτὸν,
952 806 998 833 καὶ

214 845 256 877 είς
269 846 304 872 τὰ
319 846 446 872 ἔνδότατα
461 847 620 882 πράγματα,
638 850 686 883 μία
701 850 773 876 ἐστὶν
795 852 811 885 ἡ
838 852 998 887 προαίρεσις

215 891 338 924 πάντων;
364 891 411 918 καὶ
438 892 488 927 μία
518 894 629 928 καρδίας
656 896 755 927 πάντες
775 896 829 931 ἄρα
853 896 882 923 ἓν
899 898 994 932 ἐσμεν,
1014 895 1035 923 Β

213 937 313 972 ἀγαθοὶ
328 939 374 965 καὶ
404 938 550 971 θεοσεϐεῖς.
571 941 606 967 Ἣ
623 942 675 976 ἄρα
692 943 743 969 είσί
768 952 840 975 τινες
856 944 886 976 ἐξ
905 945 995 979 ήμῶν,

213 983 255 1010 ὅτι
278 984 302 1010 οἰ
335 984 385 1019 μὲν
417 985 575 1012 κοινωνοῦσι
604 987 713 1022 Χριστῷ
746 988 793 1015 καὶ
828 991 884 1021 τοῖς
910 990 994 1024 ἀγγέ-

214 1028 270 1060 λοις
295 1029 397 1062 αὑτοῦ,
417 1030 442 1056 οἱ
460 1030 488 1056 δὲ
512 1031 550 1066 τῷ
576 1032 683 1067 Σατανᾷ
711 1034 757 1060 καὶ
783 1036 838 1066 τοῖς
866 1035 995 1070 δαίμοσι·

214 1075 262 1100 καὶ
282 1075 337 1101 ὅλοι
352 1075 389 1107 ὡς
415 1074 455 1108 εἷς
480 1078 634 1113 φαινόμενοι
659 1079 725 1113 ἐμοῦ
754 1080 944 1115 καθεζόμεθα·
968 1081 997 1108 ἓν

215 1122 361 1156 πρόσωπον
383 1123 430 1149 τοῦ
456 1123 541 1159 Ἀδὰμ
566 1125 666 1156 πάντες
697 1125 804 1160 ἔχομεν.
827 1127 908 1162 Ὁρᾷς
936 1128 995 1159 πῶς

213 1168 302 1195 ἄλλοτί
314 1169 417 1204 ἐστινὴ
435 1170 516 1205 νοερὰ
539 1171 626 1203 οὐσία,
642 1173 655 1197 ὁ
669 1172 723 1197 ἔσω
742 1171 895 1207 ἄνθρωπος,
920 1174 996 1209 παρὰ

213 1215 258 1241 τὴν
280 1215 347 1248 ἐξω;
371 1216 412 1242 ὄτι
430 1213 471 1247 εἷς
497 1216 648 1251 φαινόμεθα
663 1218 686 1243 οἱ
702 1217 801 1248 πάντες
814 1226 820 1232 ·
835 1218 882 1244 καὶ
902 1219 927 1244 oi
948 1220 996 1253 μὲν

216 1260 283 1294 μετὰ
307 1260 354 1287 τοῦ
373 1262 491 1296 Χριστοῦ
521 1262 568 1288 καὶ
596 1262 651 1288 τῶν
679 1263 802 1296 ἀγγέλων
821 1263 889 1290 εἰσίν
902 1273 908 1279 ·
927 1265 950 1290 οι
968 1265 996 1291 δὲ

218 1306 285 1339 μετὰ
305 1306 350 1332 τοῦ
374 1308 480 1334 Σατανᾶ
503 1308 549 1334 καὶ
566 1308 621 1334 τῶν
645 1308 807 1344 ἀκαθάρτων
821 1311 994 1345 πνευμάτων.

216 1352 247 1378 El
267 1350 312 1378 οὖν
326 1353 343 1388 ἡ
357 1354 453 1388 καρδία
470 1353 551 1389 βάθος
566 1364 591 1381 τι
604 1354 661 1390 ἔχει
681 1356 844 1390 ἀπέραντον,
863 1357 923 1383 ἐκεῖ
942 1358 996 1383 εἰσι

215 1398 357 1433 τρίκλινοι,
381 1401 428 1426 καὶ
450 1400 587 1433 κοιτῶνες,
616 1401 705 1436 θύραι,
729 1402 776 1428 καὶ
797 1403 931 1437 πρόθυρα,
949 1403 995 1429 καὶ

213 1444 347 1471 διακονίαι
364 1445 468 1476 πολλαὶ,
492 1447 539 1473 καὶ
553 1445 672 1479 διέξοδοι.
696 1447 769 1473 Ἐκεῖ
791 1448 848 1473 ἐστι
862 1448 892 1473 τὸ
910 1448 994 1481 ὲργα-

217 1490 327 1525 στήριον
340 1490 389 1524 τῆς
401 1490 584 1525 δικαιοσύνης,
598 1492 644 1517 καὶ
658 1492 763 1523 ἀδικίας
778 1500 785 1507 ο
805 1493 862 1518 ἐκεῖ
886 1493 900 1518 ό
911 1493 994 1518 θάνα-

215 1545 260 1568 τος
272 1544 280 1552 ”
295 1537 353 1563 ἐκεῖ
369 1538 469 1571 ἐστινὴ
493 1536 548 1572 ζωή
562 1545 570 1553 ·
589 1538 646 1563 ἐκεῖ
661 1538 734 1564 ἐστιν
762 1539 778 1573 ἡ
799 1538 887 1573 ἀγαθὴ
910 1539 995 1573 ἐμπο-

217 1582 271 1618 ρία,
287 1582 334 1609 καὶ
349 1583 364 1617 ὴ
380 1582 498 1610 ἐναντία.

251 1627 312 1654 Al".
340 1628 444 1663 ’Ὠσπερ
457 1625 531 1664 ἐὰνῇ
558 1627 687 1655 παλάτιον
702 1629 841 1663 μέγιστον,
859 1630 906 1656 καὶ⁸
919 1630 997 1657 τοῦτο

215 1673 356 1709 ὲρημωθῇ,
371 1674 418 1700 καὶ
430 1674 559 1709 πληρωθῇ
571 1675 663 1709 πάσης
674 1675 815 1707 δυσωδίας,
831 1676 879 1702 καὶ
893 1676 997 1712 νεκρῶν

216 1719 319 1745 πολλῶν
332 1728 338 1733 ·
355 1720 425 1746 οὓτω
433 1720 478 1746 καὶ
489 1719 519 1745 τὸ
531 1720 661 1747 παλατιον
672 1720 717 1746 τοῦ
735 1721 852 1755 Χριστοῦ
870 1722 885 1756 ἡ
901 1722 996 1757 καρδία

215 1766 283 1797 ἐστὶ,
300 1766 346 1792 καὶ
357 1767 435 1800 γέμει
448 1766 543 1799 πάσης
559 1766 740 1800 ἀκαθαρσίας,
768 1767 815 1793 καὶ
829 1767 916 1801 ὄχλων
932 1768 996 1794 πολ-

214 1811 268 1837 λῶν
283 1811 407 1846 πονηρῶν
423 1811 587 1845 πνευμάτων
611 1811 669 1846 Χρὴ
682 1809 728 1837 οὖν
738 1811 817 1837 τοῦτο
829 1812 997 1848 ἀνακτισθῆ-

214 1866 270 1888 ναι,
298 1857 346 1883 καὶ
375 1856 630 1891 ἀνοικοδομηθῆναι,
651 1858 697 1883 καὶ
725 1857 934 1893 εὐτρεπισθῆναι
963 1858 998 1885 τὰ

215 1904 325 1937 ταμεϊα,
352 1902 398 1928 καὶ
424 1903 458 1928 τὰ
478 1901 667 1929 κουῦούκλεια.
689 1901 763 1928 Ἐκεῖ
778 1903 832 1938 γὰρ
847 1903 997 1937 ὀβασιλεὺς

215 1949 332 1984 Χριστὸς
348 1948 416 1983 μετὰ
439 1949 494 1974 τῶν
511 1948 644 1982 ἀγγέλων,
669 1949 716 1975 καὶ
729 1949 783 1975 τῶν
813 1949 898 1984 ἁγίων
914 1958 996 1977 πνευ-

216 1995 310 2031 μάτων
341 1995 449 2031 ἔρχεται
480 1996 689 2031 ἐπαναπαῆναι,
723 1996 771 2022 καὶ
796 1997 913 2031 οἰκῆσαι,
950 1998 997 2024 καὶ

215 2042 437 2077 ὲμπεριπατῆσαι
450 2063 457 2074 ,
488 2042 535 2069 καὶ
555 2042 641 2069 θεῖναι
658 2043 707 2078 τὴν
734 2042 830 2069 ἑαυτοῦ
849 2042 996 2078 βασιλείαν.

215 2088 295 2121 Λέγω
313 2087 362 2120 δὲ,
390 2088 485 2123 ὥσπερ
507 2089 554 2115 ἑὰν
610 2089 700 2115 πλοῖον
725 2088 786 2124 ἔχον
802 2088 903 2123 πολλὴν
914 2097 998 2115 κατα-

216 2134 327 2169 σκευὴν,
343 2135 400 2161 ἐκεῖ
420 2135 434 2161 δ
448 2135 616 2170 κυῦερνήτης
636 2136 731 2162 διοικεί
742 2136 804 2167 τοὺς
819 2135 933 2168 πάντας,
949 2135 997 2162 καὶ

214 2179 360 2214 οἰκονομεῖ,
377 2181 431 2212 τοῖς
448 2180 497 2215 μὲν
518 2181 701 2215 ἐπιπλήττων,
716 2180 810 2213 ἄλλους
832 2180 859 2207 δὲ
873 2180 977 2216 ὁδηγῶν
988 2188 995 2195 ·

214 2224 301 2257 οὕτως
323 2226 381 2252 ἐστὶ
400 2227 446 2253 καὶ
466 2228 482 2262 ἡ
508 2227 607 2262 καρδία
626 2227 725 2262 ἔχουσα
744 2228 790 2254 τὸν
811 2227 873 2254 νοῦν
896 2227 997 2261 κυὸερ-

215 2272 300 2307 νήτην
310 2292 316 2303 ,
333 2272 382 2307 τὴν
405 2273 556 2307 συνείδησιν
579 2273 759 2307 ὲλέγχουσαν,
771 2272 916 2307 λογισμοὺς
930 2282 996 2300 κατ-

214 2317 381 2352 ηγοροῦντας
394 2318 440 2344 καὶ
455 2318 685 2353 ἀπολογουμένους
695 2326 702 2334 ⁸
716 2318 789 2352 λέγει
800 2318 864 2353 γάρ·
875 2319 995 2352 Μεταξὺ

213 2363 358 2397 ἀλλήλων
383 2364 442 2390 τῶν
458 2364 610 2400 λογισμῶν
630 2365 883 2400 κατηγορούντων,
904 2365 924 2400 ἢ
945 2365 996 2393 καὶ

213 2409 474 2444 ἀπολογουμένων.

249 2454 310 2482 ΛΔ¹.
330 2455 411 2491 Ὁρᾷς
427 2455 467 2482 ὅτι
492 2456 508 2490 ἠ
531 2455 681 2490 συνείδησις
707 2456 738 2482 οὐ
756 2456 896 2492 συγκρίνει
930 2458 994 2490 τοὺς

213 2499 349 2531 τοιούτους
363 2500 511 2536 λογισμοὺς
530 2502 593 2533 τοὺς
609 2501 795 2535 ὑπακούοντας
812 2504 844 2538 τῇ
861 2504 994 2540 ἁμαρτίᾳ,

212 2546 270 2573 ἀλλ’
283 2546 364 2578 εὐθὺς
379 2546 494 2581 ἐλέγχει.
514 2546 552 2573 Οὺ
564 2546 691 2581 ψεύδεται
708 2548 773 2583 γὰρ,
799 2549 860 2575 ἐπεὶ
879 2550 905 2576 τί
921 2551 994 2577 εἴποι

212 2593 328 2619 ἐνώπιον
352 2592 399 2619 τοῦ
415 2592 482 2619 Θεοῦ
493 2593 521 2619 ἐν
530 2594 562 2628 τῇ
580 2593 672 2629 ἡμέρᾳ
686 2593 735 2628 τῆς
749 2594 865 2630 κρίσεως
887 2596 991 2631 μαρτύ-

214 2647 299 2673 ρεται,
320 2638 357 2670 ὡς
374 2639 488 2666 πάντοτε
512 2639 668 2675 ἐλέγχουσα.
695 2640 799 2676 Ὠσπερ
823 2642 873 2668 ὲὰν
918 2643 993 2677 ἅρμα

214 2686 261 2710 καὶ
274 2685 360 2719 ὴνίαι,
374 2686 407 2712 τὰ
428 2685 496 2717 ζῶα,
511 2687 557 2713 καὶ
578 2687 653 2713 πᾶσα
669 2687 686 2722 ἡ
697 2688 855 2722 κατασκευὴ
877 2688 930 2714 ὑπὸ
944 2688 992 2714 ἕνα

214 2727 320 2763 ἡνίοχόν
335 2730 404 2763 εστι,
416 2730 517 2764 λοιπὸν,
533 2732 576 2758 ὅτε
588 2731 657 2759 θέλει
671 2733 782 2766 ἐκεῖνος,
795 2732 912 2769 ὀξυτάτῃ
920 2735 991 2770 ὁρμῇ

215 2774 327 2807 φέρεται
346 2776 398 2803 ὑπὸ
412 2776 458 2803 τοῦ
473 2776 595 2813 ἅρματος
609 2786 615 2794 ·
631 2778 674 2805 ὅτε
688 2778 717 2806 δὲ
732 2778 815 2813 θέλει,
833 2779 926 2814 ἐπέχει
943 2779 991 2806 αὺ-

250 2861 272 2876 "
286 2862 362 2890 Rom.
377 2873 404 2895 ιι,
420 2866 460 2893 15.

1052 265 1117 305 nere
1125 268 1202 296 ergo,
1216 262 1289 297 quod
1305 263 1455 293 Christiani
1466 267 1642 296 hereditario
1650 270 1712 305 jure
1724 278 1844 305 pOSsesy

1050 304 1107 331 suri
1121 311 1196 338 sunt,
1211 312 1286 336 recte
1296 308 1350 336 hoc
1363 311 1425 345 quis
1440 312 1532 340 dicere
1548 314 1634 348 possit
1644 304 1656 341 :7
1665 314 1693 342 Si
1706 304 1834 351 quiSque,

1050 358 1084 378 ex
1100 359 1156 386 quo
1172 359 1283 381 creatus
1297 359 1340 382 est
1356 356 1453 389 Adam,
1471 366 1556 394 usque
1574 360 1607 388 ad
1620 364 1836 390 consummatio.

1050 404 1112 424 nem
1127 399 1232 432 mundi,
1247 400 1390 429 dimicaret
1402 408 1496 431 contra
1516 404 1654 439 Satanam,
1674 413 1702 435 et
1718 409 1837 436 sustine-

1051 448 1095 471 ret
1124 444 1298 479 afﬂictiones,
1330 447 1398 475 nihil
1425 450 1515 484 magni
1540 458 1682 487 perageret
1708 459 1835 489 respectu

1050 490 1154 525 gloriae,
1167 499 1250 526 quam
1266 498 1469 522 consecuturus
1485 500 1537 523 est.
1556 497 1691 532 Regnabit
1712 500 1785 526 enim
1807 500 1834 527 in

1050 535 1156 564 infinita
1168 538 1267 566 saecula
1287 547 1342 567 una
1351 547 1413 567 cum
1427 540 1549 569 Christo.
1562 542 1654 571 Gloria
1672 545 1707 571 sit
1722 545 1772 577 illi,
1786 546 1833 581 qui

1050 586 1127 610 tanto
1151 589 1316 618 prosecutus
1339 591 1382 614 est
1395 595 1490 615 amore
1508 589 1592 617 talem
1608 590 1737 624 animam,
1755 596 1786 619 ut
1804 600 1833 621 se

1048 627 1140 663 ipsum
1163 637 1196 658 ac
1212 638 1289 658 suam
1320 633 1436 668 gratiam
1464 636 1613 663 contulerit
1640 645 1671 664 ac
1685 638 1829 665 crediderit

1048 675 1156 703 animat.
1166 675 1258 705 Gloria
1275 678 1311 705 sit
1328 679 1538 714 magnificentia:
1548 682 1619 716 ejus.

1083 721 1192 750 XXXII.
1209 722 1368 752 Secundum
1382 733 1425 757 ea,
1451 734 1512 761 qua:
1531 728 1620 755 oculis
1640 733 1744 764 patent,
1769 738 1834 758 ecce

1048 774 1099 795 nos
1112 775 1209 796 omnes
1222 768 1333 803 fratres,
1351 771 1397 805 qui
1417 772 1556 805 sedemus,
1574 781 1628 801 una
1649 782 1744 802 sumus
1762 783 1833 811 prte-

1048 812 1098 840 diti
1123 814 1252 850 imagine,
1278 819 1362 850 atque
1387 824 1442 844 una
1467 817 1537 845 facie
1567 819 1642 846 Adae.
1660 820 1745 848 Estne
1766 829 1832 856 ergo

1049 860 1132 887 etiam
1159 860 1186 887 in
1216 861 1331 889 secretis
1352 867 1382 890 et
1404 863 1509 892 intimis
1526 865 1619 897 rebus,
1637 874 1690 894 una
1710 868 1826 895 omnium

1049 905 1196 934 voluntas?
1212 914 1298 934 unum
1320 908 1387 935 cor?
1409 916 1504 937 omnes
1529 917 1594 946 ergo
1610 919 1694 938 unum
1715 913 1830 940 erimus.

1047 951 1114 980 boni
1128 957 1157 980 et
1169 953 1290 989 religiosi
1305 963 1312 981 :
1330 962 1364 981 an
1377 955 1473 990 utique
1483 957 1595 991 quidam
1611 965 1645 985 ex
1657 958 1736 986 nobis
1756 963 1829 991 sunt,

1047 997 1094 1032 qui
1105 998 1267 1026 societatem
1282 999 1404 1027 inierunt
1420 1008 1483 1028 cum
1500 1000 1610 1030 Christo
1621 1003 1734 1038 ejusque
1750 1011 1832 1039 ange-

1046 1043 1098 1077 lis;
1111 1045 1210 1080 reliqui
1225 1053 1291 1073 vero
1306 1053 1369 1073 cum
1388 1045 1487 1074 Sataua
1504 1051 1533 1075 et
1548 1048 1718 1076 daemonibus
1732 1054 1833 1077 utcun-

1046 1097 1101 1125 que
1125 1098 1222 1119 omnes
1244 1092 1320 1120 velut
1345 1101 1418 1120 unus
1441 1094 1585 1121 videamur
1611 1095 1726 1123 sedere?
1751 1103 1832 1123 unam

1046 1135 1150 1171 quippe
1174 1136 1272 1164 faciem
1296 1138 1362 1167 Adae
1381 1143 1529 1175 gestamus.
1546 1140 1675 1172 Videsne,
1695 1143 1832 1176 quomodo

1046 1180 1121 1209 aliud
1134 1182 1278 1218 quidpiam
1296 1184 1332 1211 sit
1343 1185 1497 1213 substantia
1519 1186 1698 1219 intellectiva,
1716 1187 1833 1215 interior

1045 1227 1175 1255 videlicet
1199 1228 1293 1262 homo,
1316 1238 1399 1265 quam
1415 1231 1553 1258 exterior!
1565 1240 1661 1260 omnes
1675 1233 1749 1260 enim
1769 1237 1832 1260 tan-

1046 1281 1128 1308 quam
1138 1282 1209 1302 unus
1219 1283 1281 1303 esse
1292 1275 1429 1304 videmur.
1439 1277 1473 1304 Et
1484 1277 1513 1305 hi
1527 1278 1638 1313 quidem
1651 1287 1713 1307 cum
1721 1279 1832 1308 Christo

1046 1323 1075 1347 et
1087 1320 1192 1356 angelis
1201 1322 1261 1356 ejus
1274 1326 1348 1354 sunt,
1359 1322 1398 1350 illi
1413 1331 1480 1351 vero
1491 1331 1553 1352 cum
1564 1324 1662 1352 Satana
1671 1329 1699 1353 et
1712 1326 1818 1353 immun

1046 1364 1089 1393 dis
1105 1366 1260 1401 spiritibus.
1274 1366 1343 1394 Cum
1357 1376 1424 1404 ergo
1440 1377 1489 1397 cor
1504 1369 1719 1404 profunditatem
1740 1371 1832 1398 infinia

1047 1416 1102 1439 tam
1123 1412 1234 1447 habeat,
1261 1413 1301 1442 ibi
1334 1419 1399 1442 sunt
1427 1414 1557 1448 triclinia,
1581 1416 1724 1448 cubicula,
1747 1416 1831 1449 fores,

1045 1457 1192 1491 vestibula,
1204 1459 1358 1488 ministeria
1373 1460 1459 1488 multa
1470 1465 1498 1488 et
1513 1461 1604 1489 exitus
1621 1471 1628 1489 :
1645 1462 1682 1489 ibi
1693 1468 1736 1490 est
1749 1463 1833 1490 ofIici-

1045 1510 1080 1530 na
1088 1503 1213 1538 iustitiae,
1224 1508 1307 1540 atque
1321 1505 1463 1541 injustitiat
1475 1514 1484 1533 :
1497 1506 1536 1533 ibi
1548 1515 1632 1539 mors,
1650 1508 1744 1543 ibique
1755 1509 1810 1536 vita
1822 1517 1831 1535 :

1047 1548 1086 1576 ibi
1097 1548 1169 1576 bona
1179 1549 1329 1585 negotiatio
1346 1555 1375 1579 et
1385 1551 1533 1579 contraria.

1085 1637 1205 1665 XXXIII.
1218 1637 1454 1671 Quemadmodum
1470 1640 1492 1667 si
1506 1640 1638 1675 palatium
1653 1641 1689 1669 sit
1700 1643 1832 1677 amplum,

1047 1690 1079 1710 ac
1092 1682 1237 1710 deseratur
1251 1683 1335 1715 illud.
1348 1688 1377 1710 et
1404 1684 1494 1712 omnis
1519 1685 1628 1721 generis
1648 1687 1833 1722 graveolentia

1047 1729 1199 1764 repleatur,
1213 1737 1246 1757 ac
1257 1730 1439 1759 cadaveribus
1467 1732 1562 1760 multis
1578 1741 1585 1766 ;
1606 1734 1645 1761 sic
1660 1741 1770 1768 quaque
1784 1742 1833 1762 cor

1046 1774 1120 1808 quod
1140 1775 1274 1810 palatium
1286 1775 1391 1803 Christi
1405 1781 1459 1809 est,
1474 1777 1597 1805 abundat
1608 1780 1765 1807 omnimoda
1781 1780 1832 1807 im-

1046 1819 1167 1854 puritate
1192 1823 1220 1846 et
1241 1819 1368 1855 plurimis
1386 1820 1473 1848 turbis
1499 1829 1648 1856 pravorum
1670 1823 1830 1857 spirituum.

1046 1864 1162 1899 Oportet
1173 1865 1258 1901 igitur
1271 1865 1299 1892 id
1315 1866 1475 1899 restaurari,
1491 1871 1521 1894 et
1532 1867 1701 1900 reaedificari,
1716 1876 1749 1896 ac
1761 1877 1831 1903 prat-

1047 1911 1138 1947 parari
1154 1911 1295 1940 conclavia
1315 1915 1343 1939 et
1358 1911 1494 1939 cubicula.
1510 1913 1579 1940 Illuc
1592 1913 1665 1940 enim
1685 1921 1734 1940 rex
1748 1913 1832 1941 Chri-

1047 1961 1106 1985 stus
1121 1964 1185 1984 cum
1200 1957 1305 1992 angelis
1317 1960 1345 1985 et
1360 1957 1504 1992 spiritibus
1529 1958 1631 1986 sanctis
1645 1958 1732 1990 venit,
1745 1963 1776 1986 ut
1792 1959 1830 1986 ibi

1048 2003 1214 2039 requiescat,
1242 2003 1349 2031 habitet
1371 2008 1398 2031 et
1421 2003 1593 2036 inambnlet,
1609 2008 1692 2039 atque
1715 2005 1832 2033 collocet

1047 2056 1161 2085 regnum
1179 2057 1270 2077 suum.
1293 2050 1359 2078 Dico
1379 2055 1483 2083 autem,
1511 2050 1626 2085 perinde
1656 2059 1688 2079 ac
1713 2051 1736 2079 si
1753 2050 1831 2079 navis

1048 2096 1135 2123 multo
1166 2101 1298 2131 apparatu
1326 2096 1460 2124 instructa
1479 2097 1526 2129 sit,
1553 2097 1581 2124 in
1597 2105 1650 2132 qua
1664 2097 1831 2133 gubernator

1047 2146 1124 2176 regat
1138 2146 1167 2169 et
1180 2141 1340 2169 moderetur
1357 2149 1463 2175 omnes,
1480 2142 1531 2170 hos
1545 2143 1657 2178 quidem
1672 2142 1830 2179 oltjurgans,

1048 2186 1111 2214 illos
1126 2194 1192 2214 vero
1200 2187 1323 2223 dirigens
1338 2196 1345 2214 :
1361 2187 1459 2215 eodem
1473 2188 1556 2215 modo
1567 2195 1597 2216 se
1610 2188 1694 2216 habet
1705 2196 1762 2221 cor,
1780 2196 1831 2223 pro

1011 2241 1036 2271 ο
1048 2232 1232 2268 gubernatore
1247 2232 1352 2260 habens
1365 2238 1497 2266 mentem,
1508 2234 1705 2262 conscientiam
1715 2242 1834 2270 arguen-

1048 2281 1115 2311 tem,
1132 2277 1376 2313 eacogitationes
1399 2283 1562 2307 accusantes
1574 2287 1606 2307 ac
1625 2280 1804 2308 defendentes
1821 2287 1829 2306 :

1047 2323 1138 2358 inquit
1146 2323 1221 2351 enim
1233 2331 1240 2350 :
1249 2322 1457 2357 flagitationibus
1467 2325 1537 2352 inter
1543 2333 1571 2353 se
1583 2326 1694 2353 invicem
1707 2333 1831 2352 accusem

1048 2369 1115 2396 tibus
1126 2372 1152 2395 et
1166 2368 1365 2403 defendentibus
1380 2369 1413 2397 ".

1081 2458 1295 2487 XXXIV.Vides
1312 2459 1510 2487 conscientiam
1528 2468 1583 2487 non
1599 2460 1752 2496 approbare
1775 2459 1829 2487 hu-

1042 2504 1164 2541 jusmodi
1185 2504 1379 2540 cogitationes,
1404 2513 1466 2541 qua).
1489 2510 1602 2541 peccato
1626 2506 1829 2540 obtemperant,

1045 2549 1095 2578 sed
1106 2551 1200 2578 statim
1219 2558 1347 2586 arguere.
1361 2551 1420 2578 Non
1441 2551 1514 2578 enim
1529 2551 1671 2583 mentitur,
1688 2551 1751 2585 quia
1764 2551 1830 2586 quid

1045 2596 1154 2625 dictura
1181 2596 1217 2625 sit
1230 2604 1323 2625 coram
1348 2597 1403 2625 Deo
1427 2597 1455 2624 in
1472 2597 1516 2624 die
1533 2597 1629 2633 judicii
1650 2598 1827 2629 testificatur,

1047 2647 1177 2678 tanquam
1191 2643 1323 2671 continue
1338 2643 1554 2679 reprehendens.
1571 2643 1689 2671 Perinde
1707 2651 1739 2670 ac
1755 2642 1777 2670 si
1794 2643 1830 2669 sit

1046 2697 1154 2722 currus,
1166 2694 1194 2717 et
1213 2689 1300 2721 frena.
1313 2689 1452 2722 animalia,
1466 2693 1495 2716 et
1509 2689 1600 2716 omnis
1616 2693 1765 2724 apparatus
1777 2687 1829 2715 sub

1046 2742 1102 2762 uno
1128 2735 1304 2763 moderatore
1330 2738 1396 2762 sunt
1420 2742 1427 2760 :
1452 2733 1562 2769 quando
1585 2741 1652 2770 ergo
1676 2734 1701 2761 ei
1727 2733 1827 2768 placet,

1045 2780 1219 2809 velocissimo
1229 2788 1313 2810 cursu
1328 2780 1438 2809 vehitur
1452 2787 1468 2807 a
1482 2787 1581 2813 curru;
1597 2779 1707 2815 quando
1720 2787 1787 2808 vero
1801 2779 1826 2808 ei
