2078 3151
265 150 318 182 599

883 151 914 181 S.
930 150 1090 181 MACARII
1109 150 1270 182 EGYPTII

1837 145 1892 185 600

265 208 355 241 placet
368 205 461 237 aliter.
481 205 583 234 retinet
597 205 674 233 illum
691 214 697 233 :
712 205 804 234 denuo
824 205 871 234 ubi
886 206 975 241 placet
989 214 1053 234 eum

1111 207 1138 233 τό
1150 215 1158 222 ·
1173 206 1255 234 πάλιν
1267 207 1334 233 ὅπου
1356 206 1428 233 ίὶέλει
1455 206 1624 242 μετατρέψαι
1643 206 1720 238 αὐτὸ,
1748 206 1808 233 ἐκεῖ
1827 208 1894 235 αὔτδ

265 256 442 285 convertere,
457 252 493 279 ibi
508 251 634 286 sequitur
646 259 760 284 currus;
773 257 847 279 totus
861 252 945 287 igitur
956 259 1055 280 currus

267 299 319 326 sub
333 302 469 333 potestate
486 297 632 333 dirigentis
646 302 690 325 est
704 307 711 324 :
731 298 771 325 sic
785 305 896 332 quoque
909 305 958 325 cor
972 297 1054 324 habet

267 345 368 372 multas
395 344 578 379 cogitationes
603 345 761 376 naturales,
786 343 960 370 adhaerentes
990 342 1054 375 sibi,

267 398 346 417 mens
358 394 448 417 autem
469 393 498 417 et
522 389 692 417 conscientia
715 389 924 425 reprehendunt
943 394 971 416 et
986 389 1056 417 diri-

266 441 336 471 gum
350 444 410 466 cor.
423 441 506 471 atque
521 438 635 471 sopiunt
647 441 676 464 et
690 437 787 464 sedant
801 436 941 464 naturales
953 436 1057 472 cogita-

270 484 359 510 tiones
373 483 401 510 in
419 483 502 510 corde
527 483 720 511 scaturientes.
745 482 866 510 Membra
879 483 953 510 enim
977 483 1056 518 plura

270 529 354 556 habet
376 529 480 561 anima,
499 529 563 556 licet
580 537 632 556 una
647 530 693 556 sit.

305 576 413 604 XXXV.
437 576 476 603 Ex
503 585 559 612 quo
582 577 655 604 enim
683 581 872 611 transgressus
895 581 938 604 est
970 577 1057 604 Adam

271 623 429 649 mandatum
444 643 452 655 ,
477 623 594 650 accessit
614 631 742 657 serpens,
762 623 946 658 dominusque
970 623 1059 650 factus

271 673 315 694 est
328 668 436 699 domus,
465 673 493 696 et
513 669 588 695 velut
605 669 692 696 altera
706 668 796 695 anima
814 676 877 695 cum
898 669 999 696 anima.
1014 669 1059 696 Ait

272 714 346 741 enim
360 715 515 742 Dominus:
539 714 692 750 Quicunque
720 723 772 742 non
796 715 993 742 renuntiaverit
1010 715 1059 742 ιὶὁί

271 761 334 796 ipsi,
349 766 374 787 et
392 762 436 796 qui
452 770 504 788 non
522 762 605 788 aderit
621 763 741 789 animam
756 769 845 793 suam,
862 770 914 789 non
930 765 969 789 est
986 769 1059 788 metu

273 807 459 842 discipulus“.
483 809 534 835 Et:
552 808 602 840 Qui
629 807 715 842 diligit
734 808 853 834 animum
869 816 957 840 suam,
970 807 1060 843 perdet

272 861 332 881 eam
349 854 381 881 ⁸⁷.
396 854 536 889 Siquidem
552 859 695 889 peccatum
716 858 862 889 postquam
882 854 984 881 invasit
998 853 1059 881 ani-

272 909 356 932 mam,
375 901 529 928 membrum
544 901 604 935 ejus
621 901 721 928 factum
735 906 787 932 est,
804 901 910 935 ipsique
926 908 1059 935 corporeo
1075 889 1097 917 Β

274 945 379 974 homini
391 946 524 978 adhzerct,
547 954 578 974 ac
602 947 756 974 seaturiunt
780 946 844 973 inde
863 946 955 973 multa:
978 951 1060 980 atque

274 992 389 1026 impurae
401 991 582 1027 cogitationes
599 992 626 1019 in
642 992 738 1019 corde.
751 992 897 1025 Quocirca,
919 992 967 1027 qui
996 992 1062 1020 facit

274 1038 443 1065 voluntatem
464 1037 562 1065 animae
582 1046 648 1071 suae,
671 1038 841 1065 voluntatem
863 1038 956 1066 cordis
977 1037 1059 1072 facit;

273 1085 337 1119 quia
355 1093 417 1112 cum
430 1085 477 1111 illo
492 1092 614 1112 connexa
630 1089 659 1112 et
673 1085 805 1119 permista
819 1089 862 1112 est
876 1085 976 1112 anima.
988 1084 1062 1117 Quae

273 1135 396 1166 propter,
412 1131 459 1166 qui
474 1131 628 1167 subjugum
642 1131 761 1159 animam
773 1139 850 1158 suam
866 1132 961 1164 mittit,
974 1137 1002 1159 et
1012 1132 1060 1167 qui

271 1178 325 1204 sibi
343 1178 500 1212 innatisque
516 1178 718 1212 cupiditatibus
728 1183 884 1211 succenset,
899 1179 1015 1214 perinde
1031 1187 1061 1206 se

272 1224 364 1255 habet.
379 1231 410 1251 ac
425 1225 471 1259 qui
488 1225 628 1252 civitatem
643 1225 764 1252 hostium
783 1233 896 1252 suorum
912 1225 1056 1260 subjugat:

273 1270 374 1305 hicque
392 1271 493 1306 dignus
513 1272 633 1299 habetur
650 1272 760 1307 assequi
782 1272 882 1299 bonam
903 1279 1061 1300 mensuram

272 1318 406 1353 Spiritus.
423 1323 505 1353 atque
515 1318 606 1345 induit
615 1318 718 1345 virtute
731 1318 823 1345 divina
840 1318 951 1352 adjutus
960 1326 1061 1353 purum

272 1364 422 1395 hominem,
439 1372 522 1399 seque
533 1364 592 1398 ipso
606 1364 785 1398 priestantior
795 1364 899 1391 evadit.
917 1364 1060 1398 Ejusmodi

272 1410 347 1437 enim
360 1410 407 1444 qui
426 1413 478 1441 est,
505 1414 598 1444 postea
612 1409 712 1436 divinze
739 1414 843 1436 natum
861 1409 890 1436 tit
911 1410 1058 1444 particeps.

270 1459 301 1480 et
326 1454 419 1481 evadit
434 1454 507 1481 ﬁlius
528 1455 587 1486 Dei,
603 1455 743 1489 recipiens
759 1455 929 1490 signaculum
949 1456 1061 1483 caeleste

273 1501 300 1527 in
313 1500 404 1527 anima
421 1508 480 1528 sua.
499 1501 587 1528 Electi
601 1502 676 1528 enim
695 1502 756 1536 ejus
769 1506 912 1536 unguntur
926 1502 988 1529 oleo
999 1510 1062 1529 san-

1106 255 1290 290 συνέρχεται·
1304 253 1365 281 ὃλον
1387 251 1434 280 οὗν
1452 253 1482 280 τὸ
1495 253 1571 289 ἅρμα
1595 255 1623 280 ἐν
1649 255 1681 288 τῇ
1711 253 1820 288 ἐξουσίᾳ.
1846 254 1894 280 τοῦ

1105 299 1276 335 ἠνιοχοῠντος
1303 301 1393 327 κεῖται
1406 309 1413 315 ·
1430 299 1517 332 οὕτως
1533 302 1580 327 καὶ
1596 301 1612 334 ἡ
1631 300 1729 335 καρδία
1753 299 1810 335 ἔχει
1832 300 1897 327 πολ-

1105 346 1168 377 λοὺς
1185 346 1332 381 λογισμοὺς
1357 346 1500 380 φυσικοὺς,
1524 346 1733 381 συνδεδεμένους
1752 347 1833 382 αὐτῇ,
1848 348 1897 374 καὶ

1105 393 1120 418 ὸ
1133 391 1196 424 νοῦς
1206 392 1264 418 ἐστι
1279 391 1356 425 καὶὴ
1377 391 1528 425 συνείδησις
1548 391 1705 426 ὲπιτιμῶσα
1727 392 1775 418 καὶ
1796 401 1896 420 κατευ-

1107 438 1224 464 θύνουσα
1243 437 1293 472 τὴν
1311 437 1435 473 καρδίαν,
1463 438 1511 464 καὶ
1539 438 1718 470 διῡπνίζουσα
1734 439 1797 470 τοὺς
1815 448 1896 473 φυσιη

1106 485 1173 515 κοὺς
1188 484 1320 520 βρύοντας
1333 485 1364 510 ὲν
1377 485 1409 519 τῇ
1435 484 1546 520 καρδίᾳ.
1566 484 1644 519 Μέλη
1663 484 1719 520 γὰρ
1743 485 1829 512 πολλὰ
1838 486 1897 521 ἔχει

1106 529 1190 565 ψυχὴ,
1207 530 1258 556 κᾶν
1276 529 1324 564 μία
1340 529 1425 557 ἐστίν.

1144 576 1206 603 ΛΕ’.
1230 573 1331 610 ’Δφ“οὒ
1341 575 1396 610 γὰρ
1417 575 1527 611 παρέϐη
1549 575 1564 600 ὁ
1594 575 1682 611 Ἀδὰμ
1700 575 1752 611 τὴν
1773 576 1896 611 ἐντολὴν,

1109 621 1274 650 ἐπεισελθὼν
1286 622 1301 648 ὁ
1331 622 1392 657 ὄφις
1414 623 1548 658 δεσπότης
1567 623 1662 658 γέγονε
1683 623 1729 650 τοῦ
1747 624 1833 657 οἴκου,
1849 624 1899 651 καὶ

1109 668 1146 700 ὡς
1169 668 1242 704 ψυχὴ
1259 669 1339 704 ἑτέρα
1365 669 1433 704 μετὰ
1450 670 1501 705 τῆς
1515 669 1602 705 ψυχῆς
1622 671 1692 698 ἐστι.
1706 670 1787 705 Λέγει
1808 671 1862 706 γὰρ
1883 672 1898 697 ὁ

1109 715 1222 750 Κύριος·
1239 713 1302 748 Πᾶς
1319 715 1404 748 ὅστις
1422 716 1479 742 οὐκ
1493 715 1626 750 ἀρνεῖται
1650 717 1770 748 ἑαυτὸν,
1793 717 1841 743 καὶ
1860 718 1897 743 οὺ

1107 761 1193 795 μισεῖ
1200 761 1259 793 τὴν
1269 761 1377 788 ἑαυτοῦ
1388 761 1504 795 ψυχὴν,
1517 762 1573 789 οὐκ
1590 762 1655 789 ἐστι
1668 771 1727 797 μου
1743 762 1879 797 μαθητής
1887 770 1897 779 ⁸

1109 808 1156 833 καί
1175 815 1182 821 ·
1204 807 1231 833 '0
1247 807 1371 841 ἀγαπῶν
1394 807 1451 842 τὴν
1474 807 1581 843 ψυχὴν
1609 809 1714 842 αὑτοῦ,
1751 808 1897 836 ἀπολέσει

1110 852 1216 886 αὐτήν.
1234 853 1310 880 Ἐπεὶ
1337 854 1353 888 ὴ
1380 854 1505 889 ὴμαρτία
1529 854 1725 881 ἐπεισελθοῦσα
1747 857 1781 890 τῇ
1811 855 1896 891 ψυχῇ,

1113 899 1195 934 μέλος
1213 899 1298 934 αὐτῆς
1311 899 1418 933 γέγονε,
1434 901 1482 926 καὶ
1493 900 1568 935 αὐτῷ
1577 900 1617 936 τῷ
1630 900 1780 936 σωματικῷ
1797 901 1899 936 ἀνθρώ-

1112 953 1156 980 πῳ
1169 945 1345 980 κεκόλληται,
1363 946 1410 972 καὶ
1437 945 1549 982 βρύουσι
1570 946 1663 973 πολλοὶ
1686 947 1734 973 καὶ
1748 946 1898 982 ἀκάθαρτοι

1111 993 1237 1028 λογισμοὶ
1256 994 1285 1019 ὲν
1303 994 1336 1028 τῇ
1358 993 1466 1028 καρδία.
1486 993 1517 1021 '0
1541 994 1587 1021 οὖν
1609 994 1696 1021 ποιῶν
1710 995 1744 1021 τὰ
1757 995 1899 1030 θελήματα

1111 1039 1161 1073 τῆς
1176 1039 1265 1074 ψυχῆς
1281 1039 1375 1070 αὐτοῦ,
1395 1040 1427 1066 τὰ
1440 1039 1580 1076 θελήματα
1595 1041 1646 1076 τῆς
1666 1041 1780 1076 καρδίας
1803 1043 1875 1068 ποιεῖ
1889 1051 1897 1058 ·

1112 1085 1204 1119 ἐπειδὴ
1219 1085 1426 1119 συμπέπλεκται
1447 1087 1493 1113 καὶ
1516 1087 1702 1124 συγκέκραται
1725 1089 1742 1123 ἡ
1762 1087 1846 1123 ψυχή.
1867 1089 1898 1115 '0

1111 1128 1158 1157 οὖν
1171 1131 1391 1166 ὑποτάσσωντὴν
1413 1131 1501 1167 ψυχὴν
1520 1132 1628 1165 ἑαυτοῦ,
1657 1133 1704 1159 καὶ
1723 1133 1900 1169 ὀργιζόμενος

1112 1175 1200 1209 ἐαυτῷ
1217 1175 1263 1201 καὶ
1284 1176 1343 1206 ταῖς
1360 1176 1503 1207 συνούσαις
1520 1177 1594 1210 αὑτῷ
1619 1178 1791 1212 ὲπιϐυμίαις,
1810 1178 1900 1211 οὕτως

1111 1221 1196 1252 ἐστὶν,
1221 1221 1258 1252 ὡς
1285 1221 1299 1247 ὁ
1322 1221 1482 1248 ὑποτάσσων
1497 1222 1576 1249 πόλιν
1601 1223 1705 1258 ἐχθρῶν
1736 1224 1829 1256 αὐτοῦ,
1852 1225 1901 1251 καὶ

1111 1263 1188 1298 οὗτος
1207 1266 1383 1299 καταξιοῦται
1398 1267 1487 1294 ἐλθεῖν
1501 1269 1542 1300 εἰς
1561 1269 1647 1304 μέτρα
1662 1270 1753 1304 ἀγαθὰ
1773 1271 1901 1305 Πνεὺμα-

1111 1321 1167 1345 τος,
1187 1313 1233 1339 καὶ
1248 1313 1437 1348 ἀπολαμϐάνει
1462 1313 1506 1340 διὰ
1532 1315 1582 1347 τῆς
1607 1314 1680 1348 Θείας
1697 1315 1838 1351 δυνάμεως
1854 1317 1901 1343 τὸν

1111 1358 1231 1394 καθαρὸν
1258 1358 1411 1394 ἄνθρωπον,
1439 1359 1486 1386 καὶ
1517 1360 1622 1394 γίνεται
1659 1361 1757 1388 ἑαυτοῦ
1787 1362 1900 1397 μείζων.

1117 1403 1296 1430 ’Λποθεοῦται
1322 1404 1378 1439 γὰρ
1403 1404 1496 1431 λοιπὸν
1520 1406 1534 1431 ὁ
1563 1405 1694 1438 τοιοῦτος,
1712 1407 1760 1433 καὶ
1777 1407 1900 1441 γίγνεται

1111 1449 1170 1481 υἱὸς
1182 1449 1261 1481 Θεοῦ,
1278 1450 1424 1485 λαμϐάνων
1436 1451 1467 1477 τὸ
1477 1451 1602 1486 οὐράνιον
1626 1452 1718 1486 σίγνον
1734 1454 1762 1479 ὲν
1775 1454 1808 1488 τῇ
1827 1453 1900 1489 ψυχῇ

1111 1495 1205 1523 αὐτοῦ.
1222 1496 1320 1532 Οίγὰρ
1339 1497 1463 1523 ἐκλεκτοὶ
1479 1497 1561 1523 αὐτοῦ
1580 1498 1701 1532 χρίονται
1727 1498 1758 1525 τὸ
1776 1499 1902 1533 ἀγιαστι-

271 1546 423 1578 ctiﬁcante,
440 1546 466 1573 in
478 1554 576 1582 magna
587 1547 721 1582 dignitate
734 1548 952 1581 constituuntur,
971 1557 1003 1576 ae
1015 1557 1060 1576 rc-

1112 1541 1160 1568 κὺν
1180 1541 1280 1573 ἔλαιον,
1296 1542 1344 1568 καὶ
1360 1541 1498 1576 γίγνονται
1514 1541 1695 1577 ἀξιωματικοὶ
1706 1543 1754 1569 καὶ
1770 1542 1900 1578 βασιλεῖς.

273 1600 320 1628 ges
332 1592 464 1619 evadunt.

309 1639 429 1667 XXXVI.
447 1640 493 1667 Est
506 1640 581 1668 enim
601 1640 684 1668 homo
702 1640 836 1676 ejusmodi
853 1645 970 1674 natura).
985 1647 1016 1669 ut
1033 1648 1061 1671 et

273 1687 321 1721 qui
340 1687 366 1713 in
377 1686 544 1721 profundum
559 1687 691 1722 nequitia:
702 1687 847 1715 demersus
858 1693 899 1715 est
912 1693 1061 1723 etpcccato

275 1732 372 1765 servit,
386 1733 510 1760 converti
526 1733 560 1760 ad
576 1733 680 1760 bonum
698 1755 706 1764 .
728 1738 755 1761 ct
770 1733 817 1769 qui
832 1734 947 1769 Spiritui
967 1739 1062 1762 sancto

275 1779 433 1811 devinctus,
451 1783 479 1806 et
493 1778 576 1807 rebus
594 1780 755 1807 cmlestibus
777 1780 928 1808 inebriatus
952 1784 1004 1813 est,
1029 1781 1062 1808 ad

274 1823 379 1850 malum
390 1824 514 1851 converti
525 1824 622 1859 possit.
635 1824 752 1852 Perinde
766 1832 797 1852 ac
815 1825 837 1853 si
849 1825 949 1852 mulier
965 1826 1063 1860 pannis

275 1870 376 1897 laceris
399 1869 498 1901 obsita.
518 1871 646 1898 esuriens
673 1875 702 1898 et
721 1871 864 1905 squalida;
883 1875 911 1899 ct
929 1880 990 1907 qua:
1007 1881 1063 1899 non

274 1915 380 1950 absque
395 1915 482 1942 multo
494 1915 588 1943 labore
604 1915 708 1950 regiam
724 1915 887 1950 dignitatem
903 1922 1061 1949 consecuta,

274 1961 400 1988 induitur
412 1970 533 1996 purpura
548 1966 576 1989 et
589 1970 700 1994 corona,
718 1970 750 1989 ac
763 1961 792 1988 fit
806 1953 905 1996 sponsa
926 1962 998 1997 regis
1010 1982 1017 1994 ,
1035 1963 1063 1989 in

273 2009 434 2035 memoriam
448 2009 499 2036 sibi
516 2014 625 2036 revocet
640 2010 771 2044 pristinas
790 2010 898 2042 sordes,
912 2017 943 2037 ac
959 2010 987 2036 in
1004 2010 1064 2037 ani-

273 2062 320 2081 mo
330 2054 470 2082 habeatad
485 2055 630 2089 pristinum
646 2059 749 2082 statum
766 2055 886 2087 reverti,
903 2063 954 2083 nec
972 2060 1063 2082 tamen

274 2100 302 2128 in
315 2100 459 2135 pristinam
478 2100 619 2127 infamiam
637 2101 728 2127 redire
741 2101 835 2127 malit:
850 2100 902 2128 hoc
914 2101 988 2128 enim
1008 2106 1064 2128 sto-

273 2146 359 2173 lidum
375 2151 416 2174 cst
432 2155 439 2173 :
456 2146 494 2173 ila
514 2153 635 2180 quoque,
650 2145 697 2179 qui
712 2155 721 2170 ι
741 2150 883 2180 gustarunt
896 2147 1012 2180 gratiam
1025 2146 1064 2173 di-

273 2193 378 2225 vinam,
392 2201 422 2219 ac
437 2191 551 2227 Spiritus
566 2192 708 2226 participes
730 2191 793 2226 facti
817 2196 878 2218 sunt
893 2193 926 2224 "',
942 2192 994 2219 nisi
1010 2192 1063 2219 sibi

1147 1638 1218 1672 ΛΨ.
1235 1638 1313 1672 Ἔχει
1328 1638 1385 1673 γὰρ
1402 1646 1451 1674 την
1466 1646 1547 1672 φυσιν
1566 1639 1580 1665 ὁ
1602 1637 1745 1674 ἄνθρωπος
1761 1638 1901 1672 τοιαύτην,

1114 1684 1161 1711 καὶ
1179 1683 1244 1711 δῶν
1275 1685 1303 1710 ὲν
1321 1683 1397 1719 βάθει
1420 1684 1471 1718 τῆς
1494 1683 1605 1717 κακίας,
1634 1684 1682 1711 καὶ¹
1711 1683 1844 1710 δουλεύων
1867 1684 1902 1718 τῇ

1113 1730 1248 1766 ἁμαρτίᾳ,
1262 1729 1310 1756 τοῦ
1327 1729 1466 1764 τραπῆναι
1481 1729 1527 1755 ἐπὶ
1548 1729 1580 1755 τὸ
1602 1729 1705 1763 ἀγαθόν
1717 1737 1724 1744 ·
1742 1729 1788 1755 καὶ
1804 1729 1819 1754 ὁ
1831 1728 1904 1754 δεδε-

1115 1775 1195 1811 μένος
1222 1775 1364 1810 Πνεύματι
1391 1775 1473 1809 ἁγίῳ,
1499 1775 1546 1801 καὶ
1573 1773 1778 1809 μεμεθυσμένος
1796 1773 1838 1805 είς
1867 1773 1905 1799 τὰ

1115 1822 1274 1858 ἐπουράνια,
1294 1822 1351 1857 ἔχει
1374 1822 1499 1854 ἐξουσίαν
1519 1821 1566 1848 τοῦ
1591 1821 1726 1857 τραπῆναι
1750 1820 1795 1847 ἐπὶ
1808 1820 1839 1846 τὸ
1854 1828 1906 1846 κα-

1116 1867 1175 1894 κόν.
1190 1868 1296 1903 Ὥσπερ
1312 1866 1382 1904 ἶναῇ
1397 1867 1466 1901 γυνὴ
1493 1867 1589 1902 ἱμάτια
1603 1867 1712 1902 ῥακώδη
1736 1865 1904 1902 περιϐεϐλη-

1116 1914 1196 1950 μένη,
1229 1914 1414 1949 λιμὼσσουσα,
1441 1915 1636 1950 ἐρρυπωμένη,
1668 1915 1716 1941 καὶ
1737 1914 1806 1949 αὐτὴ
1833 1914 1903 1949 μετὰ

1115 1960 1213 1986 πολλοῦ
1227 1960 1351 1994 καμάτου
1365 1959 1430 1996 ἔλθῃ
1443 1961 1482 1991 εἰς
1490 1960 1599 1995 ἀξίωμα
1608 1959 1758 1994 βασιλικὸν,
1771 1960 1818 1987 καὶ
1827 1959 1903 1986 ἐνδύς

1116 2014 1195 2040 σηται
1215 2005 1357 2041 πορφύραν
1372 2006 1418 2033 καὶ
1443 2006 1586 2040 στέφανον,
1611 2005 1657 2032 καὶ
1673 2006 1787 2041 γένηται
1808 2007 1902 2041 νύμφη

1116 2051 1256 2087 βασιλέως,
1273 2052 1341 2087 αὐτὴ
1363 2052 1500 2087 μέμνηται
1517 2053 1566 2087 τῆς
1593 2052 1730 2087 προτέρας
1748 2052 1902 2088 ρυπαρίας,

1115 2098 1161 2124 καὶ
1179 2098 1236 2134 ἔχει
1253 2098 1361 2133 θέλημα
1392 2099 1550 2125 ἐπανελθεῖν
1576 2099 1616 2130 εἰς
1640 2099 1671 2125 τὸ
1699 2099 1824 2134 ἀρχαῖον,
1844 2098 1903 2124 ἀλλ’

1114 2146 1164 2181 οὐχ
1190 2147 1308 2182 αἱρεῖται
1333 2148 1372 2178 εἰς
1401 2146 1451 2180 τὴν
1479 2147 1618 2182 προτέραν
1643 2146 1774 2182 αἰσχύνην
1792 2145 1900 2172 ἐλθεῖν·

1116 2191 1207 2226 μωρὸν
1223 2192 1276 2227 γάρ
1288 2193 1346 2218 ὲστι
1362 2200 1368 2207 ·
1387 2192 1434 2219 καὶ
1456 2193 1534 2220 αὐτοὶ
1561 2193 1589 2219 δὲ
1607 2194 1635 2219 οἱ
1651 2192 1831 2227 γευσάμενοι
1847 2191 1903 2224 τῆς

272 2244 398 2270 caveant,
416 2238 558 2267 deﬁciunt.
585 2246 616 2265 ac
640 2238 795 2264 deteriores
821 2237 951 2269 evadunt,
979 2246 1059 2272 quam

1113 2239 1234 2274 χάριτος
1251 2239 1303 2266 τοῦ
1321 2239 1406 2272 Θεοῦ,
1433 2240 1481 2266 καὶ
1506 2240 1625 2274 μέτοχοι
1639 2240 1725 2272 ὄντες
1740 2239 1794 2266 τοῦ
1809 2240 1902 2266 Πνεύ-

272 2293 335 2311 cum
347 2289 438 2312 essent
452 2283 582 2310 nnnidani
598 2292 604 2310 :
618 2291 683 2315 non,
699 2285 771 2318 quod
786 2284 858 2310 Deus
869 2283 905 2310 sit
921 2284 1062 2312 mutabilis

272 2335 320 2358 aut
337 2330 482 2358 imbecilla:
495 2331 606 2361 mentis,
618 2335 666 2357 aut
682 2331 754 2364 quod
769 2331 961 2366 exstinguatur
974 2331 1062 2365 Spiri-

273 2382 317 2404 tus
332 2382 460 2409 sanctus,
486 2385 596 2409 verum,
616 2377 688 2411 quod
713 2377 763 2411 ipsi
784 2377 911 2405 homines
928 2386 981 2404 non
998 2386 1064 2405 con-

271 2424 391 2451 sentiant
410 2424 515 2459 gratia),
527 2428 672 2459 propterea
684 2429 858 2456 avertuntur,
875 2429 902 2451 et
915 2424 942 2452 in
955 2425 1062 2453 infinita

271 2475 383 2504 peccata
404 2470 563 2497 incurrunt.
579 2470 630 2503 Qui
645 2472 719 2498 enim
734 2471 837 2497 donum
850 2471 917 2498 illud
932 2471 1061 2507 degusta-

272 2521 347 2546 rnnt.
365 2522 514 2551 utrumque
539 2516 626 2544 instar
650 2517 760 2544 comitis
787 2517 900 2549 habent,
929 2518 1059 2553 gaudium

270 2562 400 2589 videlicet
418 2562 684 2594 etconsolationem,
707 2567 810 2590 metmn
837 2572 869 2591 ac
899 2569 1058 2596 tremorem,

270 2607 482 2634 exsullationcm
500 2612 529 2635 et
545 2609 660 2636 luclum.
680 2609 830 2644 Deplorant
845 2618 920 2638 enim
939 2618 968 2637 se
982 2610 1058 2646 ipsos

270 2658 298 2680 ct
312 2654 471 2682 universum
484 2654 581 2687 Adam,
596 2656 660 2691 quia
670 2664 722 2683 una
736 2661 778 2684 est
794 2656 939 2684 hominum
949 2661 1056 2684 natura.

271 2699 304 2726 Et
320 2700 447 2736 lacryma:
466 2701 509 2728 his
522 2701 580 2729 vice
593 2702 670 2737 panis
688 2707 763 2736 sunt,
780 2707 808 2730 et
820 2703 911 2731 luctus
922 2703 981 2731 vice
993 2711 1058 2731 sua-

271 2745 366 2773 vitatis
381 2751 408 2773 et
422 2748 537 2783 requiei.

308 2880 330 2896 ⁸⁵
347 2879 415 2908 Lai.
430 2887 484 2914 xw,
499 2880 541 2908 35,
582 2882 602 2898 θ’
619 2881 698 2909 ίυιιιι.
717 2889 762 2909 xu.
781 2880 824 2909 ‘25.
865 2881 886 2898 ε’
900 2881 985 2909 Hebr.
1000 2889 1037 2916 v1,
1049 2881 1074 2909 4.

1108 2294 1213 2320 ματος,
1230 2286 1277 2311 ἐὰν
1295 2285 1332 2320 μὴ
1354 2285 1572 2318 ἁσφαλίσωνται,
1589 2285 1835 2315 κατασϐέννυνται,
1851 2284 1902 2310 καὶ

1110 2332 1230 2366 γίνονται
1249 2331 1357 2367 χείρους
1372 2328 1403 2358 οὗ
1423 2329 1504 2366 ἦσαν,
1524 2331 1651 2366 κοσμικοὶ
1678 2331 1772 2362 ὄντες⁴
1795 2331 1843 2366 οὐχ
1861 2332 1903 2357 ὅτι

1110 2377 1205 2409 ὸΘεὸς
1236 2377 1352 2413 τρεπτός
1372 2379 1430 2404 ἐστι
1462 2377 1510 2404 καὶ
1538 2377 1663 2412 ἀσθενὴς,
1692 2377 1709 2413 ἢ
1733 2377 1763 2404 τὸ
1790 2377 1904 2412 Πνεῦμα

1112 2423 1267 2456 σῆἑννυται,
1287 2423 1345 2450 ἀλλ’
1364 2423 1440 2450 αὐτοὶ
1459 2424 1484 2450 οἱ
1503 2423 1641 2458 ἄνθρωποι
1665 2424 1696 2449 οὺ
1724 2422 1902 2458 συμφωνοῦσι

1114 2471 1146 2506 τῇ
1163 2471 1254 2505 χάριτι
1271 2478 1278 2485 ·
1301 2470 1345 2496 διὰ
1360 2470 1439 2496 τοῦτο
1465 2470 1645 2505 ἐκτρέπονται
1675 2471 1722 2496 καὶ
1753 2470 1902 2496 πίπτουσιν

1113 2517 1153 2548 εἰς
1171 2516 1257 2552 μυρία
1282 2516 1364 2542 κακά.
1387 2516 1419 2542 Οί
1447 2517 1500 2551 γὰρ
1525 2516 1689 2550 γευσάμενοι
1715 2515 1824 2551 ἐκείνης
1851 2516 1903 2549 τῆς

1111 2562 1227 2598 δωρεᾶς,
1245 2561 1336 2597 ἔχουσι
1356 2562 1391 2588 τὰ
1405 2562 1548 2596 ἀμφότερα
1560 2562 1673 2588 συνόντα
1686 2562 1787 2594 αὐτοῖς,
1813 2560 1904 2596 χαρὰν

1112 2607 1160 2634 καὶ
1179 2607 1361 2643 παράκλησιν,
1382 2608 1464 2642 φόϐον
1477 2607 1525 2634 καὶ
1543 2607 1656 2642 τρόμον,
1677 2607 1838 2641 ἁγαλλίασιν
1853 2606 1902 2631 καὶ

1112 2653 1220 2685 πένθος.
1232 2653 1364 2680 Πεειοοῦσι
1380 2655 1435 2690 γὰρ
1463 2654 1576 2686 ἑαυτοὺς
1593 2654 1641 2680 καὶ
1656 2653 1716 2680 ὅλον
1731 2653 1776 2680 τὸν
1795 2652 1900 2685 Ἀδὰμ,

1111 2700 1206 2736 ἐπειδὴ
1232 2700 1281 2736 μία
1301 2701 1374 2727 ἐστὶν
1394 2702 1410 2735 ἡ
1431 2701 1512 2736 φύσις
1532 2701 1586 2728 τῶν
1607 2700 1776 2736 ἀνθρώπων·
1794 2699 1841 2725 καὶ
1863 2698 1899 2724 τὰ

1111 2746 1217 2782 δάκρυα
1242 2747 1297 2773 τῶν
1316 2746 1444 2773 τοιούτων
1469 2747 1551 2783 ἄρτος
1575 2747 1644 2780 ἐστὶ,
1679 2747 1724 2774 καὶ
1749 2746 1780 2772 τὶ
1802 2744 1901 2776 πένθος

1113 2793 1250 2829 γλυκύτης
1269 2794 1316 2821 καὶ
1334 2794 1498 2826 ἀνάπαυσις.
