2078 3151
195 196 249 231 σοι

810 196 994 227 HOMlLIIE.
1005 210 1041 214 —
1054 194 1146 228 ΙῙΟΜ.
1164 197 1225 230 XV.

1775 199 1828 231 602

233 254 297 280 AZ'.
316 252 382 280 Ἐὰν
397 253 425 279 δὲ
443 252 498 288 ἴδῃς
509 251 570 278 τινὰ
583 251 737 287 ἐπηρμένον
758 252 804 279 καὶ
828 253 988 288 τετυφωμέ-

1074 255 1128 291 63
1147 254 1279 283 XXXVII.
1299 255 1327 283 Si
1347 263 1414 283 vero
1430 256 1587 292 quempiam
1602 256 1699 284 videas
1712 256 1782 285 fastu
1796 265 1829 285 ac

199 310 244 327 νον
265 300 303 332 ὡς
325 300 438 334 μέτοχον
465 299 530 325 ὄντα
557 299 606 334 τῆς
628 299 751 333 χάριτος,
781 295 858 331 οὗτος
876 300 926 327 ἐὰν
940 300 987 326 καὶ

201 347 303 382 σημεῖα
327 346 441 381 ποιήσῃ,
463 346 511 372 καὶ
544 345 657 380 νεκροὺς
686 345 794 381 ἐγείρῃ,
826 346 864 381 μὴ
884 345 932 383 ἔχῃ
958 346 987 373 δὲ

201 393 252 428 τὴν
283 392 372 428 ψυχὴν
409 391 492 419 αὐτοῦ
536 391 632 426 ἄτιμον
673 393 721 418 καὶ
748 392 986 428 ὲξουδενουμένην,

202 436 283 474 κα.ὶῇ
308 437 412 472 πτωχὺς
436 437 475 472 τῷ
499 436 635 471 πιεύματι
654 437 702 463 καὶ
740 435 894 472 βδελυκτὺς,
926 436 988 464 κλέ-

202 492 300 510 πτεται
315 483 367 509 ὑπὸ
387 484 437 517 τῆς
460 483 558 515 κακίας
581 484 628 510 καὶ
643 485 693 510 οὐκ
708 482 762 509 οἶδε
773 491 780 497 ·
797 483 845 510 καὶ
865 485 890 509 εί
917 485 989 510 ποιεῖ

202 530 315 564 σημεῖα,
331 529 383 555 οὐκ
398 529 472 555 ἐστιν
486 529 560 564 αὐτῷ
570 529 722 555 ’πιστεῦσαι
737 537 744 544 ·
758 529 789 556 τὸ
805 528 861 564 γὰρ
876 531 989 564 σημεῖον

201 575 248 602 τοῦ
259 574 479 610 Χριστιανισμοῦ
489 575 570 602 ’τοῦτό
589 576 664 608 ἐστι,
681 575 712 601 τὺ
725 574 788 602 ὅντα
803 575 865 602 τινὰ
877 575 989 611 δόκιμον

200 621 247 647 τοῦ
264 620 343 652 Θεοῦ,
363 621 525 653 σπουδάζειν
539 620 681 647 λανθάνειν
697 621 870 656 ἀνθρώπους,
886 622 941 648 Καὶ
965 623 989 648 εί

201 666 257 701 ἔχει
269 666 345 697 ὅλους
363 667 426 697 τοὺς
443 666 598 702 θησαυροὺς
621 667 668 693 τοῦ
690 667 830 703 βασιλέως,
858 668 991 703 κρύπτειν

202 713 312 744 αὐτοὺς,
333 713 380 739 καὶ
404 713 520 740 πάντοτε
550 713 639 748 λέγειν
653 714 694 741 ὄτι
717 716 777 741 Οὐκ
803 714 889 742 ἐστιν
907 715 990 749 ἐμὸς.

203 758 298 791 ἄλλος
313 768 364 792 μοι
374 759 520 793 παρέθετο
534 759 588 786 τὸν
611 761 768 794 θησαυρὸν
789 760 897 788 τοῦτον
913 769 920 776 ·
933 760 991 795 ἐγὼ

203 805 260 840 γὰρ
270 805 387 840 πτωχός
401 806 469 840 ειμι.
491 805 546 833 Καὶ
563 806 613 833 ὅτε
630 807 720 838 θέλει,
739 806 883 840 λαμϐάνει
897 807 992 834 αὐτὸν

212 853 262 880 ἀπ’
283 851 366 886 ἐμοῦ.
383 852 413 878 Et
437 852 464 878 δέ
479 860 520 883 τις
536 851 621 886 λέγει,
637 853 789 885 Πλούσιός
806 855 874 888 ειμι,
898 853 990 888 ἀρκεῖ,

204 898 392 932 ἐκτησάμην,
416 897 516 925 οὐκέτι
535 897 640 933 χρῄζω,
667 899 681 925 ό
705 899 826 931 τοιοῦτος
849 900 899 926 οὐκ
934 899 991 926 ἐστι

204 944 379 978 Χριστιανὸς,
403 943 471 970 ἀλλὰ
488 944 584 975 σκεῦός
605 945 663 970 ἐστι
687 944 738 979 τῆς
755 945 859 980 πλάνης
879 945 926 972 καὶ
942 945 990 972 τοῦ

204 989 339 1016 διαϐόλου.
363 990 394 1015 Ἠ
412 989 467 1024 γὰρ
492 989 643 1021 ἀπόλαυσις
666 989 715 1016 τοῦ
749 990 817 1016 Θεοῦ
843 990 992 1025 ἀκόρεστός

205 1037 275 1067 ἐστι,
289 1036 336 1062 καὶ
351 1035 413 1062 ὅσον
425 1035 508 1062 αὑτοῦ
522 1034 632 1069 γεύεταί
641 1044 683 1067 τις
699 1035 745 1062 καὶ
754 1035 848 1069 ἐσθίει,
864 1035 992 1062 τοσοῦτον

206 1082 330 1112 ἒχπεινος
357 1079 493 1114 γίγνεται.
520 1079 576 1106 Καὶ
601 1080 650 1114 τὴν
666 1079 768 1106 παῦσιν
782 1080 830 1107 καὶ
844 1079 889 1106 τὸν
904 1079 993 1115 ἔρωτα

205 1127 274 1162 πρὸς
286 1126 332 1153 τδν
347 1126 413 1152 Θεὸν
434 1125 542 1161 ἔχουσιν
558 1126 746 1161 ἀκατάσχετον
760 1126 785 1152 oi.
799 1125 933 1153 τοιοῦτοι·
946 1125 994 1152 καὶ

205 1174 260 1208 ὅσῳ
278 1172 459 1204 σπουδάζουσι
476 1172 652 1207 προκόπτειν,
669 1171 716 1198 καὶ
734 1171 913 1206 ὲπιπορίζειν,
929 1179 994 1198 τοσ-

206 1220 283 1245 οὑτον
306 1219 421 1250 ἑαυτοὺς
443 1217 573 1254 ἡγοῦνται
599 1219 735 1253 πτωχοὺς,
759 1218 797 1249 ὼς
821 1217 920 1249 ἐνδεεῖς
945 1218 994 1244 καὶ

209 1264 293 1299 μηδὲν
309 1263 510 1298 κεκτημένους¹
525 1263 604 1290 τοῦτο
617 1263 670 1298 γὰρ
699 1263 824 1297 λέγουσιν
836 1282 844 1295 ,
867 1264 908 1289 ὅτι
934 1263 995 1289 Οὔκ

207 1311 266 1344 εὶμι
293 1309 387 1342 ἄξιος.
414 1310 465 1336 ἵνα
499 1306 590 1341 οὗτος
611 1310 628 1335 ὀ
646 1308 733 1342 ἥλιος
760 1308 917 1343 ἐπιλάμψῃ
931 1317 993 1343 μοι.

209 1354 294 1382 Τοῦτό
310 1356 370 1381 ἐστι
392 1355 423 1381 τὸ
442 1356 554 1390 σημεῖον
580 1354 627 1381 τοῦ
650 1353 878 1390 Χριστιανισμοῦ,
895 1354 965 1389 αὑτὴ
977 1355 994 1390 ἠ

211 1401 388 1432 ταπείνωσις.

244 1447 311 1474 AII'.
328 1447 395 1474 Εἰδέ
409 1455 451 1478 τις
461 1446 535 1479 λέγει
545 1446 588 1473 ὅτι
606 1446 766 1481 Ἀρκοῦμαι
777 1445 827 1473 καὶ
839 1445 996 1480 πεπλήρω-

208 1503 272 1529 μαι,
289 1490 367 1524 οὗτος
385 1492 482 1524 πλάνος
501 1492 561 1519 ἐστὶ
578 1491 764 1527 καὶψεύστης.
783 1492 929 1526 Ὢσπερτὺ
945 1491 998 1518 σῶα

212 1550 250 1577 μα
265 1539 311 1566 τοῦ
334 1539 436 1574 Κυρίου
456 1538 601 1571 ἐδοξάσθη,
622 1539 666 1565 ὅτε
687 1539 802 1574 ἀνῆλθεν
821 1539 861 1569 εἰς
876 1538 907 1564 τὸ
923 1537 997 1573 ὅρος,

211 1587 259 1613 καὶ
275 1584 476 1620 μετεμορφώθη
505 1585 546 1617 εἰς
566 1585 615 1619 τὴν
635 1584 728 1620 θεῖκὴν
743 1584 833 1617 δόξαν,
852 1584 899 1610 καὶ
913 1583 954 1615 είς
966 1584 997 1610 τὸ
1010 1604 1032 1636 c

211 1632 268 1666 φῶς
288 1631 318 1658 τὸ
332 1631 457 1666 ἄπειρον,
483 1631 570 1662 οὕτως
592 1631 689 1658 καὶτὰ
710 1630 825 1666 σώματα
837 1630 892 1657 τῶν
912 1630 998 1664 ἁγίων

210 1679 351 1711 δοξάζεται
395 1679 443 1705 καὶ
481 1677 675 1712 ἑξαστράπτει.
722 1677 766 1709 Ὠς
803 1677 858 1712 γὰρ
896 1676 999 1703 ἔσωθεν

212 1726 229 1759 ἡ
245 1724 309 1757 δόξα
335 1724 383 1751 τοῦ
411 1723 532 1759 Χριστοῦ
554 1723 626 1750 οὕτω
659 1723 809 1758 ὲφηπλώθη
835 1723 874 1758 τῷ
892 1722 999 1758 σώματι

212 1769 295 1796 αὑτοῦ
321 1770 369 1796 καὶ
395 1769 551 1805 ἐξέλαμψε·
579 1770 624 1796 τὸν
641 1769 724 1795 αὑτὸν
754 1769 854 1805 τρόπον
870 1770 920 1796 κὰν
943 1771 1000 1801 τοῖς

211 1816 311 1850 ἁγίοις,
346 1817 363 1851 ὴ
386 1815 489 1843 ἔσωθεν
516 1813 584 1842 οὖσα
613 1815 660 1842 τοῦ
679 1815 796 1850 Χριστοῦ
815 1815 940 1850 δύναμις,
971 1816 1000 1842 ἐν

213 1863 307 1899 ἐκείνῃ
335 1864 370 1898 τῇ
398 1861 493 1897 ἡμέρᾳ
520 1861 621 1893 ἔξωθεν
650 1863 689 1893 εἰς
721 1862 755 1888 τὰ
777 1861 890 1897 σώματα
910 1862 1001 1889 αὐτῶν

213 1910 418 1945 ὐπερεκχεῐται.
443 1908 498 1935 Καί
515 1908 570 1944 γὰρ
599 1909 632 1936 ὲκ
659 1909 710 1942 τῆς
737 1908 821 1935 αὐτοῦ
841 1908 935 1940 οὐσίας
953 1909 1001 1936 καὶ

214 1956 323 1990 φύσεως
337 1955 391 1982 ἀπὸ
417 1954 465 1982 τοῦ
482 1954 530 1981 νῦν
550 1955 711 1990 μετέχουσιν
726 1955 756 1981 ὲν
781 1954 821 1988 τῷ
837 1954 875 1990 νῷ
896 1954 999 1982 αὐτῶν.

213 2001 372 2036 Γέγραπται
390 2000 444 2036 γάρ
456 2008 463 2016 ·
489 2001 526 2027 ’Ὀ
541 2009 573 2028 τε
600 2000 734 2035 ἁγιάζων,
745 1999 795 2027 καὶ
815 2001 841 2027 οὶ
852 2000 1001 2035 ἁγιαζόμε-

213 2055 261 2075 νοι
276 2046 311 2079 ἐξ
326 2046 405 2080 ἑνός.
420 2047 475 2074 Καὶ
489 2054 497 2063 ’
511 2046 609 2079 Δόξαν
619 2045 660 2080 ῆν
673 2045 807 2079 δέδωκάς
817 2045 1002 2080 μοι,δέὸω›ια

215 2091 331 2125 αὐτοῖς.
353 2091 459 2128 ’Ὠσπερ
480 2091 537 2118 ἀπὸ
562 2091 621 2123 ἐνὸς
643 2091 729 2127 πυρὸς
750 2091 882 2118 ἅπτονται
909 2090 1001 2125 λύχνοι

215 2137 319 2169 πολλοὶ.
327 2138 433 2173 ἀνάγκη
447 2137 494 2164 καὶ
506 2138 541 2164 τὰ
554 2137 667 2172 σώματα
684 2137 739 2164 τῶν
748 2137 836 2171 ἁγίων
850 2136 918 2172 μέλη
934 2137 1002 2172 Χρι-

216 2183 280 2211 στοῦ
298 2183 374 2217 ὄντα,
389 2184 419 2211 τὸ
432 2183 499 2210 αὐτὸ
511 2184 654 2218 γίγνεσθαι
668 2184 738 2219 ὅπερ
749 2183 824 2210 ἐστὶν
840 2184 855 2210 ό
871 2183 999 2218 Χριστός.

1039 301 1167 336 superbia
1183 301 1302 332 clatum.
1324 301 1411 329 veluti
1429 302 1475 337 qui
1499 302 1535 329 sit
1556 302 1694 338 particeps
1710 302 1803 338 gratia:
1821 322 1829 334 ,

1039 346 1084 373 hic
1105 346 1169 373 licet
1195 346 1272 382 signa
1295 346 1393 379 faciat,
1416 354 1447 374 ac
1468 351 1592 375 mortuos
1614 348 1782 380 exsuscitet,
1801 351 1831 374 et

1039 399 1094 419 non
1116 396 1206 419 tamen
1221 392 1324 420 habeat
1341 393 1476 428 abjectam
1494 397 1522 420 et
1543 393 1675 421 humilem
1698 394 1828 426 animam,

1039 446 1090 466 nec
1103 446 1206 473 pauper
1229 438 1328 474 spiritu
1345 443 1373 466 et
1387 439 1590 466 ahomiuandus
1605 440 1640 467 sit
1650 461 1656 471 ,
1674 440 1697 467 is
1711 440 1832 474 subripi-

1040 489 1085 512 tur
1099 493 1114 512 a
1128 485 1206 518 vitio,
1218 490 1246 512 ct
1257 485 1369 520 quidem
1381 485 1512 512 nescius:
1527 490 1556 512 ct
1571 486 1635 513 licet
1647 486 1725 521 signa
1738 486 1829 518 faciat,

1040 538 1094 557 non
1113 535 1204 557 tamen
1220 530 1246 558 ei
1265 530 1434 558 credendum
1449 534 1502 557 est.
1524 529 1637 565 Signum
1660 530 1734 558 enim
1749 530 1830 558 Chri-

1041 576 1177 603 stianismi
1196 576 1250 603 hoc
1271 581 1314 603 est
1327 596 1333 608 ,
1352 580 1382 603 ut
1395 575 1493 610 aliquis
1506 575 1563 603 Deo
1579 576 1615 602 sit
1631 575 1774 610 probatus.
1785 580 1833 602 ul-

1041 630 1095 657 quc
1113 622 1222 650 studeat
1243 623 1327 650 latere
1339 630 1431 650 coram
1450 621 1628 654 horninibus;
1645 625 1673 648 et
1687 624 1734 653 ut,
1748 621 1771 648 si
1787 621 1832 647 vel

1041 668 1187 696 universos
1208 669 1354 696 thesauros
1373 668 1446 703 regis
1468 667 1618 702 possideat,
1641 674 1688 694 eos
1712 667 1834 694 occultet

1042 721 1074 741 ac
1088 722 1197 749 semper
1208 715 1283 742 dicat
1296 723 1303 740 ε
1318 714 1467 741 ΤΙιρδατιγιιε
1486 723 1537 740 mm
1555 719 1592 741 est
1609 722 1691 746 meus,
1708 714 1753 740 scd
1764 713 1834 741 alius

1042 767 1101 786 eum
1119 759 1190 794 apud
1207 768 1249 786 me
1263 760 1382 795 deposuit
1397 768 1406 786 :
1423 768 1468 794 ego
1485 761 1554 786 enim
1569 759 1705 786 mendicus
1715 768 1772 786 sum
1785 766 1794 785 :
1809 762 1834 786 et

1043 806 1149 841 quando
1161 807 1184 833 ci
1199 806 1337 841 placuerit,
1356 810 1454 841 repetet
1468 814 1527 832 eum
1539 815 1555 833 α
1573 814 1624 832 me.
1645 806 1674 833 Si
1688 813 1755 833 vero
1773 806 1837 841 quis

1043 852 1117 880 dicat
1132 861 1139 879 :
1154 852 1233 879 Dives
1251 861 1321 884 sum,
1340 853 1443 887 sit/ficit,
1457 852 1525 879 bona
1547 852 1674 888 possideo,
1686 852 1762 879 nihili
1775 861 1834 880 am-

1044 899 1112 934 plius
1123 899 1237 933 indigeo,
1252 898 1388 933 ejusmodi
1403 898 1448 932 qui
1461 902 1513 930 est,
1528 905 1582 925 non
1596 903 1638 925 est
1649 897 1836 931 Christianus,

1044 945 1092 972 sed
1108 952 1156 971 vas
1178 944 1336 979 imposturze
1350 948 1379 971 et
1391 943 1504 971 diaboli.
1524 942 1674 971 Delectatio
1689 943 1764 970 enim
1786 944 1835 971 Dei

1043 990 1208 1018 insatiabilis
1231 994 1291 1022 est,
1314 994 1343 1017 et
1361 994 1464 1024 quanto
1485 989 1572 1024 magis
1593 989 1656 1023 quis
1677 988 1794 1024 gustarit
1808 994 1838 1016 et

1043 1035 1144 1066 ederit,
1161 1039 1238 1062 tanto
1258 1034 1345 1069 magis
1358 1034 1472 1062 esuriet.
1491 1034 1526 1061 Et
1542 1033 1589 1068 qui
1608 1033 1744 1068 ejusmodi
1761 1038 1836 1065 sunt.

1044 1081 1172 1109 ardorem
1199 1085 1283 1116 atque
1309 1087 1432 1107 amorem
1452 1087 1516 1115 erga
1545 1080 1692 1106 Dominum
1724 1079 1837 1111 habent,

1044 1128 1092 1163 qui
1109 1128 1232 1155 coerceri
1255 1126 1372 1162 nequit,
1391 1131 1420 1154 et
1435 1130 1540 1161 quanto
1554 1126 1686 1161 majorem
1701 1125 1840 1152 adhibue-

1045 1176 1102 1202 rint
1113 1182 1224 1209 operam
1235 1171 1399 1208 proﬁciendi
1411 1180 1444 1200 ac
1456 1171 1611 1203 crescendi,
1630 1175 1707 1198 tanto
1726 1179 1756 1198 se
1771 1179 1840 1206 pau-

1045 1221 1169 1256 periores
1185 1223 1329 1254 reputant,
1351 1223 1481 1253 tanquam
1504 1217 1584 1252 egeni
1609 1224 1642 1244 ac
1657 1217 1729 1243 nihil
1747 1216 1840 1251 possi-

1046 1267 1153 1294 dentes.
1177 1265 1234 1292 lIoc
1249 1265 1323 1292 enim
1338 1264 1436 1291 dicunt
1451 1271 1457 1290 :
1478 1263 1537 1290 Non
1552 1271 1611 1290 sum
1626 1263 1720 1298 dignus
1731 1284 1737 1294 ,
1754 1265 1783 1288 ut
1798 1261 1840 1289 εοί

1047 1313 1131 1340 radiis
1149 1313 1204 1340 suis
1218 1319 1261 1339 me
1281 1311 1423 1338 illuminet.
1442 1310 1501 1337 Hoc
1519 1313 1562 1337 est
1576 1309 1685 1345 signum
1702 1308 1840 1336 Christia-

1049 1358 1143 1391 nismi,
1158 1358 1218 1392 ipsa
1235 1356 1342 1384 scilicet
1358 1356 1511 1383 humilitas.

1083 1443 1228 1471 XXXVIII.
1249 1443 1285 1471 At
1303 1443 1325 1470 si
1344 1442 1481 1478 quispiam
1506 1443 1579 1470 dicat
1596 1450 1604 1470 :
1622 1442 1766 1470 Contentus
1783 1450 1842 1470 sum

1048 1495 1072 1518 et
1087 1490 1189 1526 plenus.
1203 1489 1334 1517 seductor
1349 1489 1395 1516 ille
1408 1493 1450 1516 est
1463 1494 1491 1515 et
1504 1489 1632 1516 mendax.
1658 1488 1844 1522 Quemadmo-

1049 1537 1114 1564 dum
1137 1536 1211 1564 enim
1235 1535 1419 1571 gloriﬁcatum
1436 1539 1480 1562 est
1502 1542 1604 1570 corpus
1631 1535 1752 1568 Domini,
1778 1543 1843 1563 cum

1050 1582 1259 1610 conscendisset
1280 1584 1401 1608 montem
1412 1600 1421 1612 ,
1436 1585 1465 1608 et
1481 1579 1510 1607 in
1531 1580 1654 1607 divinam
1668 1580 1801 1616 gloriam’,
1815 1586 1844 1608 et

1049 1628 1078 1655 in
1107 1627 1245 1655 infinitum
1269 1628 1456 1654 lumen-esset
1477 1625 1703 1661 transﬁguratum
1721 1635 1728 1653 :
1750 1626 1791 1654 sic
1815 1631 1845 1653 ct

1050 1681 1167 1708 corpora
1188 1678 1346 1701 sanctorum
1366 1672 1567 1708 gloriﬁcantur,
1583 1677 1611 1699 et
1626 1672 1739 1707 fulgoris
1758 1672 1847 1699 instar

1049 1719 1153 1747 lucent.
1170 1718 1409 1752 Quemadmodum
1420 1719 1495 1746 enim
1507 1719 1593 1754 gloria
1607 1718 1711 1746 Christi
1724 1718 1843 1746 interior

1050 1765 1093 1793 sic
1109 1765 1234 1793 contexit
1246 1772 1348 1800 corpus
1359 1785 1366 1797 .
1384 1769 1412 1792 et
1429 1765 1625 1800 exsplcuduit;
1641 1764 1739 1792 eodem
1761 1765 1845 1792 modo

1050 1816 1078 1838 et
1092 1811 1119 1838 in
1135 1811 1239 1838 sanctis
1263 1810 1379 1838 interior
1396 1810 1499 1838 Christi
1519 1810 1609 1837 virtus
1628 1810 1657 1838 in
1672 1811 1716 1838 die
1733 1810 1778 1838 illa
1795 1818 1845 1838 ex-

1051 1858 1139 1885 terius
1159 1857 1188 1884 in
1204 1864 1320 1891 corpora
1342 1856 1454 1884 illorum
1473 1856 1638 1883 eﬂ‘unditur.
1651 1856 1758 1883 Etenim
1777 1855 1844 1883 sub-

1051 1903 1159 1931 stantiae
1176 1906 1202 1930 et
1218 1908 1323 1930 natum
1344 1903 1404 1938 ejus
1425 1910 1459 1929 ex
1481 1901 1534 1929 hoc
1553 1906 1678 1936 tempore
1694 1901 1844 1936 participes

1051 1954 1116 1977 sunt
1128 1950 1156 1977 in
1171 1949 1264 1976 animo
1277 1957 1338 1976 suo.
1355 1949 1497 1983 Scriptum
1511 1952 1553 1976 est
1567 1947 1641 1974 enim
1658 1956 1666 1975 :
1685 1947 1736 1980 Qui
1748 1948 1846 1974 sancti-

1051 1995 1124 2030 ﬁcat,
1138 1999 1162 2022 et
1175 1994 1359 2029 sanctiﬁcatur
1370 2014 1377 2027 ,
1396 2002 1427 2021 ex
1442 2002 1495 2020 uno
1509 1997 1570 2020 sunt
1586 1993 1620 2020 °’.
1639 1993 1674 2021 Et
1688 2001 1695 2020 :
1709 1993 1842 2026 Gloriam,

1051 2050 1132 2078 quam
1148 2042 1243 2069 dedisti
1257 2041 1320 2068 mihi
1330 2060 1338 2074 ,
1362 2041 1422 2067 dedi
1438 2040 1492 2068 illis
1506 2040 1541 2067 '°.
1555 2040 1794 2073 Quemadmodum
1808 2040 1844 2067 ab

1052 2096 1108 2116 uno
1128 2088 1280 2123 eodemque
1299 2087 1362 2122 igne
1382 2087 1477 2122 plures
1492 2086 1612 2113 lucernae.
1635 2086 1844 2119 accenduntur,

1052 2134 1092 2162 sic
1111 2141 1226 2161 necesse
1247 2140 1358 2168 quoque
1381 2136 1440 2165 est,
1464 2136 1495 2159 ut
1520 2139 1636 2167 corpora
1666 2137 1843 2165 sanctorum,

1052 2186 1114 2214 qua}
1126 2183 1192 2206 sunt
1205 2177 1309 2205 Christi
1323 2177 1458 2210 membra,
1476 2177 1548 2204 idem
1561 2176 1690 2210 evadant,
1701 2176 1775 2212 quod
1787 2177 1846 2212 ipse

1052 2224 1181 2253 Christus
1194 2230 1246 2252 est.

250 2271 314 2299 ΛΘ¹.
342 2270 511 2305 Ἐρώτησις.
533 2270 600 2304 Πῶς
624 2269 767 2305 ἀνώτεροι
794 2269 950 2305 γίγνονται
974 2271 997 2297 oi

1090 2271 1212 2299 XXXIX.
1234 2271 1423 2306 Interrogatio.
1455 2269 1512 2302 Quo
1539 2273 1615 2304 pacto
1637 2269 1751 2296 evadunt
1772 2268 1848 2296 Chriq

214 2317 390 2352 Χριστιανοὶ
414 2316 468 2344 τοῦ
487 2317 606 2351 πρώτου
625 2316 712 2352 Ἀδάμ
723 2315 854 2349 ;ὲκεῖνος
867 2316 923 2350 γὰρ
933 2315 999 2343 ἀθά·

215 2371 306 2395 νιιτος
321 2362 371 2397 ἦν,
387 2362 437 2389 καὶ
455 2362 563 2396 ψυχὴν
578 2361 628 2388 καὶ
642 2361 729 2396 σῶμα
746 2361 912 2396 ἄφθαρτος·
925 2362 952 2388 οὶ
967 2360 1002 2388 δὲ

217 2408 451 2442 ἀποθνήσκουσι
466 2407 515 2435 καὶ
529 2408 711 2443 φθείρονται.

259 2497 443 2531 Ἀπόκρισις.
469 2494 499 2523 '0
513 2496 640 2532 ἀληθινὸς
658 2496 772 2529 θάνατος
787 2496 861 2524 ἔνδον
878 2497 951 2524 ἐστὶν
976 2497 1006 2525 ὲν

216 2545 249 2580 τῇ
267 2543 377 2579 καρδίᾳ,
396 2542 444 2570 καὶ
472 2542 637 2578 κέκρυπται,
659 2544 705 2570 καὶ
717 2543 731 2570 ὸ
753 2543 897 2580 ἄνθρωπος
914 2545 929 2570 ὁ
952 2543 1006 2571 ἔσω

216 2590 382 2625 νενέκρωται
396 2597 403 2604 ·
420 2588 447 2616 εἴ
459 2597 501 2622 τις
513 2587 561 2615 οὖν
578 2588 767 2624 μεταϐέϐηκεν
782 2590 814 2616 ὲκ
829 2590 875 2617 τοῦ
888 2590 1005 2618 θανάτου

218 2637 257 2668 εἰς
273 2637 321 2673 τὴν
334 2636 407 2672 ζωὴν
426 2636 496 2663 κατὰ
521 2636 551 2662 τὸ
573 2635 703 2670 κρυπτὸν,
731 2633 807 2667 οὗτος
829 2635 938 2671 ἀληθῶς
963 2637 1003 2669 είς

218 2682 280 2713 τοὺς
296 2683 398 2714 αἰῶνας
414 2682 459 2718 ζῇ,
475 2681 522 2709 καὶ
533 2682 582 2708 οὐκ
593 2681 773 2718 ἀποθνήσκει.
793 2681 895 2708 Ἀλλέζ
908 2682 954 2709 καὶ
971 2682 1005 2709 τὰ

221 2727 335 2761 σώματα
350 2727 405 2754 τῶν
418 2728 547 2755 τοιούτοιν
571 2727 663 2754 λύεται
686 2728 754 2762 πρὸς
776 2728 882 2764 καιρὸν,
899 2728 1005 2763 ἐγείρε-

220 2779 264 2797 ται
279 2770 355 2804 αὖθις
370 2774 399 2799 ὲν
412 2772 475 2808 δόξῃ
485 2780 493 2788 ο
510 2772 666 2808 ήγιασμὲνα
677 2773 732 2808 γάρ
745 2774 825 2800 είσιν.
844 2773 947 2800 Ὕπνον
958 2771 1006 2802 οὖν

221 2816 336 2853 λέγομεν
362 2818 410 2845 καὶ
441 2819 569 2855 χοίμησιν
588 2819 642 2846 τῶν
657 2818 828 2855 Χριστιανῶν
848 2819 895 2848 τὸν
924 2818 1006 2847 θάνα-

259 2911 282 2928 ⁶⁹
303 2910 387 2938 Hebr.
399 2919 428 2944 ιι,
442 2912 484 2940 Il.
521 2912 545 2929 "°
564 2912 632 2940 Joan
652 2911 772 2947 “11,22.

1053 2317 1134 2344 stiani
1147 2317 1203 2352 ipso
1218 2317 1303 2352 primo
1316 2317 1403 2344 Adam
1415 2314 1585 2351 superiores?
1601 2313 1646 2341 ille
1658 2314 1788 2350 siquidem
1796 2314 1847 2340 im-

1056 2363 1177 2390 mortalis
1191 2367 1260 2395 erat,
1274 2367 1298 2390 et
1315 2371 1367 2390 non
1377 2363 1470 2389 anima
1484 2361 1573 2394 modo,
1588 2369 1681 2388 verum
1695 2360 1777 2387 etiam
1786 2368 1846 2386 cor-

1057 2417 1120 2445 pore
1137 2407 1344 2444 incorruptibilis
1359 2417 1369 2436 :
1385 2409 1412 2436 hi
1438 2416 1498 2435 vero
1517 2407 1668 2434 moriuntur
1688 2410 1712 2432 et
1728 2413 1850 2432 corrum—

1059 2460 1168 2492 puntur.

1093 2500 1246 2536 Responsio.
1266 2500 1337 2528 Vera
1362 2507 1436 2528 mors
1461 2499 1536 2527 intus
1555 2498 1583 2526 in
1604 2497 1688 2526 corde
1709 2496 1794 2524 haeret
1816 2503 1849 2524 ac

1058 2545 1136 2578 latet,
1154 2549 1237 2581 atque
1261 2545 1345 2573 homo
1369 2545 1486 2573 interior
1509 2548 1634 2571 mortuus
1654 2546 1706 2570 est.
1729 2541 1757 2570 Si
1786 2541 1851 2576 quis

1058 2598 1124 2627 ergo
1142 2591 1282 2619 transierit
1293 2599 1309 2619 a
1322 2596 1412 2618 morte
1426 2591 1453 2618 in
1465 2590 1549 2618 vitam
1566 2589 1702 2616 occultam
1715 2609 1723 2622 ,
1744 2588 1791 2615 ille
1805 2596 1851 2615 re-

1055 2645 1121 2665 vera
1137 2638 1164 2665 in
1179 2638 1279 2666 saecula
1295 2638 1373 2671 vivit,
1390 2644 1442 2665 nec
1456 2636 1584 2664 moritur.
1601 2635 1678 2663 Licet
1693 2635 1767 2662 enim
1787 2641 1850 2661 cor-

1054 2691 1122 2719 pora
1145 2684 1245 2712 horum
1268 2684 1414 2712 solvantur
1437 2682 1471 2710 ad
1492 2687 1619 2718 tempus,
1641 2681 1733 2709 denuo
1756 2684 1849 2707 tamen

1056 2730 1226 2758 suscitantur
1242 2730 1271 2757 in
1287 2730 1390 2766 gloria;
1406 2733 1472 2756 sunt
1483 2728 1559 2756 enim
1572 2727 1753 2756 sanctiﬁcata.
1770 2725 1850 2753 Som-

1056 2784 1123 2804 num
1135 2783 1201 2812 ergo
1212 2783 1245 2803 ac
1261 2775 1459 2803 dormitionem
1476 2781 1537 2802 esse
1549 2771 1849 2801 dicimus-Christiano-

1057 2829 1119 2849 rum
1139 2825 1270 2850 mortem.
1293 2820 1371 2855 Quod
1387 2821 1411 2849 si
1428 2820 1511 2848 homo
1528 2819 1693 2847 immortalis
1708 2821 1801 2851 esset,
1821 2820 1850 2846 et
