2078 3151
267 186 320 219 603

888 182 922 214 S.
943 181 1103 214 MACARII
1114 181 1283 213 .EGYPTII

1845 181 1900 215 σοι

267 249 383 278 corpore
403 240 635 277 incorruptibilis,
650 240 797 269 universus
806 240 926 269 mundus
942 248 1001 268 rem
1015 240 1055 268 in-

1111 248 1169 268 τον.
1189 240 1221 266 El
1239 239 1268 267 δὲ
1297 238 1430 271 ἀθάνατος
1445 236 1479 276 ἦν
1498 240 1512 266 6
1527 239 1685 276 ἄνθρωπος,
1707 239 1755 267 καὶ
1783 240 1855 268 κατὰ
1868 242 1900 268 τὸ

267 289 401 316 solentem
418 288 601 324 perspiciens,
619 287 693 323 quod
717 287 823 315 scilicet
840 294 957 322 corpora
974 285 1058 314 Chri-

267 335 421 363 stianorum
435 342 490 362 non
505 339 732 369 corrumpantur,
747 333 913 362 necessitate
927 332 1057 368 quadam,

267 389 296 411 at
315 391 371 411 non
392 387 544 419 spontanea
569 382 732 415 voluntate,
753 380 788 409 ad
810 380 838 408 id
858 379 933 416 quod
953 379 1058 407 bonum

267 434 320 459 est.
336 434 508 464 properaret.

299 475 360 503 δι.
382 475 499 507 Verum,
515 479 544 502 ut
563 473 674 510 penitus
689 477 834 509 appareat,
851 476 880 500 et
899 475 958 499 rata
972 470 1008 499 sit
1022 470 1058 498 li-

267 522 334 550 bera
350 522 458 549 arbitrii
477 521 622 554 voluntas,
639 528 722 556 quam
743 520 777 548 ab
797 519 877 547 initio
898 519 972 546 Deus
991 526 1059 547 con-

268 566 532 602 cessiteﬁhomini,
540 567 600 600 ejus
610 574 655 593 res
663 573 768 593 summa
779 572 840 592 cum
852 563 1059 599 dispensatione

270 612 512 644 administrantur,
529 614 613 647 utque
627 612 728 639 solutio
741 619 890 646 corporum
903 619 911 644 ;
925 610 995 638 utin
1009 618 1058 638 vo-

270 659 375 690 luntate
391 659 512 686 hominis
529 659 581 689 sit.
594 659 717 685 converti
737 666 799 686 cum
818 657 851 684 ad
873 657 900 684 id
920 657 994 692 quod
1009 656 1060 684 bo—

269 712 354 737 num,
378 710 428 732 aut
443 705 516 740 quod
533 705 634 732 malum
652 708 703 732 est.
720 704 816 739 Neque
829 703 904 731 enim
920 703 1059 738 perfectus

270 754 352 781 homo
373 753 406 781 ad
424 753 527 780 bonum
541 772 549 785 ,
570 757 618 779 aut
633 753 659 779 in
678 756 792 788 peccato
806 751 966 782 demersus,
986 754 1015 777 et
1028 757 1058 777 se

269 800 359 835 ipsum
374 799 548 827 constituens
562 806 611 826 vas
625 798 740 830 diaboli,
752 806 767 825 a
780 805 834 833 quo
846 801 922 824 totus
938 796 1059 824 mundus

269 846 469 873 condemnatus
478 844 573 876 est,ad
587 844 614 872 id
629 844 703 880 quod
716 844 819 871 malum
829 848 881 875 est,
895 842 1059 870 necessitate

268 891 386 926 quadam
407 895 449 918 est
471 890 637 922 devinctus;
659 889 707 917 sed
733 889 817 916 habet
838 888 957 916 liberum
983 887 1058 915 arbi-

268 938 365 969 trium,
390 941 421 964 ut
445 937 491 964 ﬁat
512 944 561 964 vas
581 936 727 964 electionis
749 939 777 963 et
799 935 872 962 vitze.
895 934 1028 962 Similiter
1042 941 1058 962 e

268 990 402 1010 converso
416 1002 422 1014 ,
439 982 486 1017 qui
507 981 653 1009 divinitate
667 985 732 1009 sunt
748 980 887 1012 inebriati,
902 980 967 1008 licet
983 979 1057 1015 pleni

268 1029 324 1056 sint
341 1037 373 1056 ac
390 1028 512 1055 devincti
527 1027 631 1063 Spiritu
648 1031 745 1054 sancto
757 1048 764 1055 .
780 1035 834 1054 non
852 1031 942 1054 tamen
959 1034 1057 1054 neces-

268 1075 350 1102 sitate
366 1075 420 1101 ulla
439 1078 580 1104 tenentur,
596 1073 644 1100 sed
654 1074 771 1100 liberum
784 1073 886 1100 habent
900 1072 1056 1106 arbitrium,

268 1126 299 1148 ut
312 1125 510 1148 convertantur
523 1125 551 1147 et
568 1119 672 1147 faciant
683 1140 690 1152 ,
708 1118 842 1154 quidquid
862 1118 1014 1154 placuerit,
1029 1117 1057 1145 in

267 1165 321 1194 hoc
334 1166 444 1193 szeculo.

1111 285 1192 321 σῶμα
1207 286 1357 322 ἄφθαρτος,
1377 285 1484 322 βλέπων
1502 286 1563 318 ὅλος
1581 287 1596 313 6
1614 286 1718 322 κόσμος
1730 287 1762 314 τὸ
1778 287 1899 323 παρὰὼ-

1109 331 1155 366 ξον
1174 331 1221 359 τοῦ
1237 332 1411 369 πράγματος,
1428 332 1470 359 ὅτι
1501 332 1540 368 μὴ
1559 333 1718 369 φθείρονται
1733 333 1769 360 τὰ
1784 332 1900 369 σώματα

1109 378 1165 406 τῶν
1186 378 1370 414 Χριστιανῶν,
1393 378 1503 415 ἀνάγκῃ
1529 378 1621 406 τοίνυν
1660 379 1727 411 τινὶ,
1758 378 1817 406 ἀλλ’
1850 379 1900 416 οὐχ

1109 425 1222 460 ἑκουσίᾳ
1235 425 1333 461 γνώμῃ
1351 425 1422 461 πρὸς
1444 425 1475 452 τὸ
1495 425 1598 460 ἀγαθὸν
1615 425 1759 461 ἀνήρχετο.

1144 472 1191 500 Μ’.
1215 472 1282 500 Ἀλλ’
1296 473 1340 500 ἵνα
1352 474 1424 509 φανῇ
1436 472 1562 506 καθάπαξ
1581 472 1629 500 καὶΙ
1648 472 1775 508 διαμείνῃ
1784 471 1817 499 τὸ
1834 472 1901 500 αὐτ-

1109 517 1243 552 εξούσιον.
1263 519 1333 554 ὅπερ
1346 519 1376 552 ἐξ
1391 519 1481 554 ἀρχῆς
1493 519 1507 546 6
1523 518 1592 551 Θιδς
1606 519 1691 546 ἔδωκε
1702 518 1742 554 τῷ
1749 518 1897 555 ἀνθρώπῳ,

1109 565 1206 592 τούτου
1221 565 1405 600 οἰκονομικῶς
1418 564 1452 591 τὰ
1465 565 1617 601 πράγματα
1630 564 1784 597 διοικεῖται,
1793 564 1841 592 καὶ
1853 564 1897 599 γι-

1109 620 1204 646 γνεται
1219 611 1297 643 λύσις
1312 611 1459 645 σωμάτων,
1477 611 1521 637 ἵνα
1535 611 1564 638 ὲν
1577 610 1617 645 τῷ
1637 610 1770 646 θελήματι
1786 609 1833 637 τοῦ
1852 610 1899 637 ἁν-

1110 657 1221 694 θρώπου
1267 658 1297 685 τὺ
1322 659 1461 693 τραπῆναι
1475 657 1557 684 αὐτὸν
1578 659 1625 684 ἐπὶ
1651 657 1682 683 τὸ
1706 657 1808 691 ἀγαθὸν
1827 657 1844 692 ἢ
1867 657 1899 684 τὸ

1109 705 1206 732 κακόν.
1223 704 1292 732 Οῡτε
1308 704 1363 740 γὰρ
1381 705 1396 731 6
1418 704 1521 735 τέλειος
1545 704 1586 735 εἰς
1600 703 1631 730 τὸ
1650 703 1765 738 ἀγαθὸν,
1780 703 1796 739 ἢ
1813 703 1898 738 βαθὺς

1110 753 1151 784 εἰς
1165 751 1215 787 τὴν
1232 752 1381 787 ἁμαρτίαν,
1396 751 1443 778 καὶ
1454 750 1540 777 ποιῶν
1554 751 1650 778 ἑαυτὸν
1662 749 1759 782 σκεῦος
1773 749 1821 776 τοῦ
1839 750 1898 776 δια-

1111 799 1202 831 δόλου,
1213 798 1258 833 ὑφ’
1268 795 1299 825 οὗ
1314 798 1344 825 τὸ
1357 798 1418 824 ὅλον
1436 797 1598 833 κατεκριθη,
1615 798 1656 829 εἰς
1668 797 1699 824 τὸ
1708 796 1802 832 ,κακὸν
1812 797 1896 831 ανάγ-

1111 853 1147 880 κῃ
1160 844 1214 870 τινὶ
1229 843 1334 871 δέδεται
1350 852 1357 858 ·
1373 843 1433 870 ἀλλ’
1455 843 1514 878 ἔχει
1543 843 1593 878 τὴν
1612 843 1770 878 ἐλευθερίαν
1785 842 1832 870 τοῦ
1852 850 1897 876 γε·

1111 890 1203 918 νέσθαι
1220 889 1317 923 σκεῦος
1336 889 1453 924 ἐκλογῆς
1478 889 1525 916 καὶ
1538 888 1620 924 ζωῆς.
1641 888 1759 924 ὀμοίως
1780 888 1861 916 πάλιν
1870 888 1896 915 οἱ

1110 936 1312 972 μεμεθυσμένοι
1327 937 1367 968 εἰς
1381 937 1432 972 τὴν
1444 936 1572 971 θεότητα,
1585 935 1675 963 καίτοι
1686 935 1895 971 πεπληρωμένοι

1108 983 1156 1010 καὶ
1170 982 1309 1018 δεδεμένοι
1329 982 1470 1018 Πνεύματι
1486 982 1568 1017 ἁγίῳ,
1585 982 1635 1009 οὐκ
1652 982 1759 1018 ἀνάγκῃ
1776 983 1831 1009 τινὶ
1846 991 1894 1009 κε-

1107 1030 1271 1066 κράτηνται,
1287 1029 1346 1057 ἀλλ’
1366 1029 1458 1065 ἔχουσι
1481 1029 1704 1063 τδ·αὐτεξούσιον
1727 1029 1775 1057 τοῦ
1790 1029 1896 1065 τραπῆ-

1108 1085 1152 1103 ναι
1167 1076 1278 1109 αὐτοὺς,
1306 1076 1354 1104 καὶ
1370 1077 1459 1104 ποιεῖν
1481 1076 1496 1103 ὃ
1524 1076 1647 1104 θέλουσιν
1675 1078 1715 1110 εἱς
1740 1076 1784 1104 τὸν
1808 1076 1894 1102 αξῶνα

1107 1131 1212 1150 τουτον.

301 1211 371 1239 XLI.
390 1212 577 1247 Interrogatio.
597 1211 769 1239 Paulatinme
787 1215 946 1238 extenuatur
959 1214 983 1237 et
999 1218 1055 1237 era-

1106 1221 1109 1242 l
1143 1214 1214 1241 MA’.
1247 1213 1420 1247 Ἔρωτησις.
1447 1211 1529 1240 Κατὰ
1549 1211 1641 1247 μέρος
1665 1212 1843 1240 λεπτύνεται
1860 1213 1896 1239 τὸ

265 1258 380 1289 dicatur,
395 1258 464 1293 quod
480 1257 581 1284 malum
588 1262 637 1290 est,
649 1262 728 1292 atque
743 1258 781 1284 ita
793 1257 897 1293 proﬁcit
908 1257 984 1284 homo
992 1265 1057 1292 gra-

266 1305 319 1337 tia;
339 1313 375 1331 an
395 1305 505 1336 statim,
523 1304 567 1331 ubi
586 1312 751 1340 progressum
775 1303 874 1339 fecerit,
895 1304 1058 1339 usurpatur

265 1351 334 1387 quod
351 1350 452 1378 malum
469 1350 530 1378 est?

300 1396 453 1428 Responsio.
474 1397 712 1430 Quemadmodum
729 1395 819 1424 infans
834 1394 1012 1431 imperfectus
1027 1394 1056 1422 in

265 1447 346 1469 utero
370 1451 425 1470 non
448 1443 593 1470 confestim
613 1443 642 1470 in
656 1443 797 1470 hominem
820 1442 992 1475 concrescit,
1008 1441 1056 1469 sed

265 1488 398 1524 paulatim
414 1488 531 1516 formam
545 1488 645 1524 recipit
663 1494 692 1516 et
703 1489 843 1524 gignitur;
863 1496 951 1523 neque
965 1488 1056 1515 conti-

264 1542 321 1562 nuo
333 1534 472 1569 perfectus
483 1535 567 1562 homo
579 1539 632 1568 est,
647 1535 695 1562 sed
713 1535 864 1562 multorum
877 1534 987 1562 demum
1006 1542 1056 1562 an-

265 1587 365 1607 norum
374 1580 493 1607 decursu
505 1580 705 1608 incrementum
718 1580 813 1612 sumit,
824 1584 906 1615 atque
918 1581 945 1607 in
962 1579 1052 1607 virum
1068 1595 1090 1624 ο

265 1626 360 1654 evadit
375 1635 382 1654 :
399 1632 497 1661 estque
508 1627 585 1654 velut
598 1627 703 1654 semina
718 1626 814 1654 hordei
828 1631 874 1653 aut
885 1626 981 1658 tritici,
994 1633 1055 1662 quae

266 1671 294 1699 in
307 1676 407 1699 terram
425 1673 546 1705 :onjecta
557 1679 612 1699 non
621 1672 713 1700 statim
723 1672 832 1700 radices
843 1676 927 1708 agunt
938 1693 945 1704 ,
957 1680 1055 1700 verum

266 1718 313 1746 ubi
328 1719 512 1753 praeterierint
525 1719 632 1746 hiemes
643 1723 671 1746 et
684 1719 771 1751 venti,
787 1723 846 1746 tum
858 1718 970 1746 demum
984 1726 1056 1746 com-

265 1765 348 1792 modo
365 1769 488 1799 tempore
500 1765 582 1800 spica:
601 1770 770 1793 enascuntur
784 1774 791 1792 :
810 1765 886 1798 item,
898 1765 946 1800 qui
957 1773 1055 1801 pyrum

265 1808 381 1844 plantat,
395 1817 450 1836 non
464 1810 556 1837 statim
568 1810 686 1845 percipit
701 1809 821 1837 fructum
837 1818 844 1836 :
857 1809 954 1837 eodem
972 1809 1055 1836 modo

266 1854 294 1881 in
309 1855 500 1889 spiritualibus
512 1863 634 1890 quoque,
649 1855 697 1883 ubi
709 1859 783 1883 tanta
798 1855 932 1890 sapientia
943 1859 972 1882 et
988 1854 1055 1882 sub<

266 1899 351 1926 tilitas
377 1903 434 1933 est,
450 1900 582 1935 paulatim
600 1900 683 1928 homo
700 1901 877 1937 progreditur
890 1921 897 1933 ,
916 1901 1055 1936 evaditque

264 1945 293 1972 in
304 1945 388 1972 virum
398 1945 553 1980 perfectum,
569 1951 594 1974 et
606 1946 798 1982 plenitudinem
812 1948 898 1974 (etatis
915 1955 923 1974 :
940 1955 1006 1983 non,
1023 1951 1055 1974 ut

265 1991 377 2026 quidam
396 1991 473 2019 aiunt
487 2001 494 2019 :
507 1992 620 2020 Induere
632 1998 657 2020 et
668 2001 762 2021 exuere
776 1994 808 2020 '".

301 2044 382 2072 XLII.
401 2045 454 2078 Qui
474 2046 582 2074 litteras
595 2046 703 2074 discere
721 2047 749 2074 in
765 2047 837 2075 votis
853 2047 951 2080 habet,
966 2048 1055 2083 pergit

263 2090 384 2126 primum
398 2091 432 2118 ad
447 2091 595 2119 ediscenda
615 2093 692 2128 signa
709 2101 716 2119 τ
736 2093 783 2120 ubi
800 2094 823 2121 si
838 2094 944 2128 primus
958 2093 1052 2127 fuerit,

263 2137 394 2172 pergitad
405 2138 526 2165 scholam
540 2138 712 2171 Latinorum,
730 2144 828 2174 estque
845 2140 969 2168 omnium
986 2140 1053 2168 ulti-

263 2190 336 2210 mus.
361 2183 481 2211 Rursum
506 2183 564 2211 illic
583 2184 630 2212 ubi
656 2184 741 2212 fuerit
767 2185 883 2220 primus,
906 2186 995 2221 pergit
1018 2186 1052 2213 ad

262 2230 385 2257 scholam
402 2229 541 2258 forensem
553 2251 561 2263 ,
580 2235 678 2266 estque
698 2231 724 2258 in
745 2239 776 2259 ea
794 2239 903 2259 rursum
927 2231 1051 2260 omnium

1107 1261 1212 1293 κακὸν,
1233 1259 1283 1286 καὶ
1298 1258 1475 1293 ἐκριζοῦται,
1504 1259 1554 1285 καὶ
1585 1258 1748 1292 προκόπτει
1768 1259 1813 1291 εις
1837 1259 1897 1293 τὴν

1107 1306 1196 1341 χάριν
1206 1307 1222 1333 ὀ
1234 1306 1400 1340 ἄνθρωπος,
1418 1305 1437 1340 ἢ
1453 1304 1574 1338 εὐθέως,
1590 1306 1617 1332 εὶ
1629 1305 1715 1340 τύχοι
1727 1304 1895 1339 προκοπῆς,

1106 1351 1271 1386 ἐκριζυῦται
1284 1352 1318 1379 τὸ
1332 1353 1448 1383 κακόν;

1148 1395 1327 1432 Ἀ.γιτόιιριοίς.¹
1339 1399 1474 1434 Καθάπερ
1494 1399 1525 1426 τὸ
1548 1398 1670 1434 ¹ἔμϐρυον
1694 1399 1724 1425 ὲν
1751 1400 1784 1434 τῇ
1802 1399 1895 1434 μήτρᾳ

1107 1444 1158 1470 οὐκ
1172 1444 1274 1476 εὐθέως
1289 1444 1428 1479 πήγνυται
1444 1446 1484 1476 εἰς
1503 1445 1659 1478 ἄνθρωπον,
1674 1444 1742 1471 ἀλλὰ
1758 1445 1829 1472 κατὰ
1845 1445 1896 1479 μέ-

1107 1499 1154 1526 ρος
1176 1490 1301 1524 γίγνεται
1326 1490 1408 1517 εἰκὼν
1434 1491 1483 1517 καὶ
1503 1492 1644 1525 γεννᾶται,
1657 1491 1707 1517 οὐχ
1722 1491 1773 1526 ἢδη
1786 1490 1814 1517 δέ
1836 1491 1896 1517 ἐστι

1106 1536 1210 1568 τέλειος
1233 1536 1387 1572 ἄνθρωπος,
1417 1536 1478 1564 ἀλλ’
1495 1536 1605 1569 αὐξάνει
1628 1537 1657 1563 ὲν
1681 1536 1755 1563 ἔτεσι
1774 1536 1894 1568 πολλοῖς.

1107 1581 1155 1609 καὶ
1182 1582 1305 1616 γίγνεται
1323 1582 1393 1617 ἀνήρ
1411 1591 1418 1598 ·
1442 1582 1500 1608 ἔστι
1524 1583 1553 1609 δὲ
1577 1582 1673 1618 ὥσπερ
1690 1582 1725 1609 τὰ
1748 1582 1894 1618 σπέρματα

1106 1628 1161 1654 τῶν
1175 1627 1279 1662 κριθῶν
1293 1628 1309 1663 ἢ
1329 1628 1375 1654 τοῦ
1402 1628 1487 1661 σίτου,
1508 1629 1559 1655 οὐκ
1573 1628 1674 1659 εὐθέως
1687 1627 1840 1664 βαλλόμενα
1853 1629 1895 1660 εἰς

1105 1674 1157 1710 τὴν
1187 1675 1239 1709 γῆν
1275 1674 1355 1710 ριζοῖ,
1383 1674 1451 1701 ἀλλὰ
1480 1675 1661 1710 παρέρχονται
1688 1675 1822 1710 χειμῶνες
1846 1677 1895 1702 καὶ

1105 1720 1214 1756 ἄνεμοι,
1230 1721 1278 1747 καὶ
1288 1722 1349 1747 τότε
1359 1721 1398 1756 τῷ
1406 1721 1492 1748 δέοντι
1507 1721 1595 1757 καιρῷ
1611 1721 1747 1756 γίγνονται
1761 1722 1893 1756 στάχυες·

1105 1769 1153 1795 καὶ
1174 1769 1188 1795 6
1218 1768 1341 1802 φυτεύων
1367 1768 1466 1800 ἄπιον,
1484 1769 1535 1796 οὐκ
1562 1768 1663 1800 εὐθέως
1690 1768 1894 1803 μεταλαμϐάνει

1105 1815 1151 1842 τὸν
1163 1815 1279 1850 καρπόν·
1298 1814 1430 1846 ὡσαύτως
1449 1815 1502 1841 κάν
1521 1816 1576 1846 τοῖς
1599 1816 1802 1849 πνευματικοῖς,
1822 1814 1895 1841 ὅπου

1106 1860 1222 1896 τοσαύτη
1240 1860 1322 1895 σοφία
1334 1860 1381 1887 καὶ
1395 1859 1540 1895 λεπτότης,
1559 1860 1629 1887 κατὰ
1650 1860 1748 1894 μικρὸν
1761 1861 1776 1886 6
1788 1859 1896 1896 ἄνθρωυ

1105 1915 1156 1939 πος
1172 1906 1294 1939 αὐξάνει,
1315 1905 1367 1933 καὶ
1388 1906 1501 1941 γίνεται
1520 1907 1564 1939 εις
1589 1905 1684 1939 ἄνδρα
1699 1906 1825 1937 τέλειον,
1849 1906 1895 1939 εις

1101 1953 1214 1987 μέτρον
1219 1952 1350 1987 ἡλικίας·
1358 1952 1409 1987 οὐχ
1414 1951 1715 1988 ὥσπερτινὲςλέγουσιν
1721 1959 1729 1967 ·
1737 1951 1893 1984 Ἕνδυσαι,

1104 1999 1243 2026 ἐκδυσαι.
1872 2015 1881 2022 ς

1139 2045 1208 2072 MB’.
1236 2045 1267 2072 '0
1286 2045 1372 2073 θέλων
1393 2045 1491 2081 μαθεῖν
1504 2045 1659 2081 γράμματα
1681 2044 1833 2080 ἀπέρχεται
1846 2043 1895 2071 καὶ

1106 2091 1237 2126 μανθάνει
1251 2091 1287 2118 τὰ
1300 2093 1414 2128 σημεῖα,
1429 2091 1477 2119 καὶ
1494 2091 1560 2118 ὅταν
1575 2092 1683 2126 ίένηται
1697 2092 1758 2118 ἐκεῖ
1771 2091 1892 2126 πρῶτος,

1104 2137 1255 2173 ἀπέρχεται
1269 2139 1310 2170 εἰς
1323 2138 1373 2175 τὴν
1385 2138 1484 2174 σχολὴν
1494 2138 1548 2165 τῶν
1570 2137 1744 2173 Ῥωμαϊκῶν,
1759 2138 1806 2164 καὶ
1819 2136 1894 2163 ἐστιν

1103 2183 1173 2211 ὅλων
1203 2184 1329 2219 ἔσχατος.
1353 2185 1438 2212 Πάλιν
1463 2185 1523 2212 ἐκεῖ
1540 2184 1606 2211 ὅταν
1634 2185 1750 2219 γένηται
1770 2183 1891 2220 πρῶτος.

1104 2230 1255 2266 ἀπέρχεται
1282 2230 1351 2266 πρὸς
1376 2231 1425 2266 τὴν
1453 2231 1550 2267 σχολὴν
1568 2230 1623 2258 τῶν
1648 2229 1831 2265 γραμμάτων,
1845 2229 1894 2255 καὶ

262 2274 377 2302 ultimus
399 2279 428 2302 et
451 2276 515 2303 tiro.
542 2265 647 2303 Deinde
670 2276 717 2303 ubi
745 2276 830 2304 fuerit
854 2277 1050 2311 scholasticus,

1106 2274 1161 2302 ἐστι
1182 2276 1264 2303 πάλιν
1281 2277 1340 2303 ἐκεῖ
1351 2265 1421 2304 ὅλων
1439 2265 1564 2312 ἔσχατος,
1584 2277 1726 2312 ἀρχὰριος.
1745 2273 1814 2302 Εῐτα
1828 2275 1893 2302 ὅταν

261 2320 386 2347 omnium
404 2320 608 2348 causidicorum
623 2324 665 2348 est
682 2321 804 2348 novitius
819 2325 847 2348 et
860 2321 984 2349 ultimus.
999 2321 1054 2349 De-

263 2374 319 2394 nuo
332 2366 380 2393 ubi
393 2366 450 2393 illic
463 2366 584 2394 evaserit
599 2366 716 2401 primus,
733 2372 789 2394 tum
810 2367 865 2394 dux
879 2367 990 2401 evadit;
1005 2368 1053 2403 qui

261 2411 285 2439 si
300 2412 485 2447 principatum
500 2412 617 2447 adeptus
629 2412 722 2445 fuerit,
738 2413 892 2449 adiutorem
907 2413 959 2442 sibi
970 2415 1054 2442 sumit

260 2465 439 2485 assessorem.
463 2458 492 2485 Si
515 2466 582 2494 ergo
605 2458 634 2486 in
656 2459 742 2487 rebus
768 2461 891 2488 externis
913 2465 953 2488 tot
969 2461 1054 2489 habet

260 2504 345 2530 homo
357 2511 553 2539 progressuum
568 2505 670 2540 gradus
684 2513 691 2532 :
709 2511 812 2541 quanto
823 2507 909 2542 magis
920 2507 1049 2543 mysteria

260 2548 384 2577 coelestia
401 2549 506 2576 habent
519 2550 669 2584 profectus,
685 2555 713 2578 et
723 2559 772 2586 per
784 2552 885 2580 multos
897 2553 999 2587 gradus
1009 2553 1050 2580 in-

260 2599 431 2622 crementum
444 2599 575 2629 sumunt;
590 2601 619 2623 et
633 2600 702 2626 tum.
719 2597 766 2632 qui
787 2605 837 2632 per
855 2598 956 2625 multas
968 2606 1048 2626 exer-

260 2640 415 2673 citationes,
429 2646 458 2669 et
470 2649 519 2676 per
533 2642 619 2670 multa
632 2643 754 2678 pericula
765 2644 977 2677 transcenderit,
987 2653 1050 2680 per-

261 2686 352 2714 fectus
368 2687 471 2714 evadit.
486 2687 636 2716 Christiani
651 2690 724 2717 enim
737 2710 744 2723 ,
762 2690 808 2725 qni
826 2698 923 2718 revera
937 2695 1046 2726 gustum

262 2731 356 2767 gratiae
367 2737 568 2767 perceperunt,
589 2737 618 2761 et
636 2734 743 2769 signum
761 2735 853 2763 crucis
871 2736 899 2763 in
912 2740 1004 2763 mente
1020 2741 1050 2764 et

263 2778 346 2806 corde
365 2778 479 2812 habent,
497 2780 554 2807 hia
571 2780 681 2816 regibus
691 2781 724 2809 ad
742 2789 876 2818 pauperes
891 2790 1049 2818 usque,pro

262 2829 385 2853 stercore
394 2829 422 2853 et
440 2826 537 2854 fmtorc
561 2831 692 2862 reputant
714 2828 805 2856 omnia
822 2837 828 2856 :
848 2834 876 2856 ct
893 2829 920 2855 bi
935 2833 1050 2864 possunt

292 2914 314 2931 “
335 2915 437 2951 Epltes.
454 2924 490 2950 vr,
517 2917 558 2944 l2.

1103 2321 1217 2357 γένηται
1234 2322 1421 2358 σχολαστικὸς,
1433 2323 1501 2351 ὅλων
1518 2323 1572 2350 τῶν
1588 2323 1736 2357 δικολόγων
1760 2322 1893 2358 ἀργάριος

1102 2369 1150 2396 καὶ
1170 2369 1285 2405 ἐσχατός
1301 2371 1371 2396 ἐστι.
1386 2369 1471 2396 Πάλιν
1486 2370 1551 2397 ὅταν
1568 2370 1627 2396 ἐκεῖ
1643 2369 1758 2404 γένηται
1771 2368 1891 2404 πρῶτος.

1103 2415 1164 2442 τότε
1183 2416 1290 2450 γίνεται
1320 2416 1446 2451 ἡγεμών·
1476 2416 1524 2443 χαὶ
1554 2416 1619 2443 ὅταν
1651 2415 1765 2450 γένηται
1787 2415 1891 2449 ἄρχων,

1103 2461 1240 2497 λαμϐάνει
1257 2462 1347 2497 ἑαυτῷ
1367 2462 1464 2497 βοηθὸν
1482 2463 1528 2489 τδν
1542 2462 1736 2497 συγκάθερδον.
1757 2461 1789 2489 Εἰ
1801 2460 1848 2488 οὖν
1858 2461 1892 2488 τὰ

1105 2507 1258 2543 φαινόμενα
1283 2508 1420 2540 τοσαύτας
1444 2508 1501 2543 ἔχει
1524 2508 1677 2543 προκοπὰς,
1698 2507 1775 2542 πόσῳ
1791 2506 1893 2541 μᾶλλον

1103 2554 1136 2580 τὰ
1154 2554 1304 2590 ἐπουράνια
1317 2555 1456 2589 μυστήρια
1465 2554 1522 2589 ἔχει
1537 2555 1690 2589 προκοπὰς,
1707 2554 1754 2580 καὶ
1770 2553 1893 2588 βαθμοὺς

1103 2600 1220 2631 πολλοὺς
1244 2599 1374 2632 αὺξᾶνειι
1393 2600 1439 2627 καὶ
1461 2600 1521 2627 τότε
1536 2600 1580 2627 διὰ
1607 2600 1711 2634 πολλῆς
1737 2598 1892 2635 γυμνασίας

1103 2645 1150 2672 καὶ
1180 2645 1285 2672 πολλῶν
1309 2646 1497 2681 πειρατηρίων
1520 2646 1535 2672 ό
1561 2645 1702 2680 διαφυγὼν
1725 2646 1832 2680 γίνεται
1848 2646 1893 2672 τέ-

1101 2691 1183 2724 λειος.
1201 2693 1233 2719 Οἱ
1252 2692 1307 2728 γὰρ
1323 2693 1483 2728 Χριστιανοὶ
1497 2693 1522 2719 οἱ
1540 2693 1705 2727 γευσάμενοι
1720 2693 1770 2726 τῆς
1781 2692 1892 2727 χάριτος

1103 2739 1132 2771 ἐξ
1150 2737 1292 2772 ἀληθείας,
1302 2739 1350 2765 καὶ
1366 2738 1396 2765 τὺ
1418 2740 1532 2774 σημεῖον
1546 2739 1655 2778 ἔχοντες
1667 2737 1715 2765 τοῦ
1726 2737 1844 2765 σταυροῦ
1863 2738 1893 2764 ὲν

1102 2784 1142 2819 τῷ
1160 2784 1198 2820 νῷ
1215 2785 1261 2811 καὶ
1275 2786 1308 2820 τῇ
1321 2785 1431 2820 καρδία,
1446 2781 1520 2811 οὗτοι
1536 2785 1591 2812 ἀπὸ
1608 2784 1741 2820 βασιλέων
1751 2784 1804 2815 ἕως
1818 2791 1893 2810 πτω·

1103 2830 1169 2866 χῶν,
1184 2831 1303 2867 κοπρίαν
1314 2831 1362 2858 καὶ
1374 2831 1508 2858 δυσωδίαν
1523 2831 1655 2867 ἡγοῦνται
1670 2831 1703 2858 τὰ
1721 2831 1819 2858 πᾶντα.
1835 2828 1892 2857 Καὶ
