2078 3151
206 151 260 184 605

809 148 995 180 ΗΟΜΙῙᾸΕ.
1007 161 1042 168 -

1051 151 1146 184 ΗΟΜ.
1167 153 1228 185 XV.
1784 152 1838 185 606

205 205 278 236 οὗτοι
292 205 421 234 δύνανται
448 203 558 236 εἰδέναι,
576 204 617 231 ὅτι
636 204 697 236 δλος
715 204 730 230 ὁ
744 203 871 239 κόσμοςό
889 203 995 238 γήϊνος,

1053 206 1214 243 intelligere.
1228 209 1387 238 universum
1405 209 1539 238 mundum
1553 214 1693 238 terrenum
1704 229 1712 242 ,
1726 209 1838 238 thesau-

207 254 254 282 καὶ
269 256 294 280 οι
312 252 445 288 θησαυροὶ
463 250 510 278 τοῦ
533 250 677 286 βασιλέως,
704 251 752 277 καὶ
767 250 785 285 ἡ
808 249 882 282 δόξα,
913 249 960 276 καὶ
973 250 996 276 ot

206 299 262 334 τῆς
282 298 380 333 σοφίας
399 297 485 332 λόγοι,
505 297 534 323 ὲν
556 296 693 332 φαντασίᾳ
705 295 759 322 τινί
773 296 837 329 εἰσι,
855 295 892 330 μὴ
903 294 999 330 ἔχοντα

211 345 326 381 στερεὰν
341 344 430 380 βάσιν,
448 343 516 370 ἀλλὰ
535 343 740 378 παρερχόμενα.
763 342 819 369 Καὶ
833 342 860 369 ετ
877 341 903 369 τί
926 342 999 368 ἔστιν

214 392 268 418 ὑπὸ
277 391 321 417 τὸν
334 390 460 425 οὐρανὸν,
477 389 583 421 τούτοις
597 389 671 416 ἐστὶν
686 388 934 424 εὐκαταφρόνητον.
991 391 994 394 ’

243 435 309 463 ΜΓ.
328 434 378 461 Διὰ
395 435 440 467 τίς
455 435 496 461 ὅτι
511 434 572 467 ξένα
581 434 629 461 καὶ
644 433 786 469 Θαυμαστὰ
802 433 835 460 τὰ
846 432 938 461 ἐπάνω
945 432 999 459 τῶν

215 482 350 518 οὐρανῶν,
365 481 400 507 τὰ
415 480 453 516 μὴ
467 481 532 507 οντα
546 481 615 516 μήτε
630 481 670 512 εἰς
685 479 839 516 θησαυροὺς
857 479 999 514 βασιλέων,

210 529 280 564 μήτε
290 528 331 559 είς
349 527 449 562 σοφίαν
463 527 562 562 λόγων,
589 527 659 563 μήτε
688 527 727 559 εἰς
755 525 834 559 δόξαν
851 526 999 562 κοσμικὴν,

209 577 257 604 καὶ
274 575 439 612 ἀξιώματα,
455 575 471 610 ἢ
495 575 623 608 πλοῦτον,
638 571 693 602 οἷον
717 576 816 602 ἐκεῖνοι
839 575 1000 610 ἐκτήσαντο,

208 623 255 650 τὸν
274 622 379 659 Κύριον
396 624 443 650 καὶ
457 623 571 658 κτίστην
588 623 697 649 πάντων
712 622 818 657 ἔχοντες
836 623 865 649 ὲν
879 621 918 658 τῷ
929 621 1002 648 ἐνδο-

209 668 283 703 τάτῳ
300 667 450 703 ἀνθρώπῳ,
468 668 561 702 κτῆμα
583 668 613 694 τὸ
640 667 678 703 μὴ
701 667 917 703 παρερχόμενον,
931 666 1002 693 ἀλλὰ

209 713 382 749 παραμένον.
407 713 439 739 Οἱ
460 714 514 747 γὰρ
537 713 700 747 Χριστιανοὶ
723 713 818 747 τιμίαν
839 712 928 738 οἴδασι
951 711 1001 746 τὴν

211 759 300 794 ψυχὴν
312 758 383 792 ὑπὲρ
400 757 488 784 πάντα
506 757 541 784 τὰ
556 757 803 793 δημιουργήματα·
824 757 903 792 μόνος
921 755 975 791 γὰρ
987 756 1001 782 ό

211 805 358 839 ἄνθρωπος
377 804 437 830 κατ’
454 803 546 830 εἰκόνα
563 803 611 829 καὶ
635 803 766 838 ὁμοίωσιν
780 803 847 830 θεοῦ
869 802 978 836 ἐγένετο
992 810 999 818 ·

212 850 268 876 [50b
283 849 298 876 ό
311 849 426 884 οὐρανὸς
445 850 527 876 πόσον
543 850 618 876 ἐστὶν
634 849 838 885 ὑπερμεγέθης,
849 849 897 875 καὶ
916 850 932 884 ἠ
946 849 998 884 γῆ,

1049 261 1150 288 rosque
1165 254 1252 290 regis,
1270 263 1354 290 opes,
1370 256 1487 291 gloriam
1505 264 1537 283 ac
1556 255 1698 291 sapientiae
1715 255 1838 290 eloquia,

1053 304 1196 328 externam
1209 300 1292 328 modo
1303 301 1423 336 speciem
1437 301 1471 329 de
1484 309 1513 329 se
1524 302 1657 337 praebere,
1670 309 1722 329 nec
1735 301 1840 329 habere

1049 345 1168 373 solidum
1178 346 1449 379 fundamentum,sed
1459 348 1600 382 prmterire
1615 355 1647 375 ac
1661 354 1840 375 evanescere.

1049 389 1083 417 Et
1092 389 1225 425 quidquid
1241 390 1292 417 sub
1300 391 1370 418 caelo
1382 395 1434 423 est,
1446 391 1480 418 ab
1493 391 1534 418 eis
1547 391 1626 419 facile
1639 390 1840 419 contemnitur.

1084 435 1179 463 XLIII.
1199 435 1251 470 Qui
1275 436 1346 464 hoc?
1370 436 1410 464 Eo
1436 436 1510 471 quod
1534 437 1678 472 peregrina
1700 441 1730 464 et
1748 437 1839 464 admi-

1049 482 1135 510 randa
1151 482 1217 516 sint,
1229 490 1289 518 qua;
1299 490 1381 518 supra
1398 483 1484 510 caelos
1499 487 1573 516 sunt,
1590 490 1622 510 ac
1632 490 1722 518 neque
1737 483 1765 511 in
1779 482 1840 511 the:

1050 526 1143 554 sauris
1159 534 1265 562 regum,
1278 535 1367 562 neque
1384 527 1411 554 in
1426 527 1559 562 sapientia
1578 527 1737 561 verborum,
1749 536 1842 564 neque

1050 573 1079 600 in
1093 573 1180 608 gloria
1192 573 1333 601 mundana
1345 574 1520 608 reperiantur
1532 583 1540 600 :
1556 582 1589 600 ac
1601 574 1666 609 quia
1682 574 1839 610 dignitates,

1050 623 1098 646 aut
1118 618 1238 652 divitiaa,
1258 627 1328 654 quas
1347 619 1386 647 illi
1409 619 1562 654 possident,
1585 621 1631 655 qui
1649 621 1795 648 Dominum
1812 626 1842 649 et

1049 664 1209 693 Creatorem
1220 666 1343 693 omnium
1357 666 1384 693 in
1399 666 1524 693 interiori
1540 666 1651 694 homine
1663 666 1777 699 habent,
1786 667 1842 694 sint

1050 711 1188 745 possessio
1212 719 1355 746 nunquam
1387 712 1555 745 interitura,
1585 712 1633 740 sed
1665 720 1841 747 permanens.

1051 755 1200 784 Christiani
1215 757 1289 784 enim
1305 761 1460 789 noverunt,
1478 758 1598 785 animam
1615 758 1694 794 longe
1711 762 1843 793 praestan-

1053 802 1151 830 tiorem
1172 802 1226 838 65
1240 810 1300 831 esse
1319 803 1428 831 caeteris
1442 804 1574 831 omnibus
1591 805 1727 831 creaturis
1743 813 1750 832 :
1766 805 1844 832 solus

1051 849 1187 884 siquidem
1203 850 1285 876 homo
1296 849 1450 877 secundum
1470 850 1616 885 imaginem
1636 855 1665 878 et
1683 850 1845 878 similitudi-

210 896 306 924 καὶτὰ
325 897 355 924 έν
371 896 463 928 αὐτοῖς
488 903 627 931 κτισματα
644 895 733 930 τίμια,
762 895 810 922 καὶ
837 894 942 930 μεγάλα
964 893 1001 920 τὰ

1053 903 1115 923 nem
1135 896 1183 923 Dei
1204 896 1293 923 factus
1307 901 1359 923 est.
1374 897 1444 924 Ecce
1462 897 1562 924 ctelum
1581 905 1662 932 quam
1678 897 1842 925 immensum

211 941 297 976 σκεύη
324 942 424 974 αὐτῶν,
444 942 459 968 ό
484 942 512 968 δὲ
526 942 669 977 ἄνθρωπος
684 941 756 977 ὑπὲρ
769 940 858 968 πάντα
869 939 904 967 τὰ
917 939 1003 976 σκεύη

210 989 301 1024 τίμιός
317 990 402 1021 ἐστιν,
425 990 519 1024 ἐπειδὴ
540 990 580 1020 εἰς
600 988 681 1016 αὑτὸν
708 988 787 1024 μόνον
811 987 957 1022 εὐδόκησεν
986 986 1003 1013 ό

211 1036 314 1071 Κύριος
329 1044 336 1051 ·
352 1036 400 1063 καὶ
416 1037 450 1063 τὰ
467 1036 538 1070 κήτη
554 1035 583 1062 δὲ
594 1035 644 1070 ⁸ιῆς
668 1034 816 1069 θαλάσσης,
832 1034 880 1061 καὶ
889 1033 925 1060 τὰ
936 1033 999 1069 ὅρη,

210 1082 257 1109 καὶ
269 1082 304 1108 τὰ
326 1081 418 1117 θηρία,
448 1082 488 1113 είς
517 1081 547 1109 τὸ
580 1081 743 1116 φαινόμενον
761 1079 871 1115 μείζονά
888 1080 941 1105 εἰσι
955 1077 1003 1105 τοῦ

211 1127 368 1162 ἀνθρώπου.
385 1127 473 1154 Βλέπε
486 1126 533 1154 οὖν
548 1135 594 1153 σου
606 1127 637 1153 τὸ
651 1126 769 1162 ἀξίωμα,
784 1126 844 1157 πῶς
855 1123 880 1151 εἴ
891 1124 980 1160 τίμιος
991 1144 999 1156 ,

211 1174 253 1200 ὅτι
269 1173 340 1208 ὑπὲρ
365 1173 499 1208 ἀγγέλους
528 1173 640 1208 ἐποίησέ
664 1181 695 1199 σε
721 1172 735 1199 ό
752 1171 829 1203 Θεὸς,
857 1170 938 1198 ὁπότε
953 1170 1002 1197 καὶ

212 1219 292 1251 αὐτὸς
308 1219 342 1246 δι’
357 1219 454 1246 ἑαυτοῦ
481 1220 522 1251 είς
537 1219 587 1255 σὴν
612 1218 764 1255 πρεσδείαν
790 1218 838 1245 καὶ
867 1217 1002 1253 λύτρωσιν

213 1267 380 1301 παρεγένετο
392 1268 438 1294 ἐπὶ
451 1268 500 1303 τῆς
510 1267 573 1303 γῆς.

1052 941 1103 969 sit!
1123 941 1188 969 item
1201 945 1229 970 et
1241 943 1333 970 terra!
1351 950 1433 978 quam
1455 947 1590 970 creaturae
1606 944 1633 970 in
1649 943 1704 970 illis
1720 944 1845 971 viventes

1051 988 1194 1024 pretiosae!
1215 996 1354 1024 quamque
1372 997 1470 1024 magna
1485 997 1603 1024 corpora
1619 991 1734 1017 eoruml
1757 990 1845 1018 Homo

1051 1034 1234 1062 nihilominus
1253 1034 1328 1062 hisce
1341 1035 1504 1070 corporibus
1517 1036 1649 1063 omnibus
1671 1036 1759 1064 multo
1773 1044 1846 1072 prae-

1055 1080 1173 1108 stantior
1189 1084 1251 1114 est;
1268 1080 1492 1116 quandoquidem
1508 1081 1536 1108 in
1558 1082 1605 1109 illo
1622 1082 1681 1110 solo
1696 1082 1847 1117 complaci--

1054 1130 1111 1153 tum
1125 1126 1304 1154 estDomino.
1316 1127 1453 1155 Praeterea
1463 1132 1522 1155 cete
1537 1136 1647 1163 quoque
1660 1129 1754 1163 maris,
1767 1137 1847 1157 mon-

1055 1176 1098 1199 tes
1121 1175 1149 1199 et
1181 1171 1280 1199 bellua:
1308 1171 1459 1199 secundum
1490 1177 1667 1206 conspectum
1699 1177 1845 1200 externum

1056 1217 1246 1252 magnitudine
1260 1224 1309 1244 sua
1329 1217 1467 1245 excedunt
1481 1218 1633 1246 hominem.
1650 1219 1765 1255 Respice
1778 1227 1846 1255 ergo

1052 1264 1214 1300 dignitatem
1232 1268 1319 1297 tuam,
1336 1272 1418 1299 quam
1438 1265 1476 1293 sis
1493 1265 1649 1300 pretiosus!
1665 1267 1737 1301 quod
1754 1271 1779 1295 te
1795 1275 1845 1295 su-

212 1314 350 1349 periorem
369 1315 472 1350 angelis
491 1314 587 1341 fecerit
604 1314 688 1346 Deus,
699 1311 810 1348 quando
839 1311 882 1340 vel
918 1311 976 1347 ipse
1005 1311 1141 1347 legatione
1164 1310 1198 1338 ad
1217 1314 1245 1338 te
1261 1314 1290 1338 et
1319 1310 1509 1347 redemptione
1523 1313 1564 1340 tui
1578 1312 1790 1348 perfuncturus,
1817 1314 1846 1341 in

217 1359 298 1387 terris
310 1367 340 1386 se
352 1364 513 1394 praesentem
528 1359 664 1387 exhibuit.

250 1404 315 1432 MA'.
326 1405 390 1432 Ὅτε
398 1403 445 1432 οὖν
459 1406 505 1432 καὶ
519 1406 544 1432 σί
559 1405 669 1439 ἄγγελοι
682 1405 722 1436 εἰς
738 1404 787 1440 τὴν
801 1404 851 1439 σὴν
864 1403 1002 1439 σωτηρίαν

213 1450 312 1486 ἦλθον;
323 1451 448 1487 βασιλεὺς
456 1451 510 1488 γὰρ
523 1452 579 1483 υίὸς
591 1451 723 1487 βασιλέως
734 1450 895 1486 συμϐούλιον
907 1450 1002 1485 ἐποιή-

215 1507 281 1525 σατο
293 1499 362 1533 μετὰ
378 1498 425 1526 τοῦ
441 1499 542 1534 πατρὸς
557 1498 651 1531 αὑτοῦ,
663 1499 710 1525 καὶ
723 1497 864 1532 ἀπεστάλη
876 1497 890 1524 ὁ
903 1496 1002 1531 Λόγος,

1091 1403 1184 1431 XLIV.
1204 1404 1319 1439 Quando
1331 1403 1406 1432 enim
1422 1403 1512 1439 angeli
1533 1403 1567 1431 ad
1579 1407 1605 1431 le
1622 1403 1783 1432 salvandum
1799 1412 1833 1431 ve

1057 1454 1177 1483 nerunt?
1199 1454 1259 1481 Rex
1275 1453 1412 1489 siquidem
1432 1451 1505 1480 ﬂlius
1523 1452 1596 1487 regis
1615 1452 1761 1480 consilium
1784 1451 1848 1479 iniit

1057 1509 1120 1530 eum
1133 1505 1212 1536 patre
1226 1508 1288 1532 suo,
1300 1500 1472 1534 missumque
1481 1503 1524 1527 est
1538 1499 1672 1531 Verbum,
1687 1506 1720 1526 ac
1733 1506 1846 1526 carnem

215 1545 263 1571 καὶ
274 1545 364 1580 σάρκα
376 1545 567 1580 ἐνδυσάμενος,
583 1546 629 1572 καὶ
643 1544 750 1581 κρύψας
762 1544 814 1580 τὴν
826 1542 924 1571 ἑαυτοῦ
942 1542 1002 1570 θεό-

1057 1553 1166 1587 induit;
1181 1557 1264 1587 atque
1279 1551 1422 1579 occultans
1431 1558 1509 1578 suam
1521 1550 1608 1585 ipsius
1618 1550 1803 1583 divinitatem,
1813 1555 1845 1578 ut

215 1597 294 1624 τητα,
308 1589 351 1616 ἵνα
366 1589 410 1616 διὰ
427 1589 475 1616 τοῦ
487 1589 580 1624 ὁμοίου
598 1589 627 1616 τὺ
638 1590 731 1625 ὅμοιον
749 1589 842 1624 σωθῇ,
861 1588 942 1623 ἔθηκε
956 1587 1005 1623 τὴν

214 1635 304 1670 ψυχὴν
322 1635 404 1663 αὐτοῦ
427 1636 475 1663 ἐπὶ
492 1635 539 1662 τοῦ
555 1635 685 1670 σταυροῦ.
706 1635 830 1670 Τοσαύτη
846 1634 940 1669 ἀγάπη
958 1632 1004 1660 τοῦ

215 1682 283 1708 Θεοῦ
297 1682 354 1708 ἐστι
369 1682 437 1716 πρὸς
447 1683 493 1708 τὸν
503 1682 658 1717 ἇνθρωπονί
677 1681 836 1717 ᾘρετίσατο
846 1682 860 1707 ό
873 1680 1005 1711 ἀθάνατος

217 1727 408 1764 σταυρωθῆναι
423 1727 468 1755 διὰ
483 1728 524 1755 σέ.
540 1727 626 1754 Βλέπε
639 1725 686 1754 οὖν
699 1727 759 1759 πῶς
771 1729 787 1754 ὀ
801 1727 873 1759 Θεὸς
889 1727 1006 1762 ἠγάπη-

215 1781 254 1801 σε
268 1774 323 1801 τὸν
336 1775 465 1808 κόσμον,
483 1774 528 1800 ὅτι
553 1773 607 1800 τὸν
629 1773 780 1808 μονογενῆ
808 1772 902 1800 αὑτοῦ
936 1772 1006 1799 Υίὸν

215 1820 329 1848 ἔδωκεν
335 1819 412 1854 ὑπὲρ
421 1819 526 1847 αὐτοῦ.
538 1819 604 1852 Πῶς
614 1818 680 1853 οὐχὶ
694 1819 756 1846 σὺν
768 1817 849 1850 αὐτῷ
864 1818 898 1845 τὰ
908 1817 1006 1844 πάντα

216 1865 291 1900 ἡμῖν
304 1865 479 1900 lapideam;
497 1864 544 1890 καὶ
559 1863 641 1890 πάλιν
658 1862 777 1898 ἀλλαχοῦ
797 1861 890 1896 λέγει’
912 1861 1007 1896 Ἀμὴν

217 1909 296 1944 λέγω
309 1909 390 1943 ὑμῖν,
411 1909 461 1936 ἐπὶ
477 1908 552 1936 πᾶσι
563 1909 625 1942 τοῖς
635 1907 827 1942 ὑπάρχουσιν
844 1905 937 1934 αὑτοῦ
952 1914 1005 1933 κα-

217 1951 364 1985 ταστήσει
379 1953 483 1981 αὐτόν.
500 1953 626 1979 Δείκνυσι
637 1952 666 1979 δὲ
677 1952 726 1979 καὶ
738 1951 856 1987 ἀλλαχοῦ
878 1951 941 1982 τοὺς
955 1951 1006 1984 ἀγ-

217 1998 314 2032 γέλους
324 1998 498 2034 λειτουργοὺς
513 1997 583 2025 εἶναι
594 1999 650 2025 τῶν
660 1998 757 2033 ἁγίων·
779 1998 826 2025 καὶ
843 1997 897 2033 γὰρ
911 1996 1005 2028 Ἠλίας

216 2044 263 2072 ἅτε
272 2041 306 2080 ἦν
325 2044 365 2076 είς
379 2044 409 2072 τὺ
423 2045 498 2081 ὅρος,
513 2045 561 2072 καὶ
571 2043 653 2081 ἦλθον
667 2045 727 2072 κατ’
742 2044 824 2071 αὐτοῦ
842 2045 868 2071 οι
890 2043 1006 2078 ἀλλόφυ-

217 2090 270 2120 λοι.
280 2089 312 2116 τὺ
328 2090 434 2117 παιδίον
444 2091 521 2125 ἔλεγε
533 2098 540 2105 '
553 2092 666 2118 Πολλοι
680 2091 817 2126 ἔρχονται
827 2090 892 2118 καθ’
909 2090 1003 2125 ἡμῶν,

216 2135 268 2163 καὶ
283 2135 368 2171 ἡμεῖς
381 2137 471 2171 μόνοι
486 2137 591 2172 ἐσμέν.
615 2138 683 2165 Τότε
702 2137 879 2173 ἀποκρίνεται
899 2136 1002 2168 Ἠλίας·

219 2183 280 2218 Οὐχ
307 2182 381 2218 ὁρᾷς
400 2183 589 2218 παρεμϐολὰς
603 2183 652 2211 καὶ
675 2183 776 2222 πλήθη
790 2183 925 2217 ἀγγέλων
938 2182 1003 2217 μεθ’

1056 1607 1106 1635 per
1117 1599 1209 1627 simile
1218 1602 1386 1629 servaretur,
1398 1596 1517 1624 animam
1529 1604 1605 1624 suam
1616 1598 1691 1625 cruci
1702 1597 1844 1633 imposuit.

1057 1646 1145 1673 Tanta
1157 1649 1217 1672 erat
1229 1644 1278 1672 Dei
1294 1643 1408 1671 dilectio
1425 1651 1490 1679 erga
1503 1643 1642 1671 hominem
1655 1645 1663 1671 ἲ
1682 1644 1848 1672 Immortalis

1056 1691 1103 1726 qui
1123 1694 1201 1723 erat,
1223 1689 1306 1725 elegit
1329 1689 1368 1716 tui
1393 1697 1476 1716 causa
1499 1689 1575 1716 cruci
1596 1688 1677 1724 adigi.
1704 1689 1847 1724 Perpende

1056 1744 1138 1772 ergo,
1160 1744 1241 1772 quam
1264 1735 1396 1763 ardenter
1417 1735 1487 1762 Deus
1509 1735 1631 1762 dilexerit
1654 1732 1793 1768 mundum,
1816 1739 1847 1762 ut

1056 1783 1223 1819 unigenitum
1240 1782 1339 1810 Filium
1357 1782 1432 1809 daret
1452 1790 1499 1817 pro
1511 1789 1557 1808 eo:
1572 1782 1617 1816 qui
1633 1781 1693 1815 ﬁeri
1708 1786 1800 1817 potest,
1817 1788 1848 1809 ιιι

1057 1839 1109 1858 non
1124 1834 1149 1857 et
1164 1838 1223 1857 cum
1240 1829 1331 1856 eodem
1344 1829 1433 1856 omnia
1449 1828 1521 1855 nobis
1536 1829 1614 1855 donet
1628 1828 1673 1855 τη
1686 1828 1719 1855 Et
1736 1836 1845 1856 rursum

1056 1877 1120 1905 alibi
1135 1876 1203 1905 dicit
1216 1885 1223 1903 :
1238 1876 1321 1904 Amen
1335 1875 1391 1902 dico
1403 1875 1489 1905 vobis,
1507 1882 1587 1909 super
1601 1874 1691 1900 omnia
1705 1874 1773 1901 bona
1785 1883 1848 1901 con-

1059 1925 1148 1951 stituet
1163 1931 1222 1951 eum
1235 1922 1270 1950 ⁷³.
1287 1921 1414 1950 Ostendit
1432 1928 1543 1956 quoque
1563 1920 1644 1951 alibi,
1667 1920 1778 1955 angelos
1792 1919 1846 1946 mi-

1056 1970 1160 1997 nistros
1178 1976 1238 1996 esse
1260 1972 1428 1996 sanctorum.
1449 1967 1517 1995 Cum
1529 1966 1615 1994 venim
1637 1967 1711 1994 Elias
1725 1971 1799 1994 esset
1819 1967 1847 1994 in

1056 2020 1167 2048 monte,
1187 2019 1215 2042 et
1238 2014 1372 2042 adversus
1388 2021 1450 2041 eum
1471 2013 1646 2048 insurgerent
1667 2013 1847 2048 alienigenae,

1056 2069 1127 2098 puer
1146 2062 1207 2095 eius
1231 2060 1346 2088 aiebat:
1368 2059 1446 2087 Multi
1466 2060 1574 2086 veniunt
1596 2059 1722 2087 adversus
1742 2067 1804 2091 nos,
1823 2063 1849 2086 et

1058 2115 1106 2134 nos
1125 2106 1176 2134 soli
1194 2114 1304 2139 sumus;
1323 2109 1390 2133 tunc
1414 2104 1565 2140 respondet
1586 2104 1660 2132 Elias
1675 2114 1681 2132 :
1699 2104 1759 2132 Non
1778 2105 1849 2133 vides

1055 2154 1159 2181 ordines
1171 2157 1195 2180 et
1204 2152 1384 2180 multitudines
1393 2151 1547 2187 angelorum
1555 2151 1687 2178 nobiscum
1702 2151 1729 2178 in
1738 2151 1849 2178 circuitu

1056 2197 1129 2225 nobis
1145 2196 1334 2233 opitulantium
1352 2195 1397 2222 7‘?
1412 2194 1497 2223 Vides
1516 2195 1661 2223 Dominum
1677 2199 1706 2222 et
1721 2195 1849 2224 multitu-

215 2229 301 2265 ἡμῶν
314 2230 416 2263 κύκλῳ
422 2230 618 2264 βοηθούντων
629 2229 720 2264 ήμῖν;
738 2229 819 2265 Ὁρᾷς
831 2229 871 2255 ὅτι
881 2229 895 2255 ὁ
903 2228 1002 2255 Δεσπό-

1055 2243 1148 2271 dinem
1164 2243 1324 2279 angelorum
1336 2241 1432 2269 adesse
1448 2240 1536 2269 servis
1553 2241 1620 2269 suis.
1642 2240 1749 2274 Quanta
1764 2241 1849 2275 igitur

214 2285 275 2311 της,
289 2277 338 2304 καὶ
353 2276 388 2304 τὰ
406 2276 496 2312 πλήθη
511 2276 566 2303 τῶν
576 2276 701 2310 ἀγγέλων
714 2275 822 2302 σύνεστι
836 2275 891 2306 τοῖς
902 2273 1005 2305 δούλοις

213 2322 308 2351 αὐτοῦ.
326 2323 399 2358 Πόση
415 2321 462 2349 οὖν
485 2323 559 2348 ἐστιν
573 2321 590 2356 ή
606 2321 698 2357 ψυχὴ,
714 2321 761 2348 καὶ
774 2320 834 2352 πῶς
858 2319 1006 2355 τετίμηται

215 2369 268 2396 ὑπὸ
280 2369 327 2396 τοῦ
342 2369 408 2396 Θεοῦ
419 2369 425 2395 !
442 2369 484 2396 ὃτι
503 2369 517 2395 ὁ
529 2368 595 2399 Θεὸς
607 2369 654 2395 καὶ
667 2368 693 2394 οἱ
706 2367 818 2402 ἄγγελοι
831 2367 935 2403 ταύτην
946 2368 1006 2394 ἐπι-

213 2415 342 2451 ζητοῦσιν
352 2410 392 2447 είς
406 2414 549 2443 κοινωνίαν
566 2414 644 2447 ἰδίαν,
657 2414 704 2441 καὶ
717 2415 756 2445 εἰς
768 2413 917 2450 βασιλείαν.
939 2413 968 2440 '0
977 2413 1006 2439 δὲ

213 2460 338 2493 Σατανᾶς
358 2462 404 2488 καὶ
417 2462 446 2498 at
461 2461 592 2497 δυνάμεις
608 2460 692 2489 αὐτοῦ
705 2460 808 2496 ταύτην
827 2459 1003 2496 ἐπιζητοῦσιν

213 2508 254 2541 είς
266 2509 297 2535 τὸ
313 2508 380 2536 ἴδιον
395 2508 488 2544 μέρος.
503 2524 505 2527 -

247 2553 384 2586 ΜΕΨὮς
397 2554 453 2591 γὰρ
469 2555 499 2582 ὲν
514 2555 570 2586 τοῖς
594 2553 766 2589 φαινομένοις
790 2554 805 2580 ὁ
824 2553 952 2589 βασιλεὺς
970 2554 1002 2580 ού

213 2599 378 2627 διακονεῖται
407 2599 460 2627 ύπὺ
488 2598 666 2635 ἀγελημαίων
689 2597 850 2633 ἀνθρώπιον,
873 2598 932 2626 ἀλλ’
950 2599 1002 2625 ὑπὸ

213 2645 322 2680 ὡραίων
345 2647 393 2674 καὶ
407 2646 498 2679 καλῶς
514 2645 756 2680 πεπαιδευμένων,
771 2644 842 2672 οὕτω
858 2646 905 2673 καὶ
920 2646 959 2677 είς
973 2645 1003 2672 τὸ

214 2692 376 2727 ἐπουράνιον
393 2693 523 2720 παλάτιον
538 2693 638 2719 ἐκεῖνοι
655 2691 809 2718 διακονοῦσι
824 2691 864 2726 τῷ
882 2692 1000 2726 ἐπουρα-

214 2737 264 2771 νίῳ
276 2737 391 2772 βασιλεῖ,
413 2739 438 2766 οἱ
455 2739 577 2774 ἄμωμοι,
592 2738 618 2765 οἱ
639 2737 829 2772 ἀνεπίληπτοι,
844 2737 869 2763 οἱ
886 2737 1002 2773 καθαροὶ

213 2783 263 2819 τὴν
278 2785 401 2819 καρδίαν.
414 2786 469 2813 Καὶ
484 2785 580 2821 ὥσπερ
594 2785 623 2812 ὲν
634 2783 672 2820 τῷ
689 2783 824 2819 παλατίῳ,
841 2782 940 2819 ὡραῖαι
954 2784 1000 2810 κό-

1054 2294 1098 2318 est
1118 2289 1226 2322 anima,
1249 2293 1278 2317 et
1301 2287 1413 2324 quantis
1435 2287 1590 2315 honoribus
1611 2295 1627 2314 a
1652 2287 1710 2314 Deo
1729 2286 1846 2314 aﬂ'ectai

1057 2335 1200 2372 Siquidem
1215 2339 1244 2363 et
1259 2335 1332 2362 Deus
1344 2337 1372 2362 et
1384 2334 1471 2370 angeli
1487 2334 1560 2361 hanc
1575 2336 1720 2361 accersunt
1737 2332 1764 2359 in
1783 2339 1848 2359 con-

1055 2383 1174 2411 sortium
1195 2386 1224 2409 et
1239 2388 1353 2417 regnum
1369 2388 1462 2408 suum.
1479 2380 1596 2408 Satanas
1608 2386 1674 2406 vero
1687 2382 1716 2406 et
1727 2382 1847 2413 potesha—

1055 2432 1098 2456 tes
1118 2428 1179 2464 ejus
1199 2434 1260 2456 eam
1281 2426 1442 2454 desiderant
1463 2425 1497 2453 ad
1517 2433 1594 2454 suam
1620 2429 1726 2452 partem
1749 2422 1846 2451 tradu-

1057 2480 1132 2502 cere.

1092 2559 1173 2587 XLV.
1194 2558 1433 2593 Quemadmodum
1443 2565 1510 2586 vero
1522 2558 1550 2585 in
1565 2557 1651 2585 rebus
1665 2557 1737 2585 visui
1751 2556 1847 2592 subje-

1055 2605 1118 2637 ctis,
1135 2613 1183 2633 rex
1197 2605 1274 2632 nulla
1284 2604 1439 2633 ministeria
1454 2603 1553 2639 recipit
1566 2603 1600 2631 ab
1613 2602 1773 2631 hominibus
1785 2610 1848 2638 gre—

1056 2658 1103 2686 ges
1116 2651 1304 2685 pascentibus,
1321 2650 1369 2678 sed
1381 2650 1415 2678 ab
1430 2650 1565 2685 speciosis
1580 2653 1609 2677 et
1619 2649 1722 2684 optime
1735 2648 1846 2676 institu-

1056 2696 1112 2724 tis:
1128 2696 1170 2724 sic
1181 2701 1209 2724 et
1223 2697 1252 2724 in
1269 2696 1375 2724 caelesti
1389 2696 1492 2732 palatio
1508 2695 1547 2723 illi
1561 2695 1720 2723 ministrant
1739 2694 1845 2722 ctelesti

1056 2741 1126 2776 regi,
1138 2740 1185 2776 qui
1203 2740 1277 2768 omni
1293 2741 1374 2776 culpa
1393 2744 1421 2768 et
1437 2740 1655 2775 reprehensione
1669 2743 1800 2767 vacantes
1813 2745 1845 2767 ac

1054 2785 1116 2822 puri
1129 2786 1224 2814 cordis
1244 2789 1319 2814 sunt.
1337 2786 1372 2814 Et
1388 2785 1621 2822 quemadmodum
1640 2785 1669 2813 in
1683 2784 1786 2821 palatio
1797 2791 1845 2814 vo-

245 2871 268 2888 ⁷²
285 2872 365 2901 Joan.
380 2881 419 2907 ul,
435 2874 489 2909 16;
506 2875 586 2904 Rom.
603 2882 662 2909 Vill,
681 2875 726 2903 32.
767 2875 788 2892 "
806 2874 904 2903 Matth.
923 2881 996 2903 xxiv.
1012 2874 1058 2903 27.
1097 2875 1120 2892 ⁷³
1140 2875 1175 2903 IV
1189 2875 1257 2911 Reg.
1272 2882 1309 2908 vi,
1326 2874 1371 2903 t7.
