2078 3151
273 171 331 204 δοτ

887 173 918 204 S.
939 171 1097 203 MACARII
1116 170 1275 201 )EGYPI‘II

1838 167 1892 200 608

272 233 361 257 nusta:
372 237 487 264 quaeque
503 229 612 264 puellae,
626 231 716 259 omnis
731 231 801 258 labis
823 237 855 257 ac
868 227 1061 264 reprehensio-

1112 234 1168 261 ραι,
1185 225 1233 252 καὶ
1253 225 1290 261 μὴ
1302 225 1412 261 ἔχουσαι
1426 224 1521 260 μῶμόν
1537 233 1608 256 τινα,
1623 224 1808 252 εὐειδέσταται
1819 226 1893 252 ἐκεῖ·

272 275 317 303 nis
327 279 463 309 expertes.
475 275 686 310 speciosissima:
699 277 814 307 scilicet,
828 275 908 310 regia:
919 273 1059 301 societatis

272 321 422 356 participes
443 321 512 348 ﬁunt
528 329 535 347 :
554 321 596 348 sic
612 329 721 356 quoque
740 322 767 348 in
787 320 921 356 spiritnnli
946 318 1057 354 palatio,

272 366 381 397 animae,
405 373 465 400 qum
484 367 558 393 omni
573 367 706 394 virtutum
724 367 859 394 bonarum
879 373 979 401 genere
994 369 1059 391 sunt

272 416 426 441 exornatae.
442 412 601 439 societatem
627 412 723 440 ineunt
735 420 796 440 cum
810 411 915 440 cmlesti
937 418 1010 445 rege.
1029 409 1058 436 In

272 456 356 483 rebus
369 476 376 487 .
392 464 454 491 qua:
473 457 543 484 visui
561 462 670 492 patent,
688 458 710 485 si
732 458 766 485 ad
780 457 891 484 domum
912 455 1058 492 quamdam

273 501 479 529 inhabitandam
499 502 628 537 princeps
649 502 729 530 abeat
742 523 750 535 ,
773 510 834 537 quze
852 501 981 529 sordibus
995 501 1058 535 qui-

273 547 388 575 busdam
403 548 551 575 contractis
573 548 682 583 impura
699 549 745 579 sit,
771 552 942 583 praeparatur
957 548 1013 579 illa,
1028 555 1060 574 ac

273 594 350 620 vario
378 599 494 622 ornatus
517 603 616 630 genere
644 596 803 628 instruitur,
828 596 923 623 eII‘nsis
949 602 1060 630 quoque

273 640 442 668 aromatibus
458 649 464 667 :
481 646 584 676 quanto
598 642 694 676 majori
713 643 811 670 domus
830 642 939 674 animze,
962 641 989 668 in
1005 649 1059 676 qua

273 686 406 714 Dominus
420 687 579 721 requiescit.
592 692 690 715 ornatu
705 688 818 723 indiget,
828 692 859 714 ut
870 688 942 714 illam
954 687 1058 722 ingredi

273 730 370 764 possit,
396 735 424 757 et
450 731 487 758 ibi
510 732 684 766 requiescere
711 733 750 764 is,
772 733 817 767 qni
845 733 1060 767 reprehensione

274 776 363 807 nulla,
387 784 437 803 nec
453 777 557 803 macula
570 798 577 809 ,
595 785 645 804 nec
659 778 720 805 labe
741 786 789 806 seu
811 786 888 805 nzrvo
910 779 997 805 notari
1012 786 1063 813 po-

275 822 347 848 test!
376 822 404 849 In
427 822 584 857 huiusmodi
607 823 682 850 enim
710 824 793 851 corde
818 829 874 851 tum
896 825 984 856 Deus,
1002 829 1060 852 tum

274 867 402 894 universa
419 868 538 896 caelestis
552 869 672 896 Ecclesia
687 870 844 904 requiescit.

1109 281 1153 299 ναι
1169 272 1210 304 είς
1226 271 1369 298 κοινωνίαν
1393 270 1526 306 βασιλέων
1539 270 1718 306 ἀπέρχονται·
1733 270 1820 302 οὕτως
1844 271 1895 297 καὶ

1108 319 1148 350 είς
1163 318 1192 345 τὸ
1206 318 1401 353 πνευματικὸν,
1418 317 1503 352 ψυχαὶ
1517 317 1545 343 αἱ
1561 317 1590 343 ὲν
1605 317 1673 343 πᾶσι
1687 316 1798 350 τρόποις
1823 316 1895 349 ἀγα-

1109 364 1165 396 θοῖς
1179 363 1394 398 κεκοσμημέναι,
1410 360 1491 390 αὗται
1506 362 1665 390 κοινωνοῦσι
1685 362 1724 397 τῷ
1739 361 1894 396 ἐπουρανίῳ

1109 409 1224 445 βασιλεῖ.
1239 409 1287 440 El;
1305 409 1336 436 τὺ
1348 409 1520 444 φαινόμενον,
1548 408 1615 435 ὅπου
1629 408 1779 443 ἀπέρχεται
1801 406 1895 442 ἄρχων

1112 456 1212 490 μεῖναι,
1223 455 1270 482 καὶ
1281 455 1425 490 συμϐαίνει
1439 454 1547 490 ἐκείνην
1560 454 1609 488 τὴν
1627 453 1716 480 οἰκίαν
1733 454 1804 488 ἔχειν
1823 453 1895 479 ἅκα-

1110 501 1224 536 θαρσίαν
1236 500 1308 534 τινὰ,
1325 500 1524 536 εὐτρεπίζεται,
1546 500 1594 526 καὶ
1607 500 1787 535 διακόσμησις
1807 499 1894 534 πολλὴ

1109 546 1224 580 γίνεται.
1241 546 1289 573 καὶ
1303 546 1436 581 ἀρώματα
1446 547 1578 581 ἐκχεῖται.
1589 545 1668 581 Πόσῳ
1681 545 1781 580 μᾶλλον
1793 546 1807 571 ὁ
1820 542 1896 576 οἶκος

1109 592 1159 627 τῆς
1175 592 1276 627 ψυχῆς,
1293 593 1333 624 είς
1345 593 1375 620 6v
1385 594 1400 620 6
1411 593 1513 628 Κύριος
1524 592 1703 624 ἀναπαύεται,
1719 592 1820 626 πολλῆς
1835 591 1894 618 δια-

1110 639 1272 674 κοσμήσεως
1298 638 1405 674 χρῄζει,
1429 639 1472 665 ἶνα
1495 637 1595 674 δυνηθῇ
1611 639 1669 664 ἐκεῖ
1693 637 1825 664 εἰσελθεῖν
1847 637 1897 663 καὶ

1111 685 1267 719 ἁναπαῆναι
1289 685 1303 711 6
1329 685 1452 716 άσπιλος.
1467 685 1481 712 6
1499 684 1613 720 ἄμωμος
1626 684 1633 711 !
1651 684 1690 715 είς
1700 683 1756 719 γὰρ
1768 683 1897 717 τοιαύτην

1111 730 1224 765 καρδίαν
1240 732 1254 757 6
1269 730 1335 762 Θεὸς
1348 751 1356 763 ,
1384 731 1430 757 καὶ
1446 730 1493 766 ὅλη
1511 731 1528 766 ἠ
1554 730 1714 765 ἐπουράνιος
1748 728 1896 764 Ἐκκλησία

1111 777 1327 804 ὲπαναπαύεται.

307 913 399 940 XLVI.
421 914 556 941 Przeterca
578 915 605 941 in
625 915 719 947 rebus,
743 923 804 949 qua:
826 915 895 943 aciei
917 923 1060 943 ocu.orum

1146 909 1222 943 Μετ’.
1244 909 1288 936 Ἐν
1302 910 1358 940 τοῖς
1371 909 1554 944 φαινομένοις,
1565 909 1612 935 ὲαν
1624 908 1673 944 ἔχῃ
1685 908 1776 943 πατὴρ
1787 908 1896 942 κτήμα-

272 963 384 994 patent,
406 960 429 986 si
447 965 525 994 pater
537 961 674 996 quispiam
690 962 827 996 possideat
847 963 929 994 bona,
945 968 972 989 et
989 962 1061 990 inter

273 1004 331 1032 haec
350 1005 506 1032 diademata
522 1007 622 1034 habeat
638 1015 670 1034 ac
681 1007 786 1042 lapides
800 1008 946 1043 pretiosos.
962 1009 1021 1036 h:ec
1033 1009 1061 1036 in

273 1050 426 1078 conditoria
445 1052 564 1086 reponit,
578 1057 606 1080 et
618 1058 740 1080 reservat
758 1054 814 1080 ﬁlio
828 1062 888 1085 suo,
904 1055 947 1082 cui
965 1062 996 1081 ea
1008 1055 1061 1082 Iar-

273 1094 381 1128 giturus
394 1099 437 1122 est
449 1104 456 1122 :
470 1095 510 1123 sic
527 1103 637 1131 quoque
650 1097 722 1124 Dens
732 1098 931 1132 possessionem
946 1099 986 1125 sui
999 1106 1061 1126 cum

273 1140 358 1168 rebus
369 1141 427 1167 suis
438 1141 571 1175 pretiosis
588 1142 760 1170 concredidit
774 1143 880 1170 animat.
896 1143 1016 1171 Tandem
1033 1145 1061 1172 in

272 1185 356 1213 rebus
364 1186 529 1218 visibilibus,
540 1187 563 1214 si
576 1188 717 1215 exoriatur
726 1188 840 1221 bellum,
853 1194 881 1216 et
894 1190 1002 1217 venerit
1013 1199 1061 1218 rex

272 1239 334 1258 eum
355 1233 476 1260 exercitu
493 1241 542 1260 suo
564 1233 598 1260 ad
615 1234 810 1261 decertandum
821 1255 828 1266 ,
845 1236 954 1270 sintque
969 1240 1062 1270 partes

271 1276 392 1311 θερίας
402 1276 531 1309 minores,
541 1282 588 1304 aut
602 1277 804 1310 imbecilliores,
814 1279 946 1306 continuo
958 1280 1062 1315 legatos

272 1322 368 1354 mittit,
394 1322 428 1349 ad
449 1323 600 1357 rogandum
624 1330 656 1350 ea
687 1331 748 1358 quae
775 1323 879 1351 faciunt
896 1325 929 1351 ad
952 1332 1059 1359 pacem.

273 1367 301 1394 Si
321 1374 387 1394 vero
401 1375 467 1402 gens
487 1368 603 1394 maxima
615 1375 676 1395 cum
692 1369 791 1404 aequali
806 1369 963 1397 conﬂictum
976 1370 1060 1403 ineat,

272 1413 363 1448 sitque
382 1422 430 1441 rex
449 1422 511 1441 cum
533 1422 607 1449 rege,
629 1422 686 1446 rex,
708 1415 985 1450 inquam,Persarum
999 1425 1061 1444 cum

274 1467 337 1494 rege
349 1459 547 1491 Romanorum,
556 1464 666 1494 oportet
680 1461 791 1488 omnino
805 1461 856 1488 hos
866 1469 944 1496 reges
956 1461 989 1489 ad
1001 1462 1061 1490 bel-

274 1506 330 1533 lum
351 1507 519 1534 commoveri
531 1514 594 1534 eum
614 1507 689 1534 omni
710 1509 830 1535 exercitu
849 1516 880 1536 ac
896 1509 982 1536 milite
999 1517 1059 1538 suo.

273 1551 414 1586 Perpende
435 1559 499 1587 ergo
516 1557 618 1587 quanta
634 1557 680 1580 tua
699 1553 736 1580 sit
752 1553 886 1588 dignitas,
902 1562 965 1582 cum
986 1555 1058 1582 Deus
1074 1571 1096 1599 ε

273 1602 364 1625 motus
393 1598 430 1625 sit
453 1606 516 1625 eum
543 1599 618 1626 omni
642 1606 692 1626 suo
716 1600 855 1632 exercitu,
883 1601 1059 1636 angelorum,

273 1644 398 1678 inquam,
413 1649 461 1671 aut
473 1644 632 1679 spirituum,
646 1645 679 1672 ad
699 1645 926 1673 committendum
942 1655 1060 1681 pugnam

271 1697 334 1717 eum
348 1689 519 1721 adversario,
532 1694 563 1717 ut
583 1695 609 1718 te
624 1691 773 1718 redimeret
785 1699 801 1719 a
811 1698 910 1720 morte.
923 1693 997 1721 Deus
1011 1693 1062 1729 igi-

272 1738 319 1762 tur
331 1735 408 1762 venit
422 1735 460 1762 tui
477 1743 570 1763 causa.

306 1779 412 1807 XLVII.
436 1780 556 1808 Perinde
579 1788 612 1808 ac
632 1781 655 1808 si
678 1781 714 1809 sit
727 1781 843 1816 rex,qui
862 1782 890 1809 in
911 1790 1060 1818 pauperem

271 1825 430 1860 quemdam,
445 1826 524 1861 cujus
545 1827 669 1854 membra
683 1828 774 1854 omnia
788 1828 862 1863 lepra
877 1829 1008 1862 pervasit,
1020 1829 1063 1856 in-

272 1871 357 1902 cidat,
377 1879 429 1898 nec
444 1871 590 1899 erubescat
610 1872 808 1900 medicamenta
829 1873 889 1908 ejus
902 1873 1062 1900 vulneribus

271 1916 429 1948 admovere,
455 1924 487 1944 ac
515 1917 583 1944 adeo
611 1921 689 1945 curet
712 1918 772 1953 ejus
791 1918 901 1953 plagas;
930 1918 1062 1953 illumque

271 1967 365 1997 postea
380 1962 454 1996 regia
469 1970 562 1990 mensa
574 1967 729 1998 exceptum.
755 1972 878 1998 purpura
895 1963 1003 1995 induat,
1030 1971 1063 1991 ac

271 2013 364 2040 regem
381 2006 481 2033 faciat:
500 2006 539 2034 sie
548 2015 657 2042 quoque
670 2007 744 2034 Deus
758 2015 786 2034 se
800 2007 925 2034 exhibuit
941 2007 1062 2034 humano

271 2051 366 2086 generi
381 2051 486 2078 :abluit
500 2052 574 2079 illius
587 2053 712 2083 vulnera,
725 2057 752 2080 et
764 2053 868 2080 sanavit
885 2052 963 2085 illud,
980 2057 1063 2087 atque

271 2095 425 2122 introduxit
450 2096 477 2122 in
498 2096 637 2124 caelestem
661 2097 820 2124 thalamum.
847 2097 961 2124 Maxima
980 2097 1062 2132 igitur

271 2145 314 2167 est
341 2140 562 2168 Christianorum
599 2141 736 2176 dignitas,
765 2146 839 2168 tanta
869 2141 1001 2176 quidem,
1033 2146 1064 2169 ut

271 2185 344 2220 quod
362 2194 424 2214 cum
442 2195 473 2214 ea
491 2193 686 2222 comparetur,
707 2195 762 2215 non
776 2188 821 2214 sit.
843 2187 871 2215 Si
885 2195 951 2215 vero
963 2188 996 2216 ad
1013 2188 1062 2215 de-

1110 963 1155 986 τα,
1174 955 1223 991 ἔχῃ
1236 955 1264 981 δὲ
1278 955 1324 981 καὶ
1338 955 1493 989 διαδήματα
1507 954 1554 981 καὶ
1565 954 1656 986 λίθους
1669 954 1788 989 τιμίους,
1807 954 1897 980 ταῦτα

1111 1000 1151 1031 είς
1174 1000 1265 1030 οἴκους
1297 999 1446 1031 ἀποθέτους
1462 999 1589 1034 κρύπτει,
1615 1000 1663 1025 καὶ
1681 999 1841 1032 ταμιεύεται
1855 999 1897 1034 τῷ

1112 1044 1249 1079 ἀγαπητῷ
1265 1043 1348 1071 αὑτοῦ
1375 1044 1435 1079 υίῷ,
1464 1044 1581 1079 κάκείνῳ
1597 1044 1704 1071 δίδωσιν
1725 1044 1810 1071 αὐτὼ
1824 1044 1897 1071 οὕτω

1112 1090 1158 1115 καὶ
1171 1090 1185 1116 6
1200 1089 1265 1121 Θεὸς
1279 1089 1328 1124 τὴν
1340 1089 1437 1116 ἑαυτοῦ
1450 1089 1546 1124 κτῆσιν
1560 1089 1628 1124 μετὰ
1640 1089 1693 1116 τῶν
1705 1089 1778 1116 ίδίων
1798 1089 1897 1124 τιμίων

1112 1135 1286 1161 ὲνεπίστευσε
1298 1136 1330 1170 τῇ
1346 1135 1429 1170 ψυχῇ.
1446 1135 1493 1166 Et;
1509 1135 1540 1161 τὸ
1553 1135 1726 1170 φαινόμενον,
1749 1136 1796 1162 ἐὰν
1843 1136 1896 1162 πό-

1111 1179 1204 1215 λεμος,
1217 1181 1264 1207 καὶ
1276 1181 1338 1216 ἔλθῃ
1358 1180 1485 1215 βασιλεὺς
1502 1182 1570 1216 μετὰ
1592 1181 1640 1208 τοῦ
1653 1182 1834 1216 στρατοπέδου
1849 1183 1897 1209 ἐπὶ

1111 1227 1142 1253 τδ
1155 1227 1320 1261 πολεμῆσαι,
1333 1227 1380 1254 καὶ
1395 1228 1505 1263 ὑπάρχῃ
1520 1228 1552 1254 τδ
1573 1228 1655 1263 μέρος
1677 1228 1760 1254 αὐτού
1774 1228 1897 1261 ἔλαττον,

1112 1272 1128 1306 ἦ
1145 1272 1349 1308 ἀσθενέστερον,
1367 1273 1468 1305 εὐθέως
1488 1274 1647 1300 ἀποστέλλει
1668 1273 1815 1309 πρεσϐείαν
1828 1275 1898 1308 ἱρω-

1111 1319 1163 1354 τᾷν
1178 1318 1212 1345 τὰ
1224 1318 1292 1353 πρὸς
1305 1319 1428 1354 εἰρήνην.
1446 1319 1476 1345 Et
1486 1319 1514 1346 δὲ
1526 1319 1602 1350 ἔθνος
1622 1319 1749 1354 μέγιστον
1761 1318 1828 1353 πρὸς
1839 1319 1898 1345 ἴσον

1112 1363 1140 1402 ᾗ,
1159 1365 1204 1391 καὶ
1219 1365 1233 1391 6
1250 1364 1374 1399 βασιλεὺς
1388 1365 1458 1399 πρὸς
1476 1364 1597 1400 βασιλέα,
1611 1364 1683 1398 λέγω
1707 1364 1739 1398 δὴ
1754 1365 1768 1390 6
1784 1364 1897 1399 Περσῶν

1112 1411 1158 1437 καὶ
1169 1412 1184 1438 6
1204 1410 1357 1445 Ῥωμαίων,
1371 1410 1477 1445 ἀνάγκη
1488 1411 1562 1436 πᾶσα.
1576 1409 1640 1442 τοὺς
1657 1409 1704 1436 δύο
1722 1409 1840 1444 βασιλεῖς
1854 1418 1897 1436 κι-

1112 1457 1227 1492 νηθῆναι
1242 1457 1310 1491 μετὰ
1323 1456 1377 1482 τῶν
1389 1456 1578 1491 στρατοπέδων
1588 1456 1667 1483 ὅλων,
1684 1456 1770 1482 Βλέπε
1786 1454 1832 1482 οὖν
1840 1453 1897 1482 οἷόν

1113 1502 1160 1530 σού
1173 1503 1230 1530 ἐστι
1243 1503 1273 1529 τὸ
1282 1502 1448 1537 ἀξίωμα,ὅτι
1457 1503 1471 1529 6
1482 1502 1546 1534 Θεὸς
1557 1502 1668 1537 ἐκινήθη
1680 1502 1748 1537 μετὰ
1758 1502 1812 1528 τῶν
1825 1502 1898 1528 ἰδίων

1112 1549 1311 1585 στρατοπέδων.
1324 1549 1394 1583 λέγω
1413 1548 1445 1584 δή
1460 1549 1515 1575 τῶν
1530 1548 1651 1583 ἀγγέλων
1662 1550 1708 1575 καὶ
1723 1550 1894 1583 πνευμάτων,

1112 1595 1260 1629 συμϐαλεῖν
1273 1595 1312 1630 τῷ
1323 1596 1514 1630 ἀντικειμένῳ,
1528 1596 1571 1622 ἶνα
1584 1604 1613 1622 σε
1626 1596 1797 1631 λυτρώσηται
1807 1596 1839 1622 ὲκ
1849 1595 1896 1622 τού

1111 1641 1237 1668 θανάτου.
1256 1640 1285 1668 '0
1302 1641 1367 1673 Θεὸς
1382 1641 1428 1668 οὖν
1441 1642 1606 1668 παοενένετο
1618 1641 1662 1668 διὰ
1679 1641 1720 1668 σέ.

1145 1775 1211 1803 ΜΖ’.
1228 1776 1332 1812 Ὠσπερ
1346 1776 1394 1803 ἐὰν
1441 1776 1566 1812 βασιλεὺς
1577 1779 1623 1805 καὶ
1637 1778 1704 1814 εὕρῃ
1717 1777 1823 1812 πτωχόν
1835 1787 1900 1805 τινα

1111 1820 1208 1855 ἔχοντα
1221 1821 1325 1858 λέπραν
1343 1823 1383 1854 εἰς
1397 1823 1445 1849 ὅλα
1456 1823 1490 1849 τὰ
1507 1823 1586 1858 μέλη,
1600 1824 1647 1850 καὶ
1664 1824 1701 1858 μὴ
1716 1823 1898 1859 ἐπαισχυνθῇ,

1111 1867 1170 1894 ἀλλ’
1184 1868 1265 1904 ἐπιθῇ
1291 1869 1425 1904 φάρμακα
1439 1869 1487 1896 καὶ
1502 1870 1531 1896 ὲν
1554 1871 1610 1900 τοῖς
1632 1870 1788 1905 τραύμασιν
1802 1871 1898 1900 αὑτοῦ,

1112 1914 1158 1940 καὶ
1178 1914 1287 1949 ἰάσηται
1299 1914 1381 1941 αὑτοῦ
1394 1914 1443 1946 τὰς
1453 1914 1569 1948 πληγὰς,
1580 1915 1627 1941 καὶ
1638 1915 1731 1942 λοιπὸν
1743 1916 1784 1947 είς
1792 1916 1899 1950 τράπε-

1113 1959 1162 1990 ζαν
1175 1959 1317 1994 βασιλικὴν
1327 1961 1456 1996 ἀπαγάγῃ
1469 1961 1559 1990 αὑτὸν.
1574 1962 1621 1988 καὶ
1632 1961 1729 1996 περιθῇ
1740 1962 1814 1996 αὐτῷ
1829 1971 1899 1997 πορ-

1113 2003 1211 2037 φύραν,
1228 2004 1276 2030 καὶ
1291 2005 1389 2040 ποιήσῃ
1401 2005 1482 2031 αὐτὸν
1494 2006 1605 2040 βασιλέα
1616 2015 1622 2021 ·
1639 2006 1727 2038 οὕτως
1743 2007 1791 2033 καὶ
1806 2007 1898 2038 ὀΘεὸς

1113 2049 1224 2085 ἐποίησε
1236 2050 1274 2085 τῷ
1289 2051 1362 2084 γένει
1371 2051 1426 2078 τῶν
1443 2051 1605 2085 ἀνθρώπων.
1617 2052 1784 2079 Ἀπέπλυνεν
1808 2053 1899 2079 αὐτῶν

1112 2095 1268 2130 τραύματα,
1285 2097 1332 2123 καὶ
1349 2097 1442 2123 ἰάσατο
1457 2098 1566 2129 αὐτοὺς,
1583 2099 1629 2125 καὶ¹
1642 2099 1790 2134 εἰσήγαγεν
1802 2099 1843 2130 εἰς
1853 2098 1900 2124 τὸν

1113 2141 1274 2176 ἐπουράνιον
1288 2142 1432 2177 νυμφῶνα.
1447 2143 1527 2177 Μέγα
1539 2143 1587 2171 οὖν
1602 2145 1660 2171 ἐστι
1674 2144 1704 2170 τὸ
1718 2144 1826 2179 ἀξίωμα
1842 2144 1898 2170 τῶν

1114 2187 1303 2221 Χριστιανῶν,
1332 2188 1467 2219 τοσοῦτον,
1491 2188 1530 2220 ὡς
1555 2189 1621 2224 μηδὲ
1642 2189 1798 2222 συγκρίνειν
1813 2188 1897 2224 ἔχειν.

271 2232 417 2260 rectionem
429 2233 564 2260 excitetur
577 2237 604 2260 ct
623 2233 793 2267 subripiatur
805 2241 820 2260 a
837 2233 939 2260 malitia
951 2254 958 2265 ,
969 2233 1061 2267 perin-

1120 2233 1182 2259 Ἐὰν
1208 2233 1236 2260 δὲ
1254 2234 1422 2270 μετεωρισθῇ
1449 2235 1497 2261 καὶ
1523 2235 1613 2270 κλαπῇ
1638 2236 1690 2262 ὑπὸ
1711 2235 1760 2270 τῆς
1788 2236 1898 2265 κακίας.

271 2277 305 2305 de
326 2282 378 2310 est,
394 2286 427 2306 ae
446 2279 468 2305 si
483 2278 518 2305 sit
534 2278 646 2311 civitas,
661 2286 723 2313 quae
739 2277 827 2305 muris
839 2278 927 2306 cincta
942 2286 996 2306 non
1009 2284 1060 2311 est,

272 2332 354 2359 quam
369 2324 503 2352 invadunt
521 2324 645 2351 latrones
655 2344 663 2356 ,
677 2331 843 2359 quacunque
864 2329 941 2359 parte
953 2325 1061 2357 volunt,

271 2370 347 2398 nulla
368 2369 482 2397 omnino
497 2377 527 2397 re
549 2369 692 2405 impediti.
714 2377 829 2405 eamque
848 2369 985 2398 desertam
1000 2370 1064 2398 red-

271 2416 351 2446 dunt.
365 2425 397 2444 ac
408 2416 536 2444 incendio
552 2416 724 2451 ﬂammisque
737 2416 865 2444 tradunt:
879 2417 918 2444 sic
933 2417 997 2444 dum
1010 2425 1061 2445 ne—

271 2464 352 2499 gligis
363 2468 389 2490 te
399 2464 500 2498 ipsum,
514 2467 542 2490 et
556 2462 654 2497 frigide
670 2462 785 2497 tibiipse
799 2463 929 2497 attendis,
942 2463 1062 2491 subeunt

273 2511 300 2535 te
310 2508 424 2542 spiritus
435 2507 555 2540 malitiae,
567 2511 649 2542 atque
662 2507 818 2535 deformant
832 2513 914 2544 atque
924 2509 1060 2536 desertam

273 2551 393 2578 reddunt
417 2555 536 2578 mentem
557 2555 630 2578 tuam
644 2572 652 2585 ,
670 2551 858 2587 dispergentes
880 2552 1062 2588 cogitationes

274 2599 335 2622 tuas
352 2595 380 2622 in
398 2595 451 2623 hoc
468 2596 608 2624 saeculum.

309 2640 427 2668 XLVIII.
447 2641 524 2669 Multi
540 2641 625 2674 enim,
636 2642 683 2677 qui
694 2642 767 2670 circa
775 2648 951 2671 externarum
966 2651 1060 2671 rerum

275 2686 486 2722 inquisitionem
511 2692 653 2724 satagunt,
671 2694 700 2717 et
713 2690 853 2717 scientiam
866 2690 1010 2723 excolunt,
1029 2698 1060 2718 ac

274 2740 369 2760 curam
383 2739 456 2761 recte
469 2734 580 2762 vivendi
596 2735 708 2768 habent,
730 2735 804 2764 hunc
826 2740 956 2771 reputant
968 2736 1060 2771 perfe-

275 2783 360 2813 ctum,
374 2787 429 2808 nou
449 2780 627 2816 inspieientes
643 2781 670 2809 in
687 2789 734 2809 cor
745 2801 754 2814 ,
772 2790 825 2810 nec
836 2782 962 2809 videntes
981 2782 1059 2809 mali-

276 2824 342 2852 tiam
351 2825 469 2852 animam
481 2825 676 2854 involventem.
693 2826 834 2861 Siquidem
843 2835 922 2854 mens
934 2827 1058 2858 interior.

274 2871 380 2900 malitia
395 2876 516 2903 scatens,
533 2872 640 2900 radices
657 2872 741 2900 mittit
753 2873 782 2901 in
797 2873 903 2908 reliqua
916 2873 1058 2902 membra:

1112 2277 1185 2305 ἔοικε
1196 2278 1309 2314 τοιούτῳ
1325 2279 1390 2312 τινὶ,
1406 2279 1499 2315 ὥσπερ
1512 2281 1559 2307 εὰν
1598 2280 1673 2310 πόλις
1687 2280 1724 2315 μὴ
1737 2280 1836 2315 ἔχουσα
1844 2282 1901 2306 τεὶ-

1112 2332 1170 2359 χος,
1187 2324 1236 2352 καὶ
1252 2325 1277 2351 οἱ
1288 2324 1385 2360 λῃσταὶ
1400 2325 1568 2360 είσέρχονται
1578 2326 1612 2352 δι’
1622 2326 1716 2360 αὖτῆς,
1728 2326 1789 2352 ὅθεν
1805 2325 1902 2352 θέλουο

1113 2378 1150 2402 σι,
1162 2369 1199 2406 μὴ
1213 2370 1432 2406 ἐμποδιζόμενοι,
1446 2371 1495 2398 καὶ
1512 2371 1657 2406 ὲρημοῦσι,
1671 2372 1718 2398 καὶ
1732 2371 1900 2407 ἐμπυρίζου-

1113 2425 1156 2443 σιν
1178 2417 1281 2452 αύτήν⁴
1309 2417 1395 2449 οὕτως
1411 2417 1574 2453 ἀμελοῦντός
1597 2427 1656 2450 σου,
1680 2419 1728 2444 καὶ
1755 2418 1794 2453 μὴ
1808 2418 1902 2453 ἑαυτῷ

1112 2462 1302 2498 προσέχοντος,
1319 2463 1522 2499 ἑπιισέρχονται
1548 2463 1583 2491 τὰ
1594 2463 1738 2498 πνεύματα
1752 2463 1801 2498 τῆς
1813 2471 1882 2498 mw;
1890 2477 1901 2484 -

1114 2508 1184 2544 ρίας,
1199 2511 1246 2535 καὶ
1264 2509 1426 2542 ἀφανίζουσι
1444 2510 1492 2536 καὶ
1510 2509 1644 2546 ὲρημοῦσι
1659 2510 1711 2536 τὸν
1721 2509 1800 2540 νοῦν.
1815 2517 1902 2544 σκοριν

1113 2555 1237 2588 στίζοντες
1252 2558 1314 2588 τοὺς
1331 2555 1478 2592 λογισμοὺς
1494 2557 1534 2588 εἰς
1544 2556 1591 2583 τὸν
1605 2556 1692 2584 αἰῶνα
1702 2556 1810 2583 τοῦτονη

1147 2643 1218 2671 MH’.
1231 2643 1327 2671 Πολλοὶ
1337 2644 1392 2680 γὰρ
1406 2645 1516 2681 περὶτὰ
1528 2645 1628 2678 ἔξωθεν
1639 2645 1836 2681 ἡκριϐωμένοι.
1851 2645 1904 2672 καὶ

1113 2690 1269 2725 ἐπιστήμην
1283 2690 1441 2724 ἀσκοῦντες,
1453 2691 1501 2718 καὶ
1513 2691 1570 2726 βίου
1580 2691 1662 2728 ὀρθοῦ
1677 2691 1902 2726 ἐπιμελούμενοι,

1113 2735 1208 2762 τοῦτον
1221 2735 1377 2771 νομίζουσιν
1392 2734 1462 2764 εἶναι
1474 2737 1586 2770 τέλειον,
1603 2737 1639 2773 μή
1652 2736 1832 2771 ἐγκύπτοντος
1856 2737 1901 2768 είς

1111 2782 1161 2817 τὴν
1178 2782 1301 2817 καρδίαν,
1313 2783 1360 2810 καὶ
1374 2782 1491 2818 ὁρῶντες
1500 2783 1535 2810 τὰ
1545 2784 1604 2810 ἐκεῖ
1617 2784 1762 2818 συνέχοντα
1777 2783 1827 2818 τὴν
1845 2782 1903 2817 ψυ-

1114 2826 1164 2862 χὴν
1178 2826 1262 2854 κακά.
1283 2827 1393 2862 Ἐπειδὴ
1407 2827 1478 2854 κατὰ
1503 2828 1549 2854 τὴν
1575 2828 1624 2863 τῆς
1641 2828 1740 2859 κακίας
1765 2827 1902 2862 ἐσώτερον

1112 2872 1184 2906 νοῦν,
1202 2872 1265 2908 ῥίζα
1279 2873 1353 2901 ἱστὶν
1367 2873 1396 2901 ὲν
1409 2874 1466 2905 τοῖς
1480 2873 1603 2909 μέλεσιν·
1615 2874 1664 2902 καὶ
1675 2874 1689 2902 6
1702 2873 1805 2910 λῃστὴς
1820 2873 1850 2901 ἐν
1864 2874 1900 2909 τῇ
