2078 3151
147 164 200 196 609

747 155 930 188 HOMILI/E.
938 167 973 172 -
982 154 1076 184 Ι-ΙΟΜ.
1096 155 1156 185 XV.

1715 153 1767 186 610

147 219 220 254 οἰκίᾳ
243 216 313 246 ἐστὶ.
344 214 482 241 τουτέστιν
496 214 512 248 ή
527 212 635 240 ἐναντία
647 213 772 247 δύναμις.
794 213 932 238 Ἀντιστα-

988 214 1011 236 et
1025 210 1113 242 latro,
1131 210 1183 237 hoc
1198 213 1259 242 est,
1276 209 1433 238 adversaria
1448 212 1580 245 potestas,
1593 208 1704 236 domum
1724 211 1767 237 in-

146 265 210 299 τικὴ
224 263 271 290 οὖν
287 262 336 288 καὶ
351 255 431 296 νοερὰ
444 260 517 286 ἐστι·
535 260 582 286 καὶ
595 260 643 286 ὲὰν
668 260 704 294 μή
719 267 761 290 τις
786 258 819 293 θῇ
837 256 931 291 ἀγῶνα

148 311 218 339 κατὰ
229 310 279 344 τῆς
293 307 439 343 ἁμαρτίας,
457 305 529 332 κατὰ
545 306 628 341 μέρος
644 304 832 340 ὑπεκχεομένη
846 304 864 338 ἡ
878 303 932 329 ἐσω

149 357 235 384 κακία
253 354 298 382 διὰ
311 353 358 380 τὸν
371 352 551 388 πλεονασμὸν,
578 353 655 387 φέρει
671 351 717 378 τὸν
737 351 880 386 ἄνθρωπον
893 350 933 380 είς

149 403 268 437 φανερὰς
282 399 431 435 ἁμαρτίας,
446 399 493 425 ἐπὶ
504 399 534 425 τὸ
548 397 765 433 κατεργάζεσθαι
784 396 879 427 αὑτάς.
896 395 934 422 Τὸ

148 447 202 482 γὰρ
227 447 311 473 κακον
340 445 435 480 ὥσπερ
462 444 553 480 πηγῆς
571 444 709 479 ὀφθαλμός
732 444 790 470 ἐστι
817 442 933 469 πάντοτε

149 493 248 530 βρύων.
267 493 322 519 Καὶ
334 492 367 518 σὺ
383 489 429 517 οὖν
439 490 513 524 γίνου
527 491 574 516 ἐπὶ
587 490 616 517 τὸ
627 490 748 524 ἐπισχεῖν
759 489 793 515 τὰ
809 487 934 524 ῥεύματα

148 540 196 573 τῆς
213 538 329 569 κακίας,
349 537 392 564 ι’να
417 538 454 573 μὴ
480 539 520 569 εἰς
537 536 623 572 μυρία
639 535 712 562 κακὰ
740 535 885 570 ἐμπίπτων
897 533 935 566 ὼς

148 585 336 620 θαμὸούμενος
411 585 460 611 Ὃν
470 583 570 619 τρόπον
584 583 631 609 ἐὰν
677 590 719 613 τις
738 581 851 617 εὐγενὴς
866 581 935 616 ἀμέ-

148 640 241 668 ριμνος
253 631 381 662 πλούσιος
393 639 399 646 ·
413 633 460 657 καὶ
473 629 567 656 τοῦτον
578 630 602 655 οἱ
611 628 729 655 διάκονοι
744 627 791 654 τοῦ
805 627 935 662 ἄρχοντος

148 678 195 704 καὶ
213 678 239 704 ol.
253 677 388 710 ταξεῶται
412 677 583 712 ἁρπάσωσιν,
612 674 793 709 ἀποφέροντες
807 673 876 708 πρὸς
889 673 935 699 αὑ-

148 723 204 755 τὸν,
220 723 355 757 λέγοντες,
368 723 409 749 ὃτι
421 721 627 756 κατηγορήθης
638 719 687 747 ἐπὶ
699 719 874 754 ἐγκλήματι,
885 718 936 744 καὶ

149 766 266 800 θανάτῳ
277 768 445 794 ὺπόκεισαι.
460 767 560 793 Λοιπὸν
572 767 604 792 ἐκ
615 766 664 800 τῆς
679 765 773 799 φήμης
785 764 832 791 τοῦ
851 763 934 797 φόὸου

150 813 281 840 ἀπόλεσεν
297 812 379 839 αὑτοῦ
397 813 487 844 πάσας
501 813 550 844 τὰς
577 811 756 847 ἐνθυμήσεις,
774 810 821 838 καὶ
841 809 934 844 ὥσπερ

149 857 357 894 τεθαμὸημένος
374 858 459 886 ἐστίν.

184 942 250 969 MG'.
271 941 458 976 Ὑπολάμὸανε
468 941 514 968 οὖν
526 941 612 973 οὕτως
630 943 676 968 καὶ
698 943 763 978 περὶ
785 943 839 970 τῶν
854 952 936 969 πνευ-

152 987 245 1022 μάτων
257 987 306 1022 τῆς
317 987 460 1022 πονηρίας.
485 987 514 1013 Ὁ
527 987 581 1022 γὰρ
595 987 756 1022 φαινόμενος
765 987 866 1023 κόσμος
882 988 936 1014 ἀπὸ

151 1033 283 1069 βασιλέων
295 1033 348 1063 ἓως
363 1032 488 1068 πτωχῶν,
503 1033 531 1059 ἐν
544 1033 651 1068 θορύϐῳ
676 1034 739 1064 εἰσὶ,
758 1034 805 1060 καὶ
830 1034 932 1060 ἀκατα-

151 1080 257 1115 στασία,
271 1080 318 1110 χαὶ
332 1078 415 1114 μάχῃ,
430 1079 478 1106 καὶ
492 1079 579 1110 οὐδεὶς
593 1079 683 1105 αὐτῶν
694 1077 746 1106 οἶδε
764 1081 813 1115 τὴν
827 1081 916 1106 αἰτίαν
929 1089 934 1095 ·

149 1127 232 1162 ἤγουν
242 1126 404 1161 φαινόμενον
418 1125 448 1152 τὸ
461 1126 555 1156 κακὸν,
579 1125 609 1152 τὸ
626 1126 804 1161 παρεισελοὸν
828 1126 872 1153 διὰ
886 1127 936 1160 τῆς

150 1172 290 1206 παρακοῆς
305 1171 352 1197 τοῦ
373 1170 469 1206 Ἀδὰμ,
492 1171 523 1197 τὸ
539 1171 651 1204 κέντρον
679 1171 726 1198 τοῦ
756 1171 880 1198 θανάτου.
905 1172 937 1198 Ἦ

151 1218 204 1253 γὰρ
216 1217 366 1252 ἁμαρτία-ἡ
381 1216 562 1251 παρελθοῦσα,
580 1216 694 1252 δύναμίς
709 1226 749 1249 τις
764 1216 832 1244 οὖσα
841 1217 937 1253 λογικὴ

152 1264 198 1290 τοῦ
218 1264 335 1296 Σατανᾶ,
351 1264 397 1290 καὶ
407 1263 496 1295 οὐσία,
523 1263 665 1298 ἐνέσπειρε
690 1264 725 1290 τὰ
743 1265 815 1290 κακὰ
831 1265 917 1290 πάντα
929 1273 936 1279 ·

153 1309 249 1344 ἐπειδὴ
265 1309 414 1344 λεληθότως
430 1309 469 1341 είς
480 1309 525 1335 τὸν
539 1308 593 1335 ἔσω
616 1309 759 1344 ἄνθρωπον
776 1310 824 1336 καὶ
841 1311 880 1341 είς
894 1310 938 1336 τὸν

153 1355 216 1382 νοῦν
233 1356 348 1390 ἐνεργεῖ,
365 1355 411 1381 καὶ
427 1355 542 1390 μάχεται
558 1357 613 1386 τοῖς
627 1356 777 1390 λογισμοῖς.
796 1357 852 1383 Οὐκ
865 1356 937 1382 ἴσασι

152 1402 182 1428 δὲ
198 1402 222 1428 οἱ
244 1401 393 1436 ἄνθρωποι,
411 1402 451 1427 ὅτι
475 1401 528 1427 ἀπὸ
542 1401 685 1436 ἀλλοτρίας
702 1402 773 1433 τινὸς
797 1402 938 1436 δυνάμεως

153 1447 328 1482 ἐλαυνόμενοι
344 1447 429 1474 ταῦτα
449 1449 625 1483 πράττουσιν,
645 1448 712 1475 ἀλλὰ
732 1448 871 1483 νομίζουσι
889 1458 939 1483 φυ-

154 1494 219 1520 σικὰ
234 1493 321 1520 ταῦτα
337 1492 417 1525 εἶναι,
433 1494 479 1520 καὶ
505 1494 559 1521 ἀπὸ
589 1494 656 1525 ἰδίας
672 1495 830 1529 φρονήσεως
851 1495 938 1522 ταῦτα

153 1541 251 1567 ποιεῖν.
277 1542 308 1567 ΟΕ
325 1540 354 1567 δὲ
377 1541 427 1575 τὴν
451 1542 563 1576 εἰρήνην
587 1541 634 1567 τοῦ
658 1541 777 1576 Χριστοῦ
788 1541 895 1576 ἔχοντες
908 1542 938 1568 ἐν

153 1585 227 1621 αὐτῷ
242 1586 280 1621 τῷ
294 1586 341 1621 νῷ,
353 1586 399 1612 καὶ
416 1586 461 1612 τὸν
485 1586 626 1621 φωτισμὸν
646 1586 739 1621 αὑτοῦ,
756 1586 828 1613 ἴσασι
855 1588 938 1614 πόθεν

152 1632 239 1660 ταῦτα
254 1634 377 1660 κινεῖται.

187 1679 230 1705 N’.
245 1679 347 1714 Πασχει
370 1679 424 1713 γὰρ
440 1680 454 1705 ὁ
468 1679 570 1714 κόσμος
594 1679 678 1711 πάθος
703 1680 813 1712 κακίας,
828 1679 876 1707 καὶ
890 1681 940 1706 οὐκ

154 1723 218 1753 οἶδε.
243 1726 299 1752 Καὶ
322 1726 381 1752 ἔστι
411 1725 468 1760 πῦρ
494 1725 660 1761 ἀκάθαρτον,
683 1726 751 1760 ὅπερ
765 1725 941 1761 ἀνάπτειτὴν

155 1771 278 1808 καρδίαν,
291 1772 339 1799 καὶ
351 1771 422 1798 οὕτω
436 1771 573 1806 διατρέχει
586 1771 634 1798 ὅλα
651 1771 684 1798 τὰ
706 1772 784 1807 μέλη,
811 1772 860 1799 καὶ
874 1780 941 1807 προ-

154 1818 283 1853 τρέπεται
302 1819 371 1855 τοὺςν
386 1817 546 1851 ἀνθρώπους
561 1818 601 1849 εἰς
612 1817 767 1851 ἀσελγείας,
786 1818 833 1844 καὶ
857 1818 942 1853 μυρία

154 1864 238 1892 κακά..
252 1865 283 1890 Οἱ
298 1862 345 1890 οὖν
364 1864 594 1899 γαργαλιζόμενοι
619 1863 667 1890 καὶ
691 1863 877 1898 συνηδόμενοι,
899 1863 942 1890 ἕν-

152 1909 198 1936 δον
215 1911 244 1936 ἐν
253 1910 287 1944 τῇ
304 1909 403 1943 καρδίᾳ
417 1908 571 1935 ἐπιτελοῦσι
584 1910 633 1942 τὴν
642 1909 782 1944 πορνείαν,
796 1909 843 1935 καὶ
855 1908 941 1940 οὓτως

153 1955 305 1990 νεμομένου
313 1955 360 1982 τοῦ
378 1955 474 1988 κακοῦ,
491 1957 694 1982 καταπίπτουσι
709 1955 807 1986 καὶεῐς
821 1955 941 1990 φανερὰν

153 2001 295 2035 πορνείαν.
315 2001 352 2027 Τὸ
366 2002 433 2028 αὐτὸ
447 2002 503 2028 νόει
515 2003 562 2028 καὶ
586 2001 652 2037 περὶ
676 2001 725 2036 τῆς
747 2000 940 2036 φιλαργυρίας,

153 2047 318 2080 κενοδοξίας,
337 2048 434 2082 τύφου,
453 2048 545 2083 ζήλου,
563 2048 661 2083 θυμοῦ.
681 2048 785 2082 Ὥσπερ
808 2047 871 2074 ὅταν
900 2055 942 2077 τις

155 2092 244 2128 κληθῇ
263 2094 304 2124 εἰς
328 2092 455 2127 ἄριστον,
481 2094 527 2120 καὶ
548 2093 687 2129 παρατεθῇ
713 2092 788 2127 αὐτῷ
806 2092 943 2127 ἐδέσματα

157 2138 246 2165 πολλὰ
257 2158 264 2171 ,
294 2137 387 2165 λοιπὸν
401 2140 419 2174 ἡ
435 2139 557 2174 ἁμαρτία
572 2139 716 2166 ὑποϐάλλει
735 2139 843 2166 πάντων
873 2138 943 2172 ἅψα-

155 2184 230 2211 σθαι·
246 2184 294 2212 καὶ
307 2184 393 2216 οὕτως
405 2186 421 2220 ἡ
433 2185 506 2220 ψυχὴ
518 2186 684 2220 συνηδομένη
701 2184 856 2220 βαρύνεται.
871 2185 941 2219 Ὀρη

155 2231 210 2266 γὰρ
225 2231 417 2258 δυσϐάστακτα
433 2233 491 2258 ἐστι
507 2232 540 2258 τὰ
556 2232 641 2267 πάθη,
657 2228 694 2258 ὧν
711 2233 740 2258 ἐν
756 2232 832 2267 μέσῳ
855 2240 940 2258 ποτα-

157 2276 206 2311 μοὶ
229 2277 384 2312 δρακόντων
405 2278 453 2303 καὶ
481 2277 592 2304 ἰοϐόλων
616 2278 717 2312 θηρίων
743 2278 790 2304 καὶ
807 2277 940 2312 ἑρπετῶν

157 2322 253 2358 ὥσπερ
268 2324 316 2350 ἐὰν
330 2321 346 2360 ᾖ
358 2323 448 2358 κῆτος,
464 2323 511 2350 καὶ
525 2323 646 2359 καταπίῃ
656 2323 702 2350 τὸν
713 2323 855 2359 ἄνθρωπον
869 2323 898 2349 ἐν
909 2323 942 2358 τῇ

158 2369 265 2404 κοιλίᾳ’
278 2369 350 2396 οὕτω
365 2370 412 2396 καὶ
427 2371 443 2405 ή
458 2370 580 2405 ἁμαρτία
607 2369 750 2396 καταπίνει
772 2369 822 2401 τὰς
843 2369 943 2404 ψυχάς.

156 2415 259 2449 Φλόγες
275 2415 359 2450 πυρός
371 2416 423 2442 εἰσι
439 2415 648 2447 κατακαίουσαι,
664 2415 711 2441 καὶ
736 2415 799 2450 βέλη
812 2423 943 2450 πεπυρω-

158 2461 228 2496 μένα
240 2461 289 2487 τοῦ
317 2461 446 2496 πονηροῦ.
467 2461 550 2494 Λέγει
564 2462 617 2496 γὰρ
639 2463 653 2488 ὁ
674 2461 843 2494 Ἀπόστολος,
865 2461 943 2495 Πρὸς

156 2506 190 2532 τὸ
207 2505 377 2541 δυνηθῆναι
394 2506 471 2540 ὑμᾶς
487 2507 523 2534 τὰ
534 2507 613 2541 βέλη
628 2507 681 2535 τοῦ
696 2508 830 2542 πονηροῦ
842 2508 878 2534 τὰ
893 2515 944 2534 πε-

159 2554 319 2589 πυρωμένα
329 2554 448 2581 σϐέσαι.
470 2554 607 2590 Ἐνεμὴοη
618 2554 673 2590 γὰρ
689 2555 719 2581 τὸ
731 2554 825 2588 κακὸν,
840 2555 888 2581 καὶ
899 2563 945 2581 τε·

160 2598 323 2632 θεμελίωται
340 2599 406 2634 περὶ
419 2599 469 2634 τὴν
484 2599 583 2634 ψυχήν.

195 2644 260 2672 NA’.
272 2646 304 2672 Οἱ
319 2645 348 2672 δὲ
364 2645 502 2680 φρόνιμοι,
520 2645 584 2672 ὅταν
599 2646 736 2680 ἐπαναστῇ
753 2644 787 2671 τὰ
803 2644 886 2679 πάθη,
897 2644 945 2679 οὐχ

161 2688 354 2723 ὑπακούουσιν,
386 2691 444 2717 ἀλλ’
473 2691 628 2727 ὀργίζονται
652 2692 711 2723 ταῖς
727 2691 826 2721 κακαῖς
855 2690 947 2717 ἐπιθυ-

162 2734 250 2770 μίαις,
262 2736 310 2762 καὶ
323 2736 414 2772 ἐχθροὶ
426 2737 532 2764 ἑαυτῶν
544 2739 692 2772 γίγνονται.
716 2737 745 2764 '0
756 2737 811 2772 γὰρ
825 2737 946 2768 Σατανᾶς

160 2780 230 2808 πολῦ
241 2779 313 2807 θέλει
326 2783 517 2818 ἐπαναπαῆναι
533 2785 567 2819 τῇ
581 2783 666 2820 ψυχῇ,
680 2784 726 2811 καὶ
741 2782 945 2818 ἐφαπλωῢῆναι,

201 2873 224 2889 ⁷⁵
243 2871 345 2907 Ephea.
361 2879 398 2904 vi,
416 2872 460 2899 l6.

323 2921 462 2951 ΡΑτῐιοι..
485 2920 544 2951 Gn.
561 2922 707 2952 XXXIV.

981 262 1092 290 gressus
1108 259 1162 283 est.
1180 255 1323 283 Contraria
1340 256 1424 291 igitur
1440 260 1562 291 potestas
1580 256 1664 283 etiam
1684 256 1767 284 intel-

982 302 1107 330 lectualis
1125 306 1178 330 est.
1201 303 1236 330 Et
1255 303 1306 329 nisi
1325 303 1387 337 quis
1411 303 1513 329 bellum
1538 302 1613 330 ineat
1634 302 1769 330 adversus

982 353 1136 384 peceatum,
1150 349 1282 385 paulatim
1295 349 1398 376 malitia
1414 349 1489 376 intus
1502 349 1599 382 latens,
1614 349 1700 376 eﬂ'usa
1712 357 1769 384 pra:

983 394 1066 421 nimia
1075 395 1153 429 copia
1167 394 1280 422 abducit
1293 394 1432 421 hominem
1448 394 1482 420 ad
1499 395 1643 422 manifesta
1656 399 1769 430 peccata

983 441 1192 469 committenda.
1217 441 1320 468 Malitia
1337 441 1411 468 enim
1433 440 1508 468 velut
1527 441 1612 468 fontis
1632 441 1771 477 scaturigo

983 491 1027 514 est
1041 487 1218 522 undiquaque
1231 487 1395 514 scaturiens.
1407 486 1448 514 Tu
1461 486 1547 522 igitur
1565 494 1632 514 cura
1651 487 1770 522 diligen-

984 535 1041 564 ter,
1057 535 1088 559 ut
1110 532 1240 560 cohibeas
1260 529 1334 559 rivos
1354 532 1481 564 malitiae,
1501 539 1537 559 ne
1557 531 1672 559 inﬁnitis
1693 531 1771 559 malis

984 578 1101 605 obrutus
1116 577 1193 605 velut
1209 576 1341 604 attonitus
1355 576 1465 604 evadas.
1477 576 1727 609 Quemadmodum,
1748 576 1772 604 si

985 622 1120 658 quispiam
1141 622 1177 650 sit
1196 621 1308 654 nobilis,
1329 621 1388 657 qui,
1405 628 1471 648 cura
1495 621 1570 648 omni
1592 621 1715 656 abjecta,
1744 621 1773 648 in

985 669 1124 697 aliiuentia
1141 676 1232 696 rerum
1245 669 1339 701 vivat;
1356 675 1438 703 quem
1461 668 1580 695 ministri
1594 667 1728 702 principis
1743 672 1772 694 et

985 715 1157 750 apparitores
1173 715 1333 749 abreptum,
1355 714 1390 740 ad
1411 721 1474 741 eum
1489 713 1662 748 protraliant,
1676 713 1773 740 dicen-

985 765 1027 789 tes
1046 770 1052 788 :
1070 761 1213 788 Accusatus
1226 769 1252 788 ea
1264 761 1294 787 ob
1307 761 1406 787 crinien
1419 759 1536 795 aliquod,
1550 768 1581 786 ac
1592 758 1701 795 capitali
1710 767 1774 793 sup-

986 807 1063 842 plicio
1084 807 1213 843 subjaces.
1240 807 1375 834 Caeterum
1401 806 1447 833 ille
1467 813 1524 841 prae
1543 810 1617 833 metu
1642 814 1676 833 ex
1700 805 1772 833 fama

986 857 1138 886 contracto,
1155 853 1246 888 perdit
1260 860 1356 880 omnes
1367 852 1549 887 cogitationes
1564 859 1637 885 suas,
1653 861 1685 881 ac
1697 853 1772 880 velut

952 889 972 916 Β
987 898 1103 925 attonito
1119 902 1233 933 stupore
1249 902 1340 933 pavet.

1021 944 1116 971 XLIX.
1135 944 1266 972 Eamdem
1282 945 1365 976 igitur
1375 945 1541 972 sententiam
1557 951 1667 979 quoque
1678 945 1773 971 conci-

985 990 1046 1025 pias
1056 991 1090 1017 de
1101 987 1244 1025 spiritibus
1256 990 1377 1018 malitiae.
1391 990 1509 1017 Mundus
1522 990 1595 1017 cnim
1608 990 1774 1025 conspicuus

986 1045 1001 1063 a
1023 1037 1134 1072 regibus
1150 1037 1184 1064 ad
1198 1037 1306 1064 inﬁmos
1320 1038 1348 1064 in
1366 1038 1500 1068 tumultu,
1519 1036 1727 1072 perturbatione
1743 1044 1775 1064 ac

987 1090 1076 1118 pugna
1091 1083 1257 1110 constitutus
1269 1087 1321 1114 est,
1335 1091 1386 1110 nec
1400 1084 1472 1110 ullus
1482 1083 1591 1110 illorum
1600 1091 1709 1110 causam
1722 1091 1774 1110 no-

987 1129 1047 1157 vit:
1066 1130 1194 1157 nimirum
1215 1134 1339 1165 apertum
1363 1130 1464 1156 malum
1477 1149 1484 1161 ,
1504 1129 1578 1164 quod
1597 1129 1683 1156 subiit
1707 1137 1773 1164 pro-

987 1179 1048 1210 pter
1069 1175 1283 1202 inobedientiam
1298 1175 1362 1202 Adae
1375 1195 1382 1206 ,
1405 1179 1434 1201 et
1455 1175 1584 1202 stimulus
1606 1179 1648 1202 est
1665 1175 1772 1202 mortis.

987 1220 1131 1248 Peccatum
1142 1221 1216 1246 enim
1230 1219 1304 1254 quod
1316 1219 1410 1252 subiit,
1431 1226 1494 1246 eum
1510 1218 1546 1246 sit
1562 1219 1682 1254 potentia
1697 1227 1773 1254 quaa—

987 1266 1049 1294 dam
1064 1271 1093 1294 et
1103 1266 1256 1294 substantia
1270 1265 1412 1292 rationalis
1427 1264 1546 1298 Satanae,
1567 1266 1667 1292 insevit
1680 1266 1773 1292 omnia

987 1313 1067 1340 mala.
1079 1312 1220 1348 Siquidem
1233 1312 1339 1339 occulte
1353 1316 1382 1338 et
1403 1311 1521 1338 latenter
1539 1312 1566 1338 in
1584 1312 1708 1338 interiori
1727 1312 1775 1338 ho-

987 1360 1061 1386 mine
1078 1366 1111 1386 ac
1130 1362 1221 1386 mente
1243 1362 1384 1393 operatur.
1403 1361 1485 1392 atque
1505 1357 1718 1392 cogitationibus
1730 1365 1775 1384 re-

987 1409 1100 1439 pugnat.
1113 1404 1244 1431 Nesciunt
1258 1409 1349 1431 tamen
1361 1403 1497 1435 homines,
1510 1404 1583 1438 quod
1600 1403 1688 1430 aliena
1705 1411 1775 1438 qu:-

988 1451 1050 1477 dam
1062 1450 1088 1477 vi
1104 1450 1215 1485 impulsi
1233 1449 1291 1477 hare
1310 1453 1402 1484 agant,
1416 1449 1465 1476 sed
1479 1453 1576 1484 putant
1588 1449 1646 1476 hinc
1656 1457 1717 1476 esse
1728 1457 1777 1476 na-

988 1497 1098 1527 turalia,
1114 1501 1143 1524 et
1156 1496 1268 1531 propria
1284 1495 1410 1530 quaedam
1429 1496 1514 1522 animi
1530 1495 1731 1522 deliberatione
1748 1502 1778 1523 se

989 1543 1047 1570 limc
1065 1550 1156 1578 agere.
1176 1541 1228 1576 Qui
1243 1549 1309 1569 vero
1320 1542 1423 1569 Christi
1442 1550 1537 1576 pacem
1551 1541 1654 1569 habent
1674 1543 1702 1568 in
1720 1542 1778 1568 ani-

990 1597 1035 1616 mo
1049 1589 1119 1624 ipso,
1134 1592 1163 1616 et
1178 1588 1212 1616 ab
1223 1595 1256 1615 eo
1271 1592 1336 1615 sunt
1351 1587 1496 1615 illuminati
1506 1609 1513 1621 ,
1534 1587 1573 1614 illi
1589 1592 1691 1615 norunt
1702 1587 1776 1615 unde

990 1636 1048 1662 haec
1062 1635 1196 1662 oriantur.

1024 1681 1056 1707 L.
1075 1680 1198 1708 Sustinet
1211 1680 1286 1707 enim
1299 1680 1421 1708 mundus
1437 1679 1596 1707 aﬁ'ectiones
1609 1680 1734 1713 vitiosas,
1749 1685 1778 1708 et

990 1728 1042 1763 67
1053 1727 1080 1755 id
1093 1727 1182 1754 nescit
1194 1735 1200 1753 :
1213 1734 1276 1761 quae
1288 1727 1400 1761 quidem
1409 1730 1474 1754 sunt
1493 1726 1564 1761 ignis
1581 1726 1717 1761 impurus.
1728 1727 1777 1761 qui

991 1773 1116 1800 accendit
1126 1781 1185 1805 cor,
1198 1777 1227 1800 et
1238 1773 1365 1808 pervadit
1378 1773 1473 1800 omnia
1491 1772 1624 1802 membra,
1639 1777 1721 1807 atque
1735 1773 1779 1800 in—

992 1820 1059 1847 citat
1071 1819 1196 1847 homines
1210 1819 1244 1846 ad
1255 1819 1386 1846 libidines
1396 1822 1424 1846 et
1441 1818 1548 1845 infinita
1560 1819 1641 1845 mala.
1656 1818 1778 1851 Quicun—

991 1873 1045 1900 que
1061 1865 1145 1900 igitur
1158 1864 1322 1897 titillantur,
1336 1868 1365 1891 et
1383 1863 1521 1898 voluptate
1538 1863 1693 1890 adiciuntur
1706 1883 1714 1894 ,
1734 1863 1779 1890 in-

993 1916 1037 1939 tus
1053 1911 1082 1938 in
1101 1911 1185 1939 corde
1204 1910 1415 1938 fornicationem
1436 1909 1623 1941 committunt,
1640 1913 1723 1943 atque
1738 1909 1778 1936 sic

991 1957 1122 1993 paulatim
1135 1977 1143 1988 ,
1160 1957 1225 1984 dum
1245 1957 1352 1984 fovetur
1366 1956 1477 1989 malum,
1496 1955 1623 1982 incidunt
1638 1954 1666 1982 in
1689 1955 1778 1982 mani-

992 2004 1092 2031 festum
1111 2008 1247 2038 stuprum.
1264 2002 1340 2030 Idem
1358 2002 1462 2030 sentias
1477 2009 1587 2036 quoque
1601 2001 1636 2028 de
1650 2001 1777 2033 avaritia,

992 2057 1062 2076 vana
1074 2049 1175 2084 gloria,
1195 2048 1265 2075 fastu
1277 2068 1283 2080 ,
1299 2047 1473 2075 aemulatione
1490 2050 1518 2073 et
1538 2046 1590 2073 ira.
1613 2045 1731 2074 Perinde
1746 2053 1780 2073 ac

993 2095 1016 2123 si
1026 2095 1089 2130 quis
1102 2095 1136 2122 ad
1147 2095 1294 2130 prandium
1306 2093 1392 2121 fuerit
1407 2097 1533 2125 vocatus,
1547 2094 1590 2120 cui
1607 2097 1780 2128 apponantur

992 2142 1067 2169 varia
1081 2141 1206 2169 ciborum
1218 2148 1318 2176 genera
1328 2149 1336 2174 ;
1345 2144 1404 2168 tum
1412 2147 1478 2167 vero
1486 2143 1628 2174 peccatum
1639 2138 1761 2173 suggerit
1771 2158 1780 2170 ,

994 2193 1025 2216 ut
1041 2188 1135 2216 omnia
1148 2188 1275 2223 degustet
1289 2196 1295 2215 :
1314 2187 1355 2215 sic
1366 2193 1478 2221 quoque
1492 2185 1583 2212 anima
1598 2184 1781 2212 delectatione

956 2233 980 2262 Ι)
993 2239 1074 2270 capta
1091 2238 1232 2262 oneratur.
1247 2233 1353 2261 Montes
1367 2232 1441 2260 enim
1458 2231 1612 2260 diﬁicillimi
1632 2236 1697 2258 sunt
1716 2231 1781 2257 atl‘e-

994 2279 1101 2306 ctiones
1118 2279 1181 2310 illae,
1203 2285 1323 2313 quorum
1341 2277 1370 2304 in
1389 2276 1481 2304 medio
1494 2276 1647 2304 decurrunt
1667 2275 1780 2302 ﬂumina

994 2324 1363 2356 draconum,venenosarum
1373 2322 1495 2349 ferarum
1507 2330 1540 2349 ac
1553 2321 1703 2356 reptilium.
1717 2321 1780 2347 Per-

995 2370 1059 2398 inde
1080 2378 1145 2398 vero
1162 2378 1193 2398 ac
1212 2370 1235 2397 si
1253 2369 1358 2397 balaena
1376 2369 1514 2396 hominem
1535 2368 1650 2396 devoret
1668 2367 1695 2394 in
1711 2374 1777 2393 vcnv

994 2421 1075 2449 trem,
1090 2417 1131 2444 sic
1140 2423 1250 2451 quoque
1262 2419 1404 2451 peccatum
1416 2415 1546 2443 absorbet
1558 2415 1674 2442 animas.
1691 2414 1781 2442 Flam-

997 2470 1048 2490 mae
1065 2467 1130 2490 sunt
1144 2462 1214 2498 ignis
1224 2462 1351 2489 ardentes
1361 2461 1413 2489 illae
1426 2461 1596 2493 ali‘ectiones,
1611 2465 1640 2488 et
1651 2460 1705 2488 tela
1718 2461 1780 2487 mali

995 2508 1091 2544 ignita.
1108 2507 1201 2542 Inquit
1210 2507 1284 2535 enim
1294 2507 1457 2542 Apostolus:
1474 2506 1507 2534 Ut
1520 2506 1623 2541 possitis
1638 2514 1682 2532 vos
1693 2506 1784 2534 omnia.

998 2555 1050 2582 tela
1059 2554 1124 2582 mali
1135 2555 1218 2589 ignita
1230 2555 1396 2589 exstinguere
1409 2553 1451 2580 "?
1461 2553 1581 2580 Fovetur
1587 2552 1662 2579 enim
1672 2552 1781 2581 vitium.

997 2609 1030 2629 ac
1043 2601 1254 2628 fundamentum
1271 2601 1349 2635 ponit
1362 2599 1390 2627 in
1405 2599 1508 2626 anima.

1034 2647 1076 2675 LI.
1092 2647 1246 2675 Prudentes
1259 2652 1352 2674 autem
1368 2644 1574 2680 insurgentibus
1589 2643 1782 2671 affectionibus

999 2701 1054 2720 non
1065 2693 1265 2728 obtemperant,
1276 2691 1323 2719 sed
1335 2691 1401 2718 iram
1411 2689 1571 2725 concipiunt
1579 2689 1711 2716 adversus
1722 2695 1785 2722 pra-

999 2746 1047 2766 vas
1061 2738 1235 2773 cupiditates,
1254 2741 1333 2772 atque
1344 2736 1437 2763 hostes
1449 2736 1492 2762 sui
1513 2734 1642 2762 evadunt.
1670 2733 1785 2760 Satanas

999 2784 1073 2812 enim
1092 2783 1172 2812 valde
1196 2784 1273 2818 cupit
1291 2783 1319 2810 in
1337 2782 1428 2810 anima
1448 2780 1632 2815 requiescere,
1648 2787 1679 2808 ac
1693 2778 1786 2806 cubile

1588 2917 1629 2947 20
