2078 3151
305 145 356 178 611

302 209 384 230 suum
395 200 573 232 constituere,
587 204 615 227 et
626 198 753 235 amigitnr
767 207 799 228 ac
815 204 968 235 torquetur,
981 200 1094 235 quando
1109 203 1130 231 Α

302 257 357 275 non
372 248 545 282 obtemperat
571 247 672 273 anima.
700 247 760 274 Non
786 251 877 274 tamen
907 247 1018 279 desum,
1042 246 1090 281 qui

302 294 395 321 divina
409 293 513 320 virtute
532 292 721 324 continentur,
735 291 811 327 quia,
827 299 890 320 eum
904 291 1017 320 videant
1028 299 1091 319 cum

302 340 417 367 muliere
431 339 645 373 adolescentem,
660 339 726 367 licet
746 339 870 374 quaedam
884 339 1016 374 cogitent,
1033 339 1092 366 illo-

303 394 363 414 rum
380 390 471 414 tamen
489 386 597 414 animus
606 393 662 413 non
677 385 820 421 polluitur,
835 393 925 420 neque
939 385 1014 413 intus
1030 392 1093 420 pec-

302 437 392 460 catum
406 432 564 460 committit.
587 432 690 461 Verum
709 432 832 459 nondum
857 431 923 459 huic
940 435 983 459 est
1004 430 1093 458 fiden-

303 479 380 506 dum.
403 479 473 506 Sunt
497 486 564 506 vero
590 478 648 511 alii,
676 478 704 505 in
738 477 839 512 quibus
865 477 954 505 libido
979 484 1094 512 prorsus

302 525 438 552 exstincta
464 529 549 560 atque
566 524 684 552 arefacta
696 528 805 552 cessat:
833 531 930 551 verum
945 523 973 550 hi
993 522 1094 559 gradus

302 574 368 598 sunt
377 578 559 598 summorum.
571 569 808 604 Quemadmodum
820 574 913 597 autem
926 573 1095 597 mercatores

303 615 372 643 nudi
396 615 425 643 in
446 616 616 651 profundum
631 616 726 648 maris,
744 623 776 643 ac
805 619 923 643 mortem
945 623 1025 650 aquae
1045 615 1095 643 de-

304 661 453 695 scendunt,
465 665 496 689 ut
511 661 567 690 illic
580 662 716 697 accipiant
730 662 896 697 margaritas
919 661 952 689 ad
964 669 1094 689 coronam

305 708 410 743 regiam
422 712 451 736 et
474 715 626 743 purpuram
638 708 818 742 commodas;
840 707 881 736 sic
905 715 1025 743 quoque,
1047 707 1095 743 qui

305 753 460 781 solitariam
475 754 560 782 vitam
576 757 673 789 agunt,
690 754 758 782 nudi
772 758 876 781 exeunt
897 753 1013 785 mundo,
1027 758 1055 780 et
1067 753 1096 780 in

306 799 477 835 profundum
511 800 595 828 maris
627 800 748 833 malitiae,
783 805 867 835 atque
904 800 934 827 in
967 799 1096 835 abyssum

307 846 483 874 tenebrarum
523 845 711 874 descendunt:
752 854 768 873 e
805 854 860 881 qua
906 849 1020 873 sumunt
1065 852 1098 872 ac

306 897 449 928 reportant
473 892 611 928 pretiosos
640 892 758 927 lapides,
791 897 870 928 aptos
900 892 935 919 ad
965 899 1096 920 coronam

305 938 427 972 Christi,
451 939 485 966 ad
517 939 669 967 Ecclesiam
705 939 866 970 ccclestem,
897 938 932 966 ad
967 938 1098 966 saeculum

306 992 421 1018 novum,
440 985 474 1012 ad
487 984 626 1012 civitatem
643 984 815 1020 splendidam
845 989 874 1012 et
894 984 1027 1020 populum
1048 992 1098 1012 an-

307 1030 422 1065 gelicum
427 1050 433 1057 .

342 1076 398 1104 ιιι.
417 1076 534 1104 Perinde
545 1084 612 1104 vero
643 1084 675 1104 ac
698 1076 726 1104 in
742 1078 872 1112 segenam
897 1077 982 1105 multa
997 1083 1098 1112 genera

308 1123 425 1158 piscium
444 1122 582 1157 incidunt,
599 1127 628 1150 et
642 1123 734 1151 minus
749 1124 833 1152 utiles
847 1123 939 1151 denuo
961 1123 1053 1151 statim
1071 1123 1099 1150 in

307 1175 384 1195 mare
400 1168 601 1204 projiciuntur:
619 1169 659 1196 sic
673 1176 783 1204 quoque
797 1176 897 1204 sagena
910 1169 1005 1204 gratia:
1015 1175 1100 1203 super

307 1222 405 1243 omnes
416 1222 537 1250 expansa
546 1219 599 1248 est,
618 1222 651 1243 ac
662 1216 761 1250 quzcrit
775 1215 911 1251 requiem.
930 1215 1032 1243 Verum
1043 1222 1100 1242 non

308 1261 501 1297 obtemperant
510 1261 638 1289 homines
651 1282 655 1285 ν
667 1266 812 1297 propterea
823 1261 916 1290 denuo
933 1262 962 1288 in
974 1260 1099 1289 eamdem

308 1307 527 1343 profunditatem
568 1307 747 1336 tenebrarum
779 1308 979 1344 conjiciuntur.
1007 1307 1099 1335 Veluti

309 1353 384 1381 enim
396 1360 495 1381 aurum
515 1361 532 1381 a
555 1353 667 1389 copiosa
691 1361 776 1382 arena
802 1354 922 1382 dilutum
947 1353 1098 1386 invenitur,

310 1403 431 1435 suntque
456 1408 540 1436 grana
567 1401 666 1437 exigua
691 1400 778 1428 instar
803 1401 891 1429 milii:
925 1401 966 1428 sic
989 1407 1100 1436 quoque

311 1452 345 1471 ex
376 1445 470 1473 multis
496 1445 578 1480 pauci
605 1444 814 1479 probabuntur.
841 1445 895 1479 Qui
925 1445 1000 1472 enim
1022 1444 1100 1480 regni

311 1498 382 1526 opus
402 1490 514 1523 habent,
539 1491 678 1519 manifesti
693 1496 768 1524 sunt,
784 1496 812 1519 et
827 1491 875 1527 qui
898 1491 1014 1519 verbum
1041 1491 1101 1527 ejus

312 1541 457 1570 exornant,
468 1538 613 1573 conspicui
642 1543 717 1566 sunt.
729 1539 832 1566 Eadem
843 1538 950 1566 ratione
961 1538 1102 1566 manifesti

312 1587 389 1617 sunt,
419 1584 468 1619 qui
497 1583 553 1612 sale
579 1584 686 1612 caelesti
714 1589 779 1612 sunt
800 1584 915 1619 conditi,
935 1589 964 1613 et
991 1585 1039 1620 qui
1068 1593 1102 1613 ex

315 1630 455 1658 thesauris
485 1630 604 1666 Spiritus
628 1631 789 1666 loquuntur.
815 1632 958 1668 Apparent
981 1640 1056 1666 vasa,
1074 1633 1103 1660 in

313 1675 417 1710 quibus
427 1676 622 1712 complacitum
634 1681 676 1705 est
694 1677 763 1710 Deo,
783 1678 942 1714 quibusque
959 1686 1036 1706 suam
1050 1679 1104 1706 lar-

314 1721 388 1756 gitur
409 1722 537 1757 gratiam.
564 1723 634 1751 Sunt
658 1731 769 1759 quoque
788 1725 848 1758 alii,
874 1725 921 1760 qui
935 1726 1022 1753 multa
1041 1733 1103 1753 cum

313 1769 450 1804 patientia
487 1770 627 1805 accipiunt
665 1771 796 1798 virtutem
844 1771 1103 1804 sanctiﬁcatricem,

314 1819 398 1850 prout
413 1816 546 1844 Dominus
568 1816 628 1843 vult
648 1817 756 1845 ratione
777 1817 938 1852 multiplici.
962 1817 1015 1850 Qui
1039 1825 1105 1854 ergo

315 1861 449 1897 loquitur,
468 1862 522 1890 nisi
544 1862 680 1898 dirigatur
705 1871 720 1890 a
749 1863 857 1891 cmlesti
879 1863 984 1891 lumine
1007 1871 1040 1892 ac
1060 1871 1104 1891 sa-

314 1908 431 1943 pientia,
443 1908 662 1945 uniuscujusque
681 1914 802 1937 mentem
814 1909 841 1936 in
849 1908 928 1942 plena
940 1908 993 1937 ﬁde
1001 1910 1104 1937 consti-

315 1959 395 1982 tuere
425 1954 541 1990 nequit;
568 1955 632 1990 quia
663 1955 740 1982 varia
776 1960 841 1983 sunt
869 1955 1014 1983 hominum
1042 1956 1105 1983 vita:

316 2000 461 2033 instituta;
477 2000 588 2035 quidam
597 2000 671 2028 enim
683 2000 766 2033 bello,
779 2000 826 2028 alii
836 2008 903 2029 vero
914 2001 1007 2037 quieta
1020 2001 1106 2036 magis

316 2046 494 2074 delectantur
510 2046 577 2074 vita.

351 2091 420 2119 Lllt.
435 2091 554 2120 Perinde
573 2099 606 2119 ac
623 2092 669 2127 qui
691 2093 830 2120 civitatem
854 2092 913 2120 solo
936 2098 1105 2128 exaequatam

316 2137 423 2165 aedibus
446 2137 560 2165 reﬁcere
578 2137 656 2169 velit,
680 2138 813 2165 continuo
828 2137 935 2165 ruinam
951 2145 983 2166 ac
1000 2139 1107 2173 lapsum

317 2183 451 2210 minantia
467 2183 584 2212 omnino
597 2183 692 2218 dejicit
704 2191 736 2211 ac
753 2183 883 2214 destruit,
903 2183 998 2218 sicque
1011 2183 1109 2218 incipit

318 2228 424 2261 fodere,
439 2233 468 2256 et
483 2228 512 2255 in
536 2228 597 2256 loco
617 2227 728 2256 defosso
751 2227 930 2256 fundamenta
947 2229 1051 2264 jacere,
1074 2237 1106 2257 ac
1123 2233 1144 2260 D

317 2274 374 2310 68
388 2274 534 2302 :ediﬁcium
546 2277 754 2309 superstruere:
770 2281 822 2302 nec
833 2274 899 2301 dum
919 2283 985 2302 vero
1002 2280 1045 2303 est
1055 2275 1105 2303 do-

319 2326 391 2346 mus.
412 2318 521 2351 Itidem,
534 2318 581 2353 qui
593 2319 705 2345 hortum
720 2323 932 2347 constructurus
946 2324 989 2348 est
1000 2320 1028 2347 in
1039 2321 1108 2349 locis

320 2364 441 2392 desertis
466 2372 498 2391 ac
514 2364 703 2399 graveolentia
728 2364 822 2393 fetidis
836 2386 844 2399 ,
863 2366 986 2401 primum
1010 2367 1108 2402 incipit

319 2417 449 2445 purgare,
467 2416 500 2436 ac
514 2409 698 2444 sepilnentum
718 2411 940 2447 circumponere,
959 2417 988 2440 et
1000 2420 1107 2448 praepa-

321 2463 383 2483 rare
395 2456 585 2490 aquaeductus,
607 2460 636 2483 et
647 2457 687 2485 sic
705 2458 815 2486 tandem
828 2459 945 2493 plantat,
957 2463 986 2486 et
1005 2459 1107 2494 plantae

321 2500 525 2528 incrementum
537 2507 660 2534 sumunt,
675 2507 706 2530 ut
719 2502 772 2530 hoc
785 2503 957 2540 modolongo
967 2509 1030 2539 post
1040 2508 1111 2531 tem-

321 2553 388 2580 pore
396 2546 497 2574 hortus
506 2547 629 2582 proferat
637 2548 742 2576 fructus
750 2557 757 2576 :
770 2548 810 2577 sic
818 2557 929 2585 quoque
941 2549 1110 2578 intentiones

322 2592 466 2620 hominum
477 2597 540 2628 post
552 2595 800 2630 transgressionem
811 2596 938 2629 desertae,
961 2596 1111 2625 devastata:

321 2641 405 2672 atque
428 2638 548 2673 spinosa;
574 2643 650 2668 sunt.
681 2640 756 2669 Dixit
780 2641 854 2669 enim
880 2641 987 2670 homini
1013 2642 1106 2669 Deus:

321 2683 419 2719 Spiritu
433 2693 465 2712 ac
480 2685 590 2713 tribulos
605 2685 653 2713 tibi
665 2690 738 2714 terra
752 2687 875 2723 producet
889 2688 919 2715 "'.
931 2687 1006 2722 Opus
1024 2687 1109 2723 igitur

322 2735 365 2757 est
382 2730 479 2760 labore
488 2739 521 2759 ac
539 2732 641 2761 sudore
664 2733 761 2767 multo,
785 2737 817 2761 ut
838 2733 902 2769 quis
918 2734 1064 2769 conquirat
1077 2741 1109 2760 ac

321 2775 404 2811 iaciat
414 2776 622 2807 fundamentum
635 2799 642 2813 ,
659 2779 749 2808 donec
765 2779 859 2809 veniat
875 2780 904 2809 in
915 2780 998 2808 (τοι-ἀει
1013 2779 1110 2817 homi-

1113 877 1134 905 Β

359 2865 380 2881 ¹⁶
397 2864 466 2894 Gen.
482 2874 522 2900 ιιι,
537 2866 581 2894 18.

921 146 951 175 S.
972 144 1132 175 MACARII
1153 144 1313 175 IEGYPTII

1881 143 1934 176 612

1145 202 1193 228 καὶ
1208 201 1328 228 θλίϐεται
1345 199 1393 227 καὶ
1405 200 1613 235 στενοχωρείται
1624 199 1663 235 μὴ
1682 199 1873 235 ὑπακουούσης
1884 200 1933 236 τῆς

1144 248 1242 283 ψυχῆς.
1257 247 1319 274 Εἰσὶ
1336 247 1365 274 δέ
1391 255 1464 278 τινες
1491 245 1673 281 κρατούμενοι
1689 246 1742 273 ὑπὸ
1762 245 1836 278 θείας
1852 245 1934 272 δυνάο

1143 303 1230 330 μεως,
1248 294 1290 321 ὃτι
1305 293 1352 320 ἐὰν
1366 293 1441 320 ἴδωσί
1456 301 1518 319 τινα
1534 292 1604 328 μετὰ
1627 292 1757 326 γυναικὸς
1773 292 1847 325 νέον,
1861 289 1933 319 οὗτοι

1145 343 1169 368 εί
1184 341 1231 368 καὶ
1245 339 1444 373 διαλογίζονταί
1461 347 1532 370 τινα,
1548 338 1624 373 ὅμως
1639 337 1670 364 ού
1694 337 1829 373 μιαίνεται
1845 338 1859 364 6
1872 337 1933 369 νοῦς

1145 388 1245 422 αὐτῶν,
1273 387 1337 414 οὔτε
1367 386 1486 413 ὲπιτελεί
1509 385 1583 412 ἔνδον
1606 383 1753 420 ἁμαρτίαν.
1775 383 1843 410 Ἀλλ’
1857 383 1934 410 οὔπω

1145 435 1204 462 ἐστὶ
1218 434 1258 470 τῷ
1272 433 1386 468 τοιούτῳ
1401 432 1548 468 θαρσῆσαι.
1564 430 1626 458 Εῑσὶ
1637 431 1665 458 δὲ
1680 430 1756 458 ἄλλοι
1769 430 1810 462 εις
1820 429 1868 461 οὓς
1888 437 1934 456 τε-

1145 482 1225 514 λείως
1251 481 1400 512 πέπαυται,
1420 480 1468 506 καὶ
1492 478 1677 513 κατεσϐέσθη,
1707 477 1756 504 καὶ
1781 475 1933 512 ἐξηράνθη·

1146 527 1214 555 ἀλλὰ
1227 526 1262 554 τὰ
1277 526 1364 562 μέτρα
1376 526 1431 552 τῶν
1449 525 1574 560 μεγάλων
1587 524 1667 551 είσίν.
1683 523 1790 558 Ὠσπερ
1801 522 1831 549 δὲ
1845 523 1871 548 οἱ
1884 521 1935 557 έμο

1146 583 1225 611 ποροι
1239 573 1342 609 γυμνοὶ
1365 572 1544 609 κατέρχονται
1566 571 1606 603 εις
1635 569 1717 606 βυθὸν
1728 569 1877 604 Θαλάσσης,
1894 569 1935 600 εἰς

1146 622 1260 649 θάνατον
1273 619 1319 648 τοῦ
1337 619 1443 651 ὕδατος,
1459 619 1502 645 ἵνα
1518 618 1576 644 έκεῖ
1589 617 1691 652 εὕρωσι
1709 615 1880 652 μαργαρίτας
1896 615 1935 646 εἰς

1148 669 1281 703 στέφανον
1297 666 1440 698 ποιοῦντας
1458 663 1608 700 βασιλικὸν,
1623 663 1671 689 καὶ
1682 661 1837 698 πορφύραν,
1849 661 1935 692 οὕτως

1147 714 1195 741 καὶ
1211 714 1237 740 οι
1253 712 1428 749 μονάζοντες.
1455 710 1556 745 γυμνοὶ
1582 709 1740 744 ἐξέρχονται
1756 707 1802 735 τοῦ
1819 707 1933 742 κόσμου,

1147 760 1195 788 καὶ
1208 759 1386 794 κατέρχονται
1397 758 1438 789 είς
1454 756 1534 792 βυθὸν
1549 755 1688 790 θαλάσσης
1701 755 1751 789 τῆς
1770 754 1880 785 κακίας,
1891 754 1936 780 καὶ

1147 808 1187 838 εῑς
1203 807 1252 842 τὴν
1268 805 1386 833 ἄϐυσσον
1397 804 1456 831 ’τοῦ
1472 804 1595 834 σκότους,
1612 802 1660 829 καὶ
1684 801 1739 828 ἀπὸ
1751 801 1806 828 τῶν
1833 800 1936 835 βαθέων

1147 853 1318 888 λαμϐάνουσι
1340 851 1387 878 καὶ
1414 849 1582 884 ἀναφέρουσι
1595 849 1704 883 τιμίους
1726 846 1814 878 λίθους
1829 852 1936 881 προχω-

1153 899 1267 936 ροῦντας
1283 899 1322 930 είς
1333 897 1466 932 στέφανον
1483 895 1530 922 τοῦ
1547 893 1677 930 Χριστοῦ,
1695 894 1735 924 είς
1753 893 1803 929 τὴν
1823 892 1937 928 Ἐκκλη-

1154 946 1213 971 σίαν
1236 944 1286 979 τὴν
1313 942 1486 977 ἐπουράνιον,
1515 941 1555 972 είς
1569 940 1656 967 αίῶνα
1671 939 1776 972 καινὸν,
1799 939 1846 966 καὶ
1860 938 1938 965 πόλιν

1153 989 1298 1024 φωτεινὴν,
1312 988 1360 1014 καὶ
1373 987 1459 1022 δῆμον
1471 984 1627 1020 ἀγγελικόν.

1187 1080 1252 1108 NB'.
1263 1081 1369 1115 Ὠσπερ
1386 1080 1415 1106 ὲν
1428 1080 1462 1115 τῇ
1478 1078 1584 1114 σαγήνῃ
1597 1077 1682 1104 πολλὰ
1702 1075 1759 1109 εῐδη
1777 1075 1875 1111 ἰχθύων
1887 1075 1940 1109 ἑμ-

1153 1127 1260 1158 πίπτει,
1276 1125 1323 1153 καὶ
1336 1126 1370 1152 τὰ
1381 1124 1570 1160 ἀχρηστότερα
1583 1123 1665 1150 πάλιν
1678 1121 1778 1153 εὐθέως
1792 1122 1832 1152 είς
1842 1120 1941 1147 θάλασο

1154 1181 1204 1200 σαν
1221 1172 1372 1208 ῥίπτουσιν·
1385 1171 1471 1202 οὕτως
1480 1170 1528 1197 καὶ
1541 1170 1558 1205 ἡ
1576 1169 1683 1204 σαγήνη
1705 1168 1754 1203 τῆς
1769 1167 1878 1203 χάριτος
1891 1167 1941 1200 ὲφ-

1152 1215 1286 1245 απλοῦται
1297 1215 1343 1242 ἐπὶ
1356 1215 1470 1247 πάντας,
1488 1213 1536 1242 καὶ
1550 1214 1627 1250 ζητεί
1642 1213 1806 1241 ἀνάπαυσιν.
1828 1211 1896 1238 Ἀλλ’
1914 1211 1942 1238 οἱ

1152 1261 1291 1297 ἄνθρωποι
1301 1261 1350 1296 οὐχ
1365 1259 1532 1287 ὑπακούουσι
1545 1266 1552 1275 ·
1566 1258 1610 1286 διὰ
1623 1258 1703 1286 τοῦτο
1714 1257 1795 1285 πάλιν
1809 1257 1849 1288 είς
1859 1256 1942 1285 αὐτὸν

1152 1307 1198 1334 τὺν
1213 1306 1324 1343 βόθυνον
1353 1306 1401 1333 τοῦ
1429 1306 1542 1338 σκότους
1568 1305 1814 1342 καταρῤίπτονται,
1834 1304 1942 1338 Ὠσπερ

1152 1354 1207 1390 γὰρ
1219 1354 1233 1381 6
1248 1354 1349 1389 χρυσὸς
1368 1353 1423 1380 ἀπὸ
1448 1352 1550 1388 πολλῆς
1571 1353 1666 1388 ἄμμου
1682 1352 1850 1387 πλυνόμενος
1867 1351 1942 1386 εὑρί-

1153 1407 1259 1433 σκεται,
1283 1399 1331 1426 καὶ
1356 1399 1444 1426 ταῦτα
1460 1399 1590 1434 ἐλάχιστα
1617 1398 1656 1430 ὡς
1680 1398 1838 1434 κεγχρίδεςι
1854 1396 1943 1429 οὕτως

1153 1446 1201 1473 καὶ
1218 1446 1273 1473 ἀπὸ
1297 1445 1403 1472 πολλῶν
1431 1445 1518 1480 ὀλίγοι
1540 1446 1594 1472 εἰσὶ
1620 1445 1738 1480 δόκιμοι.
1766 1445 1823 1471 Καὶ
1844 1443 1900 1478 γὰρ
1916 1445 1942 1470 οἱ

1154 1492 1261 1528 ἔχοντες
1278 1493 1308 1519 τὸ
1321 1492 1401 1529 ἔργον
1417 1493 1467 1528 τῆς
1478 1492 1627 1527 βασιλείας,
1643 1490 1757 1526 φανεροί
1772 1491 1836 1523 εἱσι,
1853 1491 1901 1517 καὶ
1917 1489 1943 1517 οἱ

1154 1538 1320 1574 κοσμοῦντες
1343 1539 1389 1566 τὸν
1410 1539 1489 1573 λόγον
1504 1539 1589 1574 αὐτῆς
1614 1538 1764 1572 φαίνονται.
1784 1537 1902 1572 ὀμοίως
1915 1536 1946 1563 δὲ

1153 1586 1200 1612 καὶ
1212 1587 1236 1613 οἱ
1253 1585 1403 1621 ὴρτυμένοι
1417 1585 1456 1621 τῷ
1469 1585 1550 1613 άλατι
1563 1584 1603 1621 τῷ
1619 1584 1776 1620 ἐπουρανίῳ
1790 1584 1944 1618 φαίνονται,

1154 1631 1201 1658 καὶ
1212 1630 1237 1657 οε
1250 1631 1283 1658 ὲκ
1297 1631 1352 1658 τῶν
1366 1630 1513 1666 θησαυρῶν
1536 1629 1585 1657 τοῦ
1613 1629 1774 1665 Πνεύματος
1788 1628 1944 1661 λαλοῦντες.

1153 1676 1279 1702 Φαίνεται
1303 1675 1337 1702 τὰ
1353 1675 1438 1710 σκεύη
1454 1676 1484 1702 ἐν
1494 1671 1535 1706 οἷς
1547 1676 1561 1702 6
1571 1674 1637 1707 Θεὸς
1660 1674 1775 1706 εὐδοκεῖ,
1790 1674 1839 1702 καὶ
1852 1674 1947 1700 δίδωσι

1153 1721 1203 1757 τὴν
1215 1721 1313 1749 ἑαυτοῦ
1327 1721 1424 1756 χάριν·
1441 1721 1488 1748 καὶ
1503 1721 1578 1749 ἄλλοι
1598 1721 1667 1757 μετὰ
1683 1721 1783 1756 πολλῆς
1804 1721 1949 1755 ὑπομονῆς

1154 1767 1277 1802 δέχονται
1291 1767 1342 1802 τὴν
1369 1767 1533 1803 ἀγιαστικὴν
1554 1766 1682 1802 δύναμιν,
1698 1766 1788 1798 καθὼς
1812 1768 1828 1794 6
1842 1767 1948 1802 Κύριος

1155 1813 1227 1842 θέλει
1242 1813 1431 1849 πολυτρόπως.
1452 1814 1481 1841 '0
1495 1813 1541 1841 οὖν
1550 1813 1650 1848 λαλῶν,
1667 1814 1691 1840 εί
1705 1813 1743 1849 μὴ
1792 1813 1946 1849 ὁδηγούμε-

1155 1869 1200 1892 νος
1214 1860 1267 1887 ὑπὸ
1282 1860 1370 1895 φωτὸς
1380 1859 1506 1895 οὐρανίου
1518 1860 1567 1886 καὶ
1581 1860 1688 1895 σοφίας,
1701 1860 1731 1887 ού
1745 1859 1859 1887 δύναται
1875 1860 1948 1894 πλη-

1158 1907 1283 1942 ροφορεῖν
1298 1906 1345 1933 τὸν
1362 1907 1478 1933 ἑκάστου
1493 1905 1570 1939 νοῦν,
1597 1906 1693 1941 ἐπειδὴ
1714 1906 1811 1933 πολλαί
1826 1906 1896 1932 εἰσιν
1918 1907 1950 1932 αἱ

1157 1951 1343 1988 προαιρέσεις,
1359 1953 1388 1979 αἱ
1405 1953 1454 1988 μὲν
1464 1954 1494 1980 ἐν
1509 1952 1632 1989 πολέμῳ,
1647 1952 1725 1980 ἄλλαι
1737 1953 1766 1980 ὲν
1780 1952 1947 1980 ἀναπαύσει.

1194 2093 1257 2120 NF’.
1270 2093 1378 2130 Ὠσπερ
1393 2094 1457 2121 ὅταν
1499 2094 1673 2130 ὴρημωμένη
1685 2094 1776 2126 πόλις,
1789 2095 1836 2122 καὶ
1846 2094 1952 2131 θελήσῃ

1157 2147 1200 2171 τις
1214 2139 1316 2175 ταύτην
1329 2140 1484 2172 ἀνακτίσαι,
1501 2140 1601 2173 εὐθέως
1615 2140 1650 2168 τὰ
1664 2141 1890 2177 καταρῤεύσαντα
1901 2142 1953 2168 καὶ

1159 2186 1276 2212 πεσόντα
1289 2185 1400 2217 τελείως
1411 2185 1588 2218 καταϐάλλει,
1601 2187 1647 2214 καὶ
1656 2187 1743 2219 οὕτως
1754 2187 1869 2223 ἄρχεται
1882 2188 1955 2214 σκά-

1158 2239 1246 2263 πτειν,
1266 2231 1313 2258 καὶ
1327 2232 1356 2258 ὲν
1372 2231 1412 2267 τῷ
1427 2231 1572 2267 σκάμματι
1585 2233 1648 2264 τοὺς
1672 2232 1815 2267 θεμελίους
1831 2233 1953 2267 τιθέναι,

1160 2276 1206 2303 καὶ
1226 2276 1425 2312 προϐάλλεσθαι
1456 2278 1505 2313 τὴν
1531 2278 1684 2315 οἰκοδομὴν,
1708 2279 1814 2306 οὐδέπω
1828 2279 1857 2306 δέ
1874 2280 1957 2306 ἐστιν

1163 2323 1246 2351 οἰκία.
1264 2323 1321 2350 Καὶ
1339 2324 1353 2350 6
1377 2323 1461 2350 θέλων
1486 2325 1649 2360 παράδεισον
1665 2325 1778 2360 ποιῆσαι
1796 2326 1836 2357 εἰς
1849 2326 1956 2358 τόπους

1161 2369 1282 2404 ἐρήμους
1297 2369 1345 2395 καὶ
1361 2369 1499 2402 δυσώδεις,
1523 2370 1630 2405 πρῶτον
1652 2371 1766 2407 ἄρχεται
1777 2371 1956 2406 καθαρίζειν,

1161 2415 1209 2441 καὶ
1225 2415 1351 2450 φραγμὸν
1380 2416 1558 2452 περιτιθέναι,
1586 2416 1633 2443 καὶ
1660 2417 1814 2452 ἑτοιμάζειν
1826 2418 1957 2454 ὀχετοὺς,

1162 2460 1209 2486 καὶ
1225 2459 1310 2491 οὕτως
1324 2459 1446 2494 φυτεύει,
1461 2461 1509 2488 καὶ
1521 2460 1646 2494 αὔξονται
1660 2462 1694 2488 τὰ
1706 2462 1788 2496 φυτὰ,
1808 2463 1851 2489 ἴνα
1863 2462 1959 2495 οὕτως

1164 2504 1235 2538 μετὰ
1249 2504 1333 2531 πολὺν
1349 2505 1446 2541 χρόνον
1472 2507 1573 2543 ὲνέγκῃ
1591 2508 1717 2542 καρποὺς
1730 2508 1745 2533 6
1766 2507 1935 2542 παράδεισος
1947 2516 1958 2524 ’

1162 2549 1248 2581 οὓτως
1261 2550 1308 2577 καὶ
1332 2551 1360 2577 αἱ
1375 2552 1550 2588 προαιρέσεις
1565 2553 1619 2580 τῶν
1632 2553 1795 2588 ἀνθρώπων,
1821 2554 1893 2588 μετὰ
1905 2553 1961 2588 τὴν

1165 2597 1322 2631 παράϐασιν
1337 2599 1542 2634 χεχερσωμέναι
1558 2599 1621 2632 εἰσὶ,
1635 2600 1682 2626 καὶ
1695 2599 1891 2635 ἠρημωμέναι,
1906 2600 1963 2626 καὶ

1163 2641 1339 2674 ἀκανθώδεις.
1355 2641 1423 2669 Εῐπε
1439 2643 1494 2679 γὰρ
1510 2645 1524 2670 ό
1538 2643 1605 2676 Θεὸς
1625 2643 1665 2679 τῷ
1680 2643 1829 2679 ἀνθρώπῳ,
1855 2644 1965 2671 Ἀκάν-

1163 2689 1217 2721 θας
1228 2688 1277 2714 καὶ
1289 2689 1444 2722 τριϐόλους
1456 2689 1599 2717 ὰνατελεῐ
1611 2697 1662 2717 σοι
1684 2691 1704 2724 ἡ
1729 2689 1779 2725 τῆ.
1796 2689 1885 2726 Χρεία
1908 2689 1965 2716 οὖν

1163 2733 1287 2769 καμάτου
1302 2734 1350 2761 καὶ
1367 2735 1453 2761 κόπου
1466 2735 1575 2769 πολλοῦ,
1589 2735 1633 2762 ἵνα
1647 2744 1688 2767 τις
1704 2735 1809 2771 ζητήσῃ
1823 2736 1872 2761 καὶ
1884 2734 1966 2761 ἁπο-

1164 2779 1242 2815 θῆται
1258 2780 1302 2807 τὸν
1312 2780 1446 2816 θεμέλιον,
1460 2781 1511 2814 ἕως
1523 2782 1566 2809 ὅτε
1583 2781 1648 2818 ἔλθῃ
1660 2782 1699 2813 εἰς
1713 2781 1762 2813 τὰς
1776 2781 1891 2817 καρδίας
1901 2779 1965 2806 τῶν
