2078 3151
173 171 228 203 613

770 163 954 197 HOMILLE.
964 177 998 184 ·-

1011 165 1105 196 ΗΟΜ.
1126 165 1202 196 XVI.
1271 179 1275 182 -
1741 164 1794 199 614

173 223 327 261 ἀνθρώπων
356 221 423 258 πῦρ,
449 221 497 249 καὶ
526 220 642 257 ἄρξηται
673 219 883 256 περικαθαίρειν
912 220 958 251 τὰς

1013 228 1080 247 num
1093 220 1174 256 ignis,
1190 219 1238 256 qui
1256 220 1399 248 comburat
1414 228 1446 249 ac
1467 219 1601 257 depurget
1627 220 1741 256 spinas;
1767 228 1796 251 et

173 271 295 302 ἀκάνθας
306 278 314 285 ·
328 269 375 296 καὶ
387 268 472 300 οὕτως
485 267 614 303 ἄρχονται
622 266 791 300 άγιάζεσθαι,
803 266 959 298 δοξάζοντες

173 317 295 351 Πατέρα,
308 315 356 341 καὶ
367 313 441 346 Υίὺν,
455 313 502 340 καὶ
516 312 593 347 ἅγιον
606 312 728 347 Πνεῦμα,
751 312 792 344 είς
803 312 867 343 τοὺς
890 310 957 338 αἰῶ-

173 372 232 395 νας.
255 362 351 398 Ἀμήν.

471 415 592 443 OMIAIA
605 414 665 449 ις’.

176 464 247 495 Τοὺς
265 461 485 496 πνευματικοὺς
501 460 677 496 ἀνθρώπους
693 458 883 496 ὑποκεῖσθαι,
897 459 959 493 τοῖς

207 494 382 533 πειρασμοῖς
396 497 446 524 καὶ
461 497 597 531 aliti-sat,
610 495 676 528 ταῖς
689 495 724 522 ἐκ
738 494 856 529 πρώτης
867 495 960 530 ἁμαρ-

207 534 273 564 τίας
279 532 460 564 βρυούσαις.

206 540 273 566 τιας
279 540 460 566 ppvovaatc.

207 590 246 616 A'.
258 589 350 616 Πᾶσαι
361 588 390 615 al
405 587 498 624 νοεραὶ
509 587 610 620 οὐσίαι,
629 588 701 623 λέγω
714 588 746 623 δὴ
763 588 898 623 ἀγγέλων,
912 587 960 614 καὶ

170 635 276 670 ψυχῶν,
291 635 340 662 καὶ
355 634 501 670 δαιμόνων,
515 634 640 670 ἀκέραιοι
652 634 699 662 καὶ
712 634 892 661 άπλούστατοι
906 632 959 659 ὑπὸ

171 682 219 709 τοῦ
237 680 410 718 Δημιουργοῦ
426 681 591 716 ἐκτίσθησαν
603 689 611 696 ·
626 680 656 707 τὸ
667 680 696 708 δέ
713 689 791 712 τινας
812 680 843 713 ἐξ
868 679 959 707 αὐτῶν

172 727 311 762 τραπῆναι
326 727 368 758 είς
381 726 412 753 τὸ
426 725 521 758 κακὸν,
537 726 570 753 ἐκ
583 725 631 752 τοῦ
642 725 817 759 αὐτεξουσίου
827 725 960 760 προσεγέ-

174 783 236 800 νετο
257 774 362 805 αὐτοῖς.
385 773 455 809 Ἰδίῳ
470 772 525 809 γὰρ
539 772 673 807 θελήματι
700 772 891 808 ἐξετράπησαν
911 771 959 798 τοῦ

175 821 360 857 προσήκοντος
373 819 516 855 λογισμοῦ.
529 819 561 846 El
576 819 604 846 δέ
620 827 710 854 φαμεν
732 818 818 850 οὕτως
838 816 891 844 ὑπὸ
911 816 959 844 τοῦ

175 865 347 901 Δημιουργοῦ
371 865 526 901 κτισθῆναι,
545 865 637 892 ἄδικον
664 864 761 900 κριτὴν
785 862 900 899 λέγομεν
913 863 960 890 τὸν

1010 266 1051 294 sic
1087 267 1219 302 incipiant
1241 266 1367 294 homines
1397 267 1582 300 sanctiﬁcari,
1611 267 1796 304 gloriﬁcantes

1010 312 1129 346 Patrem,
1147 317 1175 341 et
1192 313 1338 346 Filium,et
1351 313 1483 348 Spiritum
1499 319 1623 343 sanetum
1641 315 1670 343 in
1684 316 1796 344 saecula.

1010 357 1110 385 Amen.

1289 415 1432 444 llOlillLlA
1446 416 1516 444 XVI.

1009 458 1169 498 Spirituales
1184 461 1301 498 homines
1313 461 1437 498 obnoxios
1449 470 1504 489 esse
1520 462 1706 489 tentatiom'bus
1718 466 1797 498 atque

1061 496 1253 531 afflictionibus,
1269 505 1301 524 ea;
1319 497 1405 532 primo
1420 500 1525 532 peccato
1538 498 1748 525 scaturienlibus.

1046 587 1067 615 Ι.
1088 588 1189 616 Omnes
1212 587 1354 616 intellectu
1375 587 1496 624 praedita:
1512 587 1684 620 substantiae,
1711 594 1796 622 ange-

1009 634 1111 666 lorum,
1129 634 1252 670 inquam,
1276 635 1428 662 animarum
1449 642 1482 662 ac
1493 634 1660 666 daemonum,
1683 634 1797 661 sincera:

1010 687 1043 707 ac
1051 679 1101 707 sim
1105 679 1259 715 plicissimze
1269 689 1284 708 a
1296 680 1445 708 Conditore
1456 685 1555 708 creatae
1563 684 1636 707 sunt.
1645 679 1724 713 Quod
1732 686 1799 705 vero

1010 726 1148 754 nonnullae
1161 735 1194 754 cx
1211 727 1245 755 iis
1258 727 1293 755 ad
1310 727 1445 755 malitiam
1467 727 1580 762 dilapsa:
1600 730 1676 759 sunt,
1706 730 1799 754 ortum

1010 771 1093 799 estid
1109 779 1125 799 a
1147 772 1236 800 libero
1261 772 1387 800 arbitrio.
1414 772 1529 808 Propria
1553 772 1628 800 enim
1655 771 1798 799 voluntate

1010 817 1206 846 deﬂexerunta
1215 824 1291 846 recta
1304 819 1421 846 ratione.
1435 818 1465 846 Si
1477 826 1544 846 vero
1561 825 1717 846 asseramus
1730 817 1798 844 tales

1010 871 1027 891 a
1053 864 1110 892 Deo
1133 865 1277 892 conditore
1305 869 1410 893 creatas
1434 872 1506 897 esse,
1529 864 1661 900 iniustum
1675 863 1798 899 iudicem

175 911 254 944 Θεὸν,
270 911 414 946 πέμποντα
424 911 464 943 εἰς
479 910 535 946 πῦρ
547 911 592 938 τὸν
602 911 735 938 Σατανᾶν.
748 910 809 938 Εἰσὶ
823 910 877 945 γάρ
888 918 958 943 τινες

1009 918 1071 938 esse
1082 911 1168 938 Deum
1191 911 1348 944 statuimus,
1361 910 1409 946 qui
1431 911 1561 939 Satanam
1579 911 1608 938 in
1623 910 1713 946 ignem
1729 917 1798 937 con-

174 956 230 983 τῶν
245 957 410 992 αἱρετικῶν,
437 956 565 990 λέγοντες
587 956 653 991 ὓλην
679 956 807 992 ἄναρχον,
829 955 877 984 καὶ
893 955 960 991 ὕλην

174 1002 264 1038 ῥίζαν,
281 1003 327 1030 καὶ
350 1002 429 1038 ῥίζαν
455 1002 570 1038 δύναμιν
584 1022 593 1035 ,
617 1003 664 1030 καὶ
677 1002 862 1038 ἰσοδυναμίαν.
888 1002 961 1038 Πρὸς

173 1048 260 1085 τούτῳ
274 1046 321 1076 οὖν
335 1048 407 1083 ἐχεις
431 1047 550 1083 εὐλόγως
573 1048 733 1081 ἀντιθεῖναι,
750 1048 792 1075 ὃτι
813 1047 877 1075 ποία
901 1046 961 1074 ἐστὶ

172 1094 265 1121 λοιπὸν
278 1095 296 1130 ἡ
309 1094 413 1122 νικῶσα
425 1093 553 1130 δύναμις;
567 1094 674 1129 ἀνάγκη
690 1093 719 1121 δέ
733 1094 774 1121 ὅτι
789 1094 806 1129 ἠ
819 1093 868 1120 τοῦ
880 1092 958 1120 Θεοῦ.

171 1139 273 1167 Λοιπὸν
285 1140 380 1167 οὐκέτι
396 1139 470 1167 ἐστὶν
491 1139 639 1176 ἰσόχρονος,
668 1140 685 1176 ἢ
702 1139 862 1175 ίσοδύναμος
879 1139 894 1165 ὁ
909 1140 958 1175 ἡτ-

171 1186 303 1222 τώμενος.
321 1187 353 1214 Οἱ
378 1186 504 1221 λέγοντες
518 1186 700 1214 ἐνυπόστατον
715 1186 746 1213 τδ
762 1186 858 1220 κακδν,
884 1185 960 1213 οὐδὲν

173 1233 259 1260 ἴσασι.
275 1232 336 1268 Θεῷ
349 1233 404 1269 γάρ
418 1232 494 1260 οὐδέν
508 1233 567 1260 ἐστι
578 1232 662 1260 κακὸν
675 1233 867 1266 ἐνυπόστατον,
887 1231 960 1260 κατὰ

171 1278 204 1305 τὺ
217 1279 322 1311 ἀπαθὲς
337 1279 418 1306 αὑτοῦ
434 1279 482 1306 καὶ
493 1279 583 1306 θεῖκόν
595 1287 602 1294 ·
615 1279 681 1315 ἡμῖν
696 1278 725 1305 δέ
737 1279 811 1306 ἐστιν
829 1277 960 1313 ἐνεργοῦν

173 1326 204 1352 ἐν
223 1325 299 1362 πάσῃ
309 1325 422 1361 δυνάμει
432 1326 480 1353 καὶ
493 1325 629 1361 αἰσθήσει,
644 1326 735 1357 πάσας
748 1323 897 1361 ἐπιθυμίας
913 1325 960 1360 ῥυ-

174 1372 265 1408 παρὰς
277 1372 437 1406 ὑποὸάλλον,
454 1373 485 1400 οὖ
501 1372 655 1409 συνεκράθη
671 1372 700 1399 δὲ
713 1372 808 1404 οὕτως,
822 1371 852 1398 ὃν
859 1371 960 1407 τρόπον

173 1417 245 1450 τινὲς
263 1417 373 1453 λέγουσι
386 1418 436 1454 τὴν
455 1419 529 1454 μίξιν
544 1418 591 1446 τοῦ
619 1419 691 1446 οῐνου
707 1419 755 1445 καὶ
779 1418 826 1445 τοῦ
852 1418 958 1450 ὓδατος⁸

172 1463 230 1491 ἀλλ’
245 1464 284 1496 ὡς
299 1464 372 1492 ἐστιν
383 1465 411 1492 ἐν
425 1466 476 1500 μιᾷ
491 1465 571 1502 χώρᾳ
591 1465 606 1492 ὁ
622 1466 696 1497 σῖτος
710 1465 772 1492 καθ’
785 1464 898 1496 ἐαυτὸν,
912 1464 960 1491 καὶ

171 1510 207 1538 τὰ
222 1510 329 1543 ζιζάνια
343 1511 405 1538 καθ’
419 1512 524 1539 ἐαυτάο
539 1512 577 1544 ὡς
593 1511 668 1539 ἐστιν
693 1512 722 1539 ἐν
737 1512 804 1548 οἴκῳ
819 1511 834 1538 ό
857 1510 959 1547 λῃστὴς

173 1556 234 1584 κατ’
246 1556 324 1590 ἰδίαν,
335 1557 382 1584 καὶ
397 1558 412 1584 ὁ
424 1558 617 1594 οἰκοδεσπότης
629 1557 691 1585 κατ’
705 1557 785 1586 ὶδὶαν.

1007 956 1095 993 jiciat.
1109 956 1171 984 Non
1184 956 1286 985 desunt
1295 957 1369 984 enim
1380 956 1492 992 quidam
1503 956 1637 988 haeretici,
1646 955 1693 991 qui
1705 955 1800 983 dicant

1011 1001 1154 1029 materiam
1171 1000 1252 1029 initio
1263 1009 1369 1035 carere,
1386 1006 1415 1030 et
1427 1001 1571 1029 materiam
1591 1009 1653 1029 esse
1665 1000 1798 1031 radicem.

1009 1051 1038 1075 et
1051 1047 1171 1075 radicem
1188 1055 1251 1076 esse
1263 1048 1406 1080 virtutem,
1419 1052 1448 1076 et
1458 1048 1571 1083 quidem
1589 1051 1726 1083 potestate
1742 1047 1799 1074 Deo

1009 1101 1116 1130 parem.
1139 1093 1192 1122 Cui
1221 1094 1367 1122 commode
1396 1101 1428 1122 a'c
1452 1094 1521 1122 scite
1547 1093 1668 1130 obiicere
1696 1093 1799 1129 possis,

1010 1147 1135 1175 quaenam
1152 1147 1218 1176 ergo
1229 1140 1340 1168 demum
1354 1144 1397 1169 est
1410 1140 1499 1168 virtus
1506 1140 1625 1175 palmam
1635 1139 1800 1175 reportans!

1010 1183 1124 1219 Oportet
1144 1189 1237 1212 autem
1248 1184 1334 1212 dubio
1354 1185 1450 1220 procul
1464 1189 1628 1220 potestatem
1651 1184 1700 1212 Dei
1720 1191 1796 1218 esse;

1009 1234 1178 1266 quapropter
1191 1236 1315 1266 tempore
1324 1237 1372 1259 aut
1383 1235 1519 1266 potestate
1533 1239 1583 1266 par
1597 1238 1657 1259 esse
1675 1238 1732 1258 non
1746 1238 1798 1265 po—

1010 1281 1074 1310 test,
1101 1276 1150 1312 qui
1170 1277 1260 1305 victus
1277 1277 1442 1305 succumbit.
1470 1277 1522 1311 Qui
1550 1284 1616 1305 vero
1649 1276 1798 1310 aﬂirmant.

1009 1323 1111 1351 malum
1126 1323 1331 1352 subsistentiam
1358 1324 1387 1351 in
1412 1323 1505 1359 aliquo
1532 1322 1647 1356 habere,
1672 1322 1798 1351 omnium

1010 1377 1103 1398 rerum
1130 1370 1215 1398 rudes
1242 1375 1328 1398 sunt:
1357 1371 1386 1398 in
1410 1370 1467 1398 Deo
1481 1370 1556 1398 enim
1568 1371 1678 1398 nullum
1692 1369 1798 1397 malum

1008 1416 1146 1450 subsistit,
1162 1424 1226 1445 cum
1241 1417 1299 1453 ipse
1314 1417 1490 1453 passionibus
1512 1425 1569 1445 non
1599 1417 1636 1445 sit
1659 1416 1799 1444 obnoxius

1009 1466 1038 1490 et
1055 1462 1185 1490 deitatem
1206 1462 1365 1498 possideat:
1390 1463 1418 1491 in
1440 1463 1522 1491 nobis
1545 1467 1641 1491 autem
1665 1467 1798 1498 operatur

1009 1517 1072 1538 cum
1082 1509 1156 1537 omni
1175 1513 1314 1545 potestate
1333 1515 1362 1538 et
1380 1518 1474 1544 sensu,
1499 1510 1634 1538 obscenas
1647 1509 1740 1537 omnis
1752 1516 1800 1545 ge-

1009 1556 1084 1584 neris
1100 1556 1267 1592 cupiditates
1282 1563 1433 1592 suggerens
1445 1565 1452 1583 :
1464 1563 1520 1583 non
1542 1560 1634 1584 tamen
1648 1563 1683 1584 eo
1697 1555 1798 1589 modo,

172 1610 228 1638 quo
258 1603 354 1630 vinum
378 1611 449 1639 aqua
470 1603 539 1632 dilui
565 1603 688 1636 tradunt,
724 1603 887 1639 permistum
907 1606 969 1630 est:
989 1609 1087 1630 verum
1113 1601 1229 1637 perinde
1252 1609 1285 1629 ac
1310 1605 1352 1629 est
1371 1601 1399 1628 in
1423 1609 1479 1629 una
1501 1601 1653 1637 eademque
1685 1601 1799 1637 regione

171 1649 287 1677 secrsim
300 1649 384 1677 situm
394 1649 574 1683 frumentum,
587 1654 615 1678 et
625 1649 742 1678 seorsim
754 1649 819 1677 lolia
836 1657 843 1676 :
858 1647 975 1684 perinde
992 1655 1025 1676 ac
1039 1652 1082 1676 est
1096 1647 1125 1676 in
1148 1648 1230 1676 domo
1242 1647 1357 1676 seorsim
1377 1648 1459 1680 latro,
1481 1651 1510 1676 et
1540 1647 1654 1676 seorsim
1668 1646 1800 1675 dominus

173 1695 280 1724 domus.

208 1741 245 1770 B'.
259 1743 336 1770 Ἔστι
349 1743 426 1779 πηγὴ
445 1742 546 1778 ῥέουσα
563 1742 636 1778 ὕδωρ
645 1742 775 1777 καθαρὸν,
790 1742 838 1769 καὶ
850 1742 958 1769 ὑπόκει-
971 1742 996 1774 c

171 1796 218 1815 ται
233 1788 374 1825 βόρϐορος,
387 1790 451 1815 ὅταν
466 1788 571 1824 ταράξῃ
586 1796 628 1820 τις
643 1788 689 1815 τὸν
705 1787 847 1823 βόρϐορον,
869 1788 917 1823 ὅλη
939 1788 957 1822 ἡ

172 1835 247 1869 πηγὴ
261 1834 396 1862 θολοῦται.
410 1833 489 1861 Οὕτω
501 1834 549 1861 καὶ
569 1834 587 1869 ἡ
605 1833 679 1869 ψυχὴ
695 1833 759 1860 ὅταν
788 1833 959 1869 ταράσσηται

171 1879 221 1907 καὶ
236 1881 363 1915 κιρνᾶται
378 1881 412 1915 τῇ
428 1879 526 1915 κακίᾳ·
540 1879 589 1906 καὶ
601 1879 630 1906 ἐν
644 1888 670 1906 τι
682 1879 787 1914 γίνεται
808 1880 823 1906 ὁ
837 1879 958 1911 Σατανᾶς

173 1925 245 1961 μετὰ
261 1925 311 1961 τῆς
338 1925 439 1961 ψυχῆς,
469 1925 614 1961 πνεύματα
638 1925 792 1961 ἀμφότερα,
810 1925 882 1952 κατὰ
908 1925 959 1961 τὴν

173 1971 318 2006 πορνείαν,
334 1971 351 2006 ἢ
362 1971 408 1998 τὸν
422 1971 502 2005 φόνον
516 1978 525 1987 '
535 1971 579 1998 διὰ
594 1971 673 1998 τοῦτο
686 1972 703 1998 ό
717 1971 904 2006 κολλώμενος
920 1971 959 2006 τῇ

173 2017 269 2051 πόρνῃ
277 2016 312 2044 ἐν
324 2016 410 2052 σῶμά
421 2018 497 2046 ἐστι.
510 2017 584 2053 Πλὴν
593 2018 623 2045 ἐν
633 2017 701 2054 ἄλλῃ
710 2017 771 2054 ὥρᾳ
784 2017 845 2044 καθ’
855 2018 958 2053 ἑαυτήν

173 2063 248 2089 ἐστιν
261 2064 278 2099 ὴ
292 2062 366 2099 ψυχὴ
390 2064 582 2097 ἐνυπόστατος,
599 2064 823 2100 μεταμελουμένη
849 2063 891 2099 ἐφ’
917 2061 958 2096 οἷς

172 2109 284 2144 ἔπραξε,
309 2111 356 2137 καὶ
378 2110 475 2142 κλαίει,
502 2111 550 2138 κα)⁴
574 2110 692 2146 εὔχεται,
719 2111 766 2138 καὶ
793 2111 958 2147 μνημονεύει

172 2153 251 2181 Θεοῦ.
273 2155 304 2181 El
315 2156 370 2190 γὰρ
383 2156 499 2183 πάντοτε
511 2154 544 2192 ἦν
560 2157 577 2192 ἡ
592 2156 665 2192 ψυχὴ
680 2157 860 2193 βεῦυθισμένη
877 2159 916 2189 εἰς
927 2158 958 2184 τὸ

172 2200 267 2232 κακον,
280 2200 338 2232 πῶς
351 2201 464 2236 ἠδύνατο
475 2202 561 2229 ταῦτα
573 2203 713 2238 πράττειν,
724 2203 771 2230 τοῦ
784 2204 891 2231 Σατανᾶ
903 2212 958 2239 μη-

170 2245 266 2273 δέποτε
282 2247 404 2279 θέλοντος
419 2249 459 2279 είς
474 2248 619 2283 μετάνοιαν
633 2249 760 2285 ἔρχεσθαι
774 2250 836 2281 τοὺς
849 2251 956 2286 ἀνθρώ-

171 2300 248 2325 πους,
274 2293 447 2329 ἄσπλαγχνος
471 2294 524 2330 γὰρ
541 2295 670 2330 ὑπάρχει.
689 2296 745 2322 Καὶ
766 2296 783 2330 ὴ
803 2296 873 2331 γυνὴ
887 2297 957 2324 κατὰ

173 2338 344 2366 συντίθεσθαι
371 2339 410 2375 τῷ
435 2340 522 2374 ἀνδρὶ,
541 2339 570 2366 ἓν
587 2341 647 2375 μετ’
663 2340 757 2374 αὐτοῦ,
773 2341 841 2376 ἄλλῃ
854 2341 882 2367 δέ
896 2341 957 2377 ὥρα

172 2384 368 2419 κεχωρισμένοι
380 2384 449 2411 εἰσίν
460 2393 467 2400 ·
480 2386 522 2412 ὃτι
539 2385 669 2417 πολλάκις
687 2386 701 2412 ὁ
715 2383 756 2417 εἷς
775 2386 866 2413 αὐτῶν
888 2387 956 2414 ἀπο-

171 2428 293 2464 θνήσκει,
311 2430 358 2457 καὶ
372 2431 386 2457 ό
402 2431 496 2467 ἔτερος
509 2431 553 2467 ζῇ.
568 2431 695 2458 Τοιοῦτόν
722 2432 749 2458 τί
773 2433 831 2459 ἐστι
846 2433 893 2459 καὶ
908 2434 955 2460 ἐπὶ

170 2475 203 2509 τῇ
219 2475 346 2510 κοινωνίᾳ
359 2475 405 2502 τοῦ
421 2476 499 2510 άγίου
514 2476 680 2512 Πνεύματος,
707 2477 736 2503 ἓν
749 2477 857 2512 πνεῦμα
872 2477 957 2512 γίνον-

168 2529 224 2548 ται.
254 2521 285 2547 ‘0
307 2521 497 2556 κολλώμενος
523 2522 578 2557 γὰρ
599 2522 639 2556 τῷ
661 2523 757 2557 Κυρίῳ
778 2523 813 2550 ἓν
838 2523 956 2558 πνεῦμὰ

168 2566 243 2594 ἐστι.
257 2567 342 2594 Τοῦτο
357 2567 384 2594 δέ
405 2567 518 2601 γίνεται,
543 2569 607 2595 ὅταν
626 2569 766 2604 καταποθῇ
783 2571 797 2595 ό
813 2569 955 2604 ἄνθρωπος

169 2612 197 2637 ἐν
210 2613 278 2648 αὐτῇ
295 2615 328 2649 τῇ
346 2614 447 2648 χάριτι.

204 2702 240 2729 Γ’.
257 2703 317 2729 Elui.
330 2704 358 2730 δέ
369 2714 440 2737 τινες
455 2705 562 2741 ἔχοντες
571 2707 664 2740 γεῦσιν
679 2707 757 2741 Θεοῦ,
772 2708 812 2734 ἔτι
827 2709 954 2744 ἐνεργού-

170 2756 245 2783 μενοι
260 2749 312 2776 ὑπὸ
325 2752 371 2778 τοῦ
390 2753 591 2788 ἀντικειμένου.
603 2755 648 2781 καὶ
661 2754 826 2789 ξενίζονται,
841 2755 951 2792 ἄπειροι

167 2794 254 2828 ὅντες,
269 2796 310 2822 ὅτι
323 2798 391 2832 μετὰ
407 2799 456 2834 τὴν
481 2800 626 2836 ἐπίσκεψιν
649 2801 697 2829 τοῦ
719 2802 788 2830 Θεοῦ
809 2803 951 2838 ἐνεργοῦσι

207 2882 229 2900 "’
244 2883 331 2912 lCor.
345 2893 382 2918 vi,
399 2886 442 2914 17.
480 2887 502 2905 ⁷⁸
515 2888 583 2917 ibid.

1045 1741 1079 1768 ll.
1093 1740 1135 1768 Sit
1149 1740 1223 1773 fons,
1235 1739 1283 1776 qui
1296 1747 1396 1775 puram
1411 1747 1511 1775 aquam
1535 1740 1654 1774 emittat,
1678 1748 1712 1768 ac
1733 1740 1799 1769 sub-

1006 1787 1111 1823 jectum
1126 1786 1227 1814 habeat
1249 1793 1454 1814 omnumzcum
1475 1793 1541 1822 ergo
1559 1785 1662 1822 aliquis
1687 1794 1798 1816 omnum

1009 1832 1172 1866 turbaverit,
1184 1837 1258 1860 totus
1267 1832 1329 1861 fons
1348 1832 1509 1868 inquinatur
1525 1840 1532 1860 :
1548 1832 1589 1861 sic
1607 1840 1717 1868 quoque
1736 1833 1799 1861 ani-

1009 1889 1064 1913 ma,
1080 1880 1104 1908 si
1119 1880 1203 1908 fuerit
1217 1880 1388 1916 perturbata,
1400 1880 1598 1916 inquinaturet
1613 1880 1797 1916 permiscetur

1009 1926 1138 1954 malitize:
1153 1926 1239 1961 ﬁtque
1252 1925 1368 1954 Satanas
1376 1933 1512 1954 consensu
1521 1933 1607 1954 unum
1619 1933 1682 1954 cum
1693 1926 1796 1960 anima,

1009 1977 1158 2008 utrumque
1172 1972 1286 2007 quidem
1300 1972 1424 2008 spiritus,
1435 1972 1470 2000 ad
1483 1976 1622 2008 stuprum,
1633 1976 1681 2000 aut
1692 1972 1797 2001 caedem

1008 2018 1248 2046 committendum.
1262 2018 1429 2052 Quorcirca:
1450 2018 1502 2051 Qui
1516 2018 1633 2046 adlueret
1653 2020 1796 2053 meretrici,

1010 2074 1093 2093 unum
1105 2073 1198 2101 corpus
1212 2069 1250 2092 est
1264 2065 1298 2092 ".
1313 2065 1415 2093 Verum
1431 2065 1486 2092 alia
1498 2065 1565 2092 hora
1577 2065 1692 2093 seorsim
1704 2066 1796 2094 anima

1008 2112 1144 2145 subsistit,
1172 2108 1256 2147 atque
1271 2111 1434 2146 poenitentia
1456 2118 1553 2139 eorum
1569 2119 1632 2146 qua
1659 2112 1798 2140 commisit

1009 2158 1103 2190 ducta,
1121 2158 1238 2194 lugetet
1249 2163 1387 2193 precatur,
1408 2162 1492 2193 atque
1505 2158 1555 2186 Dei
1568 2158 1742 2186 recordatur.
1766 2158 1797 2186 Si

1007 2206 1081 2234 enim
1095 2205 1185 2232 anima
1200 2212 1309 2240 semper
1321 2205 1446 2233 demersa
1454 2209 1528 2232 esset
1544 2205 1573 2232 in
1586 2205 1730 2238 malitiam,
1741 2213 1798 2240 quo

1007 2256 1088 2288 pacto
1099 2255 1193 2287 posset
1203 2251 1262 2279 haec
1276 2250 1384 2279 facere?
1395 2257 1458 2278 cum
1472 2251 1587 2279 Satanas
1596 2259 1737 2287 nunquam
1749 2259 1798 2278 ve—

1007 2297 1049 2330 lit,
1063 2301 1094 2324 ut
1104 2297 1138 2324 ad
1156 2296 1345 2332 paenitentiam
1357 2300 1533 2324 revertantur
1543 2296 1690 2329 homines;
1706 2296 1795 2323 immi-

1007 2344 1125 2372 sericors
1141 2342 1276 2378 siquidem
1289 2347 1341 2370 est.
1359 2342 1457 2370 itidem
1478 2343 1590 2375 mulier,
1605 2342 1716 2377 quando
1730 2349 1793 2369 cum

1007 2390 1067 2418 viro
1077 2389 1167 2418 fwdus
1181 2388 1312 2416 connubii
1330 2389 1390 2420 init,
1409 2393 1452 2416 est
1465 2397 1551 2416 unum
1573 2396 1637 2416 cum
1658 2388 1716 2420 illo,
1740 2387 1794 2415 alia

1009 2445 1076 2466 vero
1090 2437 1160 2465 hora
1173 2435 1303 2472 disiuncti
1327 2441 1403 2468 sunt,
1424 2444 1487 2464 cum
1507 2435 1607 2471 saepius
1621 2442 1695 2463 unus
1711 2442 1745 2462 ex
1759 2434 1794 2462 iis

1006 2484 1062 2512 vita
1075 2483 1251 2518 defungatur,
1259 2482 1330 2510 alter
1352 2490 1419 2509 vero
1440 2487 1578 2517 superstes
1599 2485 1717 2508 maneat.
1733 2480 1794 2508 Non

1006 2530 1086 2557 aliter
1103 2537 1132 2557 se
1147 2537 1193 2557 res
1208 2528 1291 2556 habet
1305 2528 1332 2556 in
1355 2528 1486 2556 societate
1506 2527 1625 2563 Spiritus
1642 2526 1740 2559 sancti,
1764 2526 1793 2554 in

1007 2582 1092 2602 unum
1110 2573 1237 2609 spiritum
1248 2573 1380 2602 evadunt.
1395 2573 1446 2606 Qui
1457 2575 1527 2601 enim
1538 2573 1651 2600 Domino
1663 2573 1792 2604 adherel,

1005 2628 1072 2647 unus
1082 2620 1190 2655 spiritus
1205 2624 1242 2647 est
1252 2618 1285 2646 ⁷⁸.
1302 2619 1380 2652 Quod
1397 2619 1436 2646 ﬁt.
1453 2626 1516 2646 cum
1532 2619 1615 2646 homo
1628 2617 1793 2645 absorbetur

1005 2674 1019 2692 a
1036 2666 1134 2700 gratia.

1039 2711 1095 2747 69
1107 2712 1150 2739 Ill.
1161 2712 1231 2740 Sunt
1240 2712 1375 2744 nonnulli,
1384 2712 1431 2747 qui
1444 2711 1509 2739 licet
1521 2716 1630 2746 gustum
1640 2710 1793 2738 divinitatis

1004 2759 1189 2793 perceperint,
1201 2759 1292 2787 adhuc
1300 2763 1392 2787 tamen
1403 2759 1437 2787 ab
1447 2757 1605 2786 adversario
1616 2758 1753 2793 agitantur
1763 2761 1793 2784 et

1004 2808 1148 2838 vexantur,
1159 2805 1228 2833 adeo
1242 2810 1272 2834 ut
1285 2805 1490 2840 obstupescant,
1499 2804 1576 2832 velut
1587 2804 1679 2832 adhuc
1692 2803 1791 2839 ignari,
