2078 3151
253 173 307 206 615

873 170 904 199 S.
925 169 1085 200 MACABII
1104 169 1266 201 JEGYPTII

1825 170 1879 203 616

252 227 326 265 quod
344 231 406 262 post
430 226 616 254 visitationem
641 224 761 253 divinam
787 224 966 260 cogitationes
984 224 1039 251 vim

1100 226 1215 260 ιογισμοὶ
1232 227 1271 257 είς
1282 225 1317 252 τὰ
1334 227 1472 262 μυστήρια
1497 226 1545 253 τοῦ
1563 225 1796 262 Χριστιανισμοῦ”
1810 226 1836 252 οἱ
1851 228 1880 254 ὲν

252 281 330 303 suam
340 277 469 301 exserant
478 272 512 300 ad
522 273 649 308 mysteria
657 272 819 300 Christianae
830 271 980 306 religionis.
989 270 1040 303 Qui

252 329 318 350 vero
332 321 361 348 in
373 321 406 348 iis
421 319 685 352 consenuere,nulla
693 318 879 347 admiratione
890 317 1041 345 ducuntur.

252 369 292 395 Ae
301 366 417 402 perinde
432 369 464 393 ut
479 366 606 401 agricolae
623 365 717 401 periti,
739 373 775 393 ex
790 365 871 400 longa
890 367 1042 392 consuetu-

252 414 328 447 dine,
351 413 374 440 si
397 413 515 440 feracior
526 420 558 440 ac
575 412 689 440 uberior
703 412 786 440 luerit
801 412 866 440 anni
880 415 1040 447 tempestas,

251 468 307 488 non
321 460 402 495 plane
419 459 525 494 absque
551 467 618 487 cura
638 459 746 490 vivunt,
761 458 810 486 sed
823 461 987 493 exspectant
1001 456 1043 484 fa-

252 513 325 534 mem
337 510 364 533 et
380 505 551 540 angustiam:
563 513 615 532 nee
625 512 640 532 e
657 504 778 537 diverso,
791 504 814 532 si
829 503 915 531 fames
931 507 978 530 aut
991 511 1042 531 an-

253 551 345 587 gustia
359 559 407 579 eos
419 551 567 586 opprimat,
587 558 664 586 spem
677 558 788 578 omnem
800 549 953 585 deponunt,
979 555 1042 576 cum

251 595 472 624 vicissitudinem
495 595 599 630 optime
629 595 766 630 cognitam
790 594 928 622 habeant:
945 593 1042 621 eodem

253 644 335 671 modo
350 651 379 671 se
394 650 438 670 res
451 642 535 669 habet
551 642 578 668 in
594 641 802 676 spiritualibus;
815 641 863 668 ubi
876 640 950 668 enim
960 639 1044 667 variis

258 688 456 717 tentationibus
471 695 601 722 oppressa
617 687 699 714 fuerit
714 687 815 720 anima,
844 694 898 713 non
912 686 1044 721 obstupe-

256 736 320 767 scit.
335 742 426 770 neque
440 741 517 769 spem
532 733 626 767 abjicit
639 741 646 766 ;
665 733 729 767 quia
746 733 824 760 novit
840 740 868 760 se
883 740 916 759 ex
930 732 1045 767 permis-

254 781 331 809 sione
346 779 498 815 expasitam
511 786 572 806 esse
590 778 810 814 probationibus,
834 786 866 806 ac
885 778 1013 813 castigari
1029 785 1044 804 a

254 825 371 854 malitia:
386 833 439 853 nec
449 825 572 852 vicissim
587 824 698 859 quando
713 832 806 851 rerum
829 824 952 851 omnium
965 823 1045 859 copia

253 874 283 899 et
297 870 393 906 requie
410 870 508 901 allluit,
520 878 588 897 cura
607 874 697 902 vacat,
709 869 757 897 sed
776 874 917 904 exspectat
936 869 1045 896 vicissi—

255 917 392 944 tudinem.
417 917 507 951 Atque
521 917 560 944 sol
591 924 653 944 cum
670 916 708 943 sit
727 923 827 950 corpus
847 920 875 943 et
893 915 1044 950 opiﬁcium,

255 964 415 991 illuminans
427 971 538 998 quoque
556 963 617 990 loca
636 962 738 995 l‘ctida,
763 969 842 989 coeno
865 969 897 989 ac
916 961 1046 989 sordibus

258 1010 351 1047 plena,
365 1009 435 1036 nihil
447 1009 557 1037 lzeditur
573 1013 621 1036 aut
637 1009 807 1036 infuscatur:
832 1013 936 1043 quanto
961 1008 1047 1043 magis

259 1064 347 1093 purus
358 1060 388 1084 et
407 1060 519 1084 sanctus
534 1055 666 1090 Spiritus,
680 1055 843 1090 coniunctus
856 1055 965 1085 animae,
986 1062 1048 1089 qua:

262 1101 353 1129 adhuc
393 1109 409 1128 a
434 1101 506 1128 malo
528 1100 667 1136 afﬂigitur,
704 1100 773 1127 nihil
808 1100 872 1127 inde
910 1099 1048 1127 contrahit

255 1146 333 1174 vitii?
344 1146 470 1174 Etenim:
486 1146 544 1173 Lux
553 1147 581 1172 in
596 1146 708 1173 tenebris
725 1146 803 1177 lucet,
822 1151 846 1172 et
861 1147 972 1173 Μηρὸν-αι
989 1153 1048 1172 eam

256 1202 309 1221 non
324 1193 580 1228 comprehenderunt
597 1194 631 1221 τέ’.

291 1240 336 1267 ιν.
354 1238 486 1273 Quamvis
504 1238 588 1274 igitur
607 1239 691 1266 homo
706 1239 734 1265 in
746 1238 934 1273 profunditate
952 1239 998 1269 sit,
1017 1246 1049 1265 ac

257 1286 375 1313 ditescat
386 1285 484 1320 gratia,
498 1285 682 1312 nihilominus
699 1285 778 1312 adest
794 1285 820 1312 ei
832 1285 894 1312 olus
905 1285 939 1312 ad
954 1284 1049 1312 foven-

257 1330 322 1358 dam
340 1330 485 1357 malitiam.
501 1329 590 1357 Habet
609 1338 675 1357 vero
686 1335 871 1364 protectorem
893 1329 944 1357 sibi
961 1329 1051 1364 opitu-

256 1376 371 1404 lantem.
385 1375 475 1408 Quare
492 1375 515 1402 si
526 1375 588 1410 quis
602 1375 796 1403 aﬂlictionibus
815 1379 864 1403 aut
874 1375 1050 1402 aﬂ‘eetionum

255 1421 390 1449 ﬂuctibus
401 1421 520 1449 obrutus
535 1421 629 1455 fuerit,
646 1429 724 1457 spem
742 1430 798 1449 non
820 1422 942 1457 abjicere
956 1421 1049 1449 debet.

258 1468 344 1504 Magis
360 1468 436 1496 enim
460 1468 514 1495 hoc
536 1468 618 1494 modo
643 1473 786 1503 peccatum
813 1468 1003 1495 accumulatur
1023 1472 1052 1495 et

259 1514 408 1542 subiutrat.
423 1513 452 1541 Si
464 1513 527 1548 quis
544 1521 611 1541 vero
623 1519 758 1548 perpetuo
769 1522 845 1549 spem
861 1522 939 1541 suam
957 1513 984 1542 in
996 1514 1052 1541 Deo

259 1559 412 1592 collocarit,
430 1563 589 1586 attenuatur
612 1560 826 1594 quodammodo,
842 1565 870 1588 et
897 1561 1052 1588 exsiccatur

259 1605 373 1633 malum.
387 1605 466 1638 Quod
479 1605 564 1640 igitur
575 1605 686 1639 quidam
700 1613 733 1633 ex
745 1606 872 1641 paralysi,
882 1614 915 1633 ex
931 1606 1050 1641 partium

260 1651 445 1686 quarumdam
475 1650 660 1682 mutilatione,
691 1660 723 1678 ex
750 1651 830 1684 febri,
855 1656 883 1679 et
900 1660 933 1679 ex
948 1652 1051 1680 morbis

260 1697 397 1730 laborent,
418 1697 471 1724 hoc
489 1701 578 1724 totum
602 1705 619 1724 a
639 1702 750 1733 peccato
773 1698 968 1733 proﬁciscitur.
993 1698 1051 1726 Hoc

261 1743 398 1779 siquidem
412 1743 491 1771 radix
500 1749 543 1771 est
552 1744 676 1771 omnium
685 1744 819 1772 malorum
830 1752 837 1770 :
853 1749 881 1772 et
891 1744 1051 1773 affectiones

263 1790 552 1825 coneupiscentiarum
568 1791 677 1823 animae,
697 1795 725 1818 et
739 1799 887 1826 pravarum
908 1791 1052 1827 cogitatio—

261 1843 340 1868 num,
351 1843 385 1864 ex
397 1843 431 1864 eo
446 1836 613 1864 scaturiuut.
625 1837 742 1865 Perinde
752 1845 783 1865 ac
799 1838 821 1865 si
836 1838 897 1866 fons
911 1838 1050 1872 decurrat,

262 1881 308 1909 cui
322 1881 382 1909 loca
392 1881 517 1917 proxime
532 1882 657 1918 subjecta
667 1883 723 1909 sint
734 1882 869 1918 uliginosa
882 1889 909 1910 et
920 1883 1050 1911 humida:

262 1927 354 1954 calore
365 1934 431 1954 vero
443 1927 599 1963 ingruente,
611 1931 667 1954 tam
679 1927 750 1960 fons,
763 1935 844 1962 quam
854 1928 912 1955 loca
928 1928 1053 1962 proxima

262 1973 451 2005 exsiccantur;
479 1974 520 2002 sic
543 1982 654 2009 quoque
684 1974 773 2002 servis
805 1974 853 2001 Dei
883 1975 996 2005 accidit,
1024 1975 1052 2002 in

262 2020 364 2054 quibus
378 2019 502 2047 abundat
516 2020 622 2055 gratia;
648 2021 769 2048 exsiccat
787 2021 861 2047 enim
887 2029 942 2048 non
963 2022 1052 2048 solum

263 2065 502 2100 concupiscentias
524 2073 539 2092 a
558 2064 670 2097 Satana,
693 2073 790 2093 verum
813 2066 896 2093 etiam
917 2074 934 2093 a
954 2070 1053 2094 natura

263 2114 419 2145 suggestas:
432 2117 466 2137 eo
480 2110 553 2144 quod
568 2118 642 2137 nunc
654 2110 706 2137 viri
721 2110 768 2138 Dei
782 2110 989 2145 praestantiores
998 2111 1052 2138 sint

263 2155 354 2188 primo
371 2154 440 2182 Ada.

301 2201 334 2228 V.
347 2196 421 2228 Deus
434 2200 690 2236 incircumscriptus
703 2204 746 2227 est
757 2204 785 2227 et
796 2199 1051 2235 incomprehensus,

265 2246 369 2281 ubique
380 2253 524 2281 apparens,
541 2251 569 2274 et
588 2246 617 2273 in
638 2245 790 2277 montibus,
816 2249 845 2272 et
867 2245 895 2272 in
917 2245 997 2277 mari,
1025 2250 1054 2273 ct

265 2294 361 2322 subter
370 2293 499 2329 abyssum
511 2301 519 2326 ;
531 2297 559 2320 et
567 2293 594 2320 id
604 2292 716 2328 quidem
726 2299 783 2319 non
792 2291 900 2318 ratione
909 2291 1054 2325 transitus,

265 2340 337 2368 sicut
352 2340 442 2376 angeli
451 2339 622 2368 descendunt
637 2347 653 2367 e
667 2339 737 2367 cmlo
749 2339 778 2366 in
795 2342 907 2366 terram.
923 2337 972 2366 Est
981 2338 1056 2365 enim

266 2385 297 2413 in
310 2386 392 2419 caelo,
406 2389 449 2413 est
464 2393 575 2420 quoque
590 2385 646 2412 hic.
662 2383 765 2412 Verum
779 2383 894 2420 objicies
902 2383 982 2416 mihi,
1000 2391 1056 2419 quo

266 2437 348 2469 pacto
361 2436 454 2468 potest
467 2432 541 2460 Deus
555 2439 615 2460 esse
630 2432 658 2459 in
672 2431 808 2467 gehenna,
831 2435 880 2458 aut
893 2438 949 2466 quo
975 2434 1056 2466 pacto

266 2482 357 2514 potest
365 2479 394 2506 in
405 2478 529 2506 tenebris
542 2487 613 2511 esse,
630 2483 678 2505 aut
693 2478 722 2505 in
745 2477 856 2510 Sataua,
875 2482 923 2505 aut
943 2477 970 2504 in
987 2477 1057 2505 locis

266 2525 452 2560 graveolentia
481 2525 590 2552 fetidis?
614 2523 777 2559 Respondeo
807 2523 867 2555 tibi.
893 2524 950 2559 pati
965 2524 1055 2558 ipsum

266 2577 323 2597 non
330 2577 422 2605 posse,
430 2575 513 2606 atque
526 2570 618 2599 omnia
630 2569 774 2598 continere
784 2578 791 2596 :
801 2569 1056 2605 incircumscriptus

266 2615 341 2642 enim
355 2620 416 2649 est;
434 2616 552 2644 Satanas
565 2624 642 2649 vero,
655 2616 702 2651 qui
721 2620 764 2644 est
785 2616 844 2651 ejus
866 2619 1005 2648 creatura,
1024 2614 1058 2642 li-

268 2666 359 2697 gatur.
376 2662 483 2689 Bonum
498 2667 590 2690 autem
604 2662 694 2698 ipsum
709 2670 760 2690 nec
778 2662 907 2691 sordibus
929 2661 1058 2697 inquina-

268 2712 324 2741 tur,
340 2715 393 2735 nec
420 2707 545 2736 tenebris
559 2707 723 2736 oﬂ’unditur.
747 2707 826 2741 Quod
851 2708 875 2736 si
891 2715 975 2744 neges
994 2715 1058 2735 eum

268 2754 360 2781 omnia
371 2754 524 2787 continere,
540 2759 568 2781 et
582 2755 746 2790 gehennam,
756 2758 785 2781 et
805 2753 945 2786 Satanam,
966 2753 1058 2788 ipsum

268 2798 335 2828 facis
355 2800 605 2836 circumscriptum,
628 2800 719 2837 quoad
741 2807 805 2828 eum
835 2800 927 2828 locum
951 2799 981 2827 in
1002 2806 1058 2834 quo

302 2893 325 2910 ‘"
341 2893 421 2924 Joan.
435 2893 511 2927 1,15.

1092 272 1184 303 αὐτοῖς
1205 272 1235 299 δὲ
1251 273 1422 308 γηράσαντες
1444 273 1475 299 οὐ
1493 273 1651 307 ξενίζονται.
1670 273 1727 300 Καὶ
1741 272 1837 308 ὥσπερ
1853 274 1878 300 ol.

1093 317 1219 354 ἔμπειροι
1242 321 1361 354 γεωργοὶ
1393 321 1423 346 ὲκ
1438 320 1488 355 τῆς
1507 320 1608 355 πολλῆς
1632 319 1789 355 συνηθείας,
1814 320 1880 347 ὅταν

1092 364 1208 400 γένηται
1222 365 1346 402 εὐφορία,
1366 366 1398 394 οὗ
1427 366 1539 399 τελείως
1553 367 1702 403 άμέριμνοί
1715 367 1794 401 εἰσιν,
1823 367 1880 394 ἀλλ’

1093 411 1251 447 ἐκδέχονται
1261 412 1308 438 καὶ
1318 412 1397 447 λιμὸν
1409 413 1457 440 καὶ
1470 413 1651 448 στενοχωρίαν
1662 422 1668 428 ·
1678 412 1740 440 οὔτε
1748 413 1775 440 δὲ
1788 413 1880 446 πάλιν.

1092 458 1157 485 ὅταν
1171 457 1313 493 καταλάϐῃ
1324 458 1423 490 αὐτοὺς
1437 459 1526 494 λιμὸς,
1542 459 1559 494 ἢ
1571 459 1748 495 στενοχωρία,
1764 459 1882 486 ἐπιπολὺ

1093 503 1290 536 άπελπίζουσι,
1317 504 1499 540 γνωρίζοντες
1531 505 1581 540 τὴν
1610 505 1777 540 μεταϐολήν·
1797 505 1884 536 οὕτως

1093 552 1141 579 καὶ
1158 553 1197 584 εἰς
1214 551 1244 578 τδ
1258 551 1455 589 πνευματικὸν.
1470 552 1536 580 ὅταν
1562 553 1726 587 πειρασμοῖς
1751 551 1884 583 ποικίλοις

1094 600 1233 636 περιπέσῃ
1262 601 1279 636 ὴ
1295 599 1380 636 ψυχὴ,
1404 599 1436 626 οὐ
1467 597 1612 631 ξενίζεται,
1632 597 1695 624 οὕτε
1727 597 1882 630 ἀπελπίζει,

1094 646 1190 682 ἐπειδὴ
1211 645 1291 679 οἶδεν,
1307 647 1348 674 ὅτι
1364 646 1434 674 κατὰ
1449 645 1621 681 συγχώρησιν
1636 644 1747 680 ἀφίεται
1767 645 1882 679 δοκιμα-

1095 692 1204 728 σθῆναι,
1224 693 1272 719 xu).
1294 692 1473 727 παιδευθῆναι
1489 691 1541 718 ὑπὸ
1565 691 1617 726 τῆς
1643 690 1753 722 κακίας.
1770 689 1839 716 Οὔτε
1855 689 1885 715 δὲ

1095 741 1188 773 πάλιν,
1219 740 1263 766 ὅτε
1286 740 1316 766 ἐν
1343 739 1452 774 πλούτῳ
1471 737 1562 773 πολλῷ
1580 738 1639 764 ἐστι
1658 738 1706 764 καὶ
1731 735 1884 763 ἀναπαύσει

1095 787 1255 822 ἀμεριμνεῖ,
1276 785 1333 812 ἀλλ’
1348 785 1491 820 ἐκδέχεται
1520 784 1570 820 τὴν
1604 783 1767 820 μεταϐολήν.
1791 783 1847 809 Καὶ
1871 783 1885 808 ό

1095 833 1171 868 ἥλιος
1191 833 1270 869 σῶμα
1292 833 1339 860 καὶ
1357 831 1555 868 δημιούργημα
1579 831 1628 863 ὣν,
1645 830 1833 864 καταλάμπων
1856 829 1886 856 δὲ

1098 880 1138 911 εἰς
1150 879 1250 911 τόπους
1261 878 1400 910 δυσώδεις,
1413 878 1477 906 ἔνθα
1490 878 1548 904 ἐστὶ
1561 877 1690 913 βόρϐορος
1701 876 1750 903 καὶ
1763 875 1886 911 ἀκαθαρ-

1099 926 1166 958 σίαι,
1183 925 1258 952 οὐδὲν
1269 925 1418 961 βλάπτεται
1431 925 1448 960 ἢ
1465 924 1625 959 μολύνεται·
1647 923 1723 958 πόσῳ
1739 921 1839 958 μᾶλλον
1855 922 1886 948 τὺ

1097 972 1218 1008 καθαρὸν
1234 972 1282 998 καὶ
1299 971 1376 1006 ἆγιον
1390 971 1504 1006 Πνεῦμα
1520 970 1598 997 συνὸν
1610 971 1643 1006 τῇ
1658 969 1732 1004 ψυχῇ
1751 968 1791 994 ἔτι
1807 968 1887 1003 ὲνερκ

1097 1019 1218 1054 γουμένη
1236 1018 1290 1045 ὑπὸ
1316 1017 1364 1044 τοῦ
1386 1017 1517 1053 πονηροῦ,
1539 1016 1614 1043 οὐδὲν
1627 1013 1886 1050 συμπεριλαμϐάνει

1098 1063 1146 1090 ἀπ’
1161 1063 1250 1090 αὐτῶν
1262 1072 1269 1096 ;
1280 1064 1327 1090 καὶ
1339 1063 1394 1098 γὰρ
1409 1062 1448 1090 Τὸ
1463 1061 1527 1097 φῶς
1550 1062 1586 1089 ἐν
1598 1061 1637 1096 τῇ
1653 1062 1761 1095 σκοτίᾳ
1774 1061 1885 1095 φαίνει,

1101 1111 1149 1136 καὶ
1162 1110 1181 1144 ἠ
1195 1111 1301 1137 σκοτία
1315 1109 1387 1137 αὐτὸ
1408 1110 1444 1136 οὺ
1468 1108 1622 1136 κατέλαϐε.

1135 1241 1172 1267 Δ’.
1189 1241 1244 1267 Καὶ⁸
1259 1240 1304 1266 ὅτε
1316 1238 1363 1266 οὖν
1378 1241 1407 1266 ἐν
1419 1238 1496 1274 βάθει
1507 1239 1577 1270 ἐστὶ,
1594 1239 1642 1265 καὶ
1657 1239 1769 1265 πλουτεί
1789 1237 1823 1273 τῇ
1839 1238 1889 1272 χά-

1102 1296 1156 1322 ριτι
1172 1287 1185 1313 ὁ
1206 1286 1359 1321 ἄνθρωπος,
1379 1285 1439 1312 ἐστι
1460 1285 1576 1320 λάχανον
1591 1284 1631 1311 ἔτι
1655 1285 1721 1320 παρ’
1741 1283 1816 1319 αὖτῷ
1839 1284 1890 1316 τῆς

1101 1331 1222 1363 κακίαςο
1250 1331 1306 1366 ἔχει
1334 1331 1381 1357 τὸν
1408 1330 1594 1366 ἀντιλήπτορα
1622 1329 1772 1365 βοηθοῦντα
1803 1328 1888 1363 αὐτῷ.

1102 1378 1187 1404 Ὅταν
1201 1375 1248 1404 οὖν
1262 1386 1305 1408 τις
1322 1377 1351 1403 ὲν
1364 1376 1486 1412 Θλίψεσιν
1536 1376 1585 1403 καὶ
1605 1375 1700 1403 παθῶν
1719 1375 1889 1410 τρικυμίαις,

1100 1422 1152 1448 οὐκ
1168 1422 1272 1456 ὀφείλει
1284 1421 1435 1448 ἁπελπίσαι
1448 1429 1456 1436 ”
1471 1421 1518 1448 ὲπὶ
1533 1422 1625 1448 πλεῖον
1637 1421 1693 1456 γὰρ
1707 1420 1779 1447 οὕτω
1801 1419 1891 1455 παχύ-

1101 1476 1176 1495 νεται
1186 1468 1203 1503 ἡ
1215 1467 1338 1503 ἁμαρτία
1351 1467 1399 1494 καὶ
1412 1467 1614 1502 ἐπεισέρχεται.
1629 1467 1714 1494 Ὅταν
1739 1466 1767 1492 δὲ
1783 1466 1833 1502 ἔχῃ
1849 1474 1892 1497 τις

1103 1513 1218 1540 πάντοτε
1231 1512 1280 1548 τὴν
1295 1513 1392 1540 ἐλπίδα
1406 1512 1453 1539 τοῦ
1466 1513 1544 1546 Θεοῦ,
1561 1513 1656 1548 ὥσπερ
1671 1512 1832 1539 λεπτύνεται
1844 1512 1892 1538 καὶ

1065 1579 1088 1609 c
1103 1559 1279 1596 ὲξυδαροῦται
1291 1559 1321 1585 τὺ
1334 1559 1429 1586 κακόν.
1448 1559 1485 1586 Τὸ
1503 1557 1549 1586 οὖν
1564 1556 1634 1585 εἶναί
1649 1567 1726 1590 τινας
1736 1558 1892 1594 παραλελυ-

1106 1607 1212 1642 μένους,
1237 1605 1254 1641 ἢ
1282 1604 1498 1639 λελωϐημένους,
1527 1605 1717 1639 πυρέσσοντας
1736 1604 1783 1631 καὶ
1808 1604 1892 1630 ἀσθε-

1104 1652 1225 1684 νοῦντας,
1239 1651 1319 1678 τοῦτο
1337 1652 1370 1677 ὲκ
1385 1652 1434 1684 τῆς
1451 1650 1588 1686 ἁμαρτίας
1610 1651 1802 1686 προσεγένετο.
1815 1649 1892 1684 Αὕτη

1104 1698 1158 1733 γὰρ
1173 1697 1236 1733 ῥίζα
1255 1696 1314 1723 ἐστὶ
1332 1696 1440 1723 πάντων
1456 1696 1512 1723 τῶν
1532 1696 1636 1728 κακῶν,
1662 1697 1709 1723 καὶ
1725 1697 1759 1723 τὰ
1774 1696 1847 1731 πάθη
1863 1695 1892 1723 δὲ

1104 1743 1158 1770 τῶν
1175 1742 1327 1777 ἐπιθυμιῶν
1342 1742 1392 1777 τῆς
1418 1741 1517 1777 ψυχῆς,
1540 1742 1587 1769 καὶ
1610 1742 1664 1769 τῶν
1689 1741 1783 1769 κακῶν
1802 1742 1891 1769 διαλο-

1104 1790 1211 1826 γισμῶν
1223 1789 1252 1823 ἐξ
1269 1789 1354 1825 αὐτῆς
1369 1790 1448 1816 εἰσιν.
1471 1790 1578 1823 Ὠσπερ
1594 1789 1641 1815 ἐὰν
1658 1787 1762 1826 ᾗπηγὴ
1782 1788 1890 1825 ῥέουσα,

1105 1839 1152 1865 καὶ
1167 1837 1218 1873 ἔχῃ
1244 1837 1307 1867 τοὺς
1331 1835 1556 1871 παρακειμένους
1581 1835 1680 1867 τόπους
1704 1836 1830 1871 διΰγρους
1847 1835 1893 1862 καὶ

1105 1884 1230 1920 νοτερούς
1243 1891 1250 1898 ·
1269 1883 1373 1919 θέρμης
1398 1884 1427 1910 δὲ
1445 1882 1607 1917 γενομένης,
1629 1882 1677 1909 καὶ
1699 1881 1769 1918 αὺτὴ
1797 1882 1844 1909 καὶ
1868 1882 1894 1908 οἱ

1106 1931 1219 1964 ἔγγιστα
1236 1930 1313 1956 τόποι
1331 1929 1521 1965 ξηραίνονται·
1537 1928 1625 1960 οὕτως
1641 1929 1690 1955 καὶ
1700 1929 1741 1960 είς
1754 1928 1817 1960 τοὺς
1834 1927 1895 1955 δού-

1105 1976 1168 2007 λους
1185 1975 1233 2002 τοῦ
1245 1975 1325 2009 Θεοῦ,
1339 1977 1379 2007 εἰς
1395 1975 1443 2007 οὓς
1469 1975 1613 2007 πλεονάζει
1628 1976 1644 2011 ἡ
1658 1975 1747 2010 χάρις,
1771 1975 1895 2011 ξηραίνει

1105 2021 1154 2056 τὴν
1171 2020 1218 2047 τοῦ
1232 2019 1353 2055 πονηροῦ
1366 2020 1526 2055 ἐπιθυμίαν,
1540 2020 1642 2055 ὁμοίως
1658 2020 1687 2047 δὲ
1708 2020 1756 2047 καὶ
1772 2020 1821 2056 τὴν
1842 2029 1896 2055 φυ-

1107 2065 1197 2100 σικὴν,
1221 2065 1317 2098 ἐπειδὴ
1344 2064 1391 2092 νῦν
1406 2066 1430 2091 οἱ
1446 2064 1494 2092 τοῦ
1518 2065 1587 2092 Θεοῦ
1604 2065 1743 2101 ἄνθρωποι
1772 2066 1896 2102 μείζονες

1107 2111 1246 2145 γίγνονται
1262 2111 1310 2138 τοῦ
1323 2110 1432 2146 πρώτου
1454 2111 1550 2147 Ἀδάμ.

1142 2201 1181 2229 Ε’.
1202 2201 1232 2228 ⁸0
1250 2201 1316 2233 Θεὸς
1329 2201 1537 2237 ἀπερίγραπτός
1552 2201 1612 2228 ἐστι
1629 2203 1677 2228 καὶ
1690 2202 1895 2238 ἁκατάληπτος,

1072 2261 1092 2286 υ
1106 2247 1244 2282 πανταχοῦ
1263 2247 1484 2282 ἐπιφαινόμενος,
1497 2249 1544 2275 καὶ
1555 2249 1585 2274 ὲν
1599 2249 1655 2279 τοῖς
1671 2249 1747 2283 ὄρεσι
1762 2249 1807 2275 καὶ
1820 2249 1850 2276 ὲν
1859 2251 1895 2285 τῇ

1109 2292 1242 2328 θαλάσσῃ,
1258 2292 1305 2319 καὶ
1321 2293 1450 2320 ὑποκάτω
1463 2293 1512 2327 τῆς
1527 2292 1648 2320 ἀϐύσσου
1662 2301 1669 2308 ·
1685 2293 1732 2320 καὶ
1744 2293 1806 2328 auxi.
1823 2295 1897 2321 κατὰ

1110 2338 1271 2375 μετάϐασιν,
1300 2339 1331 2366 ὃν
1357 2339 1459 2374 τρόπον
1485 2340 1509 2366 οἱ
1527 2339 1637 2374 ἄγγελοι
1655 2339 1850 2375 κατερχόμενοι
1866 2340 1897 2373 ἐξ

1108 2385 1223 2420 οὐρανοῦ
1238 2385 1285 2411 ἐπὶ
1296 2384 1346 2421 τὴν
1357 2385 1420 2420 γῆν.
1433 2385 1513 2412 Ἐστι
1524 2385 1579 2420 γὰρ
1590 2386 1619 2412 ἐν
1629 2384 1748 2421 οὐρανῷ,
1761 2386 1808 2412 καὶ
1821 2385 1896 2413 ἐστιν

1108 2429 1169 2460 ὧδε.
1189 2432 1260 2459 Ἀλλ’
1270 2433 1342 2468 ἐρεῖς
1355 2441 1401 2468 μοι
1413 2432 1471 2464 πῶς
1482 2432 1592 2459 δύναται
1604 2432 1618 2458 ὁ
1631 2432 1695 2464 Θεὸς
1709 2432 1738 2459 ἐν
1751 2434 1784 2468 τῇ
1799 2433 1896 2468 γεέννῃ

1108 2476 1188 2509 εἶναι,
1202 2477 1218 2512 ἢ
1238 2477 1297 2508 πῶς
1312 2476 1424 2504 δύναται
1447 2478 1477 2503 ὲν
1500 2476 1540 2512 τῷ
1567 2477 1659 2503 σκότει
1676 2474 1759 2509 εἶναι,
1776 2476 1792 2511 ἢ
1808 2477 1837 2503 ἐν
1856 2476 1896 2511 τῷ

1109 2523 1226 2558 Σατανᾷ,
1243 2522 1261 2558 ἢ
1275 2523 1370 2555 τόποις
1382 2523 1450 2549 ὅπου
1464 2523 1523 2550 ἐστὶ
1538 2522 1674 2556 δυσωδία;
1699 2520 1895 2557 Ἀποκρίνομαί

1110 2577 1152 2596 σοι
1166 2568 1257 2604 κάγὼ,
1285 2569 1327 2596 ὅτι
1347 2569 1457 2605 ἀπαθής
1485 2569 1542 2596 ἐστι
1563 2569 1611 2596 καὶ
1638 2569 1728 2596 πάντα
1752 2568 1895 2604 περιέχει·

1108 2615 1315 2650 ἀπερίγραπτος
1326 2615 1380 2651 γάρ
1393 2616 1464 2647 ἐστι,
1481 2614 1528 2642 καὶ
1551 2615 1566 2641 ό
1590 2615 1712 2646 Σατανᾶς
1731 2613 1768 2641 ὢν
1792 2613 1897 2650 κτίσμα

1108 2662 1189 2689 αὑτοῦ
1206 2661 1356 2697 δεσμείται.
1377 2662 1414 2688 Τὸ
1425 2662 1453 2688 δὲ
1466 2661 1569 2696 ἀγαθὸν
1594 2660 1656 2688 οὗτε
1670 2660 1814 2696 ρυποῦται,
1833 2662 1897 2688 οὒτε

1109 2708 1274 2741 σκοτίζεται.
1290 2709 1322 2735 Εἰ
1331 2708 1359 2734 δὲ
1370 2708 1401 2734 οὐ
1410 2708 1499 2741 λέγεις
1508 2706 1591 2733 αὑτὸν
1603 2707 1742 2743 περιέχειν
1751 2707 1786 2734 τὰ
1795 2707 1895 2739 πάντα,

1108 2755 1156 2781 καὶ
1168 2754 1219 2789 τὴν
1232 2754 1354 2789 γέενναν,
1372 2754 1418 2780 καὶ
1434 2753 1480 2780 τὸν
1496 2753 1630 2784 Σατανᾶν,
1646 2754 1735 2786 ποιεῖς
1747 2753 1829 2780 αὐτὸν
1846 2762 1898 2780 πε-

1112 2799 1262 2835 ριγραπτον
1285 2800 1325 2831 εἰς
1341 2799 1443 2827 ἐκεῖνον
1461 2797 1507 2826 τὸν
1524 2798 1619 2833 τόπον,
1632 2799 1662 2828 ὲν
1688 2796 1712 2835 ᾦ
1726 2799 1800 2827 ἐστιν
1816 2800 1831 2827 ὁ
1847 2807 1898 2826 πο-
