2078 3151
203 180 256 215 617

807 177 991 209 HOMILUB.
1006 189 1040 195 -
1052 177 1144 207 HOM.
1162 177 1237 207 XVI.

1778 180 1832 213 618

202 241 295 276 νηρὺς,
312 240 357 267 τνα
373 238 499 274 ζητῶμεν
515 237 593 265 ἄλλον
608 237 744 271 ἀνώτερον
756 236 850 262 αὐτοῦ.
871 235 991 269 Ἀνάγκη

1056 233 1149 261 [abitat
1164 233 1211 261 ille
1231 241 1361 268 nequam,
1378 237 1409 261 ut
1420 233 1485 262 inde
1509 234 1681 269 inquiramus
1696 235 1781 263 alium
1794 245 1829 267 eo

202 286 257 321 γὰρ
268 285 314 312 τὸν
327 283 395 311 Θεὸν
415 282 554 318 πανταχοῦ
580 281 715 317 ἀνώτερον
739 280 821 308 αὑτὸν
841 278 911 307 εἶναι
924 288 931 295 ·
948 279 992 306 διὰ.

201 332 230 360 δὲ
245 330 276 358 τὸ
289 330 439 365 μυστήριον
456 328 504 364 τῆς
518 327 646 362 θεότητος
671 327 718 353 καὶ
734 325 779 352 τὸν
799 325 952 361 λεπτότητα
964 325 993 351 ὲν

204 375 278 412 αὑτῷ
293 374 490 411 περιεχόμενον
505 374 535 400 τὸ
552 373 658 405 σκότος,
674 372 705 398 οὺ
717 371 925 406 καταλαμϐάνει
942 371 994 398 αὐ-

203 423 266 451 τόν’
280 421 342 450 οὔτε
365 420 480 448 δύναται
502 419 533 446 τὺ
558 418 644 445 κακὸν
663 417 787 454 μετέχειν
811 417 862 452 τῆς
875 416 994 452 καθαρό-

203 478 294 505 τητος,
312 467 330 503 ἢ
345 468 375 494 ὲν
390 465 464 502 αὐτῷ
472 466 539 492 ἑστι.
556 464 602 500 Τῷ
615 461 661 491 οὖν
670 464 729 500 Θεῷ
740 463 816 490 οὐδὲν
839 463 924 490 κακδν
952 463 994 490 ὲν-

204 515 368 546 υπόστατον,
383 512 445 539 ἐπεὶ
459 510 535 539 οὐδὲν
550 510 692 538 ἀδικεῖται.

241 605 287 638 ς’.
308 603 389 638 Ἡμῖν
401 600 430 629 δέ
447 602 505 628 ἐστι
516 600 601 627 κακὸν
617 599 662 627 διὰ
681 599 712 626 τὸ
723 599 824 626 οἰκεῖον
837 599 866 626 ἐν
877 599 911 634 τῇ
928 607 996 633 καρ-

205 650 260 686 δίᾳ,
277 649 324 676 καὶ
338 649 470 684 ἐνεργεῖν,
483 646 634 674 ὑποδάλλον
645 646 793 681 λογισμοὺς
804 645 938 680 πονηροὺς
949 645 996 671 καὶ

207 696 357 732 ῥυπαροὺς,
382 694 486 730 καὶμὴ
511 692 671 729 συγχωροῦν
699 691 828 726 καθαρῶς
843 691 996 726 προσεύχε-

207 742 281 771 σθαι,
298 741 356 768 ἀλλ’
371 740 574 776 αἰχμαλωτίζον
588 740 633 766 τὸν
644 738 708 765 νοῦν
721 738 761 769 είς
773 737 819 764 τὸν
834 738 921 764 αἰῶνα
936 738 998 764 τοῦ-

206 797 265 815 τον.
284 788 438 814 Ἐνδέδυται
456 786 503 814 οὖν
517 786 566 818 τὰς
579 785 680 821 ψυχὰς,
695 785 785 820 ἥψατο
801 784 830 811 δὲ
843 785 891 811 καὶ
907 783 998 811 αὐτῶν

207 834 262 861 τῶν
276 834 379 861 ὀστέων
396 832 495 869 μελῶν.
513 833 617 868 ’Ὠσπερ
631 830 677 858 οὖν
693 832 767 858 ἐστιν
781 832 822 863 εἰς
836 831 883 858 τὸν
896 831 966 866 ἀέρα
983 831 997 857 ὁ

207 881 343 912 Σατανᾶς,
367 881 415 907 καὶ
433 880 448 906 ὁ
471 879 538 911 Θεὸς
557 879 654 914 παρὼν
675 879 734 905 ἐκεῖ
756 878 830 904 οὐδὲν
852 878 997 908 ἀδικεῖται.

207 927 296 958 οὕτως
310 927 356 953 καὶ
373 927 402 953 ὲν
423 927 456 962 τῇ
482 926 553 961 ψυχῇ
574 913 648 951 ἐστιν
664 926 680 960 ὴ
698 924 830 960 ἁμαρτία,
851 923 952 959 ὁμοίως
970 923 998 949 δὲ
1014 913 1035 942 Β

209 972 257 998 καὶ
277 971 357 1006 χάρις
376 970 444 997 Ε)εοῦ
474 970 580 996 σύνεστι
606 969 689 1004 μηδὲν
704 968 880 1004 ἀδικουμένη.
893 968 999 1003 ’Ὠσπερ

209 1017 257 1044 ἐὰν
307 1016 399 1048 δοῦλος
415 1016 499 1050 ἐγγὺς
518 1015 565 1042 τοῦ
580 1015 710 1042 δεσπότου
729 1013 822 1048 αὐτοῦ,
841 1010 919 1045 οὗτος
933 1013 1000 1040 πάν-

209 1074 270 1092 τοτε
281 1065 395 1098 ἔγγιστα.
410 1063 493 1090 αὑτοῦ
509 1062 547 1089 ὢν
566 1062 618 1089 ὑπὸ
646 1062 728 1096 φόϐον
742 1061 810 1093 ἐστὶ,
829 1060 912 1096 μηδὲν
935 1060 1000 1087 ἄνευ

210 1110 294 1139 αὑτοῦ
304 1109 541 1146 διαπραττόμενος
552 1117 558 1124 ⁸
573 1109 660 1139 οὕτως
671 1108 719 1134 καὶ
731 1108 813 1142 ἡμεῖς
825 1107 862 1141 τῷ
877 1106 1000 1142 Δεσπότῃ

210 1157 323 1193 Χριστῷ
339 1156 378 1191 τῷ
391 1155 595 1191 καρδιογνώστῃ
608 1155 670 1186 τοὺς
683 1154 830 1188 λογισμοὺς
840 1153 920 1189 ἡμῶν
936 1153 1002 1180 ἀνα-

211 1202 314 1229 τιθέναι
326 1202 374 1229 καὶ
387 1200 522 1236 φανεροῦν
539 1200 694 1235 ὀφείλομεν,
706 1199 753 1226 καὶ
763 1198 893 1234 ἔχειντὴν
906 1198 1003 1225 ἐλπίδα

212 1249 260 1275 καὶ
273 1249 322 1284 τὴν
337 1248 499 1281 πεποίθησιν
517 1246 560 1273 ἐπ’
574 1246 666 1278 αὐτὸν,
689 1246 730 1272 ὃτι
748 1246 845 1278 Αὐτός
862 1245 921 1279 μού
935 1245 1002 1273 ἐστι

212 1294 297 1326 δόξα,
318 1293 366 1320 καὶ
383 1293 476 1325 αὐτός
488 1292 548 1326 μού
568 1291 634 1318 ἐστι
650 1290 761 1325 Πατὴρ,
775 1290 824 1317 καὶ
842 1291 934 1323 αὑτός
942 1290 1002 1325 μού

212 1339 279 1366 ἐστι
298 1338 442 1371 πλοῦτος.
468 1337 588 1364 Πάντοτε
602 1333 648 1363 οὖν
673 1337 701 1362 ἐν
719 1337 752 1371 τῇ
765 1336 915 1370 συνειδήσει
928 1335 1003 1369 ὀφεί-

213 1385 269 1416 λεις
289 1384 361 1419 ἔχειν
373 1384 421 1419 τὴν
434 1383 572 1418 μέριμναν
594 1382 642 1409 καὶ
657 1382 703 1408 τὸν
721 1381 813 1415 φόϐον.
835 1382 898 1409 Ἐὰν
913 1382 942 1408 δὲ
957 1382 1004 1408 καί

213 1440 256 1463 τις
272 1430 308 1466 μὴ
324 1430 374 1466 ἔχῃ
389 1429 438 1464 τὴν
453 1429 533 1466 χάριν
559 1428 607 1456 τοῦ
634 1428 703 1455 Θεοῦ
724 1428 935 1463 πεφυτευμένην
956 1428 1004 1455 καὶ

214 1476 395 1511 πεπηγμένην
407 1477 435 1502 ὲν
448 1475 546 1510 ἐαυτῷ,
571 1475 641 1501 ἔστω
663 1474 760 1505 νυκτὸς
776 1474 823 1500 καὶ
844 1474 950 1509 ἡμέρας
966 1474 1004 1506 ὡς

216 1522 332 1557 φυσικὸν
353 1520 422 1548 εῖναι
444 1521 718 1557 προσκεκολλημένον
732 1522 765 1556 τῇ
787 1520 872 1556 ψυχῇ,
889 1522 920 1547 τὸ
941 1520 1004 1548 καθ’

216 1567 291 1603 ὥραν
306 1567 418 1602 ὀδηγοῦν
432 1567 513 1594 αὐτὴν
530 1567 577 1594 κα)⁸
590 1566 740 1599 διῡπνίξον,
757 1567 804 1593 καὶ
817 1567 954 1602 ὐπορθοῦν
965 1567 1005 1599 είς

216 1614 250 1640 τὰ
267 1614 357 1648 ἀγαθά.
369 1622 376 1628 ⁸
396 1614 440 1640 ῐνα
455 1613 521 1648 γοῦν
540 1614 589 1649 τὴν
615 1613 749 1648 μέριμναν
765 1613 824 1649 ἔχῃ,
840 1613 886 1639 τὸν
911 1613 1003 1647 φόϐον,

216 1660 262 1687 τὸν
280 1660 371 1690 πόνον,
387 1659 425 1692 ὡς
441 1659 556 1695 φυσικὸν
569 1660 617 1686 καὶ
630 1659 764 1695 ἄτρεπτον
778 1659 824 1686 τὸν
838 1659 1006 1695 συντριμμὸν

216 1707 267 1741 τῆς
281 1707 393 1742 καρδίας
408 1706 524 1733 πάντοτε
539 1706 727 1741 πεπηγμένον.

252 1753 288 1780 Z’.
307 1753 414 1787 Ὠσπερ
442 1752 470 1778 δὲ
495 1751 611 1786 μέλισσα
635 1751 766 1787 κρυπτῶς
787 1751 958 1787 ἐργαζομένη
976 1752 1007 1778 τὸ

218 1799 313 1833 κηρίον
331 1799 360 1824 ὲν
377 1797 415 1832 τῷ
428 1797 557 1832 κοσκίνῳ,
573 1796 659 1828 οὕτως
683 1797 731 1823 καὶ
753 1797 769 1832 ὴ
786 1797 866 1832 χάρις
877 1797 1007 1832 κρυπτῶς

218 1844 365 1880 ἐργάζεται
382 1844 411 1870 ὲν
431 1845 491 1876 ταῖς
507 1843 634 1878 καρδίαις
643 1843 693 1878 τὴν
710 1843 810 1877 ἑαυτῆς
823 1842 944 1878 ἀγάπην,
960 1843 1008 1870 καὶ

222 1890 384 1925 μεταὸἀλλει
401 1890 455 1916 ἀπὸ
467 1891 631 1925 πικρότητος
640 1890 680 1921 εἰς
693 1889 862 1924 γλυκύτητα,
875 1890 929 1916 ἀπὸ
941 1898 1008 1925 τρα-

222 1935 336 1971 χύτητος
361 1936 400 1967 εἰς
415 1935 550 1970 λειότητα.
578 1935 684 1969 Ὠσπερ
703 1935 732 1961 δὲ
757 1935 948 1970 ἀργυροκόπος
963 1936 1010 1961 καὶ

222 1982 424 2017 ἀναγλυφάριος
438 1981 600 2016 ἀναγλύφων
614 1981 706 2007 δίσκον
718 1981 789 2008 κατὰ
806 1981 889 2016 μέρος
904 1981 1009 2008 σκεπά-

222 2028 263 2060 ζει
281 2028 352 2063 ἆπερ
367 2027 464 2062 γλύφει
475 2028 588 2063 διάφορα
603 2027 696 2059 ζώδια,
707 2026 813 2053 ἑπὰνδὲ
829 2027 937 2062 τελέσῃ,
950 2028 1010 2054 τότε

222 2074 337 2109 φανεροῖ
347 2072 427 2099 αὑτὸν
440 2073 660 2108 ἐξαστράπτοντα
684 2072 722 2107 τῷ
747 2073 834 2106 φωτί·
849 2071 936 2104 οὕτως
964 2073 1012 2099 καὶ

223 2121 237 2147 ὸ
255 2119 357 2154 Κύριος
372 2119 498 2154 ἀληθινὸς
513 2119 638 2154 τεχνίτης
656 2117 805 2152 ἀναγλύφει
831 2119 880 2149 τὰς
897 2119 1012 2153 καρδῖας

223 2166 312 2201 ἡμῶν,
325 2166 371 2193 καὶ
395 2164 564 2196 ἀνακαινίζει
582 2165 611 2191 ἐν
636 2163 777 2199 μυστηρίῳ
789 2183 796 2196 ,
815 2163 868 2196 ἕως
884 2160 914 2190 οὗ
931 2164 1012 2198 ἐκδη-

225 2213 347 2248 μήσωσιν
370 2213 403 2238 ἐκ
422 2211 469 2238 τοῦ
502 2211 637 2245 σώματος,
670 2211 717 2237 καὶ
731 2210 793 2236 τότε
819 2210 942 2245 φαίνεται
962 2210 1012 2244 τῆς

1043 280 1225 314 superiorem.
1239 279 1357 307 Necesse
1375 283 1417 307 est
1432 279 1506 307 enim
1525 280 1612 307 Dequ
1623 280 1713 315 ipsum
1727 281 1831 318 ubique

1044 326 1216 360 superiorem
1225 333 1296 353 esse.
1304 325 1406 353 Verum
1417 330 1530 361 propter
1540 326 1669 362 mysteria
1679 325 1832 356 divinitatis

1043 376 1072 400 et
1085 371 1267 400 subtilitatem
1282 371 1352 407 ejus,
1366 371 1488 399 tenebrae
1500 380 1561 407 quae
1575 372 1610 400 ab
1621 380 1654 399 eo
1672 373 1831 408 capiuntur,

1043 425 1108 445 eum
1133 426 1189 446 non
1214 417 1469 453 comprehendunt:
1498 425 1551 445 nec
1575 418 1649 453 quod
1661 419 1763 446 malum
1778 423 1831 452 est,

1044 464 1182 500 particeps
1190 472 1251 492 esse
1264 467 1355 500 potest
1364 463 1502 499 puritatis,
1516 471 1577 499 quae
1590 467 1633 493 est
1651 464 1723 500 apud
1733 465 1831 493 Deum.

1044 510 1075 538 In
1099 511 1156 538 Deo
1176 518 1242 546 ergo
1260 510 1330 538 nihil
1346 510 1410 538 mali
1435 510 1570 543 subsistit,
1592 509 1658 545 quia
1674 517 1704 537 re
1719 511 1833 539 omnino

1045 557 1122 584 nulla
1133 557 1194 585 laedi
1206 562 1309 593 potest.

1082 604 1136 638 70
1147 603 1191 632 Vl.
1205 604 1235 631 ln
1243 604 1324 631 nobis
1332 611 1397 631 vero
1408 604 1494 632 haeret
1502 604 1615 636 malum,
1624 612 1657 632 eo
1667 605 1740 640 quod
1753 604 1833 632 habi-

1046 653 1086 678 tet
1101 650 1129 677 in
1141 650 1236 683 corde,
1253 654 1282 678 et
1295 650 1368 678 vires
1381 658 1446 678 suas
1469 650 1572 678 ibidem
1593 655 1714 684 exserat,
1736 658 1833 686 sugge-

1048 703 1111 724 rens
1118 695 1298 730 cogitationes
1308 703 1405 731 pravas
1422 701 1451 724 et
1461 696 1605 729 obscenas,
1614 704 1666 724 nec
1673 697 1835 731 permittens

1047 749 1144 776 preces
1164 740 1306 769 eﬂ‘undere
1322 749 1416 776 puras,
1434 742 1482 768 sed
1498 741 1634 776 captivam
1647 741 1751 769 ducens
1761 749 1837 769 men-

1049 791 1104 814 tem
1129 787 1158 814 in
1182 787 1236 815 hoc
1249 788 1389 815 saeculum.
1412 787 1505 815 Induit
1520 787 1605 823 igitur
1617 787 1736 820 animas,
1754 793 1837 822 atque

1041 832 1139 868 attigit
1149 841 1260 868 quoque
1270 840 1349 860 ossea
1362 833 1494 860 membra.
1503 832 1742 866 Quemadmodum
1753 834 1838 869 igitur

1050 878 1166 906 Satanas
1177 883 1219 906 est
1235 878 1261 906 in
1276 886 1350 911 aere,
1366 883 1395 906 et
1419 879 1503 911 Deus,
1526 879 1573 914 qui
1598 883 1699 914 praesto
1720 879 1759 907 ibi
1783 883 1837 911 est,

1049 926 1118 953 nihil
1130 926 1239 953 laeditur
1254 926 1385 952 omnino:
1413 926 1454 953 sic
1473 929 1619 960 peccatum
1632 929 1676 953 est
1689 925 1719 952 in
1734 925 1837 958 anima,

1050 971 1178 999 similiter
1194 979 1303 1006 quoque
1320 971 1406 1006 gratia
1422 971 1526 1003 divina,
1544 979 1597 998 nec
1610 975 1702 999 tamen
1717 971 1839 999 laeditur.

1049 1017 1169 1046 Perinde
1183 1025 1215 1044 ac
1226 1017 1250 1045 si
1260 1017 1297 1045 sit
1307 1024 1405 1044 servus
1419 1016 1496 1052 juxta
1522 1017 1667 1044 dominum
1683 1024 1773 1050 suum,
1792 1018 1840 1052 qui

1050 1071 1113 1091 cum
1126 1068 1271 1098 perpetuo,
1285 1063 1350 1090 dum
1363 1063 1398 1090 ab
1409 1063 1469 1096 ejus
1479 1063 1565 1090 latere
1580 1068 1633 1094 est,
1646 1063 1681 1090 sit
1691 1063 1743 1090 sub
1754 1067 1840 1095 metu,

1050 1110 1120 1137 nihil
1137 1109 1240 1144 absque
1254 1109 1314 1144 ejus
1325 1109 1405 1144 jussu
1430 1108 1564 1143 suscipit:
1591 1109 1632 1136 sic
1656 1117 1767 1144 quoque
1790 1116 1842 1136 nos

1051 1155 1166 1183 Domino
1182 1155 1292 1183 Christo
1314 1154 1441 1182 cordium
1465 1154 1635 1189 exploratori
1660 1154 1843 1189 cogitationes

1051 1204 1161 1228 nostras
1171 1208 1308 1235 exponere
1320 1205 1402 1235 atque
1411 1200 1531 1235 aperire.
1541 1207 1573 1227 ac
1584 1208 1660 1235 spem
1672 1204 1701 1227 et
1713 1200 1842 1228 ﬁduciam

1052 1246 1079 1273 in
1096 1254 1129 1274 eo
1148 1246 1308 1273 collocatam
1325 1246 1428 1273 habere
1443 1246 1587 1279 debemus,
1613 1246 1759 1274 dicentes:
1781 1246 1843 1282 Ipse

1053 1300 1090 1320 est
1118 1292 1205 1328 gloria
1231 1300 1300 1324 mea,
1318 1293 1373 1327 ipse
1403 1297 1441 1319 est
1464 1291 1546 1319 Pater
1570 1300 1652 1325 meus,
1669 1293 1723 1328 ipse
1745 1293 1843 1320 divitia:

1054 1346 1127 1366 mw.
1142 1339 1304 1373 Perpetuam
1323 1338 1407 1372 igitur
1419 1337 1446 1364 in
1462 1337 1634 1365 conscientia
1647 1338 1749 1366 habere
1758 1338 1843 1366 debes

1053 1384 1267 1412 sollicitudinem
1285 1391 1317 1411 ac
1332 1388 1447 1411 luctum.
1462 1383 1540 1416 Quod
1556 1384 1579 1411 si
1592 1384 1654 1419 quis
1667 1384 1783 1419 gratiam
1801 1384 1844 1412 di-

1054 1431 1144 1458 vinam
1166 1430 1316 1465 plantatam
1339 1435 1367 1458 et
1396 1431 1506 1457 inlixam
1526 1431 1555 1458 in
1573 1439 1634 1458 sese
1657 1439 1713 1459 non
1733 1431 1843 1464 habeat,

1054 1482 1137 1504 noctu
1155 1477 1257 1511 diuque
1272 1481 1361 1508 curet,
1377 1480 1417 1509 ut,
1433 1480 1562 1512 tanquam
1575 1478 1702 1506 naturale
1723 1478 1769 1510 sit,
1795 1478 1845 1505 ad-

1055 1523 1159 1550 haereat
1181 1523 1279 1550 anima:
1303 1522 1342 1554 id,
1372 1522 1446 1558 quod
1470 1523 1505 1550 ad
1529 1523 1625 1551 lteram
1652 1524 1742 1559 ipsum
1756 1524 1845 1556 ducit,

1055 1570 1159 1597 excitat
1179 1573 1260 1603 atque
1283 1568 1378 1603 dirigit
1398 1569 1432 1596 ad
1459 1577 1492 1596 ea
1527 1577 1588 1605 qua:
1616 1570 1688 1597 bona
1717 1575 1791 1603 sunt,
1814 1575 1846 1598 ut

1056 1615 1152 1643 saltem
1166 1621 1260 1642 curam
1280 1613 1389 1646 habeat,
1405 1620 1510 1642 metum
1522 1623 1554 1642 ac
1566 1615 1698 1648 laborem,
1716 1620 1846 1650 tanquam

1056 1661 1208 1689 naturalem
1220 1665 1249 1687 et
1261 1660 1460 1687 immutabilem
1471 1662 1664 1689 contritionem
1677 1661 1769 1689 cordis
1779 1669 1847 1696 pcr-

1056 1711 1141 1743 petuo
1152 1707 1272 1734 iutixam.

1092 1753 1148 1780 VII.
1167 1754 1402 1787 Quemadmodum
1428 1757 1521 1780 autem
1542 1753 1603 1787 apis
1627 1757 1736 1780 secreto
1752 1753 1845 1780 favum

1059 1800 1135 1834 ﬁngit
1146 1807 1179 1827 ac
1196 1800 1333 1827 construit
1349 1800 1376 1826 in
1393 1799 1488 1832 alveo;
1514 1798 1554 1826 sic
1574 1806 1685 1833 queque
1698 1799 1786 1834 gratia
1805 1806 1848 1827 εε-

1058 1851 1134 1875 creto
1140 1851 1250 1874 exercet
1264 1847 1290 1872 in
1303 1845 1433 1873 cordibus
1450 1845 1625 1872 dilectionem
1637 1853 1725 1877 suam,
1736 1849 1764 1873 et
1773 1845 1848 1880 quod

1059 1899 1182 1919 amarum
1193 1896 1235 1918 est
1253 1895 1340 1918 mutat
1362 1891 1389 1917 in
1404 1890 1495 1921 dulce,
1509 1890 1584 1924 quod
1602 1894 1693 1917 autem
1707 1898 1848 1925 asperum,

1060 1937 1128 1965 inid
1139 1937 1213 1972 quod
1231 1937 1290 1963 leve
1303 1941 1354 1963 est.
1370 1936 1448 1963 Sicut
1465 1939 1556 1963 autem
1580 1935 1658 1962 faber
1671 1936 1848 1970 argentarius

1060 1983 1228 2017 ctsculptor,
1237 1982 1347 2017 quando
1356 1981 1461 2009 discum
1474 1981 1585 2015 sculpit,
1596 1981 1769 2016 aliquatenus
1781 1989 1849 2016 ope-

1063 2027 1098 2054 rit
1111 2027 1185 2054 varia
1204 2026 1260 2059 illa,
1274 2033 1335 2061 quae
1360 2025 1460 2060 sculpit
1473 2025 1621 2052 animalia:
1639 2025 1686 2052 ubi
1700 2033 1768 2052 vero
1778 2033 1850 2060 opus

1063 2073 1169 2105 fecerit,
1182 2077 1247 2100 tunc
1260 2072 1364 2108 profert
1379 2071 1457 2099 illum
1466 2070 1495 2098 in
1507 2071 1568 2098 luce
1583 2071 1775 2105 splendentem
1790 2080 1797 2098 :
1810 2071 1851 2098 sic

1063 2126 1173 2154 quoque
1185 2119 1329 2151 Dominus,
1346 2125 1430 2145 verus
1443 2117 1489 2144 ille
1504 2116 1613 2149 artifex,
1641 2117 1743 2152 sculpit
1767 2117 1851 2145 corda

1064 2171 1168 2197 nostra,
1186 2173 1218 2193 ac
1234 2165 1342 2192 occulte
1354 2167 1478 2195 renovat,
1493 2163 1584 2190 donec
1600 2171 1615 2190 e
1632 2171 1748 2198 corpore
1764 2163 1854 2191 disce-

1064 2212 1140 2244 dant,
1154 2215 1235 2246 alque
1248 2215 1306 2237 tum
1322 2209 1471 2244 conspicua
1492 2209 1521 2236 tit
1547 2209 1646 2236 animat
1663 2209 1853 2243 pulchritudo.

223 2258 314 2294 ψυχῆς
325 2258 355 2285 τὸ
370 2257 477 2290 κάλλος.
495 2258 527 2284 Οί
539 2257 593 2292 γὰρ
611 2257 734 2288 θέλοντες
750 2256 835 2292 σκεύη
858 2265 1006 2283 κατασκευ-

1064 2257 1117 2291 Qui
1130 2256 1205 2284 enim
1219 2255 1418 2291 supellectilem
1430 2259 1526 2289 parare
1545 2254 1574 2281 in
1587 2262 1674 2289 eaque
1689 2254 1854 2281 animalcula

225 2304 301 2335 cierat,
316 2303 361 2330 καὶ
384 2304 515 2337 ὲνυφάναι
535 2302 618 2334 ζώδια
629 2322 636 2335 ,
652 2302 760 2338 πρῶτον
782 2302 1013 2337 κηροπλαστοῦσι,

226 2352 273 2378 καὶ
286 2351 373 2382 οὕτως
386 2351 513 2386 ὲκχέουσι
532 2350 594 2377 καθ’
609 2349 757 2385 ὁμοιότητα
770 2349 887 2381 ἐκείνου,
901 2348 971 2375 ὥστε
986 2349 1016 2375 τὺ

226 2399 307 2433 ἔργον
322 2397 383 2425 κατ’
397 2398 488 2425 ἐκεῖνο
519 2397 733 2432 ἀποτελεσθῆναι
751 2396 782 2423 τὸ
806 2397 898 2432 σχῆμα
908 2404 915 2411 ’
930 2397 1016 2428 οὕτως

227 2443 276 2470 καὶ
292 2443 442 2479 ήὰμαρτία
457 2443 566 2478 πνεῦμα
593 2440 662 2470 οὖσα
684 2443 777 2469 εἰκόνα
790 2441 858 2478 ἔχει,
873 2443 919 2469 καὶ
936 2451 1017 2477 μετα-

228 2489 358 2517 6άλ).εται
373 2491 412 2521 εἰς
432 2490 540 2524 μορφὰς
554 2489 663 2520 πολλάς.
683 2488 800 2524 Ὁμοίως
819 2488 847 2515 δὲ
865 2489 911 2515 καὶ
933 2490 947 2515 ὁ
964 2489 1017 2515 ἔσω

227 2535 370 2571 ἄνθρωπος
386 2535 482 2568 ζώδιόν
494 2535 553 2561 ὲστί
568 2543 603 2567 τι,
614 2535 675 2569 ἔχον
691 2535 785 2560 εἰκόνα
802 2535 850 2560 καὶ
861 2534 1016 2569 μόρφωσιν.

235 2582 376 2618 Ὂμοίωμα
394 2582 449 2617 γάρ
464 2582 523 2608 ἐστι
535 2581 582 2608 τοῦ
596 2581 649 2613 ἕξω
663 2580 806 2615 ἀνθρώπου
822 2581 836 2606 ὁ
857 2579 922 2607 ἔσω.
937 2581 1018 2614 Μέγα

228 2626 274 2654 οὖν
291 2629 349 2654 ἐστι
361 2628 393 2654 τὸ
418 2627 515 2659 σκεῦος
530 2629 576 2654 καὶ
595 2627 696 2662 τίμιον,
712 2627 805 2661 ἐπειδὴ
831 2627 884 2653 ἁπδ
909 2627 1018 2653 πάντων

228 2675 282 2700 τῶν
297 2674 458 2708 κτισμάτων
490 2674 547 2700 ἐκεῖ
576 2673 721 2708 εὐδόκησεν
747 2673 760 2698 ὁ
777 2672 889 2706 Κύριος.
914 2672 969 2699 Καὶ
994 2674 1017 2699 οἱ

231 2720 279 2754 μὲν
294 2719 392 2754 ἀγαθοὶ
402 2719 530 2755 λογισμοὶ
542 2720 592 2754 τῆς
604 2719 691 2754 ψυχῆς
703 2718 809 2745 ἐοίκασι
823 2718 907 2749 λίθοις
917 2718 1017 2753 τιμίοις

230 2766 276 2791 καὶ
298 2766 495 2801 μαργαρίταις,
510 2767 534 2793 οἱ
561 2765 589 2792 δὲ
605 2765 757 2799 ἀκάθαρτοι
783 2763 908 2798 λογισμοὶ
936 2772 1020 2798 μεμε-

231 2812 365 2847 στωμένοι
381 2813 450 2839 εἰσὶν
462 2812 565 2839 ὀστέων
590 2811 694 2847 νεκρῶν
720 2810 768 2837 καὶ
785 2810 875 2845 πάσης
894 2809 1017 2845 ἀκαθαρ-

231 2857 303 2889 σίας,
316 2859 363 2885 καὶ
375 2858 516 2890 δυσωδίας.

267 2904 310 2931 ιιι.
338 2905 370 2930 οἱ
391 2902 437 2931 οὖν
452 2905 610 2940 Χριστιανοὶ
638 2905 716 2932 ἄλλον
747 2903 844 2935 αἰῶνός
862 2904 940 2938 εἰσιν,
967 2902 1020 2928 υἱοὶ

1064 2301 1220 2335 exprimere
1231 2299 1337 2330 volunt,
1357 2297 1478 2333 primum
1502 2305 1595 2325 ceram
1618 2297 1750 2332 eﬂigiant,
1771 2302 1854 2332 atque

1066 2352 1124 2374 tum
1148 2345 1182 2372 ad
1192 2344 1338 2379 imaginem
1349 2344 1425 2371 illam
1442 2343 1570 2375 fundunt,
1582 2347 1611 2370 ut
1624 2351 1694 2378 opus
1702 2343 1853 2370 secundum

1065 2391 1181 2427 elﬁgiem
1199 2390 1273 2417 illam
1291 2389 1447 2416 absolutqu
1464 2388 1596 2416 reddatur
1607 2397 1613 2414 :
1626 2396 1682 2415 non
1699 2388 1780 2415 aliter
1790 2395 1854 2422 pee-

1067 2443 1169 2469 catum,
1187 2443 1251 2463 cum
1272 2435 1309 2462 sit
1334 2434 1460 2470 spiritus,
1479 2434 1627 2469 imaginem
1650 2434 1743 2466 habet,
1772 2441 1805 2461 ac
1825 2434 1853 2461 in

1066 2483 1156 2510 varias
1169 2482 1272 2509 fortnas
1283 2480 1464 2508 convertitur.
1477 2479 1610 2507 Similiter
1619 2479 1734 2505 interior
1743 2486 1854 2514 quoque

1067 2531 1150 2557 homo
1161 2527 1356 2556 animalculum
1384 2526 1522 2562 quoddam
1547 2530 1599 2556 est,
1630 2524 1748 2560 imagine
1761 2525 1855 2552 etfor-

1068 2585 1112 2604 ma
1124 2575 1271 2611 praeditum
1284 2595 1290 2601 .
1316 2573 1454 2608 siquidem
1472 2571 1623 2599 similitudo
1648 2576 1690 2598 est
1711 2571 1857 2598 exterioris

1069 2621 1188 2649 hominis
1199 2619 1326 2647 interior.
1342 2618 1507 2646 Praeclarum
1518 2625 1583 2652 ergo
1594 2624 1626 2644 ac
1642 2616 1794 2651 pretiosum
1808 2623 1857 2643 vas

1069 2673 1121 2700 est,
1136 2667 1200 2702 quia
1211 2673 1266 2701 prae
1274 2665 1403 2692 omnibus
1413 2663 1550 2690 creaturis
1561 2663 1588 2689 in
1605 2670 1638 2689 eo
1654 2661 1771 2688 Domino
1782 2669 1858 2688 com-

1070 2714 1200 2750 placitum
1213 2716 1266 2739 est.
1279 2711 1313 2738 Et
1332 2711 1410 2738 bome
1426 2709 1537 2744 quidem
1549 2707 1731 2743 cogitationes
1750 2706 1857 2733 assimi-

1070 2762 1163 2788 lantur
1187 2758 1327 2794 lapidibus
1346 2756 1479 2792 pretiosis
1492 2760 1520 2782 et
1544 2754 1715 2789 margaritis;
1742 2753 1858 2788 impura;

1072 2816 1140 2835 vero
1151 2805 1331 2842 cogitationes
1343 2804 1429 2839 plena:
1441 2808 1503 2830 sunt
1516 2802 1617 2829 ossium
1637 2805 1818 2831 mortuorum,
1829 2805 1858 2826 et

1074 2854 1163 2881 omnis
1179 2851 1319 2887 spurcitici
1332 2859 1363 2878 ac
1378 2850 1484 2877 fetoris.

1109 2899 1176 2927 Vill.
1198 2897 1347 2927 Christiani
1368 2904 1433 2932 ergo
1455 2896 1570 2924 alterius
1594 2899 1657 2922 sunt
1683 2893 1785 2925 seculi,
1810 2891 1857 2919 ﬁlii
