2078 3151
255 204 309 237 619

874 200 904 231 S.
923 199 1082 230 MACABII
1103 199 1264 231 IEGYPTII

1825 198 1877 230 620

253 262 319 290 Δάαι
329 260 458 293 cmlestis,
474 267 587 296 germen
600 266 713 291 novum,
731 257 781 285 ﬁlii
809 256 928 293 Spiritus
940 255 1039 288 sancti,

1097 256 1184 292 Ἀδὰμ,
1195 257 1241 284 τοῦ
1255 257 1428 292 ἐπουρανίου,
1444 257 1568 292 γέννημα
1579 255 1683 287 καινὸν,
1697 255 1780 282 τέκνα
1790 255 1878 282 Πνευ-

252 307 374 336 illustres
385 307 485 334 fratres
495 305 608 339 Christi,
626 304 729 333 similes
738 303 830 332 Patris
840 302 895 336 sui,
903 302 968 329 Adae
979 300 1038 337 spi-

252 353 379 384 ritualis,
390 358 418 380 et
426 351 542 379 illustris
555 351 630 378 illius
639 350 770 382 civitatis,
794 349 869 376 illius
884 348 994 384 generis
1007 355 1039 376 ac

229 407 231 411 ‘
252 399 326 426 illius
337 398 468 430 virtutis;
485 404 661 433 nequaquam
676 400 741 423 sunt
756 395 838 430 hujus
861 393 968 426 mundi,
990 394 1039 422 sed

241 444 366 471 .nlterius
385 443 482 471 mundi
496 450 571 471 sunt.
584 443 644 478 Ipse
661 441 735 470 enim
745 441 801 468 ait:
813 440 871 467 Non
885 440 944 467 estis
954 440 1039 466 dehoc

251 489 360 520 mundo,
370 489 496 523 quoniam
508 496 555 515 nec
562 496 608 522 ego
615 496 674 515 sum
683 487 714 513 de
722 487 769 514 hoc
780 486 878 512 mundo
890 484 923 510 ⁸⁸.
936 484 1040 512 Verum

251 533 368 568 perinde
382 540 415 561 ac
422 536 559 560 mercator
569 540 603 560 ex
611 532 692 567 longe
702 529 923 566 peregrinatione
945 536 1040 556 rever-

252 585 310 610 sus,
330 582 467 612 auclaque
478 585 527 605 sua
543 576 729 613 negotiatione
747 575 782 602 ad
803 582 868 602 suos
892 573 988 607 mittit,
1009 577 1040 600 ut

242 627 415 653 construant
426 623 479 651 sibi
495 623 591 651 domos
599 627 628 651 et
638 623 743 655 hortos,
759 629 791 649 ac
798 621 962 649 vestimenta
973 627 1041 648 con-

251 669 347 697 ﬁciant
357 669 534 697 necessaria:
550 673 579 697 et
593 676 656 696 cum
675 667 833 704 pervenerit
854 666 888 694 ad
906 674 968 699 sua,
979 671 1039 693 tum

251 722 365 749 magnas
377 714 489 742 divitias
503 714 602 747 aﬂert;
620 721 719 749 magna
734 721 801 741 vero
817 712 960 748 excipiunt
975 719 1038 739 eum

250 760 357 792 laetitia,
376 764 433 787 tum
449 760 605 793 domestici,
632 764 691 787 tum
713 759 841 796 cognati;
858 759 900 787 sic
928 765 1039 794 quoque

251 813 282 834 se
293 813 339 833 res
354 805 439 833 habet
451 805 479 833 in
488 805 679 841 spiritualibus
693 805 787 838 rebus,
801 805 824 832 si
840 805 953 840 quidam
966 812 1040 832 mer-

249 851 304 879 cati
315 850 417 878 fuerint
430 851 556 879 caelestes
565 850 688 884 divitias,
697 853 800 878 norunt
810 850 836 877 id
845 857 940 878 eorum
953 850 1039 883 cives,

249 896 304 924 hoc
331 901 388 931 est,
412 897 527 932 spiritus
556 901 715 924 sanctorum
749 901 777 924 et
802 897 979 932 angelorum,
1012 900 1040 924 et

249 930 437 971 admiratione
449 942 535 977 ducti,
553 943 666 971 dicunt:
685 930 957 970 Immenaasﬁdivitias
977 950 1037 969 con-
1054 930 1076 958 Β

248 989 332 1016 muti
341 993 403 1016 sunt
421 989 519 1024 fratres
532 989 625 1021 nostri,
637 989 683 1024 qui
699 989 728 1015 in
740 988 817 1016 terris
827 992 901 1015 sunt.
919 987 952 1014 Hi
971 995 1038 1023 ergo

251 1035 304 1070 71
317 1042 379 1062 cum
390 1042 485 1063 secum
497 1035 617 1062 habeant
627 1034 783 1068 Dominum,
799 1041 861 1062 cum
881 1034 1036 1067 discedunt,

251 1088 350 1116 magna
359 1088 422 1108 cum
434 1080 530 1109 laetitia
541 1080 694 1108 veniuntad
705 1080 941 1108 ctelestesincolas
951 1088 958 1113 ;
970 1087 1038 1115 quos

250 1128 404 1162 excipiunt,
420 1127 469 1162 qui
484 1131 548 1155 sunt
562 1127 678 1154 alatere
703 1127 824 1161 Domini,
849 1134 882 1154 ac
904 1125 952 1161 qui
982 1125 1038 1154 illic

250 1174 292 1202 eis
308 1173 405 1202 domos
414 1178 443 1202 et
453 1174 548 1201 hortos
564 1177 592 1201 et
604 1172 748 1208 splendida
769 1178 852 1208 atque
878 1176 1038 1208 sumptuosa

250 1220 414 1249 vestimenta
428 1224 591 1256 praeparant,
606 1219 758 1255 excipiunt.

285 1308 332 1337 IX.
348 1308 502 1337 Sobrietate
522 1308 606 1344 igitur
624 1308 653 1335 in
673 1307 803 1336 omnibus
825 1314 895 1342 opus
915 1311 971 1340 est,
987 1314 1037 1340 ne,

249 1363 313 1391 qua:
325 1355 451 1383 videmur
461 1354 604 1390 possidere
618 1353 701 1388 bona,
712 1354 741 1381 in
753 1353 904 1389 perniciem
916 1357 1038 1381 nostram

250 1404 403 1428 vertantur.
420 1400 489 1427 Nam
511 1399 560 1435 qui
582 1403 682 1427 natura
704 1403 770 1426 sunt
793 1398 919 1434 benigni,
935 1398 965 1425 ni
986 1397 1039 1426 sibi

251 1450 381 1479 caveant,
396 1454 493 1482 parum
514 1446 607 1479 abest,
622 1445 690 1481 quin
707 1445 741 1473 ab
758 1445 816 1480 ipsa
832 1444 957 1472 bonitate
972 1444 1039 1472 sub-

250 1492 398 1520 trahantur
411 1501 419 1519 :
432 1495 461 1519 et
472 1491 519 1526 qui
534 1491 670 1526 sapientia
681 1491 796 1526 pollent,
808 1490 876 1525 quin
888 1490 923 1518 ab
935 1497 967 1518 ea
981 1491 1039 1525 ipsa

250 1538 446 1573 surripiantur.
467 1536 583 1573 Oportet
608 1544 674 1573 ergo
693 1537 723 1565 in
747 1537 876 1565 omnibus
897 1537 1038 1572 partibus,

1090 312 1175 339 ματος
1184 303 1272 339 ἁγίου,
1284 304 1394 339 ἀδελφοὶ
1402 303 1519 340 Χριστοῦ
1532 303 1668 339 φωτεινοὶ,
1679 302 1767 337 ὅμοιοι
1779 302 1819 338 τῷ
1828 312 1879 330 πα-

1090 352 1136 386 τρὶ
1144 351 1243 384 αὐτῶν,
1252 350 1382 386 ’Δδὰμτῷ
1389 359 1454 377 πνευ
1459 349 1565 386 ματικῷ
1573 350 1620 376 καὶ
1629 348 1763 384 φωτεινῷ,
1773 348 1879 385 ἐκείνης

1088 398 1139 432 τῆς
1150 397 1264 428 πόλεως,
1273 396 1378 423 ἐκείνου
1385 397 1432 423 τοῦ
1441 396 1544 429 γένους,
1553 395 1660 430 ἐκείνης
1670 396 1720 430 τῆς
1726 395 1876 430 δυνάμεως,

1089 442 1139 469 οὐκ
1149 441 1203 468 είσὶ
1220 441 1268 469 τοῦ
1277 441 1379 478 κόσμου
1387 441 1493 474 τούτου,
1504 441 1571 468 ἀλλὰ
1583 441 1663 468 ἄλλου
1675 441 1779 477 κόσμου
1790 440 1858 468 είσίν
1868 448 1876 455 '

1089 488 1171 521 αὐτὸς
1183 488 1239 524 γὰρ
1257 487 1341 522 λέγει,
1359 489 1420 515 οὐκ
1430 488 1501 515 ἐστὲ
1512 488 1545 515 ἐκ
1554 488 1607 514 τοῦ
1621 487 1736 522 κόσμου
1757 487 1876 519 τούτου,

1089 535 1188 567 καθὼς
1198 534 1256 570 erit)
1269 535 1325 562 οὐκ
1337 535 1396 569 είμὶ
1409 535 1444 561 ἐκ
1455 534 1508 561 τοῦ
1521 534 1637 569 κόσμου
1658 533 1776 561 τούτου.
1807 533 1876 560 Ἀλλ’

1089 580 1185 615 ὥσπερ
1200 580 1322 615 ἔμπορος
1349 581 1403 608 ἀπὸ
1429 581 1534 608 πολλῶν
1562 580 1651 616 μονῶν
1677 581 1876 616 ἀπερχόμενος,

1089 627 1137 653 καὶ
1152 625 1380 659 πηλυπλασιάζων
1396 625 1478 653 αὐτοῦ
1488 625 1538 660 τὴν
1553 625 1698 661 ἐμπορίαν,
1714 625 1875 652 ἀποστέλλει

1091 671 1158 706 πρὸς
1172 671 1235 704 τοὺς
1248 671 1330 703 ῑδίους
1342 671 1389 699 ἐπὶ
1402 671 1441 706 τῷ
1456 670 1599 706 κτισθῆναι
1615 670 1689 705 αὐτῷ
1704 671 1806 704 οἴκους,
1821 680 1877 698 πα-

1091 719 1242 755 ραδείσους,
1256 718 1394 754 ἐνδύματα
1404 719 1551 752 ἀναγκαῖα·
1563 717 1612 744 καὶ
1621 718 1685 744 ὅταν
1698 717 1818 753 ἀναλύσῃ
1835 718 1876 749 είς

1088 766 1124 793 τὰ
1137 765 1201 799 ῐδια,
1217 765 1279 793 τότε
1299 765 1414 793 πλοῦτον
1428 765 1511 792 πολὺν
1522 764 1699 800 ὲπιφέρεταιο
1729 764 1798 800 μετὰ
1813 764 1876 791 πολ-

1088 811 1139 846 λῆς
1147 811 1177 838 δὲ
1199 812 1288 848 χαρᾶς
1300 811 1494 848 προσδέχονται
1511 811 1592 837 αὑτὸν
1606 810 1631 837 οἱ
1647 810 1708 837 ῐδιοι
1731 809 1813 837 αὐτοῦ
1828 810 1876 837 καὶ

1089 858 1250 894 προσγενετς
1262 865 1269 873 ³
1289 857 1362 885 οὕτω
1384 858 1435 884 κάν
1460 858 1517 889 τοῖς
1541 857 1748 891 πνευματικοῖς,
1767 856 1795 883 εί
1805 865 1876 888 τινες

1090 903 1290 940 ἐμπορεύονται
1308 903 1354 930 τδν
1381 902 1543 938 ἐπουράνιον
1571 901 1703 933 πλοῦτον,
1734 902 1823 928 ἴσασιν
1850 901 1876 927 οἱ

1092 949 1268 985 συμπολῐται,
1283 949 1407 977 τουτέστι
1433 949 1468 976 τὰ
1494 948 1637 984 πνεύματα
1653 948 1708 975 τῶν
1729 948 1816 982 ἁγίων
1829 946 1877 973 καὶ

1090 994 1145 1021 τῶν
1155 993 1290 1029 ἀγγέλων,
1315 994 1363 1021 καὶ
1377 993 1548 1029 θαυμάζουσι
1564 993 1700 1028 λέγοντες,
1718 993 1771 1026 Εἰς
1784 992 1877 1027 μέγαν

1091 1040 1226 1067 πλοῦτον
1233 1040 1379 1075 εἰσῆλθον
1387 1041 1415 1068 οι
1424 1039 1550 1074 ἀδελφοί
1558 1038 1642 1074 ἡμῶν
1650 1040 1678 1067 οι
1684 1039 1732 1066 ἐπὶ
1744 1037 1798 1072 τῆς
1809 1037 1876 1073 τῆς.

1093 1087 1221 1122 Ἔχοντες
1232 1084 1279 1114 οὖν
1301 1083 1375 1113 οὗτοι
1403 1086 1463 1122 μεθ’
1481 1087 1584 1114 ἑαυτῶν
1603 1086 1649 1114 τὸν
1670 1085 1774 1121 Κύριον
1795 1085 1825 1110 ὲν
1841 1085 1876 1120 τῇ

1091 1131 1230 1165 ἁναλύσει,
1245 1132 1274 1160 ὲν
1291 1131 1397 1168 μεγάλῃ
1410 1132 1483 1167 χαρᾷ
1505 1131 1632 1167 ἔρχονται
1647 1130 1716 1166 πρὸς
1733 1130 1797 1161 τοὺς
1809 1129 1876 1162 ἄνω,

1090 1180 1139 1207 καὶ
1150 1179 1274 1214 δέχονται
1284 1178 1383 1211 αὐτοὺς
1394 1179 1420 1205 οἱ
1434 1179 1481 1206 τοῦ
1495 1178 1608 1214 Κυρίου,
1626 1179 1684 1204 ἐκεῖ
1696 1175 1875 1212 εὐτρεπίσαν-

1090 1233 1136 1256 τες
1151 1225 1243 1255 αὐτοῖς
1253 1224 1344 1255 οῐκους
1355 1224 1403 1250 καὶ
1414 1223 1605 1260 παραδείσους,
1616 1222 1664 1250 καὶ
1673 1221 1810 1257 ἐνδύματα
1819 1219 1878 1247 ὁλό-

1091 1270 1207 1306 λαμπρα
1217 1269 1266 1296 καὶ
1284 1268 1429 1304 πολυτελῆ.

1127 1315 1166 1343 Θ’,
1179 1314 1297 1351 Νήψεως
1309 1313 1355 1342 οὖν
1371 1315 1400 1341 ἐν
1427 1314 1494 1342 πᾶσι
1515 1314 1604 1350 χρεία,
1616 1314 1659 1341 ἵνα
1676 1313 1713 1349 μὴ
1731 1313 1779 1341 καὶ
1800 1312 1817 1340 ἃ
1834 1311 1878 1338 δο-

1091 1361 1194 1398 κοῦμεν
1209 1361 1282 1397 ἔχειν
1304 1362 1407 1396 ἀγαθὰ,
1430 1361 1498 1397 πρὸς
1514 1360 1617 1396 βλάὸην
1636 1360 1713 1395 ἡμῶν
1732 1359 1876 1394 γένωνται.

1091 1409 1148 1436 Καὶ
1167 1407 1222 1443 γὰρ
1247 1408 1271 1435 οί
1287 1407 1401 1444 χρηστοὶ
1425 1407 1497 1434 κατὰ
1525 1406 1617 1442 φύσιν,
1634 1406 1682 1433 ἐὰν
1706 1405 1744 1441 μὴ
1765 1404 1880 1439 ἀσφαλί-

1093 1463 1204 1487 σωνται,
1229 1453 1302 1482 κατὰ
1327 1453 1425 1489 μικρὸν
1448 1453 1482 1480 δι’
1505 1454 1591 1489 αὐτῆς
1617 1453 1667 1488 τῆς
1694 1451 1880 1488 χρηστότητος

1092 1500 1289 1536 ύποσὺρονται,
1308 1501 1356 1527 καὶ
1368 1500 1394 1526 οἱ
1417 1499 1526 1535 ἔχοντες
1551 1499 1659 1534 σοφίαν,
1680 1499 1714 1526 δι’
1730 1498 1815 1532 αὐτῆς
1828 1497 1880 1532 τῆς

1094 1546 1190 1580 σοφίας
1213 1545 1388 1573 κλέπτονται.
1416 1546 1463 1572 Δεῖ
1485 1542 1532 1571 οὖν
1564 1546 1593 1571 ὲν
1611 1544 1680 1571 πᾶσι
1698 1545 1754 1575 τοῖς
1773 1543 1881 1578 μέρεσι,

250 1589 435 1620 temperatum
458 1591 520 1612 esse
542 1584 697 1617 hominem,
718 1591 817 1619 nempe
839 1583 1038 1611 humanitatem

1095 1590 1317 1627 συγκεκραμένον
1329 1587 1400 1618 εἴναι
1412 1590 1456 1617 τὸν
1469 1589 1624 1625 ἄνθρωπον,
1637 1590 1668 1617 τὸ
1682 1588 1800 1625 χρηστὸν
1812 1587 1882 1623 μετὰ

250 1638 316 1661 cum
332 1630 478 1658 severitate
494 1629 654 1665 permistam
670 1629 784 1662 habere,
796 1629 960 1664 sapientiam
976 1637 1039 1657 cum

249 1676 367 1712 judicio,
382 1683 538 1704 sermonem
556 1682 618 1703 cum
635 1682 729 1710 opere,
743 1679 826 1710 atque
841 1675 954 1702 omnino
969 1674 1041 1703 (idu-

251 1722 323 1751 ciam
338 1729 415 1750 suam
431 1721 459 1750 in
470 1722 599 1756 Domino,
608 1730 664 1750 non
679 1730 710 1750 se
724 1722 785 1758 ipso
796 1722 1042 1751 collocare.Virtus

249 1768 324 1796 enim
341 1767 470 1796 conditur
479 1767 564 1795 variis
578 1767 679 1801 modis,
691 1771 822 1803 tanquam
837 1767 916 1796 cibus
929 1767 1040 1803 quidam

249 1813 424 1842 necessarius
441 1813 556 1842 conditu
576 1818 624 1841 aut
641 1813 697 1841 alio
715 1813 851 1849 quodam,
865 1817 894 1841 et
911 1813 964 1842 hoc
985 1821 1041 1842 non

251 1864 360 1889 tantum
383 1860 478 1894 melle,
492 1859 543 1888 sed
565 1859 650 1888 etiam
670 1860 776 1896 pipere,
791 1864 821 1888 et
843 1860 880 1888 ita
903 1861 1043 1896 reperitur

251 1906 341 1936 utilis.

287 1952 324 1983 Χ,
339 1952 392 1986 Qui
408 1957 537 1981 asserunt
562 1959 619 1981 non
635 1960 698 1981 esse
713 1957 857 1988 peccatum
874 1953 902 1980 in
919 1953 1041 1986 homine,

250 1998 367 2034 perinde
384 2003 459 2032 sunt,
473 2006 506 2027 ac
521 1999 568 2034 qui
585 1999 767 2027 inundatione
783 1999 937 2035 ingentium
954 2007 1042 2035 aqua-

251 2053 314 2073 rum
325 2045 456 2078 demersi,
467 2045 522 2073 hoc
533 2045 623 2080 ipsum
636 2045 717 2073 fateri
727 2050 869 2079 verentur,
881 2046 930 2073 sed
942 2047 1020 2074 aiunt
1032 2055 1040 2073 :

250 2091 352 2119 Sanum
373 2099 507 2126 aquarum
524 2091 684 2119 audivimus.
702 2090 748 2119 Sic
767 2099 877 2127 quoque
896 2091 1042 2127 profundis

249 2136 363 2164 malitiae
379 2136 511 2164 ﬂuctibus
524 2136 655 2170 demersi,
667 2141 769 2172 negant
781 2138 809 2164 in
821 2141 914 2165 mente
927 2145 960 2165 ac
969 2138 1043 2173 cogi-

251 2181 405 2209 tationibus
422 2181 481 2209 suis
498 2186 643 2216 peccatum
663 2182 780 2210 hasrere.
793 2182 846 2209 Alii
866 2187 931 2210 sunt
947 2183 1041 2218 igitur,

249 2226 298 2261 qui
323 2233 451 2254 sermone
475 2226 588 2261 quidem
608 2227 719 2259 valent,
743 2232 772 2255 et
795 2227 963 2262 loquuntur,
985 2235 1041 2256 non

1092 1636 1140 1664 τοῦ
1165 1637 1315 1672 ἀποτόμου.
1328 1637 1359 1664 τὸ
1376 1636 1458 1671 σοφὸν
1470 1636 1539 1672 μετά
1551 1636 1724 1671 διακρίσεως,
1739 1636 1785 1662 τδν
1802 1635 1882 1669 λόγον

1093 1682 1164 1718 μετὰ
1179 1681 1228 1709 τοῦ
1247 1681 1343 1717 ἔργου,
1359 1681 1390 1709 τδ
1404 1682 1464 1708 ὅλον
1479 1681 1638 1708 πεποιθέναι
1648 1682 1694 1708 ἐπὶ
1707 1681 1819 1716 Κύριον,
1834 1680 1882 1708 καὶ

1094 1729 1132 1764 μὴ
1147 1727 1190 1763 ἐφ’
1206 1728 1313 1755 ἑαυτόν.
1330 1728 1364 1755 Ἦ
1378 1728 1432 1762 γὰρ
1453 1727 1539 1764 ἁρετὴ
1563 1727 1607 1754 διὰ
1618 1727 1723 1754 πολλῶν
1740 1727 1881 1763 ἀρτύεται,

1093 1773 1188 1809 ὥσπερ
1207 1773 1309 1809 ἔδεσμά
1321 1783 1347 1801 τι
1362 1774 1416 1800 τῶν
1429 1774 1585 1809 ἀναγκαίων
1601 1774 1646 1801 διὰ
1657 1774 1778 1801 κονδιτου
1794 1773 1881 1809 ἢέτέ-

1096 1827 1142 1855 ρου
1161 1819 1245 1852 τινος,
1262 1819 1309 1846 καὶ
1324 1819 1404 1846 τοῦτο
1415 1819 1446 1846 οὐ
1463 1820 1545 1854 μόνον
1557 1818 1602 1846 διὰ
1619 1818 1739 1854 μέλιτος,
1750 1819 1820 1846 ἀλλὰ
1833 1818 1882 1846 καὶ

1093 1864 1250 1901 πεπέρεως,
1264 1865 1314 1892 καὶ
1326 1865 1414 1897 οὕτως
1425 1865 1584 1901 εὑρίσκεται
1594 1865 1741 1901 χρήσιμον.

1129 1955 1157 1982 l'.
1172 1954 1203 1981 Οἱ
1216 1953 1341 1988 λέγοντες
1357 1953 1394 1989 μὴ
1407 1950 1478 1980 εῖναι
1493 1952 1543 1990 τὴν
1567 1953 1704 1989 ἁμαρτίαν
1724 1953 1754 1980 ὲν
1767 1952 1807 1987 τῷ
1832 1952 1882 1980 ἀνι

1092 1999 1205 2035 θρώπῳ,
1229 1999 1316 2031 οὕτως
1341 2000 1422 2032 εἰσιν,
1444 1998 1482 2032 ὡς
1498 1999 1552 2026 ὑπὸ
1580 1999 1752 2035 πλημμύρας
1775 1999 1881 2026 ὑδάτων

1093 2046 1199 2073 πολλῶν
1228 2045 1522 2081 καταπεποντισμένοι,
1545 2045 1594 2072 καλ⁵
1622 2045 1702 2072 τοῦτο
1724 2045 1762 2082 μὴ
1787 2045 1883 2080 ὁμολο-

1093 2091 1215 2124 γοῦντες,
1227 2090 1296 2118 ἀλλὰ
1303 2090 1440 2124 λέγοντες,
1452 2088 1551 2126 *Ηχον
1561 2090 1680 2118 ὑδάτων
1687 2091 1865 2126 ἠκούσαμεν
1874 2098 1882 2105 ⁸

1092 2137 1165 2164 οὕτω
1189 2136 1236 2164 καὶ
1255 2136 1333 2164 αὐτοὶ
1351 2137 1636 2173 καταπεποντισμένοι
1660 2137 1713 2164 ὑπὸ
1729 2137 1776 2164 τοῦ
1801 2136 1884 2172 βυθοῦ

1094 2183 1150 2210 τῶν
1167 2183 1297 2218 κυμάτων
1307 2183 1357 2218 τῆς
1370 2183 1479 2217 κακίας,
1491 2184 1522 2210 οὺ
1535 2184 1661 2218 λέγουσιν
1669 2183 1739 2211 εἶναι
1751 2184 1780 2210 ἐν
1793 2183 1832 2219 τῷ
1846 2183 1884 2220 νῷ

1095 2229 1143 2256 καὶ
1159 2230 1215 2261 τοῖς
1229 2228 1371 2265 λογισμοῖς
1385 2229 1475 2256 αὐτῶν
1489 2229 1539 2266 τὴν
1565 2229 1704 2266 ἁμαρτίαν
1719 2238 1727 2246 ·
1748 2229 1823 2257 ἄλλοι
1836 2228 1883 2256 οὖν

251 2275 343 2300 tamen
360 2270 418 2298 sale
433 2270 541 2298 ctelesti
555 2270 659 2298 conditi
674 2275 753 2303 sunt;
770 2274 939 2305 narrantque
954 2271 1039 2298 multa

1093 2274 1173 2304 εἰσιν.
1191 2274 1215 2301 ot
1228 2273 1308 2308 λόγον
1327 2274 1376 2310 μὲν
1391 2274 1499 2310 ἔχοντες
1510 2275 1557 2302 καὶ
1569 2275 1722 2308 λαλοῦντες,
1745 2275 1783 2311 μὴ
1799 2275 1884 2311 ἠρτυ-

251 2317 286 2344 de
301 2324 397 2344 mensa
411 2316 500 2351 regia;
517 2323 580 2343 cum
597 2320 689 2343 tamen
703 2315 772 2343 nihil
790 2315 972 2348 comederint,
988 2324 1041 2345 nec

252 2362 405 2398 quidquam
420 2362 512 2397 adepti
524 2361 589 2390 sint.
600 2361 677 2389 Alius
688 2369 756 2390 vero
770 2366 823 2394 est,
834 2361 881 2397 qui
894 2367 1041 2398 conspecto

251 2417 327 2444 rege,
339 2409 497 2444 apertisque
510 2409 561 2436 sibi
578 2408 725 2442 thesauris,
737 2409 900 2444 ingreditur,
912 2418 944 2437 ac
956 2410 1042 2438 haere—

251 2455 366 2483 ditatem
379 2455 480 2489 cernit,
490 2455 576 2484 edens
589 2461 618 2483 et
629 2455 728 2483 bibens
740 2456 774 2484 de
788 2456 859 2484 cibis
872 2457 926 2484 illis
938 2458 1040 2492 pretio-

252 2508 380 2530 stssnnis.

291 2591 337 2619 XI.
351 2591 469 2620 Perinde
485 2599 552 2619 vero
568 2600 601 2620 ac
618 2597 744 2625 matrem,
759 2593 906 2621 habenth
927 2594 1039 2622 unicum

255 2638 353 2671 lilium,
369 2638 611 2671 formosissimum,
637 2639 790 2674 sapientem
808 2641 938 2675 omnique
953 2640 1042 2668 bono-

253 2693 315 2716 rum
330 2693 430 2720 genere
442 2690 615 2718 exornatum,
629 2686 657 2713 in
672 2694 727 2721 quo
743 2694 851 2714 omnem
869 2694 944 2722 spem
960 2688 1040 2715 sitam

253 2730 351 2763 habet,
368 2730 390 2757 si
416 2738 480 2757 eum
503 2731 644 2766 contingat
664 2731 698 2758 ab
723 2732 769 2759 illa
792 2732 875 2760 terris
899 2732 1039 2765 mandari,

252 2774 321 2802 nihil
341 2775 394 2802 nisi
415 2774 494 2802 dolor
512 2775 650 2808 assiduus,
665 2780 694 2803 et
714 2777 805 2804 luctus
823 2778 1039 2805 consolationem

253 2827 309 2848 non
326 2820 475 2848 admittens
490 2828 606 2858 occupat
622 2832 629 2851 :
649 2823 688 2851 sic
703 2831 813 2859 quoque
830 2832 918 2858 mens,
931 2825 1007 2860 quasi
1024 2832 1039 2852 α

284 2909 308 2925 ³⁸
322 2908 400 2939 Joan.
415 2918 478 2944 xw.
500 2911 542 2940 ιθ.

1097 2321 1172 2357 μένοι
1188 2321 1216 2348 δὲ
1239 2321 1279 2356 τῷ
1294 2321 1446 2357 ἐπουρανίῳ
1459 2321 1549 2354 ἅλατι,
1561 2323 1609 2349 καὶ
1638 2322 1795 2358 διηγοῦνται
1817 2321 1883 2358 περῖ¹

1095 2367 1236 2404 τραπέζης
1256 2367 1401 2403 βασιλικῆς
1421 2367 1504 2403 μηδὲν
1519 2367 1688 2403 φαγόντες,ἢ
1703 2367 1881 2404 κτησάμενοι.

1097 2415 1193 2446 ¹Ἄλλος
1208 2414 1237 2441 δέ
1250 2415 1325 2441 ἐστιν
1339 2415 1352 2440 ὁ
1363 2414 1531 2449 θεασάμενος
1542 2414 1624 2441 αὐτὸν
1635 2414 1680 2440 τὸν
1696 2413 1819 2449 βασιλέα,
1835 2413 1883 2440 καὶ

1095 2460 1260 2493 ἀνοιγέντων
1273 2459 1348 2494 αὺτῷ
1360 2458 1516 2495 Θησαυρῶν,
1533 2458 1672 2490 εἰσελθὼν,
1693 2459 1741 2485 καὶ
1756 2458 1882 2494 κληρονο-

1096 2507 1187 2542 μήσας
1202 2505 1251 2533 καὶ
1264 2505 1360 2541 φαγὼν
1373 2505 1420 2533 καὶ
1436 2505 1507 2532 πιὼν
1521 2506 1553 2532 ὲκ
1565 2504 1620 2531 τῶν
1634 2505 1792 2540 ἐδεσμάτων
1808 2506 1880 2531 ἐκει-

1094 2561 1147 2579 νων
1159 2552 1214 2578 τῶν
1229 2551 1394 2579 πολυτελῶν.

1131 2599 1184 2624 IA’.
1205 2597 1312 2634 Ὥσπερ
1329 2596 1404 2636 ἐὰνῇ
1422 2599 1512 2634 μήτηρ
1538 2598 1638 2633 ἔχουσα
1659 2605 1716 2624 υιον
1737 2596 1880 2632 μονογενῆ,

1095 2643 1292 2676 εὐειδέστατον,
1321 2644 1413 2679 σοφὸν,
1440 2645 1507 2671 πᾶσι
1527 2643 1735 2677 κεκοσμημένον
1757 2642 1880 2676 ἀγαθοῖς,

1094 2689 1137 2724 ἐφ’
1157 2685 1180 2724 ᾧ
1194 2689 1251 2725 ἔχει
1280 2691 1370 2722 πάσας
1393 2690 1443 2721 τὰς
1460 2689 1580 2721 ὲλπίδας;
1601 2689 1648 2715 καὶ
1672 2688 1763 2724 συμϐῇ
1787 2687 1882 2715 τοῦτον

1093 2736 1214 2771 ταφῆναι
1227 2736 1272 2763 ὑπ’
1290 2737 1387 2772 αὐτῆς,
1398 2736 1493 2763 λοιπὸν
1507 2735 1683 2770 προσγίνεται
1705 2735 1775 2770 αὐτῇ
1797 2734 1879 2766 πόνος

1094 2781 1245 2814 ἄπαυστος,
1266 2783 1313 2809 καὶ
1327 2783 1423 2814 πένθος
1441 2781 1657 2818 ἀπαραμύθητον
1670 2791 1676 2796 -
1692 2781 1779 2813 οὕτως
1802 2783 1849 2808 καὶ
1866 2783 1881 2807 ὁ

1095 2827 1156 2859 νοῦς
1171 2828 1210 2860 ὡς
1222 2828 1410 2863 ἀποθανούσης
1432 2827 1487 2855 ἀπὸ
1512 2826 1579 2854 θεοῦ
1596 2827 1645 2862 τῆς
1662 2827 1762 2862 ψυχῆς,
1776 2826 1880 2862 ὀφείλει
