2078 3151
196 184 247 218 621

797 179 979 212 HOMILLE.
991 191 1025 196 —

1036 178 1130 209 HOM.
1149 178 1226 210 XVI.
1757 174 1809 206 622

198 241 296 274 πένθος
304 239 449 268 ἀναλαϐεῖν
463 239 510 266 καὶ
522 238 637 273 δάκρυα.
658 237 739 264 πόνον
749 237 897 271 ἄπαυστον,
919 245 980 263 συν-

1039 236 1087 262 Deo
1099 239 1206 262 mortua
1222 233 1257 262 sit
1274 233 1374 266 anima,
1399 233 1492 268 lugere
1511 231 1603 263 debet,
1628 239 1660 259 ac
1679 231 1810 266 lacrymas

197 287 382 324 τετριμμένην
397 285 469 321 ἔχειν
484 285 607 320 καρδίαν,
625 283 678 311 ὑπὸ
691 283 773 318 φόϐον
789 281 858 310 εῖναι
871 283 917 309 καὶ
934 282 982 317 μέ-

200 342 310 370 ριμναν,
326 333 399 367 ἔχειν
417 332 445 358 δὲ
462 331 509 358 καὶ
519 331 569 365 τὴν
584 331 679 356 πεῖναν
692 330 738 356 καὶ
762 329 842 364 δίψαν
854 328 900 355 τοῦ
913 329 981 362 ἀγα.

198 382 246 408 θοῦ
259 380 375 407 πάντοτε
387 386 393 393 ⁸
414 378 460 404 τὸν
485 377 604 404 τοιοῦτον
627 376 720 403 λοιπὸν
736 376 887 410 διαδέχεται
903 375 983 410 χάρις

198 425 266 453 Θεοῦ
280 425 328 452 καὶ
345 423 433 456 ἐλπὶς,
451 423 498 449 καί¹
508 422 600 450 οὐκέτι
615 422 689 448 ἐστὶν
700 422 729 448 ὲν
739 420 778 456 τῷ
792 420 905 455 τοιούτῳ
917 420 982 446 πέν-

162 470 171 482 ⁸
199 471 254 504 θος,
271 469 340 497 ἀλλὰ
356 469 445 505 χαίρει
474 467 511 499 ὡς
526 468 540 493 ὁ
565 466 654 502 εὑρὼν
673 466 818 502 θησαυρὸν,
839 465 887 492 κα)⁴
903 465 983 492 πάλιν

198 517 295 552 τρέμει
313 515 350 550 μή
368 523 425 545 πως
441 512 560 548 ἀπολέσῃ
578 511 669 539 αὐτόν.
693 512 869 547 Ἐπέρχονται
888 511 942 547 γὰρ
958 513 983 537 οἱ

199 558 307 594 λῃσταί.
325 558 432 592 Ὠσπερ
445 557 492 584 ἐάν
507 565 549 589 τις
562 558 602 589 είς
616 556 717 588 πολλὰς
730 556 924 592 λῃστουργίας,
937 558 984 583 καὶ

200 603 301 638 ζημίας
326 602 465 638 ἐμπεσὼν,
489 602 559 637 μετά
593 602 690 628 πολλοῦ
711 601 835 637 καμάτου
853 601 982 636 διαφύγῃ,

201 648 248 674 καὶ
264 647 334 682 μετά
346 647 432 674 ταῦτα
446 645 515 682 εὕρῃ
532 646 692 681 περιουσίαν
709 646 839 681 μεγάλην,
861 646 907 672 καὶ
919 646 984 672 ὑπό-

202 700 297 719 στασιν
323 691 434 727 πολλὴν,
458 692 505 718 καὶ
519 691 610 717 οὐκέτι
626 690 727 717 δέδοικε
753 690 854 726 ζημίαν
879 690 923 717 διὰ
939 691 983 717 τὸν

202 738 390 765 πλεονάσαντα
412 737 525 764 πλοῦτον
539 746 547 753 ·
573 737 660 768 οὕτως
684 737 731 763 καὶ
753 738 777 763 ol
795 737 983 772 πνευματικοὶ,

203 784 309 819 πρῶτον
328 783 478 815 διελθόντες
492 784 522 810 ὲν
538 783 645 814 πολλοῖς
664 784 827 818 πειρασμοῖς
843 783 890 810 καὶ
905 783 984 818 φοϐε-

204 829 261 864 ροῖς
277 827 380 860 τόποις.
397 826 463 855 Εἶτα
491 829 600 864 χάριτος
627 828 814 863 πληρωθέντες
838 829 886 854 καὶ
899 836 984 863 μεμε-

203 874 337 909 στωμένοι
349 873 403 900 τῶν
416 874 536 908 ἀγαθῶν,
555 873 646 900 οὐκέτι
661 873 796 900 δεδοίκασι
810 874 872 905 τοὺς
892 873 982 900 θέλον-

203 926 252 950 τας
277 918 376 950 αὐτοὺς
397 918 523 953 συλῆσαι,
551 918 645 954 ἐπειδὴ
670 918 685 944 ό
707 917 820 950 πλοῦτος
846 919 896 945 οὐκ
913 919 985 946 ἔστιν

203 963 296 994 αὐτοῖς
307 963 396 997 ὀλίγος
410 971 417 979 ·
430 963 521 998 ἔχουσι
536 963 621 990 δὲκαὶ
640 963 732 998 φόϐον,
758 963 788 990 οὐ
813 963 867 990 τῶν
886 963 985 998 φοϐου-

205 1008 296 1042 μένων
310 1008 344 1034 τά
365 1008 470 1044 πονηρὰ
485 1008 638 1044 πνεύματα,
653 1008 722 1035 ἀλλὰ
739 1008 821 1043 φόϐον
840 1009 888 1036 καὶ⁸
908 1009 985 1044 μέρι-

204 1062 287 1089 μναν,
309 1053 370 1086 πῶς
402 1054 571 1090 διοικήσουσι
593 1054 628 1081 τὰ
654 1054 868 1090 ὲμπιστευθέντα
894 1055 986 1088 αὐτοῖς

204 1100 378 1136 πνευματικά
394 1101 562 1136 χαρίσματα.

241 1230 291 1258 ΙΒ’.
319 1231 396 1266 Ἔχει
415 1231 444 1258 δὲ
467 1231 481 1258 ὁ
505 1231 624 1264 τοιοῦτος
650 1232 870 1268 ὲξουδενούμενον
892 1233 987 1261 ἑαυτὸν

206 1275 279 1310 παρά
294 1275 399 1307 πάντας
415 1276 604 1311 ἁμαρτωλοὺς,
630 1278 679 1304 καὶ
696 1277 753 1312 ἔχει
781 1279 811 1305 ἐν
835 1279 924 1314 ἑαυτῷ
941 1280 987 1306 τὸν

204 1320 324 1347 τοιοῦτον
354 1321 483 1356 λογισμὸν
511 1322 715 1360 ὲμφυτευθὲντα
736 1323 774 1354 ὥς
799 1325 923 1358 φυσικὸν,
939 1326 987 1352 καὶ

204 1366 266 1392 ὅσον
280 1367 433 1402 εἰσέρχεται
450 1368 490 1399 εἰς
503 1366 604 1401 γνῶσιν
621 1367 699 1401 Θεοῦ,
719 1368 847 1396 τοσοῦτον
864 1370 920 1405 ἔχει
936 1371 987 1398 αὺ-

203 1410 251 1437 τὸν
270 1410 388 1445 ίδιώτην,
403 1411 450 1438 καὶ
482 1412 543 1438 ὅσον
573 1412 715 1446 μανθάνει,
742 1414 782 1446 είς
808 1414 890 1449 μηδὲν
910 1415 987 1446 εἰδώς

205 1457 274 1484 ἔστι.
288 1456 380 1484 Ταῦτα
389 1457 418 1484 δὲ
434 1458 450 1493 ή
465 1457 544 1493 χάρις
559 1458 732 1492 διακονοῦσα,
747 1459 785 1490 ὡς
799 1460 902 1494 φυσικὰ
912 1461 942 1487 ὲν
954 1462 987 1496 τῇ

205 1502 278 1538 ψυχῇ
294 1503 490 1539 ἀπεργάζεται.
504 1504 608 1539 Ὠσπερ
622 1505 670 1531 ἐὰν
682 1503 699 1541 ᾗ
717 1506 822 1532 παιδίον
830 1506 882 1533 ὑπὸ
899 1507 987 1534 νεανί-

206 1557 273 1575 σκου
286 1548 485 1585 βασταζόμενον
500 1551 547 1577 καὶ
561 1552 575 1577 ό
591 1551 742 1585 βαστάζων,
759 1552 826 1578 αὐτὸ
841 1553 987 1588 περιφέρει

206 1593 273 1620 ὅπου
288 1594 359 1621 θέλει
371 1615 378 1629 ,
399 1595 470 1622 οὕτω
483 1596 530 1622 καὶ
542 1596 612 1623 κατά
625 1596 706 1631 βάθος
716 1598 898 1633 ἐνεργουμένη
909 1598 987 1633 χάρις

207 1638 335 1674 βαστάζει
348 1641 395 1667 τὸν
408 1641 479 1674 νοῦν,
500 1641 548 1668 καὶ
560 1642 690 1678 ἀναφέρει
706 1643 746 1675 εἰς
766 1644 830 1675 τοὺς
844 1644 987 1679 οὐρανοὺς,

206 1686 247 1717 είς
265 1686 311 1712 τὸν
325 1686 428 1714 τέλειον
437 1687 550 1722 κόσμον,
566 1688 606 1719 εἰς
616 1688 666 1723 τὴν
679 1689 788 1716 αἰώνιον
803 1690 988 1717 κατάπαυσιν.

207 1730 263 1757 Καὶ
278 1732 308 1758 ἐν
321 1732 390 1767 αὐτῇ
405 1732 433 1759 δὲ
442 1734 475 1768 τῇ
487 1733 579 1769 χάριτί
596 1734 650 1761 εισι
664 1735 751 1770 μέτρα
765 1736 812 1762 καὶ
830 1735 986 1771 ἀξιώματα.

209 1777 303 1808 ’Δλλος
318 1778 392 1805 ἐστὶν
418 1780 433 1804 ὁ
460 1779 648 1814 στρατηλάτης
666 1780 735 1815 ἔχων
751 1780 907 1816 παρρησίαν
923 1782 990 1817 πρὸς

206 1822 251 1849 τὸν
273 1823 396 1858 βασιλέα.
413 1824 460 1851 καὶ
475 1825 490 1851 ὁ
505 1822 584 1857 ἄλλος
608 1826 681 1852 ἐστὶν
708 1827 723 1853 ό
745 1827 867 1862 ἡγεμών.
884 1828 991 1863 Ὥσπερ

207 1864 281 1898 οἶκος
294 1868 508 1902 πεπληρωμένος
535 1870 640 1896 καπνοῦ
658 1870 805 1906 ὑπερεκχεί
822 1872 927 1905 τοῦτον,
943 1873 992 1899 καὶ

208 1913 249 1944 εἰς
267 1912 312 1939 τδν
326 1913 378 1945 ἔξω
396 1914 465 1949 ἀέρα
474 1922 481 1930 ·
499 1914 585 1947 οὕτως
597 1917 648 1943 κάν
664 1918 698 1952 τῇ
709 1917 779 1952 ὺυχῇ
793 1918 990 1954 μεμεστωμένη

209 1960 226 1993 ἡ
243 1959 326 1986 κακία
341 1960 531 1995 ὑπερεκχεῖται
546 1962 645 1994 ἔξωθεν
659 1963 706 1990 καὶ
719 1963 839 1990 ἐπιτελεῖ
853 1965 989 1999 καρπούς.

216 2005 259 2036 Ὠς
276 2005 302 2032 Ol
323 2006 556 2042 ἐγκεχειρισμένα
579 2008 666 2043 ἀρχάς
685 2009 881 2045 ἑπαρχότητος,
907 2010 923 2046 ἢ
944 2011 992 2046 θη-

209 2050 309 2086 σαυρὸν
318 2051 467 2086 βασιλικὸν,
482 2053 571 2080 πάντα
585 2054 631 2080 τὸν
642 2054 736 2089 χρόνον
752 2055 780 2081 ἐν
797 2055 917 2092 μερίμνῃ
928 2055 991 2087 εἰσὶ.

211 2098 309 2133 μήπως
326 2098 379 2134 ἄρα
396 2099 608 2134 προσκρούσωσι
625 2100 664 2135 τῷ
675 2100 780 2135 βασιλεῖ
793 2109 800 2117 ·
819 2101 889 2127 οὓτω
907 2102 953 2128 καὶ
967 2102 991 2128 οἱ

208 2144 438 2179 ὲμπιο-ιευθέντες
451 2144 531 2180 ἔργον
547 2146 732 2181 πνευματικὸν
758 2147 802 2173 ἀεὶ
822 2147 851 2173 ἐν
871 2147 992 2184 μερίμνῃ

209 2191 272 2223 εἰσὶ,
288 2191 335 2218 καὶ
351 2191 458 2226 ἔχοντες
474 2192 635 2224 ἀνάπαυσιν,
654 2192 748 2228 ὥσπερ
765 2193 814 2220 οῦκ
834 2194 901 2220 εἰσιν
928 2195 992 2220 ἀνα-

1034 280 1195 312 ell‘undcre,
1213 280 1397 313 continuoque
1418 285 1534 306 maerore
1557 277 1643 309 allici,
1663 277 1811 303 contritum

1034 327 1136 353 habere
1151 333 1209 357 cor,
1224 332 1286 352 cum
1302 328 1376 352 metu
1389 327 1416 351 et
1427 323 1611 351 sollicitudine
1623 323 1706 349 vitam
1721 329 1811 357 agere,

1033 376 1061 399 et
1072 371 1201 399 continua
1214 371 1284 398 fame
1297 378 1328 397 ac
1341 370 1386 397 siti
1402 369 1487 403 ipsius
1499 369 1564 396 boni
1576 368 1710 396 laborare.
1719 367 1813 394 Talem

1034 417 1207 452 postmodum
1221 417 1394 451 amplectitur
1404 416 1488 452 gratia
1499 416 1548 443 Dei
1558 419 1586 443 et
1596 422 1668 450 spes,
1677 422 1729 441 nec
1740 413 1812 441 ultra

1033 466 1076 489 est
1088 462 1116 489 in
1130 462 1216 494 luctu,
1226 461 1274 489 sed
1289 461 1387 497 gaudio
1401 460 1585 496 perfunditur,
1596 459 1710 495 perinde
1722 466 1754 486 ac
1768 459 1813 485 ille

1033 507 1080 542 qui
1101 507 1259 534 thesaurum
1281 507 1398 541 reperit,
1417 513 1450 533 ac
1467 512 1562 532 rursus
1582 503 1760 535 intremiscit,
1777 510 1812 530 ne

1033 561 1088 588 quo
1110 557 1189 588 pacto
1211 560 1274 580 eum
1298 553 1402 588 perdat.
1418 552 1566 587 lnsurgunt
1585 551 1658 578 enim
1680 550 1812 577 latrones.

1033 599 1150 627 Perinde
1165 606 1230 627 vero
1243 607 1276 627 ac
1289 599 1336 634 qui
1351 599 1379 626 in
1394 599 1494 625 multas
1507 598 1643 625 latronum
1660 596 1769 630 rapinas
1785 599 1814 622 et

1034 644 1155 678 pericula
1171 645 1293 680 illapsus,
1306 652 1360 672 non
1374 644 1477 679 absque
1490 650 1588 677 magno
1603 642 1697 669 labore
1711 640 1812 671 evadit,

1033 697 1065 716 ac
1081 693 1185 724 postea,
1198 689 1356 725 ingentibus
1370 689 1470 724 opibus
1485 696 1515 715 ac
1527 686 1702 715 facultatibus
1717 686 1814 713 inven-

1035 735 1080 764 tis.
1095 742 1150 762 non
1166 735 1284 770 amplius
1298 735 1426 762 damnum
1442 734 1508 761 illud
1523 737 1637 768 propter
1650 731 1813 759 afﬂuentiam

1034 780 1192 808 divitiarum
1205 781 1303 807 metuit
1317 789 1323 807 :
1339 780 1379 807 sic
1390 787 1498 815 quoque
1510 778 1668 814 spirituales
1678 776 1813 806 homines,

1034 825 1081 860 qui
1105 824 1182 860 prius
1203 832 1252 859 per
1275 824 1374 851 multas
1396 823 1561 851 tentationes
1581 828 1609 849 et
1632 820 1814 849 formidabilia

1035 870 1094 897 loca
1111 870 1280 896 transierunt
1294 879 1301 896 :
1319 869 1419 897 deinde
1438 869 1524 904 gratia
1544 867 1664 902 impleti,
1681 866 1815 900 bonisque

1035 915 1168 942 cumulati
1192 919 1272 948 sunt,
1288 922 1343 941 non
1368 914 1484 949 amplius
1507 913 1567 940 illos
1589 911 1750 942 formidant,
1768 910 1817 944 qui

1036 960 1188 995 depraedari
1201 967 1249 987 eos
1261 959 1400 991 volebant,
1408 958 1536 993 quoniam
1551 957 1624 984 haud
1636 956 1740 991 exigua!
1752 959 1818 982 sunt

1037 1007 1158 1041 ipsorum
1174 1013 1255 1041 opes;
1274 1012 1329 1032 non
1346 1009 1437 1032 tamen
1453 1012 1566 1039 prorsus
1583 1007 1657 1030 metu
1672 1010 1704 1030 ae
1718 1002 1817 1029 timore

1035 1052 1110 1079 omni
1130 1055 1240 1084 carent,
1258 1055 1348 1083 metu,
1365 1051 1493 1085 inquam,
1509 1057 1564 1076 non
1585 1048 1675 1084 qualis
1698 1052 1754 1079 est,
1769 1047 1817 1081 qui

1035 1096 1217 1124 extimescunt
1231 1095 1320 1123 malos
1333 1095 1463 1130 spiritus;
1478 1094 1526 1121 sed
1541 1094 1594 1121 hoc
1607 1096 1682 1120 metu
1697 1099 1729 1120 ac
1743 1092 1818 1120 solli.

1036 1142 1158 1170 citudine
1171 1146 1314 1177 urgentur,
1327 1139 1465 1176 quomodo
1478 1139 1531 1167 rite
1545 1138 1739 1166 administrent
1751 1145 1818 1165 con-

1035 1187 1140 1215 credita
1154 1187 1207 1215 sibi
1219 1187 1372 1222 spiritualia
1385 1187 1466 1215 dona.

1070 1233 1128 1261 XII.
1139 1234 1239 1262 Verum
1252 1233 1298 1269 qui
1312 1233 1447 1269 ejusmodi
1461 1236 1513 1265 est,
1523 1236 1633 1267 reputat
1645 1239 1674 1259 se
1687 1230 1816 1266 abjectio—

1036 1287 1094 1307 rem
1109 1279 1236 1307 omnibus
1248 1279 1449 1314 peccatoribus,
1463 1279 1599 1313 talemque
1611 1276 1815 1312 cogitationem,

1036 1325 1111 1352 velut
1131 1324 1302 1357 naturalem,
1326 1324 1378 1351 sibi
1405 1324 1514 1351 insitam
1540 1324 1636 1356 habet;
1663 1325 1816 1356 etquanto

1036 1372 1123 1407 magis
1137 1372 1166 1398 in
1180 1371 1278 1398 notitia
1292 1371 1341 1398 Dei
1355 1370 1472 1406 proﬁcit,
1486 1375 1561 1398 tanto
1578 1370 1772 1405 simpl‘iciorem
1788 1376 1817 1396 se

1036 1418 1174 1446 existimat
1194 1418 1306 1445 idiotam
1328 1426 1334 1444 :
1355 1421 1383 1445 et
1401 1421 1503 1452 quanto
1524 1417 1610 1453 magis
1629 1417 1770 1448 didicerit,
1784 1423 1819 1443 eo

1037 1464 1177 1491 rudiorem
1199 1471 1228 1490 se
1252 1467 1371 1497 reputat.
1386 1463 1450 1490 Haec
1468 1467 1560 1490 autem
1580 1463 1667 1498 gratia
1689 1462 1819 1489 directrix

1037 1509 1113 1537 velut
1125 1509 1217 1536 innata
1233 1509 1340 1541 animae,
1354 1509 1468 1544 peragit.
1482 1507 1716 1541 Quemadmodum
1729 1507 1781 1542 72
1795 1507 1818 1534 si

1039 1555 1075 1582 sit
1088 1554 1187 1586 infans,
1200 1554 1248 1589 qui
1262 1561 1276 1580 a
1286 1554 1388 1588 juvene
1400 1558 1532 1588 gestetur,
1544 1554 1567 1580 is
1580 1554 1627 1588 qui
1639 1561 1701 1580 eum
1716 1557 1818 1588 portat,

1040 1600 1198 1628 circumfert
1212 1600 1339 1627 eumdem
1355 1607 1519 1635 quocunque
1536 1600 1651 1627 libuerit
1668 1609 1675 1626 τ
1693 1600 1733 1627 sic
1748 1607 1819 1633 quo-

1040 1652 1093 1681 que
1109 1645 1205 1681 gratia,
1219 1645 1248 1672 in
1261 1644 1397 1680 profundo
1409 1644 1482 1672 vires
1500 1651 1563 1671 suas
1580 1651 1720 1676 exserens,
1732 1647 1820 1678 gestat

1040 1690 1178 1721 animum,
1198 1697 1316 1724 eumque
1338 1689 1428 1717 defert
1451 1689 1484 1716 ad
1509 1689 1608 1721 cmlos,
1628 1689 1662 1716 ad
1687 1689 1819 1716 mundum

1039 1735 1206 1770 perfectum,
1223 1734 1257 1761 ad
1279 1738 1408 1761 aeternam
1433 1735 1566 1769 requiem.
1584 1734 1683 1762 Verum
1709 1734 1737 1761 in
1762 1734 1821 1768 ipsa

1040 1780 1126 1816 gratia
1148 1784 1212 1807 sunt
1233 1779 1333 1815 gradus
1356 1783 1384 1808 et
1407 1780 1564 1815 dignitates.
1584 1781 1661 1808 Alius
1682 1781 1754 1808 enim
1778 1785 1830 1808 σειν

1040 1825 1185 1860 praefectus
1197 1825 1324 1857 militum,
1334 1825 1380 1860 qui
1393 1825 1507 1852 liberam
1523 1825 1605 1853 habet
1617 1825 1736 1853 adeundi
1751 1827 1821 1860 regis

1041 1874 1204 1906 potestatem
1225 1878 1233 1897 :
1255 1870 1325 1898 alius
1342 1878 1409 1898 vero
1428 1875 1471 1898 est
1489 1871 1553 1898 dux.
1571 1871 1688 1898 Perinde
1705 1877 1771 1897 vero
1790 1874 1822 1897 ut

1041 1917 1139 1944 domus
1153 1916 1229 1944 fumo
1241 1916 1431 1952 repleta,‘eum
1447 1916 1564 1943 etTundit
1580 1916 1608 1942 in
1624 1923 1715 1942 aerem
1732 1920 1821 1942 extero

1042 1969 1123 1995 num;
1142 1962 1182 1989 sic
1197 1962 1281 1991 etiam
1296 1962 1324 1988 in
1340 1962 1431 1988 anima
1446 1961 1603 1988 redundans
1614 1961 1716 1988 malitia
1730 1961 1822 1988 effun-

1042 2007 1117 2035 ditur
1131 2007 1215 2040 foras,
1229 2015 1261 2035 ac
1275 2007 1381 2034 fruetus
1396 2006 1533 2041 producit.
1550 2007 1584 2034 Et
1597 2007 1669 2034 sicut
1680 2006 1710 2039 ii,
1723 2006 1823 2041 quibus

1042 2053 1167 2089 gerendae
1179 2053 1358 2088 praefectum,
1368 2057 1415 2079 aut
1426 2052 1599 2080 custodiendi
1612 2052 1733 2080 thesauri
1745 2052 1822 2087 regii,

1044 2106 1109 2126 cura
1125 2099 1268 2126 commissa
1285 2102 1338 2130 est,
1354 2105 1493 2132 nunquam
1509 2098 1583 2125 curis
1597 2101 1705 2131 vacant,
1719 2105 1754 2124 ne
1768 2105 1824 2132 quo

1043 2148 1123 2180 pacto
1144 2152 1235 2179 regem
1258 2143 1399 2171 offendant
1416 2152 1424 2170 :
1442 2143 1482 2171 sic
1498 2151 1608 2178 quoque
1625 2151 1742 2178 quorum
1761 2144 1824 2171 ﬁdei

1043 2197 1113 2224 opus
1132 2189 1242 2224 aliquod
1262 2189 1404 2224 spirituale
1425 2189 1602 2216 commissqu
1623 2193 1675 2221 est,
1694 2189 1824 2217 continua

210 2235 390 2271 πεπαυμένοι.
414 2236 448 2262 Ἦ
465 2235 589 2271 βασιλεία
614 2237 669 2272 γὰρ
681 2237 729 2263 τοῦ
745 2237 856 2268 σκότους
871 2239 887 2272 ἡ
900 2238 988 2264 ἐπεισ-

1044 2235 1229 2263 sollicitudine
1245 2239 1388 2267 tenentur;
1406 2239 1438 2262 et,
1448 2235 1484 2262 ita
1500 2235 1593 2270 quieto
1606 2235 1747 2268 fruuntur,
1760 2243 1825 2270 per—

209 2279 324 2307 ελθοῦσα
338 2281 371 2315 τῇ
388 2280 475 2314 πόλει,
488 2283 611 2308 τουτέστι
631 2284 664 2317 τῇ
678 2282 762 2318 ψυχῇ,
778 2283 826 2309 καὶ
846 2283 871 2309 oi
887 2282 994 2310 διακατ-

210 2325 317 2360 έχοντες
334 2324 466 2361 βάρϐαροι
482 2326 532 2358 τὰς
548 2327 635 2362 νομάς
661 2329 756 2363 αὐτῆς,
769 2328 932 2361 ἐξωθοῦνται
945 2329 992 2355 ἀπ’

209 2370 305 2398 αὐτῆς.

319 2415 489 2443 ’Δποστέλλει
501 2417 560 2451 γάρτ
571 2417 585 2443 ὁ
601 2417 726 2452 βασιλεὺς
742 2418 857 2453 Χριστὸς
871 2419 911 2450 είς
922 2419 995 2445 ἐκδί-

211 2469 291 2496 κησιν
302 2461 352 2496 τῆς
375 2461 490 2495 πόλεως,
507 2463 554 2490 καὶ
573 2464 669 2498 δεσμοτ
684 2465 747 2495 τοὺς
767 2464 925 2499 τυράννους,
947 2465 995 2491 καὶ

163 2514 186 2534 ⁸η
212 2508 379 2544 στρατηγίαν
402 2510 573 2545 ἐπουράνιον,
590 2510 638 2537 καὶ
663 2511 816 2546 παράταξιν
831 2512 995 2546 πνευμάτων

209 2554 297 2589 ἁγίων
314 2555 373 2581 ἐκεῖ
400 2555 561 2588 κατοικίζει,
590 2556 684 2591 ὥσπερ
705 2557 820 2592 πατρίδα
837 2557 924 2584 ίδίαν’
949 2558 997 2584 καὶ

211 2601 302 2629 λοιπὸν
315 2603 404 2636 φαίνει
420 2604 435 2629 ό
451 2604 526 2638 ἥλιος
541 2604 570 2629 ὲν
591 2604 625 2638 τῇ
645 2602 756 2638 καρδίᾳ,
768 2603 816 2629 καὶ
835 2603 864 2629 αἱ
885 2603 995 2635 ἀκτῖνες

211 2648 293 2674 αὑτοῦ
305 2649 494 2684 διατρέχουσιν
510 2650 550 2680 είς
563 2648 612 2675 ὅλα
627 2648 660 2674 τά
682 2648 760 2683 μέλη.
780 2649 835 2674 Καὶ
847 2649 921 2674 ἐστιν
938 2649 996 2674 ἐκεῖ

211 2693 304 2720 λοιπὸν
321 2694 416 2729 βαθεῖα
445 2695 541 2730 εἰρήνη
570 2695 587 2728 ἡ
604 2693 793 2728 βασιλεύουσα.
827 2694 857 2721 ’0
872 2694 902 2721 δὲ
922 2694 996 2729 ἁγὼν

211 2738 257 2765 τοῦ
277 2739 422 2773 ἀνθρώπου
444 2740 490 2767 καὶ
512 2741 529 2775 ή
546 2739 668 2775 ἄθλησις,
686 2740 733 2765 καὶ
746 2740 901 2775 δοκιμασία,
920 2742 966 2767 καὶ
979 2741 996 2775 ὴ

211 2783 280 2818 πρὸς
309 2783 376 2810 Θεὸν
401 2783 492 2810 εὔνοια
518 2784 578 2810 τότε
595 2785 729 2818 φαίνεται,
754 2786 797 2811 ὅτε
820 2785 870 2820 τῆς
887 2785 997 2821 χάριτος

212 2826 445 2864 ὑποστελλομένης
469 2829 624 2865 ἁνδρίσεται
660 2829 706 2856 καὶ
729 2829 821 2864 βοήσει
855 2830 923 2864 πρὸς
952 2830 996 2856 τὸν

213 2873 278 2900 Θεόν
291 2882 299 2892 ν
317 2874 385 2901 ἀλλὰ
398 2876 428 2902 σὺ
445 2875 560 2906 ἁκούων,
581 2876 621 2902 ὅτι
633 2875 686 2902 εἰσὶ
702 2876 819 2910 ποταμοὶ
833 2875 996 2910 δρακόντων,

1043 2282 1107 2310 inde
1123 2289 1159 2310 ac
1170 2282 1192 2310 si
1209 2289 1240 2309 ea
1257 2285 1393 2309 carerent.
1409 2281 1532 2316 Regnum
1554 2281 1627 2308 enim
1650 2281 1826 2308 tenebrarum

1043 2328 1204 2355 subintrans
1224 2327 1374 2359 civitatem,
1387 2327 1439 2353 hoc
1460 2331 1511 2359 est,
1527 2327 1655 2357 animam,
1668 2330 1696 2353 et
1716 2326 1828 2353 barbari

1043 2377 1210 2408 occupantes
1223 2373 1283 2408 ejus
1295 2380 1405 2407 pascua,
1418 2380 1453 2399 ex
1466 2372 1510 2399 illa
1525 2372 1710 2407 expelluntur.

1078 2419 1149 2446 Xlll.
1163 2418 1244 2446 Mittit
1259 2418 1332 2445 enim
1350 2425 1396 2444 rex
1414 2417 1551 2449 Christus,
1564 2418 1612 2452 qui
1627 2417 1774 2444 vindictam
1792 2417 1827 2444 de

1044 2465 1154 2492 civitate
1167 2464 1212 2490 illa
1227 2467 1346 2495 sumant,
1360 2468 1389 2490 et
1401 2468 1531 2498 tyrannos
1544 2463 1571 2489 in
1582 2462 1692 2489 vincula
1704 2461 1826 2496 conjicit,

1044 2517 1077 2537 ac
1097 2510 1249 2537 exercitum
1265 2509 1416 2540 catlestem,
1429 2512 1457 2535 et
1473 2508 1584 2535 ordines
1600 2507 1746 2541 spirituum
1763 2514 1828 2533 san-

1045 2561 1152 2584 ctorum
1176 2555 1231 2584 illic
1250 2555 1381 2586 collocat,
1398 2559 1525 2588 tanquam
1547 2553 1574 2580 in
1596 2553 1684 2587 patria
1704 2552 1826 2587 propria.

1045 2602 1113 2629 Tum
1126 2608 1191 2628 vero
1207 2600 1245 2628 sol
1262 2600 1290 2627 in
1305 2599 1388 2626 corde
1405 2598 1539 2633 splendet,
1552 2602 1580 2626 et
1592 2598 1661 2624 radii
1675 2598 1734 2633 ejus
1746 2604 1829 2631 pene-

1046 2653 1119 2675 trant
1133 2638 1223 2674 omnia
1240 2646 1371 2678 membra,
1385 2651 1467 2680 atque
1484 2645 1535 2672 sibi
1553 2652 1659 2672 summa
1676 2652 1728 2678 pax
1745 2644 1830 2677 impe-

1046 2694 1118 2720 rium
1141 2696 1224 2720 tenet.
1245 2692 1345 2719 Verum
1368 2695 1506 2718 certamen
1529 2698 1561 2718 ac
1582 2698 1671 2725 pugna
1695 2689 1828 2722 hominis,

1046 2737 1182 2773 probatio,
1203 2741 1231 2764 et
1242 2744 1304 2771 erga
1319 2736 1404 2763 Deum
1420 2735 1612 2763 benevolentia
1627 2739 1693 2762 tunc
1705 2739 1828 2769 apparet,

1047 2783 1165 2818 quando,
1178 2782 1265 2818 gratia
1280 2790 1309 2809 se
1325 2781 1506 2812 subduccnte,
1520 2781 1610 2807 virum
1625 2787 1655 2807 se
1667 2783 1787 2814 praestat,
1802 2785 1831 2807 et

1048 2830 1145 2856 clamat
1163 2829 1197 2855 ad
1218 2828 1374 2855 Dominum.
1387 2827 1454 2855 Cum
1473 2834 1539 2853 vero
1558 2826 1636 2853 audis
1654 2823 1752 2854 ﬂuvios
1770 2832 1831 2852 esse

1048 2876 1208 2907 draconum,
1222 2882 1268 2902 ora
1283 2874 1403 2906 leonum,
1416 2877 1444 2901 ct
1458 2875 1608 2908 potestates
1620 2871 1671 2900 sub
1687 2871 1755 2899 cmlo
1767 2870 1832 2898 cali-
