2078 3151
259 153 312 185 623

884 162 914 191 S.
934 162 1094 194 MACARII
1113 165 1275 195 [EGYPTII

1829 166 1882 199 694

258 210 381 245 ginosas,
392 212 480 247 ignem
494 218 632 247 urentem,
640 218 668 241 et
678 215 867 250 strepitantem
878 215 905 243 in
917 217 1037 244 omnibus

1097 219 1144 245 καὶ
1159 219 1281 254 στόματα
1305 219 1432 252 λεόντων,
1452 220 1499 247 καὶ
1512 220 1643 255 δυνάμεις
1657 221 1685 247 αἱ
1699 221 1752 248 ὑπὸ
1772 221 1817 249 τὸν
1833 223 1881 250 οὺ-

257 256 391 285 membris
408 258 449 293 (ut
464 259 534 286 nihil
551 259 605 287 tale
621 264 694 287 terra
711 261 861 296 continet),
876 266 904 289 et
918 262 1042 298 ignoras,

257 301 310 328 nisi
329 303 468 337 acceperis
483 304 669 332 arrhabonem
687 305 808 340 Spiritus
825 306 930 338 sancti,
943 306 1008 334 dum
1028 314 1044 334 e

257 355 373 383 corpore
393 349 527 384 discedis;
550 351 669 379 animam
689 351 748 379 haec
767 355 841 379 tuam
860 352 1043 387 eomprehen~

256 393 336 427 dunt,
348 403 399 423 nec
409 396 442 423 ad
454 398 539 425 cmlos
552 397 601 424 tibi
614 405 758 425 ascensum
771 397 935 425 concedunt.
947 398 1043 425 Itidem

256 439 290 466 de
306 439 437 475 dignilatc
451 442 549 470 anima:
561 442 608 470 ubi
622 442 753 476 audieris,
767 451 848 478 quam
863 444 993 478 praeclara
1008 444 1044 471 sit

254 485 409 513 substantia
436 487 482 515 illa
506 488 650 516 intellectu
672 488 801 524 prmdita,
817 496 873 516 non
897 489 1042 524 intelligis,

256 531 330 565 quod
346 532 419 560 Deus
436 541 492 561 non
509 534 543 561 de
558 534 673 570 angelis,
690 534 737 561 sed
754 535 789 562 de
804 539 903 562 natura
922 535 1043 562 humana

255 577 357 605 dixerit
373 578 440 606 illud
458 588 464 606 :
483 579 624 608 Faciamus
641 581 676 608 ad
692 581 835 616 imaginem
851 586 876 609 et
890 582 1042 609 similitudi-

255 631 315 650 nem
335 629 454 652 nostram
464 626 497 658 ⁸⁸,
511 631 538 653 et
552 627 627 662 quod
641 627 740 654 ccelum
755 632 783 654 et
797 632 871 655 terra
889 632 1041 661 transeant,

255 674 285 695 tu
300 677 364 696 vero
378 670 412 697 ad
427 671 662 700 immortalitatem
674 677 789 700 vocatus
803 673 851 706 sis,
863 678 894 701 ut
905 674 944 701 sis
958 674 1041 707 ﬁlius,

254 714 342 743 frater
357 721 385 743 et
400 725 499 752 sponsa
519 718 607 754 regis?
625 719 655 746 In
673 719 758 747 rebus
774 721 848 748 enim
865 729 926 756 qum
943 722 972 750 in
990 722 1042 749 hoc

254 762 355 788 steculo
370 762 510 795 videntur,
527 765 620 792 omnia
634 773 695 801 qua:
710 770 775 793 sunt
786 768 896 802 sponsi,
910 768 942 795 ad
957 776 1042 803 spon-

254 813 311 833 sam
323 808 474 842 pertinent;
488 810 527 837 sic
537 818 647 846 quoque
659 812 750 839 omnia
769 820 830 848 quae
845 819 910 841 sunt
921 814 1040 847 Domini,

253 858 355 887 quanta
372 859 474 889 quanta
493 856 563 888 sint,
575 858 724 885 committit
741 858 787 886 ille
804 863 858 886 tuae
874 859 947 886 ﬁdei.
961 860 1042 887 Venit

1098 265 1178 301 ρανὺν
1194 266 1343 298 σκοτειναὶ,
1362 267 1409 293 καὶ
1439 265 1494 300 πῦρ
1509 266 1610 301 φλέγον
1626 266 1673 293 καὶ
1697 267 1834 302 καχλάζον
1852 269 1881 295 ὲν

1095 312 1152 343 τοῖς
1166 311 1284 346 μέλεσιν,
1304 311 1343 343 ὡς
1359 311 1434 338 οὐδὲν
1456 312 1473 347 ἡ
1493 311 1541 346 γῆ,
1564 312 1601 348 μὴ
1615 311 1695 344 εἰδὼς
1714 312 1756 339 ὅτι
1780 313 1828 341 ἐὰν
1844 315 1880 349 μὴ

1094 358 1157 394 δέξῃ
1174 358 1219 384 τὸν
1233 358 1381 394 ἁρῤαὸὦνα
1396 357 1443 384 τοῦ
1458 357 1616 393 Πνεύματος
1638 358 1687 385 τοῦ
1704 359 1782 392 ἁγίου
1800 361 1829 385 ἑν
1842 360 1881 395 τῷ

1095 403 1255 438 έξέρχεσθαι
1267 403 1314 430 τοῦ
1335 402 1472 438 σώματος,
1486 403 1633 438 κατέχουσι
1648 412 1695 430 σου
1710 403 1759 439 τὴν
1780 403 1880 439 ψυχὴν,

1095 449 1134 484 μὴ
1147 449 1246 480 ἐῶντές
1271 457 1300 475 σε
1313 448 1436 476 ἀνελθεῖν
1455 449 1496 480 εἰς
1514 449 1578 480 τοὺς
1591 447 1734 484 οὐρανούς.
1764 449 1881 484 Ὁμοίως

1093 495 1122 522 δὲ
1137 496 1184 522 καὶ
1199 495 1264 530 περὶ
1278 495 1325 521 τοῦ
1342 494 1495 530 ἀξιώματος
1506 495 1556 529 τῆς
1577 494 1667 530 ψυχῆς
1689 494 1809 528 ἀκούων,
1822 495 1881 526 πῶς

1094 542 1152 568 ἐστι
1167 541 1246 576 τιμία
1260 541 1277 576 ὴ
1294 540 1375 576 νοερὰ
1388 540 1478 573 οὐσία,
1503 541 1533 567 οὔ
1549 542 1660 573 συνιεῖς,
1683 541 1726 568 ὅτι
1749 542 1800 568 οὐκ
1815 539 1877 568 εἷπε

1093 587 1159 622 περὶ
1175 586 1311 621 ἀγγέλων,
1326 586 1393 613 ἀλλὰ
1409 586 1474 621 περὶ
1488 587 1539 622 τῆς
1560 586 1735 621 ἀνθρωπίνης
1757 586 1877 621 φύσεως,

1092 633 1134 666 τὸ,
1146 632 1323 667 Ποιήσωμεν
1329 632 1393 659 κατ’
1402 632 1504 659 εἰκόνα
1511 632 1658 666 ἡμετέραν
1666 631 1715 659 καὶ
1725 633 1879 667 ὁμοίωσιν·

1093 679 1150 710 καὶ,
1165 679 1206 706 ὅτι
1221 679 1236 705 ὁ
1251 679 1366 714 οὐρανὸς
1384 678 1432 705 καὶ
1446 680 1463 713 ὴ
1475 678 1512 713 γῆ
1542 678 1726 714 παρέρχεται’
1745 678 1777 704 σὺ
1799 677 1827 704 δὲ
1841 679 1881 710 εἰς

1093 724 1242 757 υἱοθεσίαν,
1268 725 1309 756 είς
1334 723 1513 758 ἀδελφότητα,
1542 724 1581 755 είς
1601 723 1711 758 νύμφην
1735 723 1878 759 βασιλέως.

1099 770 1144 798 Ἐν
1161 771 1217 803 τοῖς
1234 770 1407 805 φαινομένοις
1419 769 1474 806 γὰρ
1489 771 1580 797 πάντα
1590 769 1624 796 τὰ
1634 769 1681 796 τοῦ
1696 770 1814 805 νυμφίου
1830 770 1880 805 τῆς

1092 817 1202 853 νύμφης
1222 817 1288 849 εἰσὶ,
1306 817 1354 844 καὶ
1378 817 1466 844 πάντα
1494 817 1529 843 τὰ
1555 815 1602 843 τοῦ
1616 816 1718 852 Κυρίου
1740 816 1791 844 ὅσα
1810 815 1880 843 είσὶν

1094 862 1257 897 ὲμπιστεύει
1283 870 1336 888 σοι.
1352 859 1440 888 Ἦλθε
1463 861 1518 896 γὰρ
1545 863 1586 893 είς
1609 861 1758 898 πρεσϐείαν
1776 861 1824 897 σὴν
1845 861 1880 888 δι’

253 899 312 933 ipse
325 899 359 927 ad
372 900 536 935 legationem
549 903 588 930 tui
601 911 682 931 causa
696 904 862 938 obeundam,
875 910 906 933 ut
922 910 948 933 te
962 913 1037 933 revo-

1097 893 1196 934 ὲαυτοῦ
1212 926 1220 938 ,
1236 907 1280 933 ἵνα
1298 915 1327 933 σι
1347 893 1565 941 ἀνακαλέίιηίιται⁸
1582 893 1637 933 καὶ,
1646 906 1678 933 σὺ
1699 906 1776 933 οὐδὲν
1798 893 1878 938 νοεῖς,

251 949 337 971 caret.
348 944 390 971 Tu
404 953 470 973 vero
485 946 554 973 nihil
570 947 711 984 intelligis,
723 957 812 984 neque
825 950 946 985 percipis
958 951 1039 978 nobi-

251 991 356 1020 litatem
378 1002 385 1020 :
408 1001 440 1021 ac
453 995 554 1022 merito
570 1004 635 1031 ergo
651 995 776 1031 deplorat
792 1005 886 1025 casum
904 1003 981 1026 tuum
995 999 1040 1026 ille

251 1038 355 1073 Spiritu
368 1040 476 1074 plenus,
487 1041 615 1076 inquiens
626 1051 633 1069 :
644 1043 728 1070 Homo
743 1052 803 1070 cum
815 1044 843 1070 in
856 1045 953 1071 honore
964 1050 1038 1078 esset,

251 1093 304 1112 non
319 1086 467 1115 intellexit:
479 1093 648 1124 comparatu:
660 1093 698 1116 est
708 1090 835 1124 jumentis
847 1090 1038 1125 insipientibus,

251 1135 277 1158 et
291 1132 384 1159 similis
408 1133 492 1168 factus
514 1139 552 1161 est
574 1134 628 1162 illis
637 1135 670 1162 ".
682 1135 774 1163 Gloria
787 1135 872 1166 Patri,
882 1140 911 1163 et
923 1135 1002 1169 Filio,
1011 1141 1039 1164 et

251 1177 367 1212 Spiritui
383 1183 488 1212 sancto,
502 1181 530 1207 in
548 1181 656 1208 saecula.
673 1181 770 1209 Amen.

526 1235 669 1264 HOMILIA
685 1237 766 1265 XVII.

250 1277 289 1305 De
308 1280 443 1319 spiritaali
461 1280 673 1319 Christianorum
693 1284 815 1310 unctione
833 1288 859 1310 et
877 1284 963 1319 gloria
982 1293 991 1311 :
1013 1289 1038 1311 et

284 1315 353 1348 quod
373 1315 469 1350 absque
488 1315 591 1343 Christo
610 1318 726 1350 salvari,
743 1323 789 1345 aut
809 1315 891 1346 vitam
910 1325 1038 1347 wternam

283 1351 406 1385 consequi
417 1351 575 1386 impossibile
588 1353 631 1379 sit.

284 1405 305 1431 Ι.
319 1405 470 1434 Christiani
491 1409 622 1443 perfecti,
638 1410 686 1445 qui
704 1411 780 1447 digni
798 1412 935 1440 habentur
951 1413 1036 1440 attin-

248 1458 313 1487 gere
329 1452 443 1486 gradum
461 1455 651 1489 perfectionis,
665 1464 697 1484 ac
713 1456 773 1484 ﬁeri
790 1457 846 1493 regi
863 1458 991 1493 proximi,
1007 1459 1035 1485 hi

248 1498 325 1526 cruci
347 1498 450 1527 Christi
472 1506 606 1536 perpetuo
630 1503 782 1531 consecrati
802 1508 877 1532 sunt.
898 1503 1035 1537 Quemad-

247 1543 360 1572 modum
378 1545 450 1572 enim
464 1546 661 1580 prophetarum
679 1548 852 1584 temporibus
867 1551 961 1578 unctio
977 1556 1035 1579 erat

246 1596 294 1616 res
315 1590 428 1618 omnino
450 1592 585 1626 pretiosa,
606 1601 668 1621 cum
689 1594 718 1621 in
740 1602 820 1630 reges
840 1600 868 1624 et
888 1597 1037 1632 prophetas

247 1640 418 1670 angerentur
436 1646 443 1664 :
460 1638 501 1665 sic
518 1646 629 1674 quoque
648 1647 722 1668 nunc
742 1642 913 1677 spirituales,
930 1644 1036 1671 ctelesti

247 1681 379 1709 unctione
395 1684 532 1717 peruncti,
548 1686 669 1713 evadunt
682 1686 832 1715 Christiani
847 1695 897 1723 per
908 1689 1035 1724 gratiam,

247 1731 278 1753 ut
294 1726 345 1761 ipsi
360 1728 416 1756 sint
431 1737 509 1771 reges
523 1735 551 1757 et
566 1732 706 1766 prophetae
721 1733 875 1761 caelestium
889 1736 1035 1771 mysterio-

246 1779 318 1799 rum.
335 1772 464 1806 Quinimo
481 1767 508 1801 lii
527 1780 593 1803 sunt
610 1776 659 1803 ﬁlii
676 1781 703 1804 et
717 1778 824 1806 nomini
841 1784 870 1806 et
885 1767 934 1812 dii,
950 1780 1035 1808 vincti

246 1824 279 1845 ac
304 1819 421 1853 captivi,
447 1820 638 1856 abjectissimi,
661 1824 792 1860 crucifixi]
810 1832 842 1852 ac
870 1827 1034 1854 consecrati.

246 1863 300 1898 73
323 1863 351 1891 Si
374 1866 448 1892 enim
470 1868 564 1895 unctio
586 1869 655 1901 olei,
674 1877 688 1896 a
711 1871 804 1904 planta
826 1872 986 1906 aspectabili
1007 1878 1036 1900 et

244 1909 320 1945 ligno
336 1911 437 1939 visibili
456 1914 596 1947 profecta.
613 1920 715 1942 tantam
734 1916 830 1945 habuit
844 1918 989 1952 virtutem,
1005 1923 1036 1948 ut

245 1963 279 1982 eo
292 1958 419 1991 peruncti
436 1958 597 1994 dignitatem
611 1961 679 1988 citra
694 1968 804 1989 omnem
820 1966 1035 1992 controversiam

245 2009 482 2038 consequerentur
495 2006 597 2041 (ratum
613 2007 688 2035 enim
705 2014 774 2040 erat,
789 2015 819 2036 ut
834 2011 1036 2039 constitueren-

245 2053 291 2076 tur
303 2049 354 2084 ipsi
370 2051 458 2086 reges)
474 2061 480 2078 :
494 2061 549 2087 quo
560 2053 642 2080 etiam
657 2055 741 2083 David
758 2056 929 2089 inunctus",
943 2058 1034 2085 statim

244 2096 485 2130 persecutionibus
505 2103 533 2126 et
555 2099 750 2130 aﬂlietionibus
771 2103 913 2137 expositus
932 2108 988 2137 est,
1004 2112 1035 2132 ac

243 2141 361 2176 septimo
375 2148 438 2177 post
455 2151 528 2171 anno
545 2153 593 2173 rex
608 2146 697 2174 factus
706 2148 729 2164 ⁸⁸
746 2156 753 2174 :
776 2154 879 2183 quanto
907 2150 992 2185 magis
1012 2151 1031 2177 ii

243 2187 292 2222 qui
315 2189 466 2217 secundum
495 2196 615 2219 mentem
640 2197 668 2220 et
691 2193 851 2222 interiorem
877 2196 1032 2229 hominem,

243 2234 434 2263 sanctiﬁcante
446 2241 474 2263 et
488 2237 645 2267 laetiﬁcante
661 2240 766 2267 caelesti
783 2249 816 2268 ac
833 2241 967 2276 spirituali
987 2250 1033 2268 ex-
1048 2254 1070 2281 ι)

243 2279 400 2307 sultationis
420 2280 480 2308 oleo
489 2281 512 2297 ⁸⁸
526 2284 652 2317 peruncti
674 2288 748 2317 sunt,
766 2285 904 2320 recipiunt
923 2286 1032 2320 signum

243 2325 322 2360 regni
354 2325 429 2354 illius
460 2327 698 2362 ineorruptibilis,
729 2335 893 2366 aiternaeque
922 2332 1033 2360 virtutis

243 2370 429 2398 arrhabonem
444 2372 551 2400 scilicet
564 2373 697 2408 Spiritus,
710 2375 800 2410 ipsum
817 2376 951 2411 Spiritum
966 2385 1031 2404 san-

241 2420 318 2443 ctum
342 2421 370 2444 et
390 2418 578 2452 paracletum?
601 2420 739 2456 (intellige
760 2430 826 2449 vero
848 2423 1031 2456 Paracletum,

241 2463 289 2497 qui
312 2464 482 2498 consoletur,
501 2470 528 2493 et
547 2467 648 2502 gaudio
667 2467 816 2502 perfundat
838 2468 1034 2497 aﬂlictionibus

224 2540 227 2546 Α
241 2509 409 2545 oppressos).

279 2555 311 2583 ll.
331 2557 364 2583 Hi
386 2563 528 2594 unguento
551 2567 584 2586 ex
607 2559 681 2595 ligno
702 2561 765 2587 vine
785 2560 851 2588 Jesu
871 2560 989 2595 Christi,
1005 2565 1033 2590 et

241 2602 335 2638 planta
349 2605 454 2632 caelesti
470 2606 587 2638 inuncti,
603 2606 694 2634 idonei
708 2607 858 2640 habentur,
872 2608 919 2643 qui
934 2616 1032 2643 perve-

241 2649 319 2676 niant
340 2650 374 2677 ad
397 2651 513 2686 gradum
536 2653 728 2688 perfectionis,
748 2654 840 2690 regni,
857 2654 985 2690 inquam,
1004 2659 1031 2682 et

241 2695 417 2730 adoptionis;
437 2698 539 2733 quippe
556 2699 602 2733 qui
621 2705 685 2727 sunt
701 2701 842 2728 secretarii
857 2701 931 2736 regis
947 2701 1031 2728 coele-

242 2741 302 2772 stis.
315 2750 347 2769 ac
360 2743 423 2769 freti
439 2744 537 2771 liducia
552 2744 765 2780 Omnipotentis,
779 2747 972 2782 ingrediuntur
984 2754 1031 2781 pa-

242 2788 338 2815 latium
354 2789 450 2823 ipsius,
461 2790 508 2817 ubi
521 2795 585 2818 sunt
597 2792 685 2827 angeli
698 2797 725 2820 et
736 2793 850 2828 spiritus
861 2798 1029 2826 sanctorum,

277 2874 298 2891 "
312 2874 380 2905 Gen.
394 2885 412 2908 ι,
425 2876 460 2904 26
509 2878 531 2893 ⁸³
543 2879 614 2907 Psal.
628 2887 699 2912 xeix,
710 2880 754 2906 ‘ll.
794 2881 837 2908 Hal
853 2881 919 2916 Reg.
930 2880 1042 2913 “1,15.

1094 952 1155 979 οὐδὲ
1182 952 1304 987 συνῆκας
1330 952 1379 988 τὴν
1404 952 1544 986 εὐγένειάν
1574 961 1639 986 σου;
1662 951 1779 983 Δικαίως
1803 950 1879 979 οὖνὸ

1093 999 1317 1034 πνευματοφόρος
1331 999 1424 1026 πενθεί
1437 1008 1484 1025 σου
1497 999 1546 1034 τὴν
1563 999 1678 1031 πτῶσιν,
1693 997 1792 1032 λέγων.
1812 998 1878 1024 Ἀν-

1093 1049 1209 1080 θρωπος
1221 1046 1256 1073 ἐν
1274 1045 1344 1081 τιμῇ
1359 1046 1402 1072 ὢν
1418 1047 1454 1073 οὐ
1474 1045 1593 1079 συνῆκε
1603 1053 1610 1060 '
1631 1045 1877 1078 παρεσυνεϐλήθη

1092 1091 1155 1124 τοῖς
1169 1091 1295 1125 κτήνεσι
1323 1091 1386 1123 τοῖς
1396 1091 1536 1125 ἀνοήτοις
1552 1091 1600 1117 καὶ
1615 1089 1748 1125 ὡμοιώθη
1765 1091 1876 1122 αὐτοις.

1091 1137 1162 1170 Δόξα
1177 1137 1275 1172 Haupt,
1294 1138 1342 1163 καὶ
1356 1137 1423 1172 Υἱῷ,
1441 1137 1489 1163 καὶ
1503 1136 1574 1171 ἁγίῳ
1588 1137 1738 1172 Πνεύματι,
1753 1136 1794 1167 είς
1816 1136 1878 1167 τοὺς

1093 1183 1204 1214 αἰῶνας.
1224 1183 1320 1217 Ἀμήν.

1383 1243 1505 1270 ΟΜΙΛΙΑ
1525 1241 1574 1269 lZ'.

1091 1289 1457 1328 Περὶῃτῆςμπνευματιίιῆς
1471 1288 1531 1328 ζῶν
1551 1286 1733 1328 ξριστιατῶν
1753 1287 1878 1328 minus

1195 1322 1298 1362 666nc,
1320 1322 1382 1362 aiat
1394 1324 1439 1350 ὅτι
1464 1324 1539 1362 ἄνευ
1562 1323 1692 1362 Χριστοῦ
1709 1322 1842 1362 σωᾷῆγςαι
1857 1322 1877 1355 ἢ

1127 1359 1201 1395 ζωῆς
1211 1357 1333 1388 αἰωνίου
1345 1359 1475 1394 μέτοχον
1486 1359 1622 1393 τίνεσθαι
1634 1357 1785 1384 ἀδύνατόν
1800 1357 1876 1383 ἐστι.

1125 1418 1165 1445 A'.
1181 1418 1213 1444 υἱ
1226 1417 1324 1444 τέλειοι
1347 1416 1505 1451 Χριστιανοὶ
1519 1416 1543 1442 οἱ
1558 1414 1774 1447 καταξιωθέντες
1788 1413 1877 1440 ἐλθεῖν

1089 1465 1129 1496 εἰς
1149 1464 1236 1499 μέτρα
1250 1463 1428 1497 τελειότητος,
1454 1463 1502 1489 καὶ
1517 1461 1644 1496 γενέσθαι
1657 1459 1801 1494 ἐγγύτατοι
1826 1459 1877 1494 βας

1090 1510 1197 1543 σιλέως,
1224 1505 1297 1536 οὗτοι
1321 1509 1360 1544 τῷ
1393 1507 1503 1543 σταυρῷ
1532 1507 1580 1534 τοῦ
1613 1506 1732 1542 Χριστοῦ
1761 1506 1876 1532 πάντοτε

1089 1555 1272 1590 ἀφιερωμένοι
1287 1554 1365 1581 εἰσίν.
1380 1554 1487 1588 ’Ὠσπερ
1510 1553 1564 1588 γὰρ
1589 1553 1635 1579 ἐπὶ
1647 1552 1700 1578 τῶν
1729 1551 1877 1587 προφητῶν

1086 1602 1117 1628 τὺ
1131 1601 1234 1636 χρίσμα
1246 1599 1280 1636 ἦν
1294 1600 1354 1627 ὅλον
1377 1599 1552 1636 τιμιώτερον,
1577 1599 1671 1634 ἐπειδὴ
1694 1599 1734 1630 είς
1757 1598 1876 1633 βασιλεῖς

1087 1647 1134 1674 καὶ
1150 1647 1293 1682 προφήτας
1308 1646 1443 1682 ἐχρίοντο,
1473 1645 1545 1672 οὕτω
1565 1646 1612 1671 νῦν
1642 1647 1666 1672 οἱ
1693 1644 1875 1679 πνευματικοὶ

1086 1693 1117 1719 τὸ
1129 1692 1291 1727 ἐπουράνιον
1307 1692 1413 1727 χρίσμα
1425 1691 1574 1727 χριόμενοι,
1586 1691 1708 1724 γίνονται
1717 1690 1875 1725 Χριστιανοὶ

1087 1739 1158 1766 κατὰ
1175 1739 1265 1773 χάριν,
1286 1738 1357 1765 ὥστε
1370 1736 1439 1764 εἶναι
1458 1737 1556 1768 αὐτοὺς
1573 1737 1692 1772 βασιλεῖς
1707 1737 1754 1763 καὶ
1769 1737 1876 1772 προφή-

1085 1794 1135 1816 τας
1154 1784 1325 1819 ἐπουρανίων
1338 1784 1510 1820 μυστηρίων.
1525 1779 1605 1811 Οὗτοί
1619 1784 1672 1810 εἱσι
1685 1782 1732 1810 καὶ
1750 1783 1812 1814 υἱοὶ,
1830 1782 1876 1809 καὶ

1087 1831 1188 1866 κύριοι,
1207 1830 1332 1863 καίθεοὶ,
1356 1830 1505 1866 δεδεμένοι,
1522 1829 1775 1865 ῂχμαλωτισμένοι,
1794 1829 1876 1864 βεῦυ-

1087 1876 1221 1911 θισμένοι,
1243 1876 1458 1911 ἐσταυρωμένοι,
1490 1875 1693 1911 ἀφιερωμένοι·
1718 1875 1742 1901 εί
1768 1874 1823 1909 γὰρ
1847 1873 1876 1900 τὺ

1086 1924 1192 1958 χρίσμα
1205 1923 1252 1949 τοῦ
1266 1922 1366 1953 ἐλαίου,
1382 1922 1450 1957 ὅπερ
1465 1919 1498 1957 ἦν
1520 1922 1605 1955 φυτοῦ
1633 1921 1809 1955 φαινομένου.
1829 1920 1876 1947 καὶ

1087 1967 1165 2000 ξύλου
1188 1966 1297 2003 ὁρατοῦ,
1326 1966 1460 2000 τοσαύτην
1482 1963 1538 1999 εἶχε
1564 1964 1695 1999 δύναμιν,
1718 1963 1789 1990 ὥστε
1813 1964 1876 1994 τοὺς

1086 2014 1246 2049 χριομένους
1261 2013 1466 2048 ἀναντιρῤήτως
1480 2011 1589 2046 ἀξίωμα
1600 2010 1749 2046 λαμϐάνειν
1762 2008 1806 2046 (ἦν
1821 2009 1876 2044 γὰρ

1086 2059 1288 2095 κεκυρωμένον,
1298 2059 1369 2085 ὣστε
1382 2057 1562 2084 καθίστασθαι
1581 2057 1681 2088 αὐτοὺς
1699 2055 1830 2091 βασιλεῖς)
1839 2064 1846 2071 ·
1860 2054 1876 2081 ὃ

1086 2104 1134 2130 καὶ
1153 2103 1235 2130 Δαὸὶδ
1248 2103 1372 2138 χρισϐεἱς
1389 2103 1490 2133 εὐθέως
1504 2102 1636 2136 διωγμοῖς
1658 2102 1808 2138 περιέπεσε
1828 2102 1876 2127 καὶ

1085 2148 1217 2180 sonam,
1230 2149 1278 2175 καὶ
1293 2148 1364 2183 μετὰ
1376 2147 1446 2174 tua:
1456 2147 1503 2182 ἐτη
1521 2148 1630 2181 ἐγένετο
1640 2147 1768 2182 βασιλεὺς
1779 2155 1786 2162 ·
1800 2147 1876 2182 πόσῳ

1088 2195 1188 2229 μᾶλλον
1204 2195 1262 2221 ὅσοι
1278 2194 1400 2229 χρίονται
1413 2194 1485 2221 κατὰ
1497 2193 1543 2220 τὸν
1555 2194 1617 2220 νοῦν
1635 2194 1681 2220 καὶ
1695 2194 1741 2220 τὸν
1756 2194 1811 2220 ἐσω
1827 2194 1874 2220 ἄν-

1085 2240 1205 2275 θρωπον,
1226 2241 1257 2267 τὸ
1279 2241 1438 2275 ἁγιαστικὸν
1473 2240 1520 2267 καὶ
1545 2240 1692 2275 χαροποιδν
1715 2239 1806 2266 ἔλαιον
1825 2239 1875 2274 τῆς

1088 2285 1284 2320 ἀγαλλιάσεως,
1301 2285 1331 2312 τὸ
1344 2286 1470 2321 οὐράνιον
1483 2285 1530 2312 καὶ
1544 2284 1739 2320 πνευματικὸν,
1751 2284 1874 2318 δέχονται

1086 2332 1117 2358 τὸ
1138 2331 1228 2366 σίγνον
1245 2331 1295 2365 τῆς
1309 2330 1449 2365 βασιλείας
1465 2330 1572 2365 ἐκείνης
1597 2330 1645 2364 τῆς
1665 2329 1806 2364 ἀφθάρτου
1825 2328 1873 2355 καὶ

1087 2377 1172 2404 ἀϊδίου
1199 2377 1348 2410 δυνάμεως,
1361 2375 1407 2402 τὸν
1436 2376 1584 2412 ἀρραϐῶνα
1596 2375 1643 2402 τοῦ
1661 2374 1830 2409 Πνεύματος,
1844 2374 1874 2400 τὸ

1086 2422 1200 2457 Πνεῦμα
1219 2421 1250 2448 τὸ
1272 2421 1350 2455 ἅγιον
1367 2421 1414 2447 καὶ
1433 2421 1629 2456 παράκλητον;
1654 2421 1752 2446 Ἀκουε
1767 2419 1795 2446 δὲ
1821 2427 1874 2446 πα-

1089 2468 1235 2503 ράκλητον,
1248 2468 1296 2494 καὶ
1308 2467 1338 2493 τὸ
1355 2468 1524 2502 παρακαλεῖν
1537 2467 1584 2494 καὶ
1600 2467 1758 2502 χαροποιεῐν
1771 2466 1834 2496 τοὺς
1845 2465 1873 2490 ἐν

1088 2514 1209 2548 θλίψεσιν
1226 2513 1316 2545 δντας.
1593 2558 1598 2559 7
1641 2558 1657 2559 Ὗ
1714 2556 1726 2559 Α
1743 2557 1763 2559 ﬂ
1846 2554 1859 2559 _

1122 2559 1160 2586 B’.
1173 2556 1253 2586 Οὗτοι
1269 2560 1302 2585 ὲκ
1316 2559 1364 2585 τοῦ
1393 2558 1471 2591 ξύλου
1485 2557 1534 2592 τῆς
1550 2558 1623 2592 ζωῆς
1640 2556 1727 2590 Ἰησοῦ
1742 2556 1871 2591 Χριστοῦ,

1086 2607 1118 2632 ἐκ
1131 2606 1178 2632 τοῦ
1203 2605 1289 2639 φυτοῦ
1304 2605 1351 2632 τοῦ
1366 2605 1528 2640 ἐπουρανίου
1541 2604 1690 2639 χριόμενοι,
1706 2601 1870 2634 καταξιοῦν-

1083 2663 1128 2681 ται
1151 2653 1238 2679 ἐλθεῖν
1265 2653 1304 2683 εἰς
1318 2652 1405 2687 μέτρα
1418 2652 1466 2685 τῆς
1481 2650 1656 2683 τελειότητος,
1669 2650 1718 2682 τῆς
1736 2647 1874 2682 βασιλείας

1084 2700 1156 2734 λέγω
1168 2698 1274 2732 καὶτῆς
1285 2697 1432 2728 υἱοθεσίας,
1448 2696 1524 2726 ὄντες
1535 2694 1693 2729 συμμύσται
1709 2692 1872 2727 ἐπουρανίου

1085 2745 1217 2780 βασιλέως
1237 2744 1344 2779 ἔχοντες
1372 2741 1529 2778 παρρησίαν
1553 2740 1621 2775 πρὸς
1642 2740 1688 2766 τὸν
1717 2738 1873 2774 παντοκρά-

1083 2801 1160 2828 τορα,
1180 2791 1365 2826 εἰσερχόμενοι
1391 2790 1431 2820 εἰς
1450 2787 1480 2814 τὸ
1495 2786 1625 2813 παλάτιον
1653 2786 1747 2819 αὐτοῦ,
1770 2785 1835 2812 ἔνθα
1849 2789 1873 2814 οἱ

1080 2881 1102 2896 ⁸⁸
1114 2880 1134 2911 ll
1150 2881 1215 2916 Reg.
1230 2889 1258 2914 ti,
1272 2881 1297 2908 4.
1335 2879 1357 2895 ⁸⁸
1367 2877 1439 2906 Psal.
1451 2883 1509 2908 XLV,
1523 2876 1550 2904 8.
