  <div class='ocr_page' id='page_1' title='image "/cluster/home/n/w/nwhite01/storage/ocr_20150623/34/njp.32101077772547/338.png"; bbox 0 0 2078 3151; ppageno 0'>
   <div class='ocr_carea' id='block_1_1' title="bbox 214 171 266 203">
    <p class='ocr_par' dir='ltr' id='par_1_1' title="bbox 214 171 266 203">
     <span class='ocr_line' id='line_1_1' title="bbox 214 171 266 203; baseline -0.019 0"><span class='ocrx_word' id='word_1_1' title='bbox 214 171 266 203; x_wconf 74' lang='lat'><strong>625</strong></span> 
     </span>
    </p>
   </div>
   <div class='ocr_carea' id='block_1_2' title="bbox 801 179 1254 213">
    <p class='ocr_par' dir='ltr' id='par_1_2' title="bbox 801 179 1254 213">
     <span class='ocr_line' id='line_1_2' title="bbox 801 179 1254 213; baseline 0.009 -4"><span class='ocrx_word' id='word_1_2' title='bbox 801 179 985 212; x_wconf 68' lang='lat' dir='ltr'><strong>HOXILIIE.</strong></span> <span class='ocrx_word' id='word_1_3' title='bbox 999 194 1035 200; x_wconf 92' lang='lat'><strong>--</strong></span> <span class='ocrx_word' id='word_1_4' title='bbox 1048 182 1141 213; x_wconf 88' lang='lat' dir='ltr'><strong>HOM.</strong></span> <span class='ocrx_word' id='word_1_5' title='bbox 1161 183 1254 213; x_wconf 73' lang='lat' dir='ltr'>XVII.</span> 
     </span>
    </p>
   </div>
   <div class='ocr_carea' id='block_1_3' title="bbox 1782 183 1836 218">
    <p class='ocr_par' dir='ltr' id='par_1_3' title="bbox 1782 183 1836 218">
     <span class='ocr_line' id='line_1_3' title="bbox 1782 183 1836 218; baseline 0.019 -1"><span class='ocrx_word' id='word_1_6' title='bbox 1782 183 1836 218; x_wconf 66' lang='lat'><strong>626</strong></span> 
     </span>
    </p>
   </div>
   <div class='ocr_carea' id='block_1_4' title="bbox 213 228 992 274">
    <p class='ocr_par' dir='ltr' id='par_1_4' title="bbox 213 228 992 274">
     <span class='ocr_line' id='line_1_4' title="bbox 213 228 992 274; baseline 0.015 -21"><span class='ocrx_word' id='word_1_7' title='bbox 213 228 324 274; x_wconf 76' lang='grc' dir='ltr'>ἄγγελοι</span> <span class='ocrx_word' id='word_1_8' title='bbox 339 228 390 274; x_wconf 84' lang='grc' dir='ltr'>καὶ</span> <span class='ocrx_word' id='word_1_9' title='bbox 404 228 440 256; x_wconf 81' lang='grc' dir='ltr'><strong>τὰ</strong></span> <span class='ocrx_word' id='word_1_10' title='bbox 453 229 597 265; x_wconf 82' lang='grc' dir='ltr'>πνεύματα</span> <span class='ocrx_word' id='word_1_11' title='bbox 619 232 672 259; x_wconf 85' lang='grc' dir='ltr'><strong>τῶν</strong></span> <span class='ocrx_word' id='word_1_12' title='bbox 688 232 784 268; x_wconf 81' lang='grc' dir='ltr'>ἁγίων,</span> <span class='ocrx_word' id='word_1_13' title='bbox 808 236 855 264; x_wconf 75' lang='grc' dir='ltr'>καὶ</span> <span class='ocrx_word' id='word_1_14' title='bbox 867 236 907 264; x_wconf 79' lang='grc' dir='ltr'>ἔτι</span> <span class='ocrx_word' id='word_1_15' title='bbox 921 237 992 270; x_wconf 72' lang='grc' dir='ltr'>ὄντες</span> 
     </span>
    </p>
   </div>
   <div class='ocr_carea' id='block_1_5' title="bbox 1042 228 1836 274">
    <p class='ocr_par' dir='ltr' id='par_1_5' title="bbox 1049 239 1836 274">
     <span class='ocr_line' id='line_1_5' title="bbox 1049 239 1836 274; baseline 0.004 -8"><span class='ocrx_word' id='word_1_16' title='bbox 1049 243 1076 266; x_wconf 88' lang='lat' dir='ltr'><strong>et</strong></span> <span class='ocrx_word' id='word_1_17' title='bbox 1088 240 1135 274; x_wconf 86' lang='lat' dir='ltr'><strong>qui</strong></span> <span class='ocrx_word' id='word_1_18' title='bbox 1152 239 1242 267; x_wconf 85' lang='lat' dir='ltr'><strong>adhuc</strong></span> <span class='ocrx_word' id='word_1_19' title='bbox 1259 239 1288 267; x_wconf 90' lang='lat' dir='ltr'><strong>in</strong></span> <span class='ocrx_word' id='word_1_20' title='bbox 1304 239 1357 267; x_wconf 88' lang='lat' dir='ltr'><strong>hoc</strong></span> <span class='ocrx_word' id='word_1_21' title='bbox 1372 245 1437 268; x_wconf 77' lang='lat' dir='ltr'><strong>sunt</strong></span> <span class='ocrx_word' id='word_1_22' title='bbox 1451 241 1564 268; x_wconf 90' lang='lat' dir='ltr'><strong>mundo.</strong></span> <span class='ocrx_word' id='word_1_23' title='bbox 1578 241 1657 269; x_wconf 84' lang='lat' dir='ltr'><strong>Licet</strong></span> <span class='ocrx_word' id='word_1_24' title='bbox 1670 241 1745 269; x_wconf 89' lang='lat' dir='ltr'><strong>enim</strong></span> <span class='ocrx_word' id='word_1_25' title='bbox 1762 242 1836 269; x_wconf 81' lang='lat' dir='ltr'><strong>inte-</strong></span> 
     </span>
    </p>
   </div>
   <div class='ocr_carea' id='block_1_6' title="bbox 213 273 999 319">
    <p class='ocr_par' dir='ltr' id='par_1_6' title="bbox 213 273 999 319">
     <span class='ocr_line' id='line_1_6' title="bbox 213 273 999 319; baseline 0.015 -20"><span class='ocrx_word' id='word_1_26' title='bbox 213 273 243 300; x_wconf 77' lang='grc' dir='ltr'>ἐν</span> <span class='ocrx_word' id='word_1_27' title='bbox 256 273 294 308; x_wconf 85' lang='grc' dir='ltr'>τῷ</span> <span class='ocrx_word' id='word_1_28' title='bbox 311 273 406 310; x_wconf 84' lang='grc' dir='ltr'>κόσμῳ</span> <span class='ocrx_word' id='word_1_29' title='bbox 424 275 524 311; x_wconf 81' lang='grc' dir='ltr'>τούτῳ·</span> <span class='ocrx_word' id='word_1_30' title='bbox 541 277 624 312; x_wconf 77' lang='grc' dir='ltr'>μήπω</span> <span class='ocrx_word' id='word_1_31' title='bbox 640 278 693 314; x_wconf 83' lang='grc' dir='ltr'><strong>γὰρ</strong></span> <span class='ocrx_word' id='word_1_32' title='bbox 704 280 754 315; x_wconf 83' lang='grc' dir='ltr'>τὴν</span> <span class='ocrx_word' id='word_1_33' title='bbox 766 281 872 309; x_wconf 81' lang='grc' dir='ltr'>τελείαν</span> <span class='ocrx_word' id='word_1_34' title='bbox 901 283 999 319; x_wconf 89' lang='grc' dir='ltr'>κληρο-</span> 
     </span>
    </p>
   </div>
   <div class='ocr_carea' id='block_1_7' title="bbox 213 320 999 364">
    <p class='ocr_par' dir='ltr' id='par_1_7' title="bbox 213 320 999 364">
     <span class='ocr_line' id='line_1_7' title="bbox 213 320 999 364; baseline 0.014 -19"><span class='ocrx_word' id='word_1_35' title='bbox 213 320 308 354; x_wconf 86' lang='grc' dir='ltr'>νομίαν</span> <span class='ocrx_word' id='word_1_36' title='bbox 318 320 446 353; x_wconf 79' lang='grc' dir='ltr'>λαόόντες</span> <span class='ocrx_word' id='word_1_37' title='bbox 457 321 506 357; x_wconf 82' lang='grc' dir='ltr'>τὴν</span> <span class='ocrx_word' id='word_1_38' title='bbox 515 323 594 359; x_wconf 84' lang='grc' dir='ltr'>εὑτρε</span> <span class='ocrx_word' id='word_1_39' title='bbox 600 325 734 361; x_wconf 80' lang='grc' dir='ltr'>πισμὲνην</span> <span class='ocrx_word' id='word_1_40' title='bbox 751 327 844 359; x_wconf 84' lang='grc' dir='ltr'>αὐτοῖς</span> <span class='ocrx_word' id='word_1_41' title='bbox 859 328 889 354; x_wconf 82' lang='grc' dir='ltr'>ὲν</span> <span class='ocrx_word' id='word_1_42' title='bbox 901 329 999 364; x_wconf 74' lang='grc' dir='ltr'>ἐκείνῳ</span> 
     </span>
    </p>
   </div>
   <div class='ocr_carea' id='block_1_8' title="bbox 212 366 998 410">
    <p class='ocr_par' dir='ltr' id='par_1_8' title="bbox 212 366 998 410">
     <span class='ocr_line' id='line_1_8' title="bbox 212 366 998 410; baseline 0.013 -19"><span class='ocrx_word' id='word_1_43' title='bbox 212 366 250 401; x_wconf 83' lang='grc' dir='ltr'>τῷ</span> <span class='ocrx_word' id='word_1_44' title='bbox 266 366 361 410; x_wconf 53' lang='grc' dir='ltr'>αἰῶνι,</span> <span class='ocrx_word' id='word_1_45' title='bbox 377 366 509 401; x_wconf 81' lang='grc' dir='ltr'><strong>ἀσφαλεῖς</strong></span> <span class='ocrx_word' id='word_1_46' title='bbox 535 369 605 396; x_wconf 77' lang='grc' dir='ltr'>εἰσιν</span> <span class='ocrx_word' id='word_1_47' title='bbox 628 371 682 398; x_wconf 80' lang='grc' dir='ltr'>ἀπὸ</span> <span class='ocrx_word' id='word_1_48' title='bbox 715 372 764 399; x_wconf 83' lang='grc' dir='ltr'>τοῦ</span> <span class='ocrx_word' id='word_1_49' title='bbox 778 373 950 409; x_wconf 79' lang='grc' dir='ltr'>ἀρραϐὦνος,</span> <span class='ocrx_word' id='word_1_50' title='bbox 968 371 998 402; x_wconf 74' lang='grc' dir='ltr'><strong>οὗ</strong></span> 
     </span>
    </p>
   </div>
   <div class='ocr_carea' id='block_1_9' title="bbox 212 411 999 454">
    <p class='ocr_par' dir='ltr' id='par_1_9' title="bbox 212 411 999 454">
     <span class='ocr_line' id='line_1_9' title="bbox 212 411 999 454; baseline 0.013 -17"><span class='ocrx_word' id='word_1_51' title='bbox 212 411 337 444; x_wconf 75' lang='grc' dir='ltr'>ἐδέξαντο</span> <span class='ocrx_word' id='word_1_52' title='bbox 356 412 414 444; x_wconf 83' lang='grc' dir='ltr'>νῦν,</span> <span class='ocrx_word' id='word_1_53' title='bbox 427 414 464 444; x_wconf 86' lang='grc' dir='ltr'>ὼς</span> <span class='ocrx_word' id='word_1_54' title='bbox 479 414 529 450; x_wconf 75' lang='grc' dir='ltr'><strong>ἢδη</strong></span> <span class='ocrx_word' id='word_1_55' title='bbox 555 416 784 452; x_wconf 74' lang='grc' dir='ltr'>ἐστεφανωμένοι,</span> <span class='ocrx_word' id='word_1_56' title='bbox 809 420 857 446; x_wconf 78' lang='grc' dir='ltr'><strong>καὶ</strong></span> <span class='ocrx_word' id='word_1_57' title='bbox 874 419 999 454; x_wconf 87' lang='grc' dir='ltr'>βασιλεύ-</span> 
     </span>
    </p>
   </div>
   <div class='ocr_carea' id='block_1_10' title="bbox 210 460 999 500">
    <p class='ocr_par' dir='ltr' id='par_1_10' title="bbox 210 460 999 500">
     <span class='ocr_line' id='line_1_10' title="bbox 210 460 999 500; baseline 0.011 -16"><span class='ocrx_word' id='word_1_58' title='bbox 210 466 296 490; x_wconf 82' lang='grc' dir='ltr'>οντες.</span> <span class='ocrx_word' id='word_1_59' title='bbox 318 460 373 486; x_wconf 77' lang='grc' dir='ltr'><strong>Καὶ</strong></span> <span class='ocrx_word' id='word_1_60' title='bbox 389 460 420 486; x_wconf 88' lang='grc' dir='ltr'>οὐ</span> <span class='ocrx_word' id='word_1_61' title='bbox 442 460 591 494; x_wconf 77' lang='grc' dir='ltr'><strong>ξενίζονται</strong></span> <span class='ocrx_word' id='word_1_62' title='bbox 624 463 767 497; x_wconf 84' lang='grc' dir='ltr'>μέλλοντες</span> <span class='ocrx_word' id='word_1_63' title='bbox 791 466 999 500; x_wconf 81' lang='grc' dir='ltr'>συμὸασι).εύειν</span> 
     </span>
    </p>
   </div>
   <div class='ocr_carea' id='block_1_11' title="bbox 210 503 997 547">
    <p class='ocr_par' dir='ltr' id='par_1_11' title="bbox 210 503 997 547">
     <span class='ocr_line' id='line_1_11' title="bbox 210 503 997 547; baseline 0.011 -18"><span class='ocrx_word' id='word_1_64' title='bbox 210 503 332 539; x_wconf 79' lang='grc' dir='ltr'><strong>Χριστῷ,</strong></span> <span class='ocrx_word' id='word_1_65' title='bbox 347 506 392 532; x_wconf 74' lang='grc' dir='ltr'><strong>ἐπὶ</strong></span> <span class='ocrx_word' id='word_1_66' title='bbox 418 506 456 541; x_wconf 85' lang='grc' dir='ltr'>τῷ</span> <span class='ocrx_word' id='word_1_67' title='bbox 480 507 654 544; x_wconf 77' lang='grc' dir='ltr'><strong>πλεονασμῷ,</strong></span> <span class='ocrx_word' id='word_1_68' title='bbox 670 510 717 536; x_wconf 79' lang='grc' dir='ltr'>καὶ</span> <span class='ocrx_word' id='word_1_69' title='bbox 743 511 776 545; x_wconf 84' lang='grc' dir='ltr'>τῇ</span> <span class='ocrx_word' id='word_1_70' title='bbox 799 511 997 547; x_wconf 78' lang='grc' dir='ltr'>παρῤησίᾳτοῦ</span> 
     </span>
    </p>
   </div>
   <div class='ocr_carea' id='block_1_12' title="bbox 210 548 998 592">
    <p class='ocr_par' dir='ltr' id='par_1_12' title="bbox 210 548 998 592">
     <span class='ocr_line' id='line_1_12' title="bbox 210 548 998 592; baseline 0.011 -18"><span class='ocrx_word' id='word_1_71' title='bbox 210 548 380 583; x_wconf 88' lang='grc' dir='ltr'>Πνεύματος.</span> <span class='ocrx_word' id='word_1_72' title='bbox 391 551 441 578; x_wconf 87' lang='grc' dir='ltr'><strong>Διὰ</strong></span> <span class='ocrx_word' id='word_1_73' title='bbox 454 552 499 585; x_wconf 73' lang='grc' dir='ltr'><strong>τίς</strong></span> <span class='ocrx_word' id='word_1_74' title='bbox 515 554 609 589; x_wconf 78' lang='grc' dir='ltr'>ἐπειδὴ</span> <span class='ocrx_word' id='word_1_75' title='bbox 623 555 699 586; x_wconf 72' lang='grc' dir='ltr'>ὄντες</span> <span class='ocrx_word' id='word_1_76' title='bbox 717 555 796 582; x_wconf 81' lang='grc' dir='ltr'>έτιὲν</span> <span class='ocrx_word' id='word_1_77' title='bbox 809 557 843 591; x_wconf 82' lang='grc' dir='ltr'><strong>τῇ</strong></span> <span class='ocrx_word' id='word_1_78' title='bbox 859 557 942 592; x_wconf 79' lang='grc' dir='ltr'>σαρκὶ</span> <span class='ocrx_word' id='word_1_79' title='bbox 959 555 998 583; x_wconf 68' lang='grc' dir='ltr'><strong>εἴ»</strong></span> 
     </span>
    </p>
   </div>
   <div class='ocr_carea' id='block_1_13' title="bbox 209 595 997 640">
    <p class='ocr_par' dir='ltr' id='par_1_13' title="bbox 209 595 997 640">
     <span class='ocr_line' id='line_1_13' title="bbox 209 595 997 640; baseline 0.015 -20"><span class='ocrx_word' id='word_1_80' title='bbox 209 602 256 629; x_wconf 83' lang='grc' dir='ltr'>χον</span> <span class='ocrx_word' id='word_1_81' title='bbox 268 595 314 621; x_wconf 82' lang='grc' dir='ltr'>τὸν</span> <span class='ocrx_word' id='word_1_82' title='bbox 323 596 416 623; x_wconf 84' lang='grc' dir='ltr'>νόστον</span> <span class='ocrx_word' id='word_1_83' title='bbox 428 598 530 624; x_wconf 78' lang='grc' dir='ltr'>ἐκεῖνον</span> <span class='ocrx_word' id='word_1_84' title='bbox 539 600 588 634; x_wconf 77' lang='grc' dir='ltr'>τῆς</span> <span class='ocrx_word' id='word_1_85' title='bbox 604 600 784 637; x_wconf 79' lang='grc' dir='ltr'><strong>γλυκύτητος,</strong></span> <span class='ocrx_word' id='word_1_86' title='bbox 799 604 846 630; x_wconf 76' lang='grc' dir='ltr'>καὶ</span> <span class='ocrx_word' id='word_1_87' title='bbox 857 603 905 639; x_wconf 82' lang='grc' dir='ltr'>τὴν</span> <span class='ocrx_word' id='word_1_88' title='bbox 919 604 997 640; x_wconf 69' lang='grc' dir='ltr'>ἐνέρ-</span> 
     </span>
    </p>
   </div>
   <div class='ocr_carea' id='block_1_14' title="bbox 209 642 632 680">
    <p class='ocr_par' dir='ltr' id='par_1_14' title="bbox 209 642 632 680">
     <span class='ocr_line' id='line_1_14' title="bbox 209 642 632 680; baseline 0.014 -13"><span class='ocrx_word' id='word_1_89' title='bbox 209 647 288 674; x_wconf 85' lang='grc' dir='ltr'>γειαν</span> <span class='ocrx_word' id='word_1_90' title='bbox 303 642 412 678; x_wconf 74' lang='grc' dir='ltr'>ἐκείνην</span> <span class='ocrx_word' id='word_1_91' title='bbox 423 643 472 679; x_wconf 83' lang='grc' dir='ltr'>τῆς</span> <span class='ocrx_word' id='word_1_92' title='bbox 481 645 632 680; x_wconf 83' lang='grc' dir='ltr'>δυνάμεως.</span> 
     </span>
    </p>
   </div>
   <div class='ocr_carea' id='block_1_15' title="bbox 243 687 996 730">
    <p class='ocr_par' dir='ltr' id='par_1_15' title="bbox 243 687 996 730">
     <span class='ocr_line' id='line_1_15' title="bbox 243 687 996 730; baseline 0.013 -16"><span class='ocrx_word' id='word_1_93' title='bbox 243 687 281 714; x_wconf 86' lang='grc' dir='ltr'><strong>Γ’.</strong></span> <span class='ocrx_word' id='word_1_94' title='bbox 302 689 350 715; x_wconf 87' lang='grc' dir='ltr'>’ον</span> <span class='ocrx_word' id='word_1_95' title='bbox 362 690 417 725; x_wconf 78' lang='grc' dir='ltr'>γὰρ</span> <span class='ocrx_word' id='word_1_96' title='bbox 443 691 544 726; x_wconf 85' lang='grc' dir='ltr'>τρόπον</span> <span class='ocrx_word' id='word_1_97' title='bbox 567 691 657 730; x_wconf 85' lang='grc' dir='ltr'>ὅτανῇ</span> <span class='ocrx_word' id='word_1_98' title='bbox 684 703 726 726; x_wconf 87' lang='grc' dir='ltr'><strong>τις</strong></span> <span class='ocrx_word' id='word_1_99' title='bbox 747 695 824 729; x_wconf 85' lang='grc' dir='ltr'>φίλος</span> <span class='ocrx_word' id='word_1_100' title='bbox 853 695 996 730; x_wconf 84' lang='grc' dir='ltr'>βασιλέως,</span> 
     </span>
    </p>
   </div>
   <div class='ocr_carea' id='block_1_16' title="bbox 208 734 998 778">
    <p class='ocr_par' dir='ltr' id='par_1_16' title="bbox 208 734 998 778">
     <span class='ocr_line' id='line_1_16' title="bbox 208 734 998 778; baseline 0.013 -17"><span class='ocrx_word' id='word_1_101' title='bbox 208 734 348 770; x_wconf 82' lang='grc' dir='ltr'><strong>σχολάζων</strong></span> <span class='ocrx_word' id='word_1_102' title='bbox 358 736 397 771; x_wconf 82' lang='grc' dir='ltr'>τῷ</span> <span class='ocrx_word' id='word_1_103' title='bbox 413 737 546 773; x_wconf 86' lang='grc' dir='ltr'>παλατίῳ,</span> <span class='ocrx_word' id='word_1_104' title='bbox 562 740 703 774; x_wconf 84' lang='grc' dir='ltr'>γνωρίζων</span> <span class='ocrx_word' id='word_1_105' title='bbox 724 742 760 768; x_wconf 83' lang='grc' dir='ltr'><strong>τὰ</strong></span> <span class='ocrx_word' id='word_1_106' title='bbox 786 744 934 778; x_wconf 74' lang='grc' dir='ltr'><strong>μυστήρια,</strong></span> <span class='ocrx_word' id='word_1_107' title='bbox 950 745 998 770; x_wconf 80' lang='grc' dir='ltr'>καὶ</span> 
     </span>
    </p>
   </div>
   <div class='ocr_carea' id='block_1_17' title="bbox 207 781 995 824">
    <p class='ocr_par' dir='ltr' id='par_1_17' title="bbox 207 781 995 824">
     <span class='ocr_line' id='line_1_17' title="bbox 207 781 995 824; baseline 0.013 -17"><span class='ocrx_word' id='word_1_108' title='bbox 207 781 280 816; x_wconf 79' lang='grc' dir='ltr'>ὀρῶν</span> <span class='ocrx_word' id='word_1_109' title='bbox 291 782 373 809; x_wconf 82' lang='grc' dir='ltr'>αὐτοῦ</span> <span class='ocrx_word' id='word_1_110' title='bbox 398 783 447 819; x_wconf 85' lang='grc' dir='ltr'>τὴν</span> <span class='ocrx_word' id='word_1_111' title='bbox 470 785 630 820; x_wconf 80' lang='grc' dir='ltr'>πορφύραν·</span> <span class='ocrx_word' id='word_1_112' title='bbox 647 787 738 823; x_wconf 75' lang='grc' dir='ltr'>συμϐῇ</span> <span class='ocrx_word' id='word_1_113' title='bbox 757 788 785 815; x_wconf 84' lang='grc' dir='ltr'>δὲ</span> <span class='ocrx_word' id='word_1_114' title='bbox 808 788 903 815; x_wconf 83' lang='grc' dir='ltr'>τοῦτον</span> <span class='ocrx_word' id='word_1_115' title='bbox 918 790 995 824; x_wconf 81' lang='grc' dir='ltr'>γενέ-</span> 
     </span>
    </p>
   </div>
   <div class='ocr_carea' id='block_1_18' title="bbox 208 826 996 867">
    <p class='ocr_par' dir='ltr' id='par_1_18' title="bbox 208 826 996 867">
     <span class='ocr_line' id='line_1_18' title="bbox 208 826 996 867; baseline 0.011 -14"><span class='ocrx_word' id='word_1_116' title='bbox 208 827 270 853; x_wconf 86' lang='grc' dir='ltr'>σθαι</span> <span class='ocrx_word' id='word_1_117' title='bbox 286 826 410 862; x_wconf 77' lang='grc' dir='ltr'>βασιλέα,</span> <span class='ocrx_word' id='word_1_118' title='bbox 427 829 474 856; x_wconf 75' lang='grc' dir='ltr'>καὶ</span> <span class='ocrx_word' id='word_1_119' title='bbox 491 831 706 866; x_wconf 76' lang='grc' dir='ltr'><strong>στεφανωθῆναι,</strong></span> <span class='ocrx_word' id='word_1_120' title='bbox 727 834 758 859; x_wconf 80' lang='grc' dir='ltr'>οὐ</span> <span class='ocrx_word' id='word_1_121' title='bbox 781 834 923 867; x_wconf 74' lang='grc' dir='ltr'><strong>ξενίζεται,</strong></span> <span class='ocrx_word' id='word_1_122' title='bbox 934 835 996 862; x_wconf 80' lang='grc' dir='ltr'>οὕτε</span> 
     </span>
    </p>
   </div>
   <div class='ocr_carea' id='block_1_19' title="bbox 208 875 994 916">
    <p class='ocr_par' dir='ltr' id='par_1_19' title="bbox 208 875 994 916">
     <span class='ocr_line' id='line_1_19' title="bbox 208 875 994 916; baseline 0.011 -17"><span class='ocrx_word' id='word_1_123' title='bbox 208 875 343 904; x_wconf 64' lang='grc' dir='ltr'>προεῖται.</span> <span class='ocrx_word' id='word_1_124' title='bbox 358 875 450 910; x_wconf 71' lang='grc' dir='ltr'>ἐπειδὴ</span> <span class='ocrx_word' id='word_1_125' title='bbox 465 876 494 902; x_wconf 85' lang='grc' dir='ltr'>ὲν</span> <span class='ocrx_word' id='word_1_126' title='bbox 508 877 598 912; x_wconf 85' lang='grc' dir='ltr'>πολλῷ</span> <span class='ocrx_word' id='word_1_127' title='bbox 626 878 714 912; x_wconf 84' lang='grc' dir='ltr'>χρόνῳ</span> <span class='ocrx_word' id='word_1_128' title='bbox 735 880 925 916; x_wconf 80' lang='grc' dir='ltr'>ὲνεγυμνάσθη</span> <span class='ocrx_word' id='word_1_129' title='bbox 954 881 994 912; x_wconf 82' lang='grc' dir='ltr'><strong>είς</strong></span> 
     </span>
    </p>
   </div>
   <div class='ocr_carea' id='block_1_20' title="bbox 206 919 994 961">
    <p class='ocr_par' dir='ltr' id='par_1_20' title="bbox 206 919 994 961">
     <span class='ocr_line' id='line_1_20' title="bbox 206 919 994 961; baseline 0.013 -17"><span class='ocrx_word' id='word_1_130' title='bbox 206 919 243 945; x_wconf 85' lang='grc' dir='ltr'><strong>τὰ</strong></span> <span class='ocrx_word' id='word_1_131' title='bbox 253 921 389 955; x_wconf 78' lang='grc' dir='ltr'><strong>μυστήρια</strong></span> <span class='ocrx_word' id='word_1_132' title='bbox 414 921 462 948; x_wconf 85' lang='grc' dir='ltr'>τοῦ</span> <span class='ocrx_word' id='word_1_133' title='bbox 479 922 622 950; x_wconf 88' lang='grc' dir='ltr'>παλατίου.</span> <span class='ocrx_word' id='word_1_134' title='bbox 647 924 684 950; x_wconf 76' lang='grc' dir='ltr'><strong>Οὐ</strong></span> <span class='ocrx_word' id='word_1_135' title='bbox 701 924 756 960; x_wconf 81' lang='grc' dir='ltr'><strong>γὰρ</strong></span> <span class='ocrx_word' id='word_1_136' title='bbox 783 926 920 961; x_wconf 73' lang='grc' dir='ltr'>ἐνδέχεταί</span> <span class='ocrx_word' id='word_1_137' title='bbox 933 935 994 954; x_wconf 85' lang='grc' dir='ltr'>τινα</span> 
     </span>
    </p>
   </div>
   <div class='ocr_carea' id='block_1_21' title="bbox 207 966 993 1008">
    <p class='ocr_par' dir='ltr' id='par_1_21' title="bbox 207 966 993 1008">
     <span class='ocr_line' id='line_1_21' title="bbox 207 966 993 1008; baseline 0.011 -17"><span class='ocrx_word' id='word_1_138' title='bbox 207 966 262 992; x_wconf 86' lang='grc' dir='ltr'><strong>τῶν</strong></span> <span class='ocrx_word' id='word_1_139' title='bbox 279 966 456 1002; x_wconf 79' lang='grc' dir='ltr'>ἀγελημαίων</span> <span class='ocrx_word' id='word_1_140' title='bbox 467 969 514 994; x_wconf 80' lang='grc' dir='ltr'>καὶ</span> <span class='ocrx_word' id='word_1_141' title='bbox 530 968 642 995; x_wconf 69' lang='grc' dir='ltr'>ἰδιωτῶν</span> <span class='ocrx_word' id='word_1_142' title='bbox 661 971 709 997; x_wconf 78' lang='grc' dir='ltr'><strong>καὶ</strong></span> <span class='ocrx_word' id='word_1_143' title='bbox 724 970 807 1003; x_wconf 79' lang='grc' dir='ltr'>ξένων</span> <span class='ocrx_word' id='word_1_144' title='bbox 818 971 872 998; x_wconf 81' lang='grc' dir='ltr'><strong>τῶν</strong></span> <span class='ocrx_word' id='word_1_145' title='bbox 888 981 993 1008; x_wconf 83' lang='grc' dir='ltr'>μυστη-</span> 
     </span>
    </p>
   </div>
   <div class='ocr_carea' id='block_1_22' title="bbox 207 1011 994 1054">
    <p class='ocr_par' dir='ltr' id='par_1_22' title="bbox 207 1011 994 1054">
     <span class='ocr_line' id='line_1_22' title="bbox 207 1011 994 1054; baseline 0.01 -17"><span class='ocrx_word' id='word_1_146' title='bbox 207 1011 274 1047; x_wconf 88' lang='grc' dir='ltr'>ρίων</span> <span class='ocrx_word' id='word_1_147' title='bbox 291 1013 430 1045; x_wconf 80' lang='grc' dir='ltr'>είσε).θείν,</span> <span class='ocrx_word' id='word_1_148' title='bbox 443 1014 489 1040; x_wconf 76' lang='grc' dir='ltr'><strong>καὶ</strong></span> <span class='ocrx_word' id='word_1_149' title='bbox 502 1014 670 1049; x_wconf 78' lang='grc' dir='ltr'>βασιλεῦσαι,</span> <span class='ocrx_word' id='word_1_150' title='bbox 686 1017 710 1042; x_wconf 88' lang='grc' dir='ltr'><strong>εί</strong></span> <span class='ocrx_word' id='word_1_151' title='bbox 723 1016 759 1052; x_wconf 83' lang='grc' dir='ltr'>μὴ</span> <span class='ocrx_word' id='word_1_152' title='bbox 773 1017 835 1049; x_wconf 79' lang='grc' dir='ltr'>τοὺς</span> <span class='ocrx_word' id='word_1_153' title='bbox 845 1018 994 1054; x_wconf 80' lang='grc' dir='ltr'><strong>ἐμπείρους</strong></span> 
     </span>
    </p>
   </div>
   <div class='ocr_carea' id='block_1_23' title="bbox 205 1057 994 1099">
    <p class='ocr_par' dir='ltr' id='par_1_23' title="bbox 205 1057 994 1099">
     <span class='ocr_line' id='line_1_23' title="bbox 205 1057 994 1099; baseline 0.011 -16"><span class='ocrx_word' id='word_1_154' title='bbox 205 1057 253 1084; x_wconf 73' lang='grc' dir='ltr'>καὶ</span> <span class='ocrx_word' id='word_1_155' title='bbox 280 1059 528 1094; x_wconf 68' lang='grc' dir='ltr'>πεπαιδευμένους·</span> <span class='ocrx_word' id='word_1_156' title='bbox 559 1061 647 1093; x_wconf 77' lang='grc' dir='ltr'>οὕτως</span> <span class='ocrx_word' id='word_1_157' title='bbox 680 1063 728 1089; x_wconf 74' lang='grc' dir='ltr'>καὶ</span> <span class='ocrx_word' id='word_1_158' title='bbox 742 1065 765 1090; x_wconf 80' lang='grc' dir='ltr'>οἱ</span> <span class='ocrx_word' id='word_1_159' title='bbox 792 1064 949 1099; x_wconf 76' lang='grc' dir='ltr'>Χριστιανοὶ</span> <span class='ocrx_word' id='word_1_160' title='bbox 965 1066 994 1092; x_wconf 76' lang='grc' dir='ltr'>ἐν</span> 
     </span>
    </p>
   </div>
   <div class='ocr_carea' id='block_1_24' title="bbox 204 1104 993 1143">
    <p class='ocr_par' dir='ltr' id='par_1_24' title="bbox 204 1104 993 1143">
     <span class='ocr_line' id='line_1_24' title="bbox 204 1104 993 1143; baseline 0.01 -13"><span class='ocrx_word' id='word_1_161' title='bbox 204 1104 301 1140; x_wconf 76' lang='grc' dir='ltr'>ἐκείνῳ</span> <span class='ocrx_word' id='word_1_162' title='bbox 310 1105 349 1140; x_wconf 86' lang='grc' dir='ltr'>τῷ</span> <span class='ocrx_word' id='word_1_163' title='bbox 359 1106 436 1132; x_wconf 82' lang='grc' dir='ltr'>αἰῶνι</span> <span class='ocrx_word' id='word_1_164' title='bbox 453 1107 595 1142; x_wconf 81' lang='grc' dir='ltr'>μέλλοντες</span> <span class='ocrx_word' id='word_1_165' title='bbox 613 1108 776 1143; x_wconf 85' lang='grc' dir='ltr'>βασιλεύειν,</span> <span class='ocrx_word' id='word_1_166' title='bbox 791 1111 821 1136; x_wconf 83' lang='grc' dir='ltr'><strong>ού</strong></span> <span class='ocrx_word' id='word_1_167' title='bbox 834 1110 993 1143; x_wconf 78' lang='grc' dir='ltr'>ξενίζονται,</span> 
     </span>
    </p>
   </div>
   <div class='ocr_carea' id='block_1_25' title="bbox 204 1149 994 1194">
    <p class='ocr_par' dir='ltr' id='par_1_25' title="bbox 204 1149 994 1194">
     <span class='ocr_line' id='line_1_25' title="bbox 204 1149 994 1194; baseline 0.01 -18"><span class='ocrx_word' id='word_1_168' title='bbox 204 1149 255 1185; x_wconf 73' lang='grc' dir='ltr'><strong>ἤδη</strong></span> <span class='ocrx_word' id='word_1_169' title='bbox 269 1152 474 1186; x_wconf 80' lang='grc' dir='ltr'>προεγνωκότες</span> <span class='ocrx_word' id='word_1_170' title='bbox 484 1153 517 1180; x_wconf 84' lang='grc' dir='ltr'><strong>τὰ</strong></span> <span class='ocrx_word' id='word_1_171' title='bbox 533 1155 672 1190; x_wconf 83' lang='grc' dir='ltr'>μυστήρια</span> <span class='ocrx_word' id='word_1_172' title='bbox 682 1156 731 1191; x_wconf 83' lang='grc' dir='ltr'>τῆς</span> <span class='ocrx_word' id='word_1_173' title='bbox 744 1157 865 1191; x_wconf 78' lang='grc' dir='ltr'>χάριτος.</span> <span class='ocrx_word' id='word_1_174' title='bbox 885 1157 994 1194; x_wconf 83' lang='grc' dir='ltr'>Ἐπειδὴ</span> 
     </span>
    </p>
   </div>
   <div class='ocr_carea' id='block_1_26' title="bbox 203 1196 994 1237">
    <p class='ocr_par' dir='ltr' id='par_1_26' title="bbox 203 1196 994 1237">
     <span class='ocr_line' id='line_1_26' title="bbox 203 1196 994 1237; baseline 0.011 -15"><span class='ocrx_word' id='word_1_175' title='bbox 203 1196 258 1231; x_wconf 73' lang='grc' dir='ltr'><strong>γὰρ</strong></span> <span class='ocrx_word' id='word_1_176' title='bbox 273 1198 287 1224; x_wconf 99' lang='lat'><strong>6</strong></span> <span class='ocrx_word' id='word_1_177' title='bbox 304 1197 447 1233; x_wconf 81' lang='grc' dir='ltr'>ἄνθρωπος</span> <span class='ocrx_word' id='word_1_178' title='bbox 474 1201 580 1235; x_wconf 72' lang='grc' dir='ltr'>παρέϐη</span> <span class='ocrx_word' id='word_1_179' title='bbox 603 1201 651 1236; x_wconf 83' lang='grc' dir='ltr'>τὴν</span> <span class='ocrx_word' id='word_1_180' title='bbox 681 1202 802 1237; x_wconf 78' lang='grc' dir='ltr'>ἐντολὴν,</span> <span class='ocrx_word' id='word_1_181' title='bbox 833 1205 847 1230; x_wconf 87' lang='lat'><strong>6</strong></span> <span class='ocrx_word' id='word_1_182' title='bbox 872 1203 994 1236; x_wconf 76' lang='grc' dir='ltr'>διάϐολος</span> 
     </span>
    </p>
   </div>
   <div class='ocr_carea' id='block_1_27' title="bbox 202 1242 991 1284">
    <p class='ocr_par' dir='ltr' id='par_1_27' title="bbox 202 1242 991 1284">
     <span class='ocr_line' id='line_1_27' title="bbox 202 1242 991 1284; baseline 0.011 -16"><span class='ocrx_word' id='word_1_183' title='bbox 202 1242 267 1277; x_wconf 85' lang='grc' dir='ltr'>ὅλην</span> <span class='ocrx_word' id='word_1_184' title='bbox 283 1244 332 1278; x_wconf 79' lang='grc' dir='ltr'>τὴν</span> <span class='ocrx_word' id='word_1_185' title='bbox 341 1243 432 1279; x_wconf 77' lang='grc' dir='ltr'>ψυχὴν</span> <span class='ocrx_word' id='word_1_186' title='bbox 448 1246 567 1280; x_wconf 65' lang='grc' dir='ltr'>ἐκάλυψε</span> <span class='ocrx_word' id='word_1_187' title='bbox 581 1247 741 1282; x_wconf 74' lang='grc' dir='ltr'>καλύμματι</span> <span class='ocrx_word' id='word_1_188' title='bbox 758 1249 897 1284; x_wconf 82' lang='grc' dir='ltr'>σκοτεινῷ.</span> <span class='ocrx_word' id='word_1_189' title='bbox 927 1251 991 1277; x_wconf 87' lang='grc' dir='ltr'>Λοι-</span> 
     </span>
    </p>
   </div>
   <div class='ocr_carea' id='block_1_28' title="bbox 203 1288 993 1327">
    <p class='ocr_par' dir='ltr' id='par_1_28' title="bbox 203 1288 993 1327">
     <span class='ocr_line' id='line_1_28' title="bbox 203 1288 993 1327; baseline 0.011 -13"><span class='ocrx_word' id='word_1_190' title='bbox 203 1288 254 1314; x_wconf 83' lang='grc' dir='ltr'>πὸν</span> <span class='ocrx_word' id='word_1_191' title='bbox 267 1288 313 1316; x_wconf 75' lang='grc' dir='ltr'>οὖν</span> <span class='ocrx_word' id='word_1_192' title='bbox 322 1289 431 1325; x_wconf 78' lang='grc' dir='ltr'>ἔρχεται</span> <span class='ocrx_word' id='word_1_193' title='bbox 443 1292 458 1326; x_wconf 83' lang='grc' dir='ltr'>ὴ</span> <span class='ocrx_word' id='word_1_194' title='bbox 474 1292 564 1327; x_wconf 84' lang='grc' dir='ltr'>χάρις,</span> <span class='ocrx_word' id='word_1_195' title='bbox 578 1293 624 1319; x_wconf 68' lang='grc' dir='ltr'>καὶ</span> <span class='ocrx_word' id='word_1_196' title='bbox 640 1295 806 1322; x_wconf 83' lang='grc' dir='ltr'>ἀπεκδύεται</span> <span class='ocrx_word' id='word_1_197' title='bbox 815 1296 876 1322; x_wconf 84' lang='grc' dir='ltr'>ὅλον</span> <span class='ocrx_word' id='word_1_198' title='bbox 890 1297 919 1323; x_wconf 75' lang='grc' dir='ltr'>τὸ</span> <span class='ocrx_word' id='word_1_199' title='bbox 930 1297 993 1323; x_wconf 81' lang='grc' dir='ltr'>σκέ-</span> 
     </span>
    </p>
   </div>
   <div class='ocr_carea' id='block_1_29' title="bbox 204 1336 989 1378">
    <p class='ocr_par' dir='ltr' id='par_1_29' title="bbox 204 1336 989 1378">
     <span class='ocr_line' id='line_1_29' title="bbox 204 1336 989 1378; baseline 0.011 -17"><span class='ocrx_word' id='word_1_200' title='bbox 204 1344 311 1371; x_wconf 80' lang='grc' dir='ltr'>πασμα,</span> <span class='ocrx_word' id='word_1_201' title='bbox 328 1336 398 1363; x_wconf 76' lang='grc' dir='ltr'>ὥστε</span> <span class='ocrx_word' id='word_1_202' title='bbox 414 1337 505 1364; x_wconf 73' lang='grc' dir='ltr'>λοιπὸν</span> <span class='ocrx_word' id='word_1_203' title='bbox 525 1339 574 1374; x_wconf 79' lang='grc' dir='ltr'>τὴν</span> <span class='ocrx_word' id='word_1_204' title='bbox 594 1340 684 1375; x_wconf 77' lang='grc' dir='ltr'>ψυχὴν</span> <span class='ocrx_word' id='word_1_205' title='bbox 701 1341 824 1377; x_wconf 81' lang='grc' dir='ltr'>καθαρὰν</span> <span class='ocrx_word' id='word_1_206' title='bbox 840 1343 989 1378; x_wconf 81' lang='grc' dir='ltr'>γενομένην</span> 
     </span>
    </p>
   </div>
   <div class='ocr_carea' id='block_1_30' title="bbox 203 1381 991 1424">
    <p class='ocr_par' dir='ltr' id='par_1_30' title="bbox 203 1381 991 1424">
     <span class='ocr_line' id='line_1_30' title="bbox 203 1381 991 1424; baseline 0.011 -17"><span class='ocrx_word' id='word_1_207' title='bbox 203 1381 251 1408; x_wconf 75' lang='grc' dir='ltr'><strong>καὶ</strong></span> <span class='ocrx_word' id='word_1_208' title='bbox 266 1382 455 1410; x_wconf 76' lang='grc' dir='ltr'>ἀπολαὸοὖσαν</span> <span class='ocrx_word' id='word_1_209' title='bbox 467 1385 516 1418; x_wconf 83' lang='grc' dir='ltr'>τὴν</span> <span class='ocrx_word' id='word_1_210' title='bbox 529 1385 597 1412; x_wconf 76' lang='grc' dir='ltr'>ἰδίαν</span> <span class='ocrx_word' id='word_1_211' title='bbox 612 1386 693 1420; x_wconf 72' lang='grc' dir='ltr'>φύσιν</span> <span class='ocrx_word' id='word_1_212' title='bbox 709 1388 738 1413; x_wconf 76' lang='grc' dir='ltr'>τὸ</span> <span class='ocrx_word' id='word_1_213' title='bbox 751 1388 854 1423; x_wconf 85' lang='grc' dir='ltr'>κτίσμα</span> <span class='ocrx_word' id='word_1_214' title='bbox 867 1389 897 1415; x_wconf 72' lang='grc' dir='ltr'>τὸ</span> <span class='ocrx_word' id='word_1_215' title='bbox 912 1389 991 1424; x_wconf 75' lang='grc' dir='ltr'>ἄμω-</span> 
     </span>
    </p>
   </div>
   <div class='ocr_carea' id='block_1_31' title="bbox 203 1429 996 1469">
    <p class='ocr_par' dir='ltr' id='par_1_31' title="bbox 203 1429 996 1469">
     <span class='ocr_line' id='line_1_31' title="bbox 203 1429 996 1469; baseline 0.011 -15"><span class='ocrx_word' id='word_1_216' title='bbox 203 1437 254 1463; x_wconf 90' lang='grc' dir='ltr'><strong>μον</strong></span> <span class='ocrx_word' id='word_1_217' title='bbox 268 1429 316 1455; x_wconf 75' lang='grc' dir='ltr'><strong>καὶ</strong></span> <span class='ocrx_word' id='word_1_218' title='bbox 332 1429 465 1465; x_wconf 70' lang='grc' dir='ltr'>καθαρὸν,</span> <span class='ocrx_word' id='word_1_219' title='bbox 481 1432 596 1458; x_wconf 78' lang='grc' dir='ltr'>πάντοτε</span> <span class='ocrx_word' id='word_1_220' title='bbox 621 1432 713 1460; x_wconf 71' lang='grc' dir='ltr'>λοιπον</span> <span class='ocrx_word' id='word_1_221' title='bbox 736 1434 864 1469; x_wconf 81' lang='grc' dir='ltr'>καθαρῶς</span> <span class='ocrx_word' id='word_1_222' title='bbox 885 1437 914 1462; x_wconf 85' lang='grc' dir='ltr'>ὲν</span> <span class='ocrx_word' id='word_1_223' title='bbox 939 1438 996 1468; x_wconf 85' lang='grc' dir='ltr'>τοῖς</span> 
     </span>
    </p>
   </div>
   <div class='ocr_carea' id='block_1_32' title="bbox 202 1473 996 1516">
    <p class='ocr_par' dir='ltr' id='par_1_32' title="bbox 202 1473 996 1516">
     <span class='ocr_line' id='line_1_32' title="bbox 202 1473 996 1516; baseline 0.014 -17"><span class='ocrx_word' id='word_1_224' title='bbox 202 1473 332 1509; x_wconf 78' lang='grc' dir='ltr'>καθαροῖς</span> <span class='ocrx_word' id='word_1_225' title='bbox 356 1475 505 1511; x_wconf 77' lang='grc' dir='ltr'>ὀφθαλμοῖς</span> <span class='ocrx_word' id='word_1_226' title='bbox 520 1478 570 1513; x_wconf 74' lang='grc' dir='ltr'>τὴν</span> <span class='ocrx_word' id='word_1_227' title='bbox 592 1478 671 1511; x_wconf 79' lang='grc' dir='ltr'>δόξαν</span> <span class='ocrx_word' id='word_1_228' title='bbox 695 1481 741 1506; x_wconf 77' lang='grc' dir='ltr'>τοῦ</span> <span class='ocrx_word' id='word_1_229' title='bbox 757 1482 846 1515; x_wconf 78' lang='grc' dir='ltr'>φωτὸς</span> <span class='ocrx_word' id='word_1_230' title='bbox 865 1482 911 1509; x_wconf 84' lang='grc' dir='ltr'>τοῦ</span> <span class='ocrx_word' id='word_1_231' title='bbox 929 1482 996 1516; x_wconf 84' lang='grc' dir='ltr'><strong>ἀλη-</strong></span> 
     </span>
    </p>
   </div>
   <div class='ocr_carea' id='block_1_33' title="bbox 203 1519 996 1560">
    <p class='ocr_par' dir='ltr' id='par_1_33' title="bbox 203 1519 996 1560">
     <span class='ocr_line' id='line_1_33' title="bbox 203 1519 996 1560; baseline 0.014 -15"><span class='ocrx_word' id='word_1_232' title='bbox 203 1519 278 1546; x_wconf 79' lang='grc' dir='ltr'>θινοῦ</span> <span class='ocrx_word' id='word_1_233' title='bbox 291 1521 420 1557; x_wconf 79' lang='grc' dir='ltr'>καθορᾷν,</span> <span class='ocrx_word' id='word_1_234' title='bbox 432 1524 532 1550; x_wconf 76' lang='grc' dir='ltr'>καὶτὸν</span> <span class='ocrx_word' id='word_1_235' title='bbox 548 1524 672 1560; x_wconf 74' lang='grc' dir='ltr'>ἀληθινὸν</span> <span class='ocrx_word' id='word_1_236' title='bbox 685 1526 778 1553; x_wconf 86' lang='grc' dir='ltr'>’Ἥλιον</span> <span class='ocrx_word' id='word_1_237' title='bbox 793 1529 843 1560; x_wconf 83' lang='grc' dir='ltr'><strong>τῆς</strong></span> <span class='ocrx_word' id='word_1_238' title='bbox 861 1529 996 1556; x_wconf 81' lang='grc' dir='ltr'>δικαιοσύ-</span> 
     </span>
    </p>
   </div>
   <div class='ocr_carea' id='block_1_34' title="bbox 203 1567 747 1609">
    <p class='ocr_par' dir='ltr' id='par_1_34' title="bbox 203 1567 747 1609">
     <span class='ocr_line' id='line_1_34' title="bbox 203 1567 747 1609; baseline 0.013 -16"><span class='ocrx_word' id='word_1_239' title='bbox 203 1575 253 1601; x_wconf 82' lang='grc' dir='ltr'>νης</span> <span class='ocrx_word' id='word_1_240' title='bbox 280 1567 499 1605; x_wconf 77' lang='grc' dir='ltr'>ἑξαστράπτοντα</span> <span class='ocrx_word' id='word_1_241' title='bbox 514 1572 582 1608; x_wconf 77' lang='grc' dir='ltr'>αὐτῇ</span> <span class='ocrx_word' id='word_1_242' title='bbox 598 1574 629 1608; x_wconf 85' lang='grc' dir='ltr'>τῇ</span> <span class='ocrx_word' id='word_1_243' title='bbox 639 1574 747 1609; x_wconf 70' lang='grc' dir='ltr'>καρδίᾳ.</span> 
     </span>
    </p>
   </div>
   <div class='ocr_carea' id='block_1_35' title="bbox 239 1706 992 1752">
    <p class='ocr_par' dir='ltr' id='par_1_35' title="bbox 239 1706 992 1752">
     <span class='ocr_line' id='line_1_35' title="bbox 239 1706 992 1752; baseline 0.019 -21"><span class='ocrx_word' id='word_1_244' title='bbox 239 1706 275 1752; x_wconf 60' lang='grc' dir='ltr'><strong>ῥ’.</strong></span> <span class='ocrx_word' id='word_1_245' title='bbox 294 1706 400 1743; x_wconf 77' lang='grc' dir='ltr'>Ὠσπερ</span> <span class='ocrx_word' id='word_1_246' title='bbox 423 1708 478 1744; x_wconf 83' lang='grc' dir='ltr'><strong>γὰρ</strong></span> <span class='ocrx_word' id='word_1_247' title='bbox 493 1711 521 1736; x_wconf 84' lang='grc' dir='ltr'>ὲν</span> <span class='ocrx_word' id='word_1_248' title='bbox 538 1712 571 1746; x_wconf 85' lang='grc' dir='ltr'>τῇ</span> <span class='ocrx_word' id='word_1_249' title='bbox 600 1713 741 1748; x_wconf 77' lang='grc' dir='ltr'>συντελείᾳ</span> <span class='ocrx_word' id='word_1_250' title='bbox 764 1717 992 1752; x_wconf 72' lang='grc' dir='ltr'>περιαιρουμένου</span> 
     </span>
    </p>
   </div>
   <div class='ocr_carea' id='block_1_36' title="bbox 203 1751 992 1797">
    <p class='ocr_par' dir='ltr' id='par_1_36' title="bbox 203 1751 992 1797">
     <span class='ocr_line' id='line_1_36' title="bbox 203 1751 992 1797; baseline 0.016 -21"><span class='ocrx_word' id='word_1_251' title='bbox 203 1751 250 1777; x_wconf 84' lang='grc' dir='ltr'>τοῦ</span> <span class='ocrx_word' id='word_1_252' title='bbox 265 1752 463 1787; x_wconf 83' lang='grc' dir='ltr'>στερεώματος,</span> <span class='ocrx_word' id='word_1_253' title='bbox 473 1755 564 1781; x_wconf 67' lang='grc' dir='ltr'>λοιπον</span> <span class='ocrx_word' id='word_1_254' title='bbox 575 1757 598 1782; x_wconf 87' lang='grc' dir='ltr'><strong>οί</strong></span> <span class='ocrx_word' id='word_1_255' title='bbox 609 1757 707 1784; x_wconf 82' lang='grc' dir='ltr'>δίκαιοι</span> <span class='ocrx_word' id='word_1_256' title='bbox 722 1760 751 1785; x_wconf 86' lang='grc' dir='ltr'>ἐν</span> <span class='ocrx_word' id='word_1_257' title='bbox 761 1761 793 1794; x_wconf 86' lang='grc' dir='ltr'><strong>τῇ</strong></span> <span class='ocrx_word' id='word_1_258' title='bbox 807 1751 930 1797; x_wconf 62' lang='grc' dir='ltr'>βασιλεία</span> <span class='ocrx_word' id='word_1_259' title='bbox 945 1764 992 1790; x_wconf 74' lang='grc' dir='ltr'>καὶ</span> 
     </span>
    </p>
   </div>
   <div class='ocr_carea' id='block_1_37' title="bbox 204 1796 992 1842">
    <p class='ocr_par' dir='ltr' id='par_1_37' title="bbox 204 1796 992 1842">
     <span class='ocr_line' id='line_1_37' title="bbox 204 1796 992 1842; baseline 0.016 -20"><span class='ocrx_word' id='word_1_260' title='bbox 204 1796 244 1831; x_wconf 77' lang='grc' dir='ltr'><strong>τῷ</strong></span> <span class='ocrx_word' id='word_1_261' title='bbox 252 1798 321 1831; x_wconf 71' lang='grc' dir='ltr'>φωτὶ</span> <span class='ocrx_word' id='word_1_262' title='bbox 338 1799 385 1825; x_wconf 68' lang='grc' dir='ltr'>καὶ</span> <span class='ocrx_word' id='word_1_263' title='bbox 396 1801 429 1834; x_wconf 79' lang='grc' dir='ltr'><strong>τῇ</strong></span> <span class='ocrx_word' id='word_1_264' title='bbox 439 1800 500 1836; x_wconf 74' lang='grc' dir='ltr'>δόξῃ</span> <span class='ocrx_word' id='word_1_265' title='bbox 520 1801 652 1836; x_wconf 80' lang='grc' dir='ltr'>διάγουσι,</span> <span class='ocrx_word' id='word_1_266' title='bbox 667 1804 749 1839; x_wconf 80' lang='grc' dir='ltr'>μηδὲν</span> <span class='ocrx_word' id='word_1_267' title='bbox 763 1805 855 1842; x_wconf 75' lang='grc' dir='ltr'>ἕτερον</span> <span class='ocrx_word' id='word_1_268' title='bbox 865 1808 992 1841; x_wconf 82' lang='grc' dir='ltr'>ὁρῶντες,</span> 
     </span>
    </p>
   </div>
   <div class='ocr_carea' id='block_1_38' title="bbox 204 1842 992 1889">
    <p class='ocr_par' dir='ltr' id='par_1_38' title="bbox 204 1842 992 1889">
     <span class='ocr_line' id='line_1_38' title="bbox 204 1842 992 1889; baseline 0.016 -21"><span class='ocrx_word' id='word_1_269' title='bbox 204 1842 221 1877; x_wconf 84' lang='grc' dir='ltr'>ἢ</span> <span class='ocrx_word' id='word_1_270' title='bbox 239 1843 330 1875; x_wconf 81' lang='grc' dir='ltr'>καθὼς</span> <span class='ocrx_word' id='word_1_271' title='bbox 345 1846 358 1870; x_wconf 86' lang='grc' dir='ltr'>ὁ</span> <span class='ocrx_word' id='word_1_272' title='bbox 373 1845 489 1879; x_wconf 77' lang='grc' dir='ltr'>Χριστὸς</span> <span class='ocrx_word' id='word_1_273' title='bbox 503 1848 531 1873; x_wconf 77' lang='grc' dir='ltr'>ὲν</span> <span class='ocrx_word' id='word_1_274' title='bbox 542 1847 605 1884; x_wconf 82' lang='grc' dir='ltr'>δόξῃ</span> <span class='ocrx_word' id='word_1_275' title='bbox 619 1849 678 1875; x_wconf 75' lang='grc' dir='ltr'>ἐστὶ</span> <span class='ocrx_word' id='word_1_276' title='bbox 692 1850 807 1877; x_wconf 86' lang='grc' dir='ltr'>πάντοτε</span> <span class='ocrx_word' id='word_1_277' title='bbox 819 1852 847 1878; x_wconf 81' lang='grc' dir='ltr'>ὲν</span> <span class='ocrx_word' id='word_1_278' title='bbox 862 1853 937 1889; x_wconf 79' lang='grc' dir='ltr'>δεξιᾷ</span> <span class='ocrx_word' id='word_1_279' title='bbox 945 1854 992 1881; x_wconf 84' lang='grc' dir='ltr'>τοῦ</span> 
     </span>
    </p>
   </div>
   <div class='ocr_carea' id='block_1_39' title="bbox 206 1889 992 1929">
    <p class='ocr_par' dir='ltr' id='par_1_39' title="bbox 206 1889 992 1929">
     <span class='ocr_line' id='line_1_39' title="bbox 206 1889 992 1929; baseline 0.015 -15"><span class='ocrx_word' id='word_1_280' title='bbox 206 1889 312 1924; x_wconf 83' lang='grc' dir='ltr'>Πατρός</span> <span class='ocrx_word' id='word_1_281' title='bbox 323 1897 329 1904; x_wconf 90' lang='grc'>·</span> <span class='ocrx_word' id='word_1_282' title='bbox 346 1889 432 1922; x_wconf 76' lang='grc' dir='ltr'>οὕτως</span> <span class='ocrx_word' id='word_1_283' title='bbox 447 1893 494 1919; x_wconf 70' lang='grc' dir='ltr'>καὶ</span> <span class='ocrx_word' id='word_1_284' title='bbox 509 1890 580 1920; x_wconf 66' lang='grc' dir='ltr'>οὗτοι</span> <span class='ocrx_word' id='word_1_285' title='bbox 597 1895 651 1921; x_wconf 71' lang='grc' dir='ltr'>ἀπὸ</span> <span class='ocrx_word' id='word_1_286' title='bbox 660 1896 706 1922; x_wconf 85' lang='grc' dir='ltr'>τοῦ</span> <span class='ocrx_word' id='word_1_287' title='bbox 718 1895 765 1922; x_wconf 74' lang='grc' dir='ltr'><strong>νῦν</strong></span> <span class='ocrx_word' id='word_1_288' title='bbox 781 1898 821 1929; x_wconf 78' lang='grc' dir='ltr'><strong>εἰς</strong></span> <span class='ocrx_word' id='word_1_289' title='bbox 831 1898 934 1926; x_wconf 80' lang='grc' dir='ltr'>ἐκεῖνον</span> <span class='ocrx_word' id='word_1_290' title='bbox 947 1900 992 1926; x_wconf 78' lang='grc' dir='ltr'>τὸν</span> 
     </span>
    </p>
   </div>
   <div class='ocr_carea' id='block_1_40' title="bbox 206 1935 992 1975">
    <p class='ocr_par' dir='ltr' id='par_1_40' title="bbox 206 1935 992 1975">
     <span class='ocr_line' id='line_1_40' title="bbox 206 1935 992 1975; baseline 0.017 -16"><span class='ocrx_word' id='word_1_291' title='bbox 206 1935 293 1960; x_wconf 73' lang='grc' dir='ltr'>αἰῶνα</span> <span class='ocrx_word' id='word_1_292' title='bbox 306 1935 482 1971; x_wconf 80' lang='grc' dir='ltr'>ἀπαχθέντες,</span> <span class='ocrx_word' id='word_1_293' title='bbox 497 1939 544 1964; x_wconf 73' lang='grc' dir='ltr'>καὶ</span> <span class='ocrx_word' id='word_1_294' title='bbox 560 1940 835 1975; x_wconf 75' lang='grc' dir='ltr'>αἰχμαλωτισθέντες,</span> <span class='ocrx_word' id='word_1_295' title='bbox 857 1945 945 1971; x_wconf 75' lang='grc' dir='ltr'>πάντα</span> <span class='ocrx_word' id='word_1_296' title='bbox 959 1946 992 1973; x_wconf 75' lang='grc' dir='ltr'><strong>τὰ</strong></span> 
     </span>
    </p>
   </div>
   <div class='ocr_carea' id='block_1_41' title="bbox 205 1981 992 2025">
    <p class='ocr_par' dir='ltr' id='par_1_41' title="bbox 205 1981 992 2025">
     <span class='ocr_line' id='line_1_41' title="bbox 205 1981 992 2025; baseline 0.017 -20"><span class='ocrx_word' id='word_1_297' title='bbox 205 1981 265 2006; x_wconf 76' lang='grc' dir='ltr'>ἐκεῖ</span> <span class='ocrx_word' id='word_1_298' title='bbox 277 1981 374 2016; x_wconf 69' lang='grc' dir='ltr'>κάλλη,</span> <span class='ocrx_word' id='word_1_299' title='bbox 394 1983 439 2009; x_wconf 79' lang='grc' dir='ltr'>καὶ</span> <span class='ocrx_word' id='word_1_300' title='bbox 455 1983 504 2014; x_wconf 76' lang='grc' dir='ltr'><strong>τὰς</strong></span> <span class='ocrx_word' id='word_1_301' title='bbox 520 1985 743 2021; x_wconf 80' lang='grc' dir='ltr'>θαυματουργίας</span> <span class='ocrx_word' id='word_1_302' title='bbox 765 1988 875 2023; x_wconf 83' lang='grc' dir='ltr'>ὁρῶσιν.</span> <span class='ocrx_word' id='word_1_303' title='bbox 896 1991 992 2025; x_wconf 77' lang='grc' dir='ltr'>Ἡμεῖς</span> 
     </span>
    </p>
   </div>
   <div class='ocr_carea' id='block_1_42' title="bbox 205 2026 990 2072">
    <p class='ocr_par' dir='ltr' id='par_1_42' title="bbox 205 2026 990 2072">
     <span class='ocr_line' id='line_1_42' title="bbox 205 2026 990 2072; baseline 0.014 -19"><span class='ocrx_word' id='word_1_304' title='bbox 205 2026 258 2061; x_wconf 82' lang='grc' dir='ltr'><strong>γὰρ</strong></span> <span class='ocrx_word' id='word_1_305' title='bbox 271 2028 318 2054; x_wconf 74' lang='grc' dir='ltr'><strong>ἐπὶ</strong></span> <span class='ocrx_word' id='word_1_306' title='bbox 332 2028 383 2063; x_wconf 81' lang='grc' dir='ltr'>γῆς</span> <span class='ocrx_word' id='word_1_307' title='bbox 393 2029 480 2062; x_wconf 78' lang='grc' dir='ltr'>ὄντες,</span> <span class='ocrx_word' id='word_1_308' title='bbox 497 2031 525 2056; x_wconf 79' lang='grc' dir='ltr'>ἐν</span> <span class='ocrx_word' id='word_1_309' title='bbox 535 2031 657 2066; x_wconf 75' lang='grc' dir='ltr'>οὐρανοῖς</span> <span class='ocrx_word' id='word_1_310' title='bbox 673 2033 770 2068; x_wconf 78' lang='grc' dir='ltr'>ἔχομεν</span> <span class='ocrx_word' id='word_1_311' title='bbox 783 2035 815 2061; x_wconf 74' lang='grc' dir='ltr'>τὸ</span> <span class='ocrx_word' id='word_1_312' title='bbox 830 2035 990 2072; x_wconf 83' lang='grc' dir='ltr'>πολίτευμα,</span> 
     </span>
    </p>
   </div>
   <div class='ocr_carea' id='block_1_43' title="bbox 204 2073 991 2118">
    <p class='ocr_par' dir='ltr' id='par_1_43' title="bbox 204 2073 991 2118">
     <span class='ocr_line' id='line_1_43' title="bbox 204 2073 991 2118; baseline 0.014 -20"><span class='ocrx_word' id='word_1_313' title='bbox 204 2073 244 2104; x_wconf 82' lang='grc' dir='ltr'><strong>είς</strong></span> <span class='ocrx_word' id='word_1_314' title='bbox 253 2074 356 2100; x_wconf 79' lang='grc' dir='ltr'>ἐκεῖνον</span> <span class='ocrx_word' id='word_1_315' title='bbox 370 2074 416 2101; x_wconf 80' lang='grc' dir='ltr'>τὸν</span> <span class='ocrx_word' id='word_1_316' title='bbox 430 2075 532 2109; x_wconf 81' lang='grc' dir='ltr'>κόσμον</span> <span class='ocrx_word' id='word_1_317' title='bbox 542 2077 650 2112; x_wconf 77' lang='grc' dir='ltr'>ἔχοντες</span> <span class='ocrx_word' id='word_1_318' title='bbox 666 2078 714 2114; x_wconf 84' lang='grc' dir='ltr'>τὴν</span> <span class='ocrx_word' id='word_1_319' title='bbox 731 2080 869 2116; x_wconf 84' lang='grc' dir='ltr'>διαγωγὴν</span> <span class='ocrx_word' id='word_1_320' title='bbox 880 2085 926 2109; x_wconf 75' lang='grc' dir='ltr'><strong>καὶ</strong></span> <span class='ocrx_word' id='word_1_321' title='bbox 942 2083 991 2118; x_wconf 86' lang='grc' dir='ltr'>τὴν</span> 
     </span>
    </p>
   </div>
   <div class='ocr_carea' id='block_1_44' title="bbox 203 2119 990 2162">
    <p class='ocr_par' dir='ltr' id='par_1_44' title="bbox 203 2119 990 2162">
     <span class='ocr_line' id='line_1_44' title="bbox 203 2119 990 2162; baseline 0.015 -18"><span class='ocrx_word' id='word_1_322' title='bbox 203 2119 348 2153; x_wconf 77' lang='grc' dir='ltr'>πολιτείαν,</span> <span class='ocrx_word' id='word_1_323' title='bbox 369 2122 438 2148; x_wconf 72' lang='grc' dir='ltr'>κατὰ</span> <span class='ocrx_word' id='word_1_324' title='bbox 463 2123 508 2148; x_wconf 64' lang='grc' dir='ltr'>τὴν</span> <span class='ocrx_word' id='word_1_325' title='bbox 521 2123 583 2150; x_wconf 82' lang='grc' dir='ltr'>νοῦν</span> <span class='ocrx_word' id='word_1_326' title='bbox 608 2125 655 2150; x_wconf 73' lang='grc' dir='ltr'>καὶ</span> <span class='ocrx_word' id='word_1_327' title='bbox 682 2126 728 2151; x_wconf 81' lang='grc' dir='ltr'>τὸν</span> <span class='ocrx_word' id='word_1_328' title='bbox 754 2126 809 2153; x_wconf 75' lang='grc' dir='ltr'>ἔσω</span> <span class='ocrx_word' id='word_1_329' title='bbox 836 2128 990 2162; x_wconf 84' lang='grc' dir='ltr'>ἄνθρωπον.</span> 
     </span>
    </p>
   </div>
   <div class='ocr_carea' id='block_1_45' title="bbox 204 2164 990 2207">
    <p class='ocr_par' dir='ltr' id='par_1_45' title="bbox 204 2164 990 2207">
     <span class='ocr_line' id='line_1_45' title="bbox 204 2164 990 2207; baseline 0.014 -18"><span class='ocrx_word' id='word_1_330' title='bbox 204 2164 308 2199; x_wconf 82' lang='grc' dir='ltr'>Ὠσπερ</span> <span class='ocrx_word' id='word_1_331' title='bbox 325 2166 378 2200; x_wconf 83' lang='grc' dir='ltr'>γὰρ</span> <span class='ocrx_word' id='word_1_332' title='bbox 390 2167 404 2192; x_wconf 80' lang='grc' dir='ltr'><strong>ὁ</strong></span> <span class='ocrx_word' id='word_1_333' title='bbox 419 2167 580 2201; x_wconf 84' lang='grc' dir='ltr'>φαινόμενος</span> <span class='ocrx_word' id='word_1_334' title='bbox 590 2169 731 2204; x_wconf 75' lang='grc' dir='ltr'>ὀφθαλμὸς</span> <span class='ocrx_word' id='word_1_335' title='bbox 745 2171 864 2207; x_wconf 79' lang='grc' dir='ltr'>καθαρὸς</span> <span class='ocrx_word' id='word_1_336' title='bbox 876 2173 923 2203; x_wconf 83' lang='grc' dir='ltr'><strong>ῶν,</strong></span> <span class='ocrx_word' id='word_1_337' title='bbox 940 2183 990 2200; x_wconf 90' lang='grc' dir='ltr'>κα-</span> 
     </span>
    </p>
   </div>
   <div class='ocr_carea' id='block_1_46' title="bbox 203 2209 989 2250">
    <p class='ocr_par' dir='ltr' id='par_1_46' title="bbox 203 2209 989 2250">
     <span class='ocr_line' id='line_1_46' title="bbox 203 2209 989 2250; baseline 0.013 -14"><span class='ocrx_word' id='word_1_338' title='bbox 203 2209 292 2245; x_wconf 82' lang='grc' dir='ltr'>θαρῶς</span> <span class='ocrx_word' id='word_1_339' title='bbox 306 2212 357 2246; x_wconf 85' lang='grc' dir='ltr'>ὁρᾷ</span> <span class='ocrx_word' id='word_1_340' title='bbox 372 2214 486 2239; x_wconf 79' lang='grc' dir='ltr'>πὰντοτε</span> <span class='ocrx_word' id='word_1_341' title='bbox 500 2214 546 2240; x_wconf 81' lang='grc' dir='ltr'><strong>τὸν</strong></span> <span class='ocrx_word' id='word_1_342' title='bbox 562 2214 637 2249; x_wconf 84' lang='grc' dir='ltr'>ἥλιον</span> <span class='ocrx_word' id='word_1_343' title='bbox 650 2224 656 2230; x_wconf 93' lang='grc'><strong>·</strong></span> <span class='ocrx_word' id='word_1_344' title='bbox 674 2216 761 2248; x_wconf 78' lang='grc' dir='ltr'>οὕτως</span> <span class='ocrx_word' id='word_1_345' title='bbox 786 2218 833 2244; x_wconf 80' lang='grc' dir='ltr'>καὶ</span> <span class='ocrx_word' id='word_1_346' title='bbox 844 2219 857 2245; x_wconf 84' lang='grc' dir='ltr'>ὁ</span> <span class='ocrx_word' id='word_1_347' title='bbox 875 2219 936 2250; x_wconf 85' lang='grc' dir='ltr'>νοῦς</span> <span class='ocrx_word' id='word_1_348' title='bbox 947 2229 989 2246; x_wconf 82' lang='grc' dir='ltr'>τε-</span> 
     </span>
    </p>
   </div>
   <div class='ocr_carea' id='block_1_47' title="bbox 200 2255 990 2299">
    <p class='ocr_par' dir='ltr' id='par_1_47' title="bbox 200 2255 990 2299">
     <span class='ocr_line' id='line_1_47' title="bbox 200 2255 990 2299; baseline 0.013 -17"><span class='ocrx_word' id='word_1_349' title='bbox 200 2255 279 2287; x_wconf 75' lang='grc' dir='ltr'>λείως</span> <span class='ocrx_word' id='word_1_350' title='bbox 295 2259 480 2293; x_wconf 75' lang='grc' dir='ltr'>καθαρισθεὶς,</span> <span class='ocrx_word' id='word_1_351' title='bbox 496 2260 609 2287; x_wconf 78' lang='grc' dir='ltr'>πάντοτε</span> <span class='ocrx_word' id='word_1_352' title='bbox 620 2263 670 2297; x_wconf 81' lang='grc' dir='ltr'>ὁρᾷ</span> <span class='ocrx_word' id='word_1_353' title='bbox 685 2263 734 2297; x_wconf 83' lang='grc' dir='ltr'>τὴν</span> <span class='ocrx_word' id='word_1_354' title='bbox 748 2263 826 2296; x_wconf 77' lang='grc' dir='ltr'>δόξαν</span> <span class='ocrx_word' id='word_1_355' title='bbox 838 2265 883 2291; x_wconf 79' lang='grc' dir='ltr'>τοῦ</span> <span class='ocrx_word' id='word_1_356' title='bbox 901 2266 990 2299; x_wconf 60' lang='lat' dir='ltr'><strong>apto-.6;</strong></span> 
     </span>
    </p>
   </div>
   <div class='ocr_carea' id='block_1_48' title="bbox 201 2299 991 2346">
    <p class='ocr_par' dir='ltr' id='par_1_48' title="bbox 201 2299 991 2346">
     <span class='ocr_line' id='line_1_48' title="bbox 201 2299 991 2346; baseline 0.013 -19"><span class='ocrx_word' id='word_1_357' title='bbox 201 2301 246 2328; x_wconf 75' lang='grc' dir='ltr'>τοῦ</span> <span class='ocrx_word' id='word_1_358' title='bbox 262 2303 392 2337; x_wconf 85' lang='grc' dir='ltr'>Χριστοῦ,</span> <span class='ocrx_word' id='word_1_359' title='bbox 410 2304 456 2331; x_wconf 83' lang='grc' dir='ltr'>καὶ</span> <span class='ocrx_word' id='word_1_360' title='bbox 474 2305 581 2332; x_wconf 84' lang='grc' dir='ltr'>σύνεστι</span> <span class='ocrx_word' id='word_1_361' title='bbox 592 2305 631 2341; x_wconf 85' lang='grc' dir='ltr'>τῷ</span> <span class='ocrx_word' id='word_1_362' title='bbox 647 2299 742 2342; x_wconf 83' lang='grc' dir='ltr'>Κυρίῳ</span> <span class='ocrx_word' id='word_1_363' title='bbox 758 2309 855 2341; x_wconf 72' lang='grc' dir='ltr'>νυκτὸς</span> <span class='ocrx_word' id='word_1_364' title='bbox 867 2310 913 2336; x_wconf 73' lang='grc' dir='ltr'>καὶ</span> <span class='ocrx_word' id='word_1_365' title='bbox 925 2311 991 2346; x_wconf 83' lang='grc' dir='ltr'>ἡμέ-</span> 
     </span>
    </p>
   </div>
   <div class='ocr_carea' id='block_1_49' title="bbox 201 2348 989 2393">
    <p class='ocr_par' dir='ltr' id='par_1_49' title="bbox 201 2348 989 2393">
     <span class='ocr_line' id='line_1_49' title="bbox 201 2348 989 2393; baseline 0.013 -20"><span class='ocrx_word' id='word_1_366' title='bbox 201 2356 261 2382; x_wconf 84' lang='grc' dir='ltr'>ρας,</span> <span class='ocrx_word' id='word_1_367' title='bbox 278 2348 307 2374; x_wconf 81' lang='grc' dir='ltr'>ὃν</span> <span class='ocrx_word' id='word_1_368' title='bbox 323 2349 424 2384; x_wconf 79' lang='grc' dir='ltr'>τρόπον</span> <span class='ocrx_word' id='word_1_369' title='bbox 449 2351 479 2376; x_wconf 76' lang='grc' dir='ltr'><strong>τὸ</strong></span> <span class='ocrx_word' id='word_1_370' title='bbox 492 2351 572 2386; x_wconf 84' lang='grc' dir='ltr'>σῶμα</span> <span class='ocrx_word' id='word_1_371' title='bbox 596 2352 644 2378; x_wconf 86' lang='grc' dir='ltr'>τοῦ</span> <span class='ocrx_word' id='word_1_372' title='bbox 666 2353 769 2389; x_wconf 81' lang='grc' dir='ltr'>Κυρίου</span> <span class='ocrx_word' id='word_1_373' title='bbox 792 2355 930 2390; x_wconf 76' lang='grc' dir='ltr'>συναφθὲν</span> <span class='ocrx_word' id='word_1_374' title='bbox 956 2358 989 2393; x_wconf 87' lang='grc' dir='ltr'><strong>τῇ</strong></span> 
     </span>
    </p>
   </div>
   <div class='ocr_carea' id='block_1_50' title="bbox 201 2393 991 2434">
    <p class='ocr_par' dir='ltr' id='par_1_50' title="bbox 201 2393 991 2434">
     <span class='ocr_line' id='line_1_50' title="bbox 201 2393 991 2434; baseline 0.011 -15"><span class='ocrx_word' id='word_1_375' title='bbox 201 2393 318 2426; x_wconf 82' lang='grc' dir='ltr'>θεότητι,</span> <span class='ocrx_word' id='word_1_376' title='bbox 333 2396 448 2424; x_wconf 78' lang='grc' dir='ltr'>πάντοτε</span> <span class='ocrx_word' id='word_1_377' title='bbox 465 2396 573 2424; x_wconf 85' lang='grc' dir='ltr'>σύνεστι</span> <span class='ocrx_word' id='word_1_378' title='bbox 587 2397 626 2433; x_wconf 87' lang='grc' dir='ltr'>τῷ</span> <span class='ocrx_word' id='word_1_379' title='bbox 641 2397 711 2434; x_wconf 84' lang='grc' dir='ltr'>ἁγίῳ</span> <span class='ocrx_word' id='word_1_380' title='bbox 733 2401 882 2434; x_wconf 66' lang='grc' dir='ltr'>Πνεῦματι.</span> <span class='ocrx_word' id='word_1_381' title='bbox 910 2401 991 2429; x_wconf 83' lang='grc' dir='ltr'><strong>Ἀλλᾶ</strong></span> 
     </span>
    </p>
   </div>
   <div class='ocr_carea' id='block_1_51' title="bbox 200 2439 990 2479">
    <p class='ocr_par' dir='ltr' id='par_1_51' title="bbox 200 2439 990 2479">
     <span class='ocr_line' id='line_1_51' title="bbox 200 2439 990 2479; baseline 0.011 -14"><span class='ocrx_word' id='word_1_382' title='bbox 200 2439 286 2466; x_wconf 82' lang='grc' dir='ltr'>ταῦτα</span> <span class='ocrx_word' id='word_1_383' title='bbox 298 2441 331 2467; x_wconf 76' lang='grc' dir='ltr'>τὰ</span> <span class='ocrx_word' id='word_1_384' title='bbox 348 2441 436 2477; x_wconf 79' lang='grc' dir='ltr'>μέτρα</span> <span class='ocrx_word' id='word_1_385' title='bbox 448 2442 498 2469; x_wconf 82' lang='grc' dir='ltr'>οὐκ</span> <span class='ocrx_word' id='word_1_386' title='bbox 522 2443 624 2474; x_wconf 77' lang='grc' dir='ltr'>εὐθέως</span> <span class='ocrx_word' id='word_1_387' title='bbox 636 2445 894 2479; x_wconf 78' lang='grc' dir='ltr'>καταλαμϐάνουσιν</span> <span class='ocrx_word' id='word_1_388' title='bbox 905 2447 929 2473; x_wconf 77' lang='grc' dir='ltr'>οἱ</span> <span class='ocrx_word' id='word_1_389' title='bbox 944 2447 990 2474; x_wconf 80' lang='grc' dir='ltr'><strong>ἄν-</strong></span> 
     </span>
    </p>
   </div>
   <div class='ocr_carea' id='block_1_52' title="bbox 201 2484 989 2527">
    <p class='ocr_par' dir='ltr' id='par_1_52' title="bbox 201 2484 989 2527">
     <span class='ocr_line' id='line_1_52' title="bbox 201 2484 989 2527; baseline 0.011 -17"><span class='ocrx_word' id='word_1_390' title='bbox 201 2484 317 2520; x_wconf 83' lang='grc' dir='ltr'>θρωποι,</span> <span class='ocrx_word' id='word_1_391' title='bbox 334 2487 358 2512; x_wconf 82' lang='grc' dir='ltr'>εἰ</span> <span class='ocrx_word' id='word_1_392' title='bbox 370 2487 407 2522; x_wconf 85' lang='grc' dir='ltr'>μὴ</span> <span class='ocrx_word' id='word_1_393' title='bbox 425 2487 468 2514; x_wconf 80' lang='grc' dir='ltr'>διὰ</span> <span class='ocrx_word' id='word_1_394' title='bbox 481 2489 616 2523; x_wconf 77' lang='grc' dir='ltr'>καμάτου,</span> <span class='ocrx_word' id='word_1_395' title='bbox 629 2489 675 2515; x_wconf 82' lang='grc' dir='ltr'>καὶ</span> <span class='ocrx_word' id='word_1_396' title='bbox 704 2489 832 2525; x_wconf 76' lang='grc' dir='ltr'>θλίψεως,</span> <span class='ocrx_word' id='word_1_397' title='bbox 852 2492 899 2518; x_wconf 75' lang='grc' dir='ltr'>καὶ</span> <span class='ocrx_word' id='word_1_398' title='bbox 913 2492 989 2527; x_wconf 82' lang='grc' dir='ltr'>ἀγῶ-</span> 
     </span>
    </p>
   </div>
   <div class='ocr_carea' id='block_1_53' title="bbox 200 2531 988 2574">
    <p class='ocr_par' dir='ltr' id='par_1_53' title="bbox 200 2531 988 2574">
     <span class='ocr_line' id='line_1_53' title="bbox 200 2531 988 2574; baseline 0.011 -18"><span class='ocrx_word' id='word_1_399' title='bbox 200 2538 243 2561; x_wconf 83' lang='grc' dir='ltr'><strong>νος</strong></span> <span class='ocrx_word' id='word_1_400' title='bbox 256 2531 366 2558; x_wconf 79' lang='grc' dir='ltr'>πολλοῦ.</span> <span class='ocrx_word' id='word_1_401' title='bbox 384 2533 444 2559; x_wconf 81' lang='grc' dir='ltr'>Εἰσὶ</span> <span class='ocrx_word' id='word_1_402' title='bbox 471 2533 524 2568; x_wconf 86' lang='grc' dir='ltr'>γάρ</span> <span class='ocrx_word' id='word_1_403' title='bbox 541 2543 624 2567; x_wconf 80' lang='grc' dir='ltr'>τινες,</span> <span class='ocrx_word' id='word_1_404' title='bbox 652 2535 693 2561; x_wconf 87' lang='grc' dir='ltr'>ὃτι</span> <span class='ocrx_word' id='word_1_405' title='bbox 711 2536 834 2563; x_wconf 81' lang='grc' dir='ltr'>σύνεστιν</span> <span class='ocrx_word' id='word_1_406' title='bbox 849 2538 941 2569; x_wconf 84' lang='grc' dir='ltr'>αὐτοῖς</span> <span class='ocrx_word' id='word_1_407' title='bbox 971 2540 988 2574; x_wconf 82' lang='grc' dir='ltr'>ἡ</span> 
     </span>
    </p>
   </div>
   <div class='ocr_carea' id='block_1_54' title="bbox 199 2576 987 2619">
    <p class='ocr_par' dir='ltr' id='par_1_54' title="bbox 199 2576 987 2619">
     <span class='ocr_line' id='line_1_54' title="bbox 199 2576 987 2619; baseline 0.011 -18"><span class='ocrx_word' id='word_1_408' title='bbox 199 2576 277 2610; x_wconf 69' lang='grc' dir='ltr'>χάρις</span> <span class='ocrx_word' id='word_1_409' title='bbox 292 2577 441 2611; x_wconf 76' lang='grc' dir='ltr'>ἐνεργοῦσα</span> <span class='ocrx_word' id='word_1_410' title='bbox 456 2579 503 2605; x_wconf 79' lang='grc' dir='ltr'>καὶ</span> <span class='ocrx_word' id='word_1_411' title='bbox 512 2579 702 2612; x_wconf 80' lang='grc' dir='ltr'>ἀναπαύουσα,</span> <span class='ocrx_word' id='word_1_412' title='bbox 718 2581 826 2609; x_wconf 83' lang='grc' dir='ltr'>σύνεστι</span> <span class='ocrx_word' id='word_1_413' title='bbox 853 2583 881 2608; x_wconf 82' lang='grc' dir='ltr'>δὲ</span> <span class='ocrx_word' id='word_1_414' title='bbox 897 2584 944 2610; x_wconf 76' lang='grc' dir='ltr'>καὶ</span> <span class='ocrx_word' id='word_1_415' title='bbox 971 2587 987 2619; x_wconf 84' lang='grc' dir='ltr'>ἡ</span> 
     </span>
    </p>
   </div>
   <div class='ocr_carea' id='block_1_55' title="bbox 199 2622 988 2664">
    <p class='ocr_par' dir='ltr' id='par_1_55' title="bbox 199 2622 988 2664">
     <span class='ocr_line' id='line_1_55' title="bbox 199 2622 988 2664; baseline 0.011 -18"><span class='ocrx_word' id='word_1_416' title='bbox 199 2622 281 2648; x_wconf 81' lang='grc' dir='ltr'>κακία</span> <span class='ocrx_word' id='word_1_417' title='bbox 292 2622 376 2655; x_wconf 84' lang='grc' dir='ltr'>ἔνδον,</span> <span class='ocrx_word' id='word_1_418' title='bbox 399 2624 448 2650; x_wconf 75' lang='grc' dir='ltr'>καὶ</span> <span class='ocrx_word' id='word_1_419' title='bbox 460 2624 496 2650; x_wconf 84' lang='grc' dir='ltr'>τὰ</span> <span class='ocrx_word' id='word_1_420' title='bbox 512 2625 560 2651; x_wconf 86' lang='grc' dir='ltr'><strong>δύο</strong></span> <span class='ocrx_word' id='word_1_421' title='bbox 571 2625 758 2660; x_wconf 82' lang='grc' dir='ltr'>πολιτεύματα</span> <span class='ocrx_word' id='word_1_422' title='bbox 773 2628 813 2659; x_wconf 85' lang='grc' dir='ltr'><strong>εἰς</strong></span> <span class='ocrx_word' id='word_1_423' title='bbox 836 2629 900 2663; x_wconf 82' lang='grc' dir='ltr'>μίαν</span> <span class='ocrx_word' id='word_1_424' title='bbox 913 2630 988 2664; x_wconf 71' lang='grc' dir='ltr'>ἐνερ-</span> 
     </span>
    </p>
   </div>
   <div class='ocr_carea' id='block_1_56' title="bbox 199 2667 808 2704">
    <p class='ocr_par' dir='ltr' id='par_1_56' title="bbox 199 2667 808 2704">
     <span class='ocr_line' id='line_1_56' title="bbox 199 2667 808 2704; baseline 0.011 -12"><span class='ocrx_word' id='word_1_425' title='bbox 199 2667 243 2700; x_wconf 86' lang='grc' dir='ltr'><strong>γεῖ</strong></span> <span class='ocrx_word' id='word_1_426' title='bbox 256 2668 370 2702; x_wconf 80' lang='grc' dir='ltr'>καρδίαν</span> <span class='ocrx_word' id='word_1_427' title='bbox 384 2668 431 2695; x_wconf 82' lang='grc' dir='ltr'>τοῦ</span> <span class='ocrx_word' id='word_1_428' title='bbox 448 2670 547 2704; x_wconf 81' lang='grc' dir='ltr'>φωτὸς,</span> <span class='ocrx_word' id='word_1_429' title='bbox 562 2671 609 2697; x_wconf 75' lang='grc' dir='ltr'>καὶ</span> <span class='ocrx_word' id='word_1_430' title='bbox 623 2671 669 2697; x_wconf 83' lang='grc' dir='ltr'>τοῦ</span> <span class='ocrx_word' id='word_1_431' title='bbox 686 2671 808 2704; x_wconf 82' lang='grc' dir='ltr'>σκότους.</span> 
     </span>
    </p>
   </div>
   <div class='ocr_carea' id='block_1_57' title="bbox 233 2754 985 2794">
    <p class='ocr_par' dir='ltr' id='par_1_57' title="bbox 233 2754 985 2794">
     <span class='ocr_line' id='line_1_57' title="bbox 233 2754 985 2794; baseline 0.005 -12"><span class='ocrx_word' id='word_1_432' title='bbox 233 2754 272 2782; x_wconf 83' lang='grc' dir='ltr'><strong>Ε’.</strong></span> <span class='ocrx_word' id='word_1_433' title='bbox 289 2755 371 2782; x_wconf 74' lang='grc' dir='ltr'>Ἀλλὰ</span> <span class='ocrx_word' id='word_1_434' title='bbox 395 2756 504 2788; x_wconf 80' lang='grc' dir='ltr'>πάντως</span> <span class='ocrx_word' id='word_1_435' title='bbox 520 2757 594 2792; x_wconf 77' lang='grc' dir='ltr'>ἐρεῖς</span> <span class='ocrx_word' id='word_1_436' title='bbox 623 2767 679 2793; x_wconf 84' lang='grc' dir='ltr'>μοι.</span> <span class='ocrx_word' id='word_1_437' title='bbox 696 2758 738 2790; x_wconf 79' lang='grc' dir='ltr'><strong>τίς</strong></span> <span class='ocrx_word' id='word_1_438' title='bbox 765 2758 891 2786; x_wconf 84' lang='grc' dir='ltr'>κοινωνία</span> <span class='ocrx_word' id='word_1_439' title='bbox 915 2760 985 2794; x_wconf 77' lang='grc' dir='ltr'>φωτὶ</span> 
     </span>
    </p>
   </div>
   <div class='ocr_carea' id='block_1_58' title="bbox 198 2799 985 2837">
    <p class='ocr_par' dir='ltr' id='par_1_58' title="bbox 198 2799 985 2837">
     <span class='ocr_line' id='line_1_58' title="bbox 198 2799 985 2837; baseline 0.005 -11"><span class='ocrx_word' id='word_1_440' title='bbox 198 2799 266 2835; x_wconf 77' lang='grc' dir='ltr'>πρὸς</span> <span class='ocrx_word' id='word_1_441' title='bbox 280 2800 394 2834; x_wconf 83' lang='grc' dir='ltr'>σκότος;</span> <span class='ocrx_word' id='word_1_442' title='bbox 411 2801 465 2828; x_wconf 84' lang='grc' dir='ltr'><strong>Ποῦ</strong></span> <span class='ocrx_word' id='word_1_443' title='bbox 484 2801 538 2837; x_wconf 79' lang='grc' dir='ltr'><strong>γὰρ</strong></span> <span class='ocrx_word' id='word_1_444' title='bbox 561 2802 591 2828; x_wconf 81' lang='grc' dir='ltr'>τὸ</span> <span class='ocrx_word' id='word_1_445' title='bbox 609 2802 679 2829; x_wconf 81' lang='grc' dir='ltr'>θεῖον</span> <span class='ocrx_word' id='word_1_446' title='bbox 699 2803 757 2837; x_wconf 80' lang='grc' dir='ltr'><strong>φῶς</strong></span> <span class='ocrx_word' id='word_1_447' title='bbox 786 2803 985 2836; x_wconf 79' lang='grc' dir='ltr'>ὲπισκοτίζεται</span> 
     </span>
    </p>
   </div>
   <div class='ocr_carea' id='block_1_59' title="bbox 199 2846 984 2884">
    <p class='ocr_par' dir='ltr' id='par_1_59' title="bbox 199 2846 984 2884">
     <span class='ocr_line' id='line_1_59' title="bbox 199 2846 984 2884; baseline 0.005 -12"><span class='ocrx_word' id='word_1_448' title='bbox 199 2847 248 2872; x_wconf 72' lang='grc' dir='ltr'>καὶ</span> <span class='ocrx_word' id='word_1_449' title='bbox 263 2846 398 2878; x_wconf 82' lang='grc' dir='ltr'>θολοῦται,</span> <span class='ocrx_word' id='word_1_450' title='bbox 425 2847 474 2874; x_wconf 74' lang='grc' dir='ltr'>καὶ</span> <span class='ocrx_word' id='word_1_451' title='bbox 499 2848 530 2875; x_wconf 76' lang='grc' dir='ltr'>τὸ</span> <span class='ocrx_word' id='word_1_452' title='bbox 557 2848 688 2884; x_wconf 84' lang='grc' dir='ltr'>ἀμίαντον</span> <span class='ocrx_word' id='word_1_453' title='bbox 717 2849 765 2875; x_wconf 72' lang='grc' dir='ltr'>καὶ</span> <span class='ocrx_word' id='word_1_454' title='bbox 793 2849 913 2884; x_wconf 72' lang='grc' dir='ltr'>καθαρὸν</span> <span class='ocrx_word' id='word_1_455' title='bbox 934 2849 984 2876; x_wconf 82' lang='grc' dir='ltr'>ποῦ</span> 
     </span>
    </p>
   </div>
   <div class='ocr_carea' id='block_1_60' title="bbox 201 2891 983 2930">
    <p class='ocr_par' dir='ltr' id='par_1_60' title="bbox 201 2891 983 2930">
     <span class='ocr_line' id='line_1_60' title="bbox 201 2891 983 2930; baseline 0.005 -12"><span class='ocrx_word' id='word_1_456' title='bbox 201 2891 336 2926; x_wconf 78' lang='grc' dir='ltr'>μιαίνεται</span> <span class='ocrx_word' id='word_1_457' title='bbox 348 2900 356 2925; x_wconf 92' lang='lat'><strong>;</strong></span> <span class='ocrx_word' id='word_1_458' title='bbox 372 2892 527 2927; x_wconf 73' lang='grc' dir='ltr'>Γέγραπται</span> <span class='ocrx_word' id='word_1_459' title='bbox 547 2894 611 2928; x_wconf 83' lang='grc' dir='ltr'>γὰρ,</span> <span class='ocrx_word' id='word_1_460' title='bbox 621 2895 676 2922; x_wconf 72' lang='grc' dir='ltr'><strong>Καὶ</strong></span> <span class='ocrx_word' id='word_1_461' title='bbox 688 2894 720 2921; x_wconf 81' lang='grc' dir='ltr'>τὸ</span> <span class='ocrx_word' id='word_1_462' title='bbox 735 2893 798 2930; x_wconf 69' lang='grc' dir='ltr'>φῶς</span> <span class='ocrx_word' id='word_1_463' title='bbox 812 2895 847 2923; x_wconf 71' lang='grc' dir='ltr'><strong>ἐν</strong></span> <span class='ocrx_word' id='word_1_464' title='bbox 860 2894 898 2929; x_wconf 78' lang='grc' dir='ltr'>τῇ</span> <span class='ocrx_word' id='word_1_465' title='bbox 911 2902 983 2922; x_wconf 77' lang='grc' dir='ltr'>σκο-</span> 
     </span>
    </p>
   </div>
   <div class='ocr_carea' id='block_1_61' title="bbox 1048 285 1835 322">
    <p class='ocr_par' dir='ltr' id='par_1_61' title="bbox 1048 285 1835 322">
     <span class='ocr_line' id='line_1_61' title="bbox 1048 285 1835 322; baseline 0.003 -10"><span class='ocrx_word' id='word_1_466' title='bbox 1048 293 1124 320; x_wconf 75' lang='lat' dir='ltr'><strong>gram</strong></span> <span class='ocrx_word' id='word_1_467' title='bbox 1140 285 1337 319; x_wconf 77' lang='lat' dir='ltr'><strong>bzereditatem,</strong></span> <span class='ocrx_word' id='word_1_468' title='bbox 1351 286 1403 313; x_wconf 82' lang='lat' dir='ltr'><strong>sibi</strong></span> <span class='ocrx_word' id='word_1_469' title='bbox 1418 287 1446 313; x_wconf 93' lang='lat' dir='ltr'><strong>in</strong></span> <span class='ocrx_word' id='word_1_470' title='bbox 1459 287 1507 315; x_wconf 90' lang='lat' dir='ltr'><strong>illo</strong></span> <span class='ocrx_word' id='word_1_471' title='bbox 1523 287 1625 315; x_wconf 61' lang='lat' dir='ltr'><strong>saculo</strong></span> <span class='ocrx_word' id='word_1_472' title='bbox 1642 291 1835 322; x_wconf 63' lang='lat' dir='ltr'><strong>praeparatam,</strong></span> 
     </span>
    </p>
   </div>
   <div class='ocr_carea' id='block_1_62' title="bbox 1048 331 1835 364">
    <p class='ocr_par' dir='ltr' id='par_1_62' title="bbox 1048 331 1835 364">
     <span class='ocr_line' id='line_1_62' title="bbox 1048 331 1835 364; baseline 0.001 -6"><span class='ocrx_word' id='word_1_473' title='bbox 1048 331 1170 358; x_wconf 91' lang='lat' dir='ltr'><strong>nondum</strong></span> <span class='ocrx_word' id='word_1_474' title='bbox 1186 332 1319 364; x_wconf 75' lang='lat' dir='ltr'><strong>adierint,</strong></span> <span class='ocrx_word' id='word_1_475' title='bbox 1335 331 1480 359; x_wconf 71' lang='lat' dir='ltr'><strong>certissimi</strong></span> <span class='ocrx_word' id='word_1_476' title='bbox 1499 337 1590 360; x_wconf 82' lang='lat' dir='ltr'><strong>tamen</strong></span> <span class='ocrx_word' id='word_1_477' title='bbox 1607 337 1672 360; x_wconf 82' lang='lat' dir='ltr'><strong>sunt</strong></span> <span class='ocrx_word' id='word_1_478' title='bbox 1687 340 1721 360; x_wconf 80' lang='lat' dir='ltr'><strong>ex</strong></span> <span class='ocrx_word' id='word_1_479' title='bbox 1737 333 1835 360; x_wconf 86' lang='lat' dir='ltr'><strong>arrha-</strong></span> 
     </span>
    </p>
   </div>
   <div class='ocr_carea' id='block_1_63' title="bbox 1048 377 1835 415">
    <p class='ocr_par' dir='ltr' id='par_1_63' title="bbox 1048 377 1835 415">
     <span class='ocr_line' id='line_1_63' title="bbox 1048 377 1835 415; baseline 0 -10"><span class='ocrx_word' id='word_1_480' title='bbox 1048 377 1121 406; x_wconf 88' lang='lat' dir='ltr'><strong>bone</strong></span> <span class='ocrx_word' id='word_1_481' title='bbox 1141 386 1222 413; x_wconf 87' lang='lat' dir='ltr'><strong>quem</strong></span> <span class='ocrx_word' id='word_1_482' title='bbox 1243 379 1325 405; x_wconf 91' lang='lat' dir='ltr'><strong>modo</strong></span> <span class='ocrx_word' id='word_1_483' title='bbox 1345 383 1523 413; x_wconf 89' lang='lat' dir='ltr'><strong>receperunt,</strong></span> <span class='ocrx_word' id='word_1_484' title='bbox 1542 387 1574 406; x_wconf 91' lang='lat' dir='ltr'><strong>ac</strong></span> <span class='ocrx_word' id='word_1_485' title='bbox 1594 379 1618 407; x_wconf 92' lang='lat' dir='ltr'><strong>si</strong></span> <span class='ocrx_word' id='word_1_486' title='bbox 1635 379 1690 415; x_wconf 89' lang='lat' dir='ltr'><strong>jam</strong></span> <span class='ocrx_word' id='word_1_487' title='bbox 1711 378 1835 406; x_wconf 88' lang='lat' dir='ltr'><strong>coronati</strong></span> 
     </span>
    </p>
   </div>
   <div class='ocr_carea' id='block_1_64' title="bbox 1047 425 1834 461">
    <p class='ocr_par' dir='ltr' id='par_1_64' title="bbox 1047 425 1834 461">
     <span class='ocr_line' id='line_1_64' title="bbox 1047 425 1834 461; baseline 0.001 -10"><span class='ocrx_word' id='word_1_488' title='bbox 1047 428 1157 457; x_wconf 86' lang='lat' dir='ltr'><strong>essent,</strong></span> <span class='ocrx_word' id='word_1_489' title='bbox 1169 428 1197 452; x_wconf 86' lang='lat' dir='ltr'><strong>et</strong></span> <span class='ocrx_word' id='word_1_490' title='bbox 1213 425 1291 460; x_wconf 78' lang='lat' dir='ltr'><strong>regni</strong></span> <span class='ocrx_word' id='word_1_491' title='bbox 1308 425 1417 452; x_wconf 86' lang='lat' dir='ltr'><strong>clavum</strong></span> <span class='ocrx_word' id='word_1_492' title='bbox 1433 429 1575 458; x_wconf 71' lang='lat' dir='ltr'><strong>tenuerent;</strong></span> <span class='ocrx_word' id='word_1_493' title='bbox 1594 433 1685 461; x_wconf 86' lang='lat' dir='ltr'><strong>neque</strong></span> <span class='ocrx_word' id='word_1_494' title='bbox 1701 425 1834 460; x_wconf 85' lang='lat' dir='ltr'><strong>obstupe—</strong></span> 
     </span>
    </p>
   </div>
   <div class='ocr_carea' id='block_1_65' title="bbox 1047 469 1834 505">
    <p class='ocr_par' dir='ltr' id='par_1_65' title="bbox 1047 469 1834 505">
     <span class='ocr_line' id='line_1_65' title="bbox 1047 469 1834 505; baseline 0.001 -9"><span class='ocrx_word' id='word_1_495' title='bbox 1047 474 1138 503; x_wconf 84' lang='lat' dir='ltr'><strong>scunt,</strong></span> <span class='ocrx_word' id='word_1_496' title='bbox 1152 474 1183 497; x_wconf 92' lang='lat' dir='ltr'><strong>ut</strong></span> <span class='ocrx_word' id='word_1_497' title='bbox 1198 469 1225 497; x_wconf 93' lang='lat' dir='ltr'><strong>in</strong></span> <span class='ocrx_word' id='word_1_498' title='bbox 1240 478 1270 497; x_wconf 92' lang='lat' dir='ltr'><strong>re</strong></span> <span class='ocrx_word' id='word_1_499' title='bbox 1284 470 1395 498; x_wconf 86' lang='lat' dir='ltr'><strong>insolita</strong></span> <span class='ocrx_word' id='word_1_500' title='bbox 1412 478 1444 497; x_wconf 88' lang='lat' dir='ltr'><strong>ac</strong></span> <span class='ocrx_word' id='word_1_501' title='bbox 1458 478 1540 501; x_wconf 83' lang='lat' dir='ltr'><strong>nova,</strong></span> <span class='ocrx_word' id='word_1_502' title='bbox 1555 471 1628 505; x_wconf 90' lang='lat' dir='ltr'><strong>quod</strong></span> <span class='ocrx_word' id='word_1_503' title='bbox 1645 479 1707 498; x_wconf 92' lang='lat' dir='ltr'><strong>cum</strong></span> <span class='ocrx_word' id='word_1_504' title='bbox 1723 470 1834 498; x_wconf 77' lang='lat' dir='ltr'><strong>Christo</strong></span> 
     </span>
    </p>
   </div>
   <div class='ocr_carea' id='block_1_66' title="bbox 1047 516 1833 552">
    <p class='ocr_par' dir='ltr' id='par_1_66' title="bbox 1047 516 1833 552">
     <span class='ocr_line' id='line_1_66' title="bbox 1047 516 1833 552; baseline 0 -9"><span class='ocrx_word' id='word_1_505' title='bbox 1047 516 1190 552; x_wconf 75' lang='lat' dir='ltr'><strong>regnaturi</strong></span> <span class='ocrx_word' id='word_1_506' title='bbox 1211 517 1280 549; x_wconf 89' lang='lat' dir='ltr'><strong>sint,</strong></span> <span class='ocrx_word' id='word_1_507' title='bbox 1303 521 1416 552; x_wconf 80' lang='lat' dir='ltr'><strong>propter</strong></span> <span class='ocrx_word' id='word_1_508' title='bbox 1438 516 1634 544; x_wconf 80' lang='lat' dir='ltr'><strong>abundantiam</strong></span> <span class='ocrx_word' id='word_1_509' title='bbox 1656 522 1684 545; x_wconf 88' lang='lat' dir='ltr'><strong>et</strong></span> <span class='ocrx_word' id='word_1_510' title='bbox 1704 517 1833 544; x_wconf 79' lang='lat' dir='ltr'><strong>ﬁduciam</strong></span> 
     </span>
    </p>
   </div>
   <div class='ocr_carea' id='block_1_67' title="bbox 1048 561 1833 597">
    <p class='ocr_par' dir='ltr' id='par_1_67' title="bbox 1048 561 1833 597">
     <span class='ocr_line' id='line_1_67' title="bbox 1048 561 1833 597; baseline -0.001 -7"><span class='ocrx_word' id='word_1_511' title='bbox 1048 562 1178 597; x_wconf 84' lang='lat' dir='ltr'><strong>Spiritus.</strong></span> <span class='ocrx_word' id='word_1_512' title='bbox 1200 561 1402 596; x_wconf 84' lang='lat' dir='ltr'><strong>Quamobrem?</strong></span> <span class='ocrx_word' id='word_1_513' title='bbox 1423 569 1457 590; x_wconf 91' lang='lat' dir='ltr'><strong>eo</strong></span> <span class='ocrx_word' id='word_1_514' title='bbox 1480 562 1572 597; x_wconf 91' lang='lat' dir='ltr'><strong>quod,</strong></span> <span class='ocrx_word' id='word_1_515' title='bbox 1598 570 1662 590; x_wconf 84' lang='lat' dir='ltr'><strong>cum</strong></span> <span class='ocrx_word' id='word_1_516' title='bbox 1688 562 1779 590; x_wconf 87' lang='lat' dir='ltr'><strong>adhuc</strong></span> <span class='ocrx_word' id='word_1_517' title='bbox 1803 562 1833 589; x_wconf 91' lang='lat' dir='ltr'><strong>in</strong></span> 
     </span>
    </p>
   </div>
   <div class='ocr_carea' id='block_1_68' title="bbox 1047 607 1834 643">
    <p class='ocr_par' dir='ltr' id='par_1_68' title="bbox 1047 607 1834 643">
     <span class='ocr_line' id='line_1_68' title="bbox 1047 607 1834 643; baseline -0.001 -7"><span class='ocrx_word' id='word_1_518' title='bbox 1047 616 1131 636; x_wconf 85' lang='lat' dir='ltr'><strong>carne</strong></span> <span class='ocrx_word' id='word_1_519' title='bbox 1154 612 1262 640; x_wconf 87' lang='lat' dir='ltr'><strong>essent,</strong></span> <span class='ocrx_word' id='word_1_520' title='bbox 1284 607 1420 636; x_wconf 67' lang='lat' dir='ltr'><strong>suavitate</strong></span> <span class='ocrx_word' id='word_1_521' title='bbox 1443 609 1490 636; x_wconf 88' lang='lat' dir='ltr'><strong>illa</strong></span> <span class='ocrx_word' id='word_1_522' title='bbox 1513 616 1545 635; x_wconf 91' lang='lat' dir='ltr'><strong>ac</strong></span> <span class='ocrx_word' id='word_1_523' title='bbox 1567 608 1730 641; x_wconf 89' lang='lat' dir='ltr'><strong>dulcedine,</strong></span> <span class='ocrx_word' id='word_1_524' title='bbox 1751 613 1834 643; x_wconf 88' lang='lat' dir='ltr'><strong>atque</strong></span> 
     </span>
    </p>
   </div>
   <div class='ocr_carea' id='block_1_69' title="bbox 1046 653 1599 682">
    <p class='ocr_par' dir='ltr' id='par_1_69' title="bbox 1046 653 1599 682">
     <span class='ocr_line' id='line_1_69' title="bbox 1046 653 1599 682; baseline -0.004 0"><span class='ocrx_word' id='word_1_525' title='bbox 1046 653 1168 682; x_wconf 80' lang='lat' dir='ltr'><strong>efﬁcacia</strong></span> <span class='ocrx_word' id='word_1_526' title='bbox 1180 653 1319 681; x_wconf 85' lang='lat' dir='ltr'><strong>facultatis</strong></span> <span class='ocrx_word' id='word_1_527' title='bbox 1332 653 1406 681; x_wconf 86' lang='lat' dir='ltr'><strong>illius</strong></span> <span class='ocrx_word' id='word_1_528' title='bbox 1420 653 1599 681; x_wconf 89' lang='lat' dir='ltr'><strong>tenebantur.</strong></span> 
     </span>
    </p>
   </div>
   <div class='ocr_carea' id='block_1_70' title="bbox 1082 698 1836 734">
    <p class='ocr_par' dir='ltr' id='par_1_70' title="bbox 1082 698 1836 734">
     <span class='ocr_line' id='line_1_70' title="bbox 1082 698 1836 734; baseline -0.003 -7"><span class='ocrx_word' id='word_1_529' title='bbox 1082 700 1127 727; x_wconf 90' lang='lat' dir='ltr'><strong>Ill.</strong></span> <span class='ocrx_word' id='word_1_530' title='bbox 1141 699 1378 733; x_wconf 82' lang='lat' dir='ltr'><strong>Quemadmodum</strong></span> <span class='ocrx_word' id='word_1_531' title='bbox 1395 699 1480 732; x_wconf 90' lang='lat' dir='ltr'><strong>enim,</strong></span> <span class='ocrx_word' id='word_1_532' title='bbox 1497 700 1521 727; x_wconf 90' lang='lat' dir='ltr'><strong>si</strong></span> <span class='ocrx_word' id='word_1_533' title='bbox 1537 699 1639 734; x_wconf 88' lang='lat' dir='ltr'><strong>aliquis</strong></span> <span class='ocrx_word' id='word_1_534' title='bbox 1653 703 1696 726; x_wconf 88' lang='lat' dir='ltr'><strong>est</strong></span> <span class='ocrx_word' id='word_1_535' title='bbox 1712 698 1760 733; x_wconf 88' lang='lat' dir='ltr'><strong>qui</strong></span> <span class='ocrx_word' id='word_1_536' title='bbox 1777 702 1836 726; x_wconf 88' lang='lat' dir='ltr'><strong>erat</strong></span> 
     </span>
    </p>
   </div>
   <div class='ocr_carea' id='block_1_71' title="bbox 1046 745 1836 781">
    <p class='ocr_par' dir='ltr' id='par_1_71' title="bbox 1046 745 1836 781">
     <span class='ocr_line' id='line_1_71' title="bbox 1046 745 1836 781; baseline -0.004 -8"><span class='ocrx_word' id='word_1_537' title='bbox 1046 745 1152 773; x_wconf 87' lang='lat' dir='ltr'><strong>amicus</strong></span> <span class='ocrx_word' id='word_1_538' title='bbox 1175 746 1263 781; x_wconf 81' lang='lat' dir='ltr'><strong>regis,</strong></span> <span class='ocrx_word' id='word_1_539' title='bbox 1284 750 1313 773; x_wconf 84' lang='lat' dir='ltr'><strong>et</strong></span> <span class='ocrx_word' id='word_1_540' title='bbox 1336 745 1437 780; x_wconf 85' lang='lat' dir='ltr'><strong>palatio</strong></span> <span class='ocrx_word' id='word_1_541' title='bbox 1457 745 1504 772; x_wconf 90' lang='lat' dir='ltr'><strong>dat</strong></span> <span class='ocrx_word' id='word_1_542' title='bbox 1527 752 1656 779; x_wconf 85' lang='lat' dir='ltr'><strong>operam,</strong></span> <span class='ocrx_word' id='word_1_543' title='bbox 1675 751 1707 772; x_wconf 85' lang='lat' dir='ltr'><strong>ac</strong></span> <span class='ocrx_word' id='word_1_544' title='bbox 1729 748 1836 771; x_wconf 88' lang='lat' dir='ltr'><strong>secreta</strong></span> 
     </span>
    </p>
   </div>
   <div class='ocr_carea' id='block_1_72' title="bbox 1047 789 1835 826">
    <p class='ocr_par' dir='ltr' id='par_1_72' title="bbox 1047 789 1835 826">
     <span class='ocr_line' id='line_1_72' title="bbox 1047 789 1835 826; baseline -0.005 -8"><span class='ocrx_word' id='word_1_545' title='bbox 1047 790 1119 825; x_wconf 79' lang='lat' dir='ltr'><strong>regis</strong></span> <span class='ocrx_word' id='word_1_546' title='bbox 1135 791 1292 826; x_wconf 76' lang='lat' dir='ltr'><strong>cognoscit,</strong></span> <span class='ocrx_word' id='word_1_547' title='bbox 1304 795 1386 825; x_wconf 87' lang='lat' dir='ltr'><strong>atque</strong></span> <span class='ocrx_word' id='word_1_548' title='bbox 1400 791 1501 825; x_wconf 75' lang='lat' dir='ltr'><strong>regiam</strong></span> <span class='ocrx_word' id='word_1_549' title='bbox 1519 789 1655 824; x_wconf 89' lang='lat' dir='ltr'><strong>conspicit</strong></span> <span class='ocrx_word' id='word_1_550' title='bbox 1667 795 1835 823; x_wconf 87' lang='lat' dir='ltr'><strong>purpuram;</strong></span> 
     </span>
    </p>
   </div>
   <div class='ocr_carea' id='block_1_73' title="bbox 1046 835 1833 872">
    <p class='ocr_par' dir='ltr' id='par_1_73' title="bbox 1046 835 1833 872">
     <span class='ocr_line' id='line_1_73' title="bbox 1046 835 1833 872; baseline -0.005 -7"><span class='ocrx_word' id='word_1_551' title='bbox 1046 845 1164 872; x_wconf 88' lang='lat' dir='ltr'><strong>eumque</strong></span> <span class='ocrx_word' id='word_1_552' title='bbox 1179 837 1320 872; x_wconf 76' lang='lat' dir='ltr'><strong>contingat</strong></span> <span class='ocrx_word' id='word_1_553' title='bbox 1332 837 1390 864; x_wconf 81' lang='lat' dir='ltr'><strong>ﬁeri</strong></span> <span class='ocrx_word' id='word_1_554' title='bbox 1405 845 1508 872; x_wconf 83' lang='lat' dir='ltr'><strong>regem,</strong></span> <span class='ocrx_word' id='word_1_555' title='bbox 1519 841 1548 864; x_wconf 88' lang='lat' dir='ltr'><strong>et</strong></span> <span class='ocrx_word' id='word_1_556' title='bbox 1561 836 1698 867; x_wconf 86' lang='lat' dir='ltr'><strong>coronari,</strong></span> <span class='ocrx_word' id='word_1_557' title='bbox 1710 835 1833 862; x_wconf 80' lang='lat' dir='ltr'><strong>novitate</strong></span> 
     </span>
    </p>
   </div>
   <div class='ocr_carea' id='block_1_74' title="bbox 1047 879 1835 916">
    <p class='ocr_par' dir='ltr' id='par_1_74' title="bbox 1047 879 1835 916">
     <span class='ocr_line' id='line_1_74' title="bbox 1047 879 1835 916; baseline -0.004 -8"><span class='ocrx_word' id='word_1_558' title='bbox 1047 890 1139 909; x_wconf 89' lang='lat' dir='ltr'><strong>rerum</strong></span> <span class='ocrx_word' id='word_1_559' title='bbox 1161 890 1217 910; x_wconf 91' lang='lat' dir='ltr'><strong>non</strong></span> <span class='ocrx_word' id='word_1_560' title='bbox 1239 882 1424 916; x_wconf 85' lang='lat' dir='ltr'><strong>obstupescit,</strong></span> <span class='ocrx_word' id='word_1_561' title='bbox 1443 889 1495 908; x_wconf 93' lang='lat' dir='ltr'><strong>nec</strong></span> <span class='ocrx_word' id='word_1_562' title='bbox 1517 885 1591 908; x_wconf 90' lang='lat' dir='ltr'><strong>metu</strong></span> <span class='ocrx_word' id='word_1_563' title='bbox 1613 879 1783 915; x_wconf 84' lang='lat' dir='ltr'><strong>percellitur,</strong></span> <span class='ocrx_word' id='word_1_564' title='bbox 1801 886 1835 905; x_wconf 92' lang='lat' dir='ltr'><strong>eo</strong></span> 
     </span>
    </p>
   </div>
   <div class='ocr_carea' id='block_1_75' title="bbox 1047 925 1836 967">
    <p class='ocr_par' dir='ltr' id='par_1_75' title="bbox 1047 925 1836 967">
     <span class='ocr_line' id='line_1_75' title="bbox 1047 925 1836 967; baseline -0.005 -12"><span class='ocrx_word' id='word_1_565' title='bbox 1047 928 1121 963; x_wconf 89' lang='lat' dir='ltr'><strong>quod</strong></span> <span class='ocrx_word' id='word_1_566' title='bbox 1146 928 1228 967; x_wconf 79' lang='lat' dir='ltr'><strong>longo</strong></span> <span class='ocrx_word' id='word_1_567' title='bbox 1252 933 1375 963; x_wconf 88' lang='lat' dir='ltr'><strong>tempore</strong></span> <span class='ocrx_word' id='word_1_568' title='bbox 1397 928 1426 954; x_wconf 91' lang='lat' dir='ltr'><strong>in</strong></span> <span class='ocrx_word' id='word_1_569' title='bbox 1445 927 1553 954; x_wconf 88' lang='lat' dir='ltr'><strong>arcanis</strong></span> <span class='ocrx_word' id='word_1_570' title='bbox 1577 925 1671 961; x_wconf 88' lang='lat' dir='ltr'><strong>palatii</strong></span> <span class='ocrx_word' id='word_1_571' title='bbox 1697 925 1836 952; x_wconf 77' lang='lat' dir='ltr'><strong>exercitus</strong></span> 
     </span>
    </p>
   </div>
   <div class='ocr_carea' id='block_1_76' title="bbox 1044 970 1836 1008">
    <p class='ocr_par' dir='ltr' id='par_1_76' title="bbox 1044 970 1836 1008">
     <span class='ocr_line' id='line_1_76' title="bbox 1044 970 1836 1008; baseline -0.008 -6"><span class='ocrx_word' id='word_1_572' title='bbox 1044 974 1128 1002; x_wconf 85' lang='lat' dir='ltr'><strong>fuerit</strong></span> <span class='ocrx_word' id='word_1_573' title='bbox 1154 983 1161 1001; x_wconf 87' lang='lat'><strong>:</strong></span> <span class='ocrx_word' id='word_1_574' title='bbox 1186 981 1359 1008; x_wconf 84' lang='lat' dir='ltr'><strong>nequaquam</strong></span> <span class='ocrx_word' id='word_1_575' title='bbox 1385 973 1461 1001; x_wconf 89' lang='lat' dir='ltr'><strong>enim</strong></span> <span class='ocrx_word' id='word_1_576' title='bbox 1486 972 1545 1000; x_wconf 87' lang='lat' dir='ltr'><strong>ﬁeri</strong></span> <span class='ocrx_word' id='word_1_577' title='bbox 1571 972 1658 1003; x_wconf 90' lang='lat' dir='ltr'><strong>solet,</strong></span> <span class='ocrx_word' id='word_1_578' title='bbox 1681 975 1713 997; x_wconf 88' lang='lat' dir='ltr'><strong>ut</strong></span> <span class='ocrx_word' id='word_1_579' title='bbox 1735 970 1798 1005; x_wconf 87' lang='lat' dir='ltr'><strong>quis</strong></span> <span class='ocrx_word' id='word_1_580' title='bbox 1819 977 1836 996; x_wconf 89' lang='lat' dir='ltr'><strong>c</strong></span> 
     </span>
    </p>
   </div>
   <div class='ocr_carea' id='block_1_77' title="bbox 1044 1015 1835 1056">
    <p class='ocr_par' dir='ltr' id='par_1_77' title="bbox 1044 1015 1835 1056">
     <span class='ocr_line' id='line_1_77' title="bbox 1044 1015 1835 1056; baseline -0.006 -9"><span class='ocrx_word' id='word_1_581' title='bbox 1044 1019 1191 1056; x_wconf 77' lang='lat' dir='ltr'><strong>gregariis,</strong></span> <span class='ocrx_word' id='word_1_582' title='bbox 1210 1019 1382 1054; x_wconf 85' lang='lat' dir='ltr'><strong>simplicibus</strong></span> <span class='ocrx_word' id='word_1_583' title='bbox 1405 1024 1488 1054; x_wconf 88' lang='lat' dir='ltr'><strong>atque</strong></span> <span class='ocrx_word' id='word_1_584' title='bbox 1514 1018 1707 1054; x_wconf 88' lang='lat' dir='ltr'><strong>mysteriorum</strong></span> <span class='ocrx_word' id='word_1_585' title='bbox 1731 1015 1835 1051; x_wconf 83' lang='lat' dir='ltr'><strong>ignaris</strong></span> 
     </span>
    </p>
   </div>
   <div class='ocr_carea' id='block_1_78' title="bbox 1045 1063 1835 1101">
    <p class='ocr_par' dir='ltr' id='par_1_78' title="bbox 1045 1063 1835 1101">
     <span class='ocr_line' id='line_1_78' title="bbox 1045 1063 1835 1101; baseline -0.003 -9"><span class='ocrx_word' id='word_1_586' title='bbox 1045 1065 1216 1098; x_wconf 84' lang='lat' dir='ltr'><strong>hominibus,</strong></span> <span class='ocrx_word' id='word_1_587' title='bbox 1229 1067 1342 1093; x_wconf 79' lang='lat' dir='ltr'><strong>accedat</strong></span> <span class='ocrx_word' id='word_1_588' title='bbox 1354 1065 1388 1092; x_wconf 91' lang='lat' dir='ltr'><strong>ad</strong></span> <span class='ocrx_word' id='word_1_589' title='bbox 1403 1065 1480 1101; x_wconf 80' lang='lat' dir='ltr'><strong>regni</strong></span> <span class='ocrx_word' id='word_1_590' title='bbox 1494 1064 1774 1096; x_wconf 87' lang='lat' dir='ltr'><strong>administrationem,</strong></span> <span class='ocrx_word' id='word_1_591' title='bbox 1786 1063 1835 1091; x_wconf 80' lang='lat' dir='ltr'><strong>sed</strong></span> 
     </span>
    </p>
   </div>
   <div class='ocr_carea' id='block_1_79' title="bbox 1044 1110 1832 1147">
    <p class='ocr_par' dir='ltr' id='par_1_79' title="bbox 1044 1110 1832 1147">
     <span class='ocr_line' id='line_1_79' title="bbox 1044 1110 1832 1147; baseline -0.005 -8"><span class='ocrx_word' id='word_1_592' title='bbox 1044 1112 1133 1140; x_wconf 92' lang='lat' dir='ltr'><strong>solum</strong></span> <span class='ocrx_word' id='word_1_593' title='bbox 1147 1113 1166 1139; x_wconf 93' lang='lat' dir='ltr'><strong>ii</strong></span> <span class='ocrx_word' id='word_1_594' title='bbox 1186 1112 1233 1147; x_wconf 92' lang='lat' dir='ltr'><strong>qui</strong></span> <span class='ocrx_word' id='word_1_595' title='bbox 1246 1112 1370 1139; x_wconf 88' lang='lat' dir='ltr'><strong>doctrina</strong></span> <span class='ocrx_word' id='word_1_596' title='bbox 1383 1116 1411 1138; x_wconf 88' lang='lat' dir='ltr'><strong>et</strong></span> <span class='ocrx_word' id='word_1_597' title='bbox 1432 1111 1601 1146; x_wconf 84' lang='lat' dir='ltr'><strong>experientia</strong></span> <span class='ocrx_word' id='word_1_598' title='bbox 1617 1110 1744 1137; x_wconf 86' lang='lat' dir='ltr'><strong>instructi</strong></span> <span class='ocrx_word' id='word_1_599' title='bbox 1758 1113 1832 1136; x_wconf 91' lang='lat' dir='ltr'><strong>sunt.</strong></span> 
     </span>
    </p>
   </div>
   <div class='ocr_carea' id='block_1_80' title="bbox 1045 1156 1836 1194">
    <p class='ocr_par' dir='ltr' id='par_1_80' title="bbox 1045 1156 1836 1194">
     <span class='ocr_line' id='line_1_80' title="bbox 1045 1156 1836 1194; baseline -0.005 -8"><span class='ocrx_word' id='word_1_600' title='bbox 1045 1159 1091 1186; x_wconf 90' lang='lat' dir='ltr'><strong>Sic</strong></span> <span class='ocrx_word' id='word_1_601' title='bbox 1109 1166 1220 1194; x_wconf 89' lang='lat' dir='ltr'><strong>quoque</strong></span> <span class='ocrx_word' id='word_1_602' title='bbox 1240 1157 1421 1190; x_wconf 87' lang='lat' dir='ltr'><strong>Christianis,</strong></span> <span class='ocrx_word' id='word_1_603' title='bbox 1438 1157 1484 1192; x_wconf 90' lang='lat' dir='ltr'><strong>qui</strong></span> <span class='ocrx_word' id='word_1_604' title='bbox 1503 1156 1644 1192; x_wconf 81' lang='lat' dir='ltr'><strong>regnaturi</strong></span> <span class='ocrx_word' id='word_1_605' title='bbox 1662 1160 1726 1183; x_wconf 91' lang='lat' dir='ltr'><strong>sunt</strong></span> <span class='ocrx_word' id='word_1_606' title='bbox 1743 1156 1770 1182; x_wconf 93' lang='lat' dir='ltr'><strong>in</strong></span> <span class='ocrx_word' id='word_1_607' title='bbox 1788 1156 1836 1183; x_wconf 92' lang='lat' dir='ltr'><strong>illo</strong></span> 
     </span>
    </p>
   </div>
   <div class='ocr_carea' id='block_1_81' title="bbox 1044 1201 1835 1236">
    <p class='ocr_par' dir='ltr' id='par_1_81' title="bbox 1044 1201 1835 1236">
     <span class='ocr_line' id='line_1_81' title="bbox 1044 1201 1835 1236; baseline -0.005 -5"><span class='ocrx_word' id='word_1_608' title='bbox 1044 1204 1161 1236; x_wconf 65' lang='lat' dir='ltr'><strong>sarculo,</strong></span> <span class='ocrx_word' id='word_1_609' title='bbox 1176 1203 1246 1230; x_wconf 90' lang='lat' dir='ltr'><strong>nihil</strong></span> <span class='ocrx_word' id='word_1_610' title='bbox 1267 1203 1332 1230; x_wconf 92' lang='lat' dir='ltr'><strong>novi</strong></span> <span class='ocrx_word' id='word_1_611' title='bbox 1355 1207 1383 1230; x_wconf 88' lang='lat' dir='ltr'><strong>et</strong></span> <span class='ocrx_word' id='word_1_612' title='bbox 1405 1202 1584 1236; x_wconf 84' lang='lat' dir='ltr'><strong>inexspectati</strong></span> <span class='ocrx_word' id='word_1_613' title='bbox 1605 1201 1718 1232; x_wconf 84' lang='lat' dir='ltr'><strong>accidit,</strong></span> <span class='ocrx_word' id='word_1_614' title='bbox 1733 1201 1835 1236; x_wconf 86' lang='lat' dir='ltr'><strong>quippe</strong></span> 
     </span>
    </p>
   </div>
   <div class='ocr_carea' id='block_1_82' title="bbox 1047 1248 1835 1286">
    <p class='ocr_par' dir='ltr' id='par_1_82' title="bbox 1047 1248 1835 1286">
     <span class='ocr_line' id='line_1_82' title="bbox 1047 1248 1835 1286; baseline -0.006 -8"><span class='ocrx_word' id='word_1_615' title='bbox 1047 1251 1094 1286; x_wconf 93' lang='lat' dir='ltr'><strong>qui</strong></span> <span class='ocrx_word' id='word_1_616' title='bbox 1109 1255 1189 1277; x_wconf 87' lang='lat' dir='ltr'><strong>antea</strong></span> <span class='ocrx_word' id='word_1_617' title='bbox 1201 1250 1256 1284; x_wconf 88' lang='lat' dir='ltr'><strong>jam</strong></span> <span class='ocrx_word' id='word_1_618' title='bbox 1270 1253 1406 1276; x_wconf 89' lang='lat' dir='ltr'><strong>noverunt</strong></span> <span class='ocrx_word' id='word_1_619' title='bbox 1419 1248 1547 1284; x_wconf 88' lang='lat' dir='ltr'><strong>mysteria</strong></span> <span class='ocrx_word' id='word_1_620' title='bbox 1561 1248 1655 1283; x_wconf 71' lang='lat' dir='ltr'><strong>gratim</strong></span> <span class='ocrx_word' id='word_1_621' title='bbox 1667 1255 1674 1274; x_wconf 87' lang='lat'>:</span> <span class='ocrx_word' id='word_1_622' title='bbox 1690 1252 1835 1282; x_wconf 90' lang='lat' dir='ltr'><strong>propterea</strong></span> 
     </span>
    </p>
   </div>
   <div class='ocr_carea' id='block_1_83' title="bbox 1047 1292 1832 1330">
    <p class='ocr_par' dir='ltr' id='par_1_83' title="bbox 1047 1292 1832 1330">
     <span class='ocr_line' id='line_1_83' title="bbox 1047 1292 1832 1330; baseline -0.005 -7"><span class='ocrx_word' id='word_1_623' title='bbox 1047 1296 1135 1328; x_wconf 89' lang='lat' dir='ltr'><strong>enim,</strong></span> <span class='ocrx_word' id='word_1_624' title='bbox 1153 1295 1226 1330; x_wconf 92' lang='lat' dir='ltr'><strong>quod</strong></span> <span class='ocrx_word' id='word_1_625' title='bbox 1250 1295 1333 1321; x_wconf 92' lang='lat' dir='ltr'><strong>homo</strong></span> <span class='ocrx_word' id='word_1_626' title='bbox 1356 1299 1528 1329; x_wconf 78' lang='lat' dir='ltr'><strong>trangrcssus</strong></span> <span class='ocrx_word' id='word_1_627' title='bbox 1550 1293 1586 1320; x_wconf 90' lang='lat' dir='ltr'><strong>sit</strong></span> <span class='ocrx_word' id='word_1_628' title='bbox 1607 1293 1675 1320; x_wconf 88' lang='lat' dir='ltr'><strong>ﬁnes</strong></span> <span class='ocrx_word' id='word_1_629' title='bbox 1697 1292 1832 1325; x_wconf 88' lang='lat' dir='ltr'><strong>mandati,</strong></span> 
     </span>
    </p>
   </div>
   <div class='ocr_carea' id='block_1_84' title="bbox 1045 1339 1834 1374">
    <p class='ocr_par' dir='ltr' id='par_1_84' title="bbox 1045 1339 1834 1374">
     <span class='ocr_line' id='line_1_84' title="bbox 1045 1339 1834 1374; baseline -0.006 -4"><span class='ocrx_word' id='word_1_630' title='bbox 1045 1343 1171 1370; x_wconf 86' lang='lat' dir='ltr'><strong>diabolus</strong></span> <span class='ocrx_word' id='word_1_631' title='bbox 1195 1342 1351 1368; x_wconf 90' lang='lat' dir='ltr'><strong>universam</strong></span> <span class='ocrx_word' id='word_1_632' title='bbox 1377 1341 1498 1367; x_wconf 90' lang='lat' dir='ltr'><strong>animam</strong></span> <span class='ocrx_word' id='word_1_633' title='bbox 1522 1339 1675 1374; x_wconf 83' lang='lat' dir='ltr'><strong>caliginoso</strong></span> <span class='ocrx_word' id='word_1_634' title='bbox 1698 1339 1834 1366; x_wconf 74' lang='lat' dir='ltr'><strong>velamine</strong></span> 
     </span>
    </p>
   </div>
   <div class='ocr_carea' id='block_1_85' title="bbox 1046 1385 1835 1424">
    <p class='ocr_par' dir='ltr' id='par_1_85' title="bbox 1046 1385 1835 1424">
     <span class='ocr_line' id='line_1_85' title="bbox 1046 1385 1835 1424; baseline -0.006 -8"><span class='ocrx_word' id='word_1_635' title='bbox 1046 1389 1158 1424; x_wconf 89' lang='lat' dir='ltr'><strong>operuit</strong></span> <span class='ocrx_word' id='word_1_636' title='bbox 1185 1396 1192 1415; x_wconf 91' lang='lat'>:</span> <span class='ocrx_word' id='word_1_637' title='bbox 1216 1395 1313 1414; x_wconf 82' lang='lat' dir='ltr'><strong>verum</strong></span> <span class='ocrx_word' id='word_1_638' title='bbox 1340 1385 1516 1421; x_wconf 89' lang='lat' dir='ltr'><strong>postmodum</strong></span> <span class='ocrx_word' id='word_1_639' title='bbox 1544 1385 1651 1412; x_wconf 85' lang='lat' dir='ltr'><strong>accedit</strong></span> <span class='ocrx_word' id='word_1_640' title='bbox 1675 1385 1780 1419; x_wconf 82' lang='lat' dir='ltr'><strong>gratia,</strong></span> <span class='ocrx_word' id='word_1_641' title='bbox 1806 1389 1835 1411; x_wconf 89' lang='lat' dir='ltr'><strong>et</strong></span> 
     </span>
    </p>
   </div>
   <div class='ocr_carea' id='block_1_86' title="bbox 1045 1431 1833 1468">
    <p class='ocr_par' dir='ltr' id='par_1_86' title="bbox 1045 1431 1833 1468">
     <span class='ocr_line' id='line_1_86' title="bbox 1045 1431 1833 1468; baseline -0.006 -7"><span class='ocrx_word' id='word_1_642' title='bbox 1045 1434 1157 1462; x_wconf 82' lang='lat' dir='ltr'><strong>exuitur</strong></span> <span class='ocrx_word' id='word_1_643' title='bbox 1169 1441 1283 1468; x_wconf 88' lang='lat' dir='ltr'><strong>prorsus</strong></span> <span class='ocrx_word' id='word_1_644' title='bbox 1297 1433 1422 1459; x_wconf 88' lang='lat' dir='ltr'><strong>velamen</strong></span> <span class='ocrx_word' id='word_1_645' title='bbox 1440 1431 1519 1463; x_wconf 83' lang='lat' dir='ltr'><strong>illud,</strong></span> <span class='ocrx_word' id='word_1_646' title='bbox 1531 1432 1568 1459; x_wconf 85' lang='lat' dir='ltr'><strong>ita</strong></span> <span class='ocrx_word' id='word_1_647' title='bbox 1582 1434 1612 1458; x_wconf 91' lang='lat' dir='ltr'><strong>ut</strong></span> <span class='ocrx_word' id='word_1_648' title='bbox 1625 1435 1718 1465; x_wconf 82' lang='lat' dir='ltr'><strong>postea</strong></span> <span class='ocrx_word' id='word_1_649' title='bbox 1732 1431 1833 1462; x_wconf 89' lang='lat' dir='ltr'><strong>anima,</strong></span> 
     </span>
    </p>
   </div>
   <div class='ocr_carea' id='block_1_87' title="bbox 1045 1477 1835 1515">
    <p class='ocr_par' dir='ltr' id='par_1_87' title="bbox 1045 1477 1835 1515">
     <span class='ocr_line' id='line_1_87' title="bbox 1045 1477 1835 1515; baseline -0.006 -8"><span class='ocrx_word' id='word_1_650' title='bbox 1045 1480 1170 1515; x_wconf 60' lang='lat' dir='ltr'><strong>pristina:</strong></span> <span class='ocrx_word' id='word_1_651' title='bbox 1184 1479 1297 1514; x_wconf 85' lang='lat' dir='ltr'><strong>puritati</strong></span> <span class='ocrx_word' id='word_1_652' title='bbox 1309 1482 1390 1513; x_wconf 86' lang='lat' dir='ltr'><strong>atque</strong></span> <span class='ocrx_word' id='word_1_653' title='bbox 1401 1478 1521 1512; x_wconf 67' lang='lat' dir='ltr'><strong>propriae</strong></span> <span class='ocrx_word' id='word_1_654' title='bbox 1533 1477 1616 1504; x_wconf 85' lang='lat' dir='ltr'><strong>statui</strong></span> <span class='ocrx_word' id='word_1_655' title='bbox 1631 1481 1746 1508; x_wconf 69' lang='lat' dir='ltr'><strong>natum,</strong></span> <span class='ocrx_word' id='word_1_656' title='bbox 1759 1484 1835 1503; x_wconf 78' lang='lat' dir='ltr'><strong>crea-</strong></span> 
     </span>
    </p>
   </div>
   <div class='ocr_carea' id='block_1_88' title="bbox 1047 1522 1833 1560">
    <p class='ocr_par' dir='ltr' id='par_1_88' title="bbox 1047 1522 1833 1560">
     <span class='ocr_line' id='line_1_88' title="bbox 1047 1522 1833 1560; baseline -0.006 -7"><span class='ocrx_word' id='word_1_657' title='bbox 1047 1531 1116 1553; x_wconf 68' lang='lat' dir='ltr'><strong>tura:</strong></span> <span class='ocrx_word' id='word_1_658' title='bbox 1130 1525 1321 1560; x_wconf 65' lang='lat' dir='ltr'><strong>scilicetpura:</strong></span> <span class='ocrx_word' id='word_1_659' title='bbox 1331 1529 1413 1559; x_wconf 84' lang='lat' dir='ltr'><strong>atque</strong></span> <span class='ocrx_word' id='word_1_660' title='bbox 1429 1522 1680 1558; x_wconf 80' lang='lat' dir='ltr'><strong>irreprehensibili,</strong></span> <span class='ocrx_word' id='word_1_661' title='bbox 1695 1522 1833 1554; x_wconf 85' lang='lat' dir='ltr'><strong>restituta,</strong></span> 
     </span>
    </p>
   </div>
   <div class='ocr_carea' id='block_1_89' title="bbox 1007 1568 1833 1607">
    <p class='ocr_par' dir='ltr' id='par_1_89' title="bbox 1007 1568 1833 1607">
     <span class='ocr_line' id='line_1_89' title="bbox 1007 1568 1833 1607; baseline -0.005 -8"><span class='ocrx_word' id='word_1_662' title='bbox 1007 1579 1028 1607; x_wconf 76' lang='grc' dir='ltr'>ο</span> <span class='ocrx_word' id='word_1_663' title='bbox 1045 1576 1178 1606; x_wconf 89' lang='lat' dir='ltr'><strong>perpetuo</strong></span> <span class='ocrx_word' id='word_1_664' title='bbox 1206 1579 1237 1598; x_wconf 88' lang='lat' dir='ltr'><strong>ac</strong></span> <span class='ocrx_word' id='word_1_665' title='bbox 1261 1578 1331 1606; x_wconf 87' lang='lat' dir='ltr'><strong>pure</strong></span> <span class='ocrx_word' id='word_1_666' title='bbox 1357 1570 1490 1604; x_wconf 89' lang='lat' dir='ltr'><strong>purisque</strong></span> <span class='ocrx_word' id='word_1_667' title='bbox 1520 1568 1608 1596; x_wconf 86' lang='lat' dir='ltr'><strong>oculis</strong></span> <span class='ocrx_word' id='word_1_668' title='bbox 1635 1568 1748 1604; x_wconf 78' lang='lat' dir='ltr'><strong>gloriam</strong></span> <span class='ocrx_word' id='word_1_669' title='bbox 1772 1568 1833 1595; x_wconf 79' lang='lat' dir='ltr'><strong>veri</strong></span> 
     </span>
    </p>
   </div>
   <div class='ocr_carea' id='block_1_90' title="bbox 1043 1614 1834 1651">
    <p class='ocr_par' dir='ltr' id='par_1_90' title="bbox 1043 1614 1834 1651">
     <span class='ocr_line' id='line_1_90' title="bbox 1043 1614 1834 1651; baseline -0.004 -6"><span class='ocrx_word' id='word_1_670' title='bbox 1043 1617 1157 1645; x_wconf 88' lang='lat' dir='ltr'><strong>luminis</strong></span> <span class='ocrx_word' id='word_1_671' title='bbox 1183 1617 1352 1651; x_wconf 88' lang='lat' dir='ltr'><strong>conspiciat,</strong></span> <span class='ocrx_word' id='word_1_672' title='bbox 1373 1622 1526 1650; x_wconf 86' lang='lat' dir='ltr'><strong>verumque</strong></span> <span class='ocrx_word' id='word_1_673' title='bbox 1553 1615 1644 1643; x_wconf 90' lang='lat' dir='ltr'><strong>Solem</strong></span> <span class='ocrx_word' id='word_1_674' title='bbox 1668 1615 1781 1650; x_wconf 73' lang='lat' dir='ltr'><strong>iustitia:</strong></span> <span class='ocrx_word' id='word_1_675' title='bbox 1804 1614 1834 1642; x_wconf 89' lang='lat' dir='ltr'><strong>in</strong></span> 
     </span>
    </p>
   </div>
   <div class='ocr_carea' id='block_1_91' title="bbox 1044 1661 1832 1697">
    <p class='ocr_par' dir='ltr' id='par_1_91' title="bbox 1044 1661 1832 1697">
     <span class='ocr_line' id='line_1_91' title="bbox 1044 1661 1832 1697; baseline -0.003 -8"><span class='ocrx_word' id='word_1_676' title='bbox 1044 1663 1200 1691; x_wconf 88' lang='lat' dir='ltr'><strong>visceribus</strong></span> <span class='ocrx_word' id='word_1_677' title='bbox 1216 1662 1320 1694; x_wconf 88' lang='lat' dir='ltr'><strong>cordis,</strong></span> <span class='ocrx_word' id='word_1_678' title='bbox 1333 1662 1449 1697; x_wconf 80' lang='lat' dir='ltr'><strong>fulgoris</strong></span> <span class='ocrx_word' id='word_1_679' title='bbox 1466 1661 1494 1688; x_wconf 91' lang='lat' dir='ltr'><strong>in</strong></span> <span class='ocrx_word' id='word_1_680' title='bbox 1507 1661 1619 1689; x_wconf 91' lang='lat' dir='ltr'><strong>modum</strong></span> <span class='ocrx_word' id='word_1_681' title='bbox 1633 1661 1832 1695; x_wconf 86' lang='lat' dir='ltr'><strong>splendentem.</strong></span> 
     </span>
    </p>
   </div>
   <div class='ocr_carea' id='block_1_92' title="bbox 1077 1706 1835 1741">
    <p class='ocr_par' dir='ltr' id='par_1_92' title="bbox 1077 1706 1835 1741">
     <span class='ocr_line' id='line_1_92' title="bbox 1077 1706 1835 1741; baseline -0.005 -4"><span class='ocrx_word' id='word_1_682' title='bbox 1077 1709 1122 1737; x_wconf 76' lang='grc' dir='ltr'>Ν.</span> <span class='ocrx_word' id='word_1_683' title='bbox 1137 1709 1216 1737; x_wconf 89' lang='lat' dir='ltr'><strong>Sicut</strong></span> <span class='ocrx_word' id='word_1_684' title='bbox 1230 1709 1305 1736; x_wconf 89' lang='lat' dir='ltr'><strong>enim</strong></span> <span class='ocrx_word' id='word_1_685' title='bbox 1318 1708 1346 1735; x_wconf 85' lang='lat' dir='ltr'><strong>in</strong></span> <span class='ocrx_word' id='word_1_686' title='bbox 1360 1707 1600 1735; x_wconf 83' lang='lat' dir='ltr'><strong>consummatione</strong></span> <span class='ocrx_word' id='word_1_687' title='bbox 1613 1706 1729 1741; x_wconf 88' lang='lat' dir='ltr'><strong>perituri</strong></span> <span class='ocrx_word' id='word_1_688' title='bbox 1743 1707 1835 1733; x_wconf 81' lang='lat' dir='ltr'><strong>ﬁrma-</strong></span> 
     </span>
    </p>
   </div>
   <div class='ocr_carea' id='block_1_93' title="bbox 1042 1753 1834 1789">
    <p class='ocr_par' dir='ltr' id='par_1_93' title="bbox 1042 1753 1834 1789">
     <span class='ocr_line' id='line_1_93' title="bbox 1042 1753 1834 1789; baseline -0.004 -7"><span class='ocrx_word' id='word_1_689' title='bbox 1042 1755 1140 1787; x_wconf 90' lang='lat' dir='ltr'><strong>menti,</strong></span> <span class='ocrx_word' id='word_1_690' title='bbox 1154 1754 1222 1789; x_wconf 89' lang='lat' dir='ltr'><strong>justi</strong></span> <span class='ocrx_word' id='word_1_691' title='bbox 1248 1754 1276 1781; x_wconf 88' lang='lat' dir='ltr'><strong>in</strong></span> <span class='ocrx_word' id='word_1_692' title='bbox 1298 1758 1440 1788; x_wconf 90' lang='lat' dir='ltr'><strong>posterum</strong></span> <span class='ocrx_word' id='word_1_693' title='bbox 1464 1753 1493 1780; x_wconf 91' lang='lat' dir='ltr'><strong>in</strong></span> <span class='ocrx_word' id='word_1_694' title='bbox 1516 1761 1610 1788; x_wconf 78' lang='lat' dir='ltr'><strong>regno,</strong></span> <span class='ocrx_word' id='word_1_695' title='bbox 1626 1753 1730 1780; x_wconf 86' lang='lat' dir='ltr'><strong>lumine</strong></span> <span class='ocrx_word' id='word_1_696' title='bbox 1752 1757 1834 1787; x_wconf 87' lang='lat' dir='ltr'><strong>atque</strong></span> 
     </span>
    </p>
   </div>
   <div class='ocr_carea' id='block_1_94' title="bbox 1042 1799 1834 1836">
    <p class='ocr_par' dir='ltr' id='par_1_94' title="bbox 1042 1799 1834 1836">
     <span class='ocr_line' id='line_1_94' title="bbox 1042 1799 1834 1836; baseline -0.003 -9"><span class='ocrx_word' id='word_1_697' title='bbox 1042 1801 1127 1836; x_wconf 83' lang='lat' dir='ltr'><strong>gloria</strong></span> <span class='ocrx_word' id='word_1_698' title='bbox 1138 1800 1237 1827; x_wconf 84' lang='lat' dir='ltr'><strong>victuri</strong></span> <span class='ocrx_word' id='word_1_699' title='bbox 1251 1805 1325 1831; x_wconf 92' lang='lat' dir='ltr'><strong>sunt,</strong></span> <span class='ocrx_word' id='word_1_700' title='bbox 1337 1799 1406 1826; x_wconf 90' lang='lat' dir='ltr'><strong>nihil</strong></span> <span class='ocrx_word' id='word_1_701' title='bbox 1421 1799 1495 1826; x_wconf 86' lang='lat' dir='ltr'><strong>aliud</strong></span> <span class='ocrx_word' id='word_1_702' title='bbox 1511 1799 1659 1831; x_wconf 82' lang='lat' dir='ltr'><strong>intuentes,</strong></span> <span class='ocrx_word' id='word_1_703' title='bbox 1672 1806 1754 1833; x_wconf 89' lang='lat' dir='ltr'><strong>quam</strong></span> <span class='ocrx_word' id='word_1_704' title='bbox 1779 1806 1834 1833; x_wconf 88' lang='lat' dir='ltr'><strong>quo</strong></span> 
     </span>
    </p>
   </div>
   <div class='ocr_carea' id='block_1_95' title="bbox 1041 1845 1833 1881">
    <p class='ocr_par' dir='ltr' id='par_1_95' title="bbox 1041 1845 1833 1881">
     <span class='ocr_line' id='line_1_95' title="bbox 1041 1845 1833 1881; baseline -0.003 -9"><span class='ocrx_word' id='word_1_705' title='bbox 1041 1850 1122 1881; x_wconf 82' lang='lat' dir='ltr'><strong>pacto</strong></span> <span class='ocrx_word' id='word_1_706' title='bbox 1141 1845 1268 1873; x_wconf 84' lang='lat' dir='ltr'><strong>Christus</strong></span> <span class='ocrx_word' id='word_1_707' title='bbox 1289 1845 1317 1872; x_wconf 87' lang='lat' dir='ltr'><strong>in</strong></span> <span class='ocrx_word' id='word_1_708' title='bbox 1338 1845 1424 1880; x_wconf 81' lang='lat' dir='ltr'><strong>gloria</strong></span> <span class='ocrx_word' id='word_1_709' title='bbox 1444 1849 1577 1879; x_wconf 90' lang='lat' dir='ltr'><strong>perpetuo</strong></span> <span class='ocrx_word' id='word_1_710' title='bbox 1597 1845 1633 1871; x_wconf 87' lang='lat' dir='ltr'><strong>sit</strong></span> <span class='ocrx_word' id='word_1_711' title='bbox 1653 1845 1686 1871; x_wconf 88' lang='lat' dir='ltr'><strong>ad</strong></span> <span class='ocrx_word' id='word_1_712' title='bbox 1709 1845 1833 1870; x_wconf 85' lang='lat' dir='ltr'><strong>dextram</strong></span> 
     </span>
    </p>
   </div>
   <div class='ocr_carea' id='block_1_96' title="bbox 1044 1889 1832 1925">
    <p class='ocr_par' dir='ltr' id='par_1_96' title="bbox 1044 1889 1832 1925">
     <span class='ocr_line' id='line_1_96' title="bbox 1044 1889 1832 1925; baseline -0.004 -7"><span class='ocrx_word' id='word_1_713' title='bbox 1044 1891 1133 1918; x_wconf 86' lang='lat' dir='ltr'><strong>Patris</strong></span> <span class='ocrx_word' id='word_1_714' title='bbox 1148 1898 1157 1917; x_wconf 86' lang='lat'><strong>.&#39;</strong></span> <span class='ocrx_word' id='word_1_715' title='bbox 1172 1891 1211 1918; x_wconf 88' lang='lat' dir='ltr'><strong>sic</strong></span> <span class='ocrx_word' id='word_1_716' title='bbox 1224 1898 1334 1925; x_wconf 87' lang='lat' dir='ltr'><strong>quoque</strong></span> <span class='ocrx_word' id='word_1_717' title='bbox 1350 1890 1377 1916; x_wconf 88' lang='lat' dir='ltr'><strong>hi</strong></span> <span class='ocrx_word' id='word_1_718' title='bbox 1393 1890 1439 1924; x_wconf 88' lang='lat' dir='ltr'><strong>qui</strong></span> <span class='ocrx_word' id='word_1_719' title='bbox 1452 1898 1485 1917; x_wconf 79' lang='lat' dir='ltr'><strong>ex</strong></span> <span class='ocrx_word' id='word_1_720' title='bbox 1506 1890 1558 1916; x_wconf 91' lang='lat' dir='ltr'><strong>hoc</strong></span> <span class='ocrx_word' id='word_1_721' title='bbox 1572 1890 1599 1916; x_wconf 91' lang='lat' dir='ltr'><strong>in</strong></span> <span class='ocrx_word' id='word_1_722' title='bbox 1615 1889 1688 1916; x_wconf 86' lang='lat' dir='ltr'><strong>aliud</strong></span> <span class='ocrx_word' id='word_1_723' title='bbox 1702 1890 1832 1915; x_wconf 65' lang='lat' dir='ltr'><strong>steculum</strong></span> 
     </span>
    </p>
   </div>
   <div class='ocr_carea' id='block_1_97' title="bbox 1042 1935 1833 1970">
    <p class='ocr_par' dir='ltr' id='par_1_97' title="bbox 1042 1935 1833 1970">
     <span class='ocr_line' id='line_1_97' title="bbox 1042 1935 1833 1970; baseline -0.003 -8"><span class='ocrx_word' id='word_1_724' title='bbox 1042 1935 1149 1970; x_wconf 86' lang='lat' dir='ltr'><strong>abrepti</strong></span> <span class='ocrx_word' id='word_1_725' title='bbox 1163 1940 1245 1970; x_wconf 89' lang='lat' dir='ltr'><strong>atque</strong></span> <span class='ocrx_word' id='word_1_726' title='bbox 1256 1935 1357 1970; x_wconf 76' lang='lat' dir='ltr'><strong>captivi</strong></span> <span class='ocrx_word' id='word_1_727' title='bbox 1370 1935 1480 1962; x_wconf 83' lang='lat' dir='ltr'><strong>abducti</strong></span> <span class='ocrx_word' id='word_1_728' title='bbox 1495 1939 1569 1966; x_wconf 85' lang='lat' dir='ltr'><strong>sunt,</strong></span> <span class='ocrx_word' id='word_1_729' title='bbox 1583 1942 1754 1968; x_wconf 54' lang='lat' dir='ltr'><strong>quacunque</strong></span> <span class='ocrx_word' id='word_1_730' title='bbox 1769 1938 1833 1960; x_wconf 91' lang='lat' dir='ltr'><strong>sunt</strong></span> 
     </span>
    </p>
   </div>
   <div class='ocr_carea' id='block_1_98' title="bbox 1045 1980 1831 2017">
    <p class='ocr_par' dir='ltr' id='par_1_98' title="bbox 1045 1980 1831 2017">
     <span class='ocr_line' id='line_1_98' title="bbox 1045 1980 1831 2017; baseline -0.004 -8"><span class='ocrx_word' id='word_1_731' title='bbox 1045 1982 1082 2009; x_wconf 89' lang='lat' dir='ltr'><strong>ibi</strong></span> <span class='ocrx_word' id='word_1_732' title='bbox 1095 1982 1210 2017; x_wconf 85' lang='lat' dir='ltr'><strong>pulchra</strong></span> <span class='ocrx_word' id='word_1_733' title='bbox 1223 1986 1306 2016; x_wconf 90' lang='lat' dir='ltr'><strong>atque</strong></span> <span class='ocrx_word' id='word_1_734' title='bbox 1315 1981 1497 2008; x_wconf 86' lang='lat' dir='ltr'><strong>admiratione</strong></span> <span class='ocrx_word' id='word_1_735' title='bbox 1508 1980 1588 2015; x_wconf 66' lang='lat' dir='ltr'><strong>digna</strong></span> <span class='ocrx_word' id='word_1_736' title='bbox 1599 1981 1831 2015; x_wconf 86' lang='lat' dir='ltr'><strong>contemplantur.</strong></span> 
     </span>
    </p>
   </div>
   <div class='ocr_carea' id='block_1_99' title="bbox 1041 2026 1833 2061">
    <p class='ocr_par' dir='ltr' id='par_1_99' title="bbox 1041 2026 1833 2061">
     <span class='ocr_line' id='line_1_99' title="bbox 1041 2026 1833 2061; baseline -0.001 -7"><span class='ocrx_word' id='word_1_737' title='bbox 1041 2027 1097 2054; x_wconf 81' lang='lat' dir='ltr'><strong>Nos</strong></span> <span class='ocrx_word' id='word_1_738' title='bbox 1120 2028 1210 2059; x_wconf 87' lang='lat' dir='ltr'><strong>enim,</strong></span> <span class='ocrx_word' id='word_1_739' title='bbox 1233 2027 1280 2061; x_wconf 92' lang='lat' dir='ltr'><strong>qui</strong></span> <span class='ocrx_word' id='word_1_740' title='bbox 1307 2026 1399 2053; x_wconf 88' lang='lat' dir='ltr'><strong>adhuc</strong></span> <span class='ocrx_word' id='word_1_741' title='bbox 1421 2027 1449 2053; x_wconf 90' lang='lat' dir='ltr'><strong>in</strong></span> <span class='ocrx_word' id='word_1_742' title='bbox 1477 2031 1550 2053; x_wconf 85' lang='lat' dir='ltr'><strong>terra</strong></span> <span class='ocrx_word' id='word_1_743' title='bbox 1572 2034 1681 2058; x_wconf 88' lang='lat' dir='ltr'><strong>sumus,</strong></span> <span class='ocrx_word' id='word_1_744' title='bbox 1703 2027 1730 2053; x_wconf 94' lang='lat' dir='ltr'><strong>in</strong></span> <span class='ocrx_word' id='word_1_745' title='bbox 1756 2026 1833 2053; x_wconf 80' lang='lat' dir='ltr'><strong>ccelis</strong></span> 
     </span>
    </p>
   </div>
   <div class='ocr_carea' id='block_1_100' title="bbox 1042 2073 1832 2105">
    <p class='ocr_par' dir='ltr' id='par_1_100' title="bbox 1042 2073 1832 2105">
     <span class='ocr_line' id='line_1_100' title="bbox 1042 2073 1832 2105; baseline -0.003 -4"><span class='ocrx_word' id='word_1_746' title='bbox 1042 2074 1178 2101; x_wconf 85' lang='lat' dir='ltr'><strong>habemus</strong></span> <span class='ocrx_word' id='word_1_747' title='bbox 1207 2074 1463 2105; x_wconf 80' lang='lat' dir='ltr'><strong>conversationem,</strong></span> <span class='ocrx_word' id='word_1_748' title='bbox 1490 2073 1517 2100; x_wconf 91' lang='lat' dir='ltr'><strong>in</strong></span> <span class='ocrx_word' id='word_1_749' title='bbox 1549 2073 1595 2100; x_wconf 91' lang='lat' dir='ltr'><strong>illo</strong></span> <span class='ocrx_word' id='word_1_750' title='bbox 1622 2073 1722 2100; x_wconf 70' lang='lat' dir='ltr'><strong>smculo</strong></span> <span class='ocrx_word' id='word_1_751' title='bbox 1747 2073 1832 2100; x_wconf 75' lang='lat' dir='ltr'><strong>vitam</strong></span> 
     </span>
    </p>
   </div>
   <div class='ocr_carea' id='block_1_101' title="bbox 1042 2120 1833 2154">
    <p class='ocr_par' dir='ltr' id='par_1_101' title="bbox 1042 2120 1833 2154">
     <span class='ocr_line' id='line_1_101' title="bbox 1042 2120 1833 2154; baseline 0.003 -8"><span class='ocrx_word' id='word_1_752' title='bbox 1042 2125 1170 2154; x_wconf 81' lang='lat' dir='ltr'><strong>agentes,</strong></span> <span class='ocrx_word' id='word_1_753' title='bbox 1187 2124 1269 2154; x_wconf 83' lang='lat' dir='ltr'><strong>atque</strong></span> <span class='ocrx_word' id='word_1_754' title='bbox 1286 2124 1483 2148; x_wconf 84' lang='lat' dir='ltr'><strong>conservantes</strong></span> <span class='ocrx_word' id='word_1_755' title='bbox 1499 2120 1650 2147; x_wconf 89' lang='lat' dir='ltr'><strong>secundum</strong></span> <span class='ocrx_word' id='word_1_756' title='bbox 1669 2125 1787 2147; x_wconf 86' lang='lat' dir='ltr'><strong>mentem</strong></span> <span class='ocrx_word' id='word_1_757' title='bbox 1805 2125 1833 2148; x_wconf 86' lang='lat' dir='ltr'><strong>et</strong></span> 
     </span>
    </p>
   </div>
   <div class='ocr_carea' id='block_1_102' title="bbox 1042 2165 1831 2199">
    <p class='ocr_par' dir='ltr' id='par_1_102' title="bbox 1042 2165 1831 2199">
     <span class='ocr_line' id='line_1_102' title="bbox 1042 2165 1831 2199; baseline 0.003 -7"><span class='ocrx_word' id='word_1_758' title='bbox 1042 2166 1203 2193; x_wconf 86' lang='lat' dir='ltr'><strong>interiorem</strong></span> <span class='ocrx_word' id='word_1_759' title='bbox 1224 2165 1375 2193; x_wconf 88' lang='lat' dir='ltr'><strong>hominem.</strong></span> <span class='ocrx_word' id='word_1_760' title='bbox 1389 2166 1625 2199; x_wconf 85' lang='lat' dir='ltr'><strong>Quemadmodum</strong></span> <span class='ocrx_word' id='word_1_761' title='bbox 1642 2166 1716 2193; x_wconf 92' lang='lat' dir='ltr'><strong>enim</strong></span> <span class='ocrx_word' id='word_1_762' title='bbox 1735 2166 1831 2194; x_wconf 89' lang='lat' dir='ltr'><strong>oculus</strong></span> 
     </span>
    </p>
   </div>
   <div class='ocr_carea' id='block_1_103' title="bbox 1042 2211 1828 2248">
    <p class='ocr_par' dir='ltr' id='par_1_103' title="bbox 1042 2211 1828 2248">
     <span class='ocr_line' id='line_1_103' title="bbox 1042 2211 1828 2248; baseline 0.003 -10"><span class='ocrx_word' id='word_1_763' title='bbox 1042 2212 1174 2243; x_wconf 79' lang='lat' dir='ltr'><strong>exterior,</strong></span> <span class='ocrx_word' id='word_1_764' title='bbox 1190 2211 1214 2239; x_wconf 88' lang='lat' dir='ltr'><strong>si</strong></span> <span class='ocrx_word' id='word_1_765' title='bbox 1231 2220 1319 2247; x_wconf 90' lang='lat' dir='ltr'><strong>purus</strong></span> <span class='ocrx_word' id='word_1_766' title='bbox 1335 2212 1382 2242; x_wconf 84' lang='lat' dir='ltr'><strong>sit.</strong></span> <span class='ocrx_word' id='word_1_767' title='bbox 1396 2213 1481 2240; x_wconf 84' lang='lat' dir='ltr'><strong>solem</strong></span> <span class='ocrx_word' id='word_1_768' title='bbox 1501 2220 1569 2247; x_wconf 88' lang='lat' dir='ltr'><strong>pure</strong></span> <span class='ocrx_word' id='word_1_769' title='bbox 1587 2220 1695 2248; x_wconf 88' lang='lat' dir='ltr'><strong>semper</strong></span> <span class='ocrx_word' id='word_1_770' title='bbox 1709 2214 1806 2248; x_wconf 88' lang='lat' dir='ltr'><strong>aspicit</strong></span> <span class='ocrx_word' id='word_1_771' title='bbox 1821 2222 1828 2240; x_wconf 92' lang='lat'>:</span> 
     </span>
    </p>
   </div>
   <div class='ocr_carea' id='block_1_104' title="bbox 1005 2250 1833 2293">
    <p class='ocr_par' dir='ltr' id='par_1_104' title="bbox 1005 2250 1833 2293">
     <span class='ocr_line' id='line_1_104' title="bbox 1005 2250 1833 2293; baseline 0.001 -9"><span class='ocrx_word' id='word_1_772' title='bbox 1005 2250 1027 2277; x_wconf 79' lang='grc' dir='ltr'><strong>ι)</strong></span> <span class='ocrx_word' id='word_1_773' title='bbox 1043 2257 1083 2284; x_wconf 89' lang='lat' dir='ltr'><strong>sic</strong></span> <span class='ocrx_word' id='word_1_774' title='bbox 1099 2265 1210 2292; x_wconf 90' lang='lat' dir='ltr'><strong>quoque</strong></span> <span class='ocrx_word' id='word_1_775' title='bbox 1227 2266 1304 2285; x_wconf 93' lang='lat' dir='ltr'><strong>mens</strong></span> <span class='ocrx_word' id='word_1_776' title='bbox 1320 2263 1416 2285; x_wconf 83' lang='lat' dir='ltr'><strong>exacte</strong></span> <span class='ocrx_word' id='word_1_777' title='bbox 1431 2258 1544 2293; x_wconf 86' lang='lat' dir='ltr'><strong>puritali</strong></span> <span class='ocrx_word' id='word_1_778' title='bbox 1565 2258 1707 2290; x_wconf 79' lang='lat' dir='ltr'><strong>restituta,</strong></span> <span class='ocrx_word' id='word_1_779' title='bbox 1723 2267 1833 2293; x_wconf 83' lang='lat' dir='ltr'><strong>semper</strong></span> 
     </span>
    </p>
   </div>
   <div class='ocr_carea' id='block_1_105' title="bbox 1043 2302 1831 2338">
    <p class='ocr_par' dir='ltr' id='par_1_105' title="bbox 1043 2302 1831 2338">
     <span class='ocr_line' id='line_1_105' title="bbox 1043 2302 1831 2338; baseline 0.001 -9"><span class='ocrx_word' id='word_1_780' title='bbox 1043 2303 1168 2329; x_wconf 86' lang='lat' dir='ltr'><strong>intuetur</strong></span> <span class='ocrx_word' id='word_1_781' title='bbox 1183 2303 1298 2338; x_wconf 78' lang='lat' dir='ltr'><strong>gloriam</strong></span> <span class='ocrx_word' id='word_1_782' title='bbox 1321 2303 1433 2330; x_wconf 90' lang='lat' dir='ltr'><strong>luminis</strong></span> <span class='ocrx_word' id='word_1_783' title='bbox 1453 2302 1571 2334; x_wconf 88' lang='lat' dir='ltr'><strong>Christi,</strong></span> <span class='ocrx_word' id='word_1_784' title='bbox 1587 2303 1641 2338; x_wconf 66' lang='grc'>74</span> <span class='ocrx_word' id='word_1_785' title='bbox 1657 2308 1753 2338; x_wconf 88' lang='lat' dir='ltr'><strong>estque</strong></span> <span class='ocrx_word' id='word_1_786' title='bbox 1768 2312 1831 2331; x_wconf 91' lang='lat' dir='ltr'><strong>cum</strong></span> 
     </span>
    </p>
   </div>
   <div class='ocr_carea' id='block_1_106' title="bbox 1040 2347 1829 2383">
    <p class='ocr_par' dir='ltr' id='par_1_106' title="bbox 1040 2347 1829 2383">
     <span class='ocr_line' id='line_1_106' title="bbox 1040 2347 1829 2383; baseline 0.001 -9"><span class='ocrx_word' id='word_1_787' title='bbox 1040 2347 1160 2375; x_wconf 89' lang='lat' dir='ltr'><strong>Domino</strong></span> <span class='ocrx_word' id='word_1_788' title='bbox 1184 2353 1268 2375; x_wconf 90' lang='lat' dir='ltr'><strong>noctu</strong></span> <span class='ocrx_word' id='word_1_789' title='bbox 1290 2347 1409 2382; x_wconf 91' lang='lat' dir='ltr'><strong>diuque,</strong></span> <span class='ocrx_word' id='word_1_790' title='bbox 1427 2348 1541 2382; x_wconf 85' lang='lat' dir='ltr'><strong>perinde</strong></span> <span class='ocrx_word' id='word_1_791' title='bbox 1558 2356 1590 2375; x_wconf 87' lang='lat' dir='ltr'><strong>ac</strong></span> <span class='ocrx_word' id='word_1_792' title='bbox 1607 2356 1707 2383; x_wconf 89' lang='lat' dir='ltr'><strong>corpus</strong></span> <span class='ocrx_word' id='word_1_793' title='bbox 1722 2349 1829 2376; x_wconf 89' lang='lat' dir='ltr'><strong>Domini</strong></span> 
     </span>
    </p>
   </div>
   <div class='ocr_carea' id='block_1_107' title="bbox 1041 2393 1828 2428">
    <p class='ocr_par' dir='ltr' id='par_1_107' title="bbox 1041 2393 1828 2428">
     <span class='ocr_line' id='line_1_107' title="bbox 1041 2393 1828 2428; baseline 0 -8"><span class='ocrx_word' id='word_1_794' title='bbox 1041 2393 1178 2420; x_wconf 89' lang='lat' dir='ltr'><strong>divinitati</strong></span> <span class='ocrx_word' id='word_1_795' title='bbox 1203 2394 1380 2428; x_wconf 73' lang='lat' dir='ltr'><strong>coniunctum</strong></span> <span class='ocrx_word' id='word_1_796' title='bbox 1407 2398 1541 2428; x_wconf 89' lang='lat' dir='ltr'><strong>perpetuo</strong></span> <span class='ocrx_word' id='word_1_797' title='bbox 1566 2399 1609 2421; x_wconf 83' lang='lat' dir='ltr'><strong>est</strong></span> <span class='ocrx_word' id='word_1_798' title='bbox 1631 2401 1694 2420; x_wconf 92' lang='lat' dir='ltr'><strong>cum</strong></span> <span class='ocrx_word' id='word_1_799' title='bbox 1723 2393 1828 2428; x_wconf 89' lang='lat' dir='ltr'><strong>Spiritu</strong></span> 
     </span>
    </p>
   </div>
   <div class='ocr_carea' id='block_1_108' title="bbox 1040 2438 1828 2474">
    <p class='ocr_par' dir='ltr' id='par_1_108' title="bbox 1040 2438 1828 2474">
     <span class='ocr_line' id='line_1_108' title="bbox 1040 2438 1828 2474; baseline -0.001 -8"><span class='ocrx_word' id='word_1_800' title='bbox 1040 2443 1146 2466; x_wconf 83' lang='lat' dir='ltr'><strong>sancto.</strong></span> <span class='ocrx_word' id='word_1_801' title='bbox 1159 2438 1260 2466; x_wconf 82' lang='lat' dir='ltr'><strong>Verum</strong></span> <span class='ocrx_word' id='word_1_802' title='bbox 1278 2438 1362 2466; x_wconf 90' lang='lat' dir='ltr'><strong>hosce</strong></span> <span class='ocrx_word' id='word_1_803' title='bbox 1379 2439 1480 2474; x_wconf 82' lang='lat' dir='ltr'><strong>gradus</strong></span> <span class='ocrx_word' id='word_1_804' title='bbox 1498 2447 1552 2466; x_wconf 90' lang='lat' dir='ltr'><strong>non</strong></span> <span class='ocrx_word' id='word_1_805' title='bbox 1570 2439 1660 2465; x_wconf 83' lang='lat' dir='ltr'><strong>statim</strong></span> <span class='ocrx_word' id='word_1_806' title='bbox 1675 2446 1828 2473; x_wconf 88' lang='lat' dir='ltr'><strong>assequun-</strong></span> 
     </span>
    </p>
   </div>
   <div class='ocr_carea' id='block_1_109' title="bbox 1041 2484 1829 2519">
    <p class='ocr_par' dir='ltr' id='par_1_109' title="bbox 1041 2484 1829 2519">
     <span class='ocr_line' id='line_1_109' title="bbox 1041 2484 1829 2519; baseline 0 -7"><span class='ocrx_word' id='word_1_807' title='bbox 1041 2489 1085 2512; x_wconf 93' lang='lat' dir='ltr'><strong>tur</strong></span> <span class='ocrx_word' id='word_1_808' title='bbox 1106 2485 1248 2516; x_wconf 91' lang='lat' dir='ltr'><strong>homines,</strong></span> <span class='ocrx_word' id='word_1_809' title='bbox 1272 2484 1325 2511; x_wconf 84' lang='lat' dir='ltr'><strong>nisi</strong></span> <span class='ocrx_word' id='word_1_810' title='bbox 1348 2492 1410 2512; x_wconf 90' lang='lat' dir='ltr'><strong>cum</strong></span> <span class='ocrx_word' id='word_1_811' title='bbox 1437 2485 1549 2517; x_wconf 82' lang='lat' dir='ltr'><strong>labore,</strong></span> <span class='ocrx_word' id='word_1_812' title='bbox 1573 2484 1720 2512; x_wconf 85' lang='lat' dir='ltr'><strong>amictionc</strong></span> <span class='ocrx_word' id='word_1_813' title='bbox 1747 2490 1829 2519; x_wconf 84' lang='lat' dir='ltr'><strong>atque</strong></span> 
     </span>
    </p>
   </div>
   <div class='ocr_carea' id='block_1_110' title="bbox 1039 2530 1830 2566">
    <p class='ocr_par' dir='ltr' id='par_1_110' title="bbox 1039 2530 1830 2566">
     <span class='ocr_line' id='line_1_110' title="bbox 1039 2530 1830 2566; baseline 0 -8"><span class='ocrx_word' id='word_1_814' title='bbox 1039 2539 1129 2566; x_wconf 75' lang='lat' dir='ltr'><strong>pugna</strong></span> <span class='ocrx_word' id='word_1_815' title='bbox 1152 2531 1248 2558; x_wconf 90' lang='lat' dir='ltr'><strong>multa.</strong></span> <span class='ocrx_word' id='word_1_816' title='bbox 1271 2531 1331 2558; x_wconf 84' lang='lat' dir='ltr'><strong>Non</strong></span> <span class='ocrx_word' id='word_1_817' title='bbox 1355 2531 1456 2557; x_wconf 86' lang='lat' dir='ltr'><strong>desunt</strong></span> <span class='ocrx_word' id='word_1_818' title='bbox 1479 2530 1571 2561; x_wconf 85' lang='lat' dir='ltr'><strong>enim,</strong></span> <span class='ocrx_word' id='word_1_819' title='bbox 1591 2531 1618 2557; x_wconf 91' lang='lat' dir='ltr'><strong>in</strong></span> <span class='ocrx_word' id='word_1_820' title='bbox 1642 2530 1743 2565; x_wconf 86' lang='lat' dir='ltr'><strong>quibus</strong></span> <span class='ocrx_word' id='word_1_821' title='bbox 1765 2530 1830 2558; x_wconf 88' lang='lat' dir='ltr'><strong>licet</strong></span> 
     </span>
    </p>
   </div>
   <div class='ocr_carea' id='block_1_111' title="bbox 1039 2576 1827 2612">
    <p class='ocr_par' dir='ltr' id='par_1_111' title="bbox 1039 2576 1827 2612">
     <span class='ocr_line' id='line_1_111' title="bbox 1039 2576 1827 2612; baseline -0.001 -9"><span class='ocrx_word' id='word_1_822' title='bbox 1039 2577 1125 2612; x_wconf 74' lang='lat' dir='ltr'><strong>gratia</strong></span> <span class='ocrx_word' id='word_1_823' title='bbox 1141 2577 1195 2604; x_wconf 85' lang='lat' dir='ltr'><strong>vim</strong></span> <span class='ocrx_word' id='word_1_824' title='bbox 1212 2585 1289 2604; x_wconf 89' lang='lat' dir='ltr'><strong>suam</strong></span> <span class='ocrx_word' id='word_1_825' title='bbox 1307 2576 1335 2604; x_wconf 85' lang='lat' dir='ltr'><strong>in</strong></span> <span class='ocrx_word' id='word_1_826' title='bbox 1353 2576 1421 2611; x_wconf 84' lang='lat' dir='ltr'><strong>ipsis</strong></span> <span class='ocrx_word' id='word_1_827' title='bbox 1439 2581 1548 2603; x_wconf 76' lang='lat' dir='ltr'><strong>exserat</strong></span> <span class='ocrx_word' id='word_1_828' title='bbox 1563 2581 1646 2611; x_wconf 89' lang='lat' dir='ltr'><strong>atque</strong></span> <span class='ocrx_word' id='word_1_829' title='bbox 1663 2577 1827 2610; x_wconf 83' lang='lat' dir='ltr'><strong>requiescat,</strong></span> 
     </span>
    </p>
   </div>
   <div class='ocr_carea' id='block_1_112' title="bbox 1040 2622 1829 2657">
    <p class='ocr_par' dir='ltr' id='par_1_112' title="bbox 1040 2622 1829 2657">
     <span class='ocr_line' id='line_1_112' title="bbox 1040 2622 1829 2657; baseline 0.001 -8"><span class='ocrx_word' id='word_1_830' title='bbox 1040 2623 1115 2650; x_wconf 88' lang='lat' dir='ltr'><strong>intus</strong></span> <span class='ocrx_word' id='word_1_831' title='bbox 1129 2627 1221 2650; x_wconf 87' lang='lat' dir='ltr'><strong>tamen</strong></span> <span class='ocrx_word' id='word_1_832' title='bbox 1235 2623 1326 2657; x_wconf 88' lang='lat' dir='ltr'><strong>aliqua</strong></span> <span class='ocrx_word' id='word_1_833' title='bbox 1342 2623 1409 2650; x_wconf 80' lang='lat' dir='ltr'><strong>latet</strong></span> <span class='ocrx_word' id='word_1_834' title='bbox 1423 2622 1536 2653; x_wconf 85' lang='lat' dir='ltr'><strong>malitia,</strong></span> <span class='ocrx_word' id='word_1_835' title='bbox 1552 2629 1634 2657; x_wconf 85' lang='lat' dir='ltr'><strong>atque</strong></span> <span class='ocrx_word' id='word_1_836' title='bbox 1651 2622 1713 2649; x_wconf 58' lang='lat' dir='ltr'><strong>duae</strong></span> <span class='ocrx_word' id='word_1_837' title='bbox 1727 2622 1829 2650; x_wconf 85' lang='lat' dir='ltr'><strong>adsunt</strong></span> 
     </span>
    </p>
   </div>
   <div class='ocr_carea' id='block_1_113' title="bbox 1040 2668 1826 2701">
    <p class='ocr_par' dir='ltr' id='par_1_113' title="bbox 1040 2668 1826 2701">
     <span class='ocr_line' id='line_1_113' title="bbox 1040 2668 1826 2701; baseline 0 -6"><span class='ocrx_word' id='word_1_838' title='bbox 1040 2669 1223 2696; x_wconf 91' lang='lat' dir='ltr'><strong>conversandi</strong></span> <span class='ocrx_word' id='word_1_839' title='bbox 1242 2669 1373 2700; x_wconf 87' lang='lat' dir='ltr'><strong>rationes,</strong></span> <span class='ocrx_word' id='word_1_840' title='bbox 1385 2668 1455 2696; x_wconf 90' lang='lat' dir='ltr'><strong>lucis</strong></span> <span class='ocrx_word' id='word_1_841' title='bbox 1472 2668 1579 2695; x_wconf 85' lang='lat' dir='ltr'><strong>scilicet</strong></span> <span class='ocrx_word' id='word_1_842' title='bbox 1594 2672 1623 2695; x_wconf 87' lang='lat' dir='ltr'><strong>ct</strong></span> <span class='ocrx_word' id='word_1_843' title='bbox 1638 2668 1826 2701; x_wconf 82' lang='lat' dir='ltr'><strong>tenebrarum,</strong></span> 
     </span>
    </p>
   </div>
   <div class='ocr_carea' id='block_1_114' title="bbox 1040 2714 1585 2742">
    <p class='ocr_par' dir='ltr' id='par_1_114' title="bbox 1040 2714 1585 2742">
     <span class='ocr_line' id='line_1_114' title="bbox 1040 2714 1585 2742; baseline 0 -1"><span class='ocrx_word' id='word_1_844' title='bbox 1040 2714 1068 2741; x_wconf 91' lang='lat' dir='ltr'><strong>in</strong></span> <span class='ocrx_word' id='word_1_845' title='bbox 1083 2723 1139 2741; x_wconf 91' lang='lat' dir='ltr'><strong>uno</strong></span> <span class='ocrx_word' id='word_1_846' title='bbox 1152 2714 1236 2742; x_wconf 86' lang='lat' dir='ltr'><strong>corde</strong></span> <span class='ocrx_word' id='word_1_847' title='bbox 1250 2715 1305 2742; x_wconf 88' lang='lat' dir='ltr'><strong>vim</strong></span> <span class='ocrx_word' id='word_1_848' title='bbox 1320 2723 1399 2742; x_wconf 90' lang='lat' dir='ltr'><strong>suam</strong></span> <span class='ocrx_word' id='word_1_849' title='bbox 1414 2718 1585 2741; x_wconf 80' lang='lat' dir='ltr'><strong>exercentes.</strong></span> 
     </span>
    </p>
   </div>
   <div class='ocr_carea' id='block_1_115' title="bbox 1074 2759 1826 2796">
    <p class='ocr_par' dir='ltr' id='par_1_115' title="bbox 1074 2759 1826 2796">
     <span class='ocr_line' id='line_1_115' title="bbox 1074 2759 1826 2796; baseline 0 -9"><span class='ocrx_word' id='word_1_850' title='bbox 1074 2760 1105 2787; x_wconf 86' lang='lat' dir='ltr'><strong>V.</strong></span> <span class='ocrx_word' id='word_1_851' title='bbox 1119 2760 1202 2796; x_wconf 83' lang='lat' dir='ltr'><strong>Atqui</strong></span> <span class='ocrx_word' id='word_1_852' title='bbox 1224 2760 1347 2793; x_wconf 87' lang='lat' dir='ltr'><strong>omnino,</strong></span> <span class='ocrx_word' id='word_1_853' title='bbox 1362 2761 1437 2787; x_wconf 91' lang='lat' dir='ltr'><strong>dices</strong></span> <span class='ocrx_word' id='word_1_854' title='bbox 1456 2759 1534 2792; x_wconf 90' lang='lat' dir='ltr'><strong>mihi,</strong></span> <span class='ocrx_word' id='word_1_855' title='bbox 1549 2767 1610 2795; x_wconf 62' lang='lat' dir='ltr'><strong>qua</strong></span> <span class='ocrx_word' id='word_1_856' title='bbox 1631 2759 1748 2787; x_wconf 85' lang='lat' dir='ltr'><strong>societas</strong></span> <span class='ocrx_word' id='word_1_857' title='bbox 1770 2759 1826 2787; x_wconf 82' lang='lat' dir='ltr'><strong>luci</strong></span> 
     </span>
    </p>
   </div>
   <div class='ocr_carea' id='block_1_116' title="bbox 1039 2805 1825 2834">
    <p class='ocr_par' dir='ltr' id='par_1_116' title="bbox 1039 2805 1825 2834">
     <span class='ocr_line' id='line_1_116' title="bbox 1039 2805 1825 2834; baseline -0.001 -1"><span class='ocrx_word' id='word_1_858' title='bbox 1039 2813 1102 2833; x_wconf 92' lang='lat' dir='ltr'><strong>cum</strong></span> <span class='ocrx_word' id='word_1_859' title='bbox 1119 2806 1258 2833; x_wconf 80' lang='lat' dir='ltr'><strong>tenebris?</strong></span> <span class='ocrx_word' id='word_1_860' title='bbox 1274 2806 1385 2833; x_wconf 84' lang='lat' dir='ltr'><strong>ubinam</strong></span> <span class='ocrx_word' id='word_1_861' title='bbox 1401 2807 1448 2834; x_wconf 80' lang='lat' dir='ltr'><strong>lux</strong></span> <span class='ocrx_word' id='word_1_862' title='bbox 1462 2806 1554 2832; x_wconf 86' lang='lat' dir='ltr'><strong>divina</strong></span> <span class='ocrx_word' id='word_1_863' title='bbox 1567 2805 1691 2833; x_wconf 88' lang='lat' dir='ltr'><strong>tenebris</strong></span> <span class='ocrx_word' id='word_1_864' title='bbox 1703 2805 1825 2833; x_wconf 81' lang='lat' dir='ltr'><strong>oll‘undi-</strong></span> 
     </span>
    </p>
   </div>
   <div class='ocr_carea' id='block_1_117' title="bbox 1041 2851 1825 2887">
    <p class='ocr_par' dir='ltr' id='par_1_117' title="bbox 1041 2851 1825 2887">
     <span class='ocr_line' id='line_1_117' title="bbox 1041 2851 1825 2887; baseline 0.003 -9"><span class='ocrx_word' id='word_1_865' title='bbox 1041 2856 1085 2878; x_wconf 92' lang='lat' dir='ltr'><strong>tur</strong></span> <span class='ocrx_word' id='word_1_866' title='bbox 1101 2857 1184 2887; x_wconf 85' lang='lat' dir='ltr'><strong>atque</strong></span> <span class='ocrx_word' id='word_1_867' title='bbox 1202 2852 1371 2887; x_wconf 85' lang='lat' dir='ltr'><strong>inquinatur,</strong></span> <span class='ocrx_word' id='word_1_868' title='bbox 1389 2856 1417 2880; x_wconf 90' lang='lat' dir='ltr'><strong>et</strong></span> <span class='ocrx_word' id='word_1_869' title='bbox 1434 2852 1480 2879; x_wconf 86' lang='lat' dir='ltr'><strong>ubi</strong></span> <span class='ocrx_word' id='word_1_870' title='bbox 1503 2851 1576 2887; x_wconf 87' lang='lat' dir='ltr'><strong>quod</strong></span> <span class='ocrx_word' id='word_1_871' title='bbox 1598 2852 1771 2887; x_wconf 77' lang='lat' dir='ltr'><strong>impollutam</strong></span> <span class='ocrx_word' id='word_1_872' title='bbox 1792 2859 1825 2880; x_wconf 86' lang='lat' dir='ltr'><strong>ac</strong></span> 
     </span>
    </p>
   </div>
   <div class='ocr_carea' id='block_1_118' title="bbox 1039 2897 1824 2935">
    <p class='ocr_par' dir='ltr' id='par_1_118' title="bbox 1039 2897 1824 2935">
     <span class='ocr_line' id='line_1_118' title="bbox 1039 2897 1824 2935; baseline 0.001 -10"><span class='ocrx_word' id='word_1_873' title='bbox 1039 2905 1138 2932; x_wconf 86' lang='lat' dir='ltr'><strong>purum</strong></span> <span class='ocrx_word' id='word_1_874' title='bbox 1162 2902 1222 2932; x_wconf 88' lang='lat' dir='ltr'><strong>est,</strong></span> <span class='ocrx_word' id='word_1_875' title='bbox 1242 2898 1376 2934; x_wconf 83' lang='lat' dir='ltr'><strong>polluitur</strong></span> <span class='ocrx_word' id='word_1_876' title='bbox 1402 2903 1484 2933; x_wconf 88' lang='lat' dir='ltr'><strong>atque</strong></span> <span class='ocrx_word' id='word_1_877' title='bbox 1513 2897 1658 2927; x_wconf 77' lang='lat' dir='ltr'><strong>turbatur?</strong></span> <span class='ocrx_word' id='word_1_878' title='bbox 1685 2898 1824 2935; x_wconf 87' lang='lat' dir='ltr'><strong>Scriptum</strong></span> 
     </span>
    </p>
   </div>
  </div>
