2078 3151
193 189 246 222 629

793 194 1021 227 IIOMlLI/E.-
1032 196 1125 227 HOM.
1144 197 1236 227 XVII.

1774 198 1827 230 630

193 245 307 281 δύναμιν
318 245 366 274 τοῦ
377 246 496 283 Χριστοῦ
508 247 555 274 καὶ
568 243 641 274 οῦτοι
652 247 679 274 δὲ
693 248 770 275 αὖτοὶ
780 250 878 278 τέλειοι
895 251 978 285 ὄντες,

1034 253 1137 280 virtute
1159 253 1213 288 75
1233 253 1321 280 induti
1342 262 1349 280 :
1374 254 1467 288 illique
1490 261 1553 282 eum
1575 258 1669 281 essent
1693 254 1825 289 perfecti,

192 290 265 328 εἶχον
278 293 329 328 τὴν
343 293 500 330 ἐλευθερίαν
515 294 562 321 τοῦ
575 295 786 330 ἀπεργάσασθαι
811 297 860 329 τὰς
882 298 987 326 δικαιο-

193 339 287 371 σύνας.

227 386 269 418 H',
296 386 404 422 Ἐπειδὴ
417 385 465 414 οὖν
477 396 550 420 τινες
563 388 699 423 λέγουσιν,
713 389 752 418 ὅτι
768 391 838 426 μετὰ
848 391 899 427 τὴν
906 391 986 427 χάριν

191 433 344 469 άμεριμνία
354 433 413 460 ἐστὶ
428 434 478 469 τῆς
487 434 587 470 ψυχῆς,
596 436 611 462 ὁ
625 435 691 469 Θεὸς
706 437 753 464 καὶ
768 437 797 463 ὲν
807 438 864 469 τοῖς
873 437 986 471 τελείοις

190 479 317 514 ἐπιζητεῖ
332 480 363 506 τὸ
387 479 494 516 θέλημα
509 480 559 515 τῆς
579 481 670 517 ψυχῆς
699 483 739 514 είς
770 482 909 510 διακονίαν
936 484 985 511 τοῦ

191 525 359 561 ῐινεύματος,
377 526 451 559 ὅπως
480 528 694 563 συμφωνήσωσι.
712 529 793 564 Λέγει
813 530 889 566 γὰρὸ
904 530 984 558 Ἀπό-

191 566 293 603 στολος,
313 571 347 598 Τὸ
361 572 480 606 πνεῦμα
490 572 534 608 μὴ
545 574 702 601 σϐέννυτε.
730 575 809 607 Τινὲς
827 577 877 611 μὲν
892 575 938 603 οὖν
955 578 985 604 ὲν

189 616 281 649 αὐτοῖς
296 618 347 644 οὐκ
373 618 470 653 ἤθελον
496 619 637 654 ὲπιδαρεῖς
661 619 750 652 ἄλλοις
766 621 900 655 γίνεσθαι,
913 622 985 654 τινὲς

189 663 218 689 δὲ
233 663 342 695 ἑαυτοῖς
358 663 516 699 ὲστοίχουν·
537 665 613 692 ἄλλοι
643 665 672 693 δὲ
695 667 883 702 λαμϐάνοντες
908 669 985 704 παρὰ

190 709 331 745 κοσμικῶν
344 709 491 737 διεδίδοσαν
508 712 566 743 τοῖς
579 713 698 747 πτωχοῖς
709 720 716 728 ⁸
733 713 813 740 τοῦτο
826 714 854 740 δὲ
869 714 983 747 ἀξιώτε-

191 755 238 791 ρόν
253 756 337 782 ἐστιν.
357 756 389 782 Οἱ
408 756 457 790 μὲν
471 756 526 792 γὰρ
539 756 647 792 ἔχοντες
659 758 708 794 τὴν
725 759 821 794 χάριν,
834 761 864 787 τὸ
879 761 984 787 ἑαυτῶν

191 801 271 836 μόνον
291 802 475 838 μεριμνῶσιν·
489 802 565 830 ἄλλοι
575 803 615 834 δὲ,
632 804 680 830 καὶ
695 805 793 840 ἐτέρας
809 805 898 841 ψυχὰς
911 806 984 841 ὠφε-

188 847 269 882 λῆσαι
287 847 500 880 σπουδάζουσιν·
515 846 588 876 οῦτοι
603 849 693 886 πολλῷ
703 850 820 878 ἐκείνων
836 852 985 888 ὑπερέχου-

188 903 242 920 σιν.
256 893 347 920 ’Δλλοι
361 894 389 920 δὲ
399 893 449 930 τὴν
465 894 545 930 χάριν
562 894 672 930 ἔχοντες
696 896 767 932 ὑπὲρ
792 896 839 924 τοῦ
852 896 984 932 ὀνόματος

186 941 235 968 τοῦ
246 940 314 968 Θεοῦ
326 941 361 968 τὰ
376 941 491 977 σώματα
510 942 601 969 αὐτῶν
615 943 809 978 παραδιδόασιν
821 945 862 976 είς
888 943 982 979 ὕϐρεις

187 987 236 1014 καὶ
254 986 328 1022 πάθη
338 1006 347 1019 ,
366 987 448 1014 πάλιν
460 984 535 1017 οὗτοι
547 988 660 1015 ἐκείνων
676 988 809 1025 ἀνώτεροι
823 990 887 1017 εισι.
903 990 981 1022 Τινὲς

187 1033 289 1068 ἀρετὴν
308 1033 448 1068 μετιόντες
464 1033 571 1061 θέλουσι
588 1035 742 1070 κομπάζειν
771 1035 820 1062 καὶ
847 1035 980 1071 τιμᾶσθαι

187 1079 242 1106 ὑπὸ
250 1079 304 1107 τῶν
315 1079 478 1114 ἀνθρώπων,
488 1080 614 1115 λέγοντες
641 1081 800 1116 Χριστιανοὶ
827 1082 908 1114 εῐναι,
931 1083 980 1109 καὶ

188 1125 312 1161 μετέχειν
326 1125 487 1160 Πνεύματος
504 1126 598 1160 ἁγίου·
624 1127 698 1155 ἄλλοι
711 1127 741 1154 δὲ
772 1127 903 1163 κρύπτειν
916 1128 980 1155 ἑαυ-

186 1171 250 1202 τοὺς
273 1170 322 1198 καὶ
345 1170 400 1198 ἀπὸ
415 1171 562 1206 συντυχίας
588 1171 740 1206 ἀνθρώπων
766 1172 978 1204 σπουδάζουσιν·

185 1212 260 1243 οῦτοι
273 1215 363 1251 πολλῷ
379 1215 489 1242 ἐκείνων
511 1216 702 1252 ὑπερέχουσιν.
725 1216 817 1253 Ὁρᾷς,
847 1217 905 1250 πῶς
931 1217 980 1244 καὶ

185 1262 215 1288 ὲν
231 1261 300 1296 αὐτῇ
317 1262 351 1296 τῇ
375 1261 524 1296 τελειότητι
549 1261 707 1296 εὑρίσκεται
736 1262 829 1289 εὔνοια
854 1263 923 1298 πρὸς
934 1263 980 1289 τδν

185 1306 252 1334 Θεὸν
266 1306 321 1334 ἀπὸ
335 1307 452 1341 φυσικοῦ
461 1307 613 1343 θελήματος
630 1308 838 1344 ἐπιτελουμένη,
852 1309 980 1345 ἁνωτέρα

185 1353 234 1380 καὶ
251 1352 436 1385 πλεονάζουσα
446 1362 454 1386 ;

220 1398 259 1425 Θ’.
277 1398 417 1434 Ὥσπερεῖ
428 1407 471 1431 τις
483 1399 604 1435 πενιχρὰ
621 1399 757 1436 ἐνδύματα
771 1401 974 1437 περιϐεϐλημέ-

184 1453 230 1476 νος
246 1445 276 1472 ὲν
286 1445 405 1481 ὁράματι
431 1445 527 1473 ἑαυτὸν
540 1445 582 1481 ῐδῃ
597 1445 735 1480 πλούσιον,
759 1446 881 1479 ἀναστὰς
903 1447 933 1474 δὲ
949 1447 980 1481 ἐξ

185 1491 271 1518 ὕπνου
284 1491 365 1519 πάλιν
381 1491 426 1528 ἴδῃ
441 1492 539 1518 ἑαυτὸν
555 1491 660 1527 πένητα
680 1492 728 1519 καὶ
755 1493 858 1528 γυμνόν
868 1501 876 1509 ·
892 1493 979 1526 οὕτως

185 1536 233 1564 καὶ
251 1537 275 1563 οἱ
289 1536 366 1572 λόγον
379 1537 566 1573 πνευματικὸν
598 1537 743 1569 λαλοῦντες
771 1539 804 1573 τῇ
830 1538 976 1575 ἀκολουθίᾳ

185 1581 293 1609 δοκοῦσι
309 1582 415 1610 λαλεῖν·
439 1583 477 1618 μὴ
488 1582 596 1618 ἔχοντες
609 1582 637 1609 δὲ
647 1582 678 1609 τὸ
690 1582 771 1618 ἔργον
778 1582 832 1610 τῶν
847 1583 934 1618 λόγων
948 1585 977 1610 ὲν

185 1626 279 1662 γεύσει
292 1627 347 1656 τινὶ
362 1627 410 1656 καὶ
425 1627 551 1663 δυνάμει,
566 1629 614 1655 καὶ
628 1628 814 1665 πληροφορίᾳ.
829 1630 858 1656 ἐν
886 1630 926 1666 τῷ
938 1629 976 1665 νῷ

184 1674 375 1711 κεκυρωμένον
387 1676 416 1702 ὲν
437 1674 574 1710 φαντασίᾳ
588 1675 641 1702 τινὶ
654 1675 810 1710 στήκουσιν.
828 1676 863 1702 Ἣ
882 1676 976 1713 ὥσπερ

183 1719 253 1755 γυνὴ
268 1719 367 1755 ἔχουσα
379 1720 538 1756 ὀλοσήρικα,
552 1720 601 1747 καὶ
616 1721 791 1757 μαργαρίτας
810 1721 975 1758 περιϐεϐλη-

185 1764 265 1800 μίνη,
279 1766 319 1798 είς
332 1767 456 1801 πορνεῖον
479 1766 660 1802 προέστηκεν,
686 1766 773 1798 οὕτως
787 1767 835 1793 καὶ
849 1767 896 1794 ἐπὶ
921 1768 976 1795 τῶν

182 1811 337 1847 τοιούτωνὴ
351 1812 451 1848 καρδία
463 1812 554 1839 αὐτῶν
571 1813 696 1848 πορνεῖόν
710 1813 784 1840 ἐστιν
810 1813 976 1849 ἀκαθάρτων

182 1856 357 1890 πνευμάτων,
369 1857 416 1883 καὶ
428 1857 520 1884 λαλεῖν
535 1857 644 1884 θέλουσι
655 1858 721 1893 περὶ
733 1858 920 1894 δικαιοσύνης,
935 1860 974 1895 μὴ

182 1901 393 1937 παρακύψαντις
407 1903 447 1935 είς
459 1904 494 1930 τὰ
504 1903 670 1940 πράγματα.

218 1989 248 2017 1'.
264 1989 370 2024 Ὠσπερ
380 1989 433 2026 γὰρ
444 1990 495 2017 οὐκ
509 1990 567 2018 ἔστι
584 1991 696 2019 δυνατὸν
712 1991 788 2028 ἰχθὺν
799 1992 865 2020 ἄνευ
879 1992 973 2027 ὕδατος

182 2038 274 2074 ζῆσαι,
287 2038 303 2073 ἢ
318 2039 382 2066 ἄνευ
397 2039 488 2066 ποδῶν
511 2041 700 2076 περιπατῆσαι
713 2050 785 2074 τινα,
803 2041 820 2077 ἢ
835 2042 900 2070 ἄνευ
922 2043 973 2079 όφ-

182 2084 294 2120 θαλμῶν
312 2084 377 2111 ίδεῖν
396 2085 465 2120 φῶς,
483 2085 500 2122 ἢ
524 2086 588 2114 ἄνευ
600 2087 728 2123 γλώσσης
744 2087 846 2122 λαλεῖν,
863 2088 880 2125 ἢ
905 2089 971 2117 ἄνευ

182 2129 259 2157 ὤτων
272 2131 381 2158 ἀκούειν
391 2139 399 2148 ν
411 2131 498 2163 οὕτως
524 2131 590 2159 ἄνευ
617 2133 665 2160 τοῦ
682 2134 787 2169 Κυρίου
810 2134 908 2171 Ἰησοῦ,
924 2136 973 2164 καὶ

180 2177 230 2211 τῆς
247 2177 387 2212 ἐνεργείας
407 2177 458 2212 τῆς
473 2177 549 2210 θείας
563 2178 717 2215 δυνάμεως,
732 2181 784 2208 οὐκ
810 2181 868 2208 ἐστι
890 2182 972 2216 γινώ-

182 2231 258 2249 σκειν
273 2223 411 2258 μυστήρια
425 2223 473 2250 καὶ
491 2225 588 2259 σοφίαν
604 2225 684 2258 Θεοῦ,
700 2226 716 2261 ἢ
731 2223 802 2254 εἷναί
813 2235 874 2254 τινα
889 2228 971 2255 πλού-

1037 303 1166 333 poterant
1178 299 1267 326 libere
1282 299 1390 334 operari
1405 300 1519 336 iustitiae
1532 308 1626 335 opera.

1071 386 1139 415 VIII.
1156 387 1291 421 Quoniam
1307 387 1388 423 igitur
1401 393 1528 416 asserunt
1543 389 1666 424 quidam,
1678 390 1751 424 quod
1765 395 1827 424 post

1036 437 1177 468 acceptam
1190 433 1306 468 gratiam
1319 434 1393 461 nulla
1410 435 1509 462 anima:
1524 435 1680 462 sollicitudo
1694 437 1824 471 supersit,

1036 479 1109 506 Deus
1122 487 1231 514 quoque
1248 479 1275 507 in
1292 479 1422 514 perfectis
1444 480 1560 515 requirit
1574 481 1743 509 voluntatem
1765 483 1825 509 ani-

1036 533 1087 553 ma:
1111 526 1139 553 in
1164 525 1350 553 ministerium
1375 526 1504 562 Spiritus,
1524 532 1554 554 ut
1578 528 1685 556 scilicet
1707 537 1825 556 consen-

1036 570 1115 598 tiant.
1139 570 1230 605 inquit
1253 571 1325 598 enim
1348 572 1494 606 Apostolus
1508 581 1515 599 :
1531 571 1659 607 Spiritum
1680 574 1760 601 nolite
1779 583 1824 601 er-

1035 616 1168 652 atinguere
1182 618 1215 645 ⁸⁷.
1230 617 1359 645 Nonnulli
1370 618 1453 653 igitur
1463 619 1571 645 illorum
1585 619 1682 646 nolunt
1693 620 1754 646 aliis
1765 629 1825 647 mo-

1035 660 1096 688 lesti
1111 669 1182 695 esse,
1197 662 1243 689 alii
1257 670 1322 690 vero
1338 663 1392 690 sibi
1408 662 1459 698 ipsi
1475 671 1587 698 gressus
1604 671 1670 692 suos
1688 665 1823 699 dirigunt;

1036 708 1135 743 reliqui
1156 716 1222 736 vero
1244 716 1258 735 a
1276 709 1456 736 s.'ecularibus
1480 710 1646 744 accipientes
1671 710 1825 745 largiuntur

1034 754 1202 789 pauperibus
1218 763 1225 781 ε
1241 755 1314 790 quod
1335 755 1430 790 utique
1454 757 1627 790 praestantius
1640 760 1692 784 est.
1708 756 1824 789 Quidam

1035 800 1120 833 enim,
1132 800 1179 835 qui
1194 800 1280 835 gratia
1295 801 1403 836 prtediti
1416 806 1490 834 sunt,
1503 810 1600 829 eorum
1614 810 1675 837 qua:
1690 810 1738 829 sua
1749 807 1823 835 sunt,

1035 844 1116 872 unice
1129 852 1223 873 curam
1237 851 1335 881 gerunt
1348 854 1356 879 ;
1369 847 1416 873 alii
1429 854 1498 874 vero
1510 847 1627 874 aliorum
1639 855 1748 882 quoque
1764 848 1825 875 ani-

1035 899 1094 919 mas
1116 892 1213 927 juvare
1236 892 1383 920 laborant:
1398 893 1426 920 hi
1445 893 1507 921 illos
1531 895 1647 921 multum
1671 899 1823 929 praestant;

999 931 1020 958 Β
1034 937 1080 964 alii
1094 944 1160 964 vero
1176 938 1291 973 gratiam
1307 938 1440 966 habentes
1455 947 1506 974 pro
1521 940 1631 967 nomine
1647 939 1694 968 Dei
1709 948 1824 975 corpora

1031 991 1082 1011 sua
1095 984 1271 1012 contumeliis
1284 988 1313 1012 et
1327 984 1524 1013 alllictionihus
1543 991 1686 1021 exponunt
1700 995 1706 1013 :
1720 987 1748 1014 hi
1770 987 1824 1014 illis

1035 1030 1136 1058 iterum
1162 1032 1319 1066 superiores
1335 1035 1410 1058 sunt.
1434 1031 1565 1059 Nonnulli
1582 1032 1824 1067 virtutem'perse-

1034 1081 1160 1112 quentes,
1175 1077 1297 1112 gloriari,
1313 1077 1389 1104 etab
1411 1077 1571 1105 hominibus
1585 1077 1736 1106 honoribus
1753 1078 1823 1106 anisi

1031 1123 1137 1155 volunt,
1154 1123 1279 1151 dicentes
1302 1131 1331 1150 se
1358 1122 1529 1151 Christianos
1554 1128 1583 1151 et
1602 1124 1722 1159 Spiritus
1736 1125 1824 1153 sancti

1031 1168 1180 1204 participes
1191 1175 1252 1195 esse
1268 1176 1274 1201 ;
1291 1168 1339 1194 alii
1355 1176 1422 1195 vero
1438 1176 1467 1195 se
1482 1169 1622 1196 occultare
1641 1174 1669 1196 et
1685 1170 1719 1197 ab
1732 1170 1823 1197 homi-

1030 1221 1096 1241 num
1119 1221 1237 1240 occursu
1261 1213 1412 1240 nituntur:
1429 1214 1477 1248 qui
1495 1214 1557 1241 illos
1577 1214 1658 1249 longe
1680 1219 1821 1249 superant.

1031 1259 1114 1287 Vides
1128 1258 1267 1293 quomodo
1282 1259 1325 1285 vel
1346 1259 1373 1285 in
1395 1259 1453 1294 ipsa
1469 1259 1639 1293 perfectione
1655 1259 1822 1287 benevolen-

1031 1305 1070 1332 tia
1086 1312 1149 1340 erga
1165 1305 1261 1337 Deum,
1279 1312 1340 1340 quae
1355 1312 1370 1331 a
1385 1305 1526 1332 voluntate
1550 1305 1670 1332 naturali
1694 1305 1820 1338 eilicitur,

1031 1351 1206 1386 praestantior
1218 1355 1301 1384 atque
1313 1350 1498 1378 abundantior
1509 1350 1682 1385 reperiatur?

1064 1397 1112 1426 1X.
1129 1397 1248 1425 Perinde
1264 1405 1296 1424 ac
1311 1397 1333 1424 si
1353 1397 1416 1432 quis
1428 1397 1531 1424 vilibus
1546 1397 1658 1424 indutus
1671 1397 1822 1424 vestimen-

1029 1443 1066 1472 tis
1076 1451 1126 1479 per
1140 1443 1230 1470 visum
1247 1451 1276 1470 se
1290 1443 1380 1478 ipsum
1395 1443 1547 1478 conspiciat
1561 1442 1693 1476 divitem;
1707 1450 1824 1478 surgens

1028 1495 1122 1517 autem
1139 1497 1155 1517 e
1177 1497 1285 1522 somno,
1304 1497 1415 1516 rursum
1439 1497 1468 1516 se
1492 1496 1642 1524 pauperem
1666 1492 1694 1516 et
1716 1489 1821 1516 nudum

1029 1536 1121 1563 videat
1139 1544 1146 1563 :
1162 1536 1202 1563 sic
1216 1543 1337 1570 quoque,
1353 1535 1400 1570 qui
1418 1542 1574 1562 sermonem
1594 1535 1764 1570 spiritualem
1779 1535 1820 1562 lo-

1031 1586 1164 1616 quuntur,
1179 1581 1377 1608 convenienter
1391 1580 1466 1615 loqui
1482 1580 1627 1613 videntur;
1648 1580 1671 1608 si
1685 1589 1750 1608 vero
1766 1589 1822 1608 non

1030 1625 1150 1653 habeant
1163 1633 1221 1652 rem
1235 1625 1322 1660 ipsam
1340 1633 1403 1652 cum
1416 1625 1535 1660 quodam
1548 1630 1639 1661 gustu,
1655 1626 1777 1660 potentia
1790 1634 1823 1654 ac

1029 1671 1197 1699 certitudiue
1222 1671 1298 1704 ﬁdei,
1321 1671 1349 1699 in
1374 1676 1494 1699 mentem
1518 1671 1666 1705 ﬁrmatam,
1691 1672 1718 1699 in
1748 1672 1822 1700 nuda

1028 1718 1145 1753 quadam
1170 1717 1300 1753 opinione
1324 1719 1488 1746 consistunt.
1512 1718 1567 1746 Aut
1588 1719 1673 1746 veluti
1698 1719 1820 1752 femina,

1029 1764 1246 1792 holosericorum
1276 1771 1309 1791 ac
1333 1764 1544 1800 margaritarum
1568 1765 1646 1792 cultu
1671 1770 1820 1798 exornata,

1028 1814 1134 1845 prostat
1150 1810 1178 1837 in
1196 1809 1322 1844 lupanari
1340 1810 1401 1838 :sic
1422 1818 1532 1845 quoque
1550 1818 1598 1838 eor
1613 1811 1748 1846 ejusmodi
1769 1811 1821 1838 ho-

1027 1856 1133 1883 minum
1145 1856 1261 1891 lupanar
1272 1857 1409 1892 quoddam
1420 1861 1463 1885 est
1475 1857 1596 1892 ipsorum
1614 1858 1821 1886 immundorum

1028 1902 1194 1937 spirituum;
1213 1910 1245 1930 ac
1257 1903 1354 1931 volunt
1373 1911 1439 1930 sane
1455 1910 1596 1931 sermones
1615 1903 1718 1930 habere
1731 1903 1764 1931 de
1776 1904 1821 1939 ju-

1027 1947 1112 1980 stitia,
1128 1955 1192 1975 cum
1206 1955 1289 1983 opera
1309 1950 1367 1983 ipsa
1381 1956 1436 1975 non
1452 1949 1603 1984 attigerint.

1061 1993 1096 2021 Χ.
1114 1993 1352 2028 Quemadmodum
1371 1994 1445 2022 enim
1464 1995 1524 2022 ﬁeri
1546 2003 1600 2022 non
1615 2000 1715 2031 potest,
1733 2001 1763 2023 ut
1776 1996 1820 2031 pi-

1026 2042 1081 2071 scis
1096 2042 1202 2078 absque
1215 2050 1286 2078 aqua
1300 2043 1385 2070 vitam
1409 2043 1503 2076 ducat,
1519 2047 1566 2071 aut
1581 2044 1685 2079 absque
1702 2044 1821 2080 pedibus

1025 2087 1126 2122 aliquis
1140 2087 1342 2122 progrediatur,
1360 2092 1408 2115 aut
1422 2088 1526 2123 absque
1540 2089 1628 2116 oculis
1654 2089 1748 2117 lumen
1775 2089 1820 2117 in-

1025 2138 1146 2167 tueatur,
1170 2138 1218 2162 aut
1241 2134 1346 2170 absque
1367 2134 1461 2170 lingua
1481 2135 1609 2170 loquatur
1624 2156 1632 2168 ,
1651 2139 1699 2164 aut
1716 2136 1821 2172 absque

1024 2181 1139 2208 auribus
1155 2180 1272 2208 audiat:
1288 2181 1330 2209 sic
1353 2188 1464 2216 quoque
1487 2181 1592 2217 absque
1616 2182 1733 2210 Domino
1755 2183 1820 2212 Jesu

1025 2233 1054 2256 et
1065 2228 1179 2256 virtutis
1199 2227 1300 2256 divinae
1324 2227 1462 2259 elﬁeacia,
1479 2235 1536 2255 non
1561 2228 1627 2256 licet
1654 2237 1821 2265 cognoscere

181 2275 238 2295 σιον
252 2270 299 2296 καὶ
315 2269 488 2304 Χριστιανόν.
503 2268 583 2298 Οὗτοι
598 2272 653 2308 γάρ
665 2273 734 2299 εἰσιν
757 2273 865 2308 ἀληθῶς
882 2275 970 2310 σοφοὶ,

1029 2275 1160 2310 mysteria
1175 2278 1204 2302 et
1226 2274 1390 2309 sapientiam
1415 2273 1482 2308 Dei,
1504 2278 1552 2302 aut
1573 2282 1635 2303 esse
1657 2275 1769 2303 divitem
1792 2281 1822 2304 et

180 2313 228 2340 καὶ
239 2313 416 2350 πολεμισταὶ,
431 2315 479 2342 καὶ
504 2316 631 2352 ἀνδρεῖοι,
659 2319 707 2345 καὶ
735 2319 876 2354 φιλόσοφοι
891 2320 970 2354 Θεοῦ,

179 2361 204 2386 ot
218 2360 396 2396 ὁδηγούμενοι
409 2363 458 2389 καὶ
473 2363 680 2398 ποιμαινόμενοι
694 2365 765 2392 κατά
780 2365 827 2393 τὸν
855 2366 910 2392 ἔσω
925 2367 972 2395 άν-

180 2406 289 2441 θρωπον
304 2407 357 2435 ὑπὸ
369 2409 419 2442 τῆς
435 2409 530 2444 θεῖκῆς
546 2410 698 2446 δυνάμεως.
714 2412 745 2438 οἱ
761 2411 816 2447 γὰρ
831 2411 972 2447 φιλόσοφοι

179 2453 234 2479 τῶν
253 2453 397 2489 Ἑλλήνων,
414 2455 511 2490 λόγους
540 2457 722 2492 μανθάνουσι·
740 2458 788 2485 καὶ
811 2457 886 2485 ἄλλοι
902 2460 972 2486 εἰσὶν

181 2498 285 2525 ἰδιῶται
301 2499 340 2534 τῷ
350 2499 432 2535 λόγῳ,
443 2501 652 2538 εὐφραινόμενοι
669 2503 717 2530 καὶ
726 2503 911 2538 ἀγαλλιῶντες
925 2504 972 2532 ἐπὶ

179 2545 213 2578 τῇ
228 2543 277 2571 τοῦ
294 2545 362 2571 Θεοῦ
378 2546 481 2581 χάριτι,
508 2547 606 2583 ἄνδρες
621 2548 769 2581 θεοσεϐεῖς.
784 2550 976 2586 Διακρίνωμεν

179 2588 226 2616 νῦν
243 2591 315 2617 ποῖοί
329 2592 382 2618 εἰσι
398 2591 541 2626 βελτίονες.
562 2594 611 2620 Ἐν
625 2593 710 2628 ἔργῳ,
726 2596 803 2630 φησὶ,
822 2597 870 2623 καὶ
884 2597 977 2624 δυνά-

176 2645 225 2670 μει
237 2637 324 2664 ἐστίν
337 2639 357 2673 ἡ
369 2639 516 2671 ,βασιλεία
525 2640 578 2667 τοῦ
593 2641 678 2674 Θεοῦ,
690 2642 745 2668 οὐκ
759 2643 794 2669 ἐν
804 2643 897 2678 λόγῳ.

214 2725 266 2753 IA'.
283 2726 321 2753 Τὸ
331 2725 379 2754 οὖν
393 2728 482 2755 εἰπεῖν
504 2738 576 2762 τινα,
588 2731 631 2757 ὃτι
656 2731 670 2758 ὀ
693 2731 777 2768 ἄρτος
809 2729 888 2765 οὗτος
917 2734 972 2761 ἀπὸ

181 2769 255 2797 σίτου
276 2772 435 2808 γεγένηται,
459 2774 570 2802 εὔκολόν
589 2777 657 2803 ἐστι·
675 2777 734 2809 πῶς
753 2777 781 2804 δὲ
798 2778 906 2812 λεπτῶς
919 2789 970 2806 κα-

179 2818 390 2852 τασκευάζεται,
418 2821 466 2847 καὶ
483 2822 611 2850 πέττεται
632 2823 724 2858 ἄρτος,
753 2825 806 2861 χρὴ
817 2826 913 2854 εἰπεῖν.
935 2828 972 2854 Τὸ

216 2907 238 2925 ⁸⁷
253 2909 264 2937 ι
278 2908 373 2938 Thess.
391 2919 416 2944 ν,
436 2911 476 2941 10.
515 2913 537 2930 ⁵⁸
552 2913 634 2942 lCor.
650 2923 685 2948 ιγ,
701 2915 745 2942 ‘20.

1024 2320 1226 2348 Christianum.
1242 2319 1274 2347 Hi
1290 2320 1364 2347 enim
1383 2324 1447 2347 sunt
1471 2327 1567 2348 revera
1581 2321 1729 2355 sapientes,
1745 2321 1811 2348 mill-

1025 2370 1068 2394 tes
1090 2367 1175 2394 fortes
1196 2373 1229 2394 ac
1245 2365 1403 2401 philosophi
1424 2365 1484 2398 Dei,
1500 2367 1548 2401 qui
1562 2366 1720 2401 diriguntur
1731 2371 1759 2394 et
1771 2375 1821 2401 gu-

1024 2411 1177 2439 bernantur
1191 2410 1344 2438 secundum
1362 2411 1524 2438 interiorem
1541 2411 1681 2438 hominem
1696 2419 1711 2438 a
1723 2416 1820 2446 poten«

1024 2458 1062 2486 tia
1077 2457 1171 2485 divina
1184 2466 1191 2484 :
1205 2457 1365 2492 philosophi
1380 2457 1454 2484 enim
1466 2457 1623 2485 Grzecorum
1633 2458 1819 2493 eloquentiam

1025 2503 1171 2536 ediscunt;
1188 2502 1234 2530 alii
1249 2510 1316 2530 vero
1330 2507 1395 2530 sunt
1415 2502 1500 2530 rudes
1515 2503 1690 2538 eloquentiae,
1708 2503 1756 2531 sed
1773 2504 1821 2532 la:-

1027 2553 1121 2576 tantur
1135 2552 1164 2575 et
1174 2548 1313 2576 exsultant
1327 2548 1361 2575 de
1376 2548 1462 2584 gratia
1473 2548 1577 2581 divina,
1591 2549 1693 2584 quippe
1706 2550 1752 2585 qui
1764 2550 1821 2578 sint

1027 2595 1080 2622 viri
1096 2594 1183 2622 cultui
1198 2594 1293 2622 divino
1307 2595 1420 2622 addicti.
1434 2595 1591 2623 lndicemus
1608 2596 1691 2631 igitur
1701 2597 1747 2632 qui
1766 2597 1821 2625 sint

1025 2641 1240 2677 praestantiores.
1252 2641 1283 2668 In
1295 2650 1383 2677 opere,
1398 2642 1498 2677 inquit,
1512 2646 1536 2669 et
1550 2643 1646 2670 virtute
1658 2647 1696 2670 est
1710 2652 1820 2679 regnum

1025 2686 1084 2718 Dei,
1099 2695 1151 2713 non
1164 2687 1192 2714 in
1207 2695 1328 2714 sermone
1343 2686 1377 2714 ⁸⁵.

1061 2734 1106 2761 XI.
1122 2733 1191 2767 Quid
1209 2742 1275 2769 ergo
1288 2738 1340 2765 est.
1359 2738 1390 2761 ut
1407 2734 1481 2762 dicat
1501 2734 1602 2770 aliquis
1631 2743 1729 2770 panem
1746 2735 1819 2763 hunc

1025 2789 1040 2808 e
1054 2781 1193 2808 frumento
1207 2788 1268 2808 esse
1289 2780 1462 2815 confectum;
1478 2790 1540 2809 nam
1563 2781 1590 2809 id
1605 2782 1684 2810 facile
1697 2787 1750 2810 est.
1766 2782 1818 2810 Ve-

1025 2836 1086 2856 rum
1098 2828 1155 2865 hoc
1176 2828 1305 2856 convenit
1319 2827 1423 2862 dicere,
1436 2837 1491 2864 quo
1504 2834 1584 2865 pacto
1607 2830 1734 2858 minutim
1749 2838 1819 2866 pra:-
