2078 3151
281 171 333 206 631

897 186 928 217 S.
948 187 1108 219 MACARII
1128 188 1292 221 EGYPTII

1855 201 1909 233 632

281 234 405 266 paretur,
426 236 454 259 et
475 238 610 267 coquatur
626 235 715 270 panis.
735 237 880 273 Disputare
899 249 965 277 ergo
978 241 1012 269 de
1026 243 1062 270 af-

282 276 429 290 Γηηιίηπ.....
448 287 478 290 _-
486 280 580 290 -..:.A.,
610 288 629 290 ν,
708 284 718 290 ιι
763 285 768 290 .
982 289 988 290 ε

1122 240 1170 270 οὖν
1191 243 1306 280 λαλῆσαι
1325 246 1391 282 περὶ
1405 247 1540 282 ἀπαθείας
1552 251 1600 278 καὶ
1615 251 1796 288 τελειότητος.
1809 253 1907 290 ὀλίγων

280 276 430 305 lectionum
448 280 585 308 vacuitate
604 288 632 309 et
655 284 835 319 perfectione,
858 276 954 322 paucis
973 289 1068 317 datum

281 327 333 349 est.
349 323 527 360 Evangelium
540 327 614 354 enim
629 330 739 357 concise
758 331 880 367 loquitur
893 342 900 360 :
913 334 953 361 Ne
965 335 1068 363 irasca-

281 369 318 395 ris
337 377 392 396 :ne
415 373 593 407 concupiscas.
614 373 643 402 Si
668 377 726 411 quis
747 377 885 414 impcgerit
906 379 1016 416 alapam
1040 382 1068 408 in

281 415 402 443 dextram
416 419 564 453 maxillam,
580 421 666 456 prazbe
680 431 782 459 quoque
793 429 818 451 et
832 415 957 453 alterum.
969 426 997 454 Si
1010 428 1068 463 quis

282 465 307 486 te
321 463 411 489 trahat
424 464 450 490 in
462 465 603 500 judicium,
619 472 648 494 ut
660 470 777 496 tunicam
791 471 878 504 tollat,
891 472 954 500 dato
967 474 991 500 ei
1005 482 1069 509 quo-

281 515 331 542 que
352 509 464 543 pallium
485 511 517 539 ⁸⁸.
543 513 646 541 Verum
669 515 826 550 Apostolus,
851 517 910 546 bmc
932 519 1066 554 imitatus,

279 561 333 588 qua
351 556 456 584 ratione
477 559 609 592 paulatim
624 568 693 595 opus
715 563 842 597 puritatis
856 572 918 592 eum
934 567 1066 601 patientia

279 605 308 627 et
322 600 528 636 longanimitate
550 605 608 634 ﬁeri
632 607 730 636 debeat
754 610 879 644 pluribus
897 612 988 645 docet,
1010 615 1067 649 pri-

279 653 354 673 mum
370 648 423 683 76
437 649 507 677 laete
521 652 646 682 nutriens
656 655 731 682 velut
745 655 874 690 infantes,
888 658 988 687 deinde
1001 648 1066 695 pro-

278 699 392 720 movens
408 695 441 722 ad
460 696 660 726 incrementum
678 705 706 728 et
722 702 929 736 perfectionem.
944 706 1067 742 Evange-

277 738 345 766 lium
355 741 428 768 enim
436 742 506 770 dixit
520 752 553 771 ex
564 745 625 773 lana
636 745 694 774 fieri
702 749 896 777 vestimentum
904 760 911 777 :
919 751 1066 786 Apostolus

276 794 342 814 vero
363 788 537 823 signiﬁcavit.
554 800 604 827 per
617 794 724 822 minuta
743 797 881 830 quomodo
903 804 1063 828 consuatur.

311 832 368 860 ΧΠ.
383 834 433 867 Qui
456 837 540 871 igitur
551 839 635 867 verba
656 841 809 875 spiritualia
824 843 977 878 proferunt,
994 853 1065 880 quo-

276 886 336 905 rum
362 888 417 907 non
448 881 551 910 habent
575 890 700 920 gustum,
725 888 830 916 similes
853 895 917 917 sunt
943 891 969 918 ei
1000 892 1063 927 qui,

275 925 395 953 maximo
417 932 484 955 aestu
511 936 663 964 premente,
686 933 825 962 desertum
843 943 937 971 agrum
955 945 1064 972 peram-

274 969 361 1002 bulat.
379 978 407 1000 et
428 974 586 1004 sitibundus
601 978 725 1015 depingit
744 981 796 1008 sibi
820 969 923 1010 fontem
937 969 1064 1012 emitten-

274 1020 330 1044 tem
354 1026 464 1053 aquam.
487 1022 655 1052 adumbrans
677 1033 706 1053 se
726 1026 815 1061 ipsum
832 1028 983 1063 bibentem,
1000 1039 1063 1060 cum

275 1066 366 1090 tamen
382 1064 459 1092 labra
479 1067 539 1101 ejus
558 1076 590 1096 ac
603 1068 694 1105 lingua
709 1078 867 1100 exarescant
883 1082 938 1109 prae
952 1076 996 1103 siti
1010 1085 1064 1112 qua

274 1112 383 1136 tenetur
400 1120 406 1136 :
424 1117 472 1139 aut
489 1113 511 1140 si
537 1115 598 1149 quis
615 1116 732 1144 disserat
749 1119 783 1146 de
804 1121 894 1148 mellis
917 1124 1062 1156 suavitate,

271 1159 300 1181 et
316 1155 371 1183 vim
395 1157 551 1187 dulcedinis
571 1162 647 1196 ejus,
672 1171 706 1190 eo
722 1165 794 1200 quod
818 1174 872 1194 non
895 1155 1062 1204 degustarit,

272 1201 380 1236 ignoret
394 1212 400 1230 :
415 1204 456 1232 sic
468 1213 497 1233 se
511 1206 623 1241 habent,
635 1210 682 1244 qui
698 1210 732 1238 de
745 1201 1064 1246 perfectione,'exsulta-

271 1247 347 1275 tione
371 1255 420 1277 aut
449 1251 597 1280 aﬂ‘ectuum
623 1256 759 1284 vacuitate
790 1265 945 1287 sermonem
975 1263 1063 1290 susci-

270 1293 362 1328 piunt,
381 1295 407 1322 vi
433 1304 465 1324 ac
483 1300 649 1328 certitudine
671 1301 733 1330 ﬁdei
756 1310 900 1339 carentes;
914 1312 989 1335 certe
1006 1316 1062 1336 non

271 1339 381 1371 omnia,
406 1345 436 1368 ut
460 1342 628 1378 loquuntur.
652 1347 693 1374 sic
717 1356 746 1375 se
774 1349 885 1377 habent.
901 1350 971 1378 Cum
988 1353 1062 1381 enim

270 1385 406 1419 ejusmodi
421 1389 504 1417 homo
519 1391 618 1426 dignus
632 1393 780 1429 aliquando
795 1397 880 1425 fuerit
894 1399 1015 1433 habitus,
1033 1405 1063 1428 ut

270 1437 398 1466 exparte
421 1435 518 1463 saltem
540 1437 568 1464 in
590 1446 675 1473 opere
695 1441 754 1475 ipso
776 1445 942 1478 reperiatur,
967 1454 1062 1474 secum

271 1477 329 1511 ipse
352 1479 515 1514 dijudicabit
537 1492 543 1509 :
562 1483 622 1510 Non
637 1477 870 1520 quemadmodum
894 1492 1060 1528 arbitrabar,

270 1523 311 1550 sic
339 1526 450 1559 reperi;
474 1528 555 1556 aliter
573 1531 648 1558 enim
670 1532 814 1568 loquebar,
837 1536 917 1564 aliter
941 1538 1061 1574 Spiritus

270 1571 439 1604 operabatur

306 1616 376 1644 Xlll.
391 1617 611 1649 Christianorum
625 1625 699 1651 enim
716 1626 809 1654 cultus
832 1633 874 1656 est
892 1637 957 1657 esus
978 1636 1060 1667 atque

269 1667 367 1695 potus;
385 1668 413 1690 et
427 1672 531 1700 quanto
546 1668 608 1702 plus
628 1670 690 1704 quis
707 1679 741 1699 ex
760 1681 794 1700 eo
809 1675 971 1709 comederit,
985 1682 1060 1706 tanto

269 1708 461 1739 vehementius
474 1713 611 1742 suavitate
625 1716 670 1743 illa
685 1717 804 1746 allicitur
816 1721 934 1755 animus,
947 1723 1016 1751 adeo
1031 1730 1061 1753 ut

270 1755 383 1782 retineri
408 1761 456 1785 aut
474 1760 578 1794 expleri
603 1769 738 1796 nequeat,
763 1770 846 1800 atque
868 1767 1061 1799 insatiabiliter

270 1800 393 1836 inquirat
404 1809 431 1831 et
443 1806 579 1834 comedat.
591 1807 647 1835 Aut
662 1810 756 1842 veluti,
772 1819 834 1850 cum
848 1814 911 1848 quis
924 1815 969 1842 siti
985 1817 1062 1844 labo-

270 1853 322 1880 rat,
340 1849 552 1886 praebeaturque
567 1853 592 1880 ei
609 1859 690 1889 potus
705 1858 807 1892 suavis,
823 1859 936 1896 ipseque
950 1863 997 1890 ubi
1011 1863 1060 1891 de-

269 1900 380 1929 gustare
401 1898 526 1932 cmperit,
545 1901 659 1936 propius
673 1902 707 1929 ad
730 1905 860 1938 poculum
875 1908 996 1941 accedit;
1013 1917 1059 1937 ar-

269 1941 380 1970 dentius
391 1944 496 1972 scilicet
508 1954 639 1974 accensus
652 1956 659 1974 :
674 1949 715 1976 sic
729 1955 826 1985 gustus
841 1951 961 1987 Spiritus
973 1955 1060 1984 ferme

268 1989 359 2016 sedari
370 1991 476 2025 nequit.
491 1997 521 2019 ut
538 1993 694 2028 hujusmodi
710 1997 751 2024 rei
765 2005 820 2025 non
837 1998 975 2028 immerito
986 2009 1061 2032 cam-

269 2039 391 2068 paretur.
407 2036 441 2063 Et
458 2037 516 2065 lucc
532 2039 644 2073 quidem
659 2049 715 2068 non
732 2047 797 2069 sunt
812 2043 894 2072 verba
911 2046 995 2079 nuda,
1011 2048 1059 2075 sed

268 2087 340 2114 opus
364 2081 484 2115 Spiritus
510 2085 613 2117 sancti,
639 2094 738 2114 arcana
772 2089 879 2116 ratione
907 2089 1060 2126 inserviens

267 2126 371 2153 animo.
383 2127 547 2156 Existimant
558 2139 622 2158 vero
636 2134 761 2160 nonnulli
772 2142 829 2167 eos,
841 2136 887 2170 qui
903 2144 917 2163 a
931 2138 1057 2171 muliere,

267 2175 298 2198 et
311 2171 346 2198 ab
361 2173 500 2205 omnibus,
524 2183 585 2210 qua:
602 2177 673 2205 visui
697 2184 801 2213 patent,
826 2182 976 2216 abstinent,
999 2193 1059 2214 esse

264 2216 323 2252 jam
337 2224 456 2246 sanctos.
474 2220 575 2248 Verum
598 2231 654 2250 non
678 2224 714 2251 ita
738 2233 767 2253 se
793 2235 836 2254 res
859 2227 951 2256 habet.
968 2229 1060 2259 Haeret

265 2262 342 2288 enim
364 2263 466 2290 malum
482 2264 509 2291 in
526 2271 628 2299 mente,
643 2271 726 2302 atque
744 2269 771 2296 in
788 2270 872 2298 corde
887 2272 954 2299 vivit
967 2277 996 2300 et
1009 2281 1058 2301 ex-
1074 2265 1096 2294 ί)

267 2308 386 2335 tollitur.
410 2309 458 2337 llle
478 2319 545 2338 vero
571 2317 682 2341 sanctus
707 2320 759 2349 est,
783 2316 831 2350 qui
848 2317 1010 2352 purificatus
1030 2323 1059 2347 et

266 2355 454 2384 sanctiﬁcatus
476 2362 518 2385 est
541 2360 694 2388 secundum
720 2362 882 2391 interiorem
905 2364 1055 2392 hominem.

266 2399 318 2427 Ubi
342 2402 416 2429 enim
438 2403 542 2432 veritas
565 2407 705 2442 paulisper
737 2408 874 2444 inspexit,
900 2410 957 2438 illic
978 2418 1058 2439 error

265 2452 369 2480 pugnat
383 2451 466 2482 atque
480 2457 509 2477 se
523 2451 614 2479 velare
627 2457 655 2480 et
668 2453 799 2490 obtegere
811 2461 925 2484 conatur

306 2491 375 2520 Χιν.
392 2493 461 2522 Cum
477 2495 565 2524 Judaei
588 2499 743 2528 sacerdotio
759 2502 925 2536 potirentur,
942 2511 1009 2532 sane
1025 2512 1059 2532 ex

265 2539 314 2567 illa
330 2540 389 2576 ipsa
401 2547 482 2576 gente
496 2545 714 2578 persecutionem
729 2548 916 2582 patiebantur,
928 2551 1060 2585 graviter-

264 2595 318 2622 que
332 2587 534 2624 aﬂligebantur,
548 2599 582 2619 eo
598 2593 672 2627 quod
687 2593 716 2620 in
729 2595 845 2622 veritate
863 2596 1057 2630 persistebant,

263 2633 411 2663 Eleazarus
423 2641 452 2663 et
468 2636 626 2665 Machabzei.
646 2638 725 2667 Nunc
736 2648 812 2673 vero,
827 2649 889 2668 eum
904 2650 919 2668 τι
936 2645 1056 2677 tempore

264 2680 357 2708 crucis
368 2685 396 2708 et
405 2681 458 2709 veli
473 2682 551 2710 scissi
565 2685 712 2712 recesserit
725 2686 759 2714 ab
774 2687 814 2714 eis
827 2687 960 2722 Spiritus;
973 2693 1056 2724 atque

263 2725 310 2753 hic
326 2727 445 2754 revelata
466 2728 512 2760 sit,
528 2733 556 2756 et
578 2735 710 2765 operetur
726 2731 754 2759 in
770 2732 851 2760 nobis
867 2734 978 2766 veritas,
994 2742 1056 2770 pro-

263 2776 359 2808 pterea
371 2780 482 2800 rursum
497 2775 609 2809 quidam
622 2784 655 2804 ex
677 2778 728 2805 hac
740 2782 821 2813 gente
835 2780 1054 2814 persecutionem

263 2818 412 2847 sustinent.
430 2819 470 2846 Ex
491 2819 538 2848 illa
554 2829 620 2849 vero
636 2828 717 2858 gente
732 2825 925 2859 persecutione
941 2831 969 2854 et
985 2826 1054 2854 allii-

249 2925 253 2936 .
300 2908 323 2925 “
335 2908 403 2937 Luc.
416 2918 455 2944 νι,
467 2911 501 2939 29
513 2921 521 2946 ;
539 2912 636 2941 Matth.
650 2922 675 2948 ν,
690 2914 733 2941 40.

1119 289 1187 317 ἐστί.
1198 290 1234 316 Τὸ
1247 291 1302 326 γὰρ
1314 292 1480 327 Εὐαγγέλιον
1494 296 1523 322 ἐν
1539 297 1663 333 συντόμῳ
1677 299 1846 335 ἀπεφήνατο,
1858 289 1906 337 Μὴ

1119 335 1272 371 ὀργισθῇς,
1289 337 1332 372 μὴ
1347 339 1548 377 ἐπιθυμήσῃς*
1560 343 1615 371 ἐὰν
1624 344 1670 377 τίς
1683 353 1722 372 σε
1732 346 1850 382 paulo?)
1863 335 1907 382 ειξ

1119 381 1177 415 τὴν
1191 382 1296 415 δεξιάν
1315 392 1374 412 σου
1391 387 1529 422 σιαγόνα,
1549 390 1682 424 παράθες
1701 392 1752 418 καί
1779 393 1837 427 τὴν
1851 381 1907 421 tu;

1117 428 1190 460 λην·
1213 428 1269 456 ἐάν
1290 438 1335 463 τις
1363 432 1451 467 κρίνῃ
1479 430 1549 467 ἆραι
1573 443 1632 463 σου
1650 436 1685 463 τὸ
1703 437 1829 472 ιμάτιον,
1854 440 1907 473 δὸς

1117 472 1198 506 αὐτῷ
1212 475 1260 501 καὶ
1285 475 1340 502 τὸν
1350 476 1471 511 χιτῶνα.
1489 478 1518 506 Ὀ
1533 480 1562 506 δὲ
1584 480 1744 515 Ἀπόστολος
1758 472 1907 511 ἐπακολουξ

1119 518 1184 552 θῶν,
1198 520 1256 551 πῶς
1267 522 1320 557 χρὴ
1336 523 1408 550 κατὰ
1427 524 1526 559 μικρὸν
1544 526 1574 553 τὸ
1586 526 1666 561 ἔργον
1677 530 1728 563 τῆς
1748 530 1908 566 καθάρσεως

1118 565 1189 600 μετὰ
1208 566 1348 602 ὑπομονῆς
1358 569 1406 596 καὶ
1423 571 1616 607 μακροθυμίας
1630 573 1764 608 γίνεσθαι,
1782 565 1827 602 διά
1841 577 1907 604 πολ-

1116 611 1171 639 λῶν
1194 612 1325 647 διδάσκει,
1349 614 1458 650 πρῶτον
1473 617 1704 654 γαλακτοτροφῶν
1726 620 1763 652 ὼς
1779 622 1905 657 νηπίους,

1117 656 1176 686 εἶτα
1191 659 1283 694 φέρων
1297 660 1337 692 εἰς
1348 660 1462 697 αὔξησιν
1475 662 1523 689 καὶ
1538 663 1707 700 τελειότητα.
1724 665 1791 693 Εἷπε
1808 668 1862 702 γὰρ
1876 669 1907 695 τὸ

1117 703 1282 738 Εὑαγγέλιον
1293 705 1419 739 γενέσθαι
1430 707 1485 733 ἀπὸ
1496 707 1577 743 ἐρέας
1589 711 1738 745 στιχάριον’
1750 713 1764 738 ὁ
1780 711 1808 738 δὲ
1826 712 1906 739 Ἀπό-

1116 750 1209 782 στολος
1237 751 1358 787 ἐμήνυσε
1399 752 1449 787 τὴν
1471 753 1633 790 λεπτότητα,
1648 756 1708 788 πῶς
1738 758 1907 785 κατασκευά-

1116 794 1202 826 ζεται,

1152 841 1202 868 ω’.
1214 842 1245 868 Oi
1260 842 1306 869 οὖν
1313 843 1410 878 λόγους
1417 847 1618 881 πνευματικοὺς
1628 847 1772 881 λαλοῦντες
1780 849 1845 876 ἄνευ
1854 850 1904 885 τῆς

1115 887 1249 922 γεύσεως,
1264 889 1378 925 τοιούτῳ
1392 891 1446 918 τινὶ
1467 892 1598 927 ἐοίκασιν,
1615 893 1710 930 ὥσπερ
1724 895 1768 922 ἵνα
1782 905 1825 928 ⁵ιις
1843 896 1906 922 tm-

1116 933 1244 966 ϐαλόντος
1270 935 1412 968 καύσωνος
1424 937 1575 974 διοδεύηται
1588 940 1674 976 πεδίῳ
1688 942 1796 977 ἐρήμῳ,
1810 943 1857 969 καὶ
1867 942 1905 970 ὢν

1115 980 1224 1016 ἐκδιψος
1239 981 1378 1020 διαγράφῃ
1393 984 1485 1021 πηγὴν
1498 985 1615 1020 ῥέουσαν
1629 986 1714 1023 ὕδωρ,
1728 989 1904 1024 σκιογραφῶν

1115 1027 1213 1055 ἑαυτὸν
1228 1029 1350 1063 πίνοντα,
1359 1031 1440 1057 ὁπότε
1454 1031 1489 1059 τὰ
1504 1033 1580 1069 χείλη
1596 1033 1679 1060 αὑτοῦ
1691 1035 1904 1070 κατεξήρανται,

1115 1073 1161 1099 καὶ
1179 1073 1196 1108 ἡ
1215 1073 1340 1107 γλῶσσα,
1355 1075 1388 1101 ἐκ
1412 1075 1462 1111 τῆς
1483 1077 1693 1114 καταλαϐούσης
1711 1079 1803 1114 δίψης·
1825 1080 1842 1115 ἢ
1859 1080 1903 1107 ἵνα

1114 1127 1155 1149 τις
1171 1118 1275 1154 λαλήσῃ
1289 1120 1354 1155 περὶ
1370 1121 1488 1155 μέλιτος,
1507 1123 1547 1148 ὅτι
1564 1123 1651 1157 γλυκύ
1664 1125 1733 1156 ἐστι,
1749 1124 1786 1159 μὴ
1803 1126 1903 1159 γευσά-

1116 1172 1195 1198 μενος
1206 1165 1245 1197 δὲ,
1260 1165 1308 1192 οὐκ
1329 1164 1383 1192 οἶδε
1398 1167 1447 1201 τὴν
1461 1167 1575 1203 δύναμιν
1589 1169 1638 1204 τῆς
1651 1169 1820 1205 γλυκύτητος
1831 1179 1838 1186 ·
1855 1170 1903 1197 οὗ-

1114 1216 1168 1240 τως
1184 1209 1231 1236 καὶ
1253 1209 1278 1236 οἱ
1298 1209 1378 1244 λόγον
1403 1211 1547 1244 λαλοῦντες
1567 1214 1632 1248 περὶ
1653 1214 1820 1250 τελειότητος
1832 1236 1839 1248 ,
1855 1217 1903 1242 καὶ

1114 1254 1313 1290 ἀγαλλιασμοῦ,
1331 1256 1391 1291 ἤτοι
1406 1257 1552 1291 ἀπαθείας,
1577 1260 1614 1297 μὴ
1639 1260 1745 1295 ἔχοντες
1763 1261 1902 1295 ἐνέργειαν

1114 1300 1162 1326 καὶ
1181 1301 1380 1337 πληροφορίαν,
1408 1303 1443 1329 τὰ
1469 1304 1619 1339 πράγματα
1644 1306 1693 1341 οὐχ
1712 1306 1749 1338 ὠς
1766 1306 1901 1340 λαλοῦσιν,

1113 1347 1199 1379 οὕτως
1208 1349 1276 1374 εἰσὶν
1291 1349 1410 1376 ᾶπαντα.
1424 1350 1509 1376 Ὅταν
1521 1351 1574 1386 γὰρ
1589 1352 1602 1378 ὁ
1617 1352 1736 1385 τοιοῦτος
1748 1354 1901 1390 καταξιωθῇ

1113 1401 1179 1420 ποτε
1205 1395 1326 1430 μερικῶς
1348 1396 1378 1422 ὲν
1401 1396 1475 1432 ἔργῳ
1497 1398 1653 1433 εὑρεθῆναι,
1681 1400 1814 1434 διακρίνει
1841 1401 1902 1427 καθ’

1113 1442 1220 1475 ἑαυτὸν,
1231 1443 1272 1469 ὄτι
1282 1443 1312 1469 ού
1328 1443 1420 1476 καθὼς
1435 1445 1627 1480 ὑπελάμϐανον
1643 1446 1729 1478 οὕτως
1748 1444 1840 1482 εὗρον·
1852 1448 1901 1474 ἄλ-

1113 1487 1166 1519 λως
1189 1488 1243 1523 γάρ
1264 1489 1394 1523 ἐλάλουν,
1413 1490 1460 1517 καὶ
1480 1490 1568 1524 ἄλλως
1595 1492 1626 1518 τὸ
1652 1493 1762 1529 πνεῦμα
1786 1494 1902 1529 ἐργάζε-

1112 1543 1167 1561 ται.

1149 1627 1198 1654 ll".
1216 1627 1244 1654 ’0
1259 1628 1314 1663 γὰρ
1330 1628 1543 1664 Χριστιανισμὸς
1562 1629 1665 1665 βρῶσίς
1679 1631 1737 1657 ὲστι
1750 1631 1796 1657 καὶ
1811 1632 1901 1663 πόσις·

1113 1674 1160 1700 καὶ
1172 1674 1234 1701 ὅσον
1248 1683 1291 1706 τις
1303 1675 1390 1701 ἐσθίει
1408 1676 1456 1701 ἀπ’
1466 1675 1560 1708 αὐτοῦ,
1580 1677 1612 1703 ὲκ
1635 1676 1685 1711 τῆς
1700 1677 1829 1713 ήδύτητος
1841 1679 1903 1704 ἐπιι

1111 1721 1205 1747 πλεῖον
1217 1720 1371 1755 ἐρεθίζεται
1388 1722 1402 1747 ὁ
1417 1721 1480 1753 νοῦς
1491 1722 1679 1758 ἀκατάσχετος
1693 1724 1739 1750 καὶ
1752 1724 1902 1758 ἀκόρεστος

1112 1767 1253 1803 ὑπάρχων,
1276 1768 1323 1794 καὶ
1346 1768 1493 1803 ἀπλήστως
1511 1769 1649 1805 ἐπιζητῶν
1674 1771 1720 1797 καὶ
1745 1770 1852 1797 ἐσθίωνσ
1867 1771 1903 1798 ’Ἡ

1111 1813 1207 1849 ὥσπερ
1224 1813 1304 1851 ἐὰνῇ
1329 1823 1370 1846 τις
1393 1814 1489 1849 διψῶν,
1519 1816 1568 1842 καὶ
1590 1815 1702 1851 ἐπιδοθῇ
1726 1816 1800 1852 αὺτῷ
1826 1817 1902 1852 πόμα

1111 1859 1210 1894 γλυκὺ,
1231 1858 1290 1886 εἶτα
1313 1859 1467 1894 ἀρξάμενος
1492 1860 1543 1894 τῆς
1569 1861 1690 1893 γεύσεως
1715 1861 1902 1897 σφοδροτέρως

1111 1905 1215 1939 ἐγγίζει
1232 1905 1271 1940 τῷ
1285 1904 1370 1940 ποτῷ,
1389 1905 1522 1940 μειζόνως
1537 1907 1726 1942 ἐκκαιόμενος,
1742 1907 1791 1934 καὶ
1808 1907 1902 1942 σχεδὸν

1111 1951 1249 1982 ἀπαυστός
1264 1951 1337 1977 ἐστιν
1350 1951 1365 1986 ή
1383 1951 1477 1985 γεῦσις
1492 1951 1537 1978 τοῦ
1554 1952 1723 1987 Πνεύματος,
1739 1953 1777 1985 ὡς
1789 1954 1902 1988 τοιούτῳ

1110 1996 1164 2022 τινὶ
1185 1995 1298 2027 δικαίως
1313 1996 1521 2028 άπεικάζεσθαι·
1545 1997 1592 2023 καὶ
1607 1997 1694 2025 ταῦτα
1714 1999 1745 2025 οὐ
1761 1998 1836 2033 λόγοι
1854 1999 1902 2034 ψι-

1110 2043 1161 2069 λοι.
1182 2043 1312 2077 Ἐργασία
1326 2042 1380 2078 γάρ
1396 2043 1455 2069 ἐστι
1471 2042 1517 2069 τοῦ
1539 2043 1616 2078 ἁγίου
1631 2044 1790 2079 Πνεύματος
1804 2047 1832 2072 ὲν
1852 2054 1902 2080 μυ-

1111 2088 1214 2123 στηρίῳ
1229 2087 1392 2115 διακονοῦσα
1415 2088 1454 2124 τῷ
1475 2088 1524 2124 νῷ.
1545 2089 1697 2124 Νομίζουσι
1721 2090 1749 2117 δέ
1774 2099 1847 2122 τινες
1860 2091 1901 2118 ὅτι

1110 2134 1274 2169 ἀπεχόμενοι
1292 2134 1431 2168 γυναικὸς,
1456 2136 1503 2162 καὶ
1519 2135 1628 2162 πάντων
1647 2136 1701 2163 τῶν
1718 2137 1901 2173 φαινομένων,

1110 2181 1160 2216 ήδη
1182 2180 1254 2214 ἆγιοί
1268 2181 1346 2207 εἰσιψ
1365 2181 1421 2208 ἀλλ’
1442 2182 1492 2217 οὐχ
1515 2181 1601 2213 οὕτως
1616 2183 1702 2210 ἐστίν.
1718 2183 1798 2210 Ἔστι
1814 2184 1868 2218 γὰρ
1884 2184 1901 2219 ἡ

1111 2227 1195 2254 κακία
1206 2228 1235 2254 ἐν
1248 2227 1287 2262 τῷ
1298 2228 1347 2262 νῷ,
1367 2228 1416 2254 καὶ
1430 2228 1458 2254 ὲν
1470 2229 1502 2264 τῇ
1519 2229 1617 2264 καρδίᾳ
1628 2228 1661 2265 ζῇ
1679 2229 1726 2255 καὶ
1745 2228 1900 2264 ἐπαίρεται·

1110 2270 1187 2305 οὗτος
1201 2273 1230 2300 δέ
1245 2273 1319 2300 ἐστιν
1333 2273 1420 2307 ἅγιος,
1433 2274 1448 2300 6
1463 2274 1610 2309 καθαρθεὶς
1622 2275 1669 2301 καὶ
1678 2274 1818 2309 ἀγιασθεὶς
1830 2274 1901 2302 κατὰ

1110 2319 1156 2346 τὸν
1173 2319 1227 2346 ἔσω
1239 2319 1393 2355 ἄνθρωπον.
1411 2320 1500 2346 Ὅπου
1516 2321 1569 2355 γὰρ
1584 2321 1600 2354 ἡ
1612 2320 1726 2356 ἀλήθεια
1737 2320 1899 2354 ἀνακόπτει,

1110 2367 1169 2394 ἐκεῖ
1198 2368 1313 2403 μάχεται
1341 2369 1357 2403 ἡ
1380 2368 1487 2402 πλάνη,
1513 2367 1702 2400 σπουδάζουσα
1718 2367 1837 2403 καλύψαι
1851 2367 1899 2395 καὶ

1111 2413 1215 2440 θολῶσα
1219 2424 1226 2441 ι
1231 2434 1237 2442 .

1143 2505 1192 2530 ΙΔ’.
1212 2503 1277 2529 Ὅτε
1303 2503 1328 2529 oi.
1355 2503 1477 2530 Ἰουδαῖοι
1498 2503 1630 2538 ἐκράτουν
1656 2503 1705 2539 τὴν
1725 2503 1874 2539 ἱερωσύνην
1889 2522 1897 2534 ,
1919 2511 1921 2514 ⁴

1107 2551 1155 2577 καὶ
1176 2549 1206 2582 ἐξ
1229 2549 1312 2576 αὑτοῦ
1327 2550 1374 2577 τοῦ
1390 2551 1483 2582 ἔθνους
1501 2549 1643 2577 ἐδιώκοντο
1673 2550 1719 2576 καὶ
1750 2549 1896 2582 ἐθλίὸοντο,

1107 2598 1202 2632 ἐπειδὴ
1218 2598 1391 2633 εἱστήκεισαν
1413 2599 1441 2624 ὲν
1459 2599 1492 2632 τῇ
1515 2596 1645 2632 ἀληθείᾳ,
1674 2597 1834 2632 Ἐλεάζαρος
1850 2597 1898 2624 καὶ

1108 2644 1133 2670 οἱ
1150 2643 1317 2670 Μακαϐαῖοι.
1335 2643 1391 2670 Νῦν
1410 2643 1438 2670 δὲ
1459 2643 1552 2676 ἐπειδὴ
1574 2642 1628 2669 ἀπὸ
1642 2642 1688 2669 τοῦ
1711 2643 1829 2678 σταυροῦ
1850 2643 1898 2669 καὶ

1109 2691 1156 2717 τοῦ
1173 2691 1418 2726 καταπετάσματος
1432 2690 1605 2725 ἀνεχώρησεν
1623 2690 1652 2723 ἐξ
1666 2690 1755 2716 αὐτῶν
1771 2691 1801 2717 τὸ
1816 2691 1898 2718 Πνεῦ-

1111 2743 1159 2770 μα,
1175 2734 1267 2762 λοιπὸν
1288 2733 1339 2762 ὧδε
1360 2735 1541 2769 ἀπεκαλύφθη
1556 2735 1604 2761 καὶ
1620 2735 1755 2770 ἐνεργεῖ-ὴ
1770 2736 1896 2771 ἀλήθεια.

1110 2781 1195 2808 Πάλιν
1209 2781 1255 2808 οῦν
1270 2782 1300 2814 ἐξ
1315 2780 1396 2808 αὐτοῦ
1411 2780 1457 2807 τοῦ
1474 2780 1567 2812 ἔθνους
1581 2780 1735 2810 διώκονται,
1757 2782 1801 2816 Ἐξ
1813 2782 1897 2810 αὑτοῦ

1109 2826 1137 2852 δὲ
1155 2826 1201 2853 τοῦ
1218 2827 1310 2859 ἔθνους
1322 2826 1462 2853 ἐδιώκοντο
1479 2825 1526 2852 καὶ
1542 2826 1690 2861 ἐθλίϐοντο,
1706 2827 1750 2854 ἵνα
1764 2828 1897 2863 γένωνται
