2078 3151
190 149 244 184 633

787 151 973 183 HOMILIE.
983 163 1018 171 -

1030 151 1123 183 ΗΟΜ.
1135 151 1243 183 XVIII.
1775 152 1828 185 634

193 209 334 245 μάρτυρες
345 209 371 237 οἰ
393 208 561 244 φιλαλήθεις.
579 209 642 241 Πῶς
654 208 709 245 γὰρ
722 209 873 244 φανήσεται
887 209 904 244 ἡ
917 208 983 244 ἀλή-

1036 208 1128 236 ctione
1143 207 1382 243 opprimebantur,
1404 212 1434 236 ut
1449 213 1585 244 martyres
1603 208 1764 242 evaderent,
1779 211 1828 244 qui

191 255 263 287 θεία,
285 256 311 282 εἰ
324 255 362 291 μὴ
376 255 433 291 ἔχει
445 256 509 288 τοὺς
523 255 702 287 ὑπεναντίους
716 256 824 290 ψευδεῖς
840 255 922 287 ὂντας
935 255 983 282 καὶ

190 302 263 328 κατά
277 301 409 337 ἀληθείας
424 302 586 338 τρέχονταςς
609 301 669 329 Εἰσὶ
683 302 712 329 δὲ
731 302 780 329 καὶ
793 302 822 328 ὲν
835 303 893 334 τοῖς
906 301 984 328 ἀδελ-

190 349 252 382 φοῖς
264 347 445 382 βαστάζοντες
458 348 532 384 πάθη
548 349 595 376 καὶ
611 349 725 380 θλίψεις·
752 348 854 383 πολλῆς
869 347 898 374 δὲ
918 347 985 383 χρῄ-

191 395 284 426 ζουσιν
295 395 456 430 ἀσφαλείας,
472 396 516 422 ἴνα
532 396 569 431 μὴ
583 395 713 423 πέσωσιν.
730 392 778 427 Εἷς
797 395 852 431 γάρ
873 403 915 426 τις
929 393 984 421 τῶν

191 441 315 476 ἀδελφῶν
330 442 527 477 συνευχόμενός
541 450 607 471 τινι.
626 441 820 478 ᾐχμαλωτίσθη
841 441 895 468 ore?)
908 440 984 472 θείας

191 486 343 522 δυνάμεως,
359 488 406 514 καὶ
423 488 574 524 ἁρπαχθεὶς
587 486 641 515 εῐδε
656 488 705 524 τὴν
718 489 774 516 ἄνω
789 488 867 515 πόλιν
883 488 983 524 Ἰερου-

193 531 295 567 σαλὴμ,
316 533 363 560 καὶ
383 534 491 566 εἰκόνας
508 534 642 569 φωτεινὰς
657 535 704 561 καὶ
720 534 778 569 φῶς
791 534 915 569 ἄπειρον·
937 534 985 561 καὶ

192 578 293 612 ἢκουσε
314 578 406 614 φωνῆς
419 579 562 616 λεγούσης,
576 578 667 613 οὗτός
685 580 771 608 ἐστιν
786 581 802 607 ό
822 581 915 613 τόπος
928 580 985 614 τῆς

192 625 408 659 καταπαύσεως
428 625 489 653 τῶν
502 626 635 654 δικαίων·
651 627 699 654 καὶ
723 627 793 662 μετὰ
820 626 919 662 μικρὸν
933 635 984 661 φυ-

193 670 312 703 σιωθεὶς,
337 671 385 698 καὶ
398 672 512 707 νομίσας
526 673 590 709 περὶ
615 673 713 700 ἑαυτοῦ
729 673 892 709 ἑωρακέναι,
913 673 982 708 μετὰ

194 715 274 743 τοῦτο
289 717 389 753 εὑρέθη
405 718 535 754 ἐμπεσὼν
557 720 597 751 εἰς
618 720 653 746 τὰ
677 719 762 747 ἄδυτα
783 719 831 746 καὶ
845 719 985 749 βαθύτατα

195 763 246 799 τῆς
258 764 406 800 ἁμαρτίας,
425 766 464 796 εἰς
481 766 566 801 μυρία
580 767 655 794 κακά

1034 253 1145 282 veritati
1167 253 1326 282 studebant.
1342 254 1485 288 Quomodo
1500 255 1576 282 enim
1597 255 1742 290 apparebit
1755 255 1829 282 veri-

1034 305 1088 334 tas,
1103 301 1157 329 nisi
1172 300 1302 328 habuerit
1318 301 1500 333 adversarios,
1519 301 1567 337 qui
1589 306 1617 330 et
1641 302 1697 330 sint
1713 301 1828 329 menda-

1034 355 1091 380 ces,
1104 351 1133 375 et
1145 347 1289 375 veritatem
1306 347 1452 375 invadant?
1464 348 1534 375 Sunt
1545 356 1656 383 quoque
1668 348 1696 375 in
1711 348 1828 375 fratrum

1034 401 1162 424 numero.
1174 393 1221 428 qui
1233 393 1428 421 atl'ectionibus
1441 397 1489 421 aut
1505 394 1702 422 alllietionibus
1716 394 1829 422 obnoxii

1034 444 1108 467 sunt.
1124 439 1230 473 Quibus
1249 439 1361 474 quidem
1379 447 1477 475 magna
1492 440 1584 468 cautio
1601 440 1758 468 adhibenda
1773 445 1827 472 est,

1034 493 1070 513 ne
1086 485 1224 513 labantur.
1240 485 1358 519 Quidam
1375 486 1449 513 enim
1465 493 1498 513 ex
1514 485 1660 518 fratribus,
1677 494 1740 514 cum
1763 494 1828 521 pre-

1035 537 1144 560 caretur
1157 539 1221 560 cum
1243 532 1307 565 alio,
1326 537 1424 567 captus
1440 535 1483 560 est
1499 531 1592 559 divina
1609 533 1723 565 virtute,
1740 540 1829 568 eaque

1035 578 1168 613 abreptus
1188 577 1259 604 vidit
1281 585 1429 613 supernam
1452 577 1592 606 civitatem
1615 578 1780 610 Jerusalem,
1800 582 1829 606 et

1034 631 1167 660 personas
1191 623 1331 655 illustres,
1355 623 1505 658 lumenque
1538 624 1718 658 immensum;
1747 628 1829 659 atque

1035 671 1140 699 audivit
1154 678 1251 698 vocem
1269 670 1408 698 dicentem
1426 679 1432 697 ε
1447 671 1497 697 Hic
1511 675 1548 697 est
1564 670 1635 698 locus
1650 671 1771 706 requietis
1786 672 1830 706 iu-

1034 723 1136 745 storum
1149 725 1158 744 :
1169 717 1305 752 pauloque
1320 721 1383 752 post
1401 716 1522 748 inﬂatus,
1535 721 1563 744 et
1576 717 1738 744 existimans
1753 717 1787 745 de
1800 725 1830 745 se

1036 763 1095 799 ipso
1109 771 1141 790 ea
1163 762 1279 796 vidisse,
1301 767 1396 797 postea
1419 768 1546 798 repertus
1581 768 1624 791 est
1652 763 1680 790 in
1705 763 1784 800 adyta
1802 767 1830 791 et

1035 809 1250 845 profundissima
1269 814 1458 844 peccatorum,
1475 814 1558 845 atque
1580 810 1609 837 in
1630 809 1737 838 infinita
1758 810 1830 838 mala

1035 856 1174 884 incidisse.

228 895 279 925 IE'.
301 897 332 924 El
352 895 399 925 οὖν
424 899 439 926 ὸ
460 899 595 935 ὲσὼτερος
614 900 661 927 καὶ
681 900 783 936 ὑψηλὸς
810 901 901 934 ἔπεσε,
923 902 983 934 πῶς

1069 902 1127 931 XV.
1153 903 1181 930 Si
1206 911 1271 939 ergo
1297 903 1422 930 internus
1443 907 1471 930 et
1490 902 1617 929 sublimis
1639 902 1722 929 homo
1736 901 1830 936 lapsus

192 943 303 971 δύναται
330 945 420 979 λέγειν
438 946 452 972 ό
465 945 566 981 τυχὼν,
588 947 629 973 ὅτι
642 948 808 981 Νηστεύων
830 949 879 976 καὶ
895 949 983 983 ξενη-

191 989 287 1017 τσύων
300 991 350 1018 καὶ
362 990 580 1027 διασκορπίζων
594 993 631 1019 τὰ
641 993 816 1028 ὑπάρχοντα
829 995 887 1029 ἤδη
899 995 983 1030 ἅγιός

191 1036 269 1070 etut;
284 1035 315 1062 οὑ
331 1037 385 1072 γὰρ
401 1037 417 1072 ἠ
433 1037 524 1073 ἀποχὴ
542 1038 596 1064 τῶν
616 1039 710 1065 κακῶν
731 1039 801 1075 αὕτη
818 1041 892 1067 ἐστὶν
907 1042 923 1076 ἡ
939 1049 984 1067 τε-

192 1081 311 1114 λείωσις,
331 1083 388 1110 ἀλλ’
402 1084 426 1110 εί
438 1084 562 1118 εἰσῆλθες
577 1086 616 1117 εἰς
630 1085 676 1112 τὸν
689 1085 752 1113 νοῦν
768 1086 814 1113 τὸν
829 1088 982 1123 ἠφανισμέ-

193 1137 248 1160 νον,
259 1129 307 1155 ita).
321 1129 486 1162 ἀπέκτεινας
499 1130 545 1156 τὸν
558 1130 620 1166 ὅφιν
635 1131 681 1159 τὸν
692 1133 910 1168 κατώτερον”τοῦ
923 1133 981 1167 νοῦ,

193 1174 241 1201 καὶ
258 1173 406 1211 βαθύτερον
427 1177 482 1204 τῶν
500 1177 652 1212 λογισμῶν,
678 1179 719 1210 εἰς
734 1178 769 1205 τὰ
783 1179 917 1215 λεγόμενα
931 1189 982 1207 τα-

194 1221 269 1254 μιεῖα
292 1221 338 1248 καὶ
353 1221 495 1257 ἀποθήκας
518 1222 569 1258 τῆς
587 1223 678 1259 ψυχῆς
706 1224 853 1263 φονεύοντα
882 1234 912 1252 σε
936 1226 983 1253 καὶ

193 1265 362 1300 φωλεύοντα*
380 1267 498 1300 ᾶόυσσος
522 1269 576 1304 γάρ
594 1271 668 1296 ἐστιν
686 1270 702 1306 ή
722 1271 831 1306 καρδίαν
854 1272 879 1298 εἰ
893 1271 982 1298 τοίνυν

193 1312 296 1339 ικεῖνον
329 1313 495 1348 ἐφόνευσας,
524 1315 572 1341 καὶ
596 1316 686 1342 πᾶσαν
717 1315 767 1352 τὴν
799 1317 828 1343 ἐν
852 1317 893 1343 σοὶ
913 1317 983 1343 ἀκα-

193 1358 309 1395 θαρσίαν
341 1360 489 1392 ὲξέὸαλες·
515 1361 570 1388 ὅλοι
599 1362 654 1396 γὰρ
680 1363 706 1389 οἱ
734 1363 873 1397 φιλόσοφοι
898 1364 944 1390 καὶ
969 1364 984 1390 ὀ

193 1405 276 1440 νόμος
290 1406 338 1433 καὶ
358 1406 384 1432 οἱ
401 1406 557 1440 ἀπόστολοι,
572 1409 619 1434 καὶ
634 1409 651 1442 ὴ
667 1407 714 1435 τοῦ
735 1409 862 1444 Σωτῆρος
877 1409 984 1441 Eleum;

192 1451 259 1486 περὶ
273 1452 457 1487 καθαρότητος
471 1453 620 1481 ποιοῦνται.
635 1455 693 1486 Πᾶς
705 1454 759 1489 γὰρ
767 1455 918 1491 ἀνθρώπων
927 1457 983 1482 εἴτε

199 1495 344 1529 Ἰουδαίων,
360 1497 414 1524 εἴτε
438 1497 586 1534 Ἑλλήνων,
607 1499 702 1535 ἀγαπᾷ
725 1500 775 1535 τὴν
796 1500 981 1536 καθαρότητα,

1033 953 1086 980 est,
1103 956 1158 984 quo
1173 953 1254 984 pacto
1274 952 1366 984 potest
1383 948 1476 975 dicere
1492 947 1584 982 quivis
1608 947 1679 974 alius
1693 955 1708 974 e
1726 948 1807 982 vulgo
1821 956 1827 974 :

1035 994 1104 1027 Quia
1125 995 1232 1030 jejuno,
1257 994 1464 1030 hospitalitatem
1489 1002 1614 1026 exerceo,
1640 1002 1671 1020 ac
1687 994 1754 1020 bona
1770 1001 1829 1020 mea

1033 1040 1171 1069 diatribae.
1183 1040 1244 1075 jam
1260 1048 1306 1075 ego
1319 1043 1425 1066 sanctus
1441 1039 1520 1066 sum?
1539 1039 1598 1066 Non
1616 1038 1692 1066 enim
1714 1046 1729 1065 a
1750 1038 1830 1066 malis

1033 1093 1063 1112 se
1082 1085 1215 1113 cohibere
1238 1086 1296 1121 ipsa
1316 1085 1452 1121 perfectio
1473 1091 1525 1117 cst,
1550 1085 1598 1113 sed
1612 1086 1636 1114 si
1657 1085 1829 1120 inquinatam

1034 1137 1154 1159 mentem
1176 1136 1252 1159 tuam
1274 1132 1432 1167 ingressus,
1457 1131 1594 1159 occideris
1617 1135 1774 1166 Serpentem
1800 1131 1830 1158 in

1034 1177 1214 1205 interioribus
1225 1178 1326 1205 utentis
1342 1185 1374 1205 ac
1391 1177 1618 1213 profundioribus
1629 1177 1828 1212 cogitationum

1034 1228 1142 1250 tuarum
1156 1224 1209 1259 ’17
1221 1223 1441 1256 delitescentem,
1455 1223 1558 1258 quippe
1571 1223 1600 1250 in
1612 1223 1789 1251 conclavibus
1800 1227 1829 1251 et

1033 1269 1206 1304 repositoriis
1216 1269 1315 1297 animae
1327 1270 1361 1297 ad
1374 1274 1399 1297 te
1413 1269 1630 1297 interimendum
1641 1268 1737 1296 nidum
1747 1277 1828 1296 suum

1033 1315 1175 1350 componit
1189 1315 1248 1349 (cor
1260 1316 1334 1343 enim
1348 1320 1392 1342 est
1408 1315 1546 1351 abyssus),
1561 1315 1595 1348 si,
1612 1315 1734 1349 inquam,
1750 1313 1828 1341 illum

1034 1361 1217 1395 interfeceris,
1230 1366 1258 1389 et
1271 1369 1392 1394 omnem,
1405 1370 1458 1397 qua
1476 1362 1634 1397 inquinatus
1654 1369 1696 1393 es,
1720 1361 1829 1396 spurcis

1034 1407 1100 1434 tiem
1114 1408 1240 1443 ejeceris.
1257 1407 1360 1436 Omnes
1380 1409 1455 1436 enim
1477 1407 1645 1443 philosophi,
1661 1407 1705 1434 lex
1718 1412 1746 1434 et
1760 1414 1830 1442 apo-

1035 1454 1097 1480 stoli
1113 1458 1196 1488 atque
1208 1454 1292 1481 etiam
1307 1454 1458 1482 Salvatoris
1475 1455 1611 1482 adventus
1626 1454 1700 1481 circa
1720 1453 1828 1488 purita-

1035 1503 1090 1526 tem
1121 1500 1258 1528 laborant.
1294 1500 1397 1528 Omnes
1429 1500 1568 1535 siquidem
1608 1500 1744 1531 homines,
1770 1499 1828 1526 sive

193 1542 241 1569 καὶ
262 1543 292 1570 οὐ
317 1542 442 1570 δύνανται
458 1543 633 1580 καθαρεύειν.
656 1546 717 1581 Χρὴ
736 1545 782 1572 οὖν
805 1547 980 1582 ἐπιζητῆσαι,

1035 1546 1134 1579 Judaei,
1154 1547 1211 1574 sive
1225 1547 1322 1579 Graeci,
1341 1547 1490 1582 puritatem
1511 1550 1653 1581 exoptant,
1674 1549 1702 1573 et
1719 1545 1828 1580 assequi

193 1590 253 1623 πῶς
269 1591 318 1618 καὶ
332 1591 377 1618 διὰ
390 1591 471 1619 τίνων
484 1592 598 1620 δύναται
616 1593 647 1619 τὸ
669 1594 790 1629 καθαρὸν
803 1595 854 1630 τῆς
867 1595 983 1630 καρδίας

192 1639 329 1672 γενέσθαι.
347 1640 480 1675 Οὐδαμῶς
505 1640 648 1677 ἑτέρωθεν,
675 1641 699 1667 εἰ
722 1641 760 1676 μὴ
783 1641 827 1668 διὰ
846 1641 891 1667 τοῦ
913 1641 983 1677 ὑπὲρ

193 1684 271 1719 ἡμῶν
284 1685 498 1720 σταυρωθέντος·
514 1686 596 1718 αὐτὸς
609 1687 663 1721 γάρ
679 1687 752 1714 ἐστιν
766 1687 782 1721 ἡ
800 1687 869 1719 ὁδὸς,
882 1687 899 1723 ἡ
913 1687 982 1722 ζωὴ,

193 1730 211 1764 ἡ
225 1730 348 1766 ἀλήθεια,
362 1732 378 1767 ἡ
405 1731 485 1767 θύρα,
505 1733 520 1758 ὁ
539 1733 724 1768 μαργαρίτης,
740 1733 755 1759 ὸ
766 1733 820 1765 ζῶν
841 1734 889 1760 καὶ
905 1734 919 1760 ό
935 1733 981 1760 οὐ-

195 1775 285 1811 ράνιος
299 1777 392 1812 ἄρτος.
415 1777 471 1804 Καὶ
495 1777 546 1804 οὑκ
568 1779 686 1814 ἐγχωρεῖ
708 1787 770 1805 τινα
791 1779 854 1806 ἄνευ
874 1779 983 1814 ἐκείνης

193 1823 242 1857 τῆς
255 1823 394 1858 ἀληθείας,
415 1823 543 1859 ἀλήθειαν
565 1824 676 1858 γνῶναι,
694 1825 710 1860 ἢ
728 1824 858 1860 σωθῆναι.
874 1825 981 1860 Ὥσπερ

195 1866 242 1896 οὖν
268 1870 308 1901 εἰς
322 1870 369 1896 τὸν
390 1869 442 1902 ἔξω
464 1870 607 1903 ἄνθρωπον
638 1870 685 1897 καὶ
711 1871 751 1902 εἰς
769 1870 803 1897 τὰ
831 1871 983 1906 φαινόμενα

195 1915 358 1951 πράγματα,
373 1917 500 1949 ἀπε-τάξω
517 1918 594 1949 πᾶσι,
611 1918 659 1944 καὶ
676 1917 808 1948 διέδωκας
830 1917 879 1952 τὴν
895 1916 985 1952 ὓπαρ-

195 1961 237 1995 ξίν
251 1971 309 1990 σου·
325 1961 397 1990 οὕτω
409 1963 457 1990 καὶ
469 1963 498 1989 ὲν
509 1964 541 1999 τῇ
560 1964 641 2000 σοφίᾳ
651 1965 684 1999 τῇ
701 1964 833 1998 κοσμικῇ,
846 1963 870 1989 εἰ
883 1962 984 1997 γνῶσιν

195 2005 267 2040 ἔχεις
283 2007 332 2033 καὶ
354 2006 442 2041 λόγων
469 2009 556 2043 ἰσχὺν,
573 2008 782 2045 ἀπορρίψασθαι
801 2008 890 2035 πάντα
907 2007 984 2043 ὀφεί-

194 2051 262 2085 λεις,
282 2053 330 2079 καὶ
352 2053 435 2089 μηδὲν
457 2054 631 2090 ἡγήσασθαι,
657 2055 690 2081 't'v‘
711 2054 783 2082 οὕτω
803 2055 923 2091 δυνηθῇς
937 2055 984 2081 ἐπὶ

193 2099 227 2133 τῇ
247 2098 338 2134 μωρίᾳ
360 2099 407 2126 τοῦ
424 2100 601 2136 κηρύγματος
613 2101 835 2137 οἰκοδομηθῆναι,
849 2102 916 2138 ὅπερ
936 2102 985 2137 κή-

195 2146 290 2180 ρυγμά
303 2147 377 2172 ἐστιν
403 2146 420 2181 ὴ
440 2146 544 2182 ἀληθὴς
567 2147 658 2181 σοφία,
683 2148 732 2174 οὐκ
754 2147 853 2182 ἔχουσα
877 2147 985 2182 κόμπον

195 2189 291 2224 λόγων,
306 2191 375 2218 ἀλλά
396 2192 511 2227 δύναμιν
529 2192 564 2218 δι’
583 2193 660 2227 ἁγίου
681 2193 797 2228 σταυροῦ
823 2194 985 2230 ἐνεργουμέ-

1033 1597 1186 1626 nequeunt.
1201 1592 1398 1626 lnquircndum
1413 1593 1496 1627 igitur
1510 1597 1562 1623 est,
1575 1591 1714 1627 quomodo
1725 1596 1752 1619 et
1767 1591 1830 1626 qui-

1033 1637 1086 1664 bus
1102 1637 1193 1664 modis
1209 1637 1316 1672 puritas
1330 1637 1422 1664 cordis
1436 1636 1589 1671 comparari
1609 1635 1705 1670 possit.
1717 1635 1828 1670 Nequa-

1033 1691 1115 1719 quam
1130 1683 1251 1716 aliunde,
1270 1691 1352 1719 quam
1370 1691 1418 1718 per
1433 1691 1508 1714 eum,
1523 1683 1568 1717 qui
1582 1690 1632 1718 pro
1647 1682 1727 1709 nobis
1738 1681 1829 1709 cruci-

1034 1729 1104 1756 ﬁxus
1119 1734 1172 1757 est.
1186 1729 1248 1764 ipse
1264 1729 1337 1757 enim
1354 1734 1396 1756 est
1418 1729 1473 1761 via,
1496 1729 1563 1761 vita,
1587 1729 1700 1760 veritas,
1713 1728 1827 1760 ostium,

1033 1776 1191 1811 margarita,
1207 1776 1286 1803 vivus
1298 1783 1330 1803 ac
1348 1775 1468 1803 caelestis
1482 1774 1577 1809 panis;
1591 1781 1643 1801 nec
1654 1774 1718 1801 licet
1732 1773 1827 1806 alicui,

1034 1822 1139 1856 absque
1155 1822 1202 1849 illa
1216 1822 1345 1853 veritate,
1360 1821 1503 1848 veritatem
1527 1828 1702 1855 cognoscere,
1718 1824 1747 1847 et
1769 1827 1828 1847 ser-

1033 1868 1104 1895 vari.
1123 1867 1360 1901 Quemadmodum
1378 1867 1468 1902 quoad
1488 1866 1654 1894 exteriorem
1675 1866 1827 1899 hominem,

1034 1920 1064 1943 et
1083 1922 1116 1942 ea
1130 1922 1191 1949 qua:
1211 1914 1353 1949 subiacent
1367 1913 1472 1945 oculis,
1495 1913 1626 1940 omnibus
1649 1912 1826 1943 renuntiasti,

1034 1964 1062 1987 et
1083 1960 1155 1987 bona
1172 1963 1219 1987 tua
1236 1958 1402 1986 distribuisti
1417 1967 1423 1985 :
1440 1958 1480 1986 sic
1494 1965 1604 1993 quoque
1617 1957 1651 1984 ad
1664 1957 1828 1992 sapientiam

1035 2005 1215 2037 mundanam,
1234 2005 1257 2032 si
1281 2013 1375 2032 rerum
1391 2005 1518 2032 notitiam
1541 2009 1589 2031 aut
1611 2004 1769 2031 facultatem
1785 2003 1829 2030 di-

1034 2051 1115 2080 cendi
1133 2059 1163 2079 es
1177 2051 1304 2086 adeptus,
1323 2050 1380 2078 haec
1396 2050 1524 2078 universa
1549 2050 1668 2086 abjicere
1683 2049 1777 2080 debes.
1795 2056 1829 2077 ac

1035 2105 1086 2133 pro
1108 2097 1196 2125 nihilo
1224 2097 1342 2130 ducere,
1369 2101 1401 2124 ut
1424 2097 1461 2124 ita
1485 2097 1574 2132 possis
1603 2104 1688 2131 super
1710 2095 1828 2123 stultitia

1035 2143 1238 2179 praedicationis
1251 2143 1392 2175 aediﬁcari,
1407 2151 1467 2178 qum
1486 2143 1597 2178 quidem
1613 2143 1773 2178 prmdieatio
1787 2148 1830 2170 est

1035 2197 1101 2217 vera
1118 2190 1265 2225 sapientia,
1283 2198 1381 2217 carens
1397 2194 1496 2217 ornatu
1519 2189 1679 2221 verborum,
1696 2189 1743 2216 sed
1762 2197 1831 2224 pra:-

195 2244 254 2271 νην.
272 2237 341 2270 Δόξα
372 2239 400 2272 τῇ
430 2238 566 2274 ὁμοουσίῳ
588 2239 683 2276 Τριάδι
709 2239 750 2271 εἰς
778 2239 842 2271 τοὺς
872 2239 983 2272 αἰῶνας.

1038 2237 1095 2265 dita
1109 2237 1222 2269 virtute,
1238 2245 1288 2272 per
1310 2241 1431 2264 sanctam
1452 2244 1562 2264 crucem
1579 2241 1722 2271 operante.
1737 2236 1830 2264 Gloria

202 2282 297 2318 Ἀμήν.

495 2353 615 2380 ΟΜΙΛΙΛ
633 2353 686 2382 ΙΗ’.

195 2397 265 2431 Περὶ
278 2398 330 2425 τοῦ
344 2399 499 2434 θησαιεροῦ
515 2398 575 2426 τῶν
587 2399 783 2434 Χριστιανῶν,
801 2399 919 2434 δηλαδὴ
933 2399 986 2428 τοῦ

231 2433 360 2470 Χριστοῦ
386 2434 435 2460 καὶ
451 2433 630 2470 Πνεύματός
645 2435 746 2470 ἁγίου,
767 2433 917 2470 διαφόρωςέ
929 2436 988 2462 ὰσ-

230 2468 358 2501 κοῦντος
370 2468 482 2502 αὐτοὺς
497 2468 572 2504 πρὸς
586 2470 620 2497 τὸ
629 2468 740 2505 φθὰν-αι
752 2472 797 2504 εἰς
810 2468 867 2505 ἑὴν
876 2471 987 2498 τελειό-

230 2511 314 2537 tnta.

229 2561 270 2587 A’.
288 2561 321 2588 Et
330 2569 372 2593 τις
386 2562 415 2588 ὲν
427 2561 466 2597 τῷ
478 2562 575 2598 κόσμῳ
588 2562 717 2595 πλούσιος
728 2563 832 2600 σφόδρα
843 2563 984 2599 τυγχάνει,

196 2607 245 2633 καὶ
259 2606 396 2643 θησαυρὸν
410 2607 574 2644 ἀπόκρυφον
587 2607 729 2643 κέκτηται.
744 2609 777 2636 ὲκ
787 2608 834 2636 τοῦ
845 2609 985 2644 θησαυροῦ

195 2651 244 2678 καὶ
264 2651 382 2678 πλούτου
404 2650 491 2688 οὗπερ
510 2652 585 2688 ἔχει,
609 2653 699 2680 πάντα
712 2653 763 2679 ὃσα
775 2651 859 2685 θέλει,
875 2653 985 2680 κτᾶται·

196 2697 245 2724 καὶ
267 2695 312 2725 οἷα
336 2698 460 2734 βούλεται
479 2699 509 2725 ὲν
524 2699 564 2733 τῷ
578 2698 674 2734 κόσμῳ
688 2699 818 2734 κτήματα
831 2718 840 2732 ,
865 2699 987 2735 εὐχερῶς

196 2744 356 2780 ἐπισυνάγει
369 2765 376 2778 ,
403 2745 444 2781 τῷ
468 2744 599 2781 θησαυρῷ
621 2744 778 2777 πεποιθὼς,
796 2745 838 2772 ὅτι
853 2745 887 2773 δι’
903 2746 986 2773 αὐτοῦ

196 2790 288 2818 πᾶσαν
303 2791 412 2826 κτῆσιν,
426 2792 460 2828 ἢν
473 2791 507 2819 ἂν
521 2791 659 2827 βούληται,
676 2791 796 2823 εὐκόλως
809 2792 919 2819 κτᾶται.
935 2791 988 2819 Oﬁ-

196 2844 252 2868 τως
269 2837 316 2863 καὶ
330 2838 355 2863 οἰ
370 2838 480 2874 πρῶτον
495 2837 642 2873 ζητοῦντες
656 2837 732 2873 παρὰ
746 2836 817 2872 Θεῷ,
835 2837 881 2864 καὶ
894 2837 988 2873 εὑρόν-

196 2889 244 2914 τες
253 2902 261 2916 ,
279 2882 327 2911 καὶ
341 2883 448 2920 ἔχοντες
463 2883 509 2911 τὸν
523 2884 685 2919 ἐπουράνιον
699 2882 747 2911 τοῦ
761 2882 922 2918 Πνεύματος
937 2883 986 2919 θη-

1037 2282 1266 2310 consubstantiali
1280 2282 1409 2309 Trinitati
1424 2281 1453 2308 in
1467 2282 1576 2309 saecula.
1590 2282 1689 2309 Amen.

1307 2349 1450 2377 HOMILIA
1469 2349 1564 2377 XVIII.

1037 2397 1077 2425 De
1092 2399 1214 2425 thesauro
1235 2396 1458 2426 Christianorum,
1474 2395 1592 2423 videlicet
1616 2394 1718 2422 Christo
1733 2398 1757 2420 et
1770 2392 1830 2428 δρία

1072 2435 1126 2459 ritu
1141 2437 1243 2464 sancto,
1261 2432 1340 2458 variis
1361 2431 1443 2458 modis
1457 2435 1592 2458 exercente
1609 2438 1662 2462 eos,
1676 2434 1706 2456 ut
1724 2429 1758 2456 ad
1772 2437 1831 2464 pcr-

1075 2469 1210 2503 fectionem
1225 2467 1389 2503 perveniant.

1072 2562 1093 2590 Ι.
1115 2562 1144 2590 Si
1167 2562 1229 2597 quis
1253 2561 1281 2589 in
1304 2561 1358 2589 hoc
1382 2560 1485 2588 mundo
1505 2559 1585 2587 valde
1604 2559 1752 2594 opulentus
1776 2558 1829 2590 sit,

1037 2609 1268 2644 reconditumque
1299 2609 1461 2636 thesaurum
1491 2607 1650 2643 possideat,
1685 2614 1735 2641 per
1765 2613 1829 2633 eum

1037 2659 1121 2689 atque
1139 2654 1250 2682 divitias
1273 2654 1376 2686 omnia,
1395 2660 1567 2689 quaecunque
1587 2651 1712 2684 libuerit,
1734 2659 1832 2679 conse-

1038 2700 1133 2736 quitur
1151 2709 1158 2727 :
1174 2704 1203 2728 et
1224 2707 1402 2735 quascunque
1417 2699 1538 2727 voluerit
1554 2699 1582 2727 in
1599 2698 1703 2726 mundo
1719 2706 1831 2734 possr's-

1039 2747 1141 2779 siones,
1160 2746 1264 2782 absque
1285 2746 1362 2774 omni
1386 2747 1492 2780 labore,
1509 2747 1639 2774 thesauro
1659 2754 1709 2774 suo
1731 2746 1831 2778 frctus.

1038 2793 1177 2826 corradit;
1194 2800 1227 2820 eo
1246 2792 1320 2827 quod
1342 2792 1405 2828 ejus
1420 2799 1472 2826 ope
1490 2799 1599 2819 omnem
1616 2791 1830 2826 possessionem.

1037 2847 1232 2874 quamcunque
1248 2839 1377 2872 voluerit,
1397 2838 1476 2866 facile
1494 2843 1692 2873 consequatur.
1719 2837 1766 2865 Sic
1782 2838 1831 2873 qui

1038 2885 1158 2919 primum
1175 2888 1203 2913 et
1217 2889 1281 2913 ante
1299 2884 1390 2914 omnia
1406 2888 1534 2921 quarunt
1548 2892 1563 2913 a
1574 2884 1631 2912 Deo
1642 2888 1670 2912 et
1685 2884 1832 2912 inveniunt
