2078 3151
262 164 315 197 635

884 163 914 192 S.
935 160 1097 192 MACABII
1116 159 1276 190 (EGYPTII

1837 161 1891 193 636

262 228 294 248 ac
319 221 527 253 consequuntur
552 216 694 244 caelestem
723 216 883 244 thesaurum
915 216 1048 251 Spiritus,

1106 214 1205 249 σαυρὺν
1216 235 1223 246 ,
1249 214 1331 241 αὐτὸν
1352 214 1398 241 τὴν
1418 215 1521 250 Κύριον
1544 215 1574 242 ἐν
1589 217 1649 248 ταῖς
1664 215 1790 251 καρδίαις
1801 218 1891 244 αὐτῶν

263 266 353 301 ipsum
375 264 481 292 scilicet
496 262 653 294 Dominum,
668 262 697 289 in
721 263 850 290 cordibus
875 263 996 294 illorum,
1013 261 1052 288 illi

261 319 372 338 omnem
391 310 526 346 justitiam
547 309 694 340 virtutum,
715 316 880 343 omnemque
898 307 1052 343 possessio-

263 365 328 384 nem
354 356 486 383 bonitatis
514 360 716 391 praeceptorum
743 354 871 386 Domini,
899 361 950 388 ope
977 353 1053 380 illius

263 402 397 435 thesauri,
415 402 463 437 qui
474 402 560 429 haeret
571 401 598 428 in
609 401 650 428 eis
661 400 783 433 Christo,
797 400 954 435 perﬁciunt,
970 403 1053 434 atque

261 449 321 484 ejus
343 455 394 482 ope
421 448 549 475 ctelcstes
573 447 684 474 divitias
707 446 891 474 accumulant.
918 445 1053 473 Thesauri

260 495 334 522 enim
358 494 479 521 coelestis
501 493 637 521 beneﬁcio
652 501 761 520 omnem
782 493 913 520 virtutem
928 493 1051 527 iustitiae,

260 540 323 568 freti
335 540 413 575 copia
425 540 584 567 divitiarum
601 539 785 575 spiritualium
800 547 861 574 qua:
873 543 938 566 sunt
957 538 986 566 in
1006 539 1050 572 iis,

260 590 420 620 operantur,
437 586 567 620 nulloque
591 585 702 620 negotio
728 592 838 612 omnem
861 585 998 620 justitiam
1017 593 1050 613 ac

259 632 419 658 mandatum
436 631 556 663 Domini,
575 630 757 658 invisibilium
770 630 929 658 divitiarum
945 631 1049 666 gratiae,

258 686 320 713 qua:
333 683 376 706 est
391 677 419 705 in
435 678 511 713 ipsis,
525 685 590 713 ope,
604 677 694 713 reipsa
713 681 858 712 peragunt.
874 677 966 712 lnquit
983 685 1050 704 vero

258 728 288 751 et
300 724 450 759 Apostolus
465 731 574 759 quoque
590 733 596 751 :
610 724 739 751 Habentes
755 724 908 750 thesaurum
923 724 1005 750 istum
1021 724 1050 750 in

258 770 327 796 uasis
340 769 464 803 ﬁctilibus
476 770 511 802 '°,
524 769 576 797 hoc
590 772 642 802 est,
654 777 747 804 quem,
761 770 808 804 qui
821 769 849 796 in
862 777 945 797 carne
959 769 1050 796 adhuc

258 819 333 849 sunt,
347 816 478 850 consequi
493 815 569 851 digni
586 815 674 843 habiti
698 820 773 848 sunt,
789 816 920 843 virtutem
943 815 1050 843 scilicet

258 861 379 896 Spiritus
395 861 644 890 sanctiﬁcatricem.
658 862 691 889 Et
704 869 799 890 rursus
812 871 818 889 :
835 861 887 895 Qui
901 862 985 898 factus
1001 870 1049 890 no—

1104 259 1277 295 ἐλλὰμποντα
1287 280 1294 292 ,
1314 261 1404 288 πᾶσαν
1420 261 1592 297 δικαιοσύνην
1608 262 1723 297 ἀρετῶν,
1740 263 1786 289 καὶ
1801 264 1892 291 πᾶσαν

1104 306 1200 341 κτῆσιν
1216 306 1385 342 ἀγαθότητος
1398 307 1453 334 τῶν
1467 307 1582 334 ἐντολῶν
1598 306 1645 333 τοῦ
1657 308 1760 343 Κυρίου
1769 328 1777 340 ,
1796 308 1828 335 ἐκ
1842 309 1891 336 τοῦ

1103 351 1241 387 θησαυροῦ
1265 352 1313 379 τοῦ
1339 353 1368 379 ὲν
1390 353 1481 386 αὐτοῖς
1495 353 1572 386 ὔντος
1584 353 1703 389 Χριστοῦ
1726 354 1891 388 ἐπιτελοῦσι,

1101 397 1150 423 καὶ
1175 397 1213 424 δι’
1237 397 1320 424 αὐτοῦ
1348 398 1459 425 πλείονα
1481 398 1596 426 πλοῦτον
1617 400 1742 434 οὐράνιον
1776 401 1891 427 ἐπισυν-

1102 441 1210 476 άγουσι.
1239 443 1289 470 Διὰ
1313 444 1368 479 γὰρ
1393 445 1440 471 τοῦ
1455 445 1618 480 ἐπουρανίου
1632 445 1767 481 θησαυροῦ
1795 447 1888 473 πᾶσαν

1102 488 1203 524 ἀρετὴν
1218 488 1391 525 δικαιοσύνης
1407 489 1640 525 κατεργάζονται,
1668 491 1828 523 πεποιθότες
1844 492 1892 518 ἐπὶ

1101 534 1140 570 τῷ
1155 535 1252 570 πλήθει
1276 535 1323 562 τοῦ
1340 536 1369 563 ὲν
1387 536 1480 568 αὐτοῖς
1496 536 1612 563 πλούτου
1627 538 1823 572 πνευματικοῦ,
1842 538 1891 566 καὶ

1101 579 1220 612 εὐκόλως
1243 581 1334 607 πᾶσαν
1348 580 1524 617 δικαιοσύνην
1540 582 1588 608 καὶ
1602 582 1712 618 ἐντολὴν
1726 583 1773 609 τοῦ
1787 584 1890 619 Κυρίου

1101 625 1145 652 διὰ
1159 625 1205 652 τοῦ
1219 627 1336 660 ἀοράτου
1350 628 1400 662 τῆς
1410 627 1521 663 χάριτος
1535 627 1564 654 ἐν
1576 628 1670 660 αὐτοῖς
1681 628 1796 655 πλούτου
1810 629 1891 665 ἐργά-

1100 670 1205 703 ζονται.
1229 672 1299 708 Φησὶ
1320 672 1348 698 δὲ
1372 673 1419 699 καὶ
1438 674 1452 699 ὁ
1474 674 1650 706 Ἀπόστολος·
1675 674 1818 709 Ἔχοντες
1836 676 1890 702 τὸν

1101 719 1256 753 θησαυρὸν
1269 720 1377 748 τοῦτον⁸
1391 720 1427 748 ἐν
1443 721 1634 755 ὀστρακίνοις
1650 722 1791 755 σκεύεσι,
1810 731 1888 749 τουτ-

1099 766 1175 792 έστιν
1187 786 1195 798 ,
1223 765 1254 792 ὃν
1268 767 1298 793 ἐν
1311 767 1394 802 σαρκὶ
1408 767 1484 799 δντες
1503 767 1655 803 κτήσασθαι
1675 767 1704 794 ἐν
1718 769 1811 800 αὐτοῖς
1824 777 1889 795 κατ-

1099 811 1265 847 ηξιώθησαν,
1283 813 1333 848 τὴν
1348 814 1511 849 ἀγιαστικὴν
1524 814 1639 849 δύναμιν
1652 814 1700 841 τοῦ
1713 814 1869 848 Πνεύματος
1878 822 1886 830 ·

1100 859 1148 886 καὶ
1161 859 1253 892 πάλιν,
1270 860 1323 894 ’ος
1332 859 1458 895 ἐγενήθη
1471 860 1545 895 ἡμῖν
1557 861 1650 895 σοφία
1663 860 1722 888 ἀπὸ
1735 860 1788 888 τοῦ
1802 861 1888 895 Θεοῦ,

258 892 296 934 bis
312 912 350 935 est
368 917 384 935 a
398 907 453 935 Dea
465 907 597 942 sapientia
607 928 616 940 ,
629 908 735 943 justitia
745 928 752 941 ,
773 892 948 942 sanctiﬁcatio
968 912 993 936 et
1008 916 1048 936 re-

1100 904 1280 940 δικαιοσὺνη
1293 892 1326 932 τὲ
1339 892 1390 932 καί
1401 892 1558 941 ἀγιλιάλιὸς,
1574 892 1624 933 κᾷι
1637 906 1856 941 ἀπολύτρωσις.

258 953 372 987 demptia
379 954 413 981 “.

294 999 327 1026 ll.
344 999 507 1035 Quicunque
520 1000 605 1035 igitur
619 1000 724 1034 reperit
744 1007 777 1027 ac
797 999 919 1035 possidet
932 999 1004 1035 apud
1019 1007 1049 1027 se

258 1045 398 1072 calestem
424 1045 499 1073 hunc
523 1046 684 1073 thesaurum
711 1045 849 1080 Spiritus,
871 1045 917 1073 ille
938 1053 1049 1073 onmem

256 1091 392 1126 justitiam
416 1096 635 1126 praeceptorum,
665 1099 698 1118 ac
724 1099 835 1118 omnem
861 1092 1050 1126 operationem

258 1137 403 1169 virtutum,
421 1137 525 1172 absque
548 1137 621 1165 omni
641 1137 855 1172 reprehensione
880 1142 909 1165 et
932 1137 1048 1170 macula,

257 1182 317 1217 ejus
330 1190 383 1216 ope
395 1182 510 1217 peragit,
528 1186 556 1210 et
569 1182 680 1218 quidem
699 1182 775 1210 nullo
790 1183 912 1218 negotio,
927 1189 979 1209 nec
994 1181 1049 1209 ulla

258 1227 295 1255 vi.
312 1227 494 1256 Obsecremus
509 1229 595 1263 igitur
609 1236 660 1256 nos
679 1236 790 1264 quoque
806 1228 904 1259 Deum,
926 1227 1049 1263 postule-

258 1274 347 1301 lemus
369 1281 401 1302 ac
415 1274 596 1310 deprecemur
616 1282 691 1307 eum,
708 1279 738 1301 ut
753 1274 914 1301 thesaurum
930 1273 1049 1308 Spiritus

258 1320 302 1347 sui
317 1320 398 1348 nobis
418 1321 561 1355 largiatur,
578 1324 609 1347 ut
625 1320 678 1347 hoc
700 1320 782 1348 modo
798 1321 827 1347 in
841 1320 978 1348 mandatis
989 1320 1049 1355 ejus

257 1366 386 1394 omnibus
403 1367 462 1393 sine
479 1366 694 1401 reprehensione
716 1371 744 1394 et
764 1367 871 1394 macula
891 1366 1006 1399 versari,
1021 1370 1049 1393 et

257 1420 367 1440 omnem
387 1412 523 1447 justitiam
547 1411 668 1446 Spiritus
690 1420 758 1447 pure
781 1420 813 1440 ac
835 1411 957 1447 perfecte
972 1419 1048 1439 com-

258 1458 345 1493 plere,
361 1457 481 1485 caelestis
503 1458 637 1490 thesauri,
652 1457 701 1492 qui
713 1462 755 1485 est
765 1458 903 1490 Christus,
915 1457 1049 1485 beneﬁcio

258 1503 405 1538 possimus.
421 1504 529 1538 Pauper
544 1503 618 1531 enim
640 1511 672 1530 ac
688 1503 842 1535 mendicus,
857 1507 886 1530 et
907 1503 955 1538 qui
977 1502 1049 1530 fame

1135 997 1176 1024 B’.
1198 995 1228 1023 '0
1243 994 1290 1024 οὖν
1308 996 1398 1032 εὑρὼν
1411 997 1459 1025 καὶ
1471 997 1540 1033 ἔχων
1555 999 1584 1024 ἐν
1597 997 1688 1033 ἐαυτῷ
1708 998 1754 1025 τὸν
1768 998 1888 1034 ἐπουρά-

1100 1052 1156 1071 νιον
1179 1043 1227 1071 τοῦ
1251 1043 1411 1078 Πνεύματος
1434 1044 1587 1080 θησαυρὸν,
1611 1046 1701 1072 πᾶσαν
1714 1045 1889 1082 δικαιοσύνην

1100 1089 1230 1122 ἐντολῶν.
1256 1090 1305 1117 καὶ
1320 1090 1410 1117 πᾶσαν
1425 1091 1556 1125 ἐργασίαν
1569 1090 1686 1125 ἀρετῶν,
1703 1091 1826 1126 ἀμώμως
1840 1092 1888 1118 καίΙ

1100 1134 1234 1171 καθαρῶς
1255 1135 1283 1161 ἐν
1305 1135 1391 1169 τούτῳ
1412 1135 1623 1168 κατεργάζεται,
1641 1135 1777 1167 ἁόιάστως
1792 1135 1886 1163 λοιπὸν

1100 1180 1147 1207 καὶ
1173 1180 1302 1212 εὐκόλως.
1333 1180 1574 1216 Παρακαλέσωμεν
1598 1178 1645 1207 οὖν
1670 1181 1717 1208 καὶ
1737 1181 1818 1216 ἡμεῖς
1841 1181 1888 1208 τὸν

1099 1227 1165 1254 Θεδν
1179 1246 1186 1260 ,
1215 1227 1262 1254 καὶ
1285 1226 1482 1262 ἐκζητήσωμεν
1505 1227 1553 1254 καὶ
1576 1227 1718 1262 δεηθῶμεν
1731 1227 1825 1260 αὑτοῦ,
1843 1227 1887 1254 ἵνα

1099 1272 1145 1299 τδν
1161 1272 1298 1308 θησαυρὸν
1313 1272 1361 1299 τοῦ
1378 1273 1536 1308 Πνεύματος
1549 1274 1631 1300 αὐτοῦ
1649 1273 1796 1310 χαρίσηται
1809 1274 1885 1309 ἡμῖν,

1100 1318 1148 1344 καὶ
1171 1318 1258 1349 οὕτως
1281 1318 1311 1344 ἐν
1332 1319 1393 1350 ταῖς
1413 1317 1535 1350 ἐντολαῖς
1549 1318 1631 1345 αὑτοῦ
1648 1318 1750 1351 πάσαις
1764 1318 1888 1353 ἀμώμως

1100 1365 1148 1392 καὶ
1170 1365 1300 1402 καθαρῶς
1323 1365 1532 1401 ἀναστραφῆναι
1557 1365 1735 1401 δυνηθῶμεν,
1765 1365 1814 1392 καὶ
1837 1365 1889 1401 τὴν

1099 1411 1274 1447 δικαιοσύνην
1296 1412 1344 1439 τοῦ
1363 1412 1522 1446 Πνεύματος
1536 1413 1627 1439 πᾶσαν
1639 1411 1768 1447 καθαρῶς
1783 1411 1829 1438 καὶ
1843 1419 1888 1437 τε-

1099 1456 1178 1487 λείως
1193 1456 1392 1493 ἀποπληρῶσαι
1406 1477 1414 1490 ,
1439 1457 1484 1484 διὰ
1499 1457 1546 1483 τοῦ
1561 1457 1724 1492 ἐπουρανίου
1737 1456 1886 1492 θησαυροῦ,

1099 1503 1129 1535 ὃς
1142 1504 1200 1529 ἐστι
1213 1503 1340 1538 Χριστός.
1350 1503 1379 1531 '0
1391 1503 1446 1538 γὰρ
1458 1503 1541 1538 πένης
1555 1503 1603 1530 καὶ
1613 1503 1721 1538 πτωχὸς
1730 1504 1778 1530 καὶ
1787 1503 1888 1537 λιμώτ-

258 1549 374 1581 laborat,
390 1549 419 1576 in
432 1549 535 1576 mundo
550 1549 619 1575 nihil
639 1553 731 1583 potest
746 1556 916 1583 comparare,
930 1555 1048 1583 pauper-

1101 1557 1166 1581 των,
1183 1549 1212 1576 ἐν
1225 1549 1321 1584 κόσμῳ
1336 1549 1411 1576 οὐδὲν
1426 1550 1539 1576 δύναται
1553 1549 1716 1585 κτήσασθαι,
1731 1550 1781 1584 τῆς
1792 1549 1888 1580 πενίας

259 1598 315 1622 tate
329 1602 392 1622 eum
408 1599 560 1629 premente.
583 1593 636 1627 Qui
654 1602 721 1622 vero
741 1594 901 1622 thesaurum
915 1594 1048 1629 possidet,

260 1645 291 1667 ut
305 1641 467 1676 praedictum
481 1640 536 1675 78
550 1644 602 1673 est,
619 1640 722 1675 absque
737 1640 812 1667 omni
825 1640 936 1675 negotio
950 1644 979 1668 et
992 1647 1051 1667 mo-

259 1685 348 1719 lestia,
365 1693 544 1721 quascunque
569 1687 706 1721 exoptarit
728 1685 927 1722 possessiones,
951 1693 1050 1713 conse-

259 1728 353 1763 quitur
365 1737 372 1755 :
386 1729 427 1756 sic
439 1737 549 1765 quoque
562 1730 654 1757 anima
669 1730 751 1763 nuda,
769 1737 801 1757 ac
816 1731 946 1757 societate
961 1729 1049 1764 Spiri-

260 1768 306 1803 tu's
328 1775 477 1809 destituta,
505 1780 533 1804 et
556 1776 590 1804 ad
612 1776 709 1804 duram
734 1781 923 1811 paupertatem
944 1776 1049 1811 peccati

259 1821 381 1853 redacta,
399 1821 505 1850 nullum
528 1826 629 1857 potest,
645 1826 815 1858 quantopere
837 1821 968 1854 voluerit,
986 1821 1050 1857 Spi-

260 1866 330 1893 ritus
344 1866 458 1902 justitia)
472 1867 591 1895 fructum
616 1875 711 1895 revera
727 1868 889 1903 producere,
903 1871 1049 1903 antequam

259 1910 378 1946 Spiritus
394 1912 529 1948 particeps
546 1912 617 1940 facta
633 1914 678 1941 sit.

294 1956 339 1983 Ill.
359 1956 552 1985 Verumtamen
574 1957 602 1985 vi
626 1958 743 1993 quadam
766 1966 796 1986 se
820 1966 957 1994 quemque
974 1967 1048 1988 com-

258 2004 360 2039 pellere
385 2009 513 2039 oportet,
541 2005 576 2032 ad
602 2005 751 2041 rogandum
775 2006 879 2039 Deum,
897 2010 927 2033 ut
949 2005 1048 2041 dignus

256 2049 413 2084 judicetur,
429 2051 476 2084 qui
501 2056 687 2086 consequatur
709 2055 737 2079 et
762 2051 885 2079 inveniat
907 2052 1047 2080 caelestem

260 2095 418 2123 thesaurum
430 2095 559 2131 Spiritus,
573 2104 605 2124 ac
618 2097 703 2132 possit
716 2097 819 2132 absque
832 2098 908 2125 omni
923 2097 1047 2126 molestia

258 2145 287 2168 et
307 2141 401 2169 labore
417 2142 550 2176 perﬁcere
565 2143 658 2170 omnia
682 2147 819 2178 praecepta
838 2144 957 2176 Domini,
978 2151 1047 2179 pure

259 2195 291 2215 ac
312 2188 372 2215 sine
392 2188 624 2223 reprehensione,
643 2197 703 2224 qum
729 2190 821 2224 prius,
839 2198 873 2218 ne
889 2190 916 2217 vi
935 2190 1046 2225 quidem

257 2233 393 2265 adhibita,
408 2241 464 2260 non
483 2238 591 2268 poterat
605 2239 679 2262 recte
694 2236 836 2270 perlicere.
850 2236 958 2270 Pauper
971 2236 1044 2263 enim

258 2288 320 2307 cum
343 2285 415 2308 esset
429 2284 456 2307 et
471 2280 573 2313 nudus,
597 2288 629 2308 ac
651 2281 782 2309 societate
796 2281 916 2317 Spiritus
931 2281 1045 2309 destitu-

259 2330 312 2359 tus,
328 2334 381 2361 qua
411 2326 517 2354 ratione
545 2327 618 2354 bona
648 2328 707 2355 haec
736 2328 888 2363 spiritualia
913 2328 1044 2363 consequi

257 2373 357 2408 potuit,
376 2372 479 2408 absque
501 2374 631 2401 thesauro
654 2378 683 2402 et
708 2374 900 2409 spiritualibus
924 2374 1045 2401 divitiis?

257 2418 358 2446 Verum
376 2419 477 2453 anima,
495 2427 556 2454 qua:
569 2420 725 2452 Dominum,
743 2428 792 2456 per
807 2420 1043 2456 investigationem

257 2462 386 2497 Spiritus,
396 2463 478 2491 fidem
488 2472 520 2491 ac
533 2464 645 2492 multam
659 2465 829 2500 patientiam,
838 2474 934 2494 verum
945 2473 1044 2500 nempe

257 2509 417 2537 thesaurum
442 2510 556 2545 reperit,
581 2511 690 2539 fructus
714 2510 833 2546 Spiritus
855 2511 992 2546 producit,
1013 2516 1045 2540 ut

257 2555 360 2583 dictum
375 2562 426 2590 est,
443 2557 548 2592 absque
571 2557 647 2584 omni
669 2557 773 2588 labore,
787 2565 951 2592 omnemque
962 2558 1044 2592 justi-

257 2602 334 2635 tiam,
349 2610 380 2630 ac
396 2608 531 2638 praecepta
547 2603 666 2635 Domini,
684 2611 745 2638 qua;
761 2603 879 2638 Spiritus
893 2604 1041 2636 mandavit,

256 2648 285 2675 in
302 2656 341 2680 se,
358 2653 387 2676 et
400 2656 448 2683 per
464 2657 503 2681 se,
517 2656 585 2684 pure
599 2653 627 2677 et
640 2649 757 2685 integre,
775 2653 804 2677 et
820 2649 878 2677 sine
892 2650 1042 2684 reprehen-

257 2695 333 2722 sione
351 2695 469 2730 perﬁcit.

291 2740 334 2767 lV.
352 2740 407 2767 Aut
432 2749 527 2768 rursus
550 2742 604 2769 alio
628 2746 739 2769 utamur
758 2742 894 2777 exemplo.
908 2742 1044 2775 Quemad-

257 2785 368 2812 modum
384 2785 407 2812 si
425 2786 460 2813 sit
474 2786 573 2822 aliquis
586 2786 673 2820 dives,
690 2788 737 2823 qui
751 2795 815 2815 cum
830 2796 935 2817 caenam
950 2788 1046 2823 exqui-

293 2872 315 2888 "‘
331 2873 353 2900 ll
367 2872 431 2901 Cor.
449 2883 485 2909 ιν,
500 2875 526 2902 6.
565 2876 585 2892 θ’
603 2875 691 2903 ICor.
704 2883 723 2909 ι,
737 2875 779 2903 50.

1101 1595 1183 1622 αὐτὸν
1196 1594 1373 1631 συνεχούσης.
1395 1595 1424 1621 Ὀ
1438 1595 1467 1622 δὲ
1482 1595 1552 1630 ἔχων
1566 1595 1702 1631 θησαυρὸν
1712 1616 1720 1628 ,
1738 1595 1776 1626 ὠς
1791 1594 1887 1629 προεί-

1102 1650 1193 1677 ρηται,
1206 1641 1338 1677 εὐχερῶς,
1350 1640 1393 1668 οἷα
1405 1641 1531 1678 βούλεται
1544 1643 1680 1678 κτήματα,
1690 1642 1736 1668 καὶ
1745 1641 1887 1671 ἀνωδύνως

1101 1688 1210 1715 κτᾶται.
1237 1687 1330 1720 Οὕτως
1351 1688 1400 1715 καὶ
1421 1688 1495 1724 ψυχὴ
1516 1689 1533 1724 ἡ
1549 1688 1640 1724 γυμνὴ
1656 1688 1703 1715 καὶ
1715 1687 1817 1723 ἔρημος
1833 1687 1889 1714 ἀπὸ

1101 1734 1243 1766 κοινωνίας
1259 1734 1418 1770 [Ινεύματος
1429 1755 1436 1768 ,
1454 1735 1502 1761 καὶ¹
1517 1734 1570 1761 ὑπὸ
1582 1735 1632 1770 τὴν
1645 1734 1734 1769 δεινὴν
1749 1734 1887 1769 πτωχείαν

1099 1779 1149 1814 τῆς
1173 1780 1310 1815 ἁμαρτίας
1332 1778 1417 1812 οὖσα,
1442 1780 1517 1807 οὐδὲν
1537 1780 1664 1813 δύναται,
1690 1780 1741 1807 κᾶν
1762 1780 1825 1816 θέλῃ
1840 1781 1887 1807 τδν

1100 1826 1206 1861 καρπὸν
1226 1825 1273 1853 τοῦ
1289 1826 1447 1861 Πνεύματος
1464 1826 1513 1862 τῆς
1526 1826 1699 1862 δικαιοσύνης
1714 1826 1743 1859 ἐξ
1757 1826 1886 1861 ἀληθείας

1101 1871 1223 1906 ποιῆσαι,
1240 1871 1294 1907 πρὸ
1309 1873 1359 1908 τῆς
1372 1872 1551 1908 μεταλήψεως
1563 1872 1609 1899 τοῦ
1622 1872 1791 1908 ῐῙνεύματος.

1134 1961 1172 1988 l".
1191 1962 1285 1997 Ὅμως
1311 1961 1452 1996 βιάζεσθαι
1467 1961 1521 1997 χρὴ
1539 1962 1654 1990 ἕκαστον
1669 1963 1766 1990 ἐαυτὸν
1782 1963 1822 1994 είς
1834 1963 1886 2000 τὴν

1097 2008 1206 2043 αῐτησιν
1217 2007 1263 2034 τοῦ
1275 2008 1391 2043 Κυρίου,
1404 2008 1447 2035 ἵνα
1458 2008 1615 2045 καταξιωθῇ
1626 2009 1729 2042 λαϐεῖν,
1739 2010 1786 2037 καὶ
1794 2011 1886 2045 εὑρεῖν

1097 2054 1143 2082 τὸν
1156 2054 1319 2089 ἐπουράνιον
1336 2054 1384 2081 τοῦ
1399 2055 1557 2090 Πνεύματος
1573 2055 1720 2091 θησαυρὸν,
1736 2057 1804 2084 ὥστε
1818 2058 1885 2085 ἀκο-

1097 2100 1220 2132 πιάστως
1242 2100 1290 2127 καὶ
1309 2100 1430 2136 εὐχερῶς
1444 2100 1592 2136 δυνηθῆναι
1605 2102 1717 2138 ποιῆσαι
1732 2103 1821 2135 πάσας
1834 2104 1884 2135 τὰς

1096 2145 1207 2177 ἐντολὰς
1221 2146 1267 2173 τοῦ
1280 2146 1395 2182 Κυρίου,
1410 2147 1533 2182 ἀμώμως
1548 2148 1595 2174 καὶ
1608 2148 1737 2184 καθαρῶς
1747 2168 1755 2181 ,
1772 2149 1804 2181 ἃς
1819 2149 1884 2185 πρὶν

1099 2193 1169 2228 μετὰ
1186 2192 1247 2228 βίας
1268 2193 1319 2219 οὐκ
1335 2192 1452 2227 ἠδύνατο
1467 2193 1650 2230 κατορθῶσαι.
1669 2195 1758 2230 Πένης
1769 2195 1822 2231 γὰρ
1835 2196 1884 2223 καὶ

1097 2238 1200 2274 γυμνὸς
1225 2239 1279 2266 ἀπὸ
1300 2239 1443 2271 κοινωνίας
1466 2240 1623 2275 Πνεύματος
1645 2241 1795 2277 ὑπάρχων,
1824 2242 1884 2274 πῶς

1097 2284 1212 2320 ἠδύνατο
1233 2284 1346 2312 τοιαῦτα
1369 2286 1541 2320 πνευματικὰ
1563 2287 1689 2322 κτήματα
1712 2288 1880 2322 κτήσασθαι,

1097 2331 1161 2358 ἄνευ
1174 2330 1312 2366 θησαυροῦ
1324 2332 1370 2358 καί
1380 2331 1496 2358 πλούτου
1505 2332 1690 2367 πνευματικοῦ
1698 2341 1706 2365 ;
1715 2333 1746 2360 'H
1753 2333 1781 2360 δὲ
1790 2334 1882 2368 εὑροῦ-

1098 2385 1132 2403 σα
1141 2376 1214 2412 ψυχὴ
1227 2377 1273 2404 τὸν
1282 2377 1394 2413 Κύριον,
1404 2378 1448 2404 διὰ
1459 2378 1600 2414 ζητήσεως
1611 2380 1828 2415 Πνεύματος,καὶ
1837 2380 1883 2407 πί-

1097 2431 1182 2455 στεως
1197 2423 1244 2450 καὶ
1258 2424 1396 2459 ὑπομονῆς
1408 2424 1517 2459 πολλῆς,
1535 2425 1581 2452 τὸν
1593 2425 1719 2459 ἀληθινὸν
1733 2426 1880 2462 θησαυρὸν,

1094 2469 1158 2500 τοὺς
1185 2469 1309 2505 καρποὺς
1338 2470 1385 2496 τοῦ
1409 2470 1568 2506 Πνεύματος
1593 2472 1811 2507 κατεργάζεται,
1843 2472 1881 2502 ὼς

1096 2514 1276 2550 προείρηται,
1294 2516 1425 2552 εὐχερῶς,
1441 2517 1532 2544 πᾶσάν
1545 2526 1575 2544 τε
1588 2518 1760 2553 δικαιοσύνην
1775 2519 1822 2544 καὶ
1835 2517 1879 2543 ἐν-

1095 2561 1176 2593 τολὰς
1188 2561 1236 2588 τοῦ
1249 2562 1362 2597 Κυρίου,
1377 2562 1410 2593 ἃς
1423 2563 1575 2590 ἐνετείλατο
1590 2563 1621 2590 τὸ
1634 2562 1746 2598 Πνεῦμα
1757 2564 1786 2589 ἐν
1799 2564 1877 2598 αὐτῇ,

1096 2607 1143 2633 καὶ
1158 2607 1192 2634 δι’
1206 2607 1291 2643 αὐτῆς
1315 2609 1387 2634 ποιεῖ
1404 2607 1531 2643 καθαρῶς
1551 2609 1597 2634 καὶ
1612 2608 1723 2639 τελείως
1741 2609 1788 2634 καὶ
1801 2608 1879 2643 ἀμώ-

1096 2660 1162 2688 μως.

1102 2767 1106 2775 ,
1129 2745 1166 2770 Δ’.
1188 2743 1223 2770 Ἦ
1238 2743 1319 2771 πάλιν
1332 2745 1418 2779 ἑτέρῳ
1430 2742 1606 2778 ὑποδείγματι
1620 2743 1798 2778 χρησώμεθα.
1814 2744 1880 2770 Ὥσ-

1095 2797 1149 2823 περ
1172 2788 1220 2815 ἐὰν
1242 2797 1284 2820 τις
1307 2786 1324 2824 ᾗ
1345 2787 1469 2817 πλούσιος
1492 2786 1540 2813 καὶ
1560 2787 1661 2824 ποιήσῃ
1677 2788 1784 2816 δεῖπνον
1797 2788 1881 2815 πολυ-
