2078 3151
215 175 267 207 637

800 172 1029 203 IIOMILI/E.-
1040 171 1133 202 HOM.
1154 171 1263 202 XVIII.

1794 171 1846 204 (‘68

216 232 313 265 τελὲς,
340 231 373 258 ὲκ
395 230 443 257 τοῦ
466 231 581 258 πλούτου
597 231 679 258 αὐτοῦ
700 232 748 258 καὶ
765 231 904 267 θησαυροῦ
922 227 1005 266 οὗπερ

1059 229 1197 257 sitissimis
1220 228 1304 256 rebus
1329 227 1489 256 instructam
1513 233 1664 265 prteparct,
1687 237 1719 257 ex
1741 229 1847 258 divitiis

217 279 284 313 ἔχει,
301 276 460 309 ἀναλίσκει,
481 277 534 304 οιαὶ
555 277 585 303 οὐ
602 277 716 310 δέδοικε,
735 277 772 312 μή
787 285 859 308 τινος
874 276 949 312 αὑτῷ
963 276 1008 302 ὲν-

215 323 307 359 δεήσει
332 321 447 348 πλοῦτον
467 321 555 356 ἔχοντι
577 321 682 356 μέγαν·
709 321 756 348 καὶ
769 321 855 353 οὕτως
868 321 1008 357 εὐφραίνει

215 370 280 400 τοὺς
299 367 464 402 δαιτυμόνας
485 366 639 398 πολυτελῶς
657 366 704 393 καὶ
718 366 851 402 λαμπρῶς
864 367 927 398 τοὺς
940 367 1008 401 κλη-

216 414 312 445 θέντας
336 412 382 439 ὐπ’
398 411 480 439 αὐτοῦ
494 433 501 445 ,
524 412 642 448 διάφορα
659 412 707 440 καὶ
721 413 866 448 καινότερα
879 413 1007 448 παρέχων

215 460 308 490 αὐτοῖς
330 458 478 494 ἐδέσματα.
500 458 529 484 'U
554 458 584 485 δὲ
604 458 690 494 πένης
705 459 753 485 καλ¹
766 458 858 494 ἐνδεὴς
872 459 1006 490 πλούτου,

215 506 262 532 ὲὰν
276 504 395 540 βουληθῇ
406 505 513 531 δεῖπνον
524 505 730 532 κατασκευάσαι
739 505 803 537 τινὶ,
813 505 903 532 πάντα
914 505 1008 540 κιχρᾶ-

214 560 270 583 ται,
288 551 336 577 καὶ
349 550 420 577 αὐτὰ
434 550 468 577 τὰ
484 549 581 586 σκεύη,
597 550 646 576 καὶΙ
661 551 771 586 ἱμάτια,
787 550 835 578 καὶ
849 550 916 577 ἄλλα
930 551 1008 586 είδηε

215 597 262 624 καὶ
278 595 328 623 εἷθ’
343 596 430 628 οὕτως
456 596 525 631 μετὰ
549 596 579 623 τὸ
598 596 742 632 δειπνῆσαι
763 597 827 629 τοὺς
846 596 1007 634 κληθέντας,

215 643 252 673 ὡς
276 644 305 669 ἐν
327 642 428 677 δείπνῳ
451 642 568 677 πένητος
579 661 587 674 ,
605 641 720 678 ὕστερον
736 642 776 668 ἑνὶ
790 642 898 677 ἑκάστῳ
911 642 1007 669 ἀποδί-

215 689 309 720 δωσιν,
337 688 398 714 ὅθεν
419 687 554 722 ἐχρήσατο
576 687 673 719 σκεῦος
690 688 837 723 ἀργυροῦν,
855 689 872 724 ἢ
889 689 1006 723 ἱμάτιον,

215 734 232 770 ἦ
245 734 339 769 ἕτερον
352 731 433 766 εἶδος·
459 734 507 760 καὶ
520 733 607 765 οὕτως
622 734 729 769 ἑκάστῳ
744 734 928 762 ἀποδοθέντων
941 735 1008 762 πάνο

215 789 289 813 των,
315 780 396 812 αὐτὸς
418 780 503 815 πὲνης
526 780 574 806 καὶ
595 781 698 815 γυμνὸς
720 781 868 816 ἀπομένει,
887 780 925 817 μὴ
938 781 1008 816 ἔχων

217 826 282 853 [διον
297 825 412 852 πλοῦτον
430 825 460 858 ἐξ
472 822 503 853 οῦ
518 825 711 861 εὐφραίνεσθαι
725 825 846 854 δύναται.

252 956 290 983 Ε’.
310 956 404 988 Οὕτως
426 965 474 983 και
489 957 515 984 οῑ
531 957 655 984 πλούσιοι
670 967 708 993 τῳ
720 957 860 994 Πνεύματι
873 958 912 994 τῷ
925 959 1007 994 ἁγίῳ,

216 1002 322 1038 ἔχοντες
339 1003 384 1029 τὸν
402 1003 517 1030 πλοῦτον
537 1003 583 1030 τὴν
597 1003 757 1039 ἐπουράνιον
770 1004 798 1031 ὲν
811 1004 924 1041 ἀληθείᾳ
934 1026 942 1038 ,
961 1005 1008 1031 καὶ

216 1049 359 1076 κοινωνίαν
385 1049 544 1085 Πνεύματος
568 1050 598 1076 έν
621 1049 731 1082 αὐτοῖς,
754 1050 824 1077 ὲπάν
838 1059 893 1077 τισι
906 1050 1007 1077 λαλῶσι

215 1095 261 1122 τὸν
273 1095 352 1129 λόγον
368 1096 417 1130 τῆς
430 1095 569 1132 ἀληθείας,
587 1096 634 1122 καὶ
649 1095 718 1122 ἐπάν
732 1104 787 1122 τισι
800 1095 950 1122 κοινωνῶσι
964 1095 1008 1122 λό-

215 1149 264 1175 γον
287 1141 489 1176 πνευματικδν,
514 1141 562 1168 καὶ
584 1141 718 1176 εὐφρᾶναι
739 1140 827 1177 ψυχὰς
846 1141 1006 1177 θελήσωσιν,

215 1187 248 1213 ὲκ
263 1186 310 1214 τοῦ
332 1187 398 1214 ἰδίου
413 1187 529 1214 πλούτου
546 1188 593 1214 καὶ
607 1188 640 1214 ὲκ
653 1187 699 1214 τοῦ
715 1188 781 1214 ίδίου
794 1187 932 1224 θησαυροῦ
942 1208 951 1220 ,
976 1185 1007 1216 οῦ

215 1235 362 1271 κέκτηνται
377 1235 406 1261 ὲν
419 1235 537 1268 ἑαυτοῖς,
550 1235 579 1268 ἐξ
593 1234 675 1261 αὐτοῦ
689 1234 814 1268 λαλοῦσι,
825 1237 874 1263 καὶ
884 1236 914 1269 ἐξ
924 1236 1007 1263 αὐτοῦ

217 1281 396 1316 εὐφραίνουσι
420 1279 469 1312 τὰς
488 1279 576 1315 ψυχὰς
592 1280 645 1306 τῶν
657 1280 810 1308 ἀκουόντων
826 1280 871 1307 τὸν
886 1290 1007 1317 πνευμα-

215 1327 290 1354 τικὸν
305 1327 384 1360 λόγον
395 1346 403 1359 ,
423 1326 472 1354 καὶ
487 1327 517 1353 οὐ
533 1326 668 1354 δεδοίκασι
687 1326 724 1363 μὴ
737 1327 890 1363 ὲνδεήσειεν
903 1328 1005 1361 αὐτοῖς,

215 1374 256 1401 ὅτι
271 1374 418 1408 κέκτηνται
433 1374 463 1400 ὲν
476 1373 568 1405 αὐτοῖς
583 1373 719 1410 θησαυρὸν
730 1374 855 1409 οὐράνιον
865 1374 1007 1409 ἀγαθωσὺ-

215 1429 275 1456 νης,
290 1420 322 1453 ἐξ
333 1417 364 1447 οὗ
378 1420 548 1456 προφέρουσι
564 1420 611 1447 καὶ
625 1420 800 1455 εὐφραίνουσι
812 1421 875 1452 τοὺς
886 1429 1008 1456 πνευμα-

215 1466 301 1497 τικῶς
315 1465 508 1501 ἑστιωμένους.
531 1465 562 1492 'O
577 1466 606 1492 δὲ
623 1466 707 1501 πένης
724 1467 771 1493 καὶ
787 1466 825 1502 μὴ
838 1467 1007 1502 κεκτημένος

216 1511 249 1537 ὲκ
272 1510 318 1538 τοῦ
341 1510 456 1537 πλούτου
481 1510 528 1537 τοῦ
552 1511 688 1546 Χριστοῦ,
714 1512 781 1548 μήτε
804 1511 874 1547 ἔχων
892 1511 1007 1538 πλοῦτον

216 1557 399 1593 πνευματικὸν
423 1558 451 1584 ὲν
473 1559 507 1593 τῇ
528 1557 601 1593 ψυχῇ
614 1578 622 1591 ,
638 1557 684 1584 τὸν
700 1557 818 1594 βρύοντα
833 1559 924 1585 πᾶσαν
937 1559 1007 1593 ἀγα-

216 1603 339 1639 θωσύνην
345 1603 431 1637 λόγων
439 1611 469 1629 τε
481 1603 528 1629 καὶ
538 1602 638 1638 ἔργων,
648 1604 694 1630 καὶ
704 1603 903 1639 ἐνθυμημάτων
914 1603 1005 1637 θείων,

215 1650 262 1676 καὶ
277 1649 436 1684 μυστηρίων
450 1649 603 1685 ἅλαλήτων,
613 1649 637 1676 εί
652 1650 699 1676 καὶ
712 1650 837 1685 βούλεται
847 1647 923 1682 οὗτος
929 1650 1008 1689 λόγον

216 1695 344 1730 ἀληθείας
360 1695 451 1722 λαλεῖν
464 1714 471 1727 ,
491 1694 538 1721 καὶ
553 1694 713 1730 εὐφραίνειν
727 1695 805 1727 τινὰς
819 1694 873 1721 τῶν
889 1695 1005 1722 ἀκουόν-

216 1748 280 1774 των,
296 1740 355 1767 ἀλλ’
368 1741 397 1766 ὲν
412 1740 526 1775 δυνάμει
543 1740 590 1766 καὶ
604 1739 720 1775 ἀληθείᾳ
730 1739 776 1766 τὸν
787 1739 866 1773 λόγον
879 1739 927 1766 τοῦ
938 1739 1006 1766 Θεοῦ

218 1785 256 1821 μὴ
285 1785 454 1820 κεκτημένος
485 1786 514 1811 ὲν
541 1784 630 1820 ἑαυτῷ
644 1804 651 1816 ,
686 1783 754 1811 ἀλλὰ
778 1784 858 1819 μόνον
881 1784 1006 1820 ἀπομνη-

217 1831 338 1866 μονεύων
349 1832 397 1858 καὶ
409 1830 577 1866 κιχρώμενος
587 1830 684 1865 λόγους
696 1829 726 1863 ἐξ
735 1830 852 1865 ἑκάστης
860 1831 979 1866 γραφῆς,
988 1830 1005 1866 ἢ

181 1871 188 1881 ’
217 1877 295 1912 παρὰ
309 1877 500 1912 πνευματικῶν
512 1875 617 1912 ἀνδρῶν
633 1876 754 1908 ἀκούσας
769 1877 817 1904 καὶ
828 1876 1006 1912 διηγούμενος

218 1923 266 1950 καὶ
280 1923 425 1957 διδάσκων,
444 1923 498 1950 ιδοὺ
514 1923 610 1955 ἄλλους
627 1923 676 1960 μὲν
690 1923 765 1950 δοκεῖ
776 1922 942 1958 εὐφραίνειν,
959 1922 1006 1949 καὶ

217 1970 292 1997 ἄλλοι
315 1970 480 1997 ἀπολαύουσι
505 1970 560 1998 τῶν
582 1970 688 2005 λόγων·
715 1970 785 2005 μετὰ
809 1970 838 1997 δὲ
861 1969 892 1997 τδ
912 1970 1006 2006 διηγή-

217 2016 317 2043 σασθαι
341 2016 423 2044 αὐτὸν
435 2036 444 2049 ,
474 2016 590 2048 ἕκαστος
606 2016 687 2051 λόγος
703 2017 772 2052 πρὸς
786 2017 821 2043 τὰ
837 2016 890 2044 ίδια
906 2016 953 2051 ἀφ’
967 2013 1005 2044 ῶν

216 2062 288 2099 ἤρθη
299 2083 307 2096 ,
326 2063 487 2098 ἀπέρχεται,
506 2064 552 2090 καὶ
566 2063 648 2095 αὐτὸς
662 2063 745 2090 πάλιν
758 2062 861 2098 γυμνὸς
872 2063 1005 2098 ἀπομένει

217 2110 264 2136 καὶ
291 2109 375 2146 πένης
389 2129 397 2141 ,
430 2109 467 2144 μὴ
490 2108 560 2144 ἔχων
586 2109 652 2136 ἴδιον
675 2109 812 2144 θησαυρὸν
834 2109 1003 2144 Πνεύματος,

217 2155 263 2190 ἀφ’
278 2152 308 2182 οὗ
324 2155 466 2190 προφέρει,
484 2156 531 2182 καὶ
543 2155 653 2190 ὠφελεῖ,
667 2155 715 2182 καὶ
729 2155 868 2191 εὐφραίνει
882 2155 1004 2190 ἑτέρους,

217 2202 296 2233 αὐτὸς
311 2201 418 2237 πρῶτος
432 2201 472 2238 μὴ
484 2201 707 2237 εὐφραινόμενος,
721 2201 788 2237 μηδὲ
800 2201 1004 2237 ἀγαλλιώμενος

215 2245 255 2281 τῷ
270 2245 417 2281 Πνεύματι.

251 2292 296 2325 ς’.
325 2291 376 2318 Διὰ
395 2292 476 2319 τοῦτο
497 2293 550 2330 χρὴ
575 2293 683 2328 πρῶτον
705 2291 822 2328 ζητῆσαι
844 2291 920 2327 παρὰ
937 2292 1004 2319 Θεοῦ

216 2339 245 2364 ὲν
259 2338 333 2373 πόνῳ
345 2339 460 2374 καρδίας
479 2340 528 2366 καὶ
541 2339 650 2373 πίστει,
667 2339 711 2366 ἵνα
725 2339 763 2374 δῷ
775 2340 841 2374 ἡμῖν
855 2339 945 2374 εὑρεῖν
960 2339 1005 2365 τὸν

216 2383 330 2410 πλοῦτον
346 2385 427 2412 αὐτοῦ
441 2405 448 2418 ,
472 2385 518 2412 τὸν
534 2385 660 2421 ἀληθινὸν
675 2385 812 2420 Θησαυρὸν
825 2383 873 2411 τοῦ
885 2383 1004 2420 Χριστοῦ

216 2431 246 2457 ὲν
268 2432 329 2462 ταῖς
351 2431 475 2467 καρδίαις
496 2424 595 2467 ἡμῶν,
623 2432 653 2458 ἐν
675 2431 789 2466 δυνάμει
813 2431 859 2457 καὶ
878 2429 1005 2466 ἐνεργείᾳ

217 2476 385 2512 Πνεῦματος.
400 2478 454 2505 Καὶ
464 2477 550 2510 οὓτως
561 2478 694 2513 πρότερον
705 2477 838 2511 ὠφέλειαν
849 2477 877 2503 ἐν
885 2476 1003 2508 ἑαυτοῖς,

216 2522 264 2550 καὶ
274 2524 421 2558 σωτηρίαν,
433 2525 479 2551 καὶ
489 2524 561 2559 ζωὴν
570 2523 678 2550 αἰώνιον
689 2523 718 2550 εὐ
723 2524 825 2559 ρόντες,
836 2522 882 2549 τὸν
891 2522 1003 2557 Κύριον,

215 2568 276 2595 τότε
293 2568 342 2595 καὶ
354 2568 460 2602 ἄλλους,
477 2569 514 2601 ὡς
527 2569 638 2596 δυνατὸν
653 2569 700 2595 καὶ
712 2569 822 2603 ἐφικτόν
834 2568 917 2601 ἐστιν,
933 2567 1004 2601 ὠφε-

215 2614 359 2649 λήσωμεν,
374 2615 428 2642 ἀπὸ
443 2615 489 2642 τοῦ
503 2615 577 2642 ἔνδον
592 2614 729 2650 θησαυροῦ
744 2614 790 2642 τοῦ
803 2613 922 2650 Χριστοῦ
936 2621 1004 2649 προ-

218 2659 348 2694 φέροντες
373 2661 464 2688 πᾶσαν
485 2660 664 2696 ἀγαθωσύνην
688 2660 776 2693 λόγων
795 2659 1004 2695 πνευματικῶν,

218 2704 264 2730 καὶ
280 2705 438 2741 μυστηρίων
453 2705 622 2741 ἐπουρανίων
636 2705 792 2740 ποιούμενοι
801 2705 938 2740 διήγησιν.
953 2702 1005 2730 Οὖ-

216 2758 270 2782 τως
287 2751 343 2787 γὰρ
360 2752 505 2788 εὐδόκησεν
529 2753 546 2788 ἡ
566 2751 704 2787 ἁγαθότης
725 2751 773 2778 τοῦ
789 2751 940 2786 θελήματος
955 2750 1004 2777 τοῦ

217 2796 335 2833 Πατρδς,
352 2797 399 2824 τοῦ
414 2799 576 2834 κατοικῆσαι
597 2799 626 2825 εν
639 2798 722 2824 παντὶ
738 2796 777 2833 τῷ
789 2795 941 2823 πιστεύοντι
957 2795 1005 2822 καὶ

217 2842 372 2878 αἰτουμένῳ
390 2843 482 2870 αὐτόν.
501 2843 533 2870 '0
550 2843 605 2878 γὰρ
626 2841 748 2877 ἀγαπῶν
762 2849 808 2876 με,
823 2840 916 2876 φησὶν,
931 2840 1004 2874 ἀγα-

218 2887 386 2923 πηθήσεται
405 2889 466 2917 ὑπὸ
480 2888 534 2917 τοῦ
547 2890 660 2924 Πατρός
670 2897 729 2924 μου
739 2908 747 2922 ,
765 2886 845 2922 κάγὼ
859 2885 1004 2921 ἀγαπήσω

1059 274 1117 302 suis
1139 279 1166 301 et
1189 274 1331 306 thesauro,
1355 281 1437 309 quem
1461 274 1593 310 possidet,
1620 278 1747 310 sumplus
1769 275 1846 308 facit,

1058 328 1110 348 nec
1133 320 1242 353 metuit,
1260 328 1294 347 ne
1316 320 1368 348 sibi
1392 321 1495 355 aliquid
1517 321 1598 353 desit,
1615 320 1725 348 divitias
1747 320 1848 348 multas

1058 366 1210 401 possidenti
1225 375 1232 392 :
1249 366 1344 401 sicque
1359 367 1432 394 laute
1445 371 1474 394 et
1488 367 1630 402 splendide
1646 367 1776 394 convivas
1790 375 1805 394 a
1817 374 1847 394 se

1057 415 1170 439 vocatos
1183 411 1326 443 exhilarat,
1343 412 1426 439 variis
1442 420 1473 440 ac
1488 413 1566 440 novis
1581 413 1699 440 subinde
1714 413 1847 448 appositis

1057 457 1137 484 cibis.
1150 458 1184 484 At
1195 465 1300 493 pauper
1317 458 1365 493 qui
1379 463 1431 491 est,
1447 458 1578 493 omnique
1598 466 1690 486 rerum
1703 459 1847 486 abundan—

1058 501 1096 530 tia
1109 502 1268 535 destitutus,
1281 504 1303 530 si
1317 504 1436 531 voluerit
1454 504 1619 539 quibusdam
1637 512 1742 532 coenam
1761 511 1846 539 appa-

1057 557 1129 582 rare,
1155 553 1298 577 mutuatur
1319 550 1421 583 omnia,
1437 551 1481 578 vel
1506 550 1594 586 ipsam
1634 551 1845 585 supellectilem,

1057 599 1168 628 vestes,
1195 603 1227 623 ac
1251 596 1372 631 reliquas
1393 596 1521 631 species:
1544 596 1638 631 sicque
1662 602 1772 631 postea,
1799 595 1846 623 ubi

1057 642 1237 676 coenaverint,
1253 642 1301 678 qui
1314 647 1394 670 erant
1407 642 1506 675 vocati,
1522 646 1553 669 ut
1576 642 1636 670 ﬁeri
1653 643 1723 669 solet
1737 643 1765 669 in
1778 650 1847 669 con-

1057 688 1130 716 vivio
1154 689 1298 724 pauperis,
1323 688 1443 724 denique
1467 688 1632 724 unicuique,
1657 688 1731 716 unde
1751 693 1847 716 mutuo

1057 738 1220 769 sumpserat,
1240 734 1360 762 restituit
1381 735 1577 770 supellectilem
1606 739 1763 770 argenteam
1778 754 1785 766 ,
1801 741 1848 761 ve-

1057 784 1113 806 stes
1136 787 1168 807 ac
1193 780 1329 815 reliquum
1351 785 1479 808 ornatum
1495 789 1502 807 :
1517 780 1618 816 quibus
1640 780 1769 807 omnibus
1784 779 1847 806 uni-

1057 825 1156 860 cuique
1171 826 1210 853 sic
1221 825 1367 859 restitutis,
1381 826 1439 862 ipse
1450 833 1555 861 pauper
1569 833 1601 853 ac
1612 825 1701 853 nudus
1712 830 1846 856 remanet.

1057 878 1112 898 non
1129 871 1235 899 habens
1258 872 1383 907 proprias
1406 871 1566 904 facultates,
1588 879 1622 899 ex
1644 871 1744 907 quibus
1760 871 1847 906 possit

1018 908 1043 938 Β
1057 916 1187 943 recreari.

1093 960 1125 988 V.
1144 960 1190 988 Sic
1205 967 1325 996 quoque,
1344 960 1390 996 qui
1408 965 1473 988 sunt
1489 960 1594 996 Spiritu
1613 965 1708 988 sancto
1723 960 1846 995 locuple-

1057 1010 1109 1039 tes.
1125 1015 1158 1034 ac
1173 1008 1298 1035 caelestes
1313 1007 1423 1035 divitias
1442 1014 1539 1034 revera
1560 1007 1701 1035 consecuti
1725 1014 1847 1034 commu-

1057 1053 1169 1080 nionem
1186 1053 1305 1089 Spiritus
1324 1054 1352 1081 in
1367 1061 1396 1082 se
1414 1054 1527 1086 habent,
1541 1054 1564 1081 si
1585 1053 1750 1089 quibusdam
1761 1053 1846 1081 verba

1057 1100 1182 1127 veritatis
1198 1100 1357 1135 loquantur,
1375 1105 1403 1128 et
1418 1108 1572 1128 scrutonem
1596 1099 1767 1135 spiritualcm
1784 1099 1846 1134 qui-

1057 1145 1173 1173 busdam
1192 1145 1408 1179 communicent,
1424 1153 1456 1173 ac
1479 1146 1584 1172 animas
1605 1145 1717 1172 reﬁcere
1740 1149 1845 1172 statue-

1058 1192 1128 1224 rint;
1144 1199 1177 1219 ex
1192 1192 1312 1227 propriis
1327 1192 1441 1226 opibus,
1462 1196 1490 1219 et
1509 1199 1544 1219 ex
1562 1190 1673 1226 proprio
1696 1191 1843 1223 thesauro.

1056 1243 1138 1270 quem
1152 1235 1292 1270 possident
1305 1235 1377 1271 apud
1395 1243 1434 1269 se,
1446 1244 1480 1263 ex
1490 1243 1533 1268 eo,
1547 1235 1669 1270 inquam,
1681 1235 1844 1270 loquuntur,

1057 1288 1091 1308 ex
1103 1288 1191 1316 eoque
1211 1281 1339 1309 reﬁciunt
1361 1281 1466 1309 animas
1485 1281 1656 1308 audientium
1671 1281 1844 1316 spiritualcm

1056 1333 1222 1360 sermonem,
1236 1335 1288 1355 nec
1300 1327 1508 1363 pertimescunt,
1517 1335 1552 1355 ne
1564 1327 1628 1362 quid
1643 1328 1696 1357 sibi
1707 1328 1777 1355 desit
1791 1336 1798 1354 :
1812 1335 1845 1355 eo

1057 1372 1128 1407 quod
1146 1372 1304 1407 possideant
1327 1372 1355 1400 in
1376 1380 1405 1400 se
1420 1373 1559 1401 caelestem
1584 1373 1714 1400 bonitatis
1734 1373 1846 1401 thesau-

1057 1425 1128 1451 rum,
1140 1426 1155 1446 e
1166 1426 1220 1454 quo
1233 1418 1378 1453 proferunt
1391 1422 1420 1446 et
1434 1423 1560 1446 recreant
1574 1426 1622 1446 eos
1639 1419 1686 1454 qui
1708 1419 1845 1454 spirituali

1057 1464 1119 1491 cibo
1132 1469 1292 1492 vescuntur.
1307 1465 1413 1500 Pauper
1424 1472 1500 1498 vero,
1513 1465 1560 1500 qui
1575 1473 1626 1492 nec
1641 1464 1751 1492 divitias
1764 1465 1846 1493 Chri-

1057 1510 1091 1538 sti
1107 1510 1239 1546 possidet.
1257 1518 1309 1538 nec
1327 1511 1484 1546 spirituales
1497 1510 1604 1538 obtinet
1622 1511 1650 1538 in
1662 1511 1752 1538 anima
1766 1518 1844 1546 opes,

1057 1557 1241 1591 producentcs
1264 1557 1440 1593 scaturiginis
1464 1557 1550 1585 instar
1564 1565 1672 1585 omttem
1694 1556 1846 1586 bonitatem

1057 1609 1226 1635 sermonum,
1250 1611 1380 1638 operum,
1405 1603 1603 1639 cogitationum
1628 1603 1795 1637 divinarum,
1817 1608 1846 1632 et

1057 1649 1251 1684 mysteriorum
1276 1649 1468 1683 ineﬁ‘abilium,
1490 1649 1545 1682 ltic,
1559 1649 1681 1684 inquam.
1697 1650 1764 1677 licet
1778 1649 1847 1677 velit

1056 1694 1171 1721 verbum
1188 1694 1312 1722 veritatis
1327 1695 1429 1730 eloqui,
1446 1702 1479 1722 ac
1494 1703 1619 1722 recreare
1639 1695 1772 1730 quosdam
1795 1702 1846 1723 au-

1056 1739 1173 1772 dientes,
1189 1747 1252 1767 cum
1270 1745 1361 1767 tamen
1377 1740 1528 1768 secundum
1543 1741 1674 1768 virtutem
1687 1749 1719 1769 ac
1731 1741 1759 1769 in
1774 1741 1846 1769 veri-

1056 1789 1112 1813 tate
1127 1792 1281 1813 sermonem
1295 1785 1344 1813 Dei
1359 1794 1414 1813 non
1429 1786 1567 1820 obtineat;
1580 1793 1675 1814 verum
1689 1787 1749 1814 illos
1763 1787 1845 1815 modo

1056 1836 1207 1862 sermones,
1225 1836 1294 1864 quos
1310 1833 1357 1857 aut
1368 1837 1383 1856 a
1399 1838 1561 1865 quacunque
1584 1831 1720 1866 scriptura
1736 1838 1845 1861 mutua-

1058 1878 1112 1906 tur,
1127 1879 1176 1902 aut
1196 1874 1231 1902 ab
1252 1875 1314 1902 aliis
1335 1875 1526 1910 spiritualibus
1549 1876 1665 1909 audivit,
1680 1881 1798 1912 exponat
1816 1883 1846 1906 et

1056 1920 1170 1954 doceat;
1195 1928 1230 1948 en
1247 1921 1356 1950 videtur
1372 1922 1483 1958 quidem
1501 1923 1547 1950 ille
1568 1923 1636 1951 alios
1658 1931 1796 1958 recreare,
1815 1930 1845 1953 et

1055 1973 1122 1994 sane
1136 1966 1266 1994 fruuntur
1281 1968 1327 1994 alii
1349 1968 1524 1996 sermonibus
1538 1977 1545 1996 :
1559 1969 1606 1996 ubi
1618 1977 1686 1997 vero
1705 1978 1768 1998 eum
1784 1979 1844 1998 ser-

1055 2021 1165 2040 monem
1186 2014 1352 2048 recitaverit,
1368 2015 1584 2050 unumquodque
1598 2015 1713 2043 verbum
1729 2016 1765 2043 ad
1783 2024 1842 2049 sua,

1055 2059 1128 2087 unde
1151 2060 1314 2088 translatum
1337 2064 1406 2095 erat,
1429 2061 1578 2089 revertitur
1594 2070 1601 2088 :
1617 2066 1674 2089 tum
1690 2062 1736 2089 ille
1751 2062 1846 2093 denuo,

1054 2105 1147 2133 nudus
1161 2113 1193 2133 ac
1206 2113 1311 2141 pauper
1324 2111 1458 2140 remanet,
1474 2115 1571 2135 carens
1583 2108 1697 2143 proprio
1712 2108 1843 2136 thesauro

1055 2151 1185 2186 Spiritus,
1200 2159 1216 2178 e
1232 2159 1287 2187 quo
1304 2156 1422 2186 promat,
1437 2153 1514 2188 juvet
1534 2157 1562 2180 et
1581 2158 1688 2181 recreet
1708 2154 1788 2187 alios,
1810 2162 1843 2182 ac

1054 2197 1161 2233 primus
1172 2197 1230 2233 ipse
1247 2206 1302 2226 tton
1315 2198 1447 2232 reﬁcitur,
1461 2206 1513 2227 nec
1524 2199 1628 2235 Spiritu
1643 2200 1772 2228 exsultat.

1093 2290 1148 2326 79
1166 2290 1210 2319 Vl.
1223 2290 1373 2325 Propterea
1388 2289 1415 2317 in
1435 2289 1533 2325 primis
1556 2289 1751 2325 postulandum
1769 2295 1810 2318 est
1826 2297 1842 2318 a

1054 2337 1111 2365 Deo
1125 2345 1189 2365 cum
1205 2337 1384 2364 contentione
1404 2336 1496 2364 cordis
1517 2343 1550 2364 ac
1562 2335 1627 2369 ﬁde,
1643 2336 1689 2364 det
1708 2336 1798 2368 nobis,
1812 2341 1843 2363 ut

1055 2383 1231 2411 inveniamus
1243 2383 1354 2410 divitias
1369 2383 1439 2418 ejus.
1457 2390 1552 2410 verum
1565 2382 1726 2409 thesaurum
1739 2382 1842 2410 Christi

1055 2430 1084 2457 in
1096 2429 1229 2457 cordibus
1244 2429 1347 2456 ttostris
1361 2428 1389 2455 in
1402 2428 1505 2456 virtute
1525 2436 1557 2456 ac
1571 2428 1691 2456 efﬁcacia
1711 2429 1841 2464 Spiritus.

1055 2475 1089 2503 Et
1101 2466 1152 2502 hac
1166 2475 1284 2506 ratione,
1301 2473 1348 2501 ubi
1363 2474 1440 2508 prius
1455 2474 1483 2500 in
1502 2473 1582 2501 nobis
1597 2475 1783 2507 commodum,
1800 2482 1845 2502 sa-

1054 2521 1140 2548 lutem
1166 2528 1198 2548 ac
1217 2520 1302 2547 vitam
1315 2524 1457 2552 aeternam,
1473 2519 1619 2547 Dominum
1643 2520 1759 2553 scilicet,
1774 2527 1843 2548 con-

1054 2566 1141 2595 secuti
1157 2567 1305 2599 l'uerimus,
1321 2567 1496 2601 postmodum
1515 2574 1626 2602 quoque
1647 2566 1715 2594 alios
1733 2575 1784 2602 pro
1800 2566 1843 2594 fa-

1055 2611 1156 2639 cultate
1173 2614 1202 2637 et
1223 2609 1329 2637 viribus
1347 2610 1451 2637 nostris
1469 2610 1641 2645 adjuvemus,
1662 2618 1695 2638 ex
1716 2610 1842 2638 interiori

1054 2655 1156 2684 Christi
1168 2655 1299 2683 thesauro
1308 2659 1468 2689 promentes
1478 2661 1587 2682 omnem
1598 2654 1748 2682 bonitatem
1761 2655 1844 2690 spiri-

1056 2702 1171 2730 tualium
1183 2708 1352 2732 sermonum,
1360 2707 1392 2728 ac
1400 2700 1555 2728 caelestium
1563 2700 1756 2736 mysteriorum
1763 2708 1844 2728 cnnr—

1056 2749 1191 2776 rationem
1219 2747 1406 2775 instituentes.
1433 2746 1479 2774 Sic
1501 2746 1576 2774 enim
1601 2747 1706 2781 placuit
1725 2747 1843 2775 bonitati

1055 2791 1206 2820 voluntatis
1220 2791 1319 2824 Patris,
1333 2790 1457 2818 habitare
1469 2791 1543 2826 apud
1563 2799 1672 2819 onmem
1691 2792 1738 2826 qui
1754 2792 1844 2820 credit

1056 2838 1084 2865 in
1101 2844 1165 2865 eum
1193 2844 1311 2871 eumque
1341 2835 1473 2870 postulat.
1508 2837 1561 2869 Qui
1583 2837 1652 2863 enim
1679 2837 1766 2873 diligtt
1790 2846 1843 2872 me,

1055 2884 1155 2920 inquit,
1167 2883 1292 2918 diligetur
1306 2892 1321 2910 a
1339 2881 1419 2909 Patre
1430 2890 1498 2916 meo,
1511 2888 1536 2910 et
1547 2891 1593 2919 ego
1611 2883 1721 2919 diligam
1733 2892 1802 2916 eum,
1820 2893 1845 2911 ει
