2078 3151
224 151 275 182 639
842 145 874 175 S.
892 142 1050 174 MACARII
1070 141 1230 171 fEGYP'I'II
1793 136 1849 168 640

228 206 402 242 manifestam)
425 206 449 232 ei
463 212 504 232 me
528 203 653 239 ipsum”.
686 202 721 229 Et
745 201 864 229 iterum:
879 201 1015 228 i’cniemus

1075 197 1173 230 ιὺτὸν,
1197 196 1246 223 καὶ
1266 195 1421 230 ἐμφανίσω
1437 194 1516 227 αὐτῷ
1531 194 1670 228 ἐμαυτόν.
1686 193 1741 221 Καὶ
1756 194 1848 220 πάλιν·

228 261 274 290 ega
296 257 319 279 et
339 252 417 279 Pater
435 259 515 280 meus,
534 255 557 276 τι
581 249 743 275 ηιαηδίοηιίη
765 248 835 283 apud
857 255 916 273 eum
934 246 1014 280 facie-

230 300 328 326 mus".
346 298 391 325 Sic
422 297 533 323 inﬁnita:
558 294 709 322 clementia:
737 294 824 320 Patris
848 293 935 318 \‘islttlt
960 295 1011 324 est,

184 339 187 344 ’
229 344 269 371 sic
299 340 571 376 ἱιιι-οηιρτρὶιι-ιιςίὶήιί
601 339 726 366 charitati
760 338 861 365 Christi
886 337 1011 371 placuit:

230 390 271 418 sic
286 389 432 416 inetl‘abilis
450 388 558 413 bonitas
575 386 693 420 Spiritus
718 384 854 419 promisit.
868 383 958 409 Gloria
979 382 1013 409 sit

230 434 361 462 ineﬂ'abili
379 433 575 460 miserit-ordne
593 436 692 458 sancta:
704 430 855 457 Trinitatis.

265 526 319 552 VII.
336 525 386 557 Qui
408 525 478 551 enim
508 524 623 551 evadere
649 524 708 550 Filii
735 523 832 554 Dei,ct
853 531 884 549 ex
911 522 1013 557 Spiritu

230 576 325 598 sancto
349 569 468 604 desuper
492 569 597 596 renasci
622 569 696 603 digni
721 572 785 595 sunt
809 567 908 600 habili,
932 571 1015 602 alque

229 615 369 643 Christum
394 614 595 641 illuminantem
623 621 655 640 ac
678 618 847 640 recreantem
868 621 916 640 eos
936 612 963 639 in
985 620 1015 640 se

229 660 381 695 possident,
395 659 477 685 variis
494 667 525 685 ac
550 658 667 685 diversis
689 657 777 684 modis
792 664 808 683 a
831 656 935 692 Spiritu
946 656 1015 683 diri-

231 711 343 740 guntur,
364 708 392 732 et
405 704 581 731 invisibiliter
596 703 623 729 in
639 703 721 729 corde
740 710 802 729 cum
819 701 913 736 requie
932 701 1015 736 spiri-

233 750 299 777 tuali
321 758 337 777 a
357 749 443 785 gratia
465 749 614 776 ducuntur.
645 748 818 775 Proferamus
832 755 896 774 vero
908 755 942 774 ex
971 747 1015 778 iis,

231 804 293 831 qua:
310 796 336 823 in
350 795 452 822 mundo
466 799 529 822 sunt
541 794 698 828 conspicua,
708 801 888 829 personarum
904 794 1015 828 ﬁguras,

233 846 274 874 ut.
287 850 340 877 qua
351 842 459 869 ratione
478 840 565 875 gratia
578 840 605 867 in
625 840 715 867 anima
735 847 765 867 se
784 845 870 874 gerat,
883 840 973 875 aliqua
983 847 1017 866 ex

233 893 310 922 parte
328 886 459 921 exemplis
480 886 565 913 veluti
589 886 818 913 demonstremus.
834 885 903 913 Sunt
930 885 1017 912 inter-

233 933 310 964 dum,
325 932 372 967 qui
388 939 404 959 a
421 931 508 966 gratia
522 931 672 963 ducuntur,
684 936 714 957 ut
727 931 773 966 qui
791 931 818 957 in
839 938 916 957 coena
941 930 1016 965 regia

236 979 374 1008 laetantur.
389 982 418 1004 et
434 978 572 1005 exsultant
586 977 768 1004 exsultatione
784 985 816 1003 ac
838 977 931 1004 laetitia
946 976 1017 1003 inef-

236 1023 337 1050 fabili.:
355 1022 408 1049 alia
427 1030 495 1049 vero
521 1023 588 1049 hora
612 1022 715 1049 similes
735 1027 799 1049 sunt
816 1029 932 1056 sponsm,
957 1028 1019 1056 qua:

235 1069 336 1096 fruitur
352 1068 378 1095 in
396 1068 523 1103 coniugio
549 1076 611 1095 cum
635 1075 736 1103 sponso
754 1075 803 1094 suo
819 1068 959 1102 voluptate
974 1067 1018 1093 di-

234 1113 308 1140 vina.
326 1113 482 1148 Aliquando
507 1113 576 1140 ﬁunt
602 1113 686 1140 veluti
705 1113 794 1148 angeli
810 1112 975 1147 incorporei,
991 1112 1019 1138 in

235 1164 310 1187 tanta
325 1160 439 1187 levitate
454 1168 485 1187 ac
504 1160 655 1187 subtilitate
674 1167 727 1186 una
747 1167 809 1186 cum
822 1166 938 1193 corpore
952 1165 1019 1185 con-

234 1206 334 1233 stituti.
351 1206 492 1233 Interdum
504 1211 578 1237 sunt,
593 1206 680 1240 utqui
695 1210 760 1241 potu
777 1205 905 1232 inebriati
920 1210 947 1232 et
958 1204 1020 1239 Spi-

235 1253 290 1279 ritu
308 1253 490 1282 delectantur.
506 1253 688 1285 inebriantur,
706 1252 840 1279 ebrietate
861 1251 967 1279 scilicet
978 1251 1021 1278 di-

237 1298 365 1324 vinorum
388 1305 419 1324 ac
434 1297 618 1332 spiritualium
635 1297 838 1333 mysteriorum.

271 1344 340 1371 VIII.
357 1343 497 1370 Interdum
512 1348 577 1370 sunt
591 1344 667 1371 velut
693 1344 720 1370 in
745 1343 821 1370 luctu
841 1348 869 1370 et
890 1343 1023 1369 lamenta-

237 1390 311 1417 tione
325 1393 439 1424 propter
461 1397 550 1424 genus
575 1390 738 1421 humanum,
764 1397 796 1416 ac
819 1388 949 1423 precibus
972 1396 1022 1423 pro

238 1439 296 1463 toto
314 1443 414 1470 genere
429 1436 549 1462 humano
564 1435 671 1467 eﬂ‘usis,
691 1434 724 1462 ad
736 1435 880 1470 lacrymas,
892 1438 920 1461 et
937 1434 971 1461 ad
982 1434 1024 1461 lu-

240 1487 315 1509 ctum
327 1482 522 1517 prolabuntur,
546 1481 693 1509 dilectione
704 1481 841 1517 spirituali
853 1488 916 1515 erga
931 1480 1025 1507 huma-

1072 244 1274 275 Ἐλευσόμεθιι
1297 242 1354 276 ἐγὼ
1377 241 1427 268 καὶ
1450 242 1467 268 d
1486 240 1586 274 Πατήρ
1598 248 1674 274 μου,
1691 239 1740 266 καὶ
1751 241 1851 275 μονὴν

1063 289 1130 323 παρ’
1143 288 1225 322 αὐτῷ
1238 288 1415 322 ποιήσομεν.
1435 287 1527 317 Οὕτως
1543 287 1560 322 ἡ
1573 286 1685 321 ἄπειρος
1699 287 1851 322 χρηστότης

1062 335 1109 361 τοῦ
1126 336 1233 370 Πατρὸς
1251 334 1383 369 ἠθέλησεν
1395 354 1402 365 ,
1429 333 1515 365 οὕτως
1534 333 1550 367 ἡ
1566 333 1740 367 ἀνεννότητος
1756 332 1851 367 ἀγάπη

1062 380 1110 408 τοῦ
1123 380 1240 417 Χριστοῦ
1255 381 1400 415 εὐδόκησεν
1413 400 1421 412 ,
1446 379 1532 411 οὕτως
1550 380 1567 413 ἡ
1583 379 1701 413 ἆρῤητος
1716 378 1851 412 ἀγαθότης

1063 427 1111 454 τοῦ
1133 427 1292 462 Πνεύματος
1316 426 1508 461 ἐπηγγείλατο.
1528 424 1596 457 Δόξα
1617 427 1649 460 τῇ
1673 425 1784 460 ἀρρήτῳ
1805 424 1852 451 εὐ-

1065 473 1217 508 σπλαγχνίᾳ
1231 474 1279 508 τῇς
1293 472 1372 506 ἁγίας
1384 472 1508 507 Τριάδος.

1099 521 1136 546 Z'.
1165 519 1196 544 Οἱ
1216 519 1270 553 γὰρ
1295 517 1507 550 καταξιωθέντες
1527 516 1610 543 τέκνα
1632 515 1759 550 γενέσθαι
1772 515 1851 549 Θεοῦ,

1065 565 1111 591 καὶ
1125 565 1157 590 ἐκ
1169 563 1328 598 Πνεύματος
1343 562 1421 596 ἁγίου
1438 562 1541 589 ἄνωθεν
1553 561 1730 596 γεννηθῆναι,
1746 561 1794 587 καὶ
1807 561 1853 587 τὸν

1064 608 1182 644 Χριστὸν
1199 608 1305 643 ἔχοντες
1321 609 1350 634 ὲν
1364 608 1470 638 ἑαυτοῖς
1486 606 1659 642 ἐλλάμποντα
1672 606 1718 633 καὶ
1731 605 1854 632 ἀναπαύ-

1065 662 1129 681 οντα
1153 653 1270 685 αὐτοὺς,
1299 653 1328 681 ὲν
1356 652 1489 684 ποικίλοις
1515 652 1563 678 καὶ
1584 652 1722 686 διαφόροις
1742 652 1855 686 τρόποις

1064 699 1223 734 Πνεὺματός
1250 699 1319 725 εἰσιν
1344 697 1539 733 ίδηγούμενοι,
1567 698 1614 724 καὶ
1634 699 1755 733 ἀοράτως
1774 699 1802 723 ἐν
1817 698 1852 733 τῇ

1066 746 1178 782 καρδίᾳ,
1204 746 1233 772 έν
1253 744 1406 772 ἀναπαύσει
1421 745 1593 779 πνευματικῇ
1611 744 1663 771 ὑπὸ
1677 745 1726 779 τῆς
1743 744 1854 778 χάριτος

1066 792 1265 828 ὲνεργούμενοι.
1284 791 1419 825 Πρόσωπα
1432 791 1460 816 δὲ
1475 791 1507 816 ὲκ
1520 791 1575 816 τῶν
1588 790 1758 824 φαινομένων
1769 791 1798 816 ἐν
1809 790 1855 816 κὰ-

1071 848 1131 874 σμῳ
1157 837 1332 865 ἀπολαύσεων
1356 837 1533 873 ὲνέγκωμεν,
1566 837 1612 863 καὶ
1637 837 1666 863 ὲν
1689 836 1761 871 ψυχῇ
1788 837 1854 863 ἀνα-

1069 884 1187 920 στροφὰς
1213 884 1262 918 τῆς
1285 884 1395 919 χάριτος
1420 884 1452 908 ἐκ
1475 882 1707 917 παραδειγμάτων
1735 882 1855 918 μερικῶς

1068 930 1285 961 ὑποδεικνύντες.
1304 930 1397 956 Ἔστιν
1422 929 1465 955 ὅτε
1478 929 1598 963 γίνονται
1622 929 1659 960 ὡς
1684 930 1712 955 ὲν
1726 929 1856 964 βασιλικῷ

1067 979 1167 1013 δείπνῳ
1184 978 1391 1014 εὐφραινόμενοι
1402 998 1409 1009 ,
1436 978 1483 1003 καὶ
1500 977 1683 1010 ἀγαλλιῶντες
1698 976 1812 1011 ἀγαλλιά
1817 985 1856 1002 σει

1068 1026 1116 1052 καὶ
1132 1025 1286 1061 εὐφροσύνῃ
1303 1024 1477 1059 ἀνεκλαλήτῳ
1487 1032 1494 1039 ·
1521 1023 1589 1059 ἄλλῃ
1604 1023 1665 1059 ὥρᾳ
1681 1024 1749 1050 εἰσὶν
1763 1023 1857 1058 ὥσπερ

1069 1071 1161 1106 νύμφη
1198 1071 1439 1106 συναναπαυομένη
1471 1070 1500 1096 ὲν
1529 1070 1656 1105 κοινωνίᾳ
1684 1069 1722 1104 τῷ
1749 1070 1858 1104 νυμφίῳ

1071 1117 1155 1151 αὐτῆς
1170 1117 1324 1144 ἀναπαύσει
1339 1116 1428 1151 θεῐκῇ.
1444 1115 1553 1142 Ἀλλοτε
1568 1116 1688 1149 γίνονται
1703 1114 1797 1149 ὥσπερ
1809 1115 1858 1148 ἄγ-

1070 1165 1144 1198 γελοι
1169 1163 1309 1198 ἀσώματοι
1321 1183 1328 1193 .
1354 1164 1382 1189 ὲν
1403 1164 1521 1197 τοσαύτῃ
1538 1161 1684 1197 κουφότητι
1698 1161 1773 1192 ὄντες
1790 1161 1859 1196 μετὰ

1070 1211 1117 1238 τοῦ
1141 1210 1285 1244 σώματος·
1311 1209 1404 1236 ἄλλοτέ
1430 1210 1499 1235 εἰσιν
1520 1208 1614 1242 ὥσπερ
1635 1208 1663 1234 ὲν
1681 1207 1750 1243 μέθη
1764 1208 1857 1240 ποτοῦ,

1072 1256 1279 1291 εὐφραινόμενοι
1304 1256 1351 1281 καὶ
1377 1254 1522 1290 μεθύοντες
1540 1254 1579 1289 τῷ
1598 1254 1754 1287 Πνεύματι,
1774 1254 1859 1288 μέθην

1073 1303 1152 1329 θείων
1169 1301 1326 1337 μυστηρίων
1342 1300 1543 1336 πνευματικῶν.

1108 1348 1149 1375 H'.
1180 1346 1291 1374 Ἀλλοτέ
1314 1347 1383 1373 εἰσιν
1411 1346 1448 1378 ὼς
1473 1347 1501 1372 ὲν
1524 1346 1655 1380 κλαυθμῷ
1682 1345 1728 1371 καὶ
1752 1344 1860 1379 ὀδυρμῷ

1074 1395 1143 1430 ὑπὲρ
1158 1394 1204 1420 τοῦ
1219 1394 1314 1427 γένους
1329 1393 1382 1419 τῶν
1395 1392 1547 1428 ἀνθρώπων
1557 1414 1564 1425 ,
1589 1392 1635 1418 καὶ
1650 1392 1776 1427 δεόμενον
1793 1392 1861 1425 ὑπὲρ

1074 1440 1135 1467 ὅλου
1158 1439 1205 1467 τοῦ
1224 1439 1328 1473 Ἀδὰμ,
1358 1439 1454 1470 πένθος
1477 1439 1524 1465 καὶ
1546 1438 1682 1472 κλαυθμὶν
1703 1437 1860 1471 ἀναλαμϐά-

1075 1494 1165 1512 νουσιν
1190 1485 1243 1512 ὑπὺ
1264 1485 1313 1520 τῆς
1327 1485 1437 1519 ἀγάπης
1457 1484 1503 1510 τοῦ
1522 1484 1681 1518 Πνεύματος
1698 1484 1735 1515 εἰς
1751 1483 1799 1518 τὴν
1813 1484 1861 1509 ἀν-

238 1535 304 1555 num
319 1536 405 1563 genus
421 1528 542 1555 accensi.
563 1528 703 1555 Interdum
720 1536 786 1555 vero
809 1528 842 1555 ad
858 1532 960 1554 tantam
975 1535 1024 1554 ex-

1077 1531 1241 1567 θρωπότητα
1263 1530 1448 1564 ἐκκαιόμενοι.
1472 1529 1583 1555 Ἀλλοτε
1601 1529 1629 1554 ὲν
1644 1528 1761 1563 τοσαύτῃ
1779 1527 1863 1561 ἀγαλ-

240 1574 417 1602 sultationem
431 1581 462 1601 ac
478 1573 678 1601 dilectionema
690 1573 794 1608 Spiritu
810 1572 1023 1606 inﬂammantur,

240 1624 280 1650 ut,
297 1619 320 1646 si
348 1618 407 1646 ﬂeri
423 1619 522 1654 possit,
540 1627 636 1646 omnes
660 1619 787 1646 homines
813 1619 839 1645 in
856 1626 905 1646 sua
923 1619 1026 1646 viscera

241 1664 421 1700 conjicerent,
438 1664 516 1691 nulla
540 1672 591 1691 nec
611 1664 747 1691 honorum
768 1672 819 1691 nec
834 1663 968 1690 malorum
983 1664 1028 1690 lia-

241 1711 299 1739 bita
326 1710 443 1738 ratione.
472 1711 613 1738 Interdum
644 1718 710 1737 vero
745 1710 928 1738 demittuntur
955 1710 1027 1737 infra

241 1765 338 1784 omnes
355 1757 483 1784 homines
496 1757 523 1784 in
537 1757 693 1784 humilitate
709 1757 841 1792 Spiritus,
859 1761 928 1785 utse
953 1757 1028 1793 ipsos

241 1803 367 1830 omnium
382 1803 574 1838 abiectissima:
589 1811 621 1830 ac
637 1802 737 1830 intimae
754 1803 922 1831 conditionis
943 1811 1028 1838 repu-

242 1854 314 1876 tent.
331 1849 472 1876 Interdum
498 1849 526 1876 in
542 1849 642 1884 gaudio
663 1849 795 1877 ineffabili
811 1857 826 1876 a
844 1849 947 1885 Spiritu
963 1857 1029 1876 con-

243 1900 400 1923 servantur.
427 1895 567 1922 Interdum
597 1899 661 1923 sunt
685 1896 761 1922 velut
785 1895 864 1923 fortis
879 1896 1027 1930 quispiam,

242 1941 301 1976 qui,
316 1940 473 1967 universam
501 1944 670 1967 armaturam
695 1940 767 1976 regis
794 1940 922 1973 induens,
940 1945 968 1968 et
1000 1941 1029 1968 in

242 1986 367 2021 praelium
385 1985 564 2017 descendens.
583 1985 716 2013 adversus
739 1986 834 2013 hostes
856 1985 965 2013 fortiter
987 1986 1031 2013 di-

243 2032 344 2064 micat,
371 2039 475 2066 eosque
501 2031 599 2059 vincit.
623 2031 728 2059 Eodem
767 2032 849 2059 modo
877 2032 1031 2067 spiritualis

243 2080 338 2111 homo,
356 2079 505 2114 assumptis
518 2080 680 2107 coelestibus
694 2080 779 2107 armis
793 2079 922 2115 Spiritus,
937 2080 1031 2107 hostes

244 2126 359 2158 invadit,
375 2125 527 2161 prmlioque
538 2126 687 2153 commisso
705 2126 820 2162 subjicit
836 2127 898 2154 illos
913 2127 1031 2162 pedibus

246 2170 343 2197 suis“.

1076 1577 1164 1605 λιάσει
1185 1577 1231 1603 καὶ
1250 1577 1345 1611 ἀγάπῃ
1363 1576 1415 1602 ὑπὸ
1430 1575 1476 1601 τοῦ
1494 1575 1652 1610 Πνεὺματος
1668 1574 1863 1609 ὲκπυροῦνται,

1076 1622 1132 1654 ὡς,
1161 1622 1186 1648 εἰ
1209 1621 1342 1653 δυνατὸν,
1371 1620 1458 1647 πάντα
1485 1619 1627 1653 ἄνθρωπον
1655 1620 1684 1645 ἐν
1709 1621 1764 1650 τοῖς
1789 1619 1864 1649 ἰδίοις

1078 1667 1242 1702 σπλάγχνοις
1269 1665 1400 1701 ὲμὸαλεῖν
1412 1685 1420 1698 ,
1452 1665 1489 1700 μὴ
1511 1665 1693 1701 διακρίνοντες
1711 1664 1794 1691 κακὸν
1812 1663 1865 1690 ἀπὸ

1077 1714 1180 1748 ἀγαθοῦ
1196 1723 1203 1729 ·
1239 1713 1333 1741 ἄλλοτε
1365 1712 1491 1739 τοσοῦτον
1521 1711 1710 1738 ταπεινοῦνται
1739 1711 1866 1737 ὑποκάτω

1078 1760 1178 1791 παντὸς
1191 1759 1335 1795 ἀνθρώπου
1352 1760 1380 1785 ὲν
1392 1757 1628 1792 ταπεινοφροσύνῃ
1639 1757 1684 1783 τοῦ
1699 1756 1864 1791 [ινεύματος.

1078 1807 1117 1839 ὡς
1132 1807 1246 1837 ἑαυτοὺς
1258 1806 1366 1832 πάντων
1379 1805 1581 1840 ὲσχατωτέρους
1594 1804 1642 1830 καὶ
1653 1803 1780 1833 ἐλάττους
1792 1801 1866 1836 νομί-

1079 1852 1263 1884 ζειν.’Δλλοτε
1276 1853 1304 1878 ὲν
1317 1851 1391 1886 χαρᾷ
1400 1850 1576 1885 ἀνεκλαλήτῳ
1589 1849 1640 1876 ὑπὸ
1651 1848 1698 1875 τοῦ
1711 1848 1866 1883 Πνεύματος

1079 1897 1397 1933 διατηροῦνται.¹Ἀλλοτέ
1409 1898 1477 1924 εἰσιν
1490 1896 1583 1931 ὥσπερ
1595 1904 1636 1927 τις
1646 1895 1766 1926 δυνατὸς,
1779 1894 1867 1920 λαϐὼν

1081 1945 1230 1971 πανοπλίαν
1246 1943 1387 1979 βασιλικὴν
1398 1964 1405 1975 ,
1431 1943 1478 1970 καὶ
1498 1942 1637 1969 κατελθὼν
1652 1942 1681 1968 ὲν
1695 1941 1807 1976 πολέμῳ
1822 1940 1869 1966 ἐπὶ

1080 1990 1142 2021 τοὺς
1159 1990 1273 2025 ἐχθροὺς
1299 1988 1417 2024 ἰσχυρῶς
1432 1987 1650 2022 καταγωνίσεται
1666 1986 1777 2017 τούτους
1790 1987 1868 2019 νική-

1082 2044 1141 2066 σας.
1163 2035 1279 2070 Ὁμοίως
1296 2034 1351 2068 γὰρ
1376 2033 1424 2060 καὶ
1446 2032 1633 2067 πνευματικὸς
1650 2031 1782 2066 λαμϐάνει
1799 2030 1869 2057 ὅπλα.

1081 2080 1233 2115 ἐπουράνια
1254 2079 1300 2106 τοῦ
1324 2078 1481 2114 Πνεύματος
1494 2098 1502 2110 ,
1536 2078 1583 2104 καὶ
1606 2078 1653 2103 ἐπὶ
1673 2077 1735 2108 τοὺς
1757 2076 1869 2111 ἐχθροὺς

1082 2127 1244 2161 κατέρχεται
1260 2126 1307 2151 καὶ
1323 2125 1450 2160 πολεμεῖ,
1461 2124 1506 2151 καὶ
1522 2123 1686 2150 ὑποστάσσει
1701 2123 1801 2154 αὐτοὺς
1817 2121 1869 2148 ὑπὸ

1081 2174 1144 2204 τοὺς
1160 2172 1243 2203 πόδας
1259 2171 1354 2198 αὑτοῦ.
1396 2192 1402 2195 ,

281 2214 325 2242 IX.
346 2215 486 2242 Interdum
509 2215 537 2242 in
561 2223 668 2243 summo
688 2216 809 2249 silentio,
832 2216 1024 2251 tranquillitate

1118 2218 1157 2245 8’.
1177 2217 1289 2243 Ἀλλοτε
1315 2218 1344 2244 ἐν
1367 2217 1451 2252 πολλῇ
1475 2225 1529 2243 τινι
1549 2216 1667 2251 ἠσυχίᾳ,
1690 2215 1738 2242 καὶ
1757 2214 1869 2248 γαλήνῃ.

247 2265 275 2288 et
287 2267 355 2295 pace
382 2260 534 2295 requiescit
559 2260 661 2293 anima,
679 2261 707 2288 in
722 2262 780 2288 sola
802 2262 937 2298 spirituali
952 2263 1032 2290 volu-

247 2311 333 2342 ptate,
348 2310 377 2334 et
395 2306 527 2334 inetIabili
543 2307 640 2342 requie
662 2312 743 2342 atque
768 2308 796 2335 in
827 2309 933 2343 optimo
959 2313 1033 2336 statu

246 2353 390 2380 exsistens.
403 2352 544 2379 Interdum
559 2352 587 2379 in
599 2352 780 2387 intelligentia
799 2353 917 2388 quadam
934 2361 966 2380 ac
987 2361 1033 2381 sa-

246 2398 350 2433 pientia
367 2398 511 2430 inetI'abili,
524 2403 553 2425 et
567 2398 666 2426 notitia
688 2398 807 2433 Spiritus
828 2399 1002 2426 inscrutahili
1017 2407 1033 2427 a

248 2445 333 2480 gratia
347 2444 511 2476 instituitur,
533 2445 606 2472 circa
622 2452 665 2477 ea,
681 2452 742 2480 quae
758 2452 810 2472 nec
820 2445 912 2480 lingua
925 2453 976 2473 nec
987 2453 1035 2474 ore

250 2492 344 2519 efferri
367 2496 481 2526 queunt.
506 2491 647 2519 Interdum
664 2496 695 2518 ut
727 2491 818 2526 quivis
837 2491 978 2519 hominum
994 2492 1034 2520 Iit.

250 2539 291 2566 Ita
306 2538 380 2566 varie
402 2537 491 2573 gratia
519 2542 646 2565 versatur
673 2538 700 2564 in
727 2537 771 2569 iis,
787 2545 819 2564 ac
833 2538 927 2565 multis
946 2539 1037 2566 modis

252 2584 328 2612 ducit
343 2583 473 2614 animam,
485 2591 615 2611 recreans
628 2584 706 2619 juxta
720 2584 890 2611 voluntatem
903 2584 1035 2618 divinam,

252 2634 417 2665 exercetque
447 2638 507 2657 eam
529 2629 724 2661 diversimode,
738 2634 768 2657 ut
793 2630 867 2657 illam
891 2630 1035 2666 integram,

251 2677 309 2712 80
336 2676 608 2711 irreprehensibilem
629 2681 713 2711 atque
736 2684 834 2711 puram
857 2677 929 2711 apud
956 2676 1039 2704 coale-

252 2727 322 2749 stem
338 2722 446 2749 Patrem
461 2722 622 2749 constituat.

289 2767 324 2794 Χ.
336 2767 471 2795 Cancrum
490 2767 627 2803 prmdictze
646 2767 689 2794 hm
713 2767 834 2803 Spiritus
856 2767 1039 2803 operationes,

1086 2264 1103 2300 ἡ
1118 2263 1191 2299 ψυχὴ
1206 2263 1395 2295 ἀναπαύεται,
1416 2264 1456 2294 εἰς
1474 2262 1559 2298 μόνην
1574 2261 1669 2297 ἡδονὴν
1686 2259 1870 2295 ’πνευματικὴν

1086 2311 1133 2338 καὶ
1148 2310 1300 2337 ἀνάπαυσιν
1317 2309 1437 2344 ἄρρητον
1451 2307 1528 2339 οὖσα,
1547 2308 1592 2334 καὶ
1606 2307 1744 2342 εὐθηνίαν.
1760 2306 1870 2332 Ἀλλοτε

1086 2358 1116 2383 ἐν
1129 2356 1237 2383 συνέσει
1248 2356 1302 2382 τινὶ
1317 2355 1364 2382 καὶ
1380 2355 1461 2391 σοφίᾳ
1473 2354 1597 2389 ἀρῤήτῳ,
1613 2353 1660 2380 καὶ
1674 2351 1773 2386 γνώσει
1787 2351 1872 2378 Ilvati-

1089 2410 1173 2438 ματος
1197 2400 1411 2436 ἀνεξερευνήτου
1440 2400 1493 2427 ὑπὸ
1516 2400 1566 2435 τῆς
1589 2400 1698 2434 χάριτος
1722 2397 1872 2431 σοφίζεται,

1088 2447 1159 2483 ἀπερ
1181 2447 1226 2474 διὰ
1247 2445 1374 2481 γλώσσης
1391 2446 1439 2473 καὶ
1455 2446 1589 2481 στόματος
1603 2445 1720 2480 λαλῆσαι
1733 2443 1873 2470 ἀδύνατον.

1091 2494 1203 2521 Ἀλλοτε
1229 2493 1325 2528 ὥσπερ
1347 2490 1386 2525 εἷς
1403 2492 1457 2519 τῶν
1473 2491 1624 2528 ἀνθρώπων
1641 2491 1777 2525 γίγνεται.
1797 2489 1874 2516 Οὕτω

1090 2540 1221 2572 ποικίλως
1243 2542 1272 2567 ἐν
1292 2541 1384 2572 αὐτοῖς
1404 2541 1421 2575 ἡ
1437 2541 1517 2576 χάρις
1532 2540 1746 2574 ἀναστρέφεται,
1765 2537 1810 2563 καὶ
1826 2544 1874 2562 πο-

1090 2586 1231 2622 λυτρόπως
1245 2587 1338 2622 ὁδηγεῖ
1353 2587 1401 2622 τὴν
1415 2586 1503 2621 ψυχὴν
1515 2585 1693 2612 ἀναπαύουσα
1708 2584 1779 2610 κατὰ
1791 2583 1821 2609 τὸ
1832 2581 1876 2607 θέ-

1090 2632 1165 2667 λημα
1182 2632 1229 2659 τοῦ
1245 2632 1330 2664 Θεοῦ,
1354 2633 1402 2659 καὶ
1418 2631 1551 2666 γυμνάζει
1567 2631 1652 2665 αὐτὴν
1667 2630 1813 2663 διαφόρως,
1833 2628 1876 2653 ἶνα

1090 2678 1197 2705 τελείαν
1225 2679 1272 2705 καὶ
1294 2679 1409 2714 ἄμωμον
1436 2677 1483 2704 καὶ
1505 2676 1628 2711 καθαρὰν
1660 2675 1698 2710 τῷ
1723 2674 1877 2709 ἐπουρανίῳ

1092 2724 1181 2759 Πατρὶ
1194 2725 1419 2761 ἀποκαταστήσῃ.

1128 2770 1158 2796 1'.
1189 2769 1282 2797 Ταῦτα
1297 2769 1326 2797 δὲ
1352 2769 1386 2797 τὰ
1403 2767 1589 2804 προειρημένα
1602 2766 1650 2794 τοῦ
1663 2766 1821 2801 Πνεύματος
1835 2764 1880 2791 ἐν·

291 2854 315 2870 ⁸·
329 2854 407 2882 Joan.
424 2863 471 2888 xu,
486 2856 531 2883 2L
569 2856 679 2884 "Joan.
694 2864 749 2889 xw,
762 2855 807 2883 25.
846 2856 868 2872 "
887 2855 987 2891 Ephes.
1001 2864 1038 2889 vr,
1059 2856 1093 2883 η
1104 2863 1162 2891 seq.

2042 243 2051 400 ξ
