2078 3151
218 156 271 189 Gil

830 154 1006 187 HOMILI/E
1028 167 1064 174 -
1081 155 1174 186 HOM.
1194 155 1276 188 XIX.

1805 154 1859 187 642

219 212 377 247 εργήματα,
399 211 526 246 μεγάλων
541 210 649 247 μέτρων
663 211 718 238 εισι
735 210 789 238 τῶν
805 211 888 246 ἐγγὺς
904 212 954 246 τῆς
966 218 1012 237 τε·

1066 209 1098 237 ad
1113 217 1253 238 summum
1270 208 1385 244 gradum
1396 210 1536 246 pertinent
1549 218 1657 245 eorum,
1672 210 1719 247 qui
1732 218 1857 248 proxime

220 256 358 292 λειότητος
372 251 468 283 ὅντων.
493 256 527 282 Δί
544 256 599 291 γὰρ
622 257 822 293 προειρημέναι
837 257 888 292 τῆς
903 258 1015 293 χ’άριτος

220 302 344 329 ποικίλαι
358 302 537 334 ἀναπαύσεις,
553 302 690 337 διαφόρως
705 303 755 337 μὲν
767 303 923 337 λαλοῦνται,
940 303 1016 330 ἀδια-

221 348 341 379 λείπτως
364 348 393 374 δὲ
419 348 459 380 εις
483 348 582 380 αὐτοὺς
606 349 796 384 ινεργοῦνται,
813 349 955 384 ἐνέργειαν
969 350 1016 376 ιν-

221 394 331 429 εργείας
356 391 560 428 διαδεχομένης.
578 394 665 421 Ὅταν
685 395 739 430 γὰρ
757 396 774 431 ἡ
789 394 864 431 ψυχὴ
881 395 952 430 πρὸς
965 395 1016 431 τὴν

215 439 381 475 ’τελειότητα
396 439 443 465 τοῦ
458 440 621 474 πνεύματος
634 440 807 477 καταντήσῃ,
823 440 934 473 τελείως
946 440 1016 468 πάν-

221 494 277 512 των
290 485 345 512 τῶν
358 484 453 512 παθῶν
468 485 736 521 ἀποκαθαρισθεῐσα,
753 487 800 514 καὶ
814 487 854 521 τῷ
866 487 1016 522 Παρακλή-

222 538 261 566 τῳ
276 529 418 565 Πντύματι
442 529 488 556 διὰ
512 529 560 565 τῆς
583 531 703 566 ἀρρήτου
725 532 868 564 κοινωνίας
883 532 1016 559 ἐνωθεῖσα

222 576 271 602 καὶ
292 574 497 610 ἁνακραθεῖσα,
521 576 569 602 καὶ
588 576 743 613 καταξιωθῇ
764 577 873 613 πνεῦμα
885 577 1016 612 γενέσθαι

224 621 436 656 συγκεκραμένη
464 619 503 655 τῷ
532 620 684 657 Πνεύματι,
712 622 773 649 τότε
797 623 846 659 ὅλη
869 624 944 658 φῶς,
968 623 1016 658 ὅλη

221 665 361 700 ὀψθαλμδς
370 686 378 699 ,
392 666 440 701 ὅλη
466 665 590 701 πνεῦμα,
612 667 672 694 ὅλον
682 667 768 703 χαρὰ,
782 668 842 695 ὅλον
855 668 1015 701 ἀνάπαυσις,

221 711 282 738 ὅλον
305 710 466 744 ἀγαλλίασις
475 730 484 743 ,
506 711 568 738 ὅλον
583 712 696 747 ἀγάπη,
712 713 773 739 ὅλον
788 713 941 749 σπλάγχνα,
956 714 1016 741 ὅλον

221 751 359 791 ἀγαθότης
369 757 417 784 καὶ
426 758 578 793 χρηστότης
588 758 812 796 γίνεται.’Ὢσπερ
822 760 877 796 γὰρ
889 762 917 787 ὲν
932 760 1017 788 ἀϐύσ-

223 810 263 837 σῳ
289 802 427 838 θαλάσσης
452 804 526 835 λίθος
551 805 718 840 πανταχόθεν
745 805 820 833 ὕδατι
846 806 1015 841 περιέχεται·

220 847 310 880 οὓτως
323 845 412 881 οὗτοι,
441 850 525 876 παντὶ
545 850 638 886 τρόπῳ
662 850 802 885 Πνεύματι
822 851 894 887 ἁγίῳ
917 852 1018 879 ἀνακε-

1069 261 1085 281 a
1104 254 1277 289 perfectione
1294 254 1405 282 absunt.
1422 255 1476 283 Illae
1493 257 1578 290 enim,
1595 264 1714 293 quarum
1739 258 1858 286 mentio-

1069 306 1132 327 nem
1151 299 1279 331 fecimus,
1302 299 1385 326 variae
1417 300 1624 329 moderationes
1648 301 1753 336 gratiae,
1782 301 1858 329 varie

1069 344 1181 379 quidem
1195 345 1400 380 exprimuntur.
1419 346 1527 374 assidue
1553 351 1645 374 tamen
1667 347 1696 374 in
1731 347 1860 375 homines

1069 394 1171 425 agunt,
1196 390 1305 418 actione
1334 390 1472 418 actionem
1500 391 1666 427 excipiente.
1699 392 1752 421 Ubi
1783 392 1859 420 enim

1068 436 1160 463 anima
1169 436 1202 463 ad
1214 435 1413 470 perfectionem
1428 437 1545 471 spiritus
1560 437 1729 472 pervenerit,
1738 437 1860 471 perfecte

1073 481 1108 509 ab
1124 482 1255 509 omnibus
1267 482 1414 510 affectibus
1428 488 1587 517 expurgata,
1599 487 1628 511 et
1647 482 1762 518 Spiritui
1778 480 1861 511 Para-

1069 526 1144 561 cieto
1153 534 1253 554 arcana
1262 527 1392 554 societate
1400 527 1476 554 unita
1484 527 1659 561 etpermista,
1666 535 1697 554 ac
1706 531 1859 562 temperata

1070 578 1133 598 cum
1154 571 1259 607 Spiritu
1270 571 1353 606 digna
1368 571 1488 599 habetur
1498 572 1558 599 ﬁeri
1576 572 1711 607 spiritus;
1728 576 1786 600 tum
1803 577 1860 601 tota

1069 616 1136 649 lux,
1150 620 1208 644 tota
1224 617 1331 649 oculus,
1348 621 1406 645 tota
1427 617 1554 652 spiritus,
1575 621 1632 645 tota
1647 618 1787 653 gaudium,
1802 623 1861 647 tota

1069 661 1227 695 delectatio,
1241 667 1298 690 tota
1318 663 1477 697 exsultatio,
1493 668 1549 691 tota
1565 663 1689 697 dilectio,
1701 668 1758 691 tota
1771 663 1860 691 visce-

1071 715 1111 740 ra,
1123 712 1181 735 tota
1204 708 1314 736 bonitas
1337 713 1366 736 et
1381 709 1529 737 clementia
1544 709 1584 736 ﬁt.
1607 708 1685 736 Sicut
1699 709 1774 736 enim
1789 708 1860 744 lapis‘

1070 753 1097 780 in
1111 753 1248 788 profundo
1261 754 1345 782 maris
1358 754 1480 789 undique
1502 762 1573 789 aqua
1585 754 1775 782 circumdatur
1793 761 1802 781 :
1819 754 1860 782 sic

1070 797 1110 828 hi,
1126 796 1202 824 omni
1219 797 1301 824 modo
1327 796 1443 832 Spiritui
1471 801 1568 825 sancto
1593 797 1728 832 permisti,
1755 797 1861 825 similes

1058 838 1140 869 'ﬁunt
1154 842 1268 875 Christi,
1286 843 1402 871 virtutes
1418 842 1549 878 potentia:
1563 843 1685 878 Spiritus
1698 847 1859 871 constanter

222 893 375 928 ιραμένοι,
402 885 599 930 ἀερομοιοῦνται
626 895 665 930 τῷ
689 895 815 931 Χριστῷ,
917 897 1014 932 ἀρετὰς

1069 885 1097 912 in
1113 893 1142 912 se
1156 885 1223 921 ipsis
1232 885 1483 927 obtinentes,intus
1497 885 1675 918 exsistentes,
1691 886 1782 913 omnis
1796 893 1856 913 ma-

222 939 272 973 τῆς
295 938 436 974 δυνάμεως
463 940 511 967 τοῦ
528 941 689 977 Πνεύματος
705 942 850 978 ἀτρέπτως
868 944 898 970 ἐν
910 943 1018 974 ἑαυτοῖς

223 984 349 1019 Εχοντες,
368 984 472 1014 ἔσωθεν
483 985 562 1018 ὅντες
574 986 687 1022 ἄμωμοι
697 1007 705 1021 ,
723 987 770 1014 καὶ
785 987 894 1015 ᾶσπιλοι
909 989 956 1015 καὶ
968 997 1018 1016 κα-

223 1030 313 1066 θαροί.

260 1077 312 1104 IA’.
331 1077 382 1104 Διὰ
395 1076 450 1114 γὰρ
465 1077 512 1105 τοῦ
527 1077 688 1112 ῐῐνεύματος
704 1078 943 1114 καταρτισθίντες,
958 1077 1017 1110 πῶς

220 1122 349 1149 δύνανται
372 1122 478 1158 καρπὸν
499 1122 598 1154 ἔξωθεν
613 1123 713 1154 κακίας
729 1123 915 1158 προαγαγεῖν;
937 1123 1017 1150 Ἀλλὰ

224 1167 338 1193 πάντοτε
364 1166 409 1193 διὰ
435 1166 564 1199 πάντων,
589 1166 614 1192 οι
633 1167 736 1202 καρποὶ
751 1165 797 1192 τοῦ
812 1166 973 1201 Πνεύματος
988 1166 1017 1192 ὲν

219 1213 316 1243 αὐτοῖς
346 1211 540 1246 διαλάμπουσι.
577 1211 822 1247 Παρακαλέσωμεν
848 1211 939 1238 τοίνυν
970 1211 1017 1237 καὶ

222 1257 303 1291 ἡμεῖς
311 1255 356 1282 τδν
366 1256 444 1287 Θεὸν,
453 1255 501 1283 καὶ
515 1254 706 1290 πιστεύσωμεν
719 1256 748 1282 ὲν
760 1255 856 1291 ἀγάπῃ
867 1256 914 1291 καὶ
927 1255 1016 1282 ὲλπίδι

224 1301 328 1337 πολλῇ,
357 1301 401 1328 ἵνα
426 1301 483 1336 δῴη
506 1302 572 1336 ἡμῖν
599 1301 648 1337 τὴν
673 1301 835 1336 ἐπουράνιον
862 1301 942 1336 χάριν
966 1302 1016 1336 τῆς

221 1347 327 1382 δωρεᾶς
339 1347 386 1374 τοῦ
400 1346 569 1382 Πνεύματος,
585 1347 629 1374 ἴνα
642 1347 689 1373 καὶ
699 1347 774 1382 ἡμᾶς
786 1346 852 1373 αὐτὸ
863 1347 894 1373 τὸ
904 1346 1016 1381 Πνεῦμα

223 1393 379 1429 κυϐερνήσῃ
394 1393 441 1420 καὶ
455 1392 577 1429 ὅδηγήσῃ
592 1393 631 1425 εις
645 1393 700 1419 πᾶν
714 1393 745 1419 τὸ
757 1392 864 1428 θέλημα
878 1392 925 1419 τοῦ
935 1392 1014 1425 Θεοῦ,

223 1439 271 1466 καὶ
293 1438 440 1474 ἀναπαύσῃ
454 1439 529 1474 ἡμᾶς
545 1439 575 1465 ὲν
590 1439 623 1474 τῇ
639 1438 808 1473 ποικιλόπτητι
823 1438 874 1473 τῆς
888 1438 1015 1466 ἀναπαύ-

224 1491 293 1515 σεως
311 1483 394 1510 αὑτοῦ
404 1503 413 1516 ,
433 1483 476 1510 ἵνα
492 1483 541 1524 ,διὰ
554 1484 604 1518 τῆς
619 1483 746 1518 τοιαύτης
761 1483 951 1519 κυϐερνήσεως
966 1483 1014 1511 καὶ

223 1529 271 1555 τοῦ
287 1528 451 1564 γυμνασμοῦ
465 1529 515 1564 τῆς
528 1529 650 1564 χάριτος,
669 1530 717 1556 καὶ
731 1529 875 1565 προκοπῆς
889 1537 1014 1562 πνιυμα·

222 1574 312 1609 τικῆς,
321 1573 536 1609 καταειωθῶμεν
553 1574 593 1606 είς
607 1574 657 1609 τὴν
671 1574 828 1610 τελειότητα
842 1574 890 1601 τοῦ
905 1574 1015 1611 πληρώ-

223 1627 309 1653 ματος
324 1618 373 1646 τοῦ
387 1618 505 1654 Χριστοῦ
524 1618 626 1654 φθάσαι
638 1639 646 1652 ,
663 1618 702 1651 ὦς
718 1627 800 1655 φησιν
812 1620 827 1646 ὁ
838 1619 1011 1652 ’Δπόστολος

224 1663 292 1690 Ἵνα
318 1662 497 1697 πληρωθῆτε
517 1664 562 1695 είς
585 1662 648 1691 πᾶν
668 1663 701 1690 τὸ
718 1663 865 1698 πλήρωμα
880 1664 934 1692 τοῦ
948 1665 1015 1699 Χρι-

221 1708 309 1736 στοῦ*
325 1708 374 1736 καὶ
388 1708 469 1736 πάλιν
479 1727 487 1741 ,
503 1709 598 1743 Μέχρι
612 1708 849 1743 καταντήσωμεν
862 1711 890 1736 οὶ
902 1709 1013 1743 πάντες

222 1755 267 1786 εις
280 1753 376 1788 ἄνδρα
388 1754 516 1785 τέλειον,
528 1755 572 1786 είς
580 1753 691 1789 μέτρον
700 1754 822 1788 ἡλικίας
833 1755 886 1782 τοῦ
895 1755 1015 1789 ,πληρώ-

219 1808 314 1835 ματος
336 1799 390 1827 τοῦ
414 1800 556 1834 Χριστοῦ.
582 1800 778 1836 Ἑπηγγείλατο
794 1801 809 1826 ὁ
824 1800 926 1836 Κύριος
946 1801 1013 1828 πᾶσι

222 1847 278 1877 τοῖς
301 1844 476 1872 πιστεύουσιν
496 1845 571 1881 αὐτῴ
582 1866 588 1878 ,
613 1846 660 1872 καὶ
674 1846 844 1881 αἰτουμένοις
859 1848 888 1873 ὲν
899 1846 1014 1882 ἀληθείᾳ

221 1890 398 1926 δωρήσασθαι
412 1890 447 1917 τά
463 1892 602 1926 μυστήρια
617 1891 665 1927 τῆς
677 1891 798 1927 ἁῤῥήτου
813 1891 954 1924 κοινωνίας
966 1892 1012 1918 τοῦ

223 1935 394 1971 Πνεύματος.
424 1936 479 1964 Καὶ
507 1937 587 1971 ἡμεῖς
607 1936 655 1964 οὖν
677 1936 807 1968 ὁλοτελῶς
832 1937 945 1969 ἑαυτοὺς
973 1937 1013 1972 τῷ

223 1981 320 2017 Κυρίῳ
335 1981 480 2014 ἀναθέντες
501 1983 555 2010 τῶν
573 1981 781 2018 προειρημένων
794 1982 905 2017 ἀγαθῶν
921 1984 1013 2018 τυχεῖν

223 2027 403 2063 σπεύσωμεν,
431 2027 504 2064 ψυχῇ
531 2029 579 2055 καὶ
604 2027 712 2063 σώματι
729 2028 946 2063 ἀφιερωθέντες,
965 2029 1013 2055 καὶ

222 2073 261 2109 τῷ
282 2073 391 2110 σταυρῷ
413 2073 460 2101 τοῦ
478 2073 597 2110 Χριστοῦ
620 2073 856 2110 προσηλωθέντες,
876 2075 946 2108 ἄξιοι
962 2075 1012 2111 τῆς

223 2119 332 2146 αἰωνίου
358 2119 498 2155 βασιλείας
521 2119 685 2155 γενώμεθα,
714 2119 869 2153 δοξάζοντες
891 2121 1010 2157 Πατέρα,

223 2165 270 2192 καὶ
281 2165 355 2197 Υίδν,
368 2166 415 2192 καὶ
427 2166 504 2200 ἅγιον
519 2165 641 2200 Πνεῦμα,
655 2166 695 2197 εἰς
710 2165 773 2197 τοὺς
785 2166 898 2193 αίῶνα·.
914 2166 1011 2202 Ἀμήν.

521 2221 642 2249 οΜΙΛΙΔ
660 2222 710 2248 Ιθο.

162 2289 175 2299 .
224 2268 256 2294 Ol
268 2268 439 2302 Χριστιανοὶ
450 2268 634 2302 προκόπτειν
646 2267 695 2294 καί
705 2267 890 2300 αὐξάνεσθαι
899 2269 1011 2300 ,ϐουλά

254 2311 338 2337 μενοι
367 2303 546 2337 ὀφείλουσιν
558 2303 687 2335 ἑαυτοὺς
697 2303 854 2335 ,ϐιάζεσθαι
867 2304 939 2337 πρὸς
950 2303 1012 2331 πᾶν

257 2338 289 2364 τὸ
308 2338 438 2372 ἀγαθὸν,
462 2337 541 2364 ὥστε
559 2337 744 2372 λυτροῦσθαι
755 2337 868 2371 αὐτοὺς
882 2339 940 2365 ἀπὸ
956 2337 1012 2372 τῆς

255 2372 437 2408 ἐνοικορσης
460 2372 624 2407 ἁμαρτίας,
654 2372 704 2400 καὶ
727 2373 901 2407 Πνεύματος
924 2373 1011 2408 ἁγίου

257 2406 454 2441 πληροῦσθαι.

257 2466 297 2492 Δ’.
317 2465 346 2493 '0
361 2464 523 2501 βουλόμενος
536 2465 696 2501 προσελθεῖν
708 2466 748 2501 τῷ
760 2466 866 2502 Κυρίῳ,
880 2466 927 2493 καὶ
939 2466 1011 2501 ζωῆς

221 2510 333 2537 αἰωνίου
343 2510 547 2545 καταξιωθῆναι
558 2512 605 2537 καὶ
616 2512 826 2547 κατοικητήριον
836 2511 883 2538 τοῦ
892 2510 1011 2547 Χριστοῦ

221 2555 367 2590 γενέσθαι,
394 2556 441 2583 καὶ
465 2556 625 2591 Πνεύματος
647 2556 726 2589 ἁγίου
754 2557 949 2593 πληρωθῆναι,
968 2557 1011 2585 ἵνα

221 2600 284 2632 τοὺς
311 2600 436 2636 καρποὺς
464 2599 513 2626 τοῦ
541 2600 698 2636 Πνεῦματος
713 2621 722 2633 ,
754 2599 810 2627 καῖ
827 2601 877 2633 τὰς
902 2601 1011 2634 ἐντολὰς

220 2645 267 2672 τοῦ
280 2645 399 2680 Χριστοῦ
414 2645 515 2681 δυνηθῇ
532 2646 642 2681 ποιῆσαι
663 2646 790 2681 καθαρῶς
812 2647 858 2673 καὶ
875 2647 1009 2683 ἀμώμως,

221 2690 297 2725 οὗτος
318 2692 422 2727 ὀφείλει
438 2691 571 2726 ἄρξασθαι
588 2691 696 2727 πρῶτον
712 2691 851 2718 πιστεύειν
864 2692 903 2728 τῷ
916 2694 1011 2729 Κυρίῳ

222 2737 358 2773 βεϐαίως,
384 2737 431 2764 καὶ
456 2736 593 2763 ἐπιδοῦναι
614 2736 711 2766 ἑαυτὸν
732 2736 761 2768 ἐξ
774 2736 837 2763 ὅλου
852 2739 907 2770 τοῖς
921 2739 1011 2773 λόγοις

221 2782 275 2808 τῶν
297 2780 413 2809 ἐντολῶν
437 2780 521 2807 αὐτοῦ
535 2800 542 2813 ,
571 2780 618 2806 καὶ
644 2780 833 2813 ἀποτάξασθαι
857 2782 897 2818 τῷ
915 2783 1010 2819 κόσμῳ

258 2850 282 2865 ’⁸
296 2849 398 2885 Ephes.
412 2857 451 2881 ιιι,
466 2849 510 2877 i0.
547 2848 570 2865 “
585 2849 686 2884 Ephes.
697 2857 734 2881 Iv,
752 2849 794 2878 15.

406 2897 543 2926 ΡΑτιιοι..
559 2895 617 2925 Gn.
638 2895 779 2925 XXXIV.

1069 928 1138 956 cules
1146 936 1178 956 ac
1190 928 1415 964 reprehensionis
1426 923 1554 963 expertes
1568 934 1653 964 atque
1666 927 1741 963 puri.

1092 1063 1150 1091 'Xl.
1164 1063 1234 1091 Cum
1243 1063 1317 1091 enim
1332 1071 1382 1099 per
1393 1063 1528 1098 Spiritum
1544 1063 1601 1091 sint
1613 1063 1774 1095 restaurati,
1787 1070 1859 1098 quo-

1067 1108 1150 1136 modo
1162 1113 1240 1136 extra
1256 1113 1372 1143 possunt
1387 1108 1508 1136 fructum
1523 1108 1633 1136 malitias
1651 1108 1794 1144 proferre?
1807 1109 1860 1136 Ve-

1068 1162 1129 1181 rum
1143 1158 1279 1189 perpetuo
1290 1161 1340 1189 per
1349 1154 1443 1181 omnia
1455 1153 1564 1182 fructus
1575 1154 1695 1189 Spiritus
1706 1154 1735 1182 in
1748 1155 1783 1182 iis
1794 1155 1857 1183 eni-

1068 1203 1186 1227 tescunt.
1202 1199 1320 1227 Oremus
1337 1198 1422 1234 igitur
1435 1206 1547 1234 quoque
1562 1206 1614 1227 nos
1626 1199 1726 1232 Deum,
1743 1204 1772 1227 et
1795 1207 1858 1227 cre-

1066 1245 1166 1273 damus
1188 1245 1217 1272 in
1240 1244 1389 1272 dilectione
1402 1251 1435 1271 ac
1457 1252 1506 1279 spe
1529 1252 1638 1279 magna,
1667 1249 1699 1272 ut
1725 1244 1858 1280 largiatur

1066 1290 1148 1317 nobis
1174 1290 1315 1318 caelestem
1338 1288 1454 1324 gratiam
1469 1288 1535 1316 doni
1549 1288 1679 1324 Spiritus,
1695 1294 1725 1317 ut
1748 1294 1778 1317 et
1804 1295 1857 1318 nos

1067 1335 1125 1370 ipse
1142 1335 1263 1370 Spiritus
1274 1335 1421 1370 gubernet,
1443 1338 1471 1362 et
1487 1335 1571 1363 ducat
1586 1335 1621 1362 ad
1633 1342 1743 1363 omnem
1755 1335 1857 1363 volun-

1067 1385 1151 1408 tatem
1160 1380 1293 1413 divinam,
1304 1387 1337 1407 ac
1354 1387 1405 1408 nos
1420 1380 1526 1409 reﬁciat
1540 1380 1624 1408 variis
1634 1380 1741 1415 requiei
1755 1380 1855 1412 modis.

1066 1430 1097 1453 ut
1107 1433 1159 1461 ope
1174 1425 1256 1461 hujus
1264 1425 1483 1461 gubernationis,
1490 1430 1519 1453 et
1532 1425 1740 1453 exercitationis
1750 1425 1855 1461 gratiae,

1065 1477 1098 1498 ac
1122 1470 1307 1506 promotionis
1342 1470 1512 1505 spiritualis,
1539 1470 1615 1506 digni
1640 1471 1792 1498 habeamur
1821 1471 1857 1498 ad

1066 1515 1266 1552 perfectionem
1282 1515 1463 1551 plenitudinis
1476 1515 1579 1544 Christi
1593 1516 1752 1552 pervenire,
1773 1521 1805 1544 ut
1816 1517 1859 1544 in-

1067 1561 1128 1596 quit
1141 1561 1289 1596 Apostolus
1307 1569 1315 1588 :
1332 1561 1366 1589 Ut
1382 1561 1549 1597 impleamini
1560 1562 1589 1589 in
1601 1569 1706 1589 omnem
1716 1562 1858 1597 plenitudi-

1066 1615 1126 1634 rtem
1153 1607 1252 1635 Christi
1263 1607 1297 1634 ".
1320 1607 1355 1635 Et
1380 1615 1492 1635 rursum
1515 1616 1522 1635 :
1550 1607 1640 1634 Donec
1673 1608 1857 1643 perveniamus

1065 1661 1156 1680 οιηηεε
1167 1653 1196 1680 in
1208 1653 1295 1680 uirum
1310 1653 1465 1688 perfectum,
1485 1653 1512 1680 in
1533 1661 1686 1680 mensuram
1701 1654 1789 1681 ωεαιίε
1803 1653 1859 1689 ple-

1066 1698 1193 1725 nitudinis
1215 1698 1313 1726 Christi
1324 1698 1357 1725 '°.
1375 1698 1506 1726 Promisit
1526 1699 1661 1726 Dominus
1682 1699 1811 1727 omnibus
1827 1699 1857 1727 in

1065 1752 1095 1772 se
1106 1744 1294 1777 credentibus.
1308 1749 1336 1772 et
1349 1744 1377 1771 in
1393 1745 1510 1772 veritate
1521 1745 1737 1779 postulantibus,
1757 1753 1787 1774 se
1802 1746 1860 1773 lar-

1064 1790 1187 1825 giturum
1200 1790 1330 1825 mysteria
1345 1789 1494 1817 ineifabilis
1506 1790 1712 1818 communionis
1724 1790 1855 1826 Spiritus.

1064 1834 1241 1870 Quapropter
1270 1834 1381 1869 penitus
1408 1842 1459 1862 nos
1485 1834 1561 1869 ipsos
1583 1835 1701 1862 Domino
1715 1842 1858 1863 consecre-

1064 1888 1137 1912 mus,
1149 1884 1178 1908 et
1188 1880 1222 1907 ad
1237 1880 1368 1915 prmdicta
1385 1879 1456 1907 bona
1475 1880 1670 1915 consequenda
1681 1880 1856 1913 festinemus,

1064 1933 1180 1961 corpore
1205 1925 1352 1960 animoque
1387 1925 1560 1957 consecrati,
1588 1928 1616 1952 et
1643 1925 1721 1952 cruci
1750 1924 1855 1952 Christi

1063 1971 1146 2002 aliixi,
1180 1969 1256 2006 digni
1283 1977 1368 2005 regno
1395 1973 1499 1997 κίοι-ηο
1529 1970 1644 2001 ﬁamus,
1668 1969 1856 2004 gloriﬁcantes

1063 2015 1190 2049 Patrem,
1222 2015 1321 2044 Filium
1343 2021 1371 2044 et
1385 2015 1516 2051 Spiritum
1541 2019 1668 2043 sanctum
1692 2014 1721 2042 in
1740 2014 1853 2043 secula.

1062 2062 1160 2088 Amen.

1338 2212 1480 2241 HOMILIA
1506 2212 1578 2240 XIX.

1063 2257 1207 2286 Christiani
1240 2257 1367 2292 proﬁcere
1389 2263 1414 2285 et
1437 2267 1551 2286 crescere
1562 2259 1686 2292 valentes,
1709 2259 1801 2287 debent
1824 2267 1853 2287 se

1097 2294 1123 2320 vi
1142 2293 1299 2329 compellere
1319 2294 1355 2329 ad
1371 2302 1448 2320 omne
1462 2294 1489 2320 id
1513 2295 1582 2329 quod
1595 2295 1691 2321 bonum
1705 2299 1753 2326 est,
1768 2299 1798 2321 ut
1819 2294 1852 2321 li-

1098 2328 1222 2389 berentur
1234 2328 1265 2355 ab
1282 2328 1445 2355 inhabitante
1460 2328 1576 2363 peccato,
1593 2333 1617 2356 et
1633 2329 1736 2364 Spiritu
1758 2333 1851 2356 sancto

1098 2371 1144 2398 rep
1157 2368 1262 2390 cantur.

1098 2463 1118 2489 l.
1134 2462 1186 2495 Qui
1205 2464 1318 2496 exoptat
1344 2461 1477 2489 accedere
1501 2461 1535 2489 ad
1565 2461 1724 2494 Dominum,
1747 2467 1775 2489 et
1795 2463 1851 2490 vita

1062 2514 1164 2535 .eterna
1180 2507 1280 2542 dignus
1297 2506 1404 2537 haberi.
1418 2506 1589 2534 domicilium
1608 2506 1711 2534 Christi
1731 2507 1801 2540 ﬁeri,
1818 2514 1851 2534 ac

1063 2553 1165 2589 Spiritu
1189 2556 1284 2580 sancto
1307 2552 1421 2587 repleri,
1444 2559 1500 2587 quo
1512 2552 1618 2580 fructus
1648 2552 1769 2587 Spiritus
1784 2558 1850 2586 pro-

1066 2599 1181 2631 ducere,
1193 2603 1222 2626 et
1239 2598 1367 2625 mandata
1381 2597 1484 2626 Christi
1507 2597 1598 2625 facere
1618 2605 1686 2633 pure
1706 2602 1734 2626 et
1746 2597 1850 2632 absque

1063 2645 1281 2681 reprehensione
1296 2645 1394 2679 possit,
1413 2644 1459 2671 ille
1476 2643 1542 2671 hinc
1561 2643 1670 2671 initium
1695 2647 1795 2675 sumat,
1821 2647 1851 2669 ut

1062 2692 1089 2719 in
1110 2691 1207 2727 primis
1236 2690 1352 2717 ﬁrmiter
1376 2689 1492 2717 Domino
1520 2689 1637 2724 credat,
1658 2696 1743 2725 seque
1762 2692 1849 2715 totum

1062 2737 1152 2765 tradat
1178 2735 1322 2772 praeceptis
1344 2742 1375 2763 ac
1399 2734 1533 2763 mandatis
1561 2735 1632 2771 ejus,
1647 2743 1680 2762 ac
1709 2733 1851 2762 renuntiet

1062 2782 1166 2811 mundo
1192 2789 1242 2818 per
1263 2780 1366 2814 omnia,
1387 2788 1421 2809 ne
1445 2780 1502 2808 ullo
1527 2780 1609 2808 modo
1633 2781 1706 2810 circa
1722 2788 1766 2813 ca,
1788 2787 1850 2815 qua:

1651 2893 1687 2924 21
