2078 3151
226 161 280 192 643

860 150 891 180 S.
912 122 1072 178 ΜᾸΟΛΒΙΙ
1093 144 1255 176 ιἘΟΥΡΤΙΙ

1804 135 1858 166 644

230 214 319 243 oculis
335 214 441 247 patent,
468 214 524 237 tota
550 207 611 243 ejus
631 213 710 234 mens
731 208 892 240 occupetur.
916 201 1021 230 Deinde

1082 200 1145 227 ιατὰ
1166 199 1256 226 πάντα
1268 218 1276 230 ,
1303 196 1347 223 ῐνα
1367 203 1406 231 μη
1422 194 1485 230 περί
1500 201 1526 220 τι
1543 192 1597 219 τῶν
1611 189 1781 226 φαινομένων
1797 189 1860 216 ὅλος

1129 245 1141 247 —
1176 245 1182 247 -
1238 244 1268 247 .-
1345 243 1367 247 --
1389 241 1395 247 .
1432 241 1438 247 .
1488 240 1493 247 .
1549 239 1555 247 .
1583 238 1592 247 .
1628 236 1679 247 Α,
1699 235 1778 247 __._,_,
1793 235 1846 247 ,ιη

227 266 338 296 quoque
353 260 464 292 oportet
476 263 539 283 eum
559 256 695 289 perpetuo
710 251 739 278 in
753 251 878 278 oratione
891 255 1019 284 perseve—

227 293 302 337 rare,
325 304 353 331 in
380 302 433 329 fide
449 307 511 336 quae
533 302 674 333 exspectat
701 295 860 328 Dominum,
886 293 1020 321 visitatio-

228 357 293 377 nem
315 351 344 376 et
355 347 488 374 auxilium
509 345 570 380 ejus
590 350 700 378 semper
724 344 941 377 exspectantem,
959 346 1021 366 seo-

230 401 351 430 pumque
368 392 469 419 mentis
481 398 538 418 suae
553 396 586 417 eo
609 396 716 423 semper
731 387 906 423 dirigentem.
916 384 1020 412 Deinde

232 434 399 473 compellere
412 439 521 470 oportet
538 442 567 462 se
578 433 666 469 ipsum
685 433 719 460 ad
731 439 813 459 omne
823 438 894 466 opus
905 430 1020 462 bonum,

231 485 285 520 ει
302 488 331 510 et
345 481 378 510 ad
403 481 496 509 omnia
523 480 651 508 mandata
670 478 789 510 Domini,
805 480 918 512 propter
943 475 1022 502 inna«

234 519 293 556 tum
310 529 362 556 sibi
379 530 531 562 peccatum.
558 525 650 554 Veluti
670 523 816 557 compellat
836 528 866 549 se
883 521 972 556 ipsum
988 519 1023 547 ad

234 574 433 602 demissionem
447 571 532 598 animi
544 578 637 598 coram
657 569 786 595 omnibus
804 566 974 599 hominibus,
992 572 1024 592 ac

234 628 264 647 se
277 619 438 646 inferiorem
456 621 484 644 et
503 616 679 651 abjectiorem
703 613 850 645 existimet,
872 619 929 639 non
954 618 1025 646 qure-

239 672 305 691 rens
333 664 478 695 honorem,
499 661 618 692 laudem,
637 664 685 686 aut
707 658 821 694 gloriam
846 665 861 684 a
885 663 1025 692 quoquam

238 709 395 741 hominum,
414 712 444 735 ut
459 708 486 734 in
497 705 646 741 Evangelio
660 705 790 739 scriptum
801 707 859 731 est:
876 702 924 730 sed
937 702 1026 729 solum

237 756 384 784 Dominum
415 761 522 788 semper
539 753 574 779 oh
600 751 695 779 oculos
720 750 830 780 habeat,
852 753 880 776 et
899 748 1027 776 mandata

239 802 310 835 ejus,
336 800 387 834 ipsi
408 799 459 826 soli
484 798 593 833 placere
618 796 733 823 studens
756 795 783 822 in
814 793 1027 821 mansuetudine

238 845 341 875 cordis.
357 849 388 871 ut
409 843 499 880 inquit
518 841 670 869 Dominus:
691 840 789 867 Discite
803 849 819 866 a
837 847 877 866 me
893 839 961 874 quod
975 839 1026 864 mi-

1069 248 1084 274 ὁ
1096 245 1159 279 νοῦς
1170 244 1329 280 ὰσχολῆται.
1345 241 1401 270 Καὶ
1415 241 1455 272 εἰς
1467 240 1519 275 τὴν
1530 238 1613 273 εὐχὴν
1628 236 1682 272 χρὴ
1696 235 1778 262 αὑτὸν
1792 235 1861 262 πάν-

1070 301 1131 319 τοτε
1142 289 1369 327 προσκαρτερεῖν,
1383 288 1412 314 ὲν
1422 286 1514 313 πίστει
1525 283 1689 319 προσδοκίας
1699 281 1745 308 τοῦ
1755 280 1859 316 Κυρίου

1070 338 1120 372 τὴν
1136 326 1282 371 ἐπίσκεψιν
1304 335 1352 362 καὶ
1378 332 1506 369 βοήθειαν
1520 329 1603 358 αὑτοῦ
1623 329 1739 356 πάντοτε
1754 326 1862 361 ἐκδεχό-

1073 392 1154 419 μενον
1166 403 1174 415 ,
1201 382 1248 410 τὸν
1264 380 1365 408 σκοπὸν
1385 379 1433 406 τοῦ
1447 378 1506 410 νοδς
1520 375 1604 404 αὑτοῦ
1622 376 1662 406 είς
1673 373 1752 400 τοῦτο
1767 372 1863 408 ἔχοντα

1071 430 1115 456 διὰ
1131 429 1243 460 παντὸς.
1273 425 1339 454 Εἶτα
1357 424 1498 461 βιάζεσθαι
1515 422 1568 458 χρὴ
1585 422 1682 448 ἑαυτὸν
1697 422 1737 452 είς
1751 420 1804 447 πᾶν
1815 419 1868 454 Ep:

1073 484 1121 511 γον
1137 475 1238 510 άγαθδν
1263 473 1312 500 καὶ
1335 473 1375 504 εἰς
1390 472 1481 502 πάσας
1499 470 1548 501 τὰς
1565 468 1674 500 ἐντολὰς
1687 466 1735 494 τοῦ
1749 466 1864 502 Κυρίου,

1073 522 1118 549 διὰ
1140 522 1190 556 τὴν
1208 519 1342 547 συνοῦσαν
1358 517 1432 552 αὺτῷ
1446 515 1584 552 ἁμαρτίαν
1597 522 1603 530 ·
1633 511 1689 540 οἷον
1702 533 1710 546 ,
1729 511 1865 548 βιαζισθω

1075 568 1170 595 ἑαυτὸν
1187 567 1227 598 είς
1238 566 1269 593 τὸ
1282 564 1502 599 ταπεινοφρονεω
1518 562 1632 588 ἐνώπιον
1648 558 1749 591 παντὸς
1761 557 1866 594 ἀνθρώ-

1075 623 1128 641 που
1140 634 1148 646 ,
1173 612 1221 639 καὶ
1244 610 1339 638 ἑαυτὸν
1365 609 1468 636 ἐλάττω
1483 606 1608 644 ἡγεῖσθαι
1626 605 1676 632 καὶ
1688 604 1808 641 χείρονα,
1828 603 1866 639 μὴ

1076 660 1166 695 ζητῶν
1187 658 1271 693 τιμὴν
1285 677 1292 690 ,
1317 657 1335 693 ἢ
1358 656 1480 688 ἔπαινον,
1498 654 1515 689 ἢ
1528 653 1609 686 δόξαν
1622 650 1775 687 ἀνθρώπων
1790 650 1868 685 παρά

1076 713 1159 737 τινος,
1176 703 1271 735 καθὼς
1286 704 1315 730 tv
1328 702 1367 737 τῷ
1379 700 1540 735 Εὑαγγελίῳ
1553 699 1719 734 γέγραπται·
1736 696 1806 724 ἀλλὰ.
1820 696 1868 731 μό-

1077 761 1122 780 νον
1139 736 1189 778 γάεὶ
1207 750 1253 777 τὸν
1267 736 1369 785 Κύριον
1385 747 1438 783 πρὸ
1452 745 1599 782 ὀφθαλμῶν
1612 745 1682 780 ἔχων
1697 743 1744 771 καὶ
1757 736 1807 775 τάς
1823 743 1867 770 tv-

1077 798 1157 830 τολάς
1167 796 1261 829 αὑτοῦ,
1276 795 1350 830 αὐτῷ
1364 794 1523 830 βουλόμενος
1537 792 1664 827 ὸρέσκειν
1681 790 1754 826 μόνῳ
1767 791 1806 821 είς
1819 789 1869 824 τὴν

1079 844 1221 880 πραότητα
1235 843 1285 877 τῆς
1299 841 1423 877 καρδίας,
1442 839 1479 870 ὥς
1494 846 1577 874 φησιν
1590 838 1604 864 ό
1616 836 1720 872 Κύριος
1732 843 1739 851 ·
1754 835 1868 863 udam

238 892 270 918 tis
284 899 342 917 sum
369 894 392 916 et
413 889 518 916 humilis
533 887 620 919 corde,
634 891 659 914 et
680 886 818 914 invenietis
839 885 956 920 requiem
972 884 1028 911 ani-

1082 876 1128 917 ἀπ’
1142 876 1216 923 ἐμοῦ
1238 887 1283 914 ὅτι
1298 876 1394 920 πρᾶός
1407 885 1466 920 ειμι
1483 883 1533 911 καί
1547 882 1688 915 ταπεινὸς
1703 880 1740 915 τῇ
1753 880 1869 915 καρδίᾳ,

239 936 331 964 multus
343 935 435 962 vestris
444 935 480 960 "'.

274 981 308 1009 ll.
324 981 421 1008 Itidem
439 983 468 1006 ut
493 979 529 1006 sit
555 977 725 1010 misericors,
749 976 897 1011 benignus,
923 983 1029 1010 pronus

240 1026 274 1053 ad
293 1024 479 1052 miserandum
491 1031 523 1051 ac
534 1023 634 1055 bonus,
649 1029 697 1057 pro
712 1021 818 1048 viribus
830 1021 888 1048 suis
896 1028 926 1048 se
934 1028 1030 1048 assue-

240 1071 334 1102 faciat,
351 1075 382 1097 ut
402 1069 491 1104 inquit
507 1068 640 1096 Dominus
657 1076 664 1094 :
684 1067 774 1094 Extote
789 1067 848 1093 boni
864 1074 895 1092 ac
915 1065 1030 1100 benigni,

240 1115 306 1142 sicut
330 1113 407 1140 Pater
425 1116 509 1139 vester
523 1111 633 1138 ccclesiis
656 1111 803 1137 misericors
818 1114 855 1135 est
864 1109 896 1135 ".
915 1109 949 1136 Et
969 1116 1032 1135 rur-

242 1168 290 1188 sus
303 1160 412 1194 inquit:
429 1157 457 1185 δε
469 1157 578 1192 diligitis
596 1160 788 1191 mc,prwcepta
810 1163 868 1181 mea
888 1154 1030 1181 servate".

242 1206 276 1236 Et
300 1212 417 1232 rursus:
442 1203 470 1230 Si
488 1202 637 1230 contendite
659 1202 762 1227 intrare
785 1208 832 1235 per
853 1204 957 1234 portam
982 1207 1032 1225 an-

243 1255 350 1287 gustam
364 1251 384 1276 ¹.
400 1249 458 1276 Pnc
473 1247 603 1275 omnibus
623 1246 808 1273 humilitatem
825 1245 944 1277 Domini,
959 1245 1032 1279 ejus-

242 1304 296 1331 que
319 1294 429 1322 vivendi
443 1294 588 1325 rationem,
606 1291 848 1319 mansuetudinem
875 1298 907 1318 ac
919 1297 1034 1317 conver-

243 1341 388 1372 sationem,
421 1343 550 1373 tanquam
574 1337 715 1371 exemplar
744 1336 772 1363 in
801 1335 876 1362 omni
902 1334 1034 1362 memoria

243 1387 357 1414 minime
384 1384 521 1411 obliviosa
544 1377 714 1414 retineatﬁn
737 1380 912 1408 orationibus
938 1387 1034 1415 perse-

243 1434 332 1462 veret,
349 1437 459 1464 semper
473 1435 555 1456 orans
566 1428 594 1454 in
608 1427 672 1460 ﬁde,
685 1431 715 1454 ut
726 1426 860 1453 Dominus
874 1425 977 1456 veniat,
987 1425 1035 1452 ha-

244 1476 314 1502 bitet
343 1475 370 1501 in
399 1481 444 1506 eo,
471 1476 644 1500 consummet
669 1479 700 1499 ac
725 1472 886 1499 corroboret
907 1477 971 1497 eum
1006 1471 1032 1498 in

245 1523 374 1550 omnibus
391 1521 527 1548 mandatis
542 1520 616 1553 suis;
634 1524 716 1554 atque
733 1519 816 1546 etiam
829 1519 888 1553 ipse
902 1519 1034 1546 Dominus

246 1568 294 1594 ﬁat
314 1566 484 1593 domicilium
510 1564 628 1596 animae;
646 1569 674 1590 et
693 1564 731 1590 ita
746 1571 807 1598 qua:
825 1571 900 1590 nunc
915 1563 941 1590 vi
956 1563 1034 1590 inviti

246 1613 339 1640 cordis
352 1611 428 1642 facit,
441 1615 539 1645 sponte
549 1609 697 1644 aliquando
715 1613 836 1643 peragat,
850 1609 1036 1636 assuefaciens

246 1667 276 1686 se
294 1659 383 1693 ipsum
396 1661 529 1692 perpetuo
548 1655 583 1683 ad
607 1655 634 1683 id
650 1655 724 1690 quod
737 1655 839 1682 bonum
856 1659 908 1686 est.
928 1655 1035 1682 Domini

247 1711 356 1738 semper
372 1701 534 1734 recordans,
547 1705 574 1728 et
588 1704 752 1735 exspectans
774 1707 837 1727 eum
858 1703 992 1734 perpetuo
1007 1698 1036 1725 in

246 1757 353 1777 summa
377 1747 536 1775 dilectione.
561 1746 632 1774 Tum
663 1752 729 1773 vero
760 1745 905 1776 Dominus,
927 1744 1036 1779 cognito

248 1800 325 1822 tanto
342 1794 402 1829 ejus
425 1792 567 1828 proposito
589 1796 619 1819 et
641 1791 758 1818 consilio
771 1798 803 1817 ac
819 1790 949 1817 laudabili
976 1789 1036 1824 ejns

247 1840 350 1872 studio,
366 1839 483 1866 nimium
507 1837 647 1872 quomodo
661 1844 691 1864 se
723 1835 870 1870 compellat
890 1840 920 1862 ut
941 1834 1036 1861 Domi-

247 1893 313 1912 num
324 1885 353 1911 in
369 1883 504 1911 memoria
521 1882 648 1914 retineat,
660 1886 689 1908 et
698 1880 733 1908 ad
749 1881 775 1907 id
786 1879 860 1915 quod
868 1879 970 1906 bonum
982 1884 1037 1912 est,

248 1932 282 1959 ad
301 1929 544 1958 mansuetudinem
559 1936 591 1956 ac
609 1927 785 1955 dilectionem
805 1934 853 1953 cor
865 1927 908 1953 vel
921 1925 1036 1953 invitum

247 1977 407 2012 compellat,
422 1983 454 2003 ac
469 1975 571 2010 dirigat
587 1982 638 2009 pro
651 1974 758 2001 viribus
776 1973 833 2000 suis
845 1972 918 1999 omni
931 1971 1036 1999 violen-

248 2024 301 2056 tia;
317 2026 428 2049 exercet
439 2022 467 2048 in
481 2029 545 2048 eum
568 2019 788 2047 misericordiam
805 2026 893 2051 suam,
909 2022 938 2045 et
962 2018 1036 2045 redi—

248 2070 298 2096 mit
311 2075 375 2095 eum
399 2067 434 2094 ab
449 2067 570 2094 inimicis
582 2066 650 2099 suis,
671 2070 699 2092 et
717 2065 890 2092 inhabitante
912 2068 1035 2099 peccato,

249 2113 351 2148 Spiritu
375 2119 439 2140 eum
476 2115 571 2138 sancto
598 2110 707 2145 replens
725 2113 774 2142 ;et
799 2107 1036 2143 ita-postmodum

248 2161 352 2194 absque
368 2159 423 2185 ulla
439 2158 465 2184 vi
480 2165 512 2184 ac
524 2157 618 2184 labore
632 2163 698 2183 vere
719 2155 784 2182 facit
798 2155 890 2182 omnia
909 2153 1037 2182 mandata

1079 935 1129 962 καὶ
1143 933 1288 968 εὑρήσετε
1300 931 1474 960 ἀνάπαυσιν
1488 930 1553 963 ταῖς
1566 928 1679 964 ψυχαῖς
1689 927 1783 963 ὑμῶν.

1116 979 1154 1007 B'.
1188 979 1308 1014 ὀμοίως
1336 979 1377 1009 είς
1406 977 1436 1003 τὸ
1461 974 1532 1002 εἶναι
1559 974 1712 1010 ἐλεήμονα,
1737 971 1869 1008 χρηστὸν,

1080 1026 1278 1060 εὖσπλαγχνον,
1293 1023 1408 1058 ἀγαθὸν,
1427 1023 1476 1057 ὅση
1493 1021 1621 1056 δύναμις,
1637 1018 1732 1046 ἑαυτὸν
1747 1017 1871 1050 ὲθιζὲτω,

1081 1070 1119 1104 ὥς
1139 1080 1222 1106 φησιν
1237 1071 1252 1096 ὁ
1269 1069 1380 1105 Κύριος·
1396 1068 1525 1095 Γίνεσθε
1543 1064 1649 1100 ἀγαθοί
1664 1064 1716 1092 καὶ
1731 1065 1870 1099 χρηστοί,

1081 1116 1179 1149 καθὼς
1200 1115 1250 1142 καὶ
1270 1116 1286 1141 ό
1309 1113 1410 1147 Πατὴρ
1424 1111 1509 1147 ὑμῶν
1527 1113 1545 1139 ὁ
1557 1110 1697 1145 οὐράνιος
1713 1109 1872 1143 olm/pqu

1081 1162 1158 1188 ἐστι.
1191 1160 1245 1187 Καὶ
1270 1159 1350 1186 πάλιν
1374 1158 1472 1193 φησιν·
1504 1157 1572 1183 Ἐὰν
1592 1154 1726 1191 ἀγαπᾶτέ
1741 1163 1798 1189 με,
1817 1153 1872 1186 τὰς

1082 1205 1210 1238 ἐντολάς
1239 1213 1300 1240 μου
1326 1203 1496 1238 τηρήσατε·
1527 1202 1575 1229 καὶ
1604 1201 1698 1228 πάλιν·
1731 1199 1873 1230 Βιάζὶςσοε

1082 1251 1232 1279 είσελθεῖν
1253 1250 1302 1277 διὰ
1321 1249 1375 1283 τῆς
1392 1248 1504 1282 στενῆς
1528 1247 1629 1282 θύρας.
1660 1246 1723 1272 Ἐπὶ
1738 1245 1805 1272 πᾶσι
1822 1244 1872 1280 τὴν

1082 1297 1130 1324 τοῦ
1145 1296 1248 1332 Κυρίου
1261 1295 1426 1322 ταπείνωσιν
1441 1294 1489 1321 καὶ
1501 1293 1650 1323 πολιτείαν,
1666 1291 1714 1319 καὶ
1724 1291 1773 1327 τὴν
1787 1290 1873 1326 πραό-

1083 1351 1164 1378 τητα,
1186 1342 1235 1369 καὶ
1250 1341 1299 1377 τὴν
1316 1338 1490 1375 ἀναστροφὴν
1502 1358 1510 1371 ,
1531 1337 1626 1373 ὥσπερ
1643 1336 1828 1371 ὑπογραμμὸν
1843 1336 1874 1361 ὲν

1084 1388 1161 1423 πάσῃ
1178 1388 1273 1423 μνήμῃ
1291 1385 1475 1421 άληθαργήτῳ
1486 1384 1581 1419 ἐχέτω,
1597 1383 1657 1416 ταῖς
1668 1381 1763 1417 εὐχαῖς
1784 1389 1873 1416 προσ-

1084 1433 1272 1469 καρτερείτω,
1315 1432 1360 1459 διὰ
1377 1432 1477 1462 παντὸς
1500 1430 1627 1465 δεόμενος
1647 1428 1694 1455 καὶ
1720 1427 1873 1460 πιστεύων,

1086 1481 1129 1507 ἵνα
1145 1479 1229 1505 ὲλθὼν
1239 1479 1254 1505 ὁ
1268 1478 1369 1513 Κύριος
1383 1477 1512 1512 ἐνοικήσῃ
1523 1475 1552 1501 ὲν
1565 1474 1649 1509 αὐτῷ,
1663 1473 1709 1500 καὶ
1722 1472 1873 1509 καταρτίσῃ

1086 1524 1133 1552 καὶ
1149 1523 1297 1558 δυναμώσῃ
1314 1522 1395 1549 αὑτὸν
1405 1522 1434 1547 tv
1451 1520 1553 1551 πάσαις
1564 1520 1626 1550 ταῖς
1640 1518 1759 1549 ἐντολαῖς
1771 1516 1854 1544 αὐτοῦ
1864 1524 1872 1532 ο

1087 1570 1134 1597 καὶ⁸
1148 1569 1191 1596 ἵνα
1208 1569 1289 1599 αὐτὸς
1308 1569 1322 1594 ὁ
1337 1567 1440 1601 Κύριος
1461 1566 1574 1601 γένηται
1593 1564 1805 1599 κατοικητήριον
1825 1562 1875 1597 τῆς

1086 1617 1174 1651 ψυχῆς
1185 1624 1191 1631 ·
1208 1615 1255 1641 καὶ
1269 1614 1357 1645 οὕτως
1366 1613 1386 1640 ὓ.
1397 1612 1445 1638 νῦν
1461 1611 1530 1647 μετὰ
1546 1610 1604 1646 βίας
1616 1609 1736 1645 ἀκούσης
1746 1609 1795 1644 τῆς
1805 1617 1876 1644 καρ-

1086 1660 1145 1692 δίας
1162 1660 1244 1692 ποιεῖ,
1260 1658 1392 1689 ἑκουσίως
1406 1656 1503 1692 πράξει
1518 1656 1593 1688 ποτὲ,
1609 1655 1706 1686 ἐθίζων
1719 1654 1817 1680 ἑαυτὸν
1832 1652 1877 1680 διὰ

1087 1706 1187 1738 παντδς
1202 1705 1241 1736 είς
1259 1704 1290 1731 τδ
1311 1703 1424 1738 ἀγαθὸν,
1439 1702 1488 1729 καὶ
1502 1700 1548 1728 τοῦ
1575 1701 1676 1736 Κυρίου
1698 1699 1876 1736 μνημονεύων

1087 1751 1140 1783 ἀεὶ,
1153 1750 1201 1777 καὶ
1216 1749 1374 1784 προσδοκῶν
1389 1748 1433 1775 ἀεὶ
1447 1749 1476 1775 ὲν
1489 1747 1573 1782 πολλῇ
1587 1746 1683 1782 ἀγάπῃ
1698 1745 1790 1772 αὐτόν.
1809 1745 1876 1771 Τότε

1088 1796 1197 1832 θεωρῶν
1214 1796 1227 1823 ὁ
1243 1795 1346 1831 Κύριος
1368 1795 1417 1829 τὴν
1435 1792 1564 1828 τοιαύτην
1578 1792 1750 1828 προαίρεσιν,
1765 1791 1811 1818 καὶ
1826 1791 1877 1826 τὴν

1086 1842 1194 1877 ἀγαθὴν
1220 1841 1302 1868 αὑτοῦ
1331 1839 1460 1875 σπουδὴν,
1489 1839 1548 1871 πῶς
1576 1838 1698 1873 βιάζεται
1719 1836 1815 1863 ἑαυτὸν
1837 1837 1877 1867 είς

1089 1888 1199 1923 μνήμην
1222 1886 1270 1913 τοῦ
1285 1886 1401 1921 Κυρίου,
1421 1885 1469 1911 καὶ
1483 1885 1523 1916 είς
1544 1884 1575 1910 τὸ
1592 1883 1695 1917 ἀγαθὸν
1715 1883 1759 1909 ἀεὶ
1775 1882 1823 1908 καὶΙ
1836 1882 1876 1913 είς

1086 1932 1136 1968 τὴν
1146 1932 1397 1967 ταπεινοφροσύνην
1414 1930 1462 1957 καὶ
1473 1929 1616 1966 πραότητα
1633 1929 1677 1955 καὶ
1692 1929 1801 1963 ἀγάπην
1814 1927 1876 1962 ἄγει

1087 1978 1134 2004 καὶ
1150 1977 1187 2013 μὴ
1201 1977 1332 2004 θέλουσαν
1349 1976 1400 2010 τὴν
1415 1975 1540 2010 καρδίαν,
1561 1974 1608 2000 καὶ
1621 1974 1682 2008 ἄγει
1695 1973 1745 2008 ὅση
1761 1972 1876 2007 δύναμις

1087 2023 1163 2058 αὑτῷ
1183 2023 1252 2058 μετὰ
1277 2022 1346 2058 βίας,
1365 2023 1437 2048 ποιεῖ
1461 2020 1521 2056 μετ’
1535 2020 1618 2049 αὑτοῦ
1634 2020 1674 2051 είς
1695 2019 1767 2050 ἔλεος
1780 2017 1873 2051 αὑτοῦ,

1087 2069 1134 2096 καὶ
1154 2068 1300 2104 λυτροῦται
1314 2068 1395 2095 αὐτὸν
1410 2068 1464 2094 ἀπὸ
1478 2067 1532 2094 τῶν
1544 2066 1649 2101 ἐχθρῶν
1665 2065 1747 2092 αὑτοῦ
1762 2066 1810 2091 καὶ
1825 2065 1875 2098 τῆς

1088 2114 1245 2148 ὲνοικούσης
1264 2113 1420 2149 ἁμαρτίας,
1443 2112 1601 2147 Πνεύματος
1625 2111 1705 2146 ἁγίου
1731 2110 1875 2146 ἐμπιπλῶν

1087 2160 1185 2186 αὐτόν·
1213 2159 1262 2187 καὶ
1286 2159 1358 2186 οὕτω
1379 2159 1474 2185 λοιπὸν
1500 2159 1565 2185 ἄνευ
1596 2157 1657 2192 βίας
1682 2157 1728 2184 καὶ
1752 2157 1875 2191 καμάτου

251 2204 368 2232 Domini.
378 2203 508 2237 Quinimo
523 2202 659 2230 Dominus
671 2201 700 2228 in
710 2208 744 2228 eo
755 2208 804 2228 sua
820 2200 948 2228 mandata
961 2200 1031 2232 facit,

1088 2206 1160 2232 ποιεῖ
1177 2205 1267 2237 πάσας
1285 2205 1334 2236 τὰς
1357 2204 1467 2235 ἐντολὰς
1489 2203 1537 2230 τοῦ
1554 2203 1657 2238 Κυρίου
1676 2203 1705 2235 ἐξ
1726 2202 1854 2237 ἀληθείας
1867 2209 1874 2216 ·

247 2255 276 2278 et
291 2249 398 2277 fructus
416 2248 574 2284 spirituales
591 2251 657 2275 tunc
671 2253 740 2281 pure
755 2245 893 2280 producit.

283 2393 328 2420 ill.
342 2391 456 2427 Oportet
470 2394 561 2418 autem
575 2389 694 2425 primum
707 2388 865 2423 quempiam
889 2387 930 2415 sic
955 2394 1035 2414 acce-

248 2437 357 2465 dentem
375 2434 409 2463 ad
429 2434 576 2462 Dominum
602 2433 630 2460 vi
653 2433 819 2467 compellere
842 2439 871 2458 se
893 2430 982 2466 ipsum
1003 2430 1037 2458 ad

249 2482 365 2512 bonum,
389 2480 516 2515 quamvis
540 2479 675 2515 renitatur
702 2479 820 2510 animus,
833 2481 1037 2512 exspectantem

249 2530 380 2561 perpetuo
400 2525 428 2552 in
449 2525 502 2552 [ide
518 2524 672 2552 indubitata
682 2522 898 2550 miscricordiam
917 2523 987 2558 ejus,
1005 2529 1038 2549 ac

247 2572 412 2607 compellere
428 2579 456 2599 se
479 2571 569 2606 ipsum
594 2570 628 2597 ad
645 2569 833 2600 dilectionem,
851 2568 874 2596 si
890 2567 1038 2595 dilectione

247 2618 398 2645 destitutus
415 2617 451 2644 sit
467 2625 474 2644 :
490 2617 658 2651 compellere
674 2623 702 2642 se
722 2615 811 2649 ipsum
827 2614 861 2640 ad
877 2617 1036 2640 mansuetu-

247 2663 351 2696 dinem,
365 2663 388 2689 si
402 2670 435 2689 ea
452 2667 543 2689 careat
557 2670 563 2688 :
581 2661 745 2696 compellere
762 2668 791 2687 se
805 2659 894 2694 ipsum
908 2659 941 2686 ad
953 2659 1035 2686 mise-

247 2709 406 2741 ric0rdiam,
417 2712 446 2735 et
457 2708 490 2735 ad
506 2707 629 2735 animum
648 2706 682 2733 ad
696 2705 883 2732 miserendum
895 2712 1011 2739 pronum
1026 2712 1033 2731 :

246 2746 454 2789 compellerese
470 2755 559 2789 ipsum
580 2753 613 2780 ad
622 2756 809 2786 contemptum
825 2751 1034 2786 perferendum,

1091 2251 1192 2287 μᾶλλον
1202 2251 1230 2277 δέ
1241 2252 1255 2278 ὁ
1270 2251 1372 2287 Κύριος
1387 2251 1459 2276 ποιεῖ
1471 2250 1500 2276 ἐν
1515 2249 1591 2284 αὐτῷ
1604 2249 1654 2281 τὰς
1673 2249 1742 2281 ιδίας
1755 2248 1875 2281 ἐντολὰς,
1919 2276 1928 2282 _

1089 2297 1138 2325 καὶ
1160 2297 1222 2329 τοὺς
1240 2297 1363 2332 καρποὺς
1381 2296 1428 2323 τοῦ
1446 2296 1604 2332 Πνεύματος
1625 2295 1686 2322 τότε
1708 2295 1879 2330 καρποφορεῖ

1088 2342 1226 2378 καθαρῶς.

1123 2389 1162 2416 I".
1179 2389 1240 2424 Χρὴ
1255 2389 1283 2416 δὲ
1299 2389 1432 2424 πρότερον
1445 2387 1627 2424 προσελθόντα
1641 2387 1703 2414 τινὰ
1718 2386 1757 2422 τῷ
1771 2385 1876 2421 Κυρίῳ,

1088 2433 1159 2461 οὕτω
1179 2433 1322 2468 βιάζεσθαι
1337 2434 1433 2461 ἑαυτὸν
1447 2435 1487 2465 εἰς
1498 2434 1529 2460 τὸ
1541 2433 1643 2468 ἀγαθὸν
1659 2433 1708 2459 καὶ
1726 2432 1764 2467 μὴ
1786 2432 1878 2458 θελού-

1089 2488 1139 2515 σης
1153 2480 1203 2514 τῆς
1217 2479 1341 2515 καρδίας,
1356 2479 1550 2515 προσδοκῶντα
1564 2479 1609 2506 διὰ
1626 2479 1726 2510 παντὸς
1743 2479 1772 2504 tv
1788 2478 1878 2504 πίστει

1088 2524 1241 2559 ἀδιστάκτῳ
1254 2524 1284 2550 τὸ
1304 2525 1377 2556 ἔλεος
1390 2524 1486 2558 αὑτοῦ,
1504 2525 1551 2552 καὶ
1565 2524 1707 2560 βιάζεσθαι
1726 2524 1821 2550 ἑαυτὸν
1839 2524 1878 2554 εἰς

1087 2568 1137 2603 τὴν
1158 2568 1279 2604 ἀγάπην,
1301 2568 1338 2604 μὴ
1360 2568 1457 2604 ἔχοντα
1479 2569 1607 2604 ἀγάπην·
1624 2567 1767 2603 βιάζεσοαι
1782 2566 1879 2593 ἑαυτὸν

1088 2614 1128 2645 εἰς
1145 2613 1193 2647 τὴν
1216 2615 1370 2649 πραότητα,
1388 2615 1425 2650 μὴ
1441 2613 1538 2649 ἔχοντα
1555 2613 1698 2649 πραότητα
1711 2621 1718 2628 ·
1736 2612 1878 2648 βιάζεσθαι

1089 2658 1184 2685 ἑαυτὸν
1201 2660 1241 2690 εἰς
1262 2659 1292 2686 τὸ
1311 2659 1466 2695 οἰκτείρειν,
1487 2661 1536 2687 καὶ
1560 2660 1698 2696 ἐλεήμονα
1721 2659 1792 2694 ἔχειν
1810 2667 1879 2694 καρ-

1088 2704 1147 2731 δίαν
1158 2712 1164 2719 ’
1178 2704 1318 2739 βιάζεσθαι
1331 2706 1428 2732 ἑαυτὸν
1443 2707 1482 2737 είς
1498 2707 1528 2733 τὸ
1540 2705 1782 2741 καταφρονεῖσθαι,
1796 2705 1835 2736 είς
1849 2705 1880 2730 τὸ

1091 2751 1347 2786 καταφρονούμενον
1367 2751 1566 2788 μακροθυμεῖν,
1592 2753 1638 2779 καὶ
1658 2750 1880 2785 ὲξουδενούμενον

280 2846 302 2862 ⁸⁷
315 2844 410 2872 Matth.
435 2852 471 2875 ιι,
490 2843 534 2870 9.9.
572 2843 594 2859 ⁹¹
608 2842 674 2868 Luc.
692 2848 728 2872 \‘l,
745 2840 789 2866 56.
825 2838 937 2866 "’Joan.
969 2846 1021 2868 xxv,

1122 2839 1130 2855 ί
1144 2839 1211 2866 Luc.
1228 2846 1284 2870 xm,
1299 2837 1344 2864 9.4.
