2078 3151
240 209 257 242 ἢ
266 208 472 244 ἁτιμαζόμενον
489 209 527 246 μὴ
546 211 725 246 ἀγανακτεῖν,
743 215 814 242 κατά
827 216 858 244 τὸ
871 219 1017 254 εἰρημένον
1027 228 1033 235 ’

240 252 289 286 Μὴ
325 252 453 286 ἑαυτοὺς
481 254 682 290 ἐκδικοῦντες,
694 258 853 294 ἀγαπητοί.
886 252 1032 296 Βιάζεσθαι

241 298 337 324 ἑαυτὸν
347 298 387 331 είς
398 299 449 334 τὴν
462 299 555 336 εὐχὴν,
567 301 606 337 μὴ
616 302 713 338 ἔχοντα
725 306 808 342 εὐχὴν
819 311 1011 346 πνευματικήν
1022 319 1030 328 ⁸

239 345 287 371 καὶ
302 344 387 377 οὕτως
404 345 418 371 ὁ
431 346 509 379 Θεὸς,
526 347 636 382 θεωρῶν
650 350 696 377 τὸν
710 351 797 384 οὕτως
817 344 1029 391 ἀγωνιζόμενον,

238 391 286 417 και
300 390 346 427 βίᾳ
367 391 464 419 ἑαυτὸν
485 392 615 429 ἄγχοντα,
633 395 670 431 μὴ
686 395 816 433 θελούσης
831 399 881 435 τῆς
904 390 1029 436 καρδίας,

237 436 343 464 δίδωσιν
359 438 444 473 εὐχήν
459 438 590 476 ἀληθινὴν
604 441 773 477 Πνεύματος,
790 444 898 472 δίδωσιν
918 447 1030 484 ἀγάπην

237 482 378 517 ἀληθινὴν,
398 484 542 520 πραότητα
555 486 695 522 ἀληθείας,
713 489 855 525 σπλάγχνα
866 482 1027 527 οἰκτιρμῶν,

237 527 409 564 χρηστότητα
426 529 576 566 ἀληθινὴν,
591 532 639 559 καὶ
656 533 842 570 ἁπαξαπλῶς,
859 536 959 573 πληροῖ
979 538 1029 566 αὐ-

237 573 282 600 τὸν
290 574 345 601 τῶν
355 574 470 610 καρπῶν
480 576 528 603 τοῦ
542 577 712 614 Πνεύματος.

271 707 306 733 Δ’.
322 707 354 733 Et
371 707 400 734 δέ
416 717 459 741 τις
470 709 510 741 είς
519 709 569 745 τὴν
582 711 664 748 εὐχὴν
677 713 762 749 μόνην
778 714 875 742 ἑαυτὸν
890 715 1024 751 βιάζεται,

235 750 274 786 μὴ
302 751 371 786 ἔχων
395 753 489 789 εὐχὴν,
513 754 558 782 ἵνα
581 757 631 791 σχῇ
657 757 739 793 εὐχῆς
766 759 857 795 χάριν,
874 750 915 793 είς
929 761 957 788 δὲ
976 762 1025 797 τὴν

235 797 376 833 πραότητα
393 799 441 825 καὶ
455 802 709 839 ταπεινοφροσύνην
724 805 772 831 καὶ
786 805 897 840 ἀγάπην
911 808 958 834 καὶ
975 807 1025 840 τὰς

233 843 330 875 λοιπὰς
343 844 453 876 ὲντολάς
467 847 515 873 τοῦ
531 847 634 884 Κυρίου
648 849 744 876 ἑαυτὸν
762 851 793 877 οὑ
810 851 944 886 βιάζεται,
961 853 1024 880 οὕτε

233 889 370 924 μέριμναν
394 891 442 918 καὶ
464 893 545 920 πόνον
560 895 607 921 καὶ
624 895 718 930 ἀγῶνα
739 896 795 932 ἔχει
810 898 902 925 ἐκεῖνα
922 907 1022 935 κατορ-

233 934 338 968 θῶσαι,
355 936 417 963 ὅσον
439 937 469 963 τὸ
493 939 525 965 ὲκ
545 941 742 976 προαιρέσεως,
768 943 817 970 καὶ
844 934 1022 977 αὐτεξουσίου

232 979 396 1016 θελήματος,
413 983 499 1010 ἐνίοτε
513 984 614 1012 δίδοται
633 986 708 1021 αὐτῷ
724 988 808 1023 εὐχῆς
822 989 902 1026 χάρις
914 991 944 1017 ὲν
955 991 1021 1017 ἀνα-

232 1025 333 1052 παύσει
347 1028 393 1053 καὶ
407 1027 561 1066 εὐφροσύνῃ
573 1031 621 1058 τοῦ
637 1032 797 1068 Πνεύματος
813 1035 935 1070 μερικῶς
950 1035 1022 1063 κατὰ

231 1071 262 1098 τδ
277 1071 380 1107 αἴτημα
399 1073 493 1102 αὑτοῦ.
518 1076 581 1108 Τοῖς
597 1077 626 1104 δὲ
641 1079 753 1114 τρόποις
767 1080 860 1115 ὅμοιός
875 1081 934 1108 ἐστι
958 1082 1020 1110 καθ’

229 1117 245 1142 ὃ
261 1118 306 1144 καὶ
326 1119 392 1153 πρὶν
405 1117 449 1154 ἦν,
465 1120 516 1147 οὐκ
533 1121 589 1157 ἔχει
604 1124 756 1160 πραότητα,
774 1125 815 1153 ὅτι
836 1127 887 1154 οὐκ
904 1127 1019 1164 ἐζήτησε

230 1165 322 1198 πόνον,
342 1166 391 1193 καὶ⁵
408 1169 624 1204 προευτρεπισεν
642 1171 739 1198 ἑαυτὸν
765 1172 853 1205 οὕτως
875 1173 1017 1207 γενέσθαι·

228 1211 279 1237 οὐκ
295 1211 351 1247 ἔχει
378 1214 640 1251 ταπεινοφροσύνην,
660 1217 754 1252 ἐπειδὴ
781 1217 832 1245 οὐκ
856 1218 951 1254 ᾔτησε,
972 1220 1019 1247 καὶ

227 1257 326 1283 ἑαυτὸν
335 1259 400 1290 κούκ
418 1258 547 1286 ὲῦιάσατο
573 1261 612 1293 είς
638 1262 728 1290 τοῦτο.
751 1264 808 1291 Οὐκ
826 1264 883 1300 ἔχει
906 1265 1018 1301 ἀγάπην

228 1302 298 1337 πρὸς
325 1303 448 1337 πάντας,
475 1305 568 1341 ἐπειδὴ
590 1307 655 1341 περὶ
680 1308 777 1335 τούτου
804 1310 941 1345 μέριμναν
970 1310 1018 1338 καὶ

227 1348 321 1382 ἀγῶνα
344 1350 394 1376 οὐκ
409 1350 487 1385 ἔσχεν
504 1352 534 1378 ἐν
558 1353 589 1387 τῇ
607 1353 714 1388 αίτήσει
737 1355 787 1390 τῆς
802 1355 902 1391 εὐχῆς·
924 1357 972 1384 καὶ
988 1358 1018 1384 ἐν

227 1394 296 1430 αὐτῇ
312 1396 346 1431 τῇ
359 1396 533 1431 ἐπιτηδεύσει
544 1397 592 1425 τοῦ
608 1399 690 1435 ἔργου
700 1420 707 1433 ,
725 1401 776 1427 ούκ
788 1400 845 1437 ἔχει
861 1401 953 1430 πίστιν
970 1403 1017 1430 καὶ

227 1441 391 1476 πεποίθησιν
409 1443 478 1478 πρὸς
491 1443 537 1470 τὸν
553 1444 638 1478 Θεὸν,
653 1446 746 1482 ἐπειδὴ
764 1447 884 1481 ἔγνωκεν
901 1448 1014 1481 ἑαυτὸν,
1036 1455 1038 1459 ‘

226 1486 277 1513 οὐκ
294 1486 456 1522 ἐδοκίμασεν
474 1488 511 1523 μὴ
533 1488 616 1524 ἔχειν,
635 1491 681 1517 καὶ
696 1491 747 1518 οὐκ
761 1492 894 1528 ἐπόνησεν
911 1493 940 1521 ὲν
957 1493 1015 1521 θλί-

226 1530 288 1565 ψει,
304 1531 395 1567 ζητῶν
417 1533 493 1568 παρά
508 1534 612 1569 Κυρίου
631 1537 704 1570 σχεῖν
718 1537 767 1572 τὴν
781 1537 851 1573 πρὸς
870 1538 953 1566 αὑτὸν
969 1539 1015 1575 βε-

226 1576 307 1604 ὕαίαν
324 1577 432 1612 πίστιν,
450 1579 497 1606 καὶ
515 1581 679 1617 πεποίθησιν
696 1582 838 1620 ἀληθινήν.

261 1676 298 1705 E'.
314 1678 375 1714 Χρὴ
389 1678 444 1714 γὰρ
457 1679 573 1706 ἕκαστον
592 1679 687 1717 ὥσπερ
705 1682 746 1714 είς
762 1682 811 1718 τὴν
824 1683 907 1719 εὐχὴν
924 1685 1014 1720 βιάζε-

226 1722 288 1749 σθαι
308 1724 403 1751 ἑαυτὸν
425 1725 473 1752 καὶ
487 1725 593 1761 ἄγχειν,
611 1727 648 1763 μὴ
664 1727 794 1764 θελούσης
813 1730 862 1764 τῆς
882 1731 1012 1766 καρδίας·

224 1767 311 1801 οὕτως
331 1770 379 1796 καὶ
403 1770 443 1800 είς
458 1770 508 1805 τὴν
532 1772 707 1807 πεποίθησιν,
728 1773 816 1805 οὕτως
841 1775 888 1801 καὶ
903 1776 943 1808 εις
964 1777 1014 1811 τὴν

223 1816 491 1851 ταπεινοφροσύνην,
506 1817 594 1849 οὕτως
608 1819 648 1850 είς
663 1818 713 1854 τὴν
727 1820 853 1856 ἀδράπην,
870 1821 956 1854 οὕτως
973 1823 1013 1854 είς

223 1860 273 1895 τὴν
286 1861 437 1897 πραότητα,
451 1863 638 1899 ἀκεραιότητά
652 1873 681 1891 τε
696 1866 744 1892 καὶ
755 1866 894 1901 ἁπλότητα
906 1876 912 1882 ·
926 1867 1013 1900 οὕτως

224 1907 264 1938 είς
278 1908 369 1934 πᾶσαν
386 1908 523 1945 ὑπομονὴν
541 1911 588 1937 καὶ
604 1911 796 1947 μακροθυμίαν
817 1921 1012 1949 καταγεγραμ-

225 1951 307 1986 μένον
332 1952 400 1987 μετά
415 1955 501 1989 χαρᾶς
515 1963 522 1971 ·
545 1955 633 1987 οὕτως
658 1956 800 1991 βιάζεσθαι
814 1959 854 1990 εἰς
870 1959 901 1985 τὸ
915 1960 1010 1987 ἑαυτὸν

222 1997 385 2031 ὲξουθενεῖν.
411 2000 465 2027 Καὶ
489 2001 597 2036 πτωχὸν
620 2003 668 2030 καὶ
697 2003 810 2038 ἔσχατον
834 2005 1008 2040 λογίζεσθαι·

221 2042 307 2075 οὕτως
322 2045 361 2075 είς
377 2045 407 2071 τὸ
431 2045 468 2081 μὴ
487 2046 591 2081 ὁμιλεῖν
605 2048 639 2074 τά
653 2049 690 2085 μὴ
709 2050 774 2077 ὄντα
789 2052 921 2088 χρήσιμα,
941 2053 1010 2081 ἀλλὰ

221 2089 266 2115 ἀεὶ
284 2089 320 2117 τὰ
345 2091 393 2117 τοῦ
409 2091 477 2118 Θεοῦ
493 2092 627 2129 μελετᾷν,
652 2096 699 2122 καὶ
714 2095 804 2124 λαλεῖν
827 2098 941 2134 στόματι
963 2101 1010 2127 καὶ

221 2136 330 2172 καρδίᾳ.
355 2137 448 2170 οὕτως
468 2140 508 2171 είς
529 2140 561 2166 τὸ
579 2141 616 2176 μὴ
637 2142 804 2178 θυμοῦσθαι,
820 2146 869 2172 καὶ
887 2147 1010 2182 κραυγά-

219 2181 278 2214 ζειν
291 2182 360 2209 κατὰ
373 2183 404 2210 τὸ
423 2184 567 2219 εἰρημένον
577 2207 584 2217 ,
599 2187 687 2215 Πᾶσα
701 2189 818 2224 πικρία,
837 2193 887 2218 καὶ
903 2181 1007 2226 θυμὸς,

832 164 1015 197 HOMILUE.
1035 168 1174 199 —HOM-
1195 171 1275 202 XIX.

1106 127 1121 137 ο

1822 187 1873 220 646

1048 224 1072 254 Α
1086 226 1114 250 et
1130 222 1157 250 in
1173 232 1207 253 eo
1225 225 1335 255 fortiter
1349 229 1566 268 perdurandum,
1580 242 1615 263 ne
1630 235 1772 272 despectui
1793 240 1866 268 habi-

1083 274 1129 298 tus
1152 275 1200 298 aut
1229 271 1428 304 dehonestatus
1453 278 1623 315 indignetur,
1643 271 1720 318 jurta
1742 284 1870 314 dictum:

1082 315 1141 344 Non
1160 319 1327 354 vosmetipsos
1351 321 1514 358 ulciscentes,
1534 315 1702 356 charissimi'
1726 332 1871 367 :compel—

1082 361 1138 390 lere
1153 371 1182 391 se
1196 364 1286 399 ipsum
1310 367 1344 394 ad
1358 375 1465 402 preces,
1481 371 1504 398 si
1521 379 1619 406 preces
1632 374 1792 409 spirituales
1813 386 1870 406 non

1081 406 1192 436 habeat.
1209 409 1255 438 Sic
1267 411 1358 447 itaque
1373 406 1729 453 Deus,conspiciens-eum,
1746 422 1794 457 qui
1810 427 1871 450 tan-

1081 456 1176 488 topere
1190 457 1342 491 contendit,
1354 466 1386 486 ac
1402 461 1440 493 vi,
1453 462 1604 491 reluctante
1618 466 1720 500 animo,
1736 456 1765 495 se
1777 469 1868 504 ipsum

1080 499 1255 535 constringit,
1273 509 1368 530 veram
1385 504 1506 539 Spiritus
1526 510 1714 542 precationem
1736 499 1865 548 larg-itur,

1079 550 1172 571 veram
1201 545 1377 576 dilectionem
1399 551 1535 586 concedit,
1555 561 1648 582 veram
1671 559 1868 587 mansuetudi-

1078 596 1160 622 nem,
1186 591 1292 620 viscera
1319 595 1532 631 misericordiae,
1557 599 1732 629 clementiam
1761 612 1866 638 veram,

1077 637 1171 668 atque,
1193 640 1224 663 ut
1248 637 1331 666 unico
1348 640 1433 668 verbo
1449 640 1550 676 dicam,
1573 644 1661 679 replet
1683 654 1747 674 eum
1773 637 1864 678 fructu

1078 678 1207 714 Spiritus.

1112 726 1155 754 ιν.
1171 727 1250 761 Quod
1270 730 1293 757 si
1311 731 1384 766 quis,
1401 740 1464 760 cum
1487 735 1587 764 aﬂectu
1605 740 1735 773 precandi
1760 748 1861 776 careat,
1879 750 1882 752 ’

1076 771 1110 799 ad
1128 780 1226 807 preces
1252 776 1324 804 solas
1340 785 1369 805 se
1391 778 1481 813 ipsum
1497 781 1599 817 adigat,
1620 787 1650 810 ut
1676 792 1863 822 consequatur

1076 819 1244 852 precationis
1272 822 1412 857 gratiam:
1435 825 1470 852 ad
1504 830 1745 859 mansuetudinem
1783 841 1861 866 vero,

1075 863 1259 893 humilitatem
1274 867 1553 900 animi,dilectionem
1575 878 1603 901 et
1613 875 1719 910 reliqua
1731 863 1860 908 mandata

1366 897 1370 900 _
1440 897 1445 898 γ
1477 897 1553 900 ,,,,__
1577 897 1860 910 ----..,,.................~

1038 897 1193 943 BDomini,
1224 912 1316 940 minus
1343 921 1373 941 se
1400 915 1489 950 ipsum
1517 920 1672 955 compellat,
1696 931 1747 951 nec
1776 925 1861 953 ullam

1073 962 1177 986 curam.
1194 956 1316 985 laborem
1332 967 1365 988 ac
1386 962 1508 990 studium
1531 965 1670 1000 adhibeat,
1686 973 1717 995 ut
1737 977 1770 997 ea
1785 976 1861 999 recle

1071 1001 1126 1041 82
1138 1003 1287 1031 constituat
1300 1012 1307 1031 :
1320 1006 1409 1040 quoad
1427 1007 1501 1036 illius
1516 1011 1687 1045 propositum
1701 1021 1733 1042 ac
1744 1015 1861 1044 liberam

1071 1040 1260 1081 voluntatem,
1291 1051 1454 1080 conceditur
1491 1054 1530 1082 illi
1557 1056 1695 1086 interdum
1730 1061 1860 1095 precandi

1071 1092 1160 1126 gratia
1175 1101 1237 1120 cum
1248 1093 1431 1125 delectatione
1441 1105 1473 1125 ac
1488 1099 1582 1128 latitia
1598 1092 1770 1137 Spiritum-ex
1781 1111 1860 1141 parte

1071 1141 1164 1165 tamen
1177 1139 1253 1174 juxta
1271 1141 1432 1175 petitionem
1452 1144 1513 1179 ejus
1528 1153 1535 1172 :
1548 1147 1672 1175 moribus
1683 1152 1774 1178 tamen
1781 1139 1859 1179 idem

1070 1186 1122 1216 est,
1139 1183 1239 1218 quibus
1261 1190 1340 1214 antea
1363 1192 1433 1221 erat,
1462 1189 1611 1219 destitutus
1635 1196 1857 1231 mansuetudine,

1068 1235 1102 1255 eo
1118 1229 1190 1262 quod
1204 1237 1259 1257 non
1275 1231 1419 1265 laborarit,
1433 1241 1484 1261 nec
1497 1243 1526 1262 se
1559 1239 1730 1274 przepararit,
1750 1245 1781 1268 ut
1795 1243 1858 1271 talis

1074 1276 1222 1305 evaderet:
1240 1277 1389 1308 destitutus
1413 1280 1579 1316 humilitate,
1591 1292 1624 1311 eo
1638 1286 1711 1320 quod
1725 1295 1779 1315 non
1792 1297 1858 1324 pos-

1069 1320 1173 1353 tularit,
1192 1330 1243 1350 nec
1253 1330 1282 1350 se
1296 1323 1384 1358 ipsum
1395 1325 1428 1352 ad
1440 1333 1501 1354 eam
1511 1330 1693 1363 compulerit:
1707 1320 1858 1362 destitutus

1068 1365 1216 1395 dilectione
1230 1376 1294 1404 erga
1308 1377 1414 1402 omnes,
1430 1378 1463 1398 eo
1477 1373 1551 1407 quod
1565 1374 1598 1402 de
1613 1383 1646 1404 ea
1661 1377 1729 1412 nihil
1744 1380 1857 1408 omnino

1067 1411 1202 1440 sollicitus
1216 1412 1301 1442 fuerit
1313 1415 1341 1442 in
1353 1417 1537 1450 postulatione
1550 1421 1683 1450 orationis
1696 1431 1770 1452 suae:
1783 1431 1811 1453 et
1828 1427 1856 1454 in

1067 1456 1126 1491 ipsa
1142 1459 1235 1492 operis
1256 1460 1496 1491 administratione
1508 1472 1564 1492 non
1589 1466 1671 1495 habet
1693 1469 1785 1504 ﬁdem,
1804 1480 1856 1500 nec

1067 1501 1196 1530 ﬁduciam
1213 1511 1275 1540 erga
1302 1506 1399 1540 Deum,
1425 1515 1459 1536 eo
1478 1510 1551 1544 quod
1575 1511 1603 1538 in
1630 1514 1787 1549 cognitione
1811 1519 1855 1545 sui

1067 1555 1163 1576 carere
1179 1557 1276 1578 senon
1299 1557 1428 1587 expertus
1442 1559 1494 1588 est,
1517 1564 1608 1593 neque
1625 1561 1768 1589 contendit
1791 1570 1854 1594 cum

1067 1593 1214 1622 aﬂlictione
1228 1596 1375 1628 Dominum
1392 1601 1543 1634 postulare,
1557 1607 1587 1630 ut
1602 1604 1726 1633 obtineat
1747 1607 1853 1637 ﬁrmam

1067 1639 1094 1666 in
1108 1639 1184 1667 illum
1195 1640 1277 1669 ﬁdem
1294 1649 1327 1670 ac
1345 1651 1438 1671 veram
1453 1645 1594 1676 ﬁduciam.

1101 1692 1132 1720 V.
1147 1692 1262 1728 Oportet
1279 1695 1352 1722 enim
1374 1704 1598 1736 unumquemque
1620 1703 1737 1738 perinde
1765 1711 1796 1733 ut
1817 1707 1853 1735 ad

1065 1745 1161 1772 preces
1186 1747 1215 1767 se
1239 1741 1404 1775 compellere
1427 1748 1511 1780 atque
1538 1747 1658 1782 adigere,
1683 1758 1853 1787 repugnante

1064 1783 1174 1817 animo;
1190 1786 1230 1813 sic
1243 1795 1353 1822 quoque
1368 1789 1402 1816 ad
1419 1790 1558 1824 ﬁduciam,
1572 1793 1612 1821 sic
1624 1783 1734 1830 quoque
1748 1783 1782 1825 ad
1797 1798 1851 1826 hu-

1064 1829 1220 1863 militatem,
1235 1831 1275 1858 sic
1293 1840 1405 1869 quoque
1428 1835 1462 1862 ad
1486 1836 1673 1872 dilectionem,
1688 1829 1851 1878 siclquoque

1063 1871 1097 1898 ad
1113 1874 1365 1909 mansuetudinem,
1389 1878 1575 1909 sinceritatem
1589 1888 1617 1910 et
1629 1871 1850 1919 simplici-tatem:

1063 1918 1103 1945 sic
1117 1926 1227 1955 quoque
1238 1922 1271 1949 ad
1285 1931 1395 1951 omnem
1406 1926 1565 1960 patientiam
1576 1933 1604 1955 et
1616 1918 1849 1965 longanimitatem

1063 1971 1125 1990 cum
1138 1965 1239 2000 gaudio
1260 1975 1293 1995 ac
1309 1975 1435 2004 prompte
1449 1971 1590 2000 collimare
1611 1982 1618 2001 :
1634 1975 1675 2002 sic
1688 1983 1798 2012 quoque
1819 1986 1851 2008 se

1063 2011 1227 2045 compellere
1244 2013 1278 2041 ad
1291 2014 1333 2042 sui
1350 2015 1437 2050 ipsius
1458 2017 1629 2053 despectum,
1647 2029 1680 2049 ac
1691 2030 1720 2050 se
1746 2031 1851 2060 paupe—

1062 2062 1120 2082 rem
1134 2056 1290 2094 inlimteque
1306 2060 1389 2089 sortis
1403 2061 1617 2092 homuncionem
1635 2072 1766 2102 reputare
1778 2078 1785 2096 :
1797 2071 1849 2104 sic,

1061 2110 1095 2129 ne
1112 2103 1234 2132 intentus
1251 2105 1287 2133 sit
1316 2107 1399 2136 rebus
1419 2109 1511 2137 minus
1526 2111 1650 2146 utilibus,
1670 2114 1717 2142 sed
1741 2123 1851 2153 semper

1060 2156 1121 2183 quae
1139 2149 1185 2177 Dei
1207 2155 1273 2178 sunt
1286 2152 1447 2188 meditetur,
1465 2159 1493 2182 et
1508 2156 1630 2190 proferat
1640 2166 1689 2186 ore
1701 2165 1729 2187 et
1742 2149 1826 2190 corde
1842 2172 1849 2190 :

1060 2194 1100 2221 sic
1121 2202 1154 2222 ne
1177 2195 1219 2222 ira
1237 2197 1419 2226 excandescat
1433 2203 1480 2227 aut
1495 2201 1628 2236 clamitet,
1650 2205 1850 2235 sicutidictum

220 2227 269 2255 καί
289 2227 373 2262 ὀργὴ,
397 2229 445 2256 καί
463 2230 591 2265 κραυγὴ,
621 2232 671 2259 καί
689 2234 873 2269 βλασφημία
891 2236 1008 2271 ἀρθήτω

1650 2227 1732 2233 μυ...
1744 2227 1850 2235 ...νωπ-

1067 2243 1102 2266 ast
1120 2249 1126 2266 :
1143 2240 1236 2269 Omnis
1252 2244 1445 2277 amarulentia,
1461 2250 1487 2273 et
1508 2247 1619 2281 clamor,
1635 2255 1659 2276 et
1671 2251 1724 2284 ira,
1740 2257 1764 2278 et
1779 2256 1850 2282 voci-

219 2273 270 2307 dgo‘
296 2274 381 2308 ὑμῶν
403 2275 466 2302 σὺν
492 2276 577 2311 πάσῃ
597 2279 696 2312 κακίᾳ.
723 2279 817 2312 Οὕτως
845 2282 885 2313 είς
903 2283 1008 2315 πάντας

218 2321 280 2351 τοὺς
293 2319 340 2346 τοῦ
353 2320 458 2356 Κυρίου
468 2322 597 2357 τρόπους,
611 2325 651 2356 είς
666 2326 757 2353 πᾶσαν
767 2326 884 2363 ἄσκησιν
894 2328 1006 2364 ἀρετῆς,

218 2366 266 2391 καὶ⁸
292 2366 429 2399 πολιτείας
451 2369 559 2404 ἀγαθῆς
581 2371 627 2397 καὶ
645 2372 748 2408 καλῆς’
767 2373 807 2405 είς
829 2375 920 2401 πᾶσαν
941 2375 1007 2402 ἀνα-

218 2411 337 2446 στροφὴν
359 2412 538 2449 ἀγαθότητος,
569 2417 609 2448 εἰς
636 2418 728 2444 πᾶσαν
753 2420 1005 2457 ταπεινοφροσύνην

217 2455 379 2491 πραότητος,
393 2458 432 2489 είς
447 2458 477 2484 τὸ
495 2459 532 2495 μὴ
546 2460 720 2497 ἐπαίρεσθαι,
737 2465 783 2491 καὶ
798 2455 1004 2502 ὑψηλοφρονεῖν,

216 2500 264 2528 καὶ
279 2502 450 2537 φυσιοῦσθαι,
465 2506 511 2532 καὶ
527 2506 618 2533 λαλεῖν
633 2509 704 2537 κατά
719 2519 800 2543 τινος.

252 2590 296 2624 ς’.
317 2592 364 2623 Et;
381 2592 465 2620 ταῦτα
487 2595 576 2622 πάντα
593 2597 695 2630 ὀφείλει
712 2597 853 2632 βιάζεσθαι
870 2599 975 2634 ἑαυτὸν,
990 2603 1004 2628 ὁ

216 2635 300 2664 θέλων
328 2638 506 2674 εὐδοκιμῆσαι
535 2641 583 2667 καὶ
612 2642 795 2679 εὐαρεστῆσαι
816 2646 942 2682 Χριστῷ,
970 2647 1003 2674 ἵν’

215 2681 331 2715 οὓτωςό
356 2684 457 2721 Κύριος
483 2686 545 2713 ίδὼν
574 2687 658 2714 αὐτοῦ
685 2689 736 2723 τὴν
763 2690 934 2726 προθυμίαν,
957 2693 1004 2719 καὶ

217 2729 390 2765 προαίρεσιν,
413 2731 460 2758 τοῦ
485 2732 573 2765 οὕτως
601 2734 642 2765 είς
666 2735 758 2761 πᾶσαν
777 2736 933 2774 ἀγαθότητα
955 2738 1003 2766 καὶ

215 2773 365 2810 ἁπλότητα,
389 2777 437 2805 καὶ
461 2779 643 2814 χρηστότητα,
667 2781 715 2807 καὶ
740 2773 1001 2822 ταπεινοφροσύνην,

250 2862 347 2892 'Rom.
363 2872 411 2899 xu,
429 2865 473 2895 l9.
512 2866 630 2903 'Epltes.
645 2877 682 2904 ιν,
697 2870 742 2898 51.

1061 2285 1167 2319 feralia,
1184 2291 1209 2313 et
1237 2288 1423 2317 maledicentia
1441 2291 1553 2319 tollatur
1571 2303 1588 2321 α
1609 2295 1679 2323 vobis
1695 2305 1754 2324 cum
1777 2301 1850 2327 omni

1061 2332 1165 2361 malitia
1179 2334 1198 2361 '.
1216 2334 1262 2363 Sic
1277 2335 1310 2363 ad
1333 2343 1429 2364 omnes
1454 2346 1546 2367 mores
1559 2341 1666 2369 Domini
1682 2343 1847 2379 induendos,

1060 2376 1094 2403 ad
1106 2384 1215 2405 omnem
1235 2379 1354 2414 virtutis,
1370 2381 1450 2416 probi
1463 2382 1630 2420 honestique
1646 2387 1711 2415 vita:
1726 2376 1848 2419 instituti

1060 2423 1295 2458 exercitationem,
1314 2426 1348 2453 ad
1359 2434 1470 2455 omnem
1485 2432 1723 2461 conversationem
1740 2434 1850 2463 bonita-

1061 2468 1105 2500 lis,
1127 2469 1160 2496 ad
1187 2477 1296 2499 omnem
1323 2473 1508 2504 humilitatem
1532 2479 1771 2514 mansuetudinis;
1795 2489 1848 2511 nec

1059 2513 1217 2547 extollatur,
1233 2523 1284 2544 nec
1305 2518 1391 2546 altum
1414 2520 1514 2555 sapiat,
1530 2526 1578 2549 aut
1600 2523 1721 2558 inﬂetur,
1738 2513 1780 2554 vel
1795 2535 1849 2555 cu-

1057 2558 1165 2594 jusdam
1183 2561 1282 2589 famam
1298 2563 1446 2594 detrectet.

1092 2603 1136 2632 Vl.
1149 2606 1189 2633 Ad
1208 2606 1266 2635 haec
1279 2609 1371 2636 omnia
1382 2617 1412 2637 se
1426 2612 1593 2647 compellere
1609 2614 1693 2643 debet
1705 2617 1752 2652 qui
1769 2619 1846 2654 cupit

1056 2651 1169 2686 probari
1183 2660 1215 2680 ac
1239 2654 1348 2689 placere
1364 2655 1486 2691 Christo,
1510 2658 1546 2686 ita
1561 2664 1591 2687 ut
1613 2651 1756 2696 Dominus,
1778 2651 1846 2693 con-

1061 2702 1156 2732 specta
1181 2699 1242 2734 eius
1267 2702 1503 2736 promptitudine,
1534 2712 1566 2732 ac
1593 2706 1756 2742 intentione,
1773 2711 1844 2746 ejus,

1057 2741 1235 2778 inquam,qui
1250 2744 1283 2771 ad
1299 2745 1475 2780 probitatem,
1491 2748 1705 2786 simplicitatem,
1717 2741 1844 2791 beniéni;

1057 2792 1152 2821 tatem,
1178 2789 1374 2826 humilitatem,
1400 2793 1573 2824 dilectionem
1603 2802 1632 2826 et
1654 2789 1843 2834 precationem
