2078 3151
239 164 291 199 647

852 163 882 194 S.
902 162 1061 194 MACARII
1082 160 1241 192 IEGYPTII

1803 159 1856 190 648

240 232 270 251 se
286 224 376 259 ipsum
392 220 542 256 compellit,
557 226 589 247 ac
604 219 631 246 vi
646 218 763 254 quadam
779 217 874 253 adigit,
887 225 916 245 se
933 221 1021 244 totum

1073 217 1120 243 καὶ
1155 217 1284 251 ἀγάπην.
1317 215 1364 242 καὶ
1395 214 1477 250 εὐχὴν
1510 214 1640 249 ἄγχοντος
1669 212 1782 245 ἑαυτὸν,
1810 215 1856 240 καὶ

238 269 280 296 illi
297 267 395 295 oii‘erat
414 275 421 294 :
437 267 506 301 ipse,
529 265 652 300 inquam,
673 263 818 295 Dominus,
842 262 960 297 impiens
978 269 1024 289 re-

238 322 304 342 vera
317 313 375 341 haec
385 311 478 340 omnia
494 311 522 338 in
537 318 571 338 eo
584 317 653 345 pure
672 309 776 343 absque
796 307 852 336 ullo
872 307 967 336 labore
994 310 1023 334 et

238 360 276 393 vi,
293 366 354 394 quae
379 366 415 386 ne
432 358 460 384 vi
477 356 590 392 quidem
610 355 666 382 ulla
680 359 760 382 antea
781 353 928 381 observare
942 356 1022 387 pote-

239 409 292 437 rat,
305 408 419 439 propter
433 402 591 430 inhabitans
612 401 641 428 in
661 408 694 428 eo
709 403 863 435 peccatum.
885 398 1022 432 Fiuntque

239 451 278 478 illi
296 450 354 477 htec
373 449 465 476 omnia
484 448 617 475 virtutum
633 445 764 474 exercitia
786 448 814 472 et
825 443 926 476 studia,
946 442 1023 470 velut

237 496 325 522 altera
344 499 454 522 natura.
480 493 658 522 Postmodum
671 491 803 519 Dominus
823 488 973 516 adveniens
994 491 1023 514 et

237 545 365 568 versatus
391 547 455 567 cum
492 546 542 571 eo,
569 537 676 575 etgille
707 543 771 564 cum
805 534 936 567 Domino,
964 533 1022 568 ipse

237 584 346 620 perﬁcit
363 584 391 611 in
409 591 443 611 eo
459 591 508 611 sua
539 582 667 610 mandata
684 581 753 608 citra
767 587 876 608 omnem
889 579 1022 611 laborem,

238 630 349 664 replens
359 637 422 656 cum
441 628 534 656 fructu
550 627 679 662 Spiritus.
688 624 766 658 Quod
782 625 804 652 si
814 632 880 652 vero
894 623 928 650 ad
937 623 1021 651 solam

238 675 422 710 precationem
457 681 487 701 se
513 673 576 708 quis
607 672 702 707 adigit,
725 671 814 698 donec
838 675 1023 704 consequatur

238 721 354 756 gratiam
387 720 457 747 hanc
479 726 495 746 a
514 719 591 751 Deo;
613 717 647 745 ad
661 725 694 745 ea
709 724 786 748 vero,
812 722 874 751 quae
891 715 1023 750 praedicta

238 770 314 798 sunt,
332 773 361 792 se
380 772 435 792 non
457 764 613 799 compellat,
640 767 718 798 cogat
740 765 768 789 et
790 760 965 792 assuefaciat,
977 760 1023 787 ille

238 818 314 843 vere,
330 818 400 845 pure
423 817 456 837 ac
478 809 537 837 sine
561 806 776 843 reprehensione
796 806 855 833 haec
871 805 1023 839 adimplere

237 856 344 891 nequit.
357 856 458 883 Verum
473 856 511 882 ita
528 854 656 883 convenit
669 860 699 881 se
714 858 869 887 praparare
889 858 939 886 pro
955 850 1022 877 viri-

238 901 290 928 bus
301 901 334 928 ad
347 901 374 928 id
388 900 461 935 quod
474 900 577 927 bonum
586 903 638 926 est.
656 898 797 925 interdum
810 897 884 924 enim
896 896 1022 931 pervenit

241 945 275 972 ad
291 945 354 972 cuin
370 948 508 979 petentem
519 951 550 971 ac
561 947 718 978 precantem
726 941 812 977 gratia
821 941 923 968 divina.
933 941 1024 968 Bonus

239 990 314 1017 enim
330 993 359 1016 et
374 989 509 1024 benignus
521 993 561 1016 est
574 987 656 1019 Deus,
674 994 705 1014 ac
718 985 897 1022 petentibusa
906 985 1024 1021 selargi-

244 1038 291 1061 tur
306 1042 366 1069 quae
381 1035 528 1069 petierant.
545 1033 645 1061 Verum
658 1033 706 1068 qui
721 1036 797 1060 caret
810 1031 853 1063 iis,
873 1030 908 1059 de
923 1031 1024 1066 quibus

238 1078 323 1106 locuti
338 1086 432 1106 sumus
452 1082 543 1110 antea,
565 1085 617 1105 nec
638 1085 669 1105 se
691 1076 726 1104 ad
749 1084 782 1104 ea
801 1075 950 1103 assuefacit
978 1080 1025 1103 aut

238 1128 385 1160 praeparat,
401 1124 517 1159 gratiam
534 1131 616 1158 quam
628 1126 795 1150 consecutus
807 1122 863 1157 jam
879 1125 948 1154 erat,
960 1129 1024 1156 per-

240 1169 291 1202 dit,
312 1177 344 1197 ac
357 1169 432 1197 cadit
445 1177 501 1205 pra:
514 1169 599 1196 nimia
611 1167 784 1203 arrogantia;
798 1171 845 1194 aut
856 1167 926 1194 nihil
938 1166 1024 1202 proii~

244 1215 293 1248 cit,
306 1223 358 1242 nec
381 1220 497 1250 augetur
519 1215 547 1241 in
569 1214 655 1250 gratia
669 1213 721 1241 sibi
737 1221 878 1246 concessa,
895 1213 1025 1248 quoniam

239 1260 377 1288 mandatis
390 1260 500 1287 Domini
513 1260 667 1288 deliberato
682 1259 775 1286 animo
798 1265 828 1286 se
850 1265 907 1286 non
922 1257 1000 1286 dedit
1016 1265 1024 1284 :

238 1304 338 1331 domus
365 1304 441 1331 enim
470 1308 499 1331 et
527 1304 638 1338 requies
657 1303 777 1338 Spiritus
803 1306 846 1330 est
870 1302 1024 1335 humilitas,

237 1349 350 1376 dilectio
373 1353 401 1377 et
427 1348 621 1382 mansuetudo,
635 1352 664 1375 et
679 1348 786 1383 reliqua
809 1347 918 1376 Domini
949 1355 1027 1375 man-

237 1394 312 1422 data.

273 1488 328 1523 83
338 1487 396 1516 Vli.
407 1488 494 1515 Debet
505 1494 583 1523 ergo,
596 1487 755 1522 quicunque
767 1486 824 1514 Deo
839 1494 903 1514 vere
918 1487 1027 1522 placere

237 1534 323 1570 cupit,
335 1533 369 1560 ab
391 1541 479 1568 eoque
491 1533 614 1568 recipere
629 1533 769 1560 caelestem
780 1532 900 1567 Spiritus
911 1533 1025 1568 gratiam

237 1583 265 1606 et
281 1579 309 1606 in
328 1577 430 1613 Spiritu
454 1583 549 1606 sancto
568 1585 693 1605 crescere
705 1585 738 1605 ac
757 1577 863 1612 perlici,
882 1578 916 1605 ad
931 1579 1023 1606 omnia

237 1627 372 1658 praecepta
395 1623 443 1650 Dei
464 1631 493 1650 se
510 1623 600 1658 ipsum
615 1617 790 1658 compellere,
805 1627 833 1650 et
846 1623 889 1651 vel
906 1624 1023 1652 invitum

237 1668 360 1695 animum
376 1668 532 1703 subjugare,
550 1667 702 1695 secundum
721 1667 796 1702 quod
815 1668 935 1696 dicitur:
957 1669 1024 1696 Pro-

237 1717 329 1748 pterea
339 1712 373 1739 ad
385 1713 474 1739 omnia
484 1713 611 1739 mandata
623 1717 669 1739 tua
681 1712 813 1748 dirigebar
823 1721 942 1740 :omnem
953 1714 1024 1741 viam

236 1758 358 1792 iniquam
380 1756 439 1783 odio
460 1756 539 1783 habui
549 1758 569 1784 δ.
584 1756 820 1790 Quemadmodum
835 1757 909 1784 enim
924 1758 1025 1793 aliquis

236 1803 270 1829 ad
286 1803 516 1838 perseverandum
533 1803 561 1830 in
578 1803 738 1838 precatione
755 1811 784 1831 se
798 1803 888 1838 ipsum
902 1804 1024 1839 compel-

237 1848 267 1874 lit
284 1852 367 1883 atque
379 1848 474 1883 adigit,
487 1848 575 1875 donec
588 1848 614 1875 id
627 1853 702 1875 recte
714 1849 908 1876 constituerit:
926 1849 1023 1877 eodem

237 1893 329 1926 modo,
347 1894 371 1921 si
385 1893 508 1926 libuerit,
526 1893 560 1921 ad
576 1894 668 1921 omnia
680 1902 790 1930 quoque
803 1895 935 1922 virtutum
947 1903 1025 1923 exer-

236 1939 300 1967 citia
314 1947 344 1967 se
359 1939 449 1975 ipsum
464 1939 603 1975 compellit
613 1945 696 1975 atque
708 1940 804 1975 adigit,
816 1941 896 1968 bona:
906 1949 1024 1969 consue-

236 1985 326 2012 tudini
351 1993 528 2018 assuescens;
547 1989 575 2012 et
596 1985 646 2018 sic,
669 1986 716 2013 ubi
743 1986 852 2014 assidue
878 1987 1023 2014 Dominum

236 2029 389 2057 obtestatus
411 2038 444 2057 ac
466 2030 641 2064 dvprecatus,
656 2033 684 2057 et
698 2037 759 2064 qua
772 2031 893 2065 petierit,
909 2031 1024 2066 adeptus

236 2076 331 2108 fuerit,
346 2076 432 2102 Deum
445 2080 555 2110 gustare
567 2076 660 2110 carpit,
680 2083 712 2103 ac
727 2075 846 2111 Spiritus
859 2077 946 2104 sancti
961 2084 1025 2112 par-

237 2122 323 2155 ticeps
337 2121 424 2148 factus
448 2121 541 2153 fuerit,
564 2121 616 2148 hoc
636 2121 701 2156 agit,
719 2126 749 2148 ut
762 2125 868 2149 crescat
885 2126 913 2149 et
934 2123 1024 2150 foveat

236 2168 350 2202 gratiam
370 2166 422 2193 sibi
437 2174 608 2199 concessam,
633 2166 853 2201 requiescentem
868 2167 895 2195 in
911 2168 1023 2197 humili-

236 2216 302 2245 tate,
315 2212 342 2239 in
354 2211 501 2239 dilectione
511 2217 539 2239 et
553 2212 763 2240 mansuetudine
776 2213 846 2248 ejus.

270 2300 338 2327 Vill.
354 2300 414 2335 ipse
425 2300 545 2335 Spiritus
557 2301 672 2337 largitur
688 2301 748 2329 haec
763 2302 800 2335 ei,
814 2306 897 2338 atque
909 2303 1023 2332 instruit

234 2353 298 2373 eum
315 2354 380 2373 vera
398 2347 528 2381 precandi
551 2348 667 2380 ratione,
694 2356 759 2377 vera
780 2349 939 2383 dilectione,
957 2358 1022 2379 vera

234 2392 455 2426 mansuetudine,
479 2393 513 2420 ad
538 2402 599 2429 qua:
620 2400 700 2422 antea
719 2395 746 2422 vi
771 2403 800 2423 se
827 2397 1019 2432 compellebat,

233 2443 295 2471 quae
308 2436 476 2472 inquirebat,
497 2438 530 2466 de
549 2439 651 2474 quibus
670 2440 805 2468 sollicitus
820 2447 890 2475 erat,
908 2450 940 2470 ac
958 2450 1020 2477 qua:

233 2482 428 2516 meditabatur.
447 2492 562 2519 quaeque
585 2485 685 2513 donata
709 2487 819 2514 tandem
845 2487 871 2514 ei
891 2493 1020 2523 suntzvet

233 2528 270 2555 ita
285 2533 384 2556 auctus
398 2534 426 2556 et
437 2536 644 2558 consummatus
659 2531 687 2558 in
707 2532 772 2566 Deo,
786 2533 834 2568 qui
844 2533 931 2561 haeres
943 2535 1019 2570 regni

232 2573 340 2605 evadat,
364 2573 463 2609 dignus
488 2575 613 2603 habetur.
640 2577 757 2605 Humilis
781 2579 855 2605 enim
879 2587 1019 2614 nunquant

232 2618 345 2646 labitur.
358 2619 434 2647 Unde
445 2620 519 2647 enim
532 2621 586 2648 labi
603 2622 700 2650 liceret
713 2623 749 2656 ei,
765 2624 813 2658 qui
827 2624 879 2652 sub
890 2625 1020 2653 omnibus

230 2663 296 2690 est?
310 2664 400 2692 Nimia
418 2665 509 2700 itaque
524 2667 608 2694 animi
625 2667 709 2695 elatio
724 2676 831 2697 summa
846 2675 888 2697 est
905 2671 1018 2698 humili-

233 2713 293 2756 tas:
312 2711 453 2739 humilitas
467 2719 533 2739 vero
549 2720 647 2748 magna
663 2718 705 2741 est
719 2715 859 2748 cxaltatio,
876 2716 1019 2744 existima-

231 2754 270 2779 tio
283 2757 366 2788 atque
380 2754 509 2789 dignitas.
525 2755 580 2783 Nos
593 2763 660 2792 ergo
680 2765 791 2789 quoque
806 2766 856 2787 nos
869 2760 1018 2795 compella-

265 2839 390 2868 ‘Psalm.
410 2849 500 2875 cmn,
525 2844 584 2871 104.

1072 263 1184 297 ἄγοντος
1201 262 1270 298 μετὰ
1285 261 1356 298 βίας,
1374 262 1447 298 δὼσῃ
1460 260 1555 288 ἑαυτὸν
1566 260 1626 287 ὅλον
1645 258 1729 293 αύτῷ,
1745 259 1827 292 αὐτὸς
1841 261 1856 286 6

1073 309 1174 346 Κύριος
1189 307 1320 340 noui)le
1334 307 1461 343 ἀληθείας
1474 306 1560 333 ταῦτα
1576 305 1665 332 πάντα
1682 304 1810 340 καθαρῶς
1828 306 1856 332 ὲν

1071 355 1147 392 αὐτῷ
1159 356 1269 387 sum»;
1299 354 1346 381 καὶ
1358 353 1507 386 ὰσιάστως,
1522 351 1540 379 Β.
1559 351 1623 386 πρὶν
1636 350 1696 378 οὐδὲ
1714 350 1782 385 μετὰ
1798 350 1858 385 βίας

1073 401 1190 437 φυλάξαι
1212 400 1338 435 ἠδύνατο,
1358 399 1402 426 διὰ
1417 399 1467 434 τὴν
1489 398 1517 424 ὲν
1531 396 1606 432 αὐτῷ
1624 395 1750 423 οἰκοῦσαν
1766 396 1857 431 ἁμαρ-

1072 446 1152 473 τίανο
1177 445 1224 473 καὶ
1242 445 1346 479 γίνεται
1363 443 1438 478 αὐτῷ
1453 443 1487 469 τὰ
1510 443 1560 478 τῆς
1573 441 1675 478 ἀρετῆς
1695 441 1783 468 πάντα
1797 442 1857 468 ὲπι-

1072 492 1228 528 τηδεύματα
1250 491 1289 523 ὡς
1312 490 1403 525 φύσις.
1423 489 1460 517 Τὸ
1482 489 1576 516 λοιπὸν
1599 487 1684 515 ἐλθὼν
1704 489 1718 515 ὸ
1739 488 1857 524 Κύριος,

1072 538 1120 565 καὶ
1143 536 1290 572 γενόμενος
1317 536 1347 562 ἐν
1367 534 1452 570 αὐτῷ,
1480 535 1526 562 καὶ
1550 534 1633 566 αὐτὸς
1651 535 1679 561 ὲν
1695 533 1734 569 τῷ
1752 528 1858 568 Κυρίῳ,

1073 583 1154 614 αύτδς
1168 583 1241 609 ποιεῖ
1254 582 1284 608 ὲν
1304 580 1380 616 αὒτῷ
1401 580 1451 612 τὰς
1469 580 1537 612 ἰδίας
1559 579 1669 611 ἐντολὰς
1685 579 1748 606 ἄνευ
1766 579 1857 614 καμά-

1072 637 1119 655 του
1131 648 1138 660 ,
1162 627 1273 663 πληρῶν
1289 626 1371 653 αὑτὸν
1392 626 1439 653 τὸν
1452 625 1559 661 καρπδν
1572 624 1619 652 τοῦ
1636 624 1803 659 Πνεύματος.
1827 624 1859 651 Εί

1072 674 1101 701 δὲ
1114 675 1153 705 εἰς
1170 672 1253 708 εὐχὴν
1269 672 1350 707 μόνον
1366 671 1489 706 βιάζεταί
1502 679 1545 702 τις
1563 670 1670 703 ἑαυτὸν,
1682 670 1734 701 ἕως
1745 666 1776 695 οὗ
1789 669 1858 705 λάϐῃ

1073 718 1197 753 χάρισμα
1212 716 1289 752 παρὰ
1313 714 1381 742 Θεοῦ
1392 735 1400 747 ,
1418 715 1457 745 εἰς
1472 714 1558 741 ταῦτα
1570 714 1598 741 δὲ
1615 714 1651 740 τὰ
1672 714 1859 749 προειρημένα

1072 763 1173 798 ὁμοίως
1187 761 1283 789 ἑαυτὸν
1295 760 1326 788 οὐ
1343 760 1476 796 βιάζεται,
1494 759 1543 786 καὶ
1562 759 1642 794 ἄγχει
1657 760 1705 786 καὶ
1718 759 1814 792 ἐθίζει,
1828 759 1858 785 οὺ

1072 807 1185 835 δύναται
1204 807 1234 840 ιε
1258 805 1399 842 ἀληθείας,
1423 804 1552 841 καθαρῶς
1571 805 1620 832 καὶ
1643 805 1768 840 ἀμώμως
1790 804 1861 832 αὐτὰ

1074 854 1197 890 ποιῆσαι.
1231 852 1301 879 Ἀλλ’
1328 851 1399 878 οὕτω
1422 851 1475 887 χρὴ
1504 850 1731 886 προευτρεπιζειν
1754 850 1859 882 ἑαυτὸν,

1038 884 1060 913 Β
1073 884 1138 927 ὅσον
1145 898 1258 926 δυνατὸν
1272 899 1313 929 εἰς
1327 897 1358 923 τὸ
1370 884 1475 931 ἀγαθον
1483 904 1490 912 ο
1505 884 1590 923 ἐνίοτε
1603 884 1658 931 γὰρ
1677 896 1782 930 γίνεται
1793 895 1861 930 πρὸς

1073 944 1156 971 αὐτὸν
1168 944 1186 979 ἡ
1205 933 1264 970 θεία
1278 943 1358 978 χάρις
1376 941 1504 969 αἰτοῦντα
1522 941 1569 968 καὶ
1588 941 1725 975 δεόμενον.
1748 940 1861 975 Ἀγαθὸς

1073 991 1128 1026 γὰρ
1144 989 1192 1017 καὶ
1215 988 1333 1025 χρηστός
1358 989 1433 1014 ἐστιν
1450 987 1465 1013 ὸ
1486 986 1569 1019 Θεὸς,
1592 986 1641 1013 καὶ
1663 987 1719 1018 τοῖς
1739 986 1860 1014 αἰτοῦσιν

1074 1036 1155 1064 αὐτὸν
1177 1035 1269 1062 δίδωσι
1293 1035 1327 1062 τὰ
1351 1034 1494 1069 αἰτήματα
1520 1033 1628 1060 αὐτῶν·
1655 1033 1694 1068 μὴ
1721 1032 1791 1067 ἔχων
1813 1032 1860 1066 δὲ,

1076 1083 1144 1117 μήτε
1171 1081 1280 1113 ἐθίσας,
1308 1080 1376 1115 μήτε
1393 1079 1613 1114 προευτρεπίσας
1638 1077 1734 1105 ἑαυτὸν
1750 1078 1791 1111 εἰς
1812 1077 1861 1110 τὰς

1074 1127 1294 1163 προειρημένας,
1320 1126 1379 1160 εἴγε
1396 1125 1494 1158 λάϐοι,
1522 1124 1618 1152 ἀπολεῖ
1642 1125 1693 1160 τὴν
1718 1124 1799 1160 χάριν
1826 1124 1862 1160 ἢν

1073 1173 1166 1204 ἔλασε,
1181 1173 1229 1199 καὶ
1248 1171 1342 1198 πίπτει
1368 1170 1605 1207 ὕψηλοφρονήσας,
1626 1170 1689 1206 ἢού
1712 1169 1862 1206 προκόπτει

1075 1218 1123 1245 καὶ
1139 1216 1218 1250 αὔξει
1243 1217 1273 1243 ὲν
1297 1217 1331 1252 τῇ
1349 1216 1443 1252 χάριτι
1465 1216 1498 1250 τῇ
1522 1215 1591 1251 πρὸς
1611 1215 1693 1242 αὑτὸν
1708 1216 1841 1250 γενομένῃ
1853 1234 1861 1247 ,

1075 1262 1168 1297 ἐπειδὴ
1186 1262 1246 1293 ταῖς
1274 1260 1394 1291 ἐντολαῖς
1412 1259 1461 1286 τοῦ
1487 1259 1592 1296 Κυρίου
1616 1259 1650 1287 ἐκ
1676 1260 1862 1295 προαιρέσεως

1075 1306 1172 1334 ἑαυτὸν
1202 1306 1233 1333 ού
1260 1305 1367 1332 δίδωσι·
1394 1304 1426 1331 τδ
1453 1303 1507 1341 γὰρ
1532 1305 1743 1340 κατοικητήριον
1768 1304 1817 1331 καὶ
1843 1306 1861 1339 ἡ

1076 1352 1231 1384 ἀνάπαυσις
1244 1350 1291 1378 τοῦ
1303 1350 1474 1386 Πνεύματος,
1491 1350 1508 1384 ή
1528 1349 1762 1386 ταπεινοφροσύνῃ
1777 1349 1862 1382 ἐστὶν,

1076 1399 1094 1433 ἡ
1113 1397 1209 1433 ἀγάπη
1223 1404 1254 1423 τε
1268 1395 1316 1423 καὶ
1335 1395 1470 1432 πραότης,
1485 1394 1534 1421 καὶ
1546 1395 1575 1422 αἰ
1589 1395 1682 1423 λοιπαὶ
1694 1394 1742 1422 τοῦ
1757 1394 1861 1430 Κυρίου

1075 1443 1192 1470 ὲντολαί.

1111 1490 1148 1516 Z'.
1173 1489 1290 1524 Ὀφείλει
1307 1489 1356 1517 οὖν
1370 1490 1385 1516 ὁ
1402 1487 1563 1524 βουλόμενος
1581 1486 1612 1519 ἐξ
1625 1485 1755 1521 ἀληθείας
1767 1485 1863 1522 εὐαρε-

1078 1536 1176 1570 στῆσαι
1189 1535 1229 1570 τῷ
1245 1535 1315 1571 Θεῷ,
1332 1535 1379 1562 καὶ
1392 1534 1521 1567 δέξασθαι
1535 1533 1601 1568 παρ’
1614 1532 1696 1559 αὺτοῦ
1711 1532 1760 1567 τὴν
1780 1533 1862 1558 ἐπου-

1077 1581 1169 1617 ράνιον
1184 1581 1231 1608 τοῦ
1248 1580 1407 1616 Πνεύματος
1430 1580 1528 1615 χάριν,
1546 1579 1593 1606 καὶ
1616 1579 1731 1613 αὐξῆσαι
1751 1578 1798 1605 καὶ
1817 1586 1862 1604 τε-

1077 1627 1221 1662 λειωθῆναι
1249 1628 1278 1654 ὲν
1295 1627 1336 1661 τῷ
1362 1626 1433 1662 ἁγίῳ
1458 1625 1617 1660 Πνεύματι,
1638 1625 1679 1657 εἰς
1701 1625 1791 1656 πάσας
1813 1625 1862 1656 τὰς

1077 1673 1187 1705 ἐντολὰς
1199 1673 1246 1700 τοῦ
1261 1672 1329 1700 Θεοῦ
1345 1671 1487 1707 βιάζεσθαι
1501 1671 1608 1704 ἑαυτὸν,
1622 1671 1669 1698 καὶ
1682 1671 1720 1706 μὴ
1732 1671 1863 1698 θέλουσαν

1076 1720 1125 1755 τὴν
1153 1719 1266 1755 καρδίαν
1292 1719 1457 1746 ύποτάσσειν
1480 1717 1551 1744 κατὰ
1577 1717 1608 1744 τὸ
1632 1717 1793 1752 εἰρημένον-
1810 1716 1862 1742 Διὰ

1076 1765 1164 1792 τοῦτο
1186 1765 1262 1799 πρὸς
1276 1763 1376 1796 πάσας
1391 1763 1445 1796 τὰς
1465 1762 1594 1795 ἐντολάς
1616 1770 1675 1789 σου
1696 1762 1862 1795 κατωρθοῦ-

1073 1820 1146 1846 μην,
1162 1809 1267 1839 πᾶσαν
1280 1810 1352 1837 ὁδὸν
1366 1809 1472 1836 ἄδικον
1480 1809 1624 1844 ἐμίσησα.
1640 1808 1744 1842 Ὥσπερ
1754 1807 1808 1842 γάρ
1820 1815 1862 1838 τις

1076 1858 1115 1889 είς
1132 1857 1181 1892 τὴν
1196 1856 1435 1892 προσκαρτέρησιν
1451 1856 1502 1890 τῆς
1522 1855 1603 1890 εὐχῆς
1626 1853 1749 1889 βιάζεται
1765 1854 1862 1881 ἑαυτὸν

1076 1903 1122 1930 καὶ
1133 1903 1224 1937 ἄγχει,
1235 1902 1287 1934 ἕως
1298 1899 1329 1929 οὗ
1340 1902 1420 1928 τοῦτο
1434 1901 1596 1937 κατορθώσῃ
1605 1907 1613 1914 ·
1624 1900 1725 1935 ὁμοίως
1738 1900 1786 1926 ἐὰν
1796 1899 1862 1934 θέλῃ

1075 1948 1123 1974 καὶ
1138 1949 1177 1979 εἰς
1190 1948 1279 1974 πάντα
1291 1948 1325 1974 τὰ
1343 1948 1392 1982 τῆς
1407 1946 1509 1982 ἀρετῆς
1523 1946 1727 1982 ἐπιτηδεύματα
1739 1945 1861 1981 βιάζεται

1075 1994 1172 2020 ἑαυτὸν
1185 1994 1232 2020 καὶ
1245 1993 1335 2028 ἄγχει,
1353 1993 1401 2020 καὶ
1413 1992 1498 2025 ἐθίζει
1511 1992 1571 2024 ἔθος
1583 1991 1696 2027 ἀγαθον,
1712 1992 1759 2018 καὶ
1776 1991 1862 2022 οὕτως

1075 2038 1235 2073 αἰτούμενος
1248 2037 1297 2064 καὶ
1308 2037 1435 2072 δεόμενος
1450 2036 1499 2063 τοῦ
1515 2036 1619 2071 Κυρίου
1632 2037 1677 2063 διὰ
1691 2037 1803 2069 παντὸς,
1815 2036 1861 2063 καὶ

1075 2083 1163 2119 τυχὼν
1175 2083 1224 2117 τῆς
1241 2083 1387 2118 αἰτήσεως,
1404 2083 1452 2110 καὶ
1472 2081 1632 2117 μεταλαϐὼν
1647 2082 1767 2116 γεύσεως
1781 2082 1860 2115 Θεοῦ,

1075 2130 1123 2156 καὶ
1150 2128 1309 2164 Πνεύματος
1336 2128 1414 2163 ἁγίου
1442 2128 1555 2163 μέτοχος
1578 2127 1741 2162 γενόμενος,
1770 2127 1861 2160 αὔξειν

1075 2175 1148 2202 ποιεῖ
1167 2174 1215 2202 καὶ
1238 2174 1346 2202 θάλλειν
1368 2174 1399 2201 τὸ
1413 2175 1536 2209 χάρισμα
1555 2173 1585 2199 τὸ
1602 2173 1679 2200 δοθὲν
1695 2173 1780 2206 αὐτῷ,
1796 2174 1862 2200 ἀνα-

1076 2218 1230 2253 παυόμενον
1258 2219 1287 2245 ὲν
1314 2219 1348 2254 τῇ
1375 2217 1609 2253 ταπεινοφροσύνῃ
1641 2217 1739 2251 αὐτοῦ,
1766 2219 1796 2245 ὲν
1828 2219 1861 2253 τῇ

1075 2264 1186 2300 ἀγάπῃ,
1203 2265 1232 2291 ἐν
1244 2266 1277 2300 τῇ
1295 2265 1438 2300 πραότητι.

1111 2308 1153 2336 Η¹.
1168 2309 1239 2337 Δὺτὸ
1254 2309 1285 2336 τὸ
1305 2309 1418 2345 Πνεῦμα
1444 2311 1586 2346 χαρίζεται
1606 2311 1682 2347 αὐτῷ
1694 2310 1791 2341 ταῦτα,
1813 2311 1861 2337 καὶ

1073 2355 1193 2383 διδάσκει
1212 2356 1292 2384 αὐτὸν
1306 2356 1438 2393 ἀληθινὴν
1459 2358 1541 2394 εύχὴν
1550 2378 1559 2391 ,
1585 2358 1714 2393 ἀληθινὴν
1730 2357 1841 2391 ἀγάπην
1853 2377 1861 2386 .

1072 2402 1201 2438 ἀληθινὴν
1217 2402 1370 2438 πραότητα,
1382 2402 1401 2430 ἃ
1414 2403 1597 2438 προεὸιάσατο
1609 2404 1657 2430 καὶ
1671 2403 1799 2438 ἐζήτησε,
1814 2403 1862 2429 κεὶ

1073 2447 1260 2484 ἱμερίμνησε,
1287 2449 1335 2475 καὶ
1357 2449 1518 2485 ἐμελέτησε,
1538 2450 1586 2477 καὶ
1601 2449 1680 2486 ἐδόθη
1703 2449 1792 2484 αὐτῷ·
1815 2450 1862 2475 καὶ

1073 2492 1159 2524 οὕτως
1175 2493 1296 2528 αὐξήσας
1310 2494 1357 2520 καὶ
1378 2494 1533 2526 τελειωθεὶς
1547 2495 1577 2522 ὲν
1599 2493 1670 2529 Θεῷ,
1694 2493 1862 2529 κληρονόμος

1072 2540 1120 2573 τῆς
1135 2538 1272 2573 βασιλείας
1283 2540 1411 2573 γενέσθαι
1424 2540 1612 2573 καταξιοῦται.
1628 2540 1659 2567 '0
1671 2539 1726 2575 γὰρ
1737 2539 1862 2570 ταπεινὸς

1073 2583 1202 2610 οὐδέποτε
1235 2585 1330 2611 πίπτει
1341 2593 1348 2600 ·
1365 2585 1448 2613 πόθεν
1462 2586 1517 2620 γὰρ
1534 2586 1630 2612 πεσεῖν
1650 2583 1708 2619 ἔχει
1732 2584 1861 2611 ὑποκάτω

1073 2629 1182 2656 πάντων
1196 2628 1253 2662 ὥνς
1272 2630 1376 2665 μεγάλη
1392 2631 1568 2662 ταπείνωσις,
1588 2631 1605 2666 ή
1632 2629 1840 2665 ὑψηλοφροσύνη
1852 2636 1859 2644 ’

1073 2674 1121 2700 καὶ
1142 2674 1247 2710 μεγάλη
1272 2674 1393 2709 ὖῲωσις,
1412 2676 1458 2702 καὶ
1475 2676 1616 2711 τιμιότης,
1639 2675 1686 2702 καὶ
1702 2675 1827 2710 ἀξίωμα,
1842 2675 1860 2710 ἡ

1072 2719 1316 2755 ταπεινοφροσύνῃ.
1341 2721 1397 2747 Καὶ
1417 2722 1497 2755 ἡμεῖς
1519 2720 1610 2747 τοίνυν
1634 2719 1792 2755 βιασώμεθα
1813 2719 1859 2746 καὶ

1072 2763 1201 2799 ἄγχωμεν
1216 2766 1329 2797 ἑαυτοὺς
1345 2766 1384 2797 εἰς
1411 2765 1461 2800 τὴν
1479 2764 1742 2800 ταπεινοφροσύνην,
1756 2765 1805 2792 καὶ
1821 2765 1861 2800 μὴ
