2078 3151
232 182 285 215 649

830 191 1014 223 HOMILLE.
1030 205 1064 211 —
1084 194 1176 226 ῙΙΟΜ.
1195 197 1260 227 XX.

1803 207 1858 237 650

229 239 362 276 θελούσης
374 241 424 276 τῆς
438 242 562 278 καρδίας,
575 244 623 271 καὶ
635 244 675 276 είς
687 244 738 281 τὴν
752 246 903 282 πραότητα,
918 248 966 276 καὶ
977 249 1000 275 εί

1070 257 1132 279 mus
1151 256 1233 287 atque
1257 259 1386 289 cogamus
1402 263 1453 283 nos
1468 256 1543 292 ipsos
1557 257 1591 284 ad
1605 257 1800 292 humilitatem,
1815 261 1859 288 vel

229 285 280 321 τὴν
293 285 405 321 ἀγάπην
419 288 541 323 δεόμενοι
554 289 601 316 καὶ
614 290 836 325 παρακαλοῦντες
847 292 892 319 τὸν
909 293 975 320 Θεὸν
988 295 1018 320 ἐν

229 331 330 364 πίστει,
346 331 394 358 καὶ
408 331 506 366 ὲλπίδι,
518 334 565 360 καὶ
579 334 685 371 ἀγάπῃ,
701 335 881 368 ἀδιαλείπτως
889 337 918 363 ὲν
931 346 1016 373 προσ-

227 375 305 411 δοκίᾳ
316 377 428 414 τοιαύτῃ
443 378 490 405 καὶ
501 379 604 414 σκοπῷ,
620 379 665 407 ἵνα
687 380 835 416 ἀποστείλῃ
850 381 882 408 τὸ
904 383 1016 418 Πνεῦμα

227 420 311 447 αὐτοῦ
319 422 359 453 είς
370 421 420 454 τὰς
434 423 549 458 καρδίας
559 425 700 460 ὴμῶν,ἴνα
714 425 858 462 εὐξώμεθα
869 428 918 454 καὶ
929 437 1015 464 προσ-

227 466 390 502 κυνήσωμεν
405 468 443 503 τῷ
458 468 518 504 Θεῷ
531 469 561 497 ὲν
575 470 716 506 Πνεύματι
732 472 780 499 καὶ
793 472 918 510 ἀληθείᾳ.

262 552 300 579 Θ’.
318 553 374 580 Καὶ
392 554 459 583 αὐτὸ
474 555 505 582 τὸ
519 555 632 592 Πνεῦμα
645 556 745 590 διδάξει
760 557 836 593 ἡμᾶς
847 558 931 594 εὐχὴν
946 558 1014 595 ἀλη-

227 598 314 633 θινὴν,
334 599 369 635 ἢν
390 599 438 627 νῦν
462 600 509 627 καὶ
533 601 604 636 μετά
622 601 682 636 βίας
694 602 724 629 οὐ
745 602 883 638 δυνάμεθα
905 606 1011 632 ποιεῖν·

229 645 372 680 σπλάγχνα
385 646 554 682 οἰκτιρμῶν,
582 648 764 683 χρηστότητα,
788 648 837 676 καὶ
860 649 949 682 πάσας
963 650 1013 683 τὰς

226 689 336 720 ἐντολὰς
356 689 404 716 τοῦ
419 690 533 726 Κυρίου,
561 691 661 725 διδάξει
677 693 751 728 ἡμᾶς
772 692 885 728 ποιῆσαι
903 694 932 726 ἐξ
946 695 1012 730 ἀλη-

226 733 301 765 θείας
317 733 428 766 ἀλύπως
440 736 487 762 καὶ
500 735 648 770 ἀδιάστως,
660 736 698 768 ὼς
714 737 781 764 αὐτὸ
792 737 823 764 τδ
833 738 944 774 Πνεῦμα
957 737 1011 767 οἵδε

225 777 345 813 πληροῦν
366 780 441 814 ἡμᾶς
468 779 515 806 τὸν
539 781 646 815 καρπὸν
667 781 765 815 αὑτοῦ,
786 782 835 809 καὶ
850 782 935 815 οὕτως
954 784 1010 812 τῶν

223 823 338 850 ἐντολῶν
362 824 410 851 τοῦ
432 825 500 852 Θεοῦ
517 826 714 861 πληρωθεισῶν
739 827 784 861 ὑφ’
801 828 879 863 ἡμῶν
895 829 939 856 διὰ
960 829 1008 856 τοῦ

224 867 384 902 Πνεύματος
397 869 491 902 αὑτοῦ,
506 869 552 896 τοῦ
568 870 649 904 μόνου
663 871 844 905 γινώσκοντος
857 872 888 899 τὸ
903 872 1008 909 θέλημα

1070 295 1157 323 invito
1171 296 1274 330 animo,
1288 302 1316 326 et
1333 300 1368 326 ad
1387 302 1626 330 mansuetudinem
1639 307 1667 330 et
1682 304 1716 331 ad
1734 304 1859 333 dilectio-

1069 348 1144 374 nem,
1166 347 1311 377 precantes
1332 349 1415 380 atque
1435 345 1614 374 obsecrantes
1638 348 1724 375 Deum
1747 349 1774 376 in
1793 349 1856 382 de,

1068 393 1117 422 spe
1139 395 1171 414 ac
1193 387 1350 422 dilectione,
1370 390 1558 419 indesinenter
1576 392 1627 420 hac
1648 395 1855 428 exspectatione

1067 436 1151 467 atque
1177 441 1262 469 scopo
1287 435 1364 469 freti,
1392 441 1422 464 ut
1447 438 1537 465 mittat
1561 438 1694 473 Spiritum
1725 447 1805 467 suum
1827 441 1856 468 in

1066 478 1149 506 corda
1163 483 1268 512 nostra,
1287 488 1343 516 quo
1357 489 1503 516 precemur
1517 487 1546 510 et
1560 483 1708 513 adoremus
1726 485 1811 514 Deum
1827 486 1855 514 in

1066 523 1170 558 Spiritu
1190 529 1219 552 et
1235 526 1360 553 veritate.
1826 527 1831 529 ’

1102 568 1148 594 ΙΧ.
1168 569 1228 604 [pse
1243 577 1352 606 quoque
1370 571 1491 607 Spiritus
1505 573 1616 602 docebit
1628 583 1678 603 nos
1687 584 1780 604 veram
1792 585 1856 612 pre-

1064 620 1127 642 cum
1152 616 1295 648 rationem,
1311 625 1380 652 quas
1394 626 1478 652 nunc.
1493 628 1528 647 ne
1543 620 1567 647 vi
1583 621 1695 655 quidem
1717 622 1852 655 adhibita,

1063 666 1211 694 possumus
1241 660 1343 689 facere.
1370 663 1479 692 Viscera
1502 673 1612 701 quoque
1639 667 1850 700 misericordiae,

1063 704 1260 740 benignitatem
1280 711 1309 735 et
1337 710 1428 737 omnia
1449 711 1576 738 mandata
1603 712 1710 740 Domini
1742 713 1852 740 docebit

1062 757 1113 778 nos
1128 750 1217 779 facere
1230 760 1326 782 revera
1339 755 1448 790 absque,
1458 756 1512 784 ulla
1530 757 1656 785 molestia
1669 762 1717 785 aut
1728 759 1850 786 coactio-

1061 803 1106 828 ne,
1122 801 1204 830 prout
1224 798 1299 825 novit
1316 798 1435 834 Spiritus
1449 800 1494 828 ille
1507 801 1613 836 replere
1623 810 1673 829 nos
1684 798 1773 830 fructu
1787 811 1849 831 suo.

1060 840 1150 875 Atque
1177 842 1230 870 hoc
1254 849 1334 877 pacto
1359 845 1496 873 mandatis
1518 847 1566 874 Dei
1586 854 1602 874 a
1628 847 1709 875 nobis
1728 848 1849 883 impletis

1060 885 1196 914 beneﬁcio
1217 887 1336 922 Spiritus
1351 889 1410 922 sui,
1428 891 1474 925 qui
1494 891 1569 919 solus
1585 892 1662 920 novit
1678 893 1846 921 voluntatem

222 913 268 939 τοῦ
285 914 386 949 Κυρίου
397 934 404 946 ,
420 914 467 941 καὶ
490 915 681 948 τελειώσαντος
696 917 771 951 ἡμᾶς
784 916 831 943 τοῦ
850 918 1000 953 Πνεύματοι

223 959 345 970 -1Αι,η,λὶ
379 961 421 970 _,,,\
445 960 498 970 ",H,
539 961 567 970 ΛΙ
662 962 668 970 1
706 963 712 970 ι
745 963 758 970 ι-
828 963 841 970 Λ
912 963 939 970 Α.

1158 913 1164 914 ,
1224 913 1335 922 Ὕπηη
1352 913 1410 922 --.,
1429 913 1474 925 Ἰ-.
1494 913 1569 919 _-...-
1585 913 1662 920 μυ...
1683 913 1846 921 ,ν.....,...ν...

1061 929 1179 964 Domini,
1196 932 1298 967 quique
1314 933 1434 967 Spiritus
1449 942 1500 962 nos
1513 940 1687 963 consummat
1705 937 1733 964 in
1755 945 1794 970 se,
1815 945 1848 966 ac

222 959 261 989 εἰς
270 960 360 992 ἑαυτὸ,
378 961 425 987 καὶ
442 960 630 992 τελειωθέντος
645 962 684 994 είς
701 963 774 997 ἡμᾶς
789 963 1006 999 καθαρισθέντας

221 1005 275 1031 ἀπὸ
303 1005 403 1037 παντὸς
431 1005 570 1041 μολυσμοῦ
599 1007 647 1034 καὶ
666 1007 761 1034 σπίλου
781 1009 832 1043 τῆς
850 1009 1004 1044 ἁμαρτίας,

220 1051 313 1086 ὥσπερ
325 1051 434 1086 νύμφας
447 1052 542 1085 καλὰς,
559 1053 608 1083 τὰς
623 1052 712 1088 ψυχὰς
730 1054 808 1089 ἡμῶν
822 1054 944 1090 καθαρὰς
958 1056 1006 1082 καὶ

219 1095 350 1130 ἀμώμους
378 1097 549 1132 παραστήσει
573 1097 612 1131 τῷ
640 1098 766 1133 Χριστῷ,
792 1099 1004 1134 ἀναπαυομένων

219 1140 296 1173 ἡμῶν
313 1141 342 1166 ὲν
355 1140 425 1175 Θεῷ,
443 1141 472 1168 ὲν
486 1143 519 1177 τῇ
540 1141 664 1178 βασιλείᾳ
690 1143 784 1175 αὐτοῦ,
805 1144 852 1171 καὶ
867 1145 1005 1172 ἀναπαυο-

219 1182 300 1215 μένου
312 1182 359 1209 τοῦ
376 1183 444 1210 Θεοῦ
457 1184 486 1210 ὲν
499 1185 566 1219 ἡμῖν
577 1186 618 1218 εὶς
631 1186 693 1218 τοὺς
708 1187 878 1223 ἀπεράντους
891 1189 1002 1231 σδῶνας.

217 1227 285 1258 Δόξα
302 1229 358 1260 τοῖς
386 1229 542 1265 οἱκτιρμοῖς
562 1231 645 1258 αὑτοῦ
671 1232 718 1260 καὶ
734 1232 772 1267 τῷ
795 1233 876 1266 ἐλέει,
898 1227 946 1261 καὶ
969 1236 1002 1270 τῇ

217 1272 322 1309 ἀγάπῃ,
341 1274 383 1300 ὅτι
396 1275 435 1306 είς
450 1276 578 1312 τοιαύτην
593 1276 675 1312 τιμὴν
692 1278 739 1304 καὶ
755 1277 833 1311 δόξαν
849 1279 1002 1315 κατηξίωσε

215 1318 246 1345 τὸ
269 1319 348 1351 γένος
364 1319 419 1348 τῶν
437 1321 599 1357 ἀνθρώπων,
620 1323 694 1355 υἱοὺς
716 1324 822 1360 Πατρδς
840 1325 1001 1361 ἐπουρανίου

215 1364 385 1399 κατηξίωσεν
408 1367 523 1400 αὐτοὺς,
546 1369 594 1396 καὶ
614 1368 696 1401 ἰδίους
710 1370 843 1405 ἀδελφοὺς
865 1371 1001 1408 προσηγόφ

215 1418 322 1445 ρευσεν.
340 1412 419 1448 Αὐτῷ
432 1414 449 1449 ἠ
463 1413 527 1447 δόξα
541 1415 581 1447 εἰς
596 1415 658 1447 τοὺς
673 1416 784 1448 αἰῶνας.
805 1417 902 1454 Ἀμήν,

509 1471 633 1498 ΟΜΙΛῘΑ
652 1471 695 1500 Κ’.

212 1513 346 1555 Μόνος-δ
360 1516 530 1555 Χριστὸς-εὐ
541 1518 686 1555 ἀληαινὸς
697 1519 826 1555 τοῦἒέσω
840 1519 999 1555 ἀνθρώπου

248 1550 364 1589 ἰατρός,
381 1552 562 1589 θεραπεῦσαι
583 1550 707 1589 δύναται
729 1553 792 1589 τὴν,
805 1550 928 1589 ψυχὴῆ
949 1556 998 1583 και

248 1584 345 1619 αὐτὴν
358 1585 397 1618 τῷ
408 1584 464 1620 τῆς
484 1586 604 1621 χάριτος
624 1584 766 1623 ἐνδύματὶ
781 1584 995 1625 διᾶκόάμῆσαι.

246 1640 286 1666 Α.
311 1640 346 1667 El
360 1649 402 1672 τις
416 1642 519 1677 γυμνός
538 1642 612 1669 ἐστιν
634 1643 689 1670 ἀπὸ
706 1643 754 1671 τοῦ
779 1645 927 1681 ἐνδύματος
947 1647 994 1674 τοῦ

212 1683 303 1711 Θεῖκοῦ
320 1685 367 1712 καὶ
379 1687 554 1721 ἐπουρανίου,
569 1688 638 1723 ὅπερ
654 1688 727 1716 ἐστὶν
740 1689 757 1725 ή
773 1690 820 1717 τοῦ
835 1691 996 1727 Πνεύματος

211 1729 333 1765 δύναμις,
347 1730 439 1763 καθὼς
454 1732 571 1768 εἴρηται·
588 1733 622 1760 El
633 1733 666 1760 δέ
677 1742 720 1768 τις
732 1735 853 1770 Πνεῦμα
865 1737 995 1771 Χριστοῦ

211 1777 266 1804 οὐκ
287 1777 360 1812 ἔχει,
383 1776 473 1812 οὗτος
497 1781 553 1807 οὐκ
572 1780 658 1808 ἔστιν
678 1782 789 1810 αὐτοῦ·
809 1783 927 1812 κλαιέτω
948 1786 996 1813 καὶ

211 1823 404 1858 παρακαλείτω
429 1824 475 1852 τὸν
490 1825 604 1862 Κύριον,
620 1827 664 1854 ἴνα
685 1827 755 1864 λάϐῃ
775 1828 807 1855 τὺ
830 1829 859 1863 ἐξ
878 1830 994 1866 οὐρανοῦ

211 1869 394 1904 πνευματικὸν
418 1870 537 1907 ἐνδυμαο
559 1872 602 1900 ῐνα
616 1873 757 1909 ἀμφιασθῇ
779 1874 828 1910 τὴν
845 1876 899 1902 ἀπὸ
920 1876 996 1909 θείας

210 1915 348 1950 ἐνεργείας
360 1917 575 1957 γεγυμνωμένην
587 1917 675 1955 ψυχήν
684 1927 692 1934 ⁸
704 1919 744 1946 ὅτι
755 1920 855 1955 πολλὴν
864 1921 995 1959 αίσχύνην

209 1961 322 1996 ἀτιμίας
347 1962 441 1989 παθῶν
456 1963 662 2000 περισέσληται,
679 1965 695 1991 ό
710 1965 748 2001 μὴ
773 1966 947 2002 ἐνδεδυμένος
964 1969 994 1995 τὸ

209 2007 255 2033 τοῦ
278 2008 436 2044 Πνεύματος
451 2009 561 2045 ἔνδυμα.
584 2010 689 2047 Ὥσπερ
709 2011 763 2047 γάρ
780 2012 809 2038 ὲν
827 2014 883 2045 τοῖς
900 2022 994 2048 φαινο-

209 2054 300 2089 μένοις
315 2054 363 2082 ὲάν
375 2063 417 2086 τις
429 2056 530 2090 γυμνὸς
546 2053 575 2093 ᾖ,
591 2057 620 2084 ὲν
635 2057 719 2093 πολλῇ
740 2058 854 2095 αἰσχύνῃ
870 2059 918 2087 καὶ
933 2060 993 2087 ἀτι-

209 2099 258 2135 μίᾳ
271 2101 339 2133 ἐστὶ,
360 2101 410 2128 καὶ
425 2102 496 2137 φίλοι
518 2103 613 2137 φίλους
629 2104 845 2140 ἀποστρέφονται
860 2106 992 2141 γυμνοὺς,

208 2145 255 2172 καὶ
269 2146 377 2182 γνήσιοι
394 2147 484 2181 ἰδίους,
508 2149 556 2175 καὶ
575 2149 658 2177 τέκνα
675 2150 762 2178 ἰδόντα
780 2152 993 2188 γεγυμνωμένον

207 2191 313 2228 πατέρα
328 2192 462 2228 ἔστρεψαν
483 2193 532 2226 τὰς
547 2194 651 2222 ἑαυτῶν
668 2194 754 2230 ὄψεις,
774 2195 821 2222 τοῦ
843 2196 880 2231 μὴ
899 2197 994 2224 ἑνατε-

207 2237 278 2264 νίσαι
288 2239 384 2274 γυμνῷ
391 2238 429 2274 τῷ
438 2239 546 2274 σώματι
556 2240 603 2267 τοῦ
615 2240 733 2276 Πατρός,
745 2241 792 2268 καὶ
803 2241 994 2276 ὀπισθοφανῶς

1058 973 1198 1008 perlectus
1222 975 1250 1003 in
1274 977 1365 1010 nobis,
1394 978 1545 1012 puriﬁcatis
1559 980 1594 1007 ab
1620 981 1695 1008 omni
1721 981 1847 1016 inquina-

1057 1023 1161 1054 mento,
1175 1028 1208 1048 ac
1220 1021 1348 1050 sordibus
1360 1024 1477 1058 peccati,
1489 1025 1564 1052 velut
1574 1033 1689 1060 sponsas
1704 1031 1845 1061 venustas,

1056 1064 1163 1092 animas
1177 1070 1287 1094 nostras
1300 1074 1384 1102 puras
1397 1072 1426 1096 et
1439 1069 1626 1098 intmaculatas
1641 1070 1752 1100 Christo
1765 1072 1844 1100 exhi-

1055 1109 1140 1142 bebit,
1161 1111 1400 1146 requiescentibus
1415 1114 1496 1142 nobis
1509 1115 1537 1142 in
1552 1116 1618 1148 Deo,
1632 1116 1659 1143 in
1674 1125 1758 1152 regno
1772 1119 1842 1152 ejus,

1054 1162 1087 1182 ac
1111 1155 1165 1183 Deo
1188 1157 1362 1191 requiscente
1388 1159 1416 1186 in
1441 1160 1522 1188 nobis
1550 1161 1579 1188 in
1603 1161 1710 1189 inﬁnita
1733 1163 1841 1191 secula.

1053 1199 1146 1227 Gloria
1171 1200 1207 1228 sit
1233 1202 1460 1231 miserationibus
1488 1205 1558 1240 ejus,
1588 1206 1785 1241 misericordiae
1810 1214 1843 1236 ac

1053 1245 1205 1279 d’lectioni,
1220 1247 1294 1282 quod
1310 1252 1385 1276 tanto
1401 1249 1505 1277 honore
1517 1255 1546 1278 et
1558 1251 1645 1286 gloria
1662 1251 1793 1288 dignatus
1806 1253 1842 1281 sit

1051 1299 1137 1326 genus
1162 1292 1328 1327 humanum,
1345 1303 1414 1330 quos
1430 1296 1527 1331 dignos
1543 1297 1718 1333 judicaverit,
1742 1304 1772 1326 ut
1792 1307 1842 1326 vou-

1052 1342 1127 1377 caret
1141 1337 1210 1365 ﬁlios
1223 1339 1312 1367 Patris
1329 1340 1453 1370 cmlestis
1467 1350 1499 1370 ac
1514 1343 1642 1380 proprios
1657 1342 1757 1382 fratres
1786 1343 1841 1379 Ipsi

1051 1382 1136 1418 gloria
1153 1383 1180 1411 in
1199 1385 1308 1413 sarcula.
1325 1387 1424 1415 Amen.

1329 1485 1472 1514 HOMILIA
1491 1486 1552 1523 XX,

1049 1525 1128 1556 Solus
1150 1529 1285 1562 Christus.
1313 1539 1391 1558 veru:
1414 1532 1530 1558 mediam
1554 1532 1688 1560 interioris
1714 1533 1837 1565 hominis,

1083 1572 1182 1591 sanare
1196 1569 1279 1599 potest
1299 1567 1429 1600 animum,
1448 1574 1558 1602 eamque
1577 1568 1729 1595 vestimento
1744 1568 1840 1603 gratia!

1010 1613 1032 1642 ο
1083 1607 1140 1626 Iul?
1162 1607 1302 1630 exornare,

1083 1655 1104 1682 Ι.
1125 1655 1153 1683 Si
1171 1656 1233 1690 quis
1245 1656 1336 1685 nudus
1357 1657 1395 1685 sit
1409 1661 1438 1685 et
1454 1662 1546 1686 careat
1561 1658 1724 1686 indumento
1739 1658 1838 1687 divino

1048 1709 1080 1729 ac
1093 1702 1208 1735 caelesti,
1221 1703 1293 1737 qnod
1312 1707 1355 1730 est
1369 1703 1490 1738 potentia
1501 1703 1632 1738 Spiritus,
1645 1705 1718 1732 sicut
1730 1704 1837 1733 dictum

1048 1751 1108 1774 est:
1133 1747 1163 1774 Si
1182 1748 1240 1782 quia
1263 1752 1350 1775 autem
1370 1747 1498 1784 Spiritum
1514 1749 1610 1777 Christi
1626 1757 1678 1777 non
1696 1750 1782 1782 habet,
1797 1751 1838 1778 hic

1048 1801 1099 1819 non
1116 1797 1152 1820 est
1173 1793 1229 1828 ejus
1241 1794 1251 1810 ⁵
1268 1802 1274 1821 :
1289 1794 1378 1828 ploret
1395 1799 1477 1829 atque
1491 1794 1618 1822 obsecret
1635 1796 1789 1827 Dominum.
1806 1802 1838 1823 ut

1047 1838 1156 1865 caelitus
1168 1843 1350 1874 consequatur
1361 1839 1502 1874 spirituale
1513 1840 1837 1876 indumentum,84quo

1048 1882 1144 1910 induat
1154 1883 1273 1911 animam
1286 1884 1378 1911 divina
1388 1885 1489 1913 virtute
1500 1885 1644 1920 spoliatam
1656 1894 1663 1912 :
1673 1886 1738 1921 quia
1748 1887 1836 1914 multo

1047 1929 1152 1963 pudore
1165 1938 1196 1958 ac
1211 1930 1323 1958 infamia
1337 1930 1515 1959 aﬁ‘ectionum
1535 1931 1669 1964 induitur,
1685 1932 1733 1967 qui
1750 1932 1835 1960 vesti-

1047 1979 1140 2002 mento
1161 1974 1280 2010 Spiritus
1302 1976 1419 2003 amictus
1441 1984 1497 2004 non
1521 1981 1574 2004 est.
1597 1976 1834 2009 Quemadmodum

1046 2020 1120 2048 enim
1137 2020 1166 2048 in
1190 2021 1272 2048 rebus
1285 2021 1416 2054 externis,
1432 2021 1454 2049 si
1469 2021 1530 2056 quis
1551 2021 1643 2049 nudus
1665 2022 1712 2054 sit.
1727 2030 1837 2053 summa

1047 2065 1152 2100 pudore
1182 2069 1264 2101 atque
1295 2065 1406 2093 infamia
1434 2066 1564 2100 aﬂicitur;
1589 2071 1618 2094 et
1640 2067 1720 2095 amici
1745 2068 1836 2096 nudos

1047 2115 1207 2138 aversantur
1232 2110 1346 2144 amicos,
1363 2115 1391 2139 et
1405 2112 1527 2147 germani
1544 2120 1619 2146 suos,
1635 2117 1663 2141 et
1675 2113 1755 2141 liberi
1776 2114 1836 2142 viso

1046 2155 1120 2183 nudo
1138 2160 1225 2191 patre,
1242 2161 1401 2185 averterunt
1415 2156 1499 2185 facies
1511 2165 1586 2190 suas,
1607 2166 1643 2186 ne
1660 2159 1836 2187 intuerentur

1046 2201 1151 2229 nudum
1164 2210 1265 2237 corpus
1278 2203 1364 2239 patris
1376 2204 1398 2236 °,
1414 2208 1442 2231 et
1457 2208 1608 2232 retrorsum
1622 2204 1760 2240 progressi
1771 2213 1836 2240 ope-

1047 2252 1163 2275 ruerunt
1186 2255 1262 2281 eum,
1287 2252 1316 2276 et
1342 2249 1383 2276 sic
1407 2252 1566 2277 averterunt
1587 2249 1715 2276 vultum:
1736 2249 1835 2278 eodem

207 2283 369 2316 ἀπελθόντες
386 2285 563 2320 ἐπεκάλυψαν
581 2286 671 2319 αὐτὸν,
694 2287 742 2314 καὶ
757 2286 843 2319 οὕτως
862 2287 993 2323 ἐπέστρε-

1053 2293 1126 2321 nodo
1158 2294 1232 2321 Deus
1260 2298 1404 2322 aversatur
1440 2295 1565 2326 animas,
1598 2303 1655 2322 non
1689 2299 1835 2323 exornatas

206 2329 259 2363 ψαν
277 2330 326 2361 τὰς
339 2329 426 2365 ὄψεις.
452 2330 530 2357 Οὕτω
545 2331 592 2358 καὶ
609 2330 624 2357 ό
645 2330 711 2363 Θεὸς
733 2331 923 2368 ἀπέστραπται
943 2333 993 2365 τὰς

206 2375 293 2410 ψυχὰς
308 2376 356 2407 τὰς
371 2376 408 2411 μὴ
424 2376 602 2411 ἐνδεδυμένας
616 2377 647 2404 τὸ
658 2377 705 2404 τοῦ
717 2377 875 2413 Πνεύματος
890 2377 993 2412 ἔνδυμα

207 2420 236 2446 ὲν
261 2421 443 2457 πληροφορίᾳ,
465 2422 529 2455 τοὺς
547 2422 585 2458 μὴ
603 2422 794 2458 ὲνδεδυμένους
815 2423 862 2451 τὸν
888 2423 992 2460 Κύριον

212 2465 316 2500 Ἰησοῦν
332 2467 447 2503 Χριστὸν
462 2468 491 2494 ὲν
505 2468 619 2503 δυνάμει
636 2468 683 2495 καὶ
695 2468 820 2504 ἀληθείᾳ.
858 2492 862 2498 ,

241 2511 279 2539 B'.
298 2512 385 2544 Αὐτὸς
402 2513 417 2539 δ
431 2513 540 2548 πρῶτος
555 2514 697 2550 ἄνθρωπος
714 2514 882 2549 θεασάμενος
897 2513 993 2542 ἑαυτὸν

205 2559 307 2594 γυμνὸν
320 2560 453 2596 ᾐσχύνθη·
463 2561 582 2597 τοσαύτη
597 2562 693 2598 ἀτιμία
704 2563 737 2598 τῇ
752 2561 901 2597 γυμνότητι
910 2562 995 2597 πρόσ-

205 2614 289 2633 εστιν.
307 2607 338 2633 El
357 2604 404 2635 οὖν
425 2608 538 2635 ἐπὶτῶν
554 2608 718 2644 σωματικῶν
736 2608 871 2644 τοσαύτην
897 2607 995 2643 αἰσχύ-

205 2661 253 2688 νην
279 2652 415 2681 δείκνυσιν
441 2655 458 2690 ἠ
483 2654 638 2690 γυμνότης,
660 2654 735 2689 πόσῳ
750 2654 849 2690 μᾶλλον
864 2654 881 2689 ἡ
902 2653 993 2691 γυμνὴ

205 2698 259 2725 ἀπὸ
275 2698 350 2730 θείας
364 2700 504 2736 δυνάμεως
514 2700 599 2737 ψυχὴ,
615 2702 632 2737 ἡ
646 2701 684 2737 μὴ
700 2699 819 2736 φοροῦσα
832 2699 880 2726 καὶ
893 2700 993 2734 ἠμφιε-

207 2743 292 2779 σμένη
312 2744 343 2771 τὸ
363 2745 482 2781 ἀρῥητον
497 2747 544 2773 καὶ
570 2746 717 2783 ἄφθαρτον,
744 2746 792 2773 καὶ
810 2745 993 2780 πνευματικὸν

206 2788 320 2824 ενδυμα,
335 2791 416 2819 αὐτὸν
434 2791 481 2819 τὸν
497 2792 600 2829 Κύριον
623 2792 726 2828 Ἰησοῦν
742 2791 861 2828 Χριστὸν
880 2791 909 2818 ἐν
924 2790 992 2826 ἀλη-

242 2879 253 2894 ⁵
274 2879 352 2907 ηοηι.
373 2888 428 2913 vm,
449 2881 474 2909 9.
512 2882 601 2910 ‘Gen.
623 2889 659 2915 Ix,
674 2881 718 2909 25.
757 2882 767 2898 ⁷
781 2881 848 2911 Gen.
866 2889 907 2914 ιιι.
928 2883 954 2911 Ἰ.

1045 2339 1206 2367 indumento
1225 2339 1344 2374 Spiritus
1361 2347 1424 2367 cum
1439 2340 1502 2368 ﬁdei
1518 2340 1693 2373 certitudine,
1712 2347 1771 2372 eos,
1789 2340 1834 2367 in-

1045 2392 1138 2419 quam,
1149 2385 1197 2420 qui
1206 2392 1260 2412 non
1272 2385 1421 2414 induerunt
1431 2386 1578 2415 Dominum
1589 2385 1682 2415 llesum
1692 2385 1834 2414 Christum

1046 2430 1075 2459 in
1091 2430 1192 2457 virtute
1207 2435 1237 2458 et
1250 2431 1375 2460 veritate.

1080 2516 1114 2544 Il.
1133 2517 1241 2545 Primus
1256 2525 1366 2553 quoque
1384 2518 1477 2552 homo,
1493 2519 1666 2555 conspiciens
1683 2527 1713 2548 se
1727 2518 1832 2547 nudum

1043 2571 1114 2594 esse,
1131 2562 1252 2593 erubuit.
1276 2563 1363 2591 Tanta
1382 2564 1531 2600 ignominia
1545 2565 1698 2593 nuditatem
1714 2565 1830 2592 conlita-

1044 2612 1089 2634 tur
1101 2608 1121 2637 ⁷.
1134 2607 1161 2635 Si
1171 2614 1237 2643 ergo
1250 2608 1276 2635 in
1290 2608 1373 2636 rebus
1388 2610 1577 2644 corporalibus
1594 2614 1697 2637 tantum
1711 2610 1833 2639 dedecus

1046 2654 1174 2682 conciliat
1187 2655 1309 2688 nuditas,
1325 2659 1427 2689 quanto
1445 2656 1546 2690 majore
1562 2656 1663 2688 anima,
1675 2664 1735 2691 qum
1746 2656 1834 2684 denu-

1046 2700 1108 2728 dala
1130 2705 1173 2728 est
1189 2701 1291 2729 virtute
1313 2702 1415 2734 divina,
1441 2710 1492 2730 nec
1517 2707 1614 2737 gestat,
1632 2707 1680 2730 aut
1701 2706 1833 2731 exornata

1045 2750 1087 2773 est
1101 2745 1244 2778 inellabili,
1256 2746 1458 2782 incorruptibili
1468 2755 1500 2775 ac
1510 2746 1646 2782 spirituali
1659 2746 1831 2778 indumento,

1046 2791 1107 2829 ipso
1139 2792 1244 2823 scilicet
1273 2792 1388 2823 Domino
1414 2793 1479 2821 Jesu
1509 2792 1619 2823 Christo
1646 2793 1677 2821 in
1699 2792 1835 2826 veritate,
