2078 3151
234 198 284 231 651

851 198 881 229 s.
904 199 1063 230 MACARII
1085 185 1242 231 χερνιπιί

1801 197 1854 229 652

232 259 337 290 quanto
359 255 473 290 majore,
498 255 619 289 inquam,
636 249 742 290 pudore
761 259 845 290 atque
867 255 1011 291 ignominia

1069 256 1138 292 θείᾳ,
1155 257 1264 284 πλείονα
1282 259 1329 285 καὶ
1346 257 1476 294 αἰσχύνην
1493 257 1540 284 καὶ⁸
1558 256 1671 292 ἀτιμίαν
1692 253 1785 281 παθῶν
1801 261 1852 279 πι-

232 297 409 325 aﬂectionum
426 298 596 326 circumdata
609 303 638 326 et
650 299 750 327 amicta
769 299 832 326 est?
854 299 1017 335 Quicunque

230 350 298 378 ergo
315 346 390 370 caret
403 342 496 370 divina
518 343 564 370 illa
583 343 681 378 gloria,
699 344 736 372 ita
759 343 844 371 debet
865 344 907 371 sui
930 344 1017 379 ipsius

231 388 337 422 pudore
352 388 426 419 duci,
439 393 521 423 atque
536 397 684 424 agnoscere
697 397 774 417 suam
792 389 879 425 ipsius
903 389 1017 425 ignomi-

231 434 315 465 niam,
329 434 400 461 sicut
410 434 496 461 Adam
509 435 620 462 erubuit
630 443 745 470 corpore
758 436 848 463 nudus
859 444 920 463 cum
932 440 1015 463 esset.

230 479 360 512 Quamvis
370 481 567 508 construxisset
580 481 632 508 sibi
645 489 678 508 ex
693 481 766 508 foliis
778 481 846 508 licus
856 481 1013 514 amictum“,

230 525 411 552 nihilominus
435 525 540 560 pudore
569 525 755 558 adiciebatur,
779 526 957 553 mendicitate
987 531 1016 554 et

229 569 356 597 nuditate
371 578 419 597 sua
434 571 542 606 cognita
555 576 637 606 atque
652 576 804 606 perspecta.
824 571 947 599 Postulet
966 571 1015 607 igi-

230 619 276 642 tur
291 615 427 650 ejusmodi
442 616 532 643 anima
553 624 569 643 a
583 616 703 648 Christo,
729 617 776 651 qui
799 617 915 651 largitur
932 621 1014 651 atque

229 664 345 687 exornat
358 667 417 687 eam
433 660 519 695 gloria
534 661 562 688 in
578 661 681 689 lumine
694 669 812 690 arcano:
836 669 887 689 nec
900 665 1014 689 consuta

229 704 282 732 sibi
293 710 369 732 veste
379 713 511 733 vanarum
522 706 717 741 cogitationum
729 707 888 738 arbitretur,
898 707 1015 742 propria;

227 749 342 783 iustitiae
355 751 486 784 opinione
506 750 630 786 decepta,
647 759 678 778 se
695 751 798 779 habere
816 751 1013 783 vestimentum

230 795 316 830 ipsius
329 796 465 824 salutaris.

265 841 309 868 lll.
329 841 356 875 Si
377 842 452 870 enim
471 841 499 869 in
522 850 571 870 sua
591 843 698 878 justitia
720 848 802 878 atque
823 843 1013 878 redemptione

229 887 316 915 solum
340 887 403 922 quis
426 888 587 923 perstiterit,
609 889 711 916 frustra
730 896 762 916 ac
783 894 886 916 temere
904 889 1013 917 labores

229 932 275 959 ille
290 933 413 967 suscipit.
430 932 526 962 Omnis
538 933 612 960 enim
626 933 720 968 opinio
729 934 843 969 iustitiae
856 935 926 969 eius,
937 935 1013 962 velut

227 985 337 1012 pannus
363 982 539 1005 menstruatam:
563 983 675 1013 apparet
701 979 730 1006 in
752 983 876 1007 extremo
902 979 957 1012 die,
983 984 1014 1007 ut

228 1024 319 1058 inquit
343 1024 477 1058 propheta
494 1024 593 1051 Isaias:
613 1023 695 1051 Facta
712 1029 750 1051 est
767 1025 888 1052 universa
907 1026 1013 1060 justitia

228 1073 320 1096 nostra
340 1074 469 1103 tanquam
482 1077 584 1104 pannus
606 1073 775 1097 menstruam:
787 1071 807 1097 ‘.
831 1070 1014 1098 Obsecremus

228 1114 311 1149 igitur
326 1115 413 1141 Deum
433 1120 515 1149 atque
540 1122 678 1149 rogemus,
699 1119 729 1142 ut
747 1115 910 1143 amiciamur
934 1116 1014 1143 indu-

227 1163 321 1186 mento
335 1159 421 1193 ipsius
434 1159 570 1191 salutaris,
585 1159 701 1187 Domino
715 1161 846 1188 nimirum
860 1161 924 1188 Jesu
934 1161 1013 1188 Chri-

227 1208 279 1235 sto,
305 1212 405 1232 arcano
433 1205 547 1237 lumine,
571 1213 654 1240 quem
678 1210 816 1240 gestantes
840 1206 938 1234 animae
957 1215 1012 1234 non

225 1256 360 1277 exuenlur
371 1250 398 1278 in
408 1251 556 1284 saeculum;
571 1251 620 1279 sed
636 1252 663 1279 in
679 1253 884 1280 resurrectione
896 1260 1012 1288 corpora

225 1302 334 1329 quoque
348 1303 444 1323 eorum
464 1295 690 1330 gloriﬁcabuntur
710 1297 794 1332 gloria
818 1297 941 1330 luminis,
957 1306 1013 1333 quo

225 1340 334 1367 amictae
357 1348 430 1372 nunc
456 1346 522 1369 sunt
552 1341 646 1370 ﬁdeles
676 1350 708 1370 ac
728 1350 868 1378 generosae
898 1343 1010 1376 animas,

224 1386 296 1413 sicut
310 1386 456 1421 Apostolus
475 1387 513 1414 ait
526 1396 534 1415 ι
550 1387 602 1420 Qui
615 1389 737 1415 excitavit
754 1388 887 1416 Christum
897 1396 928 1416 ea:
939 1397 1011 1416 mor-

225 1434 288 1464 ιιιὶκ,
308 1433 448 1466 viviﬁcabit
469 1437 493 1459 et
513 1433 639 1460 mortalia
658 1441 769 1468 corpora
789 1439 889 1466 nostra,
906 1440 1012 1469 propter

224 1478 305 1512 ipsius
324 1476 451 1511 Spiritum
474 1476 666 1503 inhabitantem
685 1477 713 1503 in
732 1477 804 1503 nobis
814 1477 845 1503 ‘°.
863 1476 956 1503 Gloria
976 1477 1013 1504 sit

225 1522 438 1557 inetl‘abililejus
461 1522 632 1549 miserationi
653 1526 735 1557 atque
764 1522 944 1550 inenarrabili
961 1523 1012 1549 mi-

223 1567 383 1595 sericordiae
395 1568 465 1602 ejus.
481 1579 486 1584 τ

259 1614 303 1641 1V.
323 1614 358 1641 Et
374 1614 492 1641 iterum:
508 1612 734 1646 Quemadmodum
748 1613 846 1641 mulier
861 1615 933 1649 fluxu
947 1623 1010 1641 san-

223 1659 310 1694 guinis
331 1659 467 1691 laborans,
487 1666 546 1685 cum
562 1658 677 1685 crederet
694 1658 826 1692 ﬁdeuera,
841 1663 865 1686 et
877 1659 1011 1693 ﬁmbriam

224 1705 371 1734 vestimenti
390 1704 498 1732 Domini
523 1704 725 1739 contingeret“,
751 1704 842 1731 statim
866 1704 1010 1731 sanitatem

223 1754 371 1780 consecuta
387 1754 440 1781 est,
464 1756 547 1784 atque
563 1749 717 1776 exsiccatus
736 1753 779 1776 est
798 1749 887 1776 ﬂuxus
908 1749 1010 1784 impuri

224 1796 308 1824 t‘ontis
324 1795 482 1831 sanguinis:
501 1795 541 1822 sic
561 1795 652 1822 omnis
667 1793 757 1821 anima
776 1794 922 1822 incurabili
947 1794 1010 1821 vul-

223 1850 290 1870 nere
301 1841 406 1877 peceati
424 1846 564 1876 percussa,
580 1847 611 1868 ac
625 1840 700 1867 fonte
724 1840 904 1868 obscenarum
915 1847 1012 1875 prava-

224 1895 339 1923 rumque
369 1888 570 1923 cogitationum
606 1887 720 1920 obruta,
752 1887 775 1914 si
802 1894 945 1922 progressa
975 1886 1009 1914 ad

222 1933 362 1961 Christum
377 1933 517 1968 supplices
531 1940 628 1968 preces
642 1932 747 1965 fecerit,
770 1932 851 1967 eique
870 1940 935 1960 vere
949 1939 1010 1959 cre-

223 1978 334 2010 diderit,
359 1978 504 2006 sanitatem
531 1978 677 2006 salutarem
690 1978 869 2013 consequitur
882 1977 916 2005 ab
931 1977 1010 2005 incu-

225 2023 304 2051 rabili
322 2023 397 2051 fonte
413 2023 600 2056 all'ectionum,
613 2029 695 2058 atque
712 2023 868 2050 exsiccatur
886 2023 948 2050 fons
965 2023 1010 2050 ille

224 2070 366 2101 deﬁciens,
385 2069 433 2104 qui
451 2069 607 2097 immundas
621 2069 801 2104 cogitationes
812 2069 1010 2105 ejaculabatur,

225 2115 326 2142 virtute
345 2114 432 2141 solius
453 2114 535 2142 Jesu:
552 2115 624 2142 alius
639 2121 703 2142 vero
718 2114 771 2141 hoc
791 2114 891 2141 vulnus
913 2122 1010 2142 curare

225 2167 341 2195 prorsus
355 2161 461 2194 nequit.
484 2160 599 2187 Tantam
623 2160 697 2187 enim
716 2167 826 2195 operam
842 2168 874 2187 ac
892 2160 1010 2196 diligen-

225 2206 289 2232 tiam
315 2205 442 2232 adhibuit
469 2205 556 2233 hostis
583 2206 610 2232 in
637 2206 702 2233 Adae
729 2207 959 2241 transgressione,
981 2210 1011 2234 ut

1069 302 1241 339 ρι6έ6ληται;
1257 303 1306 330 καὶ
1322 303 1376 336 πᾶς
1399 312 1440 335 τις
1457 302 1494 330 ὣν
1518 301 1619 337 γυμνὸς
1637 300 1691 328 ἀπὸ
1706 301 1756 335 τῆς
1777 298 1852 330 θείας

1067 348 1175 384 ἐκείνης
1188 348 1278 383 δόξης,
1293 347 1381 380 οῦτως
1393 348 1495 382 ὀφείλει
1515 347 1611 374 ἑαυτὸν
1628 344 1852 380 ἐπαισχύνεσθαι,

1067 392 1115 420 καὶ
1138 393 1284 428 γινώσκειν
1305 392 1416 429 ἀτιμίαν
1440 392 1540 424 αὑτοῦ,
1565 392 1660 426 ὥσπερ
1690 387 1851 424 σωματικῶς

1073 438 1158 473 Ἀδὰμ
1171 438 1302 475 ᾐσχύνετο
1316 440 1418 474 γυμνὸς
1430 438 1479 470 ὢν,
1498 438 1550 465 κᾶν
1567 437 1695 472 ἐποίησεν
1715 435 1804 471 ἑαυτῷ
1819 436 1852 461 ὲκ

1067 483 1152 518 συκῆς
1168 483 1275 517 φύλλων
1288 483 1456 519 περίὸλημα,
1470 483 1544 518 ὅμως
1556 481 1604 517 τὴν
1617 480 1747 515 αἰσχύνην
1759 478 1850 513 ἐφόρει

1065 530 1115 565 τὴν
1135 529 1272 564 πτωχείαν
1296 529 1393 557 ἑαυτοῦ
1417 528 1624 563 ἐπιγινώσκων·
1641 527 1751 554 αἰτείτω
1765 524 1810 552 οῦν
1831 525 1849 559 ὴ

1066 575 1176 609 τοιαύτη
1204 575 1277 610 ψυχὴ
1292 575 1368 610 παρά
1381 574 1430 601 τοῦ
1449 575 1563 605 διδόντος
1586 572 1634 600 καὶ
1654 570 1850 607 ἀμφιεννύντος

1065 621 1144 653 δόξαν
1168 620 1285 656 Χριστοῦ
1301 621 1331 647 ὲν
1354 621 1423 655 φωτὶ
1437 620 1560 655 ἀρρήτῳ,
1577 619 1614 654 μὴ
1636 617 1751 645 ποιοῦσα
1766 615 1849 650 ἑαυτῇ

1067 666 1174 700 ἱμάτιον
1185 666 1322 701 λογισμῶν
1335 665 1468 699 ματαίων,
1480 665 1589 700 δοκήσει
1601 663 1669 693 ιδίας
1678 661 1849 695 δικαιοσύνης

1064 711 1233 747 ἀπατωμένη
1248 711 1297 738 καὶ
1307 710 1456 746 νομίζουσα
1467 710 1539 745 ἔχειν
1551 710 1652 745 ἀμφιον
1666 707 1813 742 σωτηρίου.

1099 845 1135 872 Γ¹.
1151 845 1184 872 El
1195 853 1237 876 τις
1251 844 1306 879 γὰρ
1322 845 1351 871 ὲν
1369 845 1401 879 τῇ
1421 842 1517 871 ἑαυτοῦ
1531 842 1610 878 μόνον
1626 842 1734 869 ἵσταται
1748 839 1848 866 δικαιο-

1065 889 1132 927 σύνῃ
1147 890 1195 917 καί¹
1217 889 1413 926 ἀπολυτρώσει,
1436 888 1557 924 ματαίως
1577 887 1626 914 καὶ
1642 885 1728 917 κενῶς
1751 884 1847 918 κοπιᾷ.

1064 936 1143 962 Πᾶσα
1156 935 1210 970 γὰρ
1223 935 1240 970 ἡ
1250 934 1339 970 οἴησις
1356 935 1406 969 τῆς
1419 932 1592 967 δικαιοσύνης
1607 931 1689 958 αὐτοῦ
1704 930 1742 961 ὠς
1764 929 1848 964 ῥάκος

1064 981 1277 1015 ἀποκαθημὲνης
1292 980 1455 1015 φανεροῦται
1470 980 1499 1005 ἐν
1518 980 1552 1013 τῇ
1567 977 1669 1012 ἐσχάτῃ
1683 975 1785 1010 ἡμέρᾳ.
1809 972 1847 1004 ὦς

1063 1035 1145 1061 φησιν
1165 1026 1278 1056 Ἡσαΐας
1293 1026 1307 1052 ό
1321 1026 1474 1060 προψήτης,
1489 1023 1631 1058 Ἐγενήθη
1655 1020 1739 1048 πᾶσα
1762 1019 1781 1052 ἠ
1804 1018 1847 1044 δι-

1063 1071 1211 1104 καιοσύνη
1237 1069 1321 1109 ἡμῶν
1336 1070 1376 1102 ὠς
1386 1069 1482 1104 ῥάκος
1502 1066 1742 1101 ἀποκαθημένης.
1762 1063 1846 1109 Αίτήέ

1064 1125 1154 1152 σωμεν
1177 1114 1224 1143 οὖν
1247 1115 1295 1142 καὶ
1316 1115 1456 1150 δεηθῶμεν
1481 1113 1528 1140 τοῦ
1548 1112 1614 1139 Θεοῦ
1632 1110 1794 1139 ἐνδύσασθαι
1816 1108 1848 1134 τὺ

1063 1163 1171 1197 ἱμάτιον
1197 1161 1244 1188 τοῦ
1270 1161 1424 1197 σωτηρίου,
1440 1161 1486 1186 τὸν
1505 1159 1606 1195 Κύριον
1632 1157 1711 1193 ἡμῶν
1743 1155 1847 1190 Ἰησοῦν

1062 1200 1179 1242 Χριστδθ
1189 1227 1195 1238 ,
1212 1207 1241 1232 τὸ
1256 1206 1374 1242 ἄρρητον
1390 1205 1458 1240 φῶς,
1474 1205 1503 1231 ὃν
1529 1203 1679 1239 φορέσασαι
1695 1201 1780 1236 ψυχαὶ
1797 1200 1847 1226 οὐκ

1062 1253 1277 1288 ἀποδυθήσονται
1291 1253 1330 1283 είς
1341 1252 1388 1278 τὸν
1400 1251 1486 1277 αἰῶνα
1498 1257 1505 1265 ·
1527 1250 1583 1276 ἀλλ’
1602 1250 1630 1276 ὲν
1646 1249 1680 1284 τῇ
1700 1246 1846 1274 ἀναστάσει

1062 1299 1110 1326 καὶ
1123 1298 1158 1324 τὰ
1171 1298 1285 1332 σώματα
1306 1297 1396 1324 αὐτῶν
1409 1296 1619 1331 δοξασθήσονται
1634 1295 1687 1321 ὑπὸ
1705 1294 1754 1328 τῆς
1768 1292 1847 1328 δόξης

1060 1344 1108 1372 τοῦ
1125 1344 1223 1378 φωτὸς,
1241 1340 1271 1370 οῦ
1291 1343 1499 1379 περιὸέὸληνται
1517 1343 1570 1369 ἀπὸ
1585 1341 1632 1368 τοῦ
1650 1341 1696 1368 νῦν
1711 1341 1740 1367 αἱ
1753 1339 1847 1367 πισταὶ

1061 1389 1108 1416 καὶ
1129 1389 1249 1422 εὐγενεῖς
1268 1388 1364 1423 ψυχαὶ,
1380 1388 1470 1419 καθώς
1486 1396 1568 1423 φησιν
1582 1388 1596 1414 ὁ
1617 1386 1787 1417 Ἀπόστολος-
1815 1385 1848 1411 '0

1060 1435 1176 1469 ἐγείρας
1193 1435 1321 1468 Χριστὸν
1343 1434 1376 1460 ἐκ
1397 1432 1530 1467 νεκρῶν,
1548 1432 1723 1465 ζωοποιήσει
1739 1431 1788 1458 καὶ
1811 1430 1847 1457 τὰ

1061 1479 1155 1513 θνητὰ
1174 1479 1296 1514 σώματα
1311 1479 1394 1513 ἡμῶν
1413 1479 1462 1506 διὰ
1474 1478 1526 1506 τοῦ
1545 1478 1736 1509 ἐνοικοῦντος
1754 1476 1848 1504 αὐτοῦ

1062 1527 1234 1560 Πνεύματος
1251 1526 1286 1552 ἐν
1296 1525 1378 1560 ἡμῖν.
1393 1525 1463 1558 Δόξα
1472 1526 1505 1560 τῇ
1521 1525 1634 1560 ἀρρήτῳ
1648 1522 1846 1558 εύσπλαγχνίᾳ,

1024 1587 1046 1616 c
1063 1571 1110 1597 καὶ
1125 1570 1163 1606 τῷ
1177 1570 1308 1605 ἀφράστῳ
1323 1570 1393 1596 ἐλέει
1409 1569 1503 1596 αὑτοῦ.

1097 1616 1190 1643 Δ’.Καὶ
1198 1615 1404 1649 πάλιν,Ὥσπερ
1412 1615 1431 1649 ἠ
1441 1613 1640 1649 αίμορῤοοῦσιι
1646 1613 1722 1648 γυνὴ
1731 1611 1848 1639 πιστεύ-

1062 1669 1145 1689 σασα
1161 1661 1195 1688 ἑν
1218 1661 1353 1694 ἀληθείᾳ.
1377 1660 1425 1688 καὶ
1443 1659 1581 1695 ἁψαμένη
1598 1659 1651 1686 τοῦ
1675 1657 1847 1692 κρασπέδου

1062 1707 1115 1734 τοῦ
1136 1708 1257 1742 Κυρίου,
1273 1707 1372 1738 εὐθέως
1391 1707 1488 1738 ἰάσεως
1507 1705 1596 1741 ἔτυχε,
1611 1706 1658 1731 καὶ
1676 1704 1812 1739 ἐξηράνθη
1830 1703 1848 1738 ἡ

1063 1753 1140 1788 ῥύσις
1163 1753 1213 1788 τῆς
1243 1752 1399 1788 ἀκαθάρτου
1427 1752 1518 1787 πηγῆς
1543 1751 1590 1777 τοῦ
1615 1751 1749 1785 αἵματος·
1777 1749 1848 1780 οὕτω

1062 1799 1137 1825 πᾶσα
1149 1799 1222 1833 ψυχὴ
1235 1798 1335 1834 ἔχουσα
1349 1798 1379 1824 τὸ
1390 1798 1499 1825 ἀνίατον
1510 1797 1621 1833 τραῦμα
1633 1797 1682 1831 τῆς
1697 1795 1847 1831 ἁμαρτίας,

1061 1845 1112 1879 τὴν
1127 1845 1217 1881 πηγὴν
1232 1845 1287 1871 τῶν
1308 1844 1472 1879 ἀκαθάρτων
1492 1843 1540 1870 καὶ
1556 1843 1683 1878 πονηρῶν
1696 1842 1846 1878 λογισμῶν,

1061 1890 1109 1917 ἐὰν
1125 1890 1261 1927 προσέλθῃ
1279 1889 1318 1925 τῷ
1334 1890 1444 1926 Χριστῷ
1454 1910 1461 1923 ,
1476 1890 1523 1917 καὶ
1536 1890 1618 1924 δεηθῇ
1634 1888 1804 1916 πιστεύσασα
1819 1889 1848 1914 ὲν

1061 1936 1185 1971 ἀληθείᾳ,
1205 1936 1304 1967 ἰάσεως
1321 1936 1456 1971 σωτηρίου
1473 1936 1602 1971 τυγχάνει
1623 1936 1656 1961 ἐκ
1674 1936 1723 1970 τῆς
1736 1935 1848 1962 ἀνιάτου

1061 1981 1153 2017 πηγῆς
1175 1980 1230 2008 τῶν
1257 1981 1366 2014 παθῶν,
1395 1981 1442 2007 καὶ
1465 1981 1622 2016 ξηραίνεται
1644 1980 1807 2007 ἐκλείπουσα
1830 1979 1848 2014 ἡ

1061 2028 1137 2063 πηγὴ
1153 2027 1255 2062 ἐκείνη,
1267 2028 1284 2062 ὴ
1299 2027 1361 2058 τοὺς
1373 2027 1545 2062 ἀκαθάρτους
1557 2027 1703 2062 λογισμοὺς
1717 2026 1847 2062 βρύουσα,

1061 2074 1104 2101 διὰ
1115 2073 1164 2108 τῆς
1180 2073 1322 2108 δυνάμεως
1345 2073 1433 2108 Ἰησοῦ
1449 2074 1532 2109 μόνου
1543 2081 1550 2089 ·
1570 2073 1642 2108 ἄλλῳ
1656 2073 1685 2100 δέ
1701 2082 1753 2100 τινι
1772 2073 1848 2100 ἰάσα-

1062 2121 1125 2146 σθαι
1141 2119 1172 2146 τὸ
1185 2119 1295 2154 τραῦμα
1312 2120 1391 2146 τοῦτο
1407 2119 1547 2147 ἀδύνατον.
1565 2119 1659 2151 Οὕτως
1678 2119 1732 2154 γὰρ
1752 2119 1849 2154 ἐπετή-

1060 2166 1154 2192 δευσεν
1173 2167 1186 2192 ό
1200 2165 1297 2201 ἐχθρὸς
1311 2167 1340 2192 ὲν
1354 2167 1386 2201 τῇ
1405 2166 1450 2192 τοῦ
1476 2166 1562 2201 Ἀδὰμ.
1588 2166 1754 2201 παραϐάσει,
1778 2165 1848 2192 ὥστε

1062 2212 1247 2248 τραυματίσαι
1273 2213 1319 2239 κού¹
1336 2213 1458 2239 σκοτίσαι
1482 2213 1527 2238 τὸν
1551 2212 1604 2238 ἔσω
1628 2212 1788 2248 ἄνθρωπον,
1803 2211 1849 2238 τὸν

222 2250 382 2278 vulnerare:
396 2257 428 2277 ac
448 2250 567 2277 tenebris
579 2250 734 2278 oﬁ'underet
748 2250 906 2278 interiorem
921 2251 1010 2278 homi-

1063 2259 1184 2294 ἡγεμόνα
1201 2258 1263 2290 νοῦν
1277 2259 1323 2286 τὸν
1338 2259 1443 2295 ὁρῶντα
1460 2260 1535 2287 Θεόν.
1550 2260 1697 2294 Διέϐλεψαν
1715 2259 1808 2286 λοιπὸν
1823 2259 1848 2285 οἱ

223 2304 304 2327 nem.
338 2299 458 2324 mentem
487 2296 616 2323 nimirum
651 2296 750 2323 ducem
781 2296 916 2329 hominis,
949 2306 1010 2332 qua:

223 2344 309 2371 Deum
336 2343 505 2382 intuebatur.
532 2342 722 2378 Rcspexerunt
748 2350 812 2378 ergo
835 2343 1009 2378 postmodum

223 2389 297 2417 oculi
318 2389 378 2424 ejus
393 2388 428 2415 ad
450 2387 516 2414 vitia
537 2392 565 2415 et
580 2382 750 2421 atl‘ectiones,
766 2396 781 2416 a
797 2388 876 2416 bonis
891 2389 1010 2417 cmlesti-

223 2436 276 2463 bus
290 2434 404 2463 exclusi.

255 2480 312 2518 85
327 2481 361 2508 V.
383 2480 479 2508 Tantis
501 2480 584 2515 igitur
603 2479 765 2507 vulneribus
781 2479 896 2507 allectus
910 2485 962 2511 est,
979 2485 1010 2507 ut

222 2527 326 2554 nemini
341 2526 434 2554 datum
457 2527 493 2553 sit
514 2533 546 2553 ea
563 2533 670 2557 curare,
688 2525 739 2552 nisi
753 2525 803 2552 soli
822 2525 948 2556 Domino,
964 2526 1008 2552 cui

223 2573 273 2600 soli
283 2572 414 2607 possibile
422 2576 474 2599 est.
486 2573 545 2607 ipse
556 2571 629 2599 enim
645 2571 768 2603 veniens,
779 2570 890 2598 Sustulit
901 2575 1007 2606 peccata

224 2618 357 2650 numdi“,
373 2618 426 2645 hoc
442 2621 495 2649 est,
514 2618 651 2652 impurmn
677 2616 753 2656 illum
780 2617 882 2643 fontem
905 2610 1008 2652 cogita-

223 2664 329 2691 tionum
358 2663 456 2690 anima:
486 2663 642 2690 exsiccavit.
673 2662 908 2695 Quemadmodum
936 2664 1009 2690 enim

222 2709 277 2740 illa,
293 2717 354 2744 quat
369 2703 510 2744 sanguinis
525 2709 661 2744 proﬂuvio
674 2708 826 2740 laborabat,
840 2716 901 2735 cum
917 2709 1008 2736 omnia

222 2762 271 2782 sua
285 2755 357 2783 bona
371 2755 399 2782 in
415 2752 540 2783 medicos
558 2754 738 2790 impendisset
750 2755 782 2788 ",
798 2762 813 2782 a
828 2755 904 2781 nullo
918 2759 1007 2782 tamen

220 2807 318 2827 eorum
339 2805 434 2828 curata
452 2806 509 2834 est;
525 2801 614 2828 donec
631 2807 774 2835 progressa
798 2800 831 2827 ad
849 2801 1006 2833 Dominum,

257 2887 267 2903 ⁸
279 2887 347 2915 ch.
363 2897 402 2921 ιιι,
421 2889 444 2915 7.

1062 2304 1197 2339 ὀφθαλμοὶ
1210 2304 1291 2331 αὑτοῦ
1307 2306 1346 2337 είς
1364 2304 1398 2331 τὰ
1412 2305 1484 2340 κακὰ
1502 2307 1548 2332 καὶ
1561 2305 1596 2333 τὰ
1613 2305 1686 2341 πάθη
1697 2326 1704 2338 ,
1718 2305 1848 2332 ἀποκλει-

1065 2349 1179 2389 σθέντες
1194 2351 1249 2378 τῶν
1263 2351 1431 2388 ἐπουρανίων
1444 2351 1566 2386 ἀγαθῶν.

1097 2484 1136 2509 E’.
1155 2483 1248 2514 Οῦτως
1270 2481 1317 2509 οῦν
1339 2483 1556 2520 ἑτραυματίσθη,
1582 2485 1653 2516 ὥστε
1681 2486 1775 2521 μηδενὶ
1801 2487 1848 2513 δυ-

1063 2529 1143 2556 νατὸν
1159 2526 1229 2555 εἶναι
1247 2529 1386 2562 ἰάσασθαι,
1403 2531 1426 2556 εἰ
1443 2530 1480 2567 μὴ
1501 2531 1574 2567 μόνῳ
1585 2532 1624 2566 τῷ
1640 2532 1744 2567 Κυρίῳ,
1763 2533 1849 2568 τούτῳ

1065 2574 1137 2610 μόνῳ
1162 2574 1273 2601 δυνατόν
1297 2575 1382 2603 ἐστιν.
1406 2575 1492 2608 Αὐτὸς
1522 2577 1577 2612 γὰρ
1592 2577 1686 2611 ἐλθὼν,
1703 2575 1772 2612 Ἦρε
1792 2578 1850 2612 τὴν

1062 2619 1209 2657 ἁμαρτίαν
1236 2618 1289 2647 τοῦ
1309 2619 1437 2654 κόσμου,
1465 2621 1599 2653 τουτέστι,
1621 2621 1669 2656 τὴν
1695 2622 1849 2657 ἀκάθαρτον

1063 2663 1155 2699 πηγὴν
1168 2664 1222 2690 τῶν
1232 2663 1415 2705 διαλογισμῶν
1426 2666 1476 2699 τῆς
1489 2666 1577 2701 ψυχῆς
1590 2666 1730 2702 ἐξήρανεν.
1745 2667 1849 2702 Ὠσπερ
1874 2676 1879 2679 '

1062 2709 1116 2745 γὰρ
1132 2709 1223 2744 ἐκείνη
1240 2710 1256 2744 ἡ
1276 2709 1461 2745 αίμορροοῦσα
1478 2711 1567 2738 πάντα
1589 2711 1622 2737 τὰ
1648 2712 1747 2747 ἑαυτῆς
1763 2712 1850 2739 δαπα-

1062 2756 1167 2791 νήσασα
1194 2757 1250 2788 τοῖς
1275 2755 1417 2790 ἰατρεῦσαι
1452 2757 1622 2792 δυναμένοις,
1649 2757 1715 2795 παρ’
1744 2757 1850 2788 οὐδενὸς

1062 2801 1234 2836 ἐθεραπεύθη
1249 2801 1361 2835 τούτων,
1380 2802 1432 2834 ἕως
1446 2799 1476 2829 οὗ
1495 2804 1665 2838 προσήγγισε
1682 2803 1721 2838 τῷ
1741 2804 1849 2840 Κυρίῳ,

484 2891 493 2904 ’³
511 2891 561 2917 lsa.
583 2899 652 2924 an',
673 2891 699 2919 6.
739 2891 759 2907 ’θ
776 2892 854 2919 Rom.
876 2899 931 2923 vui,
955 2891 995 2918 ll.

1084 2891 1177 2919 Matth.
1199 2900 1235 2926 ιχ,
1256 2892 1299 2920 20.
1341 2894 1360 2909 "
1382 2893 1460 2921 Joan.
1477 2902 1495 2928 ι,
1516 2896 1561 2923 20.
1585 2896 1604 2911 ’³
1621 2896 1715 2923 Matth.
1744 2904 1781 2933 ιιι,
1802 2897 1847 2925 20-
