2078 3151
218 168 272 200 653

834 173 1018 206 HOMILUE.
1030 188 1063 199 τε
1078 176 1170 207 ΙΙΟΜ.
1191 178 1255 208 ΧΧ.

1798 178 1852 214 654

222 225 392 273 πιστεύσασα
404 227 434 254 ὲν
448 227 573 264 ἀληθείᾳ,
591 229 638 256 καὶ
649 229 777 266 ἁψαμένη
792 230 839 258 τοῦ
852 232 1008 267 κρασπέδου

1070 237 1090 260 :t
1110 234 1225 262 credens
1242 235 1270 262 in
1288 235 1412 270 veritate,
1429 237 1520 273 tetigit
1538 237 1674 265 ﬁmbriam
1695 237 1852 265 vestimenti

219 272 314 305 αὑτοῦ,
329 272 378 300 καὶ
406 272 493 305 οὕτως
510 274 612 307 εὐθέως
636 275 736 311 ᾔσθετο
753 277 803 312 τῆς
828 277 926 310 ἰάσεως
938 286 945 294 ·
963 279 1012 306 καὶ

221 319 286 354 ἔστη
303 319 319 353 ἡ
338 318 416 353 ῥύσις
435 319 482 346 τοῦ
505 320 639 356 αῖματος⁹
655 321 728 349 οὕτω
743 322 792 358 τὴν
816 323 906 359 ψυχὴν
927 333 1011 360 τραυ-

223 364 400 399 ματισθεῖσαν
426 365 456 398 ἐξ
470 366 557 402 ἀρχῆς
575 367 687 403 τραῦμα
713 369 823 396 ἀνίατον
848 369 944 399 παθῶν
962 379 1013 397 κασ-

221 409 292 441 κίας,
306 409 393 442 οὐδεὶς
409 409 471 437 οὔτε
487 410 611 443 δικαίων,
631 411 693 438 οὕτε
713 413 854 448 Πατέρων,
867 413 930 441 οὔτε
944 424 1009 449 προ‹

222 455 327 490 φητῶν,
345 455 407 482 οὔτε
422 457 600 492 πατριαρχῶν
613 458 709 493 ἴσχυσε
725 458 906 495 θεραπεῦσαι.

258 542 304 577 q".
331 543 452 580 Μωῦσῆς
475 542 569 580 ἦλθεν,
586 545 644 576 ἀλλ’
661 546 711 573 οὐκ
724 546 844 582 ἠδυνήθη
857 547 929 574 ῐασιν
943 555 1013 574 παν-

223 587 287 623 τελῆ
304 588 415 615 δοῦναι·
439 589 532 624 ἱερεῖς,
549 589 634 626 δῶρα,
662 590 892 624 ἀποδεκατώσεις,
909 592 1014 620 σασὸα-

223 635 326 670 τισμοὶ,
355 635 508 670 νεομηνίαι,
527 635 713 672 βαπτίσματα,
731 637 833 669 θυσίαι,
862 638 1016 666 ὁλοκαυτώ-

225 688 293 713 σεις,
309 681 356 707 καὶ
373 682 448 708 πᾶσα
465 682 481 717 ἡ
497 681 578 718 λοιπὴ
593 682 752 718 δικαιοσύνη
765 683 919 713 ὲπετελεϊτο
933 685 961 710 ὲν
976 684 1015 720 τῷ

225 725 310 760 νόμῳ,
329 726 377 756 καὶ.
392 727 408 761 ή
426 725 500 762 ψυχὴ
517 726 627 762 ἰαθῆναι
646 727 701 753 ἀπὸ
722 727 772 762 τῆς
792 727 948 763 ἀκαθάρτου
965 727 1015 762 ῥύ-

226 780 294 803 σεως
311 772 366 801 τῶν
391 772 485 799 κακῶν
504 772 644 808 λογισμῶν
658 773 709 800 οὐκ
725 773 858 809 ἠδυνήθη,
874 774 922 801 καὶ
940 775 1016 801 πᾶσα

225 819 241 852 ή
257 817 414 853 δικαιοσύνη
434 818 520 853 αὐτῆς
536 819 709 854 θεραπεῦσαι
722 820 805 846 αὑτὸν
820 820 870 846 οὐκ
893 821 1015 855 ἴσχυσεν,

225 863 278 895 τως
294 859 324 890 οὗ
340 861 422 899 ἦλθεν
436 864 450 890 6
462 864 558 899 Σωτὴρ
577 865 591 890 6
616 864 742 899 ἀληθινὸς
759 864 865 900 ἰατρὸς,
882 865 896 890 6
913 865 1016 900 δωρεὰν

227 908 351 944 ἰώμενος,
375 910 390 936 6
406 909 503 941 ἑαυτὺς
517 909 588 945 ὑπὲρ
599 909 647 936 τοῦ
669 910 764 944 γένους
784 911 839 939 τῶν
863 910 1015 946 ἀνθρώπων

226 955 325 991 λύτρον
337 955 410 988 δούς.
425 955 512 987 Αὐτὸς
525 957 605 991 μόνος
620 956 670 991 τὴν
685 956 808 991 μεγάλην
820 957 868 983 καὶ
883 958 1015 992 σωτήριον

225 999 360 1036 λύτρωσιν
386 1001 433 1028 καὶ
460 1001 532 1028 ἴασιν
564 1001 616 1036 τῆς
643 1001 732 1037 ψυχῆς
760 1002 906 1036 ἐποίησεν·
934 1002 1015 1034 αὐτὸς

225 1048 413 1082 ἠλευθέρωσεν
428 1048 514 1084 αὐτὴν
538 1049 570 1075 ὲκ
587 1049 636 1084 τῆς
655 1048 787 1082 δουλείας,
813 1050 861 1076 καὶ
879 1048 1016 1084 ἐξήγαγεν

226 1093 312 1129 αὐτὴν
326 1094 360 1120 ἐκ
377 1093 499 1126 σκοτίας,
517 1094 574 1130 ἰδίῳ
590 1094 660 1129 φωτὶ
680 1094 796 1127 δοξάσας
813 1095 899 1131 αὑτήν
910 1104 916 1111 ·
934 1095 1017 1127 αὐτὸς

225 1139 340 1174 ίξήρανε
365 1140 415 1175 τὴν
433 1141 462 1167 ὲν
481 1140 550 1176 αὐτῇ
575 1141 669 1177 πηγὴν
691 1141 745 1168 τῶν
760 1141 922 1177 ἀκαθάρτων
943 1142 1016 1176 λογι-

226 1184 302 1219 σμῶν
312 1193 319 1201 ·
335 1185 408 1212 Ἰδοὺ
419 1185 484 1220 γὰρ,
495 1186 588 1221 φησὶν,
602 1188 619 1213 ό
627 1186 730 1221 nmo;-
741 1187 794 1214 τοῦ
803 1187 887 1220 Θεοῦ,
896 1189 912 1214 d
924 1188 1017 1223 αἴρων

225 1230 283 1264 τὴν
297 1231 444 1266 ἁμαρτίαν
462 1232 515 1259 τοῦ
527 1233 655 1267 κόσμου.

261 1277 298 1304 Z'.
323 1277 361 1303 Οὐ
384 1277 439 1313 γὰρ
454 1277 571 1313 ἠδύνατο
597 1278 631 1305 τὰ
657 1279 710 1306 ῖόια
733 1280 766 1306 ὲκ
792 1280 844 1316 γῆς
871 1280 1015 1316 φάρμακα,

225 1321 351 1348 τουτέστι
375 1322 409 1349 τὰ
428 1322 530 1358 ἑαυτῆς
543 1323 718 1359 δικαιώματα
745 1325 826 1360 μόνον
849 1325 1017 1361 θεραπεῦσαι

227 1369 274 1395 καὶ
300 1368 428 1396 ἰάσασθαι
458 1369 544 1406 αὐτὴν
575 1371 607 1396 ὲκ
630 1370 680 1404 τῆς
706 1371 872 1407 τηλικαύτης
900 1373 1016 1408 ἀοράτου

226 1414 345 1451 πληγῆς,
362 1415 431 1442 ἀλλὰ
455 1415 498 1442 διὰ
523 1416 574 1451 τῆς
596 1416 725 1451 οὐρανίου
749 1417 796 1443 καὶ
818 1416 893 1449 θείας
910 1417 1017 1451 φύσεως

226 1461 276 1496 τῆς
286 1461 391 1498 δωρεᾶς
401 1462 449 1489 τοῦ
464 1462 544 1496 ἁγίου
559 1463 729 1498 Πνεῦμα-τος,
744 1463 789 1490 διὰ
798 1464 894 1490 τούτου
908 1464 1019 1499 φαρμά-

227 1516 276 1534 κου
295 1508 376 1543 μόνου
398 1508 519 1544 ἠδυνήθη
542 1508 639 1541 ἰάσεως
653 1511 745 1544 τυχεῖν
760 1510 774 1535 6
799 1510 952 1545 ἄνθρωπος,
971 1510 1018 1536 καὶ

1062 279 1137 317 eius;
1164 284 1192 308 et
1217 281 1258 308 sic
1280 289 1342 309 mox
1367 283 1511 311 sanitatem
1538 291 1567 312 se
1591 288 1766 312 consecutam
1790 291 1854 311 esse

1063 325 1160 357 sensit,
1180 333 1213 353 ac
1231 327 1308 354 stetit
1324 328 1491 362 proﬂuvium
1510 328 1671 365 sanguinis:
1688 329 1728 356 sic
1743 336 1854 363 quoque

1063 370 1182 398 animam
1211 364 1360 400 saticiatam
1395 374 1430 401 ab
1460 374 1539 401 initio
1567 364 1682 402 vulnere
1708 373 1854 406 ineurabili

1062 415 1225 455 vitiosarum
1244 417 1432 450 ad‘ectionum,
1450 419 1543 446 nullus
1564 427 1617 447 nec
1636 420 1783 455 iustorum,
1802 425 1855 445 nec

1064 460 1193 495 Patrum,
1230 471 1281 490 nec
1308 464 1522 499 prophetarum,
1556 472 1608 497 nec
1637 464 1856 501 patriarcharum

1064 514 1161 535 curare
1186 509 1287 544 potuit.

1100 552 1145 579 Vl.
1161 552 1251 580 Moses
1261 553 1373 588 quidem
1388 554 1476 587 venit,
1487 553 1535 581 sed
1545 553 1692 581 sanitatem
1707 553 1857 589 perfectam

1065 597 1192 626 conferre
1216 599 1349 633 nequivit.
1377 599 1555 633 Sacerdotes,
1578 607 1710 632 munera,
1734 599 1856 627 decima-

1065 644 1165 676 tioncs,
1188 644 1360 677 sabbatismi,
1378 645 1541 677 neomeniaa,
1563 644 1730 676 ablutio'hes,
1751 644 1857 672 sacriﬁ-

1066 691 1118 722 cia,
1132 690 1302 723 holocausta,
1314 695 1344 718 et
1356 691 1484 719 universa
1497 691 1601 727 reliqua
1610 691 1717 725 iustitia
1730 698 1859 718 consum-

1066 737 1195 764 mabatur
1208 737 1236 763 in
1250 736 1326 771 lege;
1351 744 1403 764 nec
1426 740 1517 764 tamen
1533 737 1624 764 anima
1638 737 1730 763 sanari
1750 744 1783 764 ac
1806 743 1858 770 puo

1067 782 1168 810 riﬁcari
1194 782 1229 810 ab
1254 781 1363 816 impuro
1386 781 1462 809 fluxu
1486 789 1633 817 pravarum
1660 781 1861 816 cogitationum

1067 828 1174 864 potuit;
1201 836 1253 856 nec
1277 827 1407 854 universa
1431 828 1538 863 justitia
1563 828 1624 863 ejus
1643 835 1742 855 curare
1768 827 1859 862 ipsum

1072 873 1170 906 valuit,
1183 873 1272 900 donec
1295 872 1370 899 venit
1395 871 1532 905 Salvator,
1550 879 1633 899 verus
1649 871 1786 904 medicus,
1810 871 1859 906 qui

1067 919 1152 955 gratis
1165 923 1261 947 sanat:
1280 919 1326 954 qui
1348 926 1378 946 se
1399 919 1488 954 ipsum
1504 927 1554 954 pro
1569 919 1690 946 humano
1709 926 1810 954 genere
1831 919 1860 945 in

1067 965 1187 1000 pretium
1206 965 1406 1000 redemptionis
1429 965 1550 998 tradens,
1569 965 1644 993 solus
1660 965 1718 1000 ipse
1734 960 1861 1000 magnam

1067 1014 1094 1037 et
1117 1009 1266 1037 salutarem
1294 1009 1512 1045 redemptionem
1537 1017 1569 1038 ac
1594 1010 1741 1037 sanitatem
1763 1010 1862 1038 animae

1067 1059 1198 1090 operatus
1221 1061 1272 1083 est.
1293 1056 1353 1090 lpsc
1380 1056 1509 1083 liberavit
1533 1063 1594 1083 eam
1618 1063 1634 1083 a
1662 1056 1807 1088 servitute,
1833 1059 1863 1082 et

1067 1100 1162 1127 eduxit
1175 1108 1234 1127 eam
1248 1108 1283 1128 ex
1295 1100 1428 1133 tenebris,
1445 1107 1495 1128 suo
1507 1100 1612 1128 lumine
1627 1108 1688 1127 eam
1699 1100 1860 1127 illustrans:

1067 1144 1126 1180 ipse
1140 1145 1288 1173 exsiccavit
1309 1145 1336 1172 in
1361 1153 1392 1172 ea
1408 1144 1511 1172 fontem
1526 1145 1731 1172 immundarum
1754 1144 1861 1179 cogita-

1071 1192 1196 1218 tionum:
1221 1190 1288 1218 Ecce
1309 1191 1390 1223 enim,
1410 1191 1513 1226 inquit,
1528 1189 1620 1225 Agnus
1642 1189 1702 1222 Dei,
1721 1190 1776 1224 qui.
1792 1188 1862 1217 tollit

1068 1241 1174 1272 peccata
1195 1237 1287 1263 mundi
1298 1236 1330 1263 ιι.

1103 1282 1159 1310 Vll.
1179 1282 1240 1309 Non
1261 1282 1335 1309 enim
1360 1286 1511 1317 potuerunt
1530 1285 1639 1309 terrena
1660 1281 1720 1317 ejus
1739 1280 1862 1311 medica:

1067 1331 1170 1359 menta,
1191 1327 1244 1354 hoc
1265 1326 1531 1362 estjustiﬁcationes
1549 1326 1610 1361 ejus
1629 1325 1706 1358 solm,
1723 1333 1822 1353 curare
1833 1330 1863 1353 et

1068 1380 1167 1400 sanare
1193 1373 1267 1399 illam
1283 1381 1298 1400 a
1314 1377 1388 1400 tanta
1405 1372 1537 1400 invisibili
1553 1372 1651 1407 plaga:
1669 1371 1717 1399 sed
1738 1371 1876 1404 caelestis~

1068 1425 1097 1447 et
1112 1419 1212 1446 divina:
1227 1423 1333 1448 natura:
1348 1419 1496 1451 beneﬁcio,
1515 1419 1580 1446 doni
1594 1418 1726 1446 nimirum
1743 1417 1863 1453 Spiritus

1069 1464 1168 1496 sancti,
1196 1464 1278 1501 hujus
1301 1463 1495 1491 medicamenti
1513 1463 1600 1491 solius
1618 1471 1671 1498 ope
1685 1463 1775 1498 potuit
1790 1463 1865 1491 sani-

1069 1515 1153 1538 tatem
1182 1510 1314 1545 consequi
1344 1511 1441 1543 homo,
1470 1514 1498 1537 et
1523 1510 1558 1537 ad
1584 1510 1668 1537 vitam
1699 1509 1862 1544 pervenire,

227 1552 300 1588 ζωῆς
315 1553 469 1588 ἐφικέσθαι,
493 1553 671 1589 καθαρισθεὶς
699 1555 751 1582 ὑπὸ
765 1554 811 1581 τοῦ
830 1555 910 1589 ἁγίου
932 1554 1018 1581 Πνεύ-

1070 1556 1213 1592 purilicato
1229 1556 1312 1583 corde
1324 1564 1339 1583 τι
1350 1555 1456 1591 Spiritu
1468 1560 1574 1583 sancto.
1591 1555 1740 1588 Cancrum,
1764 1562 1864 1590 quemq

229 1608 314 1634 ματος
329 1599 379 1635 τὴν
402 1599 525 1635 καρδίαν.
547 1600 628 1633 Ἀλλ’,
646 1600 740 1636 ὥσπερ
755 1601 814 1628 ἐκεῖ
834 1601 851 1637 ἡ
875 1601 942 1636 γυνὴ
966 1599 1017 1627 κᾶν

230 1646 337 1681 ἰαθῆναι
345 1646 395 1672 οὐκ
412 1645 544 1682 ἠδυνήθη,
563 1648 610 1673 καὶ
626 1647 859 1683 τετραυμάτιστο,
876 1647 934 1673 ἀλλ’
944 1648 1020 1683 ὅμως

229 1692 312 1723 πόδας
328 1690 385 1727 εἷχε
402 1692 450 1719 τοῦ
464 1692 553 1719 ἐλθεῖν
573 1693 642 1728 πρὸς
657 1693 703 1720 τδν
719 1693 832 1729 Κύριον,
843 1694 890 1721 καὶ
904 1694 1020 1722 ἐλθοῦσα

229 1740 322 1774 τυχεῖν
348 1739 463 1770 ἰάσεωςο
481 1739 582 1775 ὁμοίως
605 1739 681 1766 καὶὸ
701 1740 801 1774 τυφλὸς
828 1741 943 1774 ἐκεῖνος,
968 1741 1020 1767 κᾶν

231 1784 384 1819 ὑπερϐῆναι
395 1785 444 1811 οὐκ
459 1783 584 1819 ἠδύνατο,
601 1785 649 1812 καὶ
668 1785 756 1812 ἐλθεῖν
772 1785 841 1820 πρδς
857 1786 904 1813 τὸν
917 1786 1021 1822 Κύριον

230 1830 275 1857 διὰ
292 1830 323 1857 τὺ
336 1830 373 1866 μὴ
385 1831 507 1866 βλέπειν,
516 1831 574 1858 ἀλλ’
588 1831 719 1867 ὀξυτέραν
735 1832 862 1867 ἀγγέλων
875 1833 1021 1860 ἀπέστειλε

229 1876 280 1912 τὴν
301 1877 404 1913 φωνήν.
421 1877 520 1912 Ἔλεγε
536 1876 600 1913 γὰρ,
631 1877 678 1906 Υἱὲ
695 1878 793 1912 Δαεὶὸ,
813 1879 945 1913 ἐλέησόν
967 1887 1019 1914 με·

231 1923 279 1950 κα.)¹
296 1921 367 1949 οὕτω
399 1917 557 1957 πιστεύσας,
579 1924 678 1956 ἰάσεως
695 1923 804 1960 ἔτυχεν,
825 1925 947 1958 ἐλθόντος
973 1926 1021 1953 τοῦ

231 1969 336 2004 Κυρίου
353 1969 421 2005 πρὸς
444 1970 526 1997 αὐτὸν
550 1970 598 1997 καὶ
613 1970 754 2006 διαὸλὲψαι
771 1971 957 2007 ποιήσαντος,“
974 1972 1022 2004 0Q-

231 2024 285 2048 τως
300 2016 346 2042 καὶ
359 2016 376 2051 ἡ
392 2015 477 2051 ψυχὴ,
504 2016 556 2043 κᾶν
571 2017 802 2052 τετραυμάτισται
817 2017 957 2053 τραύμασι
971 2026 1023 2046 πα-

231 2061 286 2089 θῶν
302 2062 425 2098 ἀτιμίας,
443 2063 494 2090 κᾶν
511 2064 680 2098 τετύφλωται
698 2065 751 2091 ὑπὸ
769 2064 817 2092 τοῦ
847 2065 959 2098 σκότους
973 2067 1023 2101 τῆς

232 2107 379 2142 ἁμαρτίας,
409 2107 468 2134 ἀλλ’
497 2108 571 2143 ὅμως
592 2109 650 2144 ἔχει
667 2109 774 2146 θέλημα
790 2110 838 2137 τοῦ
853 2110 951 2146 βοῆσαι
975 2112 1024 2138 καὶ

232 2153 346 2180 καλέσαι
367 2153 479 2189 Ἰησοῦν,
503 2154 546 2181 ἵνα
566 2154 648 2187 αὐτὸς
664 2154 749 2182 ἐλθὼν
764 2155 898 2193 λύτρωσιν
913 2156 1023 2188 αἰώνιον

232 2200 333 2235 ποιήσῃ
347 2200 380 2235 τῇ
398 2200 482 2236 ψυχῇ·

1070 1603 1218 1631 admodum
1244 1602 1282 1630 ibi
1313 1602 1423 1636 mulier,
1448 1602 1574 1637 quamvis
1590 1602 1747 1634 vulnerata,
1772 1601 1871 1631 curari,

1069 1658 1125 1677 non
1146 1653 1272 1684 poterat;
1297 1649 1480 1676 nihilominus
1499 1648 1585 1684 pedes
1609 1648 1740 1678 habebat.
1762 1648 1865 1682 quibus

1071 1695 1217 1723 accederet
1238 1694 1273 1722 ad
1305 1694 1468 1727 Dominum,
1497 1699 1527 1722 et
1549 1694 1666 1722 veniens
1693 1694 1869 1721 sanationem

1071 1744 1304 1775 consequeretur:
1328 1740 1424 1768 itidem
1444 1743 1473 1767 et
1496 1747 1587 1767 caecus
1612 1740 1669 1772 ille,
1685 1739 1812 1774 quamvis
1823 1739 1870 1766 in-.

1071 1785 1169 1814 cedere
1182 1792 1237 1813 non
1253 1789 1370 1820 poterat,
1383 1789 1411 1812 et
1425 1785 1520 1813 venire
1533 1785 1567 1812 ad
1581 1785 1728 1812 Dominum
1744 1792 1778 1812 eo
1790 1784 1872 1819 quod}

1072 1834 1133 1861 visu
1151 1833 1361 1865 destitueretur,
1378 1833 1530 1860 acutiorem
1547 1838 1637 1860 tamen
1652 1832 1758 1867 angelis
1773 1831 1869 1859 emisit-

1072 1887 1177 1907 vocem.
1191 1879 1289 1906 Aiebat
1303 1879 1395 1906 enim:
1410 1878 1460 1905 Fili
1469 1876 1567 1910 David,
1583 1879 1708 1905 miserere
1723 1878 1774 1904 mei
1785 1878 1806 1893 "
1817 1885 1824 1903 :
1837 1881 1867 1904 et

1073 1925 1110 1958 ita
1127 1925 1255 1957 credens,
1273 1924 1418 1956 sanitatem
1431 1928 1597 1951 consecutus
1617 1927 1670 1956 est,
1689 1923 1817 1950 veniente
1830 1922 1871 1949 ad.

1074 1971 1150 1998 illum
1167 1970 1294 2003 Domino,
1308 1969 1390 2004 eique
1406 1969 1496 1997 visum
1510 1969 1671 1996 restituente
1685 1976 1692 1994 :
1705 1967 1744 1994 sic
1755 1973 1870 2001 quoque

1073 2017 1175 2049 anima,
1198 2015 1324 2051 quamvis
1342 2015 1465 2043 sauciata
1482 2015 1518 2042 sit
1532 2014 1777 2050 ignominiosarum
1800 2012 1867 2040 aﬂ‘e-

1073 2063 1197 2091 ctionum
1211 2062 1382 2094 vulneribus,
1394 2061 1525 2096 quamvis.
1536 2060 1676 2088 obcmcata
1692 2059 1728 2086 sit
1743 2058 1868 2086 tenebris

1074 2108 1192 2144 peccati,
1206 2107 1390 2135 nihilominus
1403 2106 1488 2134 habet
1502 2105 1674 2133 voluntatem
1688 2104 1823 2132 clamandi
1839 2108 1868 2132 et

1074 2153 1224 2181 invocandi
1238 2153 1344 2185 Jesum,
1362 2155 1392 2179 ut
1409 2152 1468 2187 ipse
1484 2151 1598 2179 veniens
1612 2154 1744 2179 aeternam
1757 2150 1868 2178 redem-

1074 2201 1197 2236 ptionem
1210 2199 1308 2227 anima:
1319 2202 1459 2234 procuret.

267 2244 309 2271 H'.
324 2245 432 2281 Ὠσπερ
456 2245 510 2281 γὰρ
526 2245 630 2278 ἐκεῖνος
642 2247 656 2273 6
669 2246 780 2282 τυφλὸς,
800 2247 825 2274 εί
849 2247 887 2284 μὴ
913 2248 1018 2284 ἐὸόησε,

1112 2246 1179 2274 Vlll.
1197 2244 1437 2279 Quemadmodum
1462 2243 1538 2276 enim
1560 2251 1651 2272 caecus
1664 2243 1721 2275 ille,
1738 2242 1792 2269 nisi
1810 2241 1868 2269 clas

231 2289 280 2316 καὶ
303 2290 319 2325 ἡ
340 2290 529 2326 αἱμορροοῦσα
545 2291 682 2327 προσῆλθε
708 2291 746 2327 τῷ
774 2293 881 2328 Κυρίῳ,
912 2293 963 2321 οὐκ
989 2294 1022 2322 ἂν

231 2335 382 2371 ἐτύγχανον
410 2336 527 2368 ἰάσεως·
547 2336 645 2371 οὕτως,
664 2338 712 2365 ἐὰν
727 2338 763 2374 μή
784 2347 825 2370 τις
840 2339 873 2365 ἐκ
889 2339 936 2365 τοῦ
956 2339 1022 2367 ἰδίου

233 2382 397 2418 θελήματος,
413 2383 460 2410 καὶ
472 2376 537 2419 ὅλης
550 2384 738 2420 προαιρέσεως
748 2384 812 2420 ἔλθῃ
825 2384 894 2422 πρὸς
908 2385 1022 2419 Κύριον,

233 2428 281 2455 καὶ
306 2427 375 2464 μετὰ
399 2429 589 2466 πληροφορίας
614 2430 732 2463 πίστεως
748 2430 842 2466 δεηθῇ,
874 2431 973 2463 ἰάσεως
992 2433 1021 2459 οὐ

232 2474 373 2508 τυγχάνει.
395 2474 445 2501 Διὰ
466 2467 501 2501 τί
518 2475 574 2510 γὰρ
590 2476 689 2502 ἐκεῖνοι
717 2477 914 2508 πιστεύσαντες
945 2477 1023 2504 ίῶντο

233 2518 345 2552 εὐθέως,
367 2521 449 2555 ἡμεῖς
473 2520 501 2547 δὲ
532 2520 609 2548 οὔπω
632 2521 814 2557 διεόλέψαμεν
833 2521 863 2555 ἐξ
882 2522 1022 2558 ἀληθείας,

233 2566 280 2592 καὶ
305 2566 356 2593 οὐκ
375 2566 492 2602 ιάθημεν
510 2567 543 2593 ὲκ
556 2567 611 2594 τῶν
636 2567 760 2603 κρυφίων
792 2567 904 2601 παθῶν;
932 2568 1023 2595 καίτοι

235 2612 336 2646 μᾶλλον
358 2614 373 2639 6
387 2613 490 2649 Κύριος
510 2614 639 2649 φροντίδα
664 2614 783 2641 ποιεῖται
798 2614 869 2649 ὑπὲρ
886 2614 935 2649 τῆς
955 2614 1024 2642 ἀθα-

233 2658 315 2685 νάτου
327 2659 456 2695 ψυχῆς,ἢ
470 2659 540 2695 ὑπὲρ
557 2659 604 2686 τοῦ
617 2659 751 2695 σώματος’
761 2659 822 2695 ἥτις
837 2660 884 2686 ἐὰν
891 2659 1024 2697 διαὸλέψῃ

234 2703 306 2730 κατὰ
323 2703 369 2730 τὸν
387 2704 511 2738 λέγοντα,
521 2705 738 2739 Ἀποκάλυψον
756 2704 828 2738 τοὺς
848 2705 1024 2739 ὀφθαλμούς

233 2757 302 2783 μου,
312 2749 407 2776 οὐκέτι
416 2750 455 2782 είς
466 2751 512 2777 τὸν
523 2751 610 2778 αἰῶνα
622 2750 840 2786 τυφλωθήσεται,
854 2750 901 2776 καὶ
918 2749 1025 2777 ίαθείσα

234 2794 325 2822 οὐκέτι
350 2797 635 2832 τραυματισθήσεται.
663 2796 694 2825 Et
711 2796 766 2831 γὰρ
782 2795 944 2831 ἐπιμέλειαν
971 2796 1025 2823 τῶν

1076 2296 1194 2324 masset,
1214 2296 1242 2319 et
1261 2291 1314 2319 nisi
1328 2298 1388 2325 quae
1403 2289 1540 2325 proﬂuvio
1556 2289 1698 2324 sanguinis
1714 2287 1867 2318 laborabat,

1076 2338 1111 2366 ad
1126 2337 1271 2365 Dominum
1290 2336 1461 2368 accessisset,
1485 2335 1658 2363 sanationem
1680 2342 1736 2361 non
1751 2333 1869 2360 fuissent

1076 2383 1217 2414 consecuti
1231 2392 1237 2410 :
1251 2382 1349 2410 eodem
1363 2382 1455 2414 modo,
1473 2381 1526 2409 nisi
1541 2381 1603 2416 quis
1620 2380 1732 2415 proprio
1745 2383 1822 2406 motu
1836 2385 1870 2405 ac

1077 2430 1184 2465 integro
1207 2428 1348 2464 proposito
1370 2428 1404 2454 ad
1428 2428 1574 2456 Dominum
1600 2426 1722 2458 accedat,
1751 2429 1780 2452 et
1805 2432 1869 2451 cum

1076 2473 1248 2511 plenitudine
1281 2473 1345 2505 ﬁdei
1370 2481 1433 2500 eum
1469 2473 1651 2507 deprecetur,
1681 2471 1758 2498 nullo
1787 2469 1869 2497 modo

1078 2520 1230 2549 sanationis
1253 2520 1284 2549 ﬁt
1308 2520 1456 2555 particeps.
1481 2519 1537 2546 Cur
1560 2519 1636 2546 enim
1663 2517 1701 2544 illi
1728 2516 1810 2544 simul
1836 2523 1870 2543 ac

1078 2566 1224 2595 crederent
1244 2566 1422 2598 sanabuntur,
1446 2574 1495 2593 nos
1521 2569 1611 2594 autem
1635 2564 1756 2591 nomium
1773 2570 1868 2590 revera

1078 2612 1169 2640 visum
1193 2611 1364 2646 recepimus,
1393 2617 1446 2637 nec
1471 2609 1506 2637 ab
1529 2608 1645 2636 occultis
1674 2606 1869 2634 all'ectionibus

1079 2658 1168 2687 sanati
1183 2657 1302 2686 sumus?
1319 2656 1419 2684 Verum
1440 2655 1573 2684 Dominus
1587 2655 1720 2690 majorem
1735 2652 1806 2688 gerit
1818 2659 1868 2679 cu-

1079 2712 1136 2732 ram
1146 2703 1308 2731 immortalis
1320 2702 1428 2734 animm,
1441 2709 1523 2737 quam
1534 2701 1670 2736 corporis.
1681 2699 1747 2732 Quae
1756 2697 1869 2733 quidem

1079 2740 1151 2777 visui
1174 2749 1310 2782 restituta,
1335 2748 1487 2776 secundum
1507 2755 1581 2780 eum,
1607 2747 1654 2782 qui
1668 2743 1755 2773 dicit:
1773 2743 1869 2771 Revela

1080 2794 1166 2821 oculos
1183 2802 1252 2822 mcos
1266 2795 1297 2827 “,
1314 2794 1341 2822 in
1357 2797 1493 2822 aeternum
1511 2801 1567 2822 non
1579 2792 1698 2828 amplius
1717 2788 1869 2822 excaecabie

274 2887 388 2917 “Joan.
405 2897 424 2921 l,
444 2890 488 2917 29.
529 2890 549 2906 ¹⁸
573 2890 666 2917 Manli.
688 2898 732 2922 xv,
753 2888 796 2916 2-2.
838 2889 859 2906 ‘°
884 2888 981 2916 l‘salm.
1003 2896 1092 2920 cxvm,
1116 2887 1155 2914 l8.
