2078 3151
197 151 251 184 655

816 154 847 184 S.
868 153 1028 184 MACARII
1047 153 1211 184 EGYPTII

1778 153 1830 185 656

198 213 255 241 tur,
272 212 300 236 et
321 212 414 235 sanata
438 215 493 236 non
511 207 629 243 amplius
653 208 855 237 vulnerabitur.
870 209 898 237 Si
914 209 988 237 enim

1048 211 1170 247 ρθαρτῶν
1192 211 1328 247 σωμάτων
1346 212 1360 239 ὁ
1375 211 1479 248 Κύριος
1495 211 1652 245 ἐποιήσατο,
1676 209 1761 237 ἐλθὼν
1784 211 1831 237 ἐπὶ

199 253 419 289 corruptibilium
434 261 581 289 corporum
597 261 691 281 curam
704 255 826 290 suscepit
841 255 984 288 Dominus,

200 300 229 327 in
254 299 388 327 mundum
412 306 475 326 cum
500 299 640 333 venisset;
661 304 765 334 quanto
785 299 873 335 magis
889 299 988 328 anima.-

200 345 363 372 immortalis
380 344 437 380 86
451 349 479 372 et
494 345 648 373 secundum
661 345 808 381 imaginem
819 346 880 381 ejus
894 346 990 374 condi-

201 391 256 418 tae?
269 391 385 426 Propter
403 391 624 420 incredulitatem
639 396 731 419 autem
743 396 867 420 nostram
880 395 909 419 et
918 392 991 420 sedi-

204 437 304 464 tionem
320 441 453 470 nostram,
465 437 540 472 quod
557 446 613 466 non
635 438 782 473 diligamus
795 445 859 465 eum
878 445 912 465 ex
932 441 991 465 toto

200 482 294 515 corde,
307 490 397 518 neque
408 491 472 510 vere
483 483 509 510 ei
519 483 674 515 credamus,
686 484 807 511 nondum
818 483 990 518 spiritualem

201 527 346 555 sanitatem
369 535 401 555 ac
415 528 530 556 salutem
555 529 698 557 consecuti
716 537 823 557 sumus.
838 529 993 557 Credamus

200 582 268 609 ergo
283 574 320 607 ei,
333 579 361 602 et
375 575 539 603 accedamus
554 576 581 602 in
596 575 722 608 veritate,
746 579 776 602 ut
798 575 933 603 velociter
943 583 992 603 ve-

201 627 260 647 ram
275 620 446 648 sanationem
461 621 489 648 in
504 620 585 648 nobis
597 620 755 656 adimpleat.
774 620 905 648 Promisit
917 620 992 648 enim

202 672 232 692 se
245 665 410 700 largiturum
425 666 618 701 postulantibus
631 675 648 694 a
665 673 694 693 se
711 665 840 701 Spiritum
859 670 991 698 sanctum,

203 719 235 738 ac
249 710 415 746 pulsantibus
429 717 594 747 aperturum,
607 716 632 739 et
646 712 846 747 aquarentibus
859 712 994 740 inventum

203 757 278 784 iri".
291 757 380 793 Atque
394 767 400 785 :
412 758 472 785 Non
483 759 618 791 mentitur,
633 759 678 792 qui
692 759 812 794 promisit
821 759 852 786 ".
868 759 921 794 ipsi
934 759 994 794 glo-

205 803 245 830 ria
260 808 289 831 et
304 804 427 838 potentia
442 804 470 832 in
484 804 594 832 saecula.
610 805 708 832 Amen.

478 860 622 892 HOMILIA
644 861 716 889 XXI.

1039 257 1088 291 τῆς
1099 257 1160 292 γῆς,
1175 257 1252 293 πόσῳ
1263 257 1363 293 μᾶλλον
1377 257 1427 292 τῆς
1438 256 1575 284 ἀθανάτου
1605 256 1653 283 καὶ
1666 256 1728 283 κατ’
1739 256 1832 283 εἰκόνα

1040 302 1124 328 αὐτοῦ
1147 301 1338 338 πεποιημένης
1352 301 1459 337 ψυχῆς;
1482 300 1567 329 Ἀλλὰ
1581 300 1624 328 διὰ
1641 300 1691 336 τὴν
1703 301 1832 329 ἀπιστίαν

1041 346 1131 382 ἡμῶν,
1145 346 1191 374 διὰ
1203 347 1252 383 τὴν
1263 347 1440 383 διχοστασίαν
1457 346 1549 383 ήμῶν,
1563 346 1608 373 διὰ
1618 346 1648 372 τὺ
1665 346 1703 382 μὴ
1721 346 1831 381 ἀγαπᾷν

1041 393 1123 421 αὑτὸν
1141 393 1171 426 ἐξ
1187 394 1252 428 ὅλης
1274 393 1398 428 καρδίας,
1418 394 1487 429 μήτε
1502 391 1532 426 ἐξ
1554 392 1685 427 ἀληθείας
1701 392 1777 428 αὐτῷ
1791 401 1835 418 πι-

1043 437 1160 470 στεύειν,
1173 437 1281 464 οὑδὲπω
1297 438 1347 473 τῆς
1363 437 1554 473 πνευματικῆς
1571 437 1669 468 ἰάσεως
1682 437 1730 463 καὶ
1744 445 1834 472 σωτη-

1044 483 1104 519 ρίας
1117 483 1260 518 ἐτύχομεν.
1277 483 1473 519 Πιστεύσωμεν
1495 483 1543 510 οὖν
1573 482 1660 517 αὐτῷ,
1676 481 1724 509 καὶ
1750 490 1833 517 προσ-

1043 529 1166 564 έλθωμεν
1191 530 1219 556 ὲν
1251 529 1375 565 ἀληθείᾳ,
1395 529 1438 556 ἴνα
1467 529 1497 555 ὲν
1521 528 1600 564 τάχει
1631 527 1680 562 τὴν
1705 527 1834 562 ἀληθινὴν

1045 574 1118 601 ῐασιν
1149 575 1178 601 ὲν
1200 574 1268 609 ἡμῖν
1293 576 1404 610 ποιήσῃ.
1438 572 1640 608 Ἐπηγγείλατο
1662 572 1717 607 γὰρ
1734 572 1834 599 διδόναι

1042 620 1106 654 τοῖς
1117 620 1257 647 αἰτοῦσιν
1267 620 1360 648 αὑτὸν
1375 619 1497 654 Πνεῦμα
1506 619 1603 654 ἅγιον,
1617 617 1667 645 καὶ
1678 618 1739 650 τοῖς
1747 618 1835 652 κρού-

1043 673 1136 693 ουσιν
1147 665 1291 700 ἀνοίγειν,
1312 665 1361 692 καί
1377 664 1439 698 τοῖς
1459 664 1601 698 ζητοῦσιν
1617 664 1814 698 εὑρίσκεσθαι
1825 670 1833 677 ·

1043 710 1102 742 καὶ,
1117 710 1256 745 ἀψευδής
1280 710 1367 737 ἐστιν
1393 712 1409 737 d
1435 710 1701 745 ἐπαγγειλάμενος.
1723 708 1802 744 Αὐτῷ
1817 709 1836 744 ἡ

1042 757 1108 790 δόξα
1119 757 1166 784 καὶ
1179 757 1211 783 τὸ
1225 756 1326 792 κράτος
1346 757 1387 789 είς
1399 757 1462 788 τοὺς
1478 757 1590 788 αίῶνας.
1614 755 1713 791 Ἀμήν.

1328 853 1451 881 ΟΜΙΛΙΛ
1470 853 1537 881 KA'.

203 904 352 942 Christiano
365 907 465 934 homini
481 889 579 942 duplex
592 908 720 934 incumbit
733 908 841 940 bellum,
860 909 995 935 internum

1049 900 1091 934 Τῷ
1108 899 1275 942 Χριᾳτιμνῷ
1286 899 1432 942 (ivga-[mg
1446 898 1560 942 δισςσζιὶς,
1571 898 1723 942 πρόκειται

237 941 361 978 uidelicet
380 946 406 968 et
426 941 575 969 externum.
598 942 654 970 Hoc
674 943 790 978 quidem,
813 951 873 970 cum
898 943 994 970 recedit

237 976 294 1011 ipse
306 984 322 1002 a
336 976 550 1004 distractionibus
573 976 698 1010 terrenis;
716 977 784 1004 illud
804 986 864 1005 vero
878 978 906 1005 in
918 978 995 1006 corde

239 1011 364 1038 adversus
380 1012 551 1046 cogitationes
567 1013 709 1047 spirituum
726 1013 870 1040 malorum.

239 1100 260 1127 1.
280 1101 445 1137 Quicunque
464 1109 529 1130 vere
545 1103 603 1130 Deo
614 1103 724 1138 placere
739 1108 860 1139 exoptat,
873 1113 905 1133 ac
915 1113 996 1134 veras

202 1146 336 1174 adversus
351 1147 541 1176 adversariam
563 1153 668 1184 partem
690 1149 851 1178 inimicitias
868 1151 994 1186 suscipit,

203 1191 278 1220 hunc
287 1192 390 1229 duplici
399 1194 528 1222 conﬂictu
540 1202 572 1222 ac
583 1195 689 1230 duplici
701 1196 850 1224 certamine
862 1196 996 1225 dimicare

203 1242 330 1272 oportet:
354 1243 413 1266 tum
439 1239 467 1266 in
492 1240 576 1268 rebus
597 1241 755 1269 visibilibus
772 1242 855 1278 hujus
876 1242 949 1275 vitaz,
980 1250 996 1270 a

203 1284 432 1313 dish-actionibus
445 1286 576 1319 terrenis,
601 1295 634 1315 ac
654 1287 804 1316 dilectione
819 1288 995 1316 vinculorum

203 1330 423 1364 mundanorum,
446 1336 530 1367 atque
551 1332 747 1361 allectionibus
767 1334 873 1368 peccati
895 1334 997 1361 abhor-

204 1381 329 1404 rentem:
344 1381 402 1404 tum
414 1377 441 1404 in
457 1378 575 1406 occultis
589 1384 685 1407 contra
698 1379 773 1415 ipsos
788 1379 900 1408 malitia:
914 1380 996 1416 spiri-

206 1426 250 1448 tus
266 1422 450 1456 praelianlem,
468 1423 503 1452 de
521 1424 623 1459 quibus
643 1425 792 1460 Apostolus
805 1425 913 1453 aiebat:
937 1426 998 1452 Non

204 1470 242 1492 est
263 1466 337 1494 nobis
353 1467 504 1495 colluctatio
523 1469 647 1496 adversus
661 1471 817 1505 sanguinem
834 1474 858 1496 et
879 1478 997 1503 carnem,

204 1511 251 1538 sed
265 1511 389 1540 adversus
406 1513 583 1548 principatus,
599 1515 723 1542 adversus
736 1519 890 1550 potestates,
905 1516 998 1542 adver-

1079 932 1308 977 ιιρέη.έιτώτερες
1320 932 1438 977 suae:
1450 933 1665 977 emersos;
1683 932 1789 977 mea.
1800 933 1837 977 έυτ

1081 968 1122 1003 τῷ
1136 971 1321 1004 ἀφΙστασθαι
1337 969 1431 996 αὑτὸν
1447 968 1667 1002 περισπασμῶν
1678 968 1798 1001 γηΐνων.
1819 968 1836 993 ό

1081 1005 1159 1032 δὲέν
1174 1004 1210 1039 τῇ
1225 1003 1331 1039 καρδίᾳ
1348 1004 1423 1037 πρὸς
1435 1003 1603 1038 λογισμοὺς
1623 1003 1684 1030 τῶν
1701 1001 1836 1036 πνευμά-

1081 1049 1141 1067 των
1154 1039 1209 1074 τῆς
1223 1039 1378 1073 πονηρίας.
1734 1066 1738 1069 .

1081 1097 1121 1124 A'.
1146 1096 1177 1122 '0
1202 1095 1363 1130 βουλόμενος
1379 1093 1563 1130 εὐαρεστῆσαι
1577 1093 1638 1128 Θεῷ
1654 1092 1684 1126 ἐξ
1695 1091 1835 1126 ἀληθείας,

1046 1141 1095 1170 καὶ
1119 1142 1181 1168 κατ’
1206 1140 1337 1176 ἀλήθειαν
1355 1140 1395 1175 τῷ
1410 1139 1526 1174 ἐναντίῳ
1559 1138 1636 1174 μέρει
1665 1137 1714 1172 τῆς
1737 1136 1837 1166 κακίας

1047 1186 1280 1222 ἀπεχθανόμενος,
1309 1185 1379 1221 πρὸς
1403 1185 1450 1212 δύο
1474 1184 1605 1219 ἀθλήσεις
1631 1184 1679 1210 καὶ
1697 1182 1766 1218 πρὸς
1790 1181 1839 1208 δύο

1047 1233 1156 1268 ἀγῶνας
1170 1232 1226 1267 ἔχει
1239 1231 1289 1267 τὴν
1309 1231 1399 1266 πάλην
1410 1239 1418 1246 ’
1441 1230 1470 1257 ἐν
1485 1239 1515 1257 τε
1530 1231 1589 1261 τοῖς
1603 1228 1777 1264 φαινομένοις
1789 1226 1838 1253 τοῦ

1048 1278 1106 1314 βίου
1133 1277 1230 1304 τούτου
1254 1276 1411 1312 πράγμασι,
1437 1274 1639 1310 περισπασμῶν
1654 1274 1755 1308 γηΐνων
1783 1272 1837 1306 ἁφ-

1050 1324 1208 1360 ιστάμενος,
1219 1323 1267 1350 καὶ
1279 1323 1390 1358 ἀγάπης
1405 1321 1512 1358 δεσμῶν
1528 1320 1669 1356 κοσμικῶν
1679 1319 1728 1347 καὶ
1742 1318 1838 1345 παθῶν

1047 1371 1097 1406 τῆς
1112 1371 1252 1407 ἁμαρτίας
1262 1379 1270 1386 ·
1290 1371 1338 1397 καὶ
1352 1372 1381 1398 ὲν
1397 1371 1453 1402 τοῖς
1476 1369 1618 1405 κρυπτοῖς,
1635 1367 1702 1403 πρὸς
1719 1366 1789 1394 αὐτὰ
1803 1365 1839 1392 τὰ

1048 1416 1098 1451 τῆς
1114 1416 1247 1452 πονηρίας
1269 1415 1480 1451 ἀπομαχόμενος
1499 1414 1654 1449 πνεύματα,
1678 1413 1743 1448 περὶ
1766 1409 1804 1439 ὧν
1826 1411 1840 1440 3

1055 1462 1217 1493 ’Δπόστολος
1233 1462 1337 1496 ἔλεγεν,
1355 1463 1416 1489 Οὐκ
1436 1461 1522 1488 ἐστιν
1537 1460 1610 1495 ἡμῖν
1625 1460 1645 1493 ή
1663 1461 1744 1493 πάλη
1764 1458 1841 1493 πρὸς

1049 1504 1121 1541 αἷμα
1137 1507 1185 1534 καί
1198 1506 1309 1541 σάρκα,
1324 1507 1404 1534 ἀλλὰ
1417 1507 1492 1542 πρὸς
1507 1507 1561 1540 τὰς
1574 1506 1680 1541 ἀρχὰς.
1695 1505 1770 1540 πρὸς
1785 1505 1840 1538 τὰς

204 1565 250 1584 sus
261 1558 353 1585 mundi
362 1558 492 1590 dominos,
502 1563 617 1586 rectores
630 1560 799 1587 tenebrarum
809 1560 897 1588 saeculi
906 1561 996 1597 hujus,

1049 1552 1205 1586 ἐξουσίας,
1218 1552 1294 1587 πρὸς
1305 1551 1377 1585 τοὺς
1391 1551 1636 1586 κοσμοκράτορας
1647 1550 1701 1578 τοῦ
1709 1550 1840 1582 σκότους

206 1601 331 1630 adversus
340 1603 494 1639 spirituales
505 1605 617 1632 astutias
628 1606 656 1632 in
666 1605 808 1633 caelestibus
823 1607 855 1633 ".

241 1691 274 1719 ll.
301 1691 416 1720 Duobus
440 1692 515 1720 enim
541 1692 632 1721 modis
658 1697 687 1720 et
712 1693 831 1721 vinculis
854 1693 999 1731 devinctus

207 1737 290 1764 homo
305 1740 358 1769 est.
376 1741 524 1772 postquam
543 1737 702 1764 mandatum
718 1742 906 1773 transgressus
921 1744 999 1766 extra

207 1782 310 1811 limites
324 1783 445 1818 paradisi
461 1783 601 1819 projectus
617 1788 669 1812 est.
683 1783 713 1811 ln
725 1784 776 1811 hac
786 1784 917 1812 nimirum
930 1785 997 1818 vita,

208 1829 292 1856 rebus
310 1829 344 1856 ad
357 1829 441 1857 vitam
457 1830 669 1864 pertinentibus,
686 1837 723 1858 ao
732 1830 879 1858 dilectione
890 1831 996 1865 mundi,

207 1873 359 1901 «annalium
370 1881 469 1909 nempe
485 1875 656 1910 voluptatum
673 1879 701 1903 et
717 1875 906 1908 all'ectionum,
925 1876 998 1904 divi-

209 1918 308 1946 tiarum
322 1923 351 1947 et
362 1919 469 1955 gloria;
485 1928 517 1952 ac
535 1925 734 1953 creaturarum,
751 1921 845 1949 uxoris
858 1926 885 1949 et
898 1922 1000 1949 libero-

208 1972 287 1998 rum;
305 1965 565 2005 consanguinitatis,
589 1967 694 2001 patriae,
710 1967 845 1999 locorum,
869 1972 897 1994 ct
917 1968 999 1995 indu-

207 2015 375 2044 mentorum,
387 2016 426 2044 et,
446 2015 478 2039 ut
497 2013 655 2040 summatim
675 2013 775 2045 dicam,
797 2013 922 2041 omnium
938 2022 1000 2048 quae

207 2055 278 2083 visui
299 2060 404 2091 patent,
429 2065 446 2085 a
465 2057 567 2092 quibus
587 2058 701 2086 verbum
717 2058 766 2086 Dei
787 2059 912 2094 prazcipit
935 2067 999 2088 eum

207 2101 311 2128 cxsolvi
327 2102 439 2136 propria
460 2102 602 2134 voluntate
618 2103 677 2138 (qui
693 2111 736 2136 ea,
752 2111 813 2138 qua:
827 2105 915 2132 oculis
931 2105 999 2133 sub-

205 2145 278 2180 jecta
304 2150 379 2178 sunt,
409 2151 508 2180 sponte
536 2147 654 2182 quisque
681 2147 827 2183 sectatur),
854 2153 885 2176 ut
907 2149 943 2176 ab
965 2149 1000 2178 iis

207 2191 338 2218 omnibus
353 2199 382 2219 se
398 2192 548 2227 expediens
562 2200 594 2220 ac
604 2193 736 2226 liberans,
749 2193 870 2229 perfecte
886 2195 996 2230 manda-

1049 1597 1103 1624 τοῦ
1118 1596 1227 1630 αἰῶνος
1239 1597 1359 1628 τούτου,
1373 1596 1449 1631 πρὸς
1465 1597 1502 1624 τὰ
1514 1595 1702 1631 πνευματικὰ
1716 1595 1771 1629 τῆς
1788 1602 1841 1621 ,πο-

1049 1643 1156 1677 νηρίας
1170 1642 1204 1670 ἐν
1219 1642 1281 1675 τοῖς
1296 1643 1498 1676 ἐπουρανίοις.

1084 1690 1123 1716 B'.
1145 1689 1224 1715 Κατὰ
1237 1689 1285 1716 δύο
1303 1689 1358 1724 γὰρ
1373 1688 1490 1724 τρόπους
1508 1688 1555 1716 καὶ
1578 1688 1694 1723 δεσμοὺς
1720 1686 1798 1722 ὲδέθη
1825 1686 1844 1712 ὰ

1050 1735 1194 1771 ἄνθρωπος
1210 1735 1339 1771 παραϐὰς
1354 1735 1404 1770 τὴν
1423 1734 1545 1770 ἐντολὴν,
1562 1734 1609 1761 καὶ
1623 1733 1775 1769 ὲξορισθεὶς
1787 1732 1844 1759 ἀπὸ

1051 1781 1099 1809 τοῦ
1115 1781 1293 1817 παραδείσου,
1305 1782 1333 1808 ἐν
1347 1780 1386 1816 τῷ
1403 1781 1452 1816 βίῳ
1470 1781 1569 1816 τούτῳ,
1588 1781 1617 1807 ὲν
1632 1781 1687 1811 τοῖς
1705 1779 1842 1814 βιωτικοῖς

1050 1826 1206 1861 πράγμασι,
1225 1826 1273 1852 καὶ
1286 1827 1314 1852 ὲν
1328 1827 1361 1861 τῇ
1380 1825 1427 1852 τοῦ
1442 1825 1546 1860 κόσμου
1562 1825 1668 1861 ἀγάπῃ,
1690 1824 1774 1860 ἧγουν
1786 1824 1841 1850 τῶν

1051 1871 1190 1907 σαρκικῶν
1205 1871 1318 1906 ἡδονῶν,
1344 1871 1390 1898 καὶ
1407 1871 1511 1904 παθῶν,
1529 1871 1657 1903 πλούτου,
1684 1871 1731 1897 καὶ
1750 1870 1841 1905 δόξης,

1051 1918 1099 1945 καὶ
1123 1918 1293 1953 κτισμάτων,
1315 1917 1460 1953 γυναικὸς,
1477 1919 1525 1945 καὶ
1540 1918 1654 1951 τέκνων,
1670 1918 1843 1953 συγγενείας,

1051 1963 1201 1998 πατρίδων,
1219 1963 1320 1995 τόπων,
1344 1963 1513 1998 ἐνδυμάτων,
1530 1963 1577 1989 καὶ
1591 1963 1759 1995 ἁπαξαπλῶς
1775 1962 1843 1989 πάν-

1051 2018 1106 2036 των
1122 2009 1177 2035 τῶν
1204 2008 1388 2043 φαινομένων,
1403 2009 1449 2042 ἀφ’
1462 2005 1499 2035 ὦν
1514 2008 1528 2035 ὁ
1542 2009 1622 2042 λόγος
1648 2008 1696 2035 τοῦ
1710 2008 1780 2035 Θεοῦ
1797 2017 1842 2035 κε-

1051 2054 1126 2082 λεύει
1152 2054 1236 2081 αὐτὺν
1263 2054 1377 2090 λυθῆναι
1408 2054 1460 2090 ἰδίᾳ
1484 2054 1655 2090 προαιρέσει,
1682 2055 1776 2090 ἐπειδὴ
1802 2055 1843 2086 εἰς

1052 2101 1142 2128 πάντα
1155 2101 1190 2128 τὰ
1206 2101 1356 2136 φαινόμενα
1373 2102 1505 2134 ἑκουσίως
1522 2102 1637 2134 ἕκαστος
1655 2102 1770 2132 δέδεται,
1788 2101 1842 2133 ἵνα,

1052 2147 1157 2174 τούτων
1183 2147 1293 2174 πάντων
1309 2148 1406 2174 ἑαυτὸν
1424 2147 1509 2179 λύσας
1525 2146 1780 2182 καὶὲλευθερώσας,
1797 2146 1843 2173 δυ-

1052 2193 1123 2229 νηθῇ
1140 2193 1251 2225 τελείως
1265 2194 1315 2228 τῆς
1339 2194 1449 2229 ἐντολῆς
1471 2194 1609 2229 ἐγκρατὴς
1625 2193 1764 2228 γενέσθαι.
1788 2192 1842 2219 Καὶ

208 2240 265 2263 tum
283 2236 431 2264 observare
449 2237 544 2272 possit.
561 2237 638 2266 Intus
650 2246 715 2266 vero
729 2239 867 2272 intricata,
880 2241 996 2269 circum-

1053 2241 1082 2267 ὲν
1091 2239 1131 2274 τῷ
1141 2239 1291 2275 κρυπτῷδὲ
1303 2238 1544 2275 περιτετρίχωται,
1553 2239 1601 2265 καὶ
1610 2239 1843 2274 περιπέφρακται,

207 2277 317 2313 vallata,
343 2282 431 2310 muris
453 2282 554 2316 cincta,
577 2288 660 2319 atque
690 2285 797 2312 catenis
821 2285 998 2314 tenebrarum

207 2328 334 2356 devincta
359 2334 401 2356 est
428 2329 530 2362 anima,
557 2337 607 2364 per
630 2330 745 2365 spiritus
769 2332 890 2365 malitiae,
912 2332 950 2360 ila
970 2337 1001 2365 ut

207 2382 263 2402 non
279 2375 367 2410 possit
384 2383 436 2410 pro
450 2375 539 2413 lubitu
561 2375 676 2411 diligere
696 2376 855 2410 Dominum,
878 2385 930 2405 nec
949 2385 999 2412 pro

206 2420 297 2448 lubitu
315 2421 438 2454 credere,
456 2429 508 2449 nec
521 2429 572 2457 pro
587 2422 678 2450 lubitu
693 2422 818 2451 adorare.
834 2423 902 2451 Nam
918 2424 998 2458 peni-

208 2470 251 2494 tus
277 2467 458 2505 contrarietas
482 2468 581 2496 tamin
597 2468 751 2497 manifestis
774 2477 857 2504 quam
882 2470 1000 2497 occultis

207 2513 290 2540 rebus
319 2518 381 2547 post
414 2514 662 2549 transgressionem
694 2514 777 2550 primi
801 2514 922 2542 hominis
948 2522 1001 2542 nos

207 2558 317 2586 invasit.
838 2555 840 2557 ’

241 2604 287 2631 Ill.
313 2603 341 2631 Si
364 2604 428 2639 quis
453 2604 547 2640 itaque
571 2604 668 2633 audito
692 2605 778 2633 verbo
801 2605 850 2634 Dei
878 2613 1000 2641 pugnam

206 2651 310 2684 inierit,
323 2656 407 2686 atque
421 2650 455 2678 ad
474 2651 545 2678 hanc
559 2651 644 2678 vitam
663 2651 815 2686 spectantia
835 2655 863 2680 et
886 2651 1000 2686 laqueos

207 2697 302 2724 mundi
318 2705 333 2725 a
351 2705 380 2725 se
395 2697 553 2733 proiecerit,
568 2705 719 2733 omnesque
733 2697 826 2726 carnis
844 2697 1001 2732 voluptates

208 2743 403 2778 repudiaverit,
426 2751 461 2771 ex
485 2744 533 2780 bis
549 2751 579 2771 se
595 2743 686 2779 ipsum
700 2743 868 2779 expediens;
891 2747 948 2770 tum
972 2742 1000 2769 in

209 2790 317 2818 Domini
335 2789 489 2818 intentione
507 2791 749 2826 perseveraverit:
774 2797 940 2826 cognoscere
955 2790 1002 2818 liic

247 2867 266 2883 ’⁷
281 2867 348 2895 Luc.
370 2877 407 2902 χι,
430 2869 473 2904 13;
492 2870 587 2898 Matth.
608 2878 656 2904 vn,
677 2871 702 2898 7.
746 2870 767 2886 ’⁸
785 2870 841 2910 Tit.
863 2877 881 2902 l,
901 2869 926 2895 2.

1053 2285 1101 2312 καὶ
1117 2285 1360 2321 περιτετείχισται,
1377 2285 1425 2312 καὶ
1441 2285 1545 2312 δέδεται
1566 2284 1677 2311 ἁλύσεσι
1697 2285 1810 2316 σκότους
1825 2284 1845 2319 ἡ

1052 2331 1126 2368 ψυχὴ
1142 2332 1195 2360 ὑπὸ
1211 2331 1267 2358 τῶν
1284 2331 1335 2366 τῆς
1352 2331 1485 2367 πονηρίας
1501 2331 1677 2366 πνευμάτων,
1703 2330 1741 2367 μὴ
1761 2330 1843 2358 δυνα-

1055 2378 1135 2412 μέσνη,
1150 2377 1188 2409 ὡς
1204 2376 1289 2410 θέλει,
1305 2377 1415 2412 ἀγαπᾷν
1428 2376 1475 2404 τὸν
1499 2377 1615 2413 Κύριον,
1640 2377 1687 2404 καὶ
1700 2377 1738 2408 ὡς
1760 2375 1843 2408 θέλει,

1055 2422 1206 2456 πιστεύειν,
1223 2423 1271 2450 καὶ
1286 2422 1324 2454 ὡς
1346 2422 1429 2455 θέλει,
1450 2423 1663 2459 προσεύξασθαι.
1679 2423 1772 2458 Πάντη
1789 2422 1844 2458 γὰρ

1053 2467 1071 2503 ὴ
1088 2467 1244 2503 ἐναντιότης
1257 2468 1286 2495 ὲν
1299 2469 1355 2500 τοῖς
1372 2470 1511 2504 φανεροῖς.
1524 2469 1573 2495 καὶ
1583 2469 1612 2495 ἐν
1626 2470 1682 2501 τοῖς
1700 2469 1845 2504 κρυπτοῖς,

1052 2513 1107 2540 ἀπὸ
1120 2512 1171 2548 τῆς
1183 2513 1367 2550 παρασίάσεως
1375 2513 1423 2541 τοῦ
1437 2514 1546 2550 πρώτου
1561 2513 1706 2550 ἀνθρώπου
1721 2515 1760 2546 εἰς
1771 2514 1845 2550 ἡμᾶς

1055 2560 1235 2596 κατήντησεν.

1086 2605 1126 2633 Γ¹.
1152 2605 1237 2633 Ἐπάν
1251 2614 1294 2637 τις
1307 2606 1398 2634 τοίνυν
1413 2606 1535 2639 ἀκούσας
1549 2605 1686 2641 τὸνλόγον
1706 2606 1755 2633 τοῦ
1777 2605 1845 2633 Θεοῦ

1053 2652 1233 2687 ἀγωνίσηται,
1260 2653 1307 2680 καὶ¹
1322 2653 1464 2690 ἀποῤῥίψῃ
1478 2654 1513 2680 τὰ
1535 2652 1583 2680 τοῦ
1605 2653 1663 2688 βίου
1681 2653 1844 2688 πράγματα,

1054 2698 1102 2725 καὶ
1117 2698 1204 2733 δεσμὰ
1219 2698 1335 2734 κόσμου,
1352 2700 1400 2726 καὶ
1420 2699 1511 2731 πάσας
1526 2699 1578 2731 τὰς
1597 2699 1732 2734 σαρκικάς
1749 2698 1845 2734 ἡδονὰς

1054 2744 1219 2780 ἅρνήσηται,
1234 2744 1319 2777 λύσας
1346 2745 1443 2773 ἑαυτὴν
1471 2745 1526 2772 ἀπὸ
1548 2745 1662 2778 τούτων,
1678 2746 1739 2772 τότε
1760 2752 1846 2781 προσ-

1056 2790 1199 2826 καρτερῶν
1213 2790 1252 2824 τῷ
1268 2791 1363 2828 Κυρίῳ
1377 2791 1425 2819 καὶ
1440 2791 1590 2828 σχολάζων,
1602 2791 1715 2819 δύναται
1732 2790 1847 2826 γνῶναι,

967 2869 988 2885 ⁸³
1006 2867 1107 2903 Ephes.
1129 2875 1167 2901 vr,
1184 2867 1225 2897 1'2.
1251 2875 1308 2910 seqq.
