2078 3151
195 197 248 241 tam

784 197 970 234 HOMILLE.
983 211 1020 222 σ-
1029 199 1124 233 ΗΟΜ.
1145 200 1230 233 ιιι.

1776 204 1835 237 658

196 256 238 282 δτι
257 255 335 280 ἔστιν
352 252 382 280 ιν
396 253 430 288 τῇ
447 251 549 288 καρδίᾳ.
562 251 630 288 άλλη
647 252 732 289 πάλη,
748 253 817 290 άλλη
832 256 986 288 ἐναντίωσις

1041 256 1153 291 poterit,
1169 263 1230 285 esse
1243 256 1274 284 in
1289 256 1371 286 corde
1386 257 1467 286 aliam
1481 259 1596 291 iactam,
1615 258 1697 286 aliam
1720 263 1833 287 contra~

199 298 322 335 κρυπτὴ,
339 298 389 326 καὶ
416 298 496 330 ἄλλος
529 297 649 333 πόλεμος
671 299 810 333 λογισμῶν
831 301 992 336 πνευμάτων

201 345 345 380 πονηρίας,
372 344 420 371 καὶ
439 343 519 376 ἄλλος
538 343 614 379 ἁγὼν
639 344 796 380 πρόκειται.
826 346 883 373 Καὶ
906 345 993 378 οὕτως

200 390 314 418 δύναται
331 389 501 426 παραμένων
519 390 568 417 καὶ
592 389 808 425 ἐπικαλούμενος
827 391 873 418 τὸν
890 390 993 426 Κύριον

199 438 229 463 έν
255 436 347 463 πίστει
364 436 519 471 ἀδιστάκτῳ
547 436 596 463 καὶ
614 436 738 472 ὑπομονῇ
753 436 851 472 πολλῇ,
871 437 920 464 καὶ
943 437 993 473 τὴν

202 482 269 516 παρ’
282 481 364 508 αὐτοῦ
377 481 504 518 βοήθειαν
514 482 706 517 ἐκδεχόμενος,
717 484 810 518 τυχεῖν
823 483 929 510 ἐκεῖθεν
942 484 993 520 τῆς

200 528 308 555 ἔνδοθεν
333 528 496 562 λυτρώσεως
523 528 578 555 τῶν
593 529 713 564 δεσμῶν,
730 529 778 556 καὶ
800 529 914 565 τριχῶν,
944 531 992 558 καὶ

201 573 348 608 φραγμῶν,
366 575 412 600 καὶ
429 574 543 606 σκότους
566 575 730 610 πνευμάτων
756 575 899 610 πονηρίας,
919 575 991 611 άπερ

201 619 271 645 εἰσὶν
286 619 316 646 σι
330 619 385 646 τῶν
400 619 531 654 κρυπτῶν
545 619 641 646 παθῶν
658 620 804 655 ἐνέργειαι.

236 665 272 690 Δ’.
291 660 376 696 οὗτος
390 664 419 690 δὲ
436 665 449 691 ό
462 665 580 700 πόλεμος
593 665 638 692 διὰ
655 665 765 700 χάριτος
789 665 837 693 καὶ
851 666 992 702 δυνάμεως

201 709 270 736 Θεοῦ
290 710 489 745 καταργεῖσθαι
499 709 626 737 δύναται·
644 710 679 737 δι’
703 710 800 737 ἑαυτοῦ
815 710 870 746 γάρ
887 720 929 743 τις
942 711 992 747 ῥύ-

203 755 302 782 σασθαι
322 755 417 782 ἑαυτὸν
445 756 494 790 τῆς
518 756 717 791 ἐναντιότητος,
735 757 782 782 καὶ
806 757 910 792 πλάνης
937 757 991 783 τῶν

201 800 350 835 λογισμῶν,
374 801 422 828 καὶ
447 801 543 828 παθῶν
564 801 690 837 ἀοράτων
715 802 762 828 καὶ
787 802 918 837 μηχανῶν
942 802 990 829 τοῦ

201 845 331 880 πονηροῦ,
346 845 482 873 ἀδυνατεῖ.
509 845 541 872 Εἰ
566 846 594 872 δὲ
614 847 642 873 ὲν
669 846 726 878 τοῖς
751 847 925 881 φαινομένοις
949 857 992 880 τις

199 890 322 924 ὲνέχεται
333 889 380 916 τοῦ
400 890 503 925 κόσμου
525 890 622 917 τούτου
647 891 804 927 πράγμασι,
817 891 865 918 καὶ
879 892 988 926 δεσμοῖς

200 933 334 965 ποικίλοις
349 935 456 970 γηῖνοις
468 935 668 970 ἑμπέπλεκται,
691 935 739 962 καὶ
751 936 808 967 τοῖς
824 935 924 963 πάθεσι
937 937 987 972 τῆς

200 980 299 1011 κακίας
323 980 529 1015 συναπάγεται,
557 980 618 1007 οὐδὲ
644 981 820 1014 ἐπιγινώσκει
843 982 885 1008 ὅτι
910 981 989 1009 ἔστιν

200 1024 267 1059 άλλη
283 1025 356 1060 πάλη
378 1026 425 1052 καὶ
444 1026 533 1061 πυκτὴ
556 1028 603 1053 καὶ
627 1026 744 1062 πόλεμος
767 1026 859 1054 ἔνδον·
884 1028 989 1062 γένοιτο

199 1072 265 1106 γὰρ,
291 1071 335 1099 ίνα
357 1072 421 1098 ὅταν
443 1079 485 1103 τις
507 1071 560 1107 ἄρῃ
577 1072 674 1099 έαυτδν
701 1073 916 1107 ἀγωνισάμενος,
941 1074 989 1101 καὶ

197 1117 266 1153 λυσῃ
283 1117 380 1144 ἑαυτὸν
397 1116 452 1144 ἀπὸ
469 1116 573 1144 τούτων
599 1117 655 1143 τῶν
680 1119 854 1153 φαινομένων
882 1119 989 1154 δεσμῶν

199 1161 340 1196 κοσμικῶν
352 1162 399 1188 καὶ
410 1161 511 1189 ὐλικῶν
526 1162 709 1197 πραγμάτων,
719 1163 766 1189 καὶ
780 1163 880 1197 ἡδονῶν
892 1171 990 1198 σαρκι-

199 1207 267 1240 κῶν,
284 1209 330 1235 καὶ
351 1208 469 1244 ἄρξηται
483 1208 522 1244 τῷ
536 1208 632 1244 Κυρίῳ
655 1211 881 1245 προσκαρτερεῖν,
901 1210 988 1237 κενῶν

198 1253 293 1280 ἑαυτὸν
319 1253 374 1280 ἀπὸ
400 1252 448 1280 τοῦ
474 1253 578 1287 κόσμου
604 1252 712 1285 τούτου,
729 1253 781 1280 κάν
799 1254 860 1281 τότε
886 1254 987 1292 δυνηθῇ

198 1297 348 1333 ἀπιγνῶναι
364 1298 415 1334 τὴν
428 1298 503 1326 ἔνδον
513 1298 602 1334 πάλην
616 1298 671 1325 τῶν
683 1298 778 1326 παθῶν
794 1299 986 1336 αὐλιζομένην,

198 1343 246 1370 καὶ
257 1343 303 1369 τὸν
313 1342 387 1370 ἔνδον
397 1343 527 1379 πόλεμον,
541 1343 590 1370 καὶ
604 1343 667 1375 τοὺς
677 1344 813 1379 πονηροὺς
820 1344 968 1380 λογισμούς
977 1354 985 1361 ·

197 1388 244 1415 ἐὰν
260 1388 315 1424 γάρ
336 1389 384 1425 μὴ,
410 1389 448 1421 ὡς
461 1388 634 1425 προέφημεν,
658 1389 864 1425 ἀγωνισάμενος
899 1391 986 1427 ἀρνήιι

197 1443 278 1470 σηται
292 1435 338 1461 τὸν
355 1435 468 1470 κόσμον,
486 1436 534 1462 καὶ
548 1435 618 1471 λύσῃ
634 1435 732 1463 ἑαυτὸν
747 1436 801 1463 ἀπὸ
813 1436 867 1463 τῶν
885 1438 987 1473 γηΐνων

197 1480 351 1516 ἐπιθυμιῶν
367 1480 397 1514 ἐξ
416 1480 481 1516 ὅλης
499 1480 624 1516 καρδίας,
640 1481 688 1508 καὶ
713 1481 772 1513 ὅλος
789 1482 820 1514 ἐξ
835 1481 896 1509 δλου
923 1483 986 1519 θέλῃ

196 1526 414 1562 προσκολλᾶσθαι
436 1527 476 1562 τῷ
509 1527 617 1563 Κυρίῳ,
644 1527 695 1554 οὐκ
722 1527 899 1563 ἐπιγινώσκει
932 1529 988 1556 τῶν

197 1573 328 1609 κρυπτῶν
343 1574 506 1609 πνευμάτων
520 1574 570 1610 τῆς
587 1574 722 1610 πονηρίας
735 1574 785 1610 τὴν
808 1575 924 1610 πλάνην,
938 1577 986 1603 καὶ

194 1620 229 1647 τά
244 1621 354 1657 κρυπτά
374 1622 425 1656 τῆς
450 1621 549 1653 κακίας
563 1620 649 1657 πάθη,
674 1621 733 1648 ἀλλ’
755 1621 829 1648 ἐστιν
847 1621 986 1658 ἀλλότριος

195 1667 304 1699 ἑαυτοῦ,
329 1667 366 1699 ὡς
391 1667 442 1694 οὐκ
467 1664 521 1694 οϊδῑ
546 1667 713 1703 τραύματα,
741 1668 789 1696 καὶ
811 1668 885 1703 πάθη
917 1669 987 1704 ἔχων

196 1713 307 1748 κρυ-ιι·τά
333 1713 380 1740 καὶ
396 1712 520 1746 ἀγνοῶν
535 1712 576 1740 ἔτι
596 1713 624 1740 δὲ
647 1714 688 1745 είς
703 1713 738 1740 τὰ
763 1710 924 1750 φαινόμενα
941 1714 984 1740 δέ-

195 1759 280 1792 δεται,
300 1759 350 1786 καὶ
376 1759 415 1791 είς
430 1759 464 1785 τά
487 1758 536 1785 τοῦ
562 1759 667 1795 κόσμου
690 1759 842 1795 πράγματα
863 1760 985 1795 ἐνέχεται

195 1805 275 1833 ἑκών.

231 1852 270 1878 Ε’.
292 1851 322 1878 '0
343 1851 398 1887 γὰρ
413 1851 607 1887 ἀρνησάμενος
621 1851 693 1878 κατὰ
715 1851 847 1886 ἀλήθειαν
868 1851 914 1878 τὸν
938 1851 985 1878 κό-

199 1905 277 1932 σμον,
293 1897 341 1924 καὶ
356 1897 572 1933 ἀγωνισάμενος,
586 1897 633 1924 καὶ
646 1896 804 1933 ἀπορρίψας
823 1897 870 1932 ἀφ’
886 1897 984 1924 ἑαυτοῦ

197 1943 228 1970 τὸ
255 1942 365 1978 φορτίον
377 1943 426 1977 τῆς
440 1943 503 1978 γῆς,
521 1943 568 1970 καὶ
592 1942 648 1969 τῶν
673 1942 795 1977 ματαίων
821 1942 984 1978 ἐπιθυμιῶν,

196 1989 244 2016 καὶ
265 1988 368 2026 ἡδονῶν
394 1989 545 2024 σαρκικῶν,
561 1989 609 2016 καὶ
625 1989 716 2024 δόξης,
745 1989 793 2016 καὶ
819 1989 918 2026 ἀρχῆς,
938 1990 985 2017 καί¹

195 2037 285 2072 τιμῶν
299 2035 477 2072 ἀνθρωπίνων
489 2036 561 2072 ἄρας
570 2036 678 2069 ἑαυτὸν,
691 2036 740 2063 καὶ
752 2035 783 2069 ἐξ
791 2036 856 2070 ὅλης
870 2036 985 2072 καρδίας

195 2081 290 2109 τοῦτον
308 2081 474 2116 ἀπαγαγὼν,
490 2082 572 2110 ὁπότε
585 2081 634 2110 καὶ
649 2083 690 2114 είς
697 2081 791 2108 τοῦτον
808 2081 854 2109 τὸν
867 2082 985 2117 φανερὸν

195 2126 289 2162 ἀγῶνα
308 2127 323 2153 ὁ
345 2127 447 2163 Κύριος
466 2126 597 2160 κρυπτῶς
621 2126 723 2162 βοηθεῖ,
741 2126 811 2154 κατὰ
828 2126 860 2154 τδ
885 2127 985 2163 μέτρον

194 2173 243 2208 τῆς
257 2172 398 2208 ἀρνήσεως
413 2172 462 2199 τοῦ
480 2172 634 2208 θελήματος
646 2172 695 2200 τοῦ
710 2173 826 2208 κόσμου,
849 2174 897 2201 καὶ
917 2182 984 2201 στα-

194 2214 251 2247 θεὶς
265 2216 306 2248 ιίς
328 2216 378 2252 τὴν
393 2216 442 2243 τοῦ
456 2217 560 2253 Κυρίου
575 2217 717 2253 λατρείαν,
741 2218 789 2244 καὶ
808 2225 982 2254 προσκαρτε-

1043 302 1169 329 rietatem
1204 301 1357 336 occultam,
1393 304 1468 333 aliud
1499 304 1602 333 bellum
1635 304 1833 340 cogitationum

1043 347 1192 382 spirituum
1212 348 1351 383 nequitiae,
1376 353 1458 384 atque
1476 349 1551 377 aliud
1570 354 1710 377 certamen
1727 350 1834 385 impen-

1043 391 1118 419 dere.
1134 392 1188 425 Qui
1210 393 1250 420 sic
1266 397 1427 428 perseverat
1440 393 1468 420 in
1482 393 1654 421 invocatione
1669 393 1788 426 Domini,
1805 394 1835 422 in

1043 436 1097 464 ﬁde
1120 437 1275 467 indubitata
1303 445 1336 466 ac
1354 438 1498 466 tolerantia
1513 439 1610 471 multa,
1627 440 1743 474 ejusque
1753 439 1834 467 auxi-
1891 453 1894 455 λ

1041 483 1110 510 lium
1129 487 1279 519 exspectat,
1306 484 1409 520 poterit
1431 484 1494 511 inde
1517 485 1650 520 consequi
1672 485 1834 514 interiorem

1042 529 1234 557 liberationem
1257 537 1276 558 a
1295 529 1411 565 laqueis,
1436 530 1523 563 tricis,
1555 530 1635 557 vallis
1659 534 1689 558 et
1710 531 1833 559 tenebris

1042 575 1188 610 spirituum
1201 576 1343 610 nequitias,
1363 583 1424 612 quae
1443 579 1508 603 sunt
1520 576 1692 604 occultarum
1707 576 1832 605 aiiectio-

1041 628 1108 648 num
1123 620 1308 656 operationes.

1078 667 1121 694 IV.
1141 667 1200 695 Hoc
1215 673 1307 696 autem
1326 668 1427 696 bellum
1443 676 1493 703 per
1510 668 1628 704 gratiam
1651 672 1681 696 et
1700 668 1833 696 virtutem

1041 714 1090 741 Dei
1103 714 1201 742 conﬁci
1211 719 1312 749 potest.
1325 714 1383 742 Sua
1393 715 1468 742 enim
1479 715 1584 742 virtute
1596 722 1613 741 a
1624 715 1832 747 contrarietate,

1040 761 1096 796 87
1111 766 1139 789 et
1155 769 1251 790 errore
1266 762 1476 797 cogitationum,
1496 766 1525 790 et
1543 761 1720 790 an‘ectionum
1735 762 1833 790 invisi-

1040 806 1150 839 bilium,
1175 812 1204 835 et
1228 808 1480 838 machinationibus
1505 807 1578 835 illius
1601 807 1774 842 nequissimi,
1802 815 1833 835 sc

1039 852 1141 887 aliquis
1159 853 1279 880 liberare
1294 853 1400 888 nequit.
1423 853 1504 886 Quod
1518 853 1541 881 si
1558 852 1633 888 quis,
1654 852 1834 881 saecularibus

1040 897 1124 934 hujus
1149 898 1246 926 mundi
1271 898 1355 926 rebus
1384 897 1523 930 detentus,
1551 899 1689 933 variisque
1715 899 1833 926 vincuiis

1039 944 1158 972 terrenis
1168 944 1335 979 implicatus,
1347 943 1541 971 affectionibus
1549 944 1661 972 malitia:
1669 944 1831 977 sedncatur;

1040 997 1156 1025 prorsus
1171 997 1227 1018 non
1241 997 1410 1025 cognoscere
1422 994 1523 1025 potest.
1541 990 1624 1017 aliam
1640 997 1702 1018 esse
1715 990 1831 1023 luctam.

1039 1043 1159 1071 pugnam
1181 1039 1211 1063 et
1235 1036 1339 1063 bellum
1357 1036 1507 1063 internum.
1534 1036 1607 1064 Fieri
1632 1036 1706 1063 enim
1731 1040 1832 1070 potest,

1039 1085 1087 1113 ut,
1113 1082 1136 1110 si
1156 1082 1219 1117 quis
1244 1081 1402 1110 dimicando
1426 1089 1456 1109 se
1476 1082 1580 1109 eximat
1603 1086 1686 1117 atque
1708 1082 1834 1109 exsolvat

1038 1128 1075 1156 ab
1097 1129 1141 1156 his
1162 1129 1283 1156 externis
1294 1128 1414 1156 vinculis
1427 1128 1584 1159 mundanis,
1596 1135 1628 1155 ac
1642 1128 1833 1156 materialibus

1038 1174 1134 1211 rebus,
1149 1179 1178 1202 et
1198 1173 1386 1208 voluptatibus
1408 1174 1511 1203 carnis,
1529 1173 1698 1208 incipiatque
1716 1173 1832 1200 Domino

1039 1220 1200 1252 adhaerere,
1226 1219 1347 1253 spoliatis
1371 1226 1402 1246 se
1425 1219 1478 1246 hoc
1503 1219 1622 1250 saeculo,
1643 1218 1739 1255 utique
1765 1223 1833 1246 tunc

1038 1265 1126 1301 possit
1145 1265 1307 1300 dignoscere
1323 1272 1443 1300 pugnam
1457 1263 1637 1292 aﬂ‘ectionnm
1651 1264 1726 1290 intus
1741 1268 1832 1291 castra

1039 1315 1198 1342 metantem,
1214 1310 1375 1338 intestinum
1389 1310 1503 1342 bellum,
1516 1313 1598 1344 atque
1614 1317 1713 1344 pravas
1729 1310 1832 1345 cogita-

1039 1357 1139 1384 tiones.
1172 1356 1231 1384 Nisi
1261 1357 1355 1389 enim,
1387 1360 1418 1384 ut
1446 1355 1646 1391 pradiximus,
1673 1355 1832 1383 dimicando

1038 1403 1214 1438 abnegaverit
1244 1402 1379 1430 mundum
1403 1406 1432 1429 et
1459 1401 1615 1436 expedierit
1641 1409 1671 1430 se
1697 1401 1788 1436 ipsum
1815 1409 1832 1430 e

1039 1449 1157 1477 terrenis
1173 1449 1371 1484 cupiditatibus
1386 1457 1419 1476 ex
1440 1453 1498 1477 toto
1514 1449 1607 1481 corde,
1623 1453 1753 1483 totusque
1773 1456 1833 1476 om«

1038 1494 1106 1521 nino
1122 1494 1239 1521 Domino
1262 1493 1426 1529 agglutinari
1449 1493 1580 1525 voluerit,
1604 1500 1659 1521 non
1685 1497 1833 1528 cognoscet

1038 1540 1209 1568 occultorum
1231 1539 1378 1575 spirituum
1394 1539 1503 1566 malitia:
1515 1537 1718 1573 deceptionem,
1749 1542 1835 1573 atque

998 1592 1020 1623 ο
1036 1586 1159 1614 occultas
1181 1585 1292 1613 malitiae
1315 1585 1490 1615 all‘ectiones:
1509 1583 1558 1612 sed
1579 1589 1623 1612 est
1645 1584 1753 1616 alienus
1778 1585 1830 1612 sibi

1037 1632 1100 1667 ipsi,
1113 1637 1143 1659 ut
1154 1632 1201 1666 qui
1213 1639 1266 1659 non
1279 1635 1427 1666 cognoscat
1438 1630 1564 1662 vulnera,
1577 1634 1658 1665 atque
1671 1630 1835 1662 aﬁ‘ectiones

1037 1678 1138 1706 habeat
1153 1679 1287 1709 occultas,
1301 1677 1346 1704 vel
1368 1677 1516 1712 ignorans:
1538 1676 1630 1704 adhuc
1648 1676 1723 1704 enim
1747 1677 1835 1705 rebus

1037 1723 1160 1752 externis
1182 1723 1293 1751 deditus
1317 1726 1370 1752 cst.
1395 1727 1478 1757 atque
1499 1722 1584 1758 hujus
1603 1721 1699 1749 mundi
1712 1728 1832 1757 occupa-

1036 1770 1159 1798 tionibus
1173 1769 1271 1797 volens
1288 1773 1408 1797 tenetur.

1073 1857 1104 1885 V.
1122 1856 1175 1890 Qui
1188 1857 1263 1884 enim
1289 1856 1394 1884 mundo
1413 1864 1508 1884 revera
1527 1856 1663 1892 abnegato
1677 1855 1834 1883 dimicave«

1036 1901 1083 1933 rit,
1096 1908 1129 1928 ac
1144 1901 1252 1935 pondus
1271 1904 1413 1928 terrenum
1427 1909 1442 1928 a
1462 1908 1492 1928 se
1511 1900 1662 1936 proiecerit
1677 1907 1710 1928 ac
1724 1908 1739 1928 a
1752 1901 1833 1928 vanis

1036 1946 1236 1982 cupiditatibus
1255 1954 1287 1974 ac
1301 1946 1489 1982 voluptatibus
1502 1946 1606 1978 carnis,
1618 1945 1724 1982 glorize,
1748 1946 1829 1981 prin-

1036 1993 1155 2029 cipatus,
1176 1998 1204 2021 et
1227 1993 1365 2022 honorum
1384 1993 1570 2020 humanorum
1585 2000 1615 2020 se
1630 1993 1722 2028 ipsum
1744 2000 1831 2028 expeu

1036 2037 1131 2070 dierit,
1153 2041 1236 2073 atque
1255 2045 1289 2064 ex
1315 2041 1374 2065 toto
1399 2037 1481 2065 corde
1494 2045 1524 2065 se
1548 2037 1639 2073 ipsum
1656 2037 1829 2069 avocat-erit,

1034 2087 1215 2119 posteaquam
1235 2083 1262 2110 in
1277 2082 1330 2109 hoc
1346 2085 1444 2117 aperto
1461 2081 1615 2109 certamine
1633 2081 1768 2108 Dominus
1784 2088 1828 2108 sei

1035 2133 1112 2156 creto
1136 2128 1278 2163 suppetias
1300 2127 1365 2159 fert,
1387 2134 1438 2162 pro
1459 2127 1542 2155 modo
1567 2127 1720 2154 voluntatis
1745 2126 1835 2154 abne-

1035 2174 1127 2210 gantis
1141 2173 1276 2201 mundum
1290 2181 1298 2199 :
1313 2178 1396 2208 atque
1410 2173 1456 2200 illc
1469 2172 1624 2208 perstiterit
1636 2172 1664 2199 in
1683 2173 1758 2200 cultu
1775 2173 1834 2200 Dos

1035 2220 1115 2253 mini,
1132 2227 1164 2247 ac
1181 2219 1386 2252 totusomnino,
1400 2227 1528 2254 corpore,
1541 2219 1665 2254 inquam,
1678 2224 1707 2247 et
1722 2219 1831 2252 anima,

195 2260 283 2296 ρὴσας
297 2260 356 2293 ὅλος
370 2259 400 2293 ἔξ
415 2260 487 2292 δλου.
499 2260 609 2296 σώματι
623 2261 673 2289 καὶ
690 2260 764 2297 ψυχῇ
779 2260 861 2295 λέγω,
879 2262 983 2294 ἐκεῖνος

1037 2266 1251 2302 perduraverit:
1281 2266 1328 2293 ille
1344 2273 1412 2293 vero
1437 2265 1542 2301 reperit
1554 2266 1776 2301 repugnantiam,
1789 2265 1832 2293 af-

194 2306 316 2342 εὺρίσκει
333 2307 520 2342 ἐναντιότητα,
536 2307 583 2334 καὶ
595 2306 669 2343 πάθη
681 2306 792 2343 κρυπτά
805 2307 852 2334 καὶ
865 2306 982 2342 δεσμοὺς

193 2352 337 2388 ἀοράτως,
357 2353 404 2380 καὶ
430 2353 548 2388 πόλεμον
576 2353 686 2388 ἀφανῆ,
719 2352 767 2379 καὶ
795 2352 902 2387 ἀγῶνα,
935 2353 984 2380 καὶ

192 2395 307 2433 ἄθλησιν
323 2398 469 2433 κρυπτήν²
493 2398 540 2425 καὶ
563 2397 649 2430 οὓτως
671 2397 778 2434 δεηθεὶς
797 2398 846 2425 τοῦ
864 2398 980 2435 Κυρίου,

193 2442 242 2470 καὶ
258 2442 349 2471 λαϐὼν
363 2443 433 2471 δπλα
453 2443 483 2476 ἐξ
501 2443 618 2480 οὐρανοῦ
638 2443 686 2471 τοῦ
707 2443 876 2480 Πνεύματος,
888 2444 983 2482 ὥσπερ

193 2488 336 2521 κατέλεξεν
354 2489 368 2516 ό
383 2489 519 2525 μακάριος
539 2489 714 2522 Ἀπόστολος;
728 2491 786 2517 Τὸν
797 2490 915 2525 θώρακα
928 2491 983 2525 τῆς

192 2533 404 2569 δικαιοσύνης.
425 2535 475 2562 καί
491 2535 549 2569 τὴν
565 2536 805 2571 περικεφαλαίαν
820 2535 874 2563 τοῦ
888 2543 985 2568 σωτη-

188 2579 269 2613 ρίου,
294 2580 344 2607 καὶ
373 2579 428 2607 τὸν
443 2581 553 2614 θυρεὸν·
566 2580 622 2614 τῆς
639 2580 779 2614 πίστεως,
796 2581 846 2608 καί
856 2580 914 2615 τὴν
925 2582 983 2617 μάο

193 2633 300 2660 χωραν
309 2625 364 2653 τοῦ
374 2627 559 2661 Πνεύμυτος,
569 2628 616 2654 καὶ
625 2626 669 2654 διὰ
679 2627 783 2654 τούτων
790 2627 982 2663 ὁπλισάμενος,

192 2670 338 2705 δυνήσεται
355 2671 450 2707 στῆναι
466 2672 535 2707 πρὸς
552 2672 603 2704 τὰς
623 2671 750 2707 κρυπτὰς
774 2672 915 2708 μοώιὶας
933 2673 982 2700 τοῦ

192 2716 317 2750 διαϐόλου
331 2718 361 2746 ὲν
375 2718 436 2750 ταῖς
450 2717 616 2751 ἑνεστώσαις
632 2719 789 2754 πονηρίαις.
808 2719 898 2755 ’Δπερ
911 2720 983 2747 ὅπλα

192 2761 236 2789 διὰ
255 2762 349 2798 πάσης
372 2763 539 2799 προσευχῆς,
561 2764 610 2791 καὶ
638 2765 915 2801 προσκαρτερήσεως,
934 2766 984 2793 καὶ

191 2807 322 2843 ίιήσιως,
336 2807 385 2836 καὶ
404 2808 543 2844 νηστείας,
559 2809 590 2837 τδ
611 2809 639 2837 δὲ
654 2804 719 2838 nisi
731 2810 776 2838 διὰ
791 2810 841 2846 τῆς
864 2810 983 2844 πίστεως

226 2896 249 2914 ⁸⁸
273 2896 374 2932 prcs.
390 2905 426 2929 νι,
443 2897 483 2925 Η.

1036 2312 1171 2340 rectiones
1190 2312 1325 2342 occultas,
1345 2312 1459 2346 laqueos
1479 2311 1646 2343 invisibiles,
1658 2311 1760 2338 bellum
1781 2318 1831 2338 oc-

1037 2359 1154 2390 cultum,
1171 2362 1313 2386 certamen
1332 2361 1416 2392 atque
1432 2364 1554 2393 pugnam
1567 2358 1717 2384 internum.
1738 2356 1830 2391 Atque

1035 2404 1076 2431 sic
1088 2404 1175 2431 Deum
1190 2403 1339 2431 obsecrans
1356 2403 1457 2438 accipit
1476 2403 1588 2430 caelitus
1605 2409 1681 2429 arma
1697 2401 1828 2436 Spiritus.

1035 2457 1098 2485 qua;
1108 2448 1249 2476 recensuit
1261 2448 1359 2476 beatus
1371 2448 1537 2483 Apostolus:
1554 2447 1695 2474 Tlioracem
1709 2447 1830 2480 iustitia',

1035 2495 1142 2530 galeam
1149 2494 1287 2526 salutaris,
1295 2498 1398 2520 scutum
1406 2493 1469 2528 ﬁdei
1493 2498 1517 2520 et
1529 2492 1651 2529 gladium
1661 2492 1781 2528 Spiritus
1792 2493 1826 2520 ‘°.

1034 2538 1142 2571 Quibus
1168 2538 1254 2565 armis
1282 2538 1442 2565 succinctus
1467 2542 1541 2565 stare
1575 2541 1667 2573 potest
1692 2537 1829 2565 adversus

1034 2585 1159 2612 occultas
1184 2585 1300 2613 technas
1327 2584 1431 2611 diaboli
1461 2582 1578 2611 malitiis
1606 2583 1831 2612 imminentibus.~

1035 2630 1142 2664 Quibus
1166 2630 1252 2658 armis
1269 2630 1343 2657 omni
1371 2629 1508 2660 oratione,
1529 2630 1764 2664 perseveratioue.
1779 2629 1829 2656 ob-

1036 2677 1190 2705 secratione
1217 2684 1250 2704 ac
1277 2676 1393 2711 jejunio,
1417 2676 1473 2703 imo
1487 2683 1554 2702 vero
1570 2682 1620 2710 per
1633 2675 1715 2702 iidem
1731 2675 1828 2710 acqui-

1037 2721 1107 2752 sitis.
1131 2721 1235 2749 bellum
1253 2721 1387 2749 adversus
1407 2721 1596 2756 principatus,
1612 2725 1642 2748 et
1661 2724 1827 2756 potestates,

1036 2773 1068 2794 ac
1088 2771 1210 2794 rectores
1232 2765 1327 2793 mundi
1345 2773 1442 2800 gerere
1455 2765 1576 2800 poterit:
1595 2764 1691 2800 sicque
1707 2764 1827 2793 devictis

1037 2811 1202 2840 adversariis
1219 2811 1415 2847 potestatibus,
1440 2810 1577 2839 beneﬁcio
1599 2815 1629 2840 et
1643 2809 1748 2839 auxilio
1763 2808 1829 2845 Spl-
