2078 3151
254 213 311 245 659
879 200 910 231 S.
928 198 1062 229 MACART

1112 196 1268 228 EGYPTIl
1831 195 1881 229 6(ἲο

260 257 508 293 ritus,proprloque
515 257 648 285 virtutum
655 255 779 283 omnium
789 254 1005 286 studio,aetern:e
1012 252 1039 279 vi
1055 267 1062 285 λ

1112 250 1285 286 ορισάμενος,
1300 249 1346 277 τὸν
1367 250 1436 286 πρὸς
1448 249 1497 282 τὰς
1509 249 1606 286 ἀρχὰς,
1626 250 1673 278 καὶ
1691 249 1824 282 ἐξουσίας,
1834 250 1882 276 καὶ

258 301 395 336 tatdignus
402 298 909 336 liet,glorilicansPatrem,etFilium,et
916 296 1046 331 Spiritum

1112 295 1325 331 ιοσμοκρὰτορας
1341 296 1459 331 πόλεμον
1477 295 1715 330 καταγωνίσασθαι
1726 295 1882 330 δυνήσεται,

259 350 394 378 sanctum;
409 346 453 372 cui
463 345 499 372 sit
507 345 628 380 gloriaet
642 344 764 380 potentia
782 343 811 370 in
828 341 936 370 sacula.
949 341 1045 367 Amen.

1101 342 1148 368 ml.
1166 341 1254 373 οὕτως
1270 341 1385 376 νικήσας
1406 341 1455 373 τὰς
1477 341 1602 373 ἐναντίας
1626 341 1754 376 δυνάμεις
1769 339 1813 367 διὰ
1833 340 1883 375 τῆς

263 401 294 418 συ
301 391 425 426 νεργείας
435 391 483 418 τοῦ
503 392 673 427 Πνεύματος,
689 391 737 418 καὶ
750 390 801 424 τῆς
818 389 885 420 ἰδίας
900 389 929 414 ὲν
944 388 1045 419 πάσαις
1066 388 1177 423 ἀρεταῖς
1192 388 1320 423 σπουδῆς,
1349 389 1398 423 τῆς
1431 388 1540 415 αἰωνίου
1554 389 1627 423 ζωῆς
1643 388 1717 420 ἄξιος
1728 389 1883 423 γενήσεται,

260 438 376 470 δοξάζων
391 438 512 474 Πατέρα,
533 438 579 465 καὶ
596 438 669 470 Υἰὺν,
686 437 733 464 καὶ
755 437 832 470 ἇγιον
854 435 967 470 Πνεῦμα
978 443 984 450 '
999 431 1021 469 ᾧ
1031 436 1047 469 ἡ
1069 434 1132 467 δόξα
1151 435 1199 462 καὶ
1214 435 1244 461 τὸ
1255 435 1356 470 κράτος
1368 435 1409 466 εἰς
1421 435 1483 466 τοὺς
1499 435 1610 466 αἰῶνας.
1633 435 1729 470 Ἀμήν.

533 494 675 522 HOMILIA
693 493 775 521 XXII.

359 541 398 568 De
409 540 508 576 duplici
520 544 595 568 statu
609 548 710 571 eorum,
723 540 768 574 qui
783 547 814 566 ea:
830 539 880 566 hac
895 539 949 565 vita

581 575 719 602 decedunt.

299 632 414 665 Quando
442 632 582 668 egreditur
607 639 622 659 e
648 637 764 666 corpore
790 629 880 657 anima
908 629 1046 659 hominis,

267 678 427 713 mysterium
443 677 580 713 quoddam
603 683 731 711 magnum
761 676 817 702 illic
839 673 994 709 perﬁcitur.
1018 672 1048 700 Si

268 723 341 750 enim
361 723 444 750 fuerit
455 730 502 750 rea
513 722 629 757 peccati,
645 721 780 749 accedunt
794 719 871 748 chori
883 719 1049 749 daemonum,

267 772 295 795 et
310 768 397 803 angeli
417 767 533 797 sinistri,
553 774 586 793 ac
605 769 755 801 potestates
772 764 958 795 tenebrarum,
975 762 1051 790 abri-

267 813 350 848 piunt
374 813 493 840 animam
523 812 608 844 illam,
633 815 716 846 atque
741 810 915 845 subjugalam
944 808 972 835 in
989 815 1052 834 suas

267 841 361 894 partes
372 859 538 894 pertrahunt
550 866 556 884 :
577 841 628 884 nec
642 841 724 884 debet
741 841 804 890 quis
818 841 965 890 propterea
979 854 1055 880 velut
1070 841 1091 868 Β

269 911 304 931 re
315 903 442 938 quapiam
455 901 599 930 insolitain
611 901 822 928 admirationem
839 899 912 926 duci.
930 898 958 925 Si
967 898 1052 930 enim,

269 949 334 977 dum
348 949 457 975 viveret
470 948 564 978 homo,
580 951 608 973 et
626 946 652 973 in
671 946 725 972 hoc
747 944 848 972 saeculo
861 944 984 978 degeret,
1001 943 1056 969 illis

270 993 409 1027 subjectus
432 991 484 1018 fuit
497 995 525 1018 et
541 989 755 1025 obtemperavit,
770 996 802 1016 ac
825 995 923 1016 servus
946 987 1054 1014 illorum

271 1038 359 1064 factus
373 1041 424 1068 est,
441 1040 547 1071 quanto
562 1036 648 1071 magis
662 1043 725 1063 cum
738 1034 881 1070 egreditur
896 1042 928 1061 ex
941 1033 1054 1065 mundo,

271 1082 411 1109 detinetur
424 1089 456 1109 ac
472 1081 635 1116 subiugatur
654 1081 689 1107 ab
707 1080 791 1115 ipsis?
807 1080 846 1107 Ex
861 1083 937 1114 parte
952 1084 1055 1111 autem,

271 1134 332 1161 quae
344 1127 466 1154 melioris
477 1131 519 1154 est
527 1126 704 1158 conditionis,
715 1126 772 1160 88
787 1130 864 1160 potes
877 1132 1056 1160 cognoscere,

272 1178 330 1198 rem
359 1171 397 1198 ita
432 1179 494 1199 sese
520 1171 632 1199 habere.
668 1171 777 1198 Sanctis
808 1171 944 1205 siquidem
970 1170 1058 1197 servis

272 1217 321 1244 Dei
349 1217 383 1244 ab
404 1217 457 1244 hoc
483 1221 608 1252 tempore
635 1220 725 1244 astant
750 1216 851 1251 angeli,
879 1223 911 1243 ac
937 1214 1058 1250 Spiritus

273 1264 360 1291 sancti
389 1264 574 1296 circumdant,
602 1271 704 1298 easque
732 1263 904 1290 custodiunt.
934 1261 1058 1295 Cumque

272 1308 391 1336 exierint
414 1317 429 1336 e
455 1317 582 1344 corpore,
610 1309 688 1336 chori
715 1308 874 1343 angelorum
906 1313 1060 1341 assumptas

273 1361 369 1381 eorum
393 1353 498 1381 animas
523 1355 557 1388 [in
588 1361 665 1381 suam
692 1358 799 1388 partem
830 1352 1003 1387 pertrahunt,
1031 1351 1060 1379 in

274 1399 404 1427 saeculum
427 1403 603 1434 perpetuum,
621 1403 650 1426 et
668 1399 709 1426 sic
730 1398 872 1426 adducunt
890 1405 938 1425 eos
956 1397 990 1424 ad
1007 1397 1061 1424 Do-

275 1451 391 1473 minam.

539 1505 680 1532 HOMILIA
696 1505 792 1533 XXIII.

277 1550 502 1583 Quemadmodum
527 1550 628 1584 regiam
664 1558 694 1575 ac
719 1549 860 1583 pretiosam
885 1547 1061 1582 margaritam

310 1591 414 1620 gestare
442 1585 529 1612 solum
545 1588 662 1620 possunt,
680 1584 724 1620 qui
747 1591 778 1610 ex
801 1585 872 1618 regio
888 1585 987 1620 semine
1000 1587 1061 1610 sunt

310 1618 452 1654 prognati:
468 1620 557 1646 eodem
580 1619 656 1654 modo
677 1618 804 1646 cmlcstem
832 1619 1007 1654 margaritam
1019 1626 1062 1645 so-

317 1653 371 1681 lum
385 1654 448 1688 ﬁliis
467 1654 514 1682 Dei
529 1659 632 1690 gestare
646 1653 714 1680 licet.

312 1742 335 1769 Ι.
351 1741 496 1777 Margarita
511 1741 556 1769 illa
569 1741 723 1776 splendida,
743 1742 863 1778 pretiosa
880 1746 963 1776 atque
977 1741 1062 1776 regia,

279 1797 340 1824 quae
355 1788 388 1815 ad
403 1788 531 1816 diadema
554 1789 660 1824 regium
679 1788 808 1823 pertinet,
825 1788 875 1816 soli
892 1789 949 1823 regi
963 1795 1063 1815 conve-

280 1835 336 1867 nit;
354 1833 483 1868 solusque
499 1841 546 1860 rex
560 1833 631 1860 hanc
643 1833 820 1868 margaritam
832 1838 941 1868 gestare
955 1837 1062 1868 potest:

279 1880 325 1907 alii
337 1887 401 1906 vero
411 1878 517 1906 homini
532 1883 639 1914 gestare
652 1879 810 1913 hujusmodi
824 1879 997 1914 margaritam
1009 1885 1064 1905 non

278 1926 353 1953 licet.
372 1925 412 1952 ita
444 1925 497 1952 nisi
512 1925 574 1959 quis
597 1924 682 1951 fuerit
709 1928 789 1951 natus
804 1932 819 1951 a
833 1924 909 1959 regio
925 1931 957 1951 ac
971 1923 1065 1950 divino

280 1970 395 2004 Spiritu,
413 1974 441 1997 et
454 1977 541 2005 genus
561 1969 674 1996 eteleste
698 1977 730 1996 ac
753 1969 859 2004 regium
885 1969 941 2002 ﬁat,
952 1973 980 1996 et
993 1969 1066 1997 illius

281 2015 339 2047 Dei,
355 2015 507 2042 secundum
525 2015 598 2050 quod
610 2015 742 2050 scriptum
755 2018 815 2042 est:
832 2013 963 2050 Quotquot
978 2019 1079 2041 autem.

280 2065 433 2095 receperunt
448 2069 517 2092 eum,
527 2060 596 2087 dedit
606 2060 641 2086 eis
654 2064 810 2095 potestatem
823 2059 893 2094 ﬁlios
906 2059 953 2086 Dei
963 2059 1022 2093 ﬁeri
1032 2060 1065 2092 ",

279 2106 418 2133 cmleslcm
434 2111 461 2132 et
475 2106 622 2140 pretiosam
647 2105 834 2140 margaritam,
862 2105 1008 2141 imaginem
1025 2104 1067 2132 lti—

280 2151 372 2182 mittis,
390 2150 512 2184 inquam,
531 2149 686 2181 ineﬂabilis,
708 2157 768 2184 qua:
793 2153 837 2177 est
858 2150 1000 2182 Dominus,
1020 2158 1065 2184 ge-

280 2200 352 2222 stare
380 2195 486 2230 nequit,
512 2195 614 2230 quippe
639 2194 687 2229 qui
704 2202 759 2221 non
777 2195 896 2229 sitregis
917 2195 997 2222 (ilius.
1012 2195 1064 2228 Qui

280 2241 353 2268 enim
371 2241 473 2268 habent
489 2245 517 2268 et
540 2244 639 2275 gerunt
655 2239 842 2275 margaritam,
858 2240 954 2268 vivunt
982 2244 1011 2267 et
1024 2248 1068 2267 re-

281 2291 365 2321 gnant
383 2294 436 2314 una
449 2294 510 2313 cum
525 2286 635 2313 Christo
653 2286 682 2312 in
703 2285 813 2313 saecula.
829 2285 874 2313 Sic
889 2286 962 2312 enim
979 2286 1069 2320 inquit

282 2333 447 2367 Apostolus:
467 2332 538 2359 Sicut
552 2333 710 2368 gestavimus
727 2332 869 2369 imaginem
897 2333 1006 2365 terreni,
1021 2340 1068 2368 ge-

278 2378 406 2405 stabimus
420 2383 444 2404 et
456 2379 599 2414 imaginem
612 2378 722 2406 catenis
733 2379 767 2405 ".

314 2517 348 2545 11,
361 2517 480 2545 Perinde
493 2518 567 2545 enim
576 2525 608 2546 ac
620 2525 719 2554 equus,
731 2518 852 2553 quandiu
867 2517 895 2545 in
908 2517 984 2546 silvis
1004 2525 1068 2546 eum

281 2563 436 2598 agrestibus
462 2564 629 2591 animalibus
641 2564 774 2599 pascitur,
789 2564 840 2591 sub
853 2564 920 2599 jugo
934 2571 966 2591 ac
980 2564 1068 2599 impe-

282 2609 323 2636 rio
337 2609 481 2636 hominum
505 2618 567 2638 esse
592 2615 713 2637 recusat.
743 2610 773 2637 Si
800 2609 911 2644 quando
935 2617 1014 2643 χει-ο,
1039 2615 1069 2638 ut

281 2653 454 2687 mansueliat,
479 2654 613 2688 capiatur,
634 2653 761 2689 injiciunt
787 2653 813 2680 ei
845 2653 954 2680 frenum
975 2661 1068 2689 grave,

282 2699 370 2725 donec
385 2698 537 2733 composite
556 2703 584 2726 et
597 2706 718 2734 congrue
733 2698 861 2734 progredi
876 2699 973 2726 discat.
990 2699 1069 2726 Post-

282 2744 395 2772 modum
409 2749 555 2773 exercetur
580 2753 596 2772 a
619 2753 726 2773 sessore
752 2745 851 2780 perito,
870 2749 901 2772 ut
919 2745 951 2772 ad
967 2745 1069 2772 bellum

281 2798 392 2826 quoque
409 2791 571 2818 commodus
597 2791 643 2819 sit.
666 2791 789 2819 Tandem
801 2796 936 2819 exornant
949 2799 1012 2819 eum
1028 2799 1072 2818 ar-

319 2878 339 2893 "
361 2878 439 2905 Joan.
459 2887 476 2910 I,
498 2879 540 2906 1‘2.
576 2880 597 2894 η
614 2879 698 2907 ICor.
716 2887 758 2913 xv,
781 2879 820 2906 l9.

1388 491 1508 519 OMIAIA
1523 492 1587 519 KB'.

1100 537 1171 573 Περί
1195 537 1309 572 δισσῆς
1334 537 1470 573 στάσεως
1497 537 1558 564 τῶν
1573 539 1607 565 ἐκ
1622 537 1676 565 τοῦ
1690 538 1762 570 ⁴βίου
1779 539 1882 566 τούτου,

1392 572 1587 606 ὲξερχόντων.

1137 629 1222 656 Ὅταν
1248 627 1341 664 ἐξέλθῃ
1368 629 1400 655 ἐκ
1427 628 1473 655 τοῦ
1496 628 1621 664 σώματος
1641 629 1713 664 ψυχὴ
1734 629 1887 664 ἀνθρώπου,

1104 674 1252 710 μυστήριόν
1278 683 1304 700 τι
1333 674 1404 708 μέγα
1427 674 1486 701 ἔχει
1511 674 1684 702 ἐπιτελεῖται.
1721 675 1783 702 Ἐὰν
1801 673 1888 714 γὰρῇ

1104 719 1255 751 ὑπεύθυνος
1276 720 1305 746 ὲν
1321 719 1480 755 ἁμαρτίαις,
1497 719 1621 755 ἔρχονται
1644 721 1721 755 χοροὶ
1743 720 1888 755 δαιμόνων,

1105 765 1154 792 καὶ
1171 765 1282 799 ἄγγελοι
1295 765 1448 800 ἀριστεροὶ,
1469 765 1517 792 καὶ
1531 765 1660 800 δυνάμεις
1675 766 1787 797 σκότους
1801 773 1891 800 παρα..

1105 810 1273 845 λαμϐάνουσι
1298 810 1347 846 τ’ὴν
1365 810 1454 845 ψυχὴν
1474 810 1592 845 ἐκείνην,
1621 810 1668 837 καὶ
1687 810 1832 845 κρατοῦσιν
1851 811 1892 842 εἰς

1105 855 1136 881 τὸ
1148 855 1213 882 ἴδιον
1229 855 1323 890 μέρος,
1341 854 1387 881 καὶ
1401 855 1451 881 οὐκ
1472 854 1574 889 ὀφείλει
1585 863 1628 886 τις
1642 855 1688 881 ἐπὶ
1702 855 1806 886 τούτοις
1821 855 1892 887 ξενί-

1106 900 1211 933 ζεσθαι.
1237 901 1268 927 Εἰ
1284 901 1338 936 γὰρ
1354 901 1419 933 ζῶν,
1436 901 1483 936 καὶ
1499 901 1536 927 ὢν
1550 902 1578 927 ὲν
1595 900 1634 935 τῷ
1647 901 1724 927 αἰῶνι
1738 901 1824 936 τούτῳ
1838 901 1889 927 ὑκ-

1106 946 1203 980 ετάγη.
1227 946 1274 972 καί
1294 946 1443 981 ὑπήκουσε,
1469 946 1517 973 καὶ
1535 946 1628 977 δοῦλος
1655 946 1761 980 ἐγένετο
1786 947 1888 978 αὐτοῖς,

1110 991 1186 1026 πόσῳ
1201 991 1311 1025 μᾶλλον,
1334 991 1398 1017 ὅταν
1415 991 1557 1025 ἑξέρχηται
1574 991 1605 1017 ὲκ
1632 991 1679 1017 τοῦ
1697 991 1811 1025 κόσμου,
1828 999 1891 1017 κατ-

1108 1036 1201 1071 έχεται
1230 1036 1278 1063 καὶ
1296 1037 1435 1071 κρατεῖται
1461 1037 1507 1062 ὑπ’
1518 1036 1626 1068 αὐτῶν;
1653 1036 1718 1062 ’Λπὸ
1730 1036 1777 1062 τοῦ
1794 1036 1893 1072 μέρους

1107 1080 1154 1107 τοῦ
1187 1080 1289 1114 ἀγαθοῦ
1314 1080 1433 1114 ὀφείλεις
1458 1080 1565 1115 νοῆσαι,
1591 1080 1634 1106 ὅτι
1661 1079 1747 1112 οὓτως
1773 1080 1830 1115 ἔχει
1858 1081 1893 1107 τὰ

1108 1130 1259 1163 ¹πράγματα
1273 1134 1280 1141 ·
1308 1127 1356 1153 καὶ
1383 1126 1438 1161 γὰρ
1454 1127 1508 1157 τοῖς
1526 1125 1613 1159 ἁγίοις
1629 1124 1731 1156 δούλοις
1756 1126 1802 1152 τοῦ
1826 1125 1894 1153 Θεοῦ

1109 1174 1163 1200 ἀπὸ
1174 1173 1220 1200 τοῦ
1238 1173 1286 1200 νῦν
1299 1173 1368 1199 εἰσιν
1391 1172 1500 1206 ἄγγελοι
1516 1172 1731 1208 παραμένοντες,
1745 1173 1791 1199 καὶ
1811 1173 1894 1200 πνεύ-

1111 1228 1184 1254 ματα
1200 1220 1265 1253 ἅγια
1281 1218 1434 1246 κυκλοῦντα
1449 1219 1548 1251 αὐτοὺς
1572 1219 1619 1246 καὶ
1643 1220 1821 1254 φυλάττοντα,
1839 1221 1895 1247 Καὶ

1109 1266 1172 1292 ὅταν
1200 1264 1343 1297 ἐξὲλθωσιν
1360 1264 1414 1290 ἀπὺ
1439 1263 1486 1290 τοῦ
1519 1264 1655 1299 σώματος,
1681 1266 1705 1291 οί
1737 1266 1812 1301 χοροὶ
1840 1265 1895 1292 τῶν

1110 1310 1234 1344 ἀγγέλων
1249 1309 1510 1345 παραλαμόάνουσιν
1534 1310 1624 1336 αὐτῶν
1638 1311 1687 1341 τὰς
1707 1311 1795 1346 ψυχὰς
1810 1311 1849 1342 εἰς
1865 1311 1895 1337 τὸ

1111 1356 1176 1383 ἴδιον
1193 1356 1286 1391 μέρος,
1303 1357 1342 1387 εἰς
1357 1356 1403 1382 τὸν
1425 1355 1544 1390 καθαρὸν
1559 1356 1645 1384 αἰῶνα
1656 1365 1662 1371 ·
1683 1357 1730 1383 καὶ
1749 1356 1835 1388 οὕτως
1848 1357 1896 1384 αὐη

1110 1402 1174 1434 τοὺς
1186 1401 1354 1438 προσάγουσι
1367 1401 1406 1437 τῷ
1420 1401 1526 1437 Κυρίῳ.

1405 1502 1526 1530 υΜίΛΙΔ
1541 1502 1594 1529 ΚΓ¹
1600 1523 1607 1530 .

1117 1547 1166 1581 Ὠς
1193 1547 1246 1584 τον
1269 1547 1440 1584 ,βασιλικὸν
1462 1549 1511 1575 καί
1528 1547 1704 1584 πολύτιμον,
1713 1546 1899 1584 μαργαρίτην

1147 1581 1276 1618 φορέσαι
1289 1583 1384 1618 μόνον
1407 1583 1551 1618 δύνανται
1565 1583 1592 1609 οἰ
1606 1583 1644 1618 ea;
1654 1581 1707 1608 τοῦ
1725 1581 1898 1618 σπέρματος

1149 1618 1201 1644 τοῦ
1215 1617 1370 1650 βασιλέως
1380 1617 1577 1651 γεννηθέντες
1587 1623 1594 1630 ”
1607 1617 1661 1643 τὸν
1674 1618 1769 1643 αὐτὸν
1788 1617 1898 1649 τρόπον

1147 1653 1201 1680 τὸν
1215 1652 1356 1687 οὐράνιον
1371 1653 1558 1686 μαργαρίτην
1569 1652 1665 1687 μόνον
1679 1651 1741 1684 τοῖς
1756 1651 1808 1678 τοῦ
1825 1651 1897 1678 Θεοῦ

1148 1687 1262 1720 τέκνοις
1277 1686 1400 1722 φορέσαι
1416 1687 1545 1720 ἔξεστιν.

1148 1745 1188 1772 Α’.
1217 1744 1245 1771 '0
1271 1744 1444 1780 μαργαρίτης
1457 1745 1471 1770 ό
1487 1744 1589 1779 μέγας,
1606 1742 1652 1770 καί.
1675 1743 1832 1778 πολύτιμος,
1852 1742 1899 1769 καὶ

1115 1789 1267 1824 βασιλικὸς,
1284 1791 1298 1816 ὁ
1312 1791 1351 1821 εἰς
1368 1790 1488 1825 διάδημα
1514 1789 1653 1825 βασιλικὸν
1674 1788 1837 1824 προχωρῶν,
1854 1787 1900 1822 βα-

1115 1835 1212 1867 σιλέως
1231 1836 1313 1871 μόνου
1328 1835 1433 1871 χρῄζει.
1442 1826 1503 1863 ’Καὶ
1517 1835 1644 1870 βασιλεὺς
1661 1835 1740 1871 μόνος
1751 1834 1844 1863 τοῦτον
1856 1833 1901 1860 τὸν

1119 1881 1292 1916 μαργαρίτην
1310 1881 1422 1908 δύναται
1438 1882 1545 1916 φορεῖν·
1568 1880 1640 1916 ἄλλῳ
1654 1881 1681 1907 δὲ
1705 1880 1840 1916 ἀνθρώπῳ
1854 1888 1901 1914 φορ

1116 1928 1172 1962 ρεῖν
1199 1926 1245 1953 τὸν
1263 1926 1383 1954 τοιοῦτον
1403 1927 1577 1962 μαργαρίτην
1601 1927 1652 1954 οὐκ
1677 1926 1792 1959 ἔξεστιν.
1810 1925 1904 1956 Οὕτως

1116 1973 1163 2000 ἐὰν
1184 1972 1221 2008 μή
1249 1981 1291 2004 τις
1317 1973 1434 2008 γεννηθῇ
1452 1972 1503 1999 ὑπὸ
1519 1972 1566 1998 τοῦ
1593 1972 1734 2007 βασιλικοῦ
1749 1972 1797 1997 καὶ
1811 1968 1902 1997 θεῖκοῦ

1117 2018 1282 2053 πνεύματος,
1299 2019 1346 2045 καὶ
1360 2018 1438 2052 γένος
1466 2018 1627 2053 ἐπουράνιον
1641 2018 1687 2044 καὶ
1705 2017 1842 2052 βασιλικὸν
1857 2017 1903 2049 γέ-

1117 2073 1207 2100 νηται,
1221 2064 1268 2091 καὶ
1276 2064 1372 2091 τέκνον
1385 2063 1464 2096 Θεοῦ,
1479 2064 1549 2090 κατὰ
1564 2063 1595 2089 τὸ
1605 2064 1808 2099 γεγραμμένον,
1819 2064 1904 2089 Ὀσοι

1117 2109 1151 2136 δὲ
1164 2110 1275 2137 ἔλαϐον
1286 2110 1391 2142 αὐτὸν,
1408 2109 1520 2136 ἔδωκεν
1535 2109 1638 2143 αὐτοῖς
1655 2109 1800 2141 ἐξουσίαν
1814 2107 1904 2137 τέκνα

1120 2155 1194 2183 Θεοῦ
1223 2154 1376 2189 γενέσθαι,
1407 2155 1452 2182 τὸν
1472 2155 1633 2191 ἐπουράνιον
1656 2155 1704 2181 καὶ
1723 2155 1904 2190 πολυτίμητον

1120 2200 1304 2237 μαργαρίτην,
1320 2201 1370 2236 τὴν
1387 2201 1479 2228 εἰκόνα
1496 2201 1544 2227 τοῦ
1572 2201 1660 2236 φωτὸς
1685 2201 1732 2227 τοῦ
1759 2201 1903 2235 ἀλαλήτου,

1117 2246 1178 2281 ἥτις
1191 2246 1266 2273 ἐστὶν
1280 2247 1294 2272 ὁ
1309 2245 1423 2282 Κύριος,
1444 2246 1474 2273 οὐ
1497 2245 1608 2273 δύναται
1625 2246 1749 2282 φορέσαι,
1775 2246 1905 2280 βασιλέως

1117 2291 1175 2323 υίὸς
1191 2291 1230 2327 μὴ
1255 2291 1409 2326 γενόμενος.
1426 2292 1458 2318 Οἱ
1481 2292 1536 2327 γὰρ
1561 2292 1670 2326 ἔχοντες
1693 2292 1740 2318 καὶ
1760 2291 1905 2326 φοροῦντες

1119 2336 1164 2363 τὸν
1180 2337 1367 2372 μαργαρίτην,
1383 2337 1485 2369 συζῶσι
1496 2337 1546 2364 καὶ
1555 2337 1782 2373 συμϐασιλεύουσι
1795 2337 1905 2372 Χριστῷ

1118 2381 1159 2412 είς
1186 2382 1249 2413 τοὺς
1276 2381 1394 2413 αἰῶνας·
1417 2381 1504 2414 οὕτως
1520 2382 1575 2417 γὰρ
1601 2379 1678 2408 εἶπεν
1699 2382 1713 2407 ό
1734 2381 1904 2412 Ἀπόστολος,

1118 2426 1224 2459 Καθὼς
1240 2425 1428 2461 ἐφορέσαμεν
1444 2426 1503 2460 τὴν
1526 2427 1628 2453 εἰκόνα
1652 2426 1705 2453 τοῦ
1720 2426 1835 2461 χοϊκοῦ,
1851 2434 1906 2460 φορ

1113 2471 1253 2506 ρέσωμεν
1268 2471 1317 2498 καί
1331 2472 1390 2506 τὴν
1402 2473 1504 2499 εἰκόνα
1516 2472 1567 2499 τοῦ
1581 2472 1772 2506 ἐπουρανίου.

1154 2517 1190 2544 B’.
1213 2517 1319 2553 Ὥσπερ
1334 2517 1390 2553 γὰρ
1406 2518 1499 2550 ἵππος,
1516 2518 1568 2549 ἕως
1589 2518 1639 2553 μὲν
1655 2518 1688 2545 ἂν
1703 2519 1732 2544 ἐν
1754 2519 1813 2549 ταῖς
1828 2517 1906 2548 ὕλαις

1116 2564 1172 2594 τοῖς
1188 2563 1292 2598 ἀγρίοις
1304 2563 1385 2595 ζώοις
1401 2563 1576 2599 συννέμηται,
1599 2564 1784 2595 ἀνυπότακτος
1799 2562 1905 2598 ἀνθρὼ-

1117 2617 1178 2640 ποις
1193 2609 1267 2636 ἐστίν
1278 2616 1284 2622 ·
1302 2598 1371 2636 ἓπὰν
1390 2609 1419 2636 δὲ
1434 2598 1502 2644 προς
1515 2598 1556 2636 τὸ
1575 2609 1753 2645 ἡμερωθῖψαι
1770 2608 1904 2643 κρατηθῇ,

1118 2654 1307 2690 περιτιθέασιν
1326 2655 1401 2690 αὐτῷ
1428 2655 1513 2691 βαρὺν
1542 2655 1670 2691 χαλινὸν,
1690 2655 1744 2686 ἕως
1773 2652 1803 2681 οὗ
1831 2654 1905 2689 μάθῃ

1117 2701 1256 2732 εὐτάκτως
1280 2701 1327 2727 καί.
1344 2701 1432 2736 ὀρθῶς
1457 2703 1636 2737 περιπατεῖν·
1653 2699 1714 2728 εἶτα
1738 2699 1907 2735 γυμνάζεται

1119 2745 1171 2771 ὑπὸ
1185 2745 1318 2780 ἐμπείρου
1336 2745 1476 2777 καθιστοῦ,
1498 2746 1541 2772 ἵνα
1555 2747 1601 2773 καὶ
1612 2747 1652 2778 είς
1676 2746 1793 2780 πόλεμον
1806 2745 1907 2780 εὔχρη-

1119 2800 1181 2823 στος
1200 2791 1333 2828 γένηται·
1358 2789 1417 2820 εἶτα
1444 2792 1582 2819 ἐνδύουσιν
1599 2792 1681 2819 αὐτὸν
1695 2792 1776 2826 ὅπλα,
1789 2791 1834 2819 τὸν
1851 2791 1906 2820 Θώ-
