2078 3151
191 195 243 229 661

723 200 909 233 HOMILUE.
923 215 958 221 -
973 202 1067 235 ΗΟΜ.
1086 203 1292 236 ΧΧῐῐ-ΧΧΝ.

1778 209 1833 241 (262

196 248 369 299 ρακα-λέγω,
383 250 430 278 καὶ
440 250 475 278 τὰ
488 251 683 289 κατάφρακτα,
699 255 747 282 καὶ
758 257 865 291 πρῶτον
877 257 974 293 χαλινὺ·

1036 258 1099 291 mis,
1115 259 1238 293 thorace,
1267 259 1391 296 inquam,
1417 265 1446 290 et
1468 261 1566 296 lorica,
1590 269 1711 298 eumque
1737 264 1830 299 priore

191 295 328 331 κριμῶσι,
344 296 393 323 καὶ
415 297 570 325 συσσειουσι
590 299 734 328 κατέναντι
757 301 813 329 τῶν
835 303 983 339 ὀφθαλμῶν

191 340 285 371 αὐτοῦ,
301 341 370 375 πρὸς
385 341 416 367 τὸ
431 342 633 378 συνεθισθῆναι,
652 345 698 371 καὶ
723 346 760 381 μὴ
778 347 981 384 ἀποπτηγῆναι·

188 387 276 418 οὕτως
292 387 485 422 διδασκόμενος
500 389 553 415 ὐπὸ
571 390 617 415 τοῦ
638 391 781 425 ὲπιὸάτου,
810 393 834 418 εί
861 393 898 428 μὴ
917 402 982 429 μαν-

188 434 275 466 Θάνει,
302 435 432 470 πολεμεῖν
456 436 486 462 οὺ
516 436 640 464 δύναται·
659 438 728 464 ἐπὰν
758 439 787 465 δὲ
813 440 904 476 μάθῃ,
934 442 982 468 καὶ

188 480 333 515 συνεθισθῇ
345 482 387 512 είς
395 482 441 508 τδν
454 482 583 516 πόλεμον,
595 484 659 510 ὅταν
671 484 811 521 ὀσφρανθῇ
821 487 866 512 καὶ
877 487 981 524 ἀκούσῃ

188 526 281 559 φωνὴν
297 526 429 560 πολέμου,
458 527 542 560 αὐτὸς
567 529 684 564 ἑτοίμως
709 530 818 566 ἔρχεται
845 532 892 558 ὲπὶ
918 533 981 565 τοὺς

187 570 318 605 ἐχθροὺς,
344 571 415 598 ὥστε
441 573 493 607 καὶ]
511 573 560 600 ἀπ’
586 574 673 610 αὐτῆς
697 575 747 610 τῆς
773 577 865 612 φωνῆς
897 578 982 614 πτόη-

187 624 229 641 σιν
258 616 381 650 ἐμποιεῖν
413 619 469 648 τοῖς
507 619 655 654 πολεμίοις.
689 620 741 646 Τὸν
773 621 855 647 αὑτὸν
879 623 981 657 τρόπον

186 661 262 696 καὶὴ
287 662 361 697 ψυχὴ
386 663 440 690 ἀπὸ
468 665 517 699 τῆς
539 665 721 700 παραόάσεως
738 666 804 693 οὖσα
818 668 902 703 ἀγρία.
933 669 980 695 καὶ

185 706 394 740 ἁνυπὸτακτος,
421 709 449 734 ὲν
476 708 578 744 ἐρημίᾳ
612 709 659 736 τοῦ
698 710 800 746 κόσμου
834 711 978 744 πελάζεται

187 752 256 786 μετὰ
285 752 398 788 θηρίων,
423 754 478 780 τῶν
495 755 659 789 πνευμάτων
686 756 737 790 τῆς
759 757 899 792 πονηρίας,
928 758 979 793 τὴν

185 798 323 824 διακονίαν
339 800 368 825 ὲν
390 800 423 834 τῇ
439 800 563 835 ἁμαρτίᾳ
580 801 749 836 κατέχουσα·
765 802 830 829 ὅταν
845 803 876 829 δὲ
896 803 979 830 ἀκού-

185 851 221 880 σῃ
252 843 330 879 λόγον
361 844 450 877 Θεοῦ,
471 847 517 872 καὶ
538 846 682 883 πιστεύσῃ,
719 847 976 884 χαλιναγωγουμένη

183 890 236 916 ὑπὸ
259 891 306 917 τοῦ
332 891 508 926 Πνεύματος,
531 892 688 919 ἀποτίθεται
711 892 741 919 τὺ
764 893 858 928 ἄγριον
892 893 977 930 ἦθος,

183 936 233 962 καὶ
256 936 286 962 τδ
308 938 439 972 σαρκικὺν
460 937 596 973 φρόνημα,
630 938 808 973 ὴνιοχουμένη
844 939 896 966 ὑπὸ
927 941 973 967 τοῦ
989 935 1013 964 Β

183 980 314 1007 ὲπιὸάτου
336 981 456 1016 Χριστοῦ
471 990 478 997 ·
509 981 568 1008 εἶτα
588 983 628 1013 εἰς
650 982 740 1016 Ολῖψιν
761 984 807 1009 καὶ
819 983 974 1019 δαμασμδν,

184 1027 233 1052 καὶ
253 1027 435 1061 στενοχωρίαν
451 1027 573 1062 ἔρχεται,
601 1028 642 1059 είς
660 1027 690 1053 τὸ
707 1028 905 1064 δοκιμασθῆναι
926 1030 976 1056 αὐ-

183 1072 244 1106 τὴν,
264 1071 308 1098 ἵνα
323 1073 383 1098 κατ’
400 1072 489 1107 ὀλίγον
507 1073 639 1108 ὴμερωθῇ
658 1073 710 1099 ὑπὸ
733 1074 781 1100 τοῦ
806 1074 975 1110 Πνεύματος,

183 1116 364 1152 ἐκλειπούσης
393 1119 454 1144 κατ’
482 1118 572 1152 ὀλίγον
588 1118 634 1144 καὶ
657 1119 861 1154 ἀφανιζομένης
880 1120 931 1155 τῆς
948 1121 976 1146 ἐν

183 1162 252 1196 αὐτῇ
268 1163 418 1198 ἁμαρτίας.
443 1163 497 1189 Καὶ
525 1163 611 1194 οὕτως
636 1164 651 1198 ὴ
668 1163 743 1199 ψυχὴ
762 1164 911 1200 ἐνδυομένη
930 1165 976 1191 τὸν

182 1206 294 1242 θώρακα
308 1208 356 1242 τῆς
367 1208 550 1243 δικαιοσύνης,
571 1210 617 1234 καὶ
629 1209 681 1244 τὴν
697 1209 915 1244 περικεφαλαίαν
927 1210 974 1236 τοῦ

182 1254 328 1287 σωτηρίου,
359 1254 406 1279 καὶ
435 1255 480 1280 τὸν
500 1254 595 1289 Θυρεὸν
620 1255 669 1289 τῆς
700 1255 829 1288 πίστεως,
851 1256 898 1282 καὶ
926 1257 976 1292 τὴν

183 1299 323 1333 μάχαιραν
339 1299 386 1325 τοῦ
413 1299 585 1334 Πνεύματος,
603 1300 759 1327 διδάσκεται
773 1301 902 1336 πολεμεῖν
919 1305 975 1335 τοῖς

181 1345 289 1380 ἐχθροῖς
305 1345 396 1377 αὐτοῖς
409 1353 416 1361 ·
435 1347 479 1372 καὶ
497 1346 584 1378 οὕτως
610 1347 782 1383 ὁπλ.σαμὲνη
805 1348 844 1384 τῷ
856 1349 903 1376 τοῦ
917 1351 975 1376 Κυ-

182 1391 240 1425 ρίου
264 1391 414 1426 Πνεὺματι,
433 1393 598 1426 ἀγωνίζεται
613 1393 681 1427 πρὸς
705 1394 740 1420 τὰ
765 1395 909 1430 πνεύματα
925 1397 975 1431 τῆς

180 1437 324 1472 πονηρίας,
359 1438 406 1464 καὶ
428 1438 462 1465 τὰ
484 1440 670 1474 πεπῡρωμένα
695 1437 759 1475 βέλη
783 1441 830 1467 τοῦ
855 1442 973 1478 πονηροῦ

181 1483 317 1510 σόέννυσι.
337 1484 429 1519 Χωρὶς
444 1485 499 1520 γὰρ
512 1484 566 1511 τῶν
580 1485 627 1512 τοῦ
640 1487 798 1522 Πνεὺματος
811 1487 911 1519 ὃπλων,
924 1488 974 1513 οὐκ

180 1528 324 1563 ἀνέρχεται
341 1530 381 1560 εἰς
407 1530 578 1565 παράταξιν·
606 1531 705 1567 ἔχουσα
733 1533 761 1559 δὲ
787 1534 821 1559 τὰ
837 1533 906 1559 ὅπλα
926 1533 973 1560 τοῦ

180 1574 295 1609 Κυρίου,
311 1575 376 1602 ὅταν
394 1576 498 1612 ἀκούσῃ
519 1578 565 1603 καὶ
594 1578 724 1612 αἴσθηται
755 1578 878 1614 σφοδρῶν
894 1579 973 1605 πολέ-

181 1630 250 1656 μων,
267 1623 296 1648 ὲν
305 1623 478 1658 ἁλαλάγματι
493 1625 539 1650 καὶ
549 1627 657 1660 κραυγῇ
674 1626 864 1660 ἐκπορεύεται,
879 1626 971 1658 καθὼς

179 1668 209 1693 ὲν
223 1667 263 1703 τῷ
290 1668 350 1695 Ἰὼϐ
370 1669 488 1703 εἴρηται,
513 1671 554 1695 ὅτι
579 1671 625 1696 καὶ
642 1671 690 1696 ἀπ’
706 1670 791 1704 αὐτῆς
807 1671 856 1705 τῆς
878 1671 971 1706 φωνῆς

987 1610 1007 1638 C

1034 305 1114 333 freno
1130 314 1266 342 suspenso
1276 328 1285 340 ,
1299 311 1328 335 et
1344 308 1448 344 agitato
1459 314 1523 337 ante
1534 309 1629 337 oculos
1640 310 1711 346 ejus,
1733 318 1830 339 assue-

1033 351 1149 384 facinnt,
1175 360 1210 379 ne
1238 353 1293 380 ullo
1328 357 1433 381 terrore
1459 355 1649 389 percutiatur;
1675 360 1758 390 atque
1788 356 1829 384 sic

1033 396 1150 424 edoctus
1163 396 1199 424 ab
1214 397 1362 429 inscssore,
1377 399 1430 426 nisi
1441 399 1579 431 didicerit,
1593 408 1626 435 pr
1633 401 1694 428 aelio
1713 406 1828 428 conten-
1868 427 1871 429 .

1033 441 1100 468 dere
1126 442 1239 477 nequit:
1259 443 1307 473 ubi
1333 451 1401 471 vero
1428 444 1567 478 didicerit,
1588 449 1616 473 et
1646 446 1719 473 bello
1745 446 1828 474 fuerit

1032 488 1213 521 assuefactus,
1230 489 1253 516 si
1275 489 1356 517 modo
1367 490 1532 523 suboluerit,
1556 496 1583 518 et
1598 492 1771 520 subaudierit
1783 501 1826 520 so—

1032 542 1098 561 num
1112 534 1253 567 bellicum,
1271 535 1330 570 ipse
1351 536 1384 562 ad
1397 543 1430 563 eo
1441 541 1569 572 prompte
1585 538 1719 566 adversus
1733 539 1826 566 hostes

1031 580 1219 615 progreditur,
1230 585 1261 608 ut
1274 582 1546 611 solavoceterrorem
1580 581 1694 608 incutiat
1733 582 1824 610 hosti-

1032 626 1091 653 bus.
1103 626 1208 654 Eodem
1240 635 1353 662 quoque
1380 628 1462 655 modo
1488 628 1579 655 anima
1598 631 1660 662 post
1673 632 1822 662 transgres-

1033 670 1136 698 sionem
1150 673 1265 707 agrestis
1277 677 1305 700 et
1322 673 1464 706 indomita,
1479 674 1506 700 in
1516 673 1625 701 deserto
1638 673 1720 709 hujus
1731 675 1826 701 mundi

1031 721 1211 743 conversatur
1236 725 1299 744 cum
1322 718 1398 750 feris,
1425 718 1568 753 spiritibus
1592 719 1699 746 scilicet
1728 720 1824 754 nequi-

1030 761 1085 793 tia},
1116 761 1303 789 ministerium
1333 763 1361 790 in
1388 768 1501 799 peccato
1534 765 1643 792 obiens.
1674 765 1725 793 Ubi
1760 773 1826 792 vero

1030 806 1149 834 audierit
1167 807 1283 834 verbum
1305 808 1366 842 Dei,
1393 816 1425 836 ac
1447 809 1609 841 crediderit,
1637 810 1792 837 refrenatur
1809 818 1825 837 a

1031 852 1136 887 Spiritu
1155 861 1187 880 ac
1203 853 1317 888 deponit
1336 861 1426 881 mores
1453 859 1573 890 agrestes
1600 861 1628 882 ct
1645 855 1826 890 cogitationes

1030 899 1130 931 carnis,
1162 900 1312 935 gubernata
1330 900 1364 927 ab
1390 901 1528 927 iusessore
1550 901 1672 929 Christo,
1687 903 1782 929 Postea
1797 903 1825 929 in

1027 943 1214 976 aﬂlictionem,
1227 944 1373 971 edomandi
1385 945 1491 979 jugum,
1501 949 1529 971 et
1547 945 1701 979 angustiam
1715 945 1823 976 incidit,

1030 992 1062 1014 ut
1090 988 1233 1022 probetur,
1258 996 1289 1015 ac
1318 989 1451 1023 paulatim
1479 997 1493 1016 a
1519 989 1622 1024 Spiritu
1651 989 1824 1022 mansueﬁat,

1028 1033 1175 1061 deﬁciente
1193 1034 1296 1061 sensim
1307 1040 1391 1069 atque
1404 1035 1577 1062 exolescente
1591 1035 1618 1062 in
1634 1035 1679 1062 illa
1695 1041 1821 1070 peccato.

1027 1079 1072 1105 Sic
1099 1083 1127 1105 et
1156 1080 1248 1106 anima
1279 1085 1384 1107 armata
1415 1080 1530 1107 thorace
1551 1081 1676 1116 justitiat,
1705 1085 1733 1108 et
1748 1081 1823 1116 galea

1026 1124 1134 1156 salutis,
1152 1130 1180 1152 et
1203 1130 1281 1152 scuto
1306 1126 1382 1158 ﬁdei,
1405 1130 1432 1153 et
1450 1126 1540 1161 gladio
1556 1126 1686 1160 Spiritus,
1708 1126 1825 1154 docetur

1027 1169 1154 1202 praelium
1180 1177 1327 1196 conserere
1357 1178 1418 1196 cum
1448 1171 1575 1197 hostibus
1603 1171 1711 1198 suis”:
1735 1175 1764 1198 et
1783 1172 1822 1198 sic

1026 1219 1130 1241 armata
1156 1215 1260 1249 Spiritu
1282 1217 1401 1248 Domini,
1425 1217 1538 1243 dimicat
1555 1217 1688 1244 adversus
1708 1218 1824 1252 spiritus

1026 1260 1145 1291 malitia},
1159 1265 1185 1287 et
1198 1261 1450 1296 ignita'ncquissimi
1468 1263 1519 1289 tela
1532 1263 1694 1297 exstinguit.
1709 1264 1821 1298 Absque

1027 1306 1101 1332 enim
1125 1307 1209 1334 armis
1225 1308 1344 1342 Spiritus
1367 1316 1422 1335 non
1452 1309 1629 1343 progreditur
1662 1310 1690 1336 in
1714 1310 1822 1336 aciem:

1028 1352 1134 1379 habens
1148 1361 1214 1380 vero
1230 1362 1306 1380 arma
1320 1354 1440 1385 Domini,
1459 1355 1507 1381 ubi
1519 1355 1642 1382 audierit
1659 1363 1691 1383 ac
1704 1357 1823 1383 senserit

1025 1398 1198 1425 vehementia
1212 1399 1291 1429 bella.
1304 1408 1365 1426 cum
1375 1400 1558 1427 exsultatione
1567 1408 1598 1427 ac
1606 1401 1725 1428 clamore
1737 1401 1822 1436 proti-

1026 1444 1152 1476 ciscitur,
1167 1444 1237 1471 sicut
1256 1445 1280 1471 in
1299 1446 1368 1474 libro
1384 1445 1434 1472 Job
1457 1446 1561 1473 dictum
1579 1451 1640 1473 est:
1658 1446 1732 1478 Quod
1743 1449 1823 1474 etiam

1024 1491 1083 1525 ipsa
1108 1498 1168 1516 voce
1183 1491 1311 1517 orationis
1325 1491 1478 1517 occumbant
1506 1492 1615 1517 inimici.
1626 1491 1668 1518 'Et
1681 1492 1720 1519 sic
1735 1496 1824 1519 trans-

1025 1540 1087 1562 acto
1112 1535 1199 1567 bello,
1228 1540 1362 1570 partuque
1386 1536 1503 1562 victoria
1528 1535 1665 1563 beneﬁcio
1690 1536 1821 1571 Spiritus,
1850 1557 1852 1559 ν

1025 1581 1110 1608 refert
1124 1581 1180 1616 89
1193 1589 1309 1609 coronas
1324 1582 1483 1609 victoriales
1496 1589 1558 1609 cum
1576 1583 1656 1616 plena
1670 1582 1782 1615 ﬁducia,
1794 1587 1823 1609 et

1027 1626 1063 1653 ita
1079 1626 1229 1661 requiescit
1248 1635 1310 1653 cum
1331 1627 1435 1654 caelesti
1452 1627 1536 1662 Rege.
1562 1626 1613 1654 Cui
1631 1628 1717 1663 gloria
1733 1632 1760 1654 et
1773 1634 1822 1661 po-

1025 1673 1111 1699 tentia
1125 1673 1153 1699 in
1168 1673 1277 1700 smcula.
1296 1673 1394 1700 Amen.

178 1713 228 1747 τῆς
247 1714 363 1749 δεήσεως
390 1715 473 1749 αὐτῆς
498 1716 698 1751 προπίπτουσιν
727 1717 751 1743 οἱ
781 1717 891 1752 ἐχθροί·
911 1718 958 1744 καὶ
975 1718 1060 1750 οὕτως
1090 1719 1283 1754 ἀγωνισαμένη
1308 1719 1355 1746 καὶ
1372 1720 1509 1755 νικήσασα
1533 1720 1577 1747 διὰ
1601 1719 1647 1746 τοῦ
1663 1718 1822 1754 Πνεύματος

177 1761 224 1797 τὸν
255 1761 381 1796 πόλεμον,
412 1763 576 1798 νικηφόρους
605 1764 753 1799 στεφάνους
765 1765 925 1800 ἐπιφέρεται
941 1767 1010 1800 μετὰ
1032 1767 1189 1802 παρῤησίας
1206 1767 1318 1802 πολλῆς,
1345 1768 1393 1794 καὶ
1416 1768 1504 1801 οὕτως
1536 1769 1756 1796 συναναπαύεται
1782 1769 1822 1804 τῷ

178 1807 330 1844 ἐπουρανίῳ
362 1809 476 1844 βασιλεῖ.
488 1807 522 1845 ᾮ
537 1811 552 1845 ὴ
565 1809 629 1842 δόξα
660 1812 707 1838 καὶ
720 1813 750 1838 τὸ
762 1812 862 1848 κράτος
877 1814 916 1844 εἰς
930 1814 994 1845 τοὺς
1011 1813 1125 1846 αἰῶνας.
1151 1814 1249 1850 Ἀμήν.

474 1878 594 1905 ΟΜΙΛΙΑ
615 1879 678 1905 ΚΔ’.

185 1924 214 1950 Ἡ
229 1923 338 1959 στάσις
357 1922 416 1949 τῶν
434 1924 619 1958 Χριστιανῶν
636 1925 715 1952 ἔοικε
729 1924 767 1959 τῇ
779 1925 906 1959 eam/pla
922 1925 970 1952 καὶ

215 1958 252 1995 τῇ
267 1959 402 1995 ζυμῴσει.
423 1959 535 1993 ’Ὠσπερ
557 1960 611 1994 γὰρ
631 1962 659 1987 οἰ
679 1958 802 1994 ἔμποροι
829 1958 865 1988 τὰ
881 1958 971 1995 γήννα

214 1994 304 2026 κέρδη
331 1994 560 2027 ἐπισυνάγουσι,
580 1995 674 2028 οὕνιυς
703 1995 751 2022 καὶ
775 1994 889 2022 ἐκεῖνοι
911 1995 971 2022 δια-

215 2029 452 2065 σκορπισμένους
469 2030 503 2056 ἐν
536 2029 575 2062 τῷ
604 2031 687 2057 αἰῶνι
712 2031 886 2065 λογωμούς.
916 2031 970 2058 Καὶ

213 2063 314 2100 ὥσπερ
328 2064 346 2097 ἠ
360 2063 434 2100 ζύμη
448 2066 568 2099 φύραμα
577 2066 652 2091 ὅλον
663 2063 855 2099 ἀπεργλάζὲται
865 2063 970 2100 ζύμην.

213 2099 305 2136 οὕτως
368 2098 688 2136 ζύμητῆςιὶμαρτίας
715 2098 777 2128 inlt-
802 2098 970 2136 γένος-τοῦ

218 2135 308 2169 Ἀδὰμ
330 2134 485 2169 διατρὲχει.
517 2134 603 2167 Πλὴν
630 2138 645 2162 o'
676 2134 810 2169 Χριστὸς(
828 2136 970 2170 οὐράνιον

211 2170 392 2204 ἀγαθότητος
414 2169 508 2205 ζύμην
530 2171 594 2204 ταῖς
615 2171 736 2204 πισταῖς
752 2169 870 2206 ψυχαῖςῖ
891 2172 969 2199 ἐντι-

212 2207 313 2239 auctr.

1293 1882 1437 1910 HOMILIA
1453 1883 1548 1910 XXIV.

1025 1927 1116 1955 Status
1137 1927 1350 1955 Christianorum
1365 1930 1459 1956 similis
1475 1934 1512 1955 est
1534 1933 1690 1955 mercatura:
1716 1934 1741 1955 et
1761 1929 1818 1963 fer-

1062 1963 1228 1990 mentatiotti.
1247 1963 1361 1990 Perinde
1383 1965 1452 1990 enim
1473 1973 1504 1990 ac
1526 1969 1682 1990 mercatores
1712 1968 1818 1991 terrena

1060 1998 1187 2033 colligunt
1202 1998 1276 2025 lucra
1286 2020 1292 2030 ,
1309 1999 1346 2025 sic
1357 1999 1397 2025 illi
1410 1999 1542 2033 dispersas
1567 2007 1612 2033 per
1634 1999 1680 2025 hoc
1692 1998 1819 2026 sa'culam

1061 2034 1240 2069 cogitationes.
1256 2034 1291 2060 Et
1307 2034 1529 2068 quemadmodum
1549 2035 1703 2068 fermentum
1735 2038 1818 2061 totam

1061 2077 1178 2095 massam
1197 2069 1284 2095 reddit
1300 2070 1505 2110 fernwutatam;
1524 2070 1561 2096 sic
1581 2069 1818 2110 [ertttftlﬂttlt’ﬂt’q-

1063 2105 1116 2130 cati
1134 2105 1284 2130 universum
1303 2112 1384 2139 genus
1403 2104 1466 2130 Ada'
1477 2104 1616 2138 percurrit.
1636 2104 1729 2131 Verum
1741 2104 1819 2132 Chri-

1059 2144 1115 2167 stus
1134 2139 1236 2166 cwtesle
1261 2139 1384 2166 bonitatis
1404 2139 1561 2174 fermentum
1579 2139 1699 2173 ﬁdelibus
1723 2140 1822 2168 animis

1059 2175 1186 2209 infundit.

211 2274 249 2300 A’.
270 2274 406 2301 Ἐοίκασιν
420 2274 445 2301 οἱ
458 2274 618 2310 Χριστιανοὶ
626 2275 758 2310 ἐμπόροις
774 2274 891 2310 μέγιστα
904 2282 969 2310 κερ-

1057 2274 1078 2302 Ῑ.
1100 2274 1212 2303 Similes
1235 2279 1302 2302 sunt
1314 2274 1465 2303 Christiani
1481 2275 1693 2307 mercatoribus,
1708 2275 1755 2310 qui
1774 2276 1818 2305 in-

175 2319 208 2355 δη
231 2319 475 2355 ἐμπορευομένοις.
492 2320 598 2355 Ὥσπερ
617 2320 671 2356 γὰρ
690 2321 789 2347 ἐκεῖνοι
805 2320 836 2347 ὲκ
853 2320 901 2356 τῆς
916 2322 968 2355 γῆς

174 2364 210 2392 τὰ
231 2365 314 2401 γήϊνα
341 2366 423 2401 κέρδη
458 2365 780 2400 ὲπισυνάγουσιν,οὖτως
809 2362 883 2393 οὗτοι
915 2366 967 2400 τῆς

175 2411 281 2438 ἑαυτῶν
298 2411 413 2446 καρδίας
429 2412 666 2447 ἐσκορπισμένους
681 2412 745 2443 τοὺς
765 2411 914 2446 λογισμοὺς
940 2412 969 2438 ὲν

173 2456 213 2491 τῷ
231 2456 309 2484 αιῶνι
322 2457 408 2493 τούτῳ
421 2457 467 2484 διὰ
481 2457 576 2484 πασῶν
597 2456 712 2493 ἀρετῶν,
728 2457 773 2484 καὶ
792 2456 836 2483 διὰ
850 2458 900 2492 τῆς
920 2457 967 2484 τοῦ

174 2501 334 2536 Πνεύματος
355 2502 508 2537 δυνάμεως,
520 2502 749 2536 ὲπισυλλέγουσιν
764 2502 795 2529 ὲκ
808 2501 901 2537 πάσης
917 2502 967 2536 τῆς

173 2547 237 2583 γῆς,
258 2548 319 2584 ἥτις
345 2548 404 2574 ἐστὶ
429 2548 545 2584 μεγίστη
569 2548 616 2575 καὶ
642 2547 757 2584 ἀληθινὴ
772 2548 907 2584 ἐμπορία.
937 2548 966 2574 '0

173 2593 276 2629 κόσμος
301 2593 356 2630 γὰρ
369 2592 447 2626 οὗτος
469 2594 508 2630 τῷ
532 2594 630 2630 κόσμῳ
645 2594 683 2629 τῷ
697 2593 754 2621 ἄνω
777 2593 964 2621 ἐναντιοῦται·

174 2639 221 2665 καὶ
234 2640 247 2666 ὁ
263 2639 330 2667 αἰὼν
344 2637 422 2672 οὗτος
435 2640 476 2675 τῷ
492 2641 548 2668 ἄνω
563 2641 641 2667 αἰῶνι
662 2640 824 2667 ἀντίκειται.
847 2641 894 2666 Δεῖ
913 2639 969 2666 τοί-

172 2691 219 2710 νυν
243 2684 288 2712 τὸν
312 2685 476 2721 Χριστιανὸν
492 2686 562 2721 μετὰ
576 2685 626 2717 τὰς
648 2685 730 2719 ἁγίας
746 2685 859 2721 Γραφὰς
881 2686 966 2721 ἀρνη-

173 2730 291 2766 σάμενον
308 2732 355 2758 τδν
380 2732 495 2767 κόσμον,
524 2731 705 2767 μετατεθῆναι
734 2731 781 2758 καὶ
813 2731 965 2767 μεταϐῆναι

172 2775 212 2811 τῷ
229 2776 277 2812 νῷ,
303 2777 336 2804 ὲκ
360 2778 455 2805 τούτου
481 2776 530 2804 τοῦ
552 2778 659 2811 αἰῶνος,
688 2778 717 2805 ἐν
738 2774 761 2812 ᾧ
777 2777 900 2813 ἔγκειται
917 2779 965 2805 καὶ

172 2820 331 2856 δελεάζεται
353 2824 368 2850 ὁ
386 2823 450 2856 νοῦς
465 2823 520 2851 ἀπὸ
537 2824 588 2859 τῆς
602 2823 789 2860 παραϐάσεως
810 2823 906 2858 Ἀδὰμ..
923 2824 964 2855 εἰς

208 2915 231 2936 ³³
245 2915 349 2951 Ephes.
365 2924 401 2950 γι,
417 2916 458 2943 l-l.

1018 2325 1127 2356 gentem
1143 2328 1220 2356 quas
1229 2325 1287 2347 tum
1317 2328 1351 2348 ex
1371 2324 1529 2348 mercatura
1545 2321 1662 2348 faciunt.
1678 2321 1817 2354 Quemad-

1018 2367 1131 2395 modum
1147 2366 1221 2394 enim
1246 2366 1275 2394 hi
1302 2374 1318 2393 ο
1342 2370 1416 2394 terra
1444 2370 1554 2394 terrena
1569 2367 1704 2402 colligunt
1723 2367 1815 2399 lucra;

1016 2412 1114 2439 eodem
1125 2412 1207 2438 modo
1216 2411 1255 2439 illi
1263 2411 1356 2449 cordis
1366 2412 1410 2439 sui
1420 2412 1563 2447 dispersas
1572 2412 1754 2447 cogitationes
1768 2417 1816 2446 per

1020 2457 1074 2485 hoc
1098 2456 1241 2488 smeulum,
1267 2456 1392 2483 omnium
1408 2457 1544 2484 virtutum
1558 2456 1707 2489 beneﬁcio,
1730 2464 1762 2485 ac
1790 2456 1814 2483 vi

1019 2501 1140 2537 Spiritus
1162 2500 1262 2534 sancti,
1280 2501 1414 2537 colligunt
1434 2506 1469 2529 ex
1487 2502 1618 2529 universa
1643 2507 1734 2534 terra,
1755 2509 1816 2536 quas

1017 2551 1060 2575 est
1076 2547 1195 2575 maxima
1213 2538 1246 2576 ac
1261 2555 1326 2575 vera
1351 2548 1512 2583 negotiatio.
1530 2547 1650 2575 Mundus
1675 2548 1750 2575 enim
1769 2547 1816 2574 hic

1019 2594 1121 2621 mundo
1140 2593 1276 2629 superiori
1301 2593 1483 2627 adversatur;
1500 2597 1529 2620 et
1543 2593 1674 2621 saeculum
1692 2593 1745 2620 hoc
1766 2601 1816 2619 sa:-

1018 2640 1081 2667 culo
1098 2640 1235 2675 superiori
1248 2639 1405 2674 oppositum
1428 2643 1480 2666 est.
1497 2638 1612 2674 Oportet
1628 2639 1712 2674 igitur
1734 2638 1814 2666 Chri-

1019 2686 1140 2713 stianutn
1158 2685 1312 2713 secundum
1328 2693 1421 2712 sacras
1437 2684 1557 2712 Litteras
1576 2685 1709 2711 mundum
1727 2685 1813 2711 alme-

1019 2735 1140 2768 gantem,
1156 2731 1309 2764 transferri,
1324 2739 1356 2758 ac
1376 2735 1467 2758 mente
1484 2730 1680 2758 transcendere
1700 2738 1734 2757 ex
1762 2730 1815 2757 hoc

1019 2778 1130 2811 smculo,
1147 2778 1174 2805 in
1187 2785 1243 2813 quo
1260 2783 1387 2805 versatur
1403 2777 1528 2811 animus,
1544 2785 1577 2805 ac
1592 2776 1731 2804 illecebris
1753 2777 1815 2804 alli-

1018 2825 1119 2852 citura
1139 2828 1262 2859 tempore
1289 2822 1517 2860 transgressionis
1541 2823 1618 2857 Adae,
1640 2822 1669 2851 in
1695 2823 1814 2851 alterum
