2078 3151
267 172 320 205 (63

894 174 924 204 S.
944 173 1103 205 MACARII
1123 173 1283 204 IEGYPTII

1838 168 1891 201 ιιι

268 228 409 260 naculum.
427 233 454 255 et
465 227 607 255 intellectu
623 227 652 255 in
670 227 806 263 superiori
821 235 853 256 ae
863 227 958 255 divino
973 235 1053 255 mun-

1113 227 1190 255 ιῑῶνα
1215 227 1320 263 ἕτερον,
1343 227 1390 255 καὶ
1413 225 1454 262 τῷ
1481 225 1637 263 φρονήματι
1657 224 1698 256 εις
1710 224 1754 252 τὸν
1771 223 1827 252 ἄνω
1840 225 1891 259 τῆς

268 273 305 300 do
326 273 451 300 versari:
474 273 546 300 sicut
561 272 666 300 dictum
682 277 725 301 est
747 272 867 301 :Nostra
887 277 976 303 autem
994 281 1056 300 con-

271 319 380 346 versatio
396 320 423 345 in
442 318 510 346 cali:
521 323 559 346 est
570 319 603 346 ⁸⁵.

306 364 339 391 il.
360 364 417 392 Hoc
432 369 525 392 autem
548 366 624 393 nullo
639 365 722 393 modo
736 365 856 393 obtineri
874 370 975 400 potest,
1001 365 1056 394 nisi

272 409 363 436 anima
391 410 542 438 crediderit
564 419 597 438 ex
616 415 675 438 toto
689 411 773 438 corde
787 411 914 444 Domino,
937 411 991 438 hoc
1007 418 1056 439 se-

273 455 365 482 culum
380 455 520 490 abnegans
534 465 539 482 :
555 460 582 483 et
596 456 684 483 virtus
695 456 780 483 divini
797 455 917 491 Spiritus
928 456 1057 492 colligere

274 503 363 534 potest
375 507 423 527 cor
431 508 480 534 per
492 501 647 528 universam
661 505 760 528 terram
770 501 924 536 dispersum
939 501 974 528 ad
989 501 1058 529 dile-

273 545 392 573 ctionem
416 545 536 579 Domini,
553 549 581 573 et
595 546 622 573 in
648 546 780 573 mundum
798 550 932 573 aeternum
947 546 1057 574 intelle-

274 593 348 616 ctum
372 590 526 618 traducere.
546 591 568 617 Α
588 594 711 625 tempore
734 590 809 618 enim
832 591 1059 626 transgressionis

274 634 349 666 Adae,
366 635 496 670 dispersm
512 641 577 664 sunt
592 645 607 664 a
622 636 770 665 dilectione
794 638 844 665 Dei
876 639 1059 674 cogitationes

274 680 373 707 animat
388 689 436 715 per
453 681 505 709 hoc
518 683 660 715 sazculum,
677 683 830 711 eommista:
842 685 943 713 crassis
953 693 985 713 ac
1003 689 1060 712 ter-

275 725 350 753 renis
368 726 589 760 cogitationibus.
606 728 705 756 Verum
726 729 959 763 quemadmodum
972 730 1059 758 Adam

276 775 462 806 transgressus
475 773 642 806 mandatum,
668 773 834 802 fermentum
859 775 1059 803 malitiosarum

274 816 451 844 aﬂ‘cctionum
474 818 501 845 in
517 826 546 846 se
569 820 693 854 recepit:
716 820 757 847 sic
773 829 882 856 quoque
911 822 1060 858 participa-

275 863 349 889 tione
362 863 491 897 quadam,
511 865 558 898 qui
580 872 614 892 ex
629 872 664 892 eo
679 866 736 893 nati
753 870 827 897 sunt,
844 874 878 894 ac
899 867 1058 894 universum

273 916 360 943 genus
379 909 444 936 Adae
472 909 546 937 illius
570 911 698 939 fermenti
714 913 853 948 particeps
877 913 978 941 factum
1001 919 1058 944 cst:

275 959 404 981 caeterum
422 960 516 989 postea
533 963 582 990 pro
604 957 711 984 ratione
725 957 887 986 incrementi
903 959 930 986 in
955 964 1059 987 tantum

275 1005 468 1035 excreverunt,
485 1006 513 1029 et
534 1002 658 1031 adaucta:
679 1009 744 1032 sunt
767 1004 796 1032 in
811 1005 970 1033 hominibus
993 1006 1061 1034 affe-

274 1046 381 1074 ctiones
396 1047 510 1082 peccati,
531 1052 562 1075 ut
579 1049 612 1076 ad
635 1050 772 1078 adulteria
794 1059 892 1086 usque.
915 1051 1059 1084 libidines,

275 1091 454 1124 idololatrias,
464 1093 563 1126 caedes,
569 1099 597 1122 et
604 1095 657 1122 alia
663 1095 783 1124 absurda
793 1096 966 1128 devenerint,
973 1097 1061 1125 donec

274 1136 342 1164 vitio
365 1136 530 1166 fermentata
550 1144 623 1167 esset
646 1141 813 1169 humanitas.
838 1142 873 1169 Et
897 1142 924 1169 in
953 1146 1059 1170 tantum

274 1183 395 1210 excrevit
413 1183 441 1210 in
463 1183 623 1212 hominibus
636 1186 750 1219 malum,
765 1190 795 1214 ut
808 1191 948 1221 putarent,
970 1196 1061 1223 neque

275 1228 360 1255 Deum
381 1236 460 1262 esse;
479 1237 576 1257 verum
597 1231 764 1260 inanimatos
777 1233 883 1268 lapides
901 1234 1060 1268 adorarent,

275 1279 364 1306 neque
397 1272 541 1301 intellectu
564 1275 676 1310 quidem
703 1277 791 1304 Deum
824 1279 1061 1314 comprehendere

274 1322 395 1352 possent,
413 1323 467 1346 tam
493 1320 548 1348 alte
575 1327 768 1357 consperserat
797 1323 964 1352 fermentum
980 1326 1061 1354 mali-

275 1363 405 1391 liosarutn
418 1364 596 1393 aﬂ'ectionum
612 1367 715 1395 veteris
734 1369 799 1396 Adae
818 1371 989 1406 progeniem.

309 1453 355 1481 ΙΙΙ.
377 1454 479 1489 Eodem
504 1455 586 1484 modo
611 1457 714 1491 placuit
740 1458 856 1487 Domino
884 1459 912 1487 in
942 1460 1060 1488 adventu

274 1506 325 1526 suo
351 1499 407 1534 pati
428 1508 478 1535 pro
495 1502 636 1534 omnibus,
655 1509 683 1531 et
704 1504 840 1532 redimere
870 1513 919 1533 eos
949 1507 1062 1540 proprio

1106 273 1232 308 θεότητος
1246 274 1347 309 κόσμον
1363 271 1444 306 εἶναι,
1459 272 1550 304 καθὼς
1561 274 1686 308 εῐρηται’
1706 269 1801 306 Ἠμῶν
1814 269 1848 297 δὲ
1861 270 1894 296 τὸ

1106 319 1276 354 πολίτευμα
1294 319 1329 346 ἐν
1347 318 1488 353 οὐρανοῖς
1502 317 1643 352 ὑπάρχει.

1142 364 1181 392 Β’.
1203 364 1288 392 Τοῦτο
1304 363 1334 391 δὲ
1357 363 1483 399 οὐδαμῶς
1505 363 1618 390 δύναται
1639 359 1856 397 κατορθωθῆναι,
1872 359 1897 386 εί

1109 409 1146 445 μὴ
1163 410 1180 444 ἡ
1196 409 1269 445 ψυχὴ
1294 409 1435 436 πιστεύσει
1458 408 1488 441 ἐξ
1513 407 1578 442 ὅλης
1593 406 1708 453 καρδίας
1720 405 1780 453 λτῷ.
1791 405 1896 453 Κυρίῳ,

1107 455 1285 490 άρνησαμένη
1309 453 1356 481 τὸν
1378 453 1464 481 αἰῶνα
1487 453 1593 486 τοῦτον,
1610 451 1659 479 καὶ
1680 452 1697 486 ἠ
1718 450 1833 484 δυνάμις
1849 450 1896 475 τοῦ

1108 499 1200 527 θεῖκοῦ
1225 499 1383 535 Πνεύματος
1405 499 1565 532 ἐπισυνάξαι
1590 497 1706 526 δύναται
1730 495 1779 531 τὴν
1801 495 1899 528 ἐσκορ-

1109 545 1245 581 πισμένην
1260 545 1376 581 καρδίαν
1391 546 1420 572 ὲν
1432 545 1482 581 ὅλῃ
1502 546 1537 580 τῇ
1549 545 1597 580 γῇ,
1615 543 1656 575 εἰς
1669 542 1719 578 τὴν
1734 540 1782 568 τοῦ
1793 539 1897 575 Κυρίου

1109 590 1230 626 ἀγάπην,
1248 590 1296 616 καὶ
1312 591 1350 622 είς
1361 589 1407 617 τὸν
1421 588 1529 630 αἰώνιον
1543 588 1646 624 κόσμον
1658 587 1689 614 τδ
1702 587 1829 623 φρόνημα
1849 592 1898 620 μι-

1109 636 1266 671 τατεθῆναι.
1294 636 1361 663 Ἀπὸ
1380 636 1434 672 γὰρ
1458 636 1509 670 τῆς
1532 634 1579 662 τοῦ
1601 634 1690 668 ’Δδάμ
1714 631 1898 668 παραϐάσεως

1109 681 1329 716 ἐσκορπίσθησαν
1344 680 1398 707 ἀπὸ
1419 680 1469 716 τῆς
1493 679 1606 715 ἀγάπης
1628 677 1675 705 τοῦ
1697 676 1766 704 θεοῦ
1787 676 1813 703 οι
1822 675 1897 709 λογι-

1110 726 1176 762 σμοὶ
1191 725 1241 760 τῆς
1263 725 1364 761 ψυχῆς,
1382 727 1423 758 είς
1441 725 1487 753 τὸν
1512 725 1599 752 αίῶνα
1615 724 1722 755 τοῦτον,
1742 721 1897 757 συμμιγέν-

1110 781 1154 804 τες
1182 772 1284 804 ὑλικοίς
1308 772 1356 799 καὶ
1378 772 1484 806 γηῖνοις
1511 770 1664 806 λογισμοῖς.
1687 769 1758 796 Ἀλλ’
1772 768 1869 802 ὥσπερ
1882 767 1897 793 ὁ

1117 818 1203 853 Ἀδὰμ
1217 818 1345 853 παραδιὶς
1360 818 1451 853 ζύμην
1466 817 1566 849 κακίας
1584 815 1678 843 παθῶν
1695 813 1843 846 ὑπεδέξατο
1857 813 1899 844 είς

1112 865 1218 897 ἑαυτὸν,
1235 865 1282 891 καὶ
1295 864 1382 896 οὕτως
1393 864 1464 892 κατὰ
1490 863 1607 899 μετοχὴν
1621 862 1646 889 οί
1660 861 1689 895 ἐξ
1705 860 1788 888 αὑτοῦ
1801 867 1900 895 γεννη-

1112 910 1214 942 θέντες,
1229 910 1276 938 καὶ
1291 911 1345 936 πᾶν
1364 910 1394 937 τὸ
1411 910 1490 945 γένος
1511 909 1607 943 Ἀδὰμ,
1625 908 1731 943 ἐκείνης
1743 907 1793 941 τῆς
1810 905 1899 940 ζύμης

1112 955 1242 990 μετέσχε·
1259 956 1306 982 καὶ
1322 956 1414 982 λοιπὸν
1428 955 1498 982 κατὰ
1512 953 1656 990 προκοπὴν
1670 954 1717 980 καὶ
1730 951 1844 987 αὔξησιν
1859 952 1900 983 εἰς

1110 1001 1236 1028 τοσοῦτον
1260 1001 1379 1036 ηὔξησεν
1404 1001 1433 1027 ὲν
1454 1001 1511 1032 τοῖς
1536 999 1691 1036 ἀνθρώποις
1710 998 1744 1025 τὰ
1761 997 1835 1032 πάθη
1849 996 1900 1030 τῆς

1110 1045 1259 1081 ἁμαρτίας,
1274 1045 1345 1072 ὥστε
1372 1045 1424 1077 ἕως
1447 1045 1595 1080 πορνειῶν,
1611 1044 1660 1071 καὶ
1676 1043 1836 1077 ὰσελγειῶν,
1851 1042 1899 1069 καὶ

1110 1091 1351 1126 εἰδωλολατρειῶν,
1368 1091 1415 1118 καὶ
1440 1091 1538 1124 φόνων,
1565 1090 1613 1120 καὶ
1634 1089 1737 1124 ἑτέρων
1753 1087 1899 1122 ἀτοπημά-

1110 1146 1164 1163 των
1177 1137 1312 1172 χωρῆσαι,
1325 1137 1378 1169 ἕως
1391 1133 1421 1164 οὗ
1441 1136 1571 1172 ἐζυμώθη
1585 1137 1619 1171 τῇ
1641 1135 1726 1170 κακίᾳ.
1751 1135 1768 1170 ἠ
1795 1135 1901 1168 ἀνθρω-

1111 1183 1214 1218 πότης·
1231 1183 1279 1210 καὶ
1302 1185 1342 1216 είς
1367 1182 1495 1210 τοσοῦτον
1517 1182 1638 1218 ηὔξησεν
1648 1182 1677 1208 tv
1701 1180 1856 1216 ἀνθρώποις
1870 1179 1902 1207 ἰδ

1111 1228 1205 1261 κακὸν,
1223 1229 1261 1261 ὡς
1276 1228 1400 1263 νομίζειν
1427 1229 1497 1264 μήτε
1522 1225 1594 1255 εἶναι
1617 1227 1696 1261 Θεὸν,
1722 1227 1792 1254 ἀλλὰ
1816 1225 1900 1256 λίθοις

1114 1274 1229 1310 ἀψύχοις
1251 1275 1452 1310 προσκυνῆσαι,
1467 1275 1536 1310 μήτε
1561 1273 1614 1301 κᾶν
1640 1273 1693 1305 ἕως
1709 1272 1814 1304 ἐννοίας
1835 1272 1902 1298 Θεὸν

1111 1320 1260 1356 λαμῦάνειν
1284 1320 1423 1354 δύνασθαι,
1442 1321 1483 1352 είς
1508 1319 1636 1347 τοσοῦτον
1660 1319 1804 1355 ὲζύμωσεν
1818 1319 1836 1354 ἡ
1851 1318 1901 1353 τῆς

1112 1365 1213 1398 κακίας
1237 1365 1291 1393 τῶν
1318 1366 1412 1393 παθῶν
1440 1365 1515 1400 ζύμη
1541 1365 1572 1392 τὸ
1600 1365 1679 1400 γένος
1707 1365 1755 1392 τοῦ
1787 1364 1902 1395 παλαιοῦ

1117 1412 1212 1446 ’Λδάμ.

1146 1457 1184 1484 Γ’.
1201 1457 1254 1484 Τὸν
1270 1457 1352 1484 αὑτὸν
1367 1457 1468 1492 τρόπον
1487 1457 1637 1492 εὐδόκησεν
1662 1456 1677 1483 ὁ
1703 1457 1808 1491 Κυριος
1825 1456 1855 1482 tv
1869 1457 1903 1491 τῇ

1111 1502 1244 1538 ἐπιδημίᾳ
1258 1502 1343 1529 αὐτοῦ
1359 1501 1455 1528 παθεῖν
1478 1502 1548 1538 ὑπὲρ
1573 1502 1694 1535 πάντων,
1708 1502 1757 1528 καὶ
1769 1502 1903 1537 ἀγοράσαι

275 1545 420 1580 sanguine,
432 1550 461 1574 et
471 1546 637 1575 fermentum
647 1549 759 1576 cmleste
773 1549 905 1578 bonitatis
916 1551 1062 1579 infundere

1115 1549 1214 1580 αὐτοὺς
1234 1547 1274 1584 τῷ
1300 1548 1358 1584 [δίῳ
1372 1548 1482 1582 αἵματι,
1497 1548 1545 1576 καὶ
1557 1549 1647 1584 ζύμην
1659 1548 1820 1584 ἐπουράνιον
1835 1549 1904 1582 ἁγα-

275 1589 403 1619 fidelibus
416 1591 561 1620 animabus
581 1594 634 1620 sub
646 1594 742 1629 jugum
753 1596 859 1629 peccati
881 1596 1000 1624 redactis
1014 1606 1021 1624 :
1033 1601 1062 1624 et

275 1636 313 1664 ita
336 1637 511 1672 promotione
536 1646 569 1666 ac
599 1639 771 1668 incremento
792 1649 903 1669 omnem
929 1643 1062 1678 justitiam

276 1682 476 1715 mandatorum,
495 1692 646 1720 omnesque
662 1686 780 1714 virtutes
798 1687 826 1714 in
846 1688 887 1715 eis
912 1689 1062 1723 complere,

277 1728 364 1761 donec
376 1728 609 1757 fermentarentur
624 1731 651 1758 in
667 1739 753 1759 unum
772 1732 800 1759 in
818 1732 903 1766 bono,
917 1737 946 1760 ct
965 1733 1064 1761 fierent

275 1783 336 1806 cum
347 1775 459 1802 Domino
473 1784 542 1803 unus
556 1776 671 1812 Spiritus
682 1778 716 1810 ",
740 1779 818 1814 juxta
844 1779 948 1807 dictum
975 1780 1062 1813 Pauli,

278 1821 314 1848 ita
342 1825 372 1848 ut
393 1821 499 1849 malitia
517 1830 549 1849 ac
567 1823 701 1858 nequitia,
724 1831 759 1851 ne
788 1826 933 1859 pervenire
952 1825 1064 1860 quidem

277 1865 364 1903 possit
379 1865 414 1892 ad
436 1866 629 1902 cogitationem
648 1868 757 1900 animae,
772 1868 878 1903 Spiritu
897 1869 992 1898 diviuo
1006 1870 1057 1906 pla-

276 1918 311 1944 ne
329 1918 360 1940 ac
382 1911 493 1946 penitus
517 1911 698 1944 fermentata,
718 1918 749 1941 ut
767 1914 872 1942 dictum
892 1920 955 1943 est:
972 1916 1065 1944 Chari-

276 1960 317 1984 tas
331 1964 382 1983 non
394 1958 491 1992 cogitat
507 1957 608 1985 malum
616 1959 649 1991 “,
662 1963 691 1986 et
700 1967 762 1994 qua:
774 1965 938 1997 sequuntur.
953 1962 1065 1997 Absque

275 2002 411 2032 fermento
427 2011 493 2031 vero
509 2004 626 2037 cmlesti,
643 2005 717 2040 quod
737 2010 780 2033 est
793 2007 883 2034 virtus
896 2007 982 2034 divini
1004 2007 1066 2043 Spi-

276 2048 356 2078 ritus.
366 2048 422 2083 90
432 2048 592 2078 fermentari
608 2050 732 2079 bonitate
746 2052 866 2086 Domini,
883 2057 912 2080 et
926 2053 961 2080 ad
980 2054 1064 2082 vitam

276 2095 423 2128 pervenire
437 2095 569 2129 animam,
583 2104 699 2131 prorsus
718 2105 773 2125 non
798 2102 901 2134 potest.
922 2098 1000 2127 Sicut
1015 2108 1066 2127 nec

276 2146 363 2173 genus
387 2139 453 2166 Adae
478 2140 512 2167 ad
537 2145 641 2168 tantam
675 2142 807 2170 malitiam
836 2151 869 2171 ac
911 2145 1065 2180 nequitiam

211 2185 220 2191 ‘
277 2185 400 2211 converti
414 2189 533 2220 poterat,
551 2186 604 2214 nisi
619 2187 730 2215 malitia;
745 2188 921 2224 fermentum,
937 2193 1009 2226 quod
1023 2196 1066 2220 est

278 2228 431 2266 peccatum,
459 2237 487 2258 et
507 2231 621 2261 facultas
636 2234 761 2268 quaadam
782 2236 867 2264 animi
892 2237 1001 2266 Satana:
1024 2239 1066 2266 in-
1080 2229 1102 2257 θ

278 2275 426 2310 tellectiva,
442 2284 505 2304 eum
523 2277 718 2307 subintrasset.

310 2362 355 2391 IV.
371 2363 607 2398 Quemadmodum
617 2367 703 2401 enim,
712 2369 735 2396 si
744 2370 807 2404 quis
820 2370 935 2398 farinam
944 2372 1064 2408 subigat,

275 2415 327 2436 nec
338 2408 505 2438 fermentum
527 2411 646 2446 injiciat',
662 2419 834 2450 quantopere
856 2416 984 2444 videatur
1006 2418 1064 2445 ela-

275 2454 384 2486 borare,
399 2456 538 2484 invertere
557 2465 588 2485 ac
610 2459 729 2493 operari,
751 2460 880 2488 fermenti
905 2469 1004 2498 expers
1024 2467 1067 2491 cst

276 2508 375 2533 massa,
391 2506 419 2529 et
430 2502 464 2529 ad
479 2510 557 2530 esum
573 2504 665 2532 minus
680 2507 841 2534 commoda.-
852 2507 904 2536 Ubi
917 2516 983 2536 vero
1002 2509 1067 2546 inji-

275 2546 365 2573 ciatur
373 2546 551 2582 fermentum,
561 2551 647 2578 trahit
658 2551 692 2578 ad
702 2559 732 2579 se
742 2556 824 2580 totam
833 2552 927 2581 farinae
938 2562 1066 2588 massam,

275 2591 421 2628 redditque
446 2598 531 2622 totam
554 2596 765 2631 fermentatam;
789 2599 862 2626 sicut
882 2604 910 2627 et
935 2600 1068 2629 Dominus

275 2646 390 2673 regnum
405 2641 580 2676 assimilavit,
596 2644 710 2672 dicens:
728 2645 822 2673 Simile
838 2650 876 2673 est
896 2654 1007 2682 regnum
1017 2656 1069 2675 cae-

276 2687 362 2714 lorum
381 2687 520 2722 fermento,
537 2690 607 2725 quod
627 2696 763 2727 acceptum
780 2692 875 2720 mulier
893 2693 1029 2721 abscondit
1039 2695 1068 2722 in

274 2733 373 2769 [urina
391 2735 457 2762 satis
480 2736 574 2769 tribus,
598 2738 680 2765 donec
702 2737 908 2772 fermentaretur
936 2745 1020 2768 totum
1032 2741 1066 2768 ".

276 2777 329 2809 Aut
344 2781 442 2814 veluti,
454 2782 477 2809 si
490 2783 552 2818 quis
563 2778 661 2812 carnes
673 2785 784 2818 habeat,
793 2793 946 2822 earumque
956 2794 1070 2815 conser—

313 2873 334 2887 “
344 2872 460 2907 Philipp.
479 2883 518 2907 ιιι,
530 2874 574 2902 ‘20.

613 2875 656 2903 "l
672 2877 736 2905 Cor.
753 2885 790 2909 v1,
808 2878 848 2904 l7.
887 2878 909 2894 "
922 2878 931 2905 Ι
945 2879 1008 2906 Cor.
1028 2887 1085 2910 xui,
1101 2880 1125 2909 τ.

1113 1594 1226 1629 θότητος
1253 1594 1370 1621 ἐνθεῖναι
1396 1595 1457 1626 ταῖς
1485 1595 1595 1626 πισταῖς
1616 1594 1716 1629 ψυχαῖς
1732 1592 1906 1621 ταπεινωθείιι

1115 1649 1174 1672 σαις
1194 1641 1247 1668 ὑπὸ
1273 1641 1324 1676 τὴν
1350 1641 1508 1676 ἁμαρτίαν·
1539 1641 1588 1669 καὶ
1618 1641 1691 1668 οὕτω
1713 1640 1806 1667 λοιπὸν
1832 1639 1903 1666 κατὰ

1118 1685 1261 1722 προκοπὴν
1279 1686 1325 1712 καὶ
1343 1685 1469 1722 αΰξησιν,
1485 1687 1577 1714 πᾶσαν
1590 1685 1764 1720 δικαιοσύνην
1777 1684 1902 1715 ἐντολῶν,

1114 1732 1161 1758 καὶ
1176 1731 1266 1762 πάσας
1289 1732 1388 1766 ἀρετὰς
1405 1732 1433 1758 ὲν
1449 1732 1547 1764 αὐτοῖς
1570 1731 1738 1763 ἐπιτελέσαι,
1751 1730 1804 1762 ἕως
1816 1727 1846 1757 οὖ
1857 1729 1904 1761 ζυ-

1116 1776 1243 1813 μωθῶσιν
1253 1777 1294 1809 είς
1307 1776 1336 1803 ἓν
1351 1778 1380 1803 ὲν
1392 1777 1432 1811 τῷ
1445 1776 1553 1812 ἀγαθῷ,
1566 1776 1615 1803 καὶ
1626 1776 1760 1810 γένωνται
1775 1774 1846 1810 μετὰ
1856 1774 1904 1801 τοῦ

1114 1823 1217 1859 Κυρίου
1243 1824 1284 1855 είς
1298 1823 1328 1850 ἓν
1345 1823 1458 1858 Πνεῦμα
1475 1822 1547 1850 κατὰ
1569 1822 1600 1850 τὺ
1614 1822 1704 1856 λόγιον
1720 1822 1838 1855 Παύλου,
1857 1829 1906 1848 κα-

1115 1870 1177 1900 κίας
1202 1869 1249 1895 καὶ
1279 1869 1413 1904 πονηρίας
1441 1869 1509 1904 μηδὲ
1526 1868 1623 1905 μέχρις
1639 1868 1845 1900 ἐννοίαςκὲλθεῖν
1859 1868 1906 1894 δυ-

1114 1914 1236 1950 ναμένης
1251 1914 1281 1941 ἐν
1295 1915 1329 1950 τῇ
1344 1913 1496 1951 ζυμωμένῃ
1509 1915 1582 1950 ψυχῇ
1599 1915 1647 1951 ὅλῃ
1666 1915 1694 1949 ἐξ
1709 1915 1770 1941 ὅλου
1790 1914 1829 1949 τῷ
1842 1914 1906 1948 θείῳ

1115 1961 1266 1996 Πνεύματι,
1280 1960 1371 1993 καθὼς
1386 1960 1504 1995 εἴρηται,
1514 1960 1652 1996 Ἠὰγάπη
1667 1961 1703 1988 οὐ
1714 1960 1859 1995 λογίζεται
1872 1960 1906 1987 τὸ

1115 2007 1221 2039 κακὸν,
1240 2007 1286 2033 καὶ
1311 2007 1347 2033 τά
1362 2007 1506 2034 ἀκόλουθα.
1529 2008 1611 2034 Ἀνευ
1632 2007 1661 2034 δὲ
1686 2007 1734 2034 τοῦ
1756 2005 1907 2042 προζυμίου

1115 2051 1162 2079 τοῦ
1182 2052 1356 2088 ἐπουρανίου,
1373 2052 1442 2088 ὅπερ
1470 2053 1544 2079 ἐστὶν
1558 2054 1576 2088 ἡ
1592 2053 1640 2080 τοῦ
1657 2052 1731 2080 θείου
1747 2052 1908 2088 Πνεύματος

1114 2098 1240 2134 δύναμις,
1264 2098 1424 2134 ζυμωθῆναι
1441 2099 1471 2125 ὲν
1485 2099 1519 2135 τῇ
1536 2099 1702 2134 χρηστότητι
1726 2098 1774 2125 τοῦ
1791 2097 1906 2133 Κυρίου,

1115 2144 1163 2170 καὶ
1176 2144 1346 2179 καταντῆσαι
1368 2143 1458 2178 ψυχὴν
1483 2143 1524 2175 είς
1537 2144 1620 2179 ζωὴν,
1636 2143 1778 2171 ἀδύνατον.
1798 2143 1907 2178 Ὠσπερ

1114 2190 1176 2217 οὐδὲ
1190 2190 1221 2217 τὸ
1243 2190 1321 2225 γένος
1337 2189 1385 2218 τοῦ
1403 2190 1490 2226 Ἀδὰμ
1515 2192 1556 2222 εἰς
1581 2190 1717 2226 τοσαύτην
1739 2191 1838 2217 κακίαν
1860 2190 1909 2216 καὶ

1118 2237 1253 2271 πονηρίαν
1267 2235 1441 2271 ἐκτραπῆναι
1456 2235 1585 2270 ἠδύνατο,
1607 2236 1632 2262 εί
1648 2235 1685 2271 μὴ
1701 2234 1731 2262 τὸ
1744 2235 1795 2270 τῆς
1809 2234 1909 2265 κακίας

1118 2281 1278 2318 προζύμιον,
1295 2282 1364 2317 ὅπερ
1378 2282 1452 2309 ἐστὶν
1465 2283 1481 2318 ἡ
1498 2281 1632 2318 ἁμαρτία,
1645 2280 1807 2316 ὕπεισῆλθεν
1822 2279 1906 2315 αὐτῷ,

1118 2328 1215 2365 λογική
1229 2337 1272 2360 τις
1288 2328 1356 2355 οὖσα
1373 2329 1419 2355 καὶ
1433 2328 1514 2365 νοερὰ
1527 2328 1640 2363 δύναμις
1652 2327 1698 2354 τοῦ
1712 2328 1811 2354 Σατᾶν.

1155 2376 1191 2402 Δ’.
1207 2375 1313 2410 Ὥσπερ
1328 2374 1383 2409 γὰρ
1404 2375 1452 2402 ἐὰν
1467 2383 1509 2406 τις
1523 2374 1625 2409 ἄλευρα
1641 2373 1762 2409 φυράσῃ,
1782 2373 1819 2408 μὴ
1842 2371 1908 2408 βάλῃ

1118 2419 1147 2446 δὲ
1160 2419 1323 2455 προζύμιον,
1340 2420 1401 2447 ὅσον
1415 2419 1449 2447 ἂν
1464 2420 1529 2456 δοκῇ
1549 2419 1740 2454 ἐπιμελεῖσθαι
1758 2418 1805 2445 καὶ
1826 2426 1910 2454 μετα-

1119 2465 1239 2499 ϐάλλειν,
1261 2466 1308 2492 καὶ
1324 2465 1555 2501 κατεργάζεσθαι,
1572 2465 1677 2501 ἄζυμόν
1702 2466 1761 2491 ἐστι
1776 2464 1806 2491 τὸ
1823 2463 1911 2500 φύρα-

1122 2520 1171 2546 μα,
1189 2511 1234 2538 καὶ
1249 2511 1436 2547 ἀνεπιτήδειον
1457 2512 1496 2544 είς
1515 2511 1634 2547 βρῶσιν
1652 2510 1722 2538 ἐπὰν
1736 2510 1766 2537 δὲ
1792 2510 1877 2545 βληθῇ
1893 2510 1910 2544 ἠ

1121 2555 1206 2592 ζύμη,
1223 2556 1300 2583 ἕλκει
1324 2556 1393 2591 πρὸς
1415 2555 1500 2591 αὐτὴν
1513 2556 1574 2582 ὅλον
1589 2556 1620 2582 τὸ
1632 2555 1679 2582 τοῦ
1694 2555 1809 2591 ἀλεύρου
1824 2553 1912 2590 φύρα-

1123 2611 1172 2638 μα,
1198 2602 1244 2629 καὶ
1267 2602 1456 2637 ἀπεργάζεται
1476 2602 1537 2629 ὅλον
1560 2601 1661 2637 ζύμην,
1682 2601 1810 2636 καθάπερ
1835 2600 1883 2627 καὶ
1897 2601 1912 2627 ὁ

1121 2647 1224 2683 Κύριος
1247 2648 1399 2684 παρείκασε
1429 2647 1477 2683 τὴν
1505 2647 1653 2682 βασιλείαν,
1682 2646 1779 2679 εἰπὼν,
1814 2645 1913 2681 Ὁμοία

1119 2694 1207 2722 ἐστὶν
1222 2694 1241 2728 ἡ
1254 2694 1400 2727 βασιλεία
1422 2693 1481 2720 τῶν
1495 2693 1632 2728 οὐρανῶν
1647 2692 1731 2729 (tim),
1750 2692 1789 2727 ἢν
1802 2692 1912 2720 λαϐοῦ-

1121 2748 1164 2768 σα
1188 2741 1266 2776 γυνὴ
1285 2741 1421 2775 ἔκρυψεν
1437 2741 1481 2773 εἰς
1500 2740 1633 2775 ἀλεύρου
1660 2738 1740 2767 σάτα
1766 2739 1843 2774 τρία,
1856 2738 1912 2772 ἓως

1122 2785 1159 2816 οὗ
1171 2787 1303 2822 ἐζυμώθη
1313 2787 1397 2813 ὅλον.
1414 2787 1448 2812 Ἦ
1463 2786 1559 2822 ὥσπερ
1576 2784 1654 2824 ὲὰνῇ
1669 2785 1805 2822 κρέα,καὶ
1822 2785 1914 2813 πᾶσαν

1164 2878 1186 2895 "
1213 2878 1308 2906 Matth.
1321 2886 1377 2911 ιιιι,
1391 2878 1440 2910 55;
1463 2877 1531 2906 Luc.
1544 2885 1602 2908 xui.
1617 2877 1661 2905 ‘Zl.
