2078 3151
163 150 215 183 665

758 148 941 182 HOMILIIE.
959 160 993 166 ·-
1009 147 1102 178 ΗΘΜ.
1124 145 1227 179 XXIV.

1737 93 1756 105 δ

1749 152 1804 184 ϐίϐ

165 208 215 243 μὲν
229 205 321 233 αὐτῶν
338 205 497 241 ιπιμίλεισν
520 204 669 241 ποιήσηταί
691 213 744 238 τις,
770 205 808 241 μὴ
834 204 914 240 ἁλίσῃ
928 203 957 230 δὲ

1016 203 1161 232 randarum
1178 204 1338 240 diligentem
1347 211 1442 234 curam
1457 207 1600 243 suscipiat,
1612 216 1667 237 non
1690 212 1802 240 condiat

163 254 244 281 ἀλατι
268 252 307 288 τῷ
327 252 382 279 τῶν
404 252 554 288 σκωλήκων
569 251 745 288 ἁναιρετικῷ,
760 251 808 278 καὶ
823 249 956 282 δυσωδίας

164 297 349 335 άφανιστικῷ,
372 298 430 331 ὖζει
445 299 492 326 καὶ
508 299 645 333 σέσηπται
662 297 700 325 τὰ
712 297 794 334 κρέα,
808 297 856 324 καὶ
870 297 958 332 ἀχρήι

166 353 234 381 σιμα
250 344 397 380 γεγένηται
413 344 472 377 τοῖς
491 343 664 378 ἀνθρώποις⁸
683 343 730 371 τδν
755 342 838 370 αὑτὸν
855 342 957 378 τρόπον

164 390 267 418 ὑπόθου
286 398 331 425 μοι
346 390 438 416 πᾶσαν
451 389 501 425 τὴν
515 388 714 425 ἀνθρωπότητα
727 388 811 425 κρέας
825 385 897 415 εἶναι
911 388 958 414 καὶ

165 436 276 472 ἄζυμα·
291 436 322 463 ἰδ
334 435 363 462 δὲ
380 435 447 467 ἀλας
461 437 509 462 καὶ
525 435 555 462 τὸ
571 435 723 471 προζὺμιον
736 435 766 467 ἐξ
781 434 874 469 ἑτέρου
888 434 958 460 αἰῶ-

166 491 210 514 νος
222 482 277 509 νόει
289 481 338 517 τὴν
351 481 427 508 θείαν
449 480 530 516 φύσιν
547 480 594 508 τοῦ
612 481 691 515 ἀγίου
706 479 875 514 Πνεὺματος.
895 479 960 505 Ἐὰν

165 526 213 555 οὖν
236 527 275 563 μὴ
298 528 382 563 μιγῇ,
395 527 442 554 καὶ
460 526 544 562 βληθῇ
558 527 599 557 είς
618 528 667 562 τὴν
681 525 896 553 ταπεινωθεῖσαν
909 526 961 559 φύ-

168 582 211 600 σιν
233 573 288 600 τῶν
310 572 473 608 ἀνθρώπιον,
495 572 525 605 ἐξ
543 572 646 599 ἐκείνου
663 571 711 598 τοῦ
736 571 846 603 αἰῶνος,
862 571 909 598 καὶ
931 570 962 602 ἐξ

169 619 279 655 ἐκείνης
305 619 356 654 τῆς
379 618 508 654 πατρίδος
523 619 540 653 ὴ
555 617 716 653 ἐπουράνιος
729 616 776 644 τοῦ
801 615 961 651 Πνεύματος

168 664 254 700 ζύμη,
279 663 327 690 καὶ
347 662 378 690 τὸ
403 661 507 697 ἀγαθὸν
523 662 572 697 τῆς
593 662 721 697 θεότητος
735 661 813 695 ἀγιον
831 660 910 692 ἆλας,
929 659 959 686 οὗ

170 709 208 745 μὴ
235 708 391 744 μεταλλαγῇ
413 709 430 743 ἠ
454 707 528 743 ψυχὴ
548 707 603 734 ἀπὸ
621 706 671 742 τῆς
687 706 820 738 δυσωδίας
842 706 892 741 τῆς
915 714 963 732 κα-

168 756 243 787 κίας,
260 754 314 781 οὐδ’
330 755 362 781 οὐ
380 754 418 790 μὴ
435 753 550 789 ζυμωθῇ
571 753 626 780 ἀπὸ
647 753 697 788 τῆς
727 752 890 788 βαρύτητος,
915 751 963 779 καὶ

168 799 338 835 ἀζυμότητος
350 797 401 834 τῆς
412 797 555 833 πονηρίας.

205 843 244 872 Ε’.
259 844 331 871 Ὅσα
343 843 398 879 γὰρ
413 843 460 878 ἀφ’
473 842 573 877 ἑαυτῆς
593 843 609 878 ή
624 842 699 878 ψυχὴ
713 842 786 869 δοκεῖ
800 842 898 874 ποιεῖν,
913 840 962 869 καὶ

170 871 372 925 ἐπιμελεῖσθαι,
383 871 444 915 ’καί
456 871 638 923 ἐπιτηδεύείνξ
709 887 763 923 ίδίᾳ
784 871 898 922 δυνάμει
914 886 962 922 μό-
975 871 1000 901 Β

170 943 216 962 νον
232 933 429 970 ἐπερειδομένη
444 933 493 959 καὶ
512 932 625 967 οἰομένη
648 932 779 959 δύνασθαι
791 931 898 958 τελείαν
912 931 962 966 τὴν

170 981 341 1017 κατόρθωσιν
369 980 403 1008 δι’
435 979 537 1015 ἑαυτῆς
565 979 630 1006 ἀνευ
657 978 708 1014 τῆς
739 977 899 1013 συνεργείας
914 976 962 1005 τοῦ

172 1026 331 1062 Πνεῦματος
367 1024 604 1061 κατεργάσασθαι,
634 1024 702 1051 πολὺ
744 1024 890 1051 πλανᾶται.
924 1022 962 1049 Οὐ

172 1071 335 1108 χρησιμεύει
347 1070 403 1106 γὰρ
418 1071 458 1102 είς
478 1069 541 1102 τοὺς
555 1069 698 1105 οὐρανίους
717 1069 833 1101 τόπους·
848 1069 879 1095 οὐ
893 1076 963 1104 χρη-

173 1117 281 1153 σιμεύει
305 1117 338 1152 τῇ
359 1115 484 1152 βασιλείᾳ
508 1115 526 1151 ή
543 1115 590 1150 ἀφ’
616 1115 715 1150 ἑαυτῆς
744 1114 793 1141 καὶ
810 1114 844 1141 δι’
862 1114 962 1149 ἑαυτῆς

176 1163 268 1198 μόνον,
277 1161 341 1189 ἀνευ
353 1160 400 1188 τοῦ
416 1160 586 1196 Πνεύματος,
599 1160 709 1195 οίομένη
723 1159 772 1195 τὴν
792 1159 899 1187 τελείαν
912 1167 963 1186 και

173 1208 314 1244 θαρότητα
333 1205 518 1242 κατορθῶσαι.
540 1206 604 1233 Ἐὰν
622 1205 676 1241 γὰρ
702 1205 739 1241 μὴ
768 1204 907 1241 προσέλθῃ
925 1205 971 1241 τῷ-

172 1253 233 1289 Θεῷ
246 1253 261 1280 6
280 1252 333 1280 ὑπὸ
346 1252 402 1279 τῶν
418 1251 513 1279 παθῶν
529 1251 724 1287 ὲνεργούμενος
746 1251 899 1287 ἄνθρωπος,
915 1252 965 1287 ἀρ-

173 1299 325 1334 νησάμενος
339 1297 386 1325 τδν
404 1297 517 1333 κόσμον,
541 1298 587 1324 καὶ
604 1297 739 1333 πιστεύσῃ
759 1299 788 1324 ὲν
812 1297 901 1324 ἐλπίδι
915 1297 964 1324 καὶ

174 1345 298 1380 ὑπομονῇ
309 1343 436 1377 δέξασθαι
449 1343 524 1375 ξένον
533 1351 559 1370 τι
574 1344 624 1378 τῆς
640 1343 707 1374 ίδίας
722 1343 828 1377 φύσεως
852 1342 964 1376 ἀγαθὸν,

173 1391 244 1426 ὅπερ
265 1390 340 1417 ἐστὶν
365 1390 382 1425 ὴ
407 1388 523 1424 δύναμις
546 1388 594 1415 τοῦ
618 1389 697 1424 ἁγίου
723 1389 892 1423 Πνεύματος,
918 1389 966 1415 καὶ

175 1434 291 1472 ὲνστάξῃ
303 1435 337 1471 τῇ
351 1435 424 1470 ψυχῇ
440 1434 542 1462 ἀνωθεν
554 1434 569 1460 6
581 1434 683 1469 Κύριος
695 1434 768 1469 ζωὴν
780 1434 917 1469 θεότητος,
934 1435 965 1461 οὐ

176 1482 215 1517 μὴ
231 1481 359 1517 αἴσθηται
374 1481 447 1516 ζωῆς
465 1479 594 1516 ἀληθινῆς
612 1481 627 1506 6
638 1480 770 1514 τοιοῦτος,
796 1480 850 1507 οὐδ’
873 1481 904 1507 οὐ
928 1480 966 1516 μὴ

1009 254 1102 277 autem
1121 250 1187 283 sale,
1201 250 1249 285 qui
1259 251 1290 278 vi
1307 257 1416 280 vermes
1433 252 1624 287 interimendi.
1635 260 1663 283 et
1685 263 1803 292 graveo-

1009 295 1122 323 lentiam
1143 295 1271 324 abolendi
1289 297 1371 331 valet,
1388 297 1442 326 illae
1467 306 1566 327 carnes
1579 301 1700 336 graviter
1713 302 1801 335 olent,

1008 347 1041 368 ac
1058 340 1221 376 putretiunt,
1237 345 1321 377 atque
1345 342 1458 370 inutiles
1476 344 1633 372 hominibus
1656 346 1740 375 ﬁunt:
1754 355 1802 375 eo-

1009 387 1072 414 dem
1103 387 1207 420 modo,
1238 393 1342 416 statuas
1369 389 1438 416 mihi
1465 397 1574 418 omnem
1599 392 1801 421 humanitatem

1009 439 1121 459 carnem
1138 440 1210 466 esse,
1227 439 1275 461 aut
1290 442 1408 462 massam
1420 434 1549 464 fermenti
1571 442 1729 472 expertem;
1758 439 1798 466 sal

1010 480 1102 503 autem
1113 484 1145 503 ac
1155 476 1322 504 fermentum
1330 486 1363 505 ex
1373 479 1461 506 altero
1471 480 1571 507 saeculo
1581 481 1718 516 intelligas
1727 489 1800 516 esse,

1011 519 1132 546 divinam
1145 520 1252 547 scilicet
1267 526 1392 549 naturam
1407 522 1527 556 Spiritus
1541 524 1639 551 sancti.
1656 524 1715 552 Nisi
1732 533 1799 561 ergo

1010 564 1175 598 permistum
1201 569 1230 592 et
1243 565 1396 593 immissum
1411 566 1496 595 fuerit
1511 568 1538 595 in
1559 568 1730 597 humiliatam
1751 578 1802 598 na-

1012 613 1101 636 turam
1115 610 1259 638 hominum
1276 619 1310 639 ex
1327 612 1374 639 illo
1393 613 1505 646 saeculo,
1521 618 1550 641 et
1575 621 1609 641 ex
1631 615 1678 642 illa
1700 616 1800 650 patria,

1012 655 1123 683 caeleste
1134 655 1255 691 Spiritus
1267 656 1446 691 fermentum,
1465 663 1646 695 sanctumque
1656 668 1688 688 ac
1699 661 1802 688 bonum

1012 700 1165 730 divinitatis
1190 703 1250 736 sal,
1271 710 1327 731 non
1353 708 1436 732 exuet
1462 705 1555 733 anima
1586 707 1801 741 graveolentiam

1012 745 1136 780 malitiae,
1154 755 1205 775 nec
1222 747 1447 783 fermentabitur,
1467 749 1506 778 ita
1527 755 1560 778 ut
1577 751 1697 787 deponat
1710 753 1802 788 gravi-

1013 795 1110 826 tatem,
1124 797 1152 820 et
1166 801 1252 822 vacua
1265 794 1329 823 sita
1344 795 1480 824 fermento
1492 797 1615 825 malitiae.

1051 839 1083 868 V.
1103 841 1278 875 Quaecunque
1291 841 1364 869 enim
1377 842 1489 870 videtur
1500 842 1591 870 anima
1603 851 1654 878 per
1666 851 1695 871 se
1706 851 1800 879 agere,

1012 887 1158 915 elaborare
1180 891 1262 922 atque
1279 887 1425 922 perlicere,
1443 888 1510 916 solis
1524 888 1632 916 viribus
1646 889 1704 917 suis
1720 889 1801 923 freta,

1012 937 1042 961 et
1057 933 1219 961 existimans
1234 939 1263 959 se
1276 939 1357 967 posse
1372 932 1527 967 perfectum
1544 942 1614 969 opus
1638 943 1654 962 a
1678 943 1707 962 se
1732 935 1802 970 ipsa,

1013 977 1117 1012 absque
1128 976 1231 1004 auxilio
1243 975 1363 1011 Spiritus
1374 984 1518 1012 peragere,
1529 982 1588 1005 toto
1599 979 1670 1006 ctelo
1681 979 1802 1007 aberrat.

1013 1023 1074 1052 Non
1085 1024 1160 1051 enim
1177 1023 1277 1050 idonea
1293 1028 1337 1050 est
1351 1023 1385 1050 ad
1400 1023 1476 1051 locos
1486 1024 1625 1057 catlestes,
1641 1032 1693 1052 nec
1705 1025 1804 1053 idonea

1013 1069 1049 1098 ad
1065 1077 1192 1105 regnum,
1207 1077 1268 1105 quae
1282 1077 1298 1097 a
1313 1076 1342 1097 se
1355 1069 1424 1104 ipsa,
1438 1074 1466 1098 et
1478 1078 1528 1104 per
1541 1077 1571 1098 se
1587 1071 1685 1102 solam,
1700 1071 1805 1106 absque

1015 1115 1120 1152 Spiritu
1137 1120 1243 1149 sanctp,
1258 1116 1398 1143 existimat
1412 1116 1562 1151 perfectam
1581 1118 1730 1152 puritatem
1747 1118 1805 1145 eili-

1015 1170 1088 1190 cere.
1106 1162 1164 1190 Nisi
1183 1162 1256 1189 enim
1272 1162 1306 1190 ad
1327 1162 1411 1190 Deum
1429 1163 1589 1195 accesserit,
1605 1164 1652 1198 qui
1678 1163 1804 1192 aﬂectio-

1014 1208 1098 1235 nibus
1113 1208 1243 1243 amigitur
1257 1208 1351 1240 homo,
1367 1211 1396 1234 et
1413 1208 1546 1235 mundum
1564 1208 1751 1244 abnegaverit,
1773 1218 1806 1237 ac

1016 1253 1044 1280 in
1056 1261 1104 1288 spe
1112 1261 1144 1281 ac
1157 1254 1289 1288 patientia
1300 1253 1463 1285 crediderit,
1473 1262 1504 1282 se
1512 1259 1705 1289 suscepturum
1716 1255 1805 1290 quod-

1016 1298 1080 1326 dam
1093 1298 1197 1325 bonum
1214 1298 1316 1325 aliuda
1341 1306 1389 1325 sua
1414 1302 1524 1330 natura,
1553 1299 1626 1333 quod
1654 1303 1697 1326 est
1717 1300 1805 1326 virtus

1017 1344 1106 1372 sancti
1122 1343 1257 1378 Spiritus;
1273 1351 1305 1371 ac
1320 1343 1440 1378 desuper
1453 1344 1628 1371 instillat-erit
1643 1345 1740 1372 anima:
1755 1345 1806 1372 lio-

1016 1390 1110 1417 minus
1122 1390 1207 1417 vitam
1223 1389 1357 1422 divinam,
1380 1389 1405 1417 is
1427 1397 1602 1425 nequaquam
1616 1399 1707 1419 veram
1721 1391 1804 1418 vitam

1016 1435 1162 1471 percipiet,
1176 1443 1266 1470 neque
1287 1435 1431 1470 resipiscet
1445 1435 1480 1462 ab
1508 1436 1642 1464 ebrietate
1670 1437 1805 1471 materiae,

1017 1488 1069 1507 nec
1083 1480 1199 1516 fulgebit
1213 1480 1345 1515 splendor
1369 1479 1492 1515 Spiritus
1517 1481 1545 1508 in
1573 1483 1665 1509 anima
1690 1482 1808 1510 obtene-

175 1526 301 1563 ἀνανήψῃ
321 1527 354 1553 ὲκ
379 1527 429 1562 τῆς
455 1526 540 1562 μέθης
569 1526 619 1562 τῆς
645 1525 722 1562 ὕλης,
747 1526 778 1553 οὐ
807 1527 844 1562 μὴ
859 1526 966 1562 αὐγάσῃ

1018 1526 1107 1558 brata,
1125 1531 1173 1554 aut
1188 1526 1355 1554 illuminabit
1367 1527 1395 1554 in
1411 1535 1444 1555 ea
1459 1531 1582 1555 sanctam
1607 1527 1693 1560 diem,
1720 1535 1771 1556 nec
1791 1536 1807 1556 a

177 1571 316 1608 φωτισμδς
330 1570 378 1598 τοῦ
404 1571 564 1606 Πνεύματος
584 1571 614 1597 ὲν
633 1572 667 1606 τῇ
683 1571 862 1607 ὲσκοτισμένῃ
879 1571 964 1607 ψυχῇ,

177 1618 225 1644 καὶ
236 1617 332 1654 λάμψῃ
345 1618 374 1645 ὲν
389 1617 457 1653 αὑτῇ
475 1616 582 1652 ἡμέραν
596 1616 687 1651 ἁγίαν.
709 1616 757 1644 καὶ
772 1617 805 1644 ὲκ
819 1617 867 1644 τοῦ
883 1616 967 1652 βαθυο

1018 1577 1115 1598 somno
1139 1571 1356 1605 profundissimo
1383 1571 1545 1607 ignorantiae
1575 1572 1752 1604 excitabitur,
1777 1577 1807 1600 ut

1017 1614 1071 1642 hoc
1093 1615 1175 1642 modo
1202 1623 1299 1643 revera
1323 1616 1411 1643 Deum
1427 1622 1576 1652 cognoscat
1597 1625 1647 1651 per
1675 1618 1807 1645 virtutem

178 1663 259 1691 τάτου
275 1663 360 1691 ὕπνου
381 1663 431 1699 τῆς
449 1663 560 1697 ἀγνοίας
577 1662 737 1698 ὲξυπνισθῇ,
762 1663 811 1689 καὶ
835 1662 922 1694 οὓτως
936 1662 967 1695 ἐξ

1017 1661 1066 1689 Dei
1079 1664 1108 1689 et
1124 1660 1272 1689 emcaciam
1284 1661 1389 1697 gratias.

178 1708 307 1745 ἀληθείας
321 1709 424 1744 ἐπιγνῷ
442 1708 509 1736 Θεὸν
522 1708 566 1736 διὰ
578 1707 718 1743 δυνάμεως
730 1707 809 1740 Θεοῦ,
825 1708 873 1734 καὶ
890 1709 966 1743 ἐνερ-

178 1756 256 1790 γείας
268 1756 388 1791 χάριτος.

214 1802 261 1834 εἷ’.
286 1800 348 1827 Ἐὰν
373 1799 428 1836 γὰρ
445 1798 483 1835 μὴ
510 1797 597 1831 οὕτως
623 1797 778 1834 καταξιωθῇ
794 1799 809 1825 6
825 1798 968 1834 ἄνθρωπος

178 1845 223 1873 διὰ
236 1846 285 1881 τῆς
301 1845 419 1877 πίστεως
434 1844 481 1871 τοῦ
502 1844 595 1871 λαϐεῖν
608 1844 699 1880 χάριν,
713 1845 760 1871 καὶ
781 1843 968 1878 ἀνεπιτήδειος

180 1890 228 1917 κει)⁵
240 1889 383 1922 άνεύθετός
398 1891 456 1916 ἐστι
470 1891 502 1926 τῇ
516 1889 652 1925 βασιλείᾳ·
667 1889 714 1916 καὶ
727 1889 808 1916 πάλιν
822 1889 968 1924 δεξάμενος

179 1935 228 1970 τὴν
244 1935 324 1970 χάριν
344 1933 391 1962 τοῦ
413 1935 572 1970 Πνεύματος
586 1936 615 1961 ἐν
641 1934 736 1970 μηδενὶ
758 1934 968 1969 παρατρεπόμε-

180 1989 236 2014 νος,
260 1980 308 2007 καὶ
329 1981 379 2014 τὴν
400 1982 481 2016 χάριν
495 1981 534 2016 μὴ
550 1980 700 2016 ἐνυϐρίζων
713 1979 747 2007 δι’
762 1980 894 2015 ἀμελείας
920 1988 956 2006 κα

181 2026 382 2062 κακοπραγίας,
398 2027 446 2053 καὶ
459 2026 546 2058 οὕτως
563 2026 610 2053 ὲπὶ
635 2026 742 2062 χρόνοις
764 2026 969 2061 ἀγωνισάμενος

183 2074 221 2109 μὴ
235 2073 345 2109 λυπήσῃ
363 2072 393 2099 τὸ
409 2072 532 2108 Πνεῦμα,
548 2072 692 2107 δυνήσεται
704 2073 754 2107 τῆς
769 2072 880 2099 αἰωνίου
895 2071 969 2107 ζωῆς

181 2118 331 2153 ὲπιτυχεῖν.
356 2117 463 2153 Ὠσπερ
487 2117 542 2153 γάρ
570 2125 613 2149 τις
643 2116 800 2144 αἰσθάνεται
813 2117 868 2144 τῶν
893 2117 970 2152 ἔνερ-

182 2164 263 2198 γειῶν
276 2163 328 2199 τῆς
342 2163 448 2194 κακίας
466 2163 500 2190 ἐκ
522 2162 577 2189 τῶν
597 2162 703 2197 παθῶν,
723 2163 795 2198 λέγω
808 2162 906 2198 θυμοῦ,
921 2163 969 2189 καὶ

1052 1801 1097 1830 Ἥ.
1112 1800 1170 1829 Nisi
1180 1800 1255 1839 enim
1263 1801 1303 1829 sic
1313 1801 1413 1837 dignus
1420 1802 1558 1830 habeatur
1569 1803 1652 1830 homo
1663 1811 1712 1838 per
1723 1803 1805 1830 iidem

1018 1847 1133 1882 gratiam
1149 1847 1293 1881 consequi,
1305 1847 1413 1875 inutilis
1426 1853 1482 1879 est,
1495 1855 1548 1876 nec
1559 1854 1641 1883 aptus
1651 1849 1683 1875 ad
1694 1857 1808 1884 regnum

1018 1893 1079 1921 Dei.
1104 1893 1224 1921 Rursum
1250 1902 1330 1924 vero,
1357 1895 1403 1929 qui
1434 1900 1600 1922 consecutus
1623 1901 1665 1923 cst
1693 1897 1808 1931 gratiam

1020 1938 1148 1974 Spiritus,
1163 1946 1215 1966 nec
1229 1938 1283 1966 ulla
1295 1943 1373 1974 parte
1386 1947 1500 1968 aversus
1511 1941 1627 1975 gratiam
1642 1942 1808 1968 contumelia

1019 1984 1102 2012 allicit
1119 1992 1169 2019 per
1181 1984 1379 2020 negligentiam
1407 1990 1455 2012 aut
1476 1985 1608 2013 delictum
1624 1990 1669 2013 :ct
1691 1987 1731 2013 sic
1760 1987 1808 2021 qui

1020 2031 1119 2067 quovis
1137 2034 1258 2066 tempore
1278 2030 1414 2059 dimicans
1432 2039 1486 2058 non
1502 2032 1649 2059 contristat
1664 2031 1808 2067 Spiritum,

1019 2077 1121 2113 poterit
1132 2081 1243 2104 aeternae
1253 2076 1316 2104 vitae
1328 2076 1466 2112 particeps
1484 2077 1554 2104 ileri.
1571 2077 1809 2110 Quemadmodum

1020 2121 1094 2150 enim
1108 2121 1170 2156 quis
1186 2121 1271 2148 sentit
1279 2121 1454 2156 operationes
1476 2121 1591 2149 malitia:
1610 2129 1643 2149 ex
1665 2121 1731 2156 ipsis
1745 2122 1812 2149 πσρ-

1021 2167 1173 2199 ctionibus,
1198 2167 1246 2199 ita,
1275 2166 1402 2201 inquam,
1427 2166 1668 2202 concupiscentia,
1696 2167 1810 2200 invidia,

182 2209 342 2244 ἐπιθυμίας,
367 2209 415 2235 καὶ
441 2207 552 2243 φθόνου,
570 2208 618 2235 καὶ
637 2208 748 2244 βάρους,
776 2209 823 2235 καὶ
843 2209 967 2245 πονηρῶν

1025 2219 1136 2248 torpore
1159 2220 1191 2240 ac
1204 2212 1297 2248 pravis
1304 2212 1531 2248 cogitationibus,
1547 2216 1575 2240 et
1587 2213 1702 2247 reliquis
1713 2213 1811 2240 absur-

181 2255 331 2290 λογισμῶν,
348 2255 396 2281 καὶ
419 2255 474 2281 τῶν
487 2255 590 2281 λοιπῶν
608 2256 794 2290 ἀτοπημάτων
806 2264 813 2271 ·
829 2255 916 2288 οὕτως
929 2257 972 2284 αι-

182 2298 327 2326 σθάνισθαι
339 2299 441 2334 ὀφείλει
451 2300 502 2335 τῆς
515 2300 624 2335 χάριτος
636 2301 683 2327 καὶ
694 2301 836 2336 δυνάμεως
845 2301 893 2328 τοῦ
903 2301 971 2328 Θεοῦ

182 2345 211 2371 ὲν
223 2346 283 2376 ταῖς
305 2345 428 2380 ἀρεταῖς,
451 2345 548 2382 ἀγάπῃ
571 2345 654 2380 λέγω,
670 2346 718 2372 καὶ
732 2347 906 2381 χρηστότητι,
925 2347 973 2374 καὶ

182 2391 265 2426 χαρᾷ,
290 2391 338 2417 καὶ
359 2390 534 2426 ὶλαφρότητι,
563 2393 610 2418 καὶ
637 2391 798 2425 ἀγαλλιάσει
826 2391 898 2428 θείᾳ,
927 2393 971 2420 ἴνα

183 2435 384 2470 ὲξομοιωθῆναι
400 2435 513 2472 δυνηθῇ,
536 2436 584 2463 καὶ
607 2437 829 2472 συγκερασθῆναι
847 2439 882 2474 τῇ
903 2439 974 2472 ἀγα-

183 2481 217 2517 θῇ
235 2481 283 2508 καὶ
302 2480 362 2517 θεία
386 2480 479 2516 φύσει,
509 2481 556 2508 καὶ
581 2482 614 2517 τῇ
638 2483 744 2517 χρηστῇ
772 2483 819 2509 καὶ
842 2483 909 2517 ἁγίᾳ
923 2483 975 2518 τῆς

184 2527 297 2562 χάριτος
334 2526 461 2563 ἐνεργείᾳ
471 2535 479 2542 ·
494 2527 566 2554 κατὰ.
579 2527 721 2563 προκοπὴν
743 2527 772 2554 δὲ
788 2527 836 2555 καὶ
859 2527 975 2564 αὔξησιν

183 2569 386 2606 δοκιμαζομένη
401 2571 510 2607 χρόνοις
527 2572 575 2598 καὶ
595 2573 700 2606 καιροῖς
716 2573 733 2608 ἡ
753 2573 924 2609 προαίρεσις,
949 2574 974 2601 εί

186 2615 343 2642 συνινοῦται
357 2615 475 2643 πάντοτε
496 2617 529 2652 τῇ
549 2616 651 2652 χάριτι,
667 2617 715 2644 καὶ
734 2617 882 2653 εὐάρεστος
899 2619 974 2655 εὑρί-

187 2668 293 2693 σκεται,
311 2660 417 2694 γίνεται
432 2661 481 2696 ὅλη
494 2661 524 2694 ἐξ
535 2662 596 2689 ὅλου
610 2662 680 2689 κατὰ
695 2664 837 2699 προκοπὴν
846 2665 875 2691 ὲν
890 2664 974 2692 Πνεύ‹

188 2715 265 2741 ματι,
284 2707 332 2734 καὶ
347 2706 418 2734 οὕτω
435 2707 530 2734 λοιπὸν
551 2708 618 2743 ἁγία
643 2708 692 2735 καὶ
719 2709 829 2745 καθαρά
856 2710 900 2738 διὰ
927 2711 974 2738 τοῦ

188 2747 346 2787 Πνεύματος
365 2751 574 2787 ὶξεργασθείσα,
595 2753 645 2788 τῆς
656 2752 796 2788 βασιλείας
821 2754 884 2787 ἀξία
911 2755 977 2782 καθ.

189 2796 305 2823 ίσταται.
322 2795 392 2828 Δόξα
409 2797 457 2824 καὶ
473 2797 659 2832 προσκύνησις
684 2797 724 2833 τῷ
731 2798 863 2834 ,άχράντῳ
875 2799 973 2836 Πατρὶ,

188 2841 236 2868 aut
251 2840 317 2876 Υιῷ,
331 2842 380 2868 καὶ
389 2842 459 2878 ἁγίῳ
473 2842 626 2878 Πνεύματι,
635 2844 675 2876 sic
689 2844 752 2877 τοὺς
765 2844 876 2877 αἰῶνας.
886 2846 981 2883 Ἀμήν.

1023 2259 1156 2287 ditatibus
1181 2267 1188 2286 :
1214 2258 1255 2286 sic
1277 2258 1381 2286 sentire
1407 2266 1518 2293 quoque
1543 2258 1626 2285 debet
1649 2259 1763 2294 gratiam
1784 2263 1813 2285 et

1022 2305 1155 2332 virtutem
1177 2304 1225 2331 Dei
1253 2304 1282 2331 in
1305 2304 1469 2335 virtutibus,
1495 2303 1656 2336 dilectione,
1689 2304 1812 2338 inquam,

1023 2351 1203 2386 benignitate,
1226 2350 1359 2382 bonitate,
1382 2349 1494 2385 gaudio,
1514 2349 1690 2384 simplicitate
1718 2353 1746 2376 ct
1765 2356 1814 2376 ex-

1024 2397 1173 2425 sultatione
1193 2396 1295 2429 divina,
1323 2400 1355 2423 ut
1377 2396 1524 2423 assimilari
1542 2396 1629 2430 possit
1657 2403 1690 2422 ac
1708 2395 1813 2429 permi-

1023 2443 1094 2471 sceri
1107 2449 1170 2469 cum
1187 2441 1259 2468 bona
1289 2449 1322 2468 ac
1344 2441 1437 2470 divina
1466 2447 1576 2474 natura,
1598 2448 1660 2468 cum
1693 2441 1811 2476 benigna

1022 2494 1055 2514 ac
1063 2490 1157 2515 sancta
1166 2486 1259 2520 gratiae
1269 2485 1398 2513 elllcacia.
1415 2486 1534 2513 Intentio
1545 2493 1611 2513 vero
1621 2485 1745 2520 profectu
1757 2486 1810 2520 ει

1023 2539 1055 2560 ac
1070 2532 1240 2559 incremento
1257 2531 1371 2566 probata
1399 2531 1531 2566 temporis
1551 2539 1692 2563 successu,
1709 2537 1737 2559 et
1765 2539 1814 2567 op-

1023 2578 1203 2613 portunitate.
1217 2577 1240 2605 si
1252 2577 1348 2613 gratim.
1365 2585 1474 2612 semper
1484 2577 1561 2605 unita
1572 2582 1600 2606 et
1611 2582 1688 2613 grata
1701 2578 1812 2605 inventa

1026 2623 1121 2655 fuerit,
1137 2627 1193 2650 tota
1210 2629 1326 2658 prorsus
1345 2622 1536 2657 promovendo
1554 2622 1584 2650 ﬁt
1598 2623 1760 2658 spiritltalis,
1781 2631 1813 2650 ac

1026 2668 1170 2704 deinceps,
1183 2672 1276 2696 sancta
1285 2672 1313 2695 et
1323 2675 1391 2702 pura
1399 2675 1448 2703 per
1461 2667 1593 2702 Spiritum
1606 2667 1714 2700 effecta,
1728 2676 1814 2703 regno

1026 2713 1108 2749 digna
1123 2713 1251 2742 ctiicitur.
1278 2712 1372 2741 Gloria
1399 2718 1427 2740 ct
1450 2713 1575 2740 adoratio
1598 2713 1814 2740 incontatninato

1026 2760 1122 2793 Patri,
1149 2764 1179 2788 et
1205 2760 1295 2793 Filio,
1319 2764 1347 2788 ct
1374 2759 1490 2795 Spiritui
1519 2764 1624 2794 sancto,
1649 2759 1676 2786 in
1703 2759 1813 2787 saecula.

1026 2804 1125 2833 Amen.
1674 2816 1677 2818 ν
