2078 3151
163 137 217 169 689

754 136 938 168 HOMILI/E.
949 147 986 153 -
1000 135 1094 168 HOM.
1114 138 1201 169 XXV.

1742 141 1794 173 670

165 193 263 229 μαθεῖν
276 190 348 223 τίνος
363 191 456 220 ἕνεκεν
476 191 631 225 κτισθέντες
647 193 676 220 ὲν
691 194 759 229 τιμῇ
792 195 839 221 καὶ
864 202 955 220 κατοι-

1009 193 1116 222 discere
1141 193 1281 222 desideres
1307 201 1360 229 qua
1375 194 1410 223 de
1429 203 1522 228 causa,
1540 202 1603 223 eum
1627 203 1750 224 essemus
1766 197 1795 225 in

163 238 305 269 κισθέντες
324 239 354 264 ἐν
367 238 538 274 παραδείσῳ,
554 239 708 266 τελευταῖον
722 239 955 275 συμπαρεόλήθη-

166 293 214 318 μεν
230 285 286 314 τοῖς
307 283 434 319 ἀνοήτοις
459 285 582 319 κτήνεσι,
597 286 644 311 καὶ
657 285 839 320 ὡμοιώθημεν
853 285 955 318 αὐτοῖς,

166 330 397 362 ,ιποπεπτωκότες
413 331 463 365 τῆς
488 331 623 366 ἀχράντου
648 330 737 365 δόξης,
758 331 887 365 γίνωσκε,
915 331 956 357 ὅτι

164 376 207 402 διὰ
220 377 270 411 τῆς
284 375 427 411 παρακοῆς
442 376 529 402 δοῦλοι
543 377 592 412 τῆς
607 377 709 412 σαρκὸς
733 376 827 403 παθῶν
844 376 957 412 γενόμε-

165 430 205 448 νοι
223 416 427 456 ἀπεκλείσαμεν
444 421 558 453 ἑαυτοὺς
572 421 623 456 τῆς
641 421 780 457 μακαρίας
798 421 888 458 χώρας
902 422 956 449 τῶν

165 465 285 498 ζώντων,
300 466 349 493 καὶ
365 467 394 493 ἐν
407 465 582 503 αἰχμαλωσίᾳ
602 467 754 502 γενόμενοι,
776 467 817 494 ἐτι
834 467 881 494 ἐπὶ
902 466 956 494 τῶν

166 512 299 546 ποταμῶν
313 511 474 543 Βαϐυλῶνος
504 511 677 547 καθεζόμεθα
688 517 698 526 ·
716 512 762 539 καὶ
776 511 820 538 διὰ
829 511 860 538 τδ
872 511 912 538 ἔτι
927 512 957 538 ὲν

165 558 298 594 Αίγύπτῳ
310 559 384 594 ἡμᾶς
401 556 576 594 κατέχεσθαι,
590 558 667 586 οὔπω
692 558 954 594 ἐκληρονομήσαμεν

165 604 216 639 τὴν
235 603 288 639 γῆν
321 603 499 638 ἐπαγγελίας,
513 603 563 640 τὴν
589 604 705 640 ῥέουσαν
719 604 791 639 γάλα
810 604 858 631 καὶ
883 604 955 640 μέλι.

165 648 250 676 Οὔπω
263 646 490 685 συνεφυράθῆμεν
503 651 536 685 τῇ
549 649 623 686 ζύμῃ
638 650 689 685 τῆς
701 649 887 684 είλικρινείας,
898 649 956 676 ἀλλ’

165 695 206 722 ἔτι
225 696 310 731 ἐσμὲν
327 696 356 722 ἐν
370 697 403 731 τῇ
417 695 468 731 τῆς
495 696 629 732 πονηρίας
649 695 735 731 ζύμῃ.
756 695 840 722 Οὔπω
858 696 957 731 ὲῤῥαν-

164 741 244 776 τίσθη
265 741 345 776 ἡμῶν
360 742 378 777 ἡ
396 741 498 776 καρδία
521 741 560 776 τῷ
582 741 679 777 αἵματι
692 740 740 768 τοῦ
754 741 838 768 Θεοῦ·
851 741 891 768 ἔτι
902 740 957 776 γὰρ

163 785 194 811 τὸ
209 785 347 820 πὲταυρον
364 784 412 812 τοῦ
430 785 506 821 ᾅδου,
523 786 569 812 καὶ
589 785 620 812 τὸ
630 785 778 822 ἄγκιστρον
791 785 843 821 τῆς
857 786 958 818 κακίας

163 831 176 856 ἐ
180 831 340 866 μπέπηκται
351 831 430 866 αὐτῇ.

198 875 235 904 Δ’.
250 875 333 902 Οὔπω
349 875 541 912 ἀπειλήφαμεν
560 877 610 912 τὴν
635 876 795 912 ἁγαλλίασιν
808 876 856 904 τοῦ
873 885 958 913 σωτη-

166 921 224 957 ρίου
239 921 287 948 τοῦ
306 922 436 956 Χριστοῦ.
471 921 511 948 ἐτι
531 923 585 958 γὰρ
600 922 631 949 τὸ
650 923 762 958 κέντρον
781 923 829 949 τοῦ
841 923 956 950 θανάτου

164 967 399 1003 ἐγκατερμζωται
413 968 489 1003 ἡμῖν.
504 968 591 995 Οϋπω
602 968 811 1004 ἐνεδυσὰμεθα
824 969 880 996 τὸν
895 977 956 996 και-

164 1014 221 1040 νὸν
248 1013 417 1047 ἄνθρωπον,
444 1013 498 1040 τὸν
528 1013 603 1040 κατὰ
634 1015 709 1040 Θεὸν
732 1014 894 1041 κτισθέντα
921 1014 958 1041 ἐν

163 1059 298 1093 ὁσιότητι
306 1067 313 1073 ·
326 1057 430 1092 ἐπειδὴ
445 1057 527 1085 οὔπω
539 1058 750 1093 ἀπεδυσάμεθα
761 1058 815 1085 τὸν
826 1058 958 1086 παλαιὸν

164 1104 331 1138 ἄνθρωπον,
351 1103 405 1131 τὸν
431 1104 627 1138 φθειρόμενον
637 1104 713 1131 κατὰ
730 1104 784 1137 τὰς
798 1104 957 1140 ἐπιθυμίας

164 1147 221 1182 τῆς
242 1148 371 1184 ἀπάτης.
384 1149 473 1175 οὔπω
497 1148 683 1183 φορέσαντες
707 1149 765 1184 τὴν
779 1150 881 1177 εἰκόνα
902 1150 956 1177 τοῦ

164 1194 356 1228 ἐπουρανίου,
374 1194 545 1229 σύμμορφοι
562 1194 618 1228 τῆς
639 1195 734 1230 δόξης
759 1195 854 1222 αὐτοῦ
871 1196 957 1231 γεγό-

164 1247 269 1274 ναμεν.
289 1239 377 1267 Οὔπω
390 1240 666 1275 προσεκυνήσαμεν
679 1241 715 1268 ἐν
725 1242 883 1276 ,Πνεύματι
907 1241 957 1269 καὶ

164 1286 293 1319 ἀληθείᾳ
309 1285 379 1318 Θεῷ,
400 1285 449 1312 διὰ
468 1285 501 1312 τὸ
529 1286 713 1318 βασιλεύειν
736 1286 794 1321 τὴν
812 1287 957 1322 ἁμαρτίαν

164 1332 200 1358 ἐν
211 1331 252 1365 τῷ
264 1331 363 1366 θνητῷ
377 1331 463 1367 ἡμῶν
475 1331 600 1366 σώματι.
617 1332 702 1359 Οὔπω
717 1333 891 1369 ἐθεασάμεθα
906 1333 957 1368 τὴν

164 1378 244 1411 δόξαν
258 1379 305 1405 τοῦ
320 1378 458 1413 ἀφθάρτου
470 1387 476 1394 ·
491 1378 532 1405 ἔτι
556 1379 611 1414 γὰρ
636 1379 688 1406 ὑπὸ
706 1380 756 1414 τῆς
786 1380 957 1415 σκοτομήνης

165 1424 360 1460 ἐνεργούμεθα.
371 1424 454 1451 Οὔπω
467 1425 650 1460 ἐνεδυσάμεθα
662 1425 697 1452 τὰ
707 1426 777 1453 ὅπλα
789 1425 837 1452 τοῦ
856 1426 955 1460 φωτός·

165 1470 259 1505 ἐπειδὴ
280 1469 358 1496 οὔπω
375 1470 570 1505 ἀπεδυσάμεθα
585 1470 619 1497 τὰ
633 1470 680 1497 τοῦ
706 1465 817 1503 σκότους
839 1471 909 1498 ὅπλα
927 1479 957 1498 τε

1008 239 1114 266 honore
1129 239 1227 271 creati,
1247 243 1276 266 et
1301 239 1330 266 in
1352 240 1480 274 paradiso
1505 240 1659 274 constituti,
1684 241 1795 269 tandem

1007 285 1158 319 comparati
1183 278 1270 313 simus
1296 293 1360 313 cum
1387 285 1584 321 insipientibus
1608 287 1752 322 jumentis,
1768 291 1796 314 et

1007 331 1118 358 illorum
1130 331 1236 358 similes
1245 331 1323 361 facti.
1334 336 1363 359 et
1373 332 1525 360 excidimus
1534 333 1568 360 ab
1581 333 1795 360 incontaminata

1007 376 1106 412 gloria,
1132 376 1214 409 scito,
1242 377 1316 412 quod
1333 384 1395 404 cum
1412 384 1461 412 per
1483 377 1697 405 iuobedientiam
1723 378 1794 405 servi

1008 421 1188 449 atfectionum
1205 422 1298 449 carnis
1312 422 1404 450 etl‘ecti
1415 429 1550 454 essemus,
1562 422 1733 450 exclusimus
1744 430 1796 450 nos

1007 467 1082 502 ipsos
1096 476 1112 495 ιι
1130 468 1209 495 beata
1223 468 1335 503 regione
1351 468 1516 500 viventium,
1527 473 1555 495 et
1565 469 1593 495 in
1610 468 1794 504 captivitatem

1007 514 1124 547 redacti,
1140 514 1232 542 adhuc
1251 515 1329 550 juxta
1353 513 1466 541 ﬂumina
1489 514 1635 549 Babylonis
1649 514 1793 547 sedemus;

1006 564 1034 588 et
1054 568 1099 594 eo,
1112 561 1186 596 quod
1202 560 1294 587 adhuc
1308 560 1337 587 in
1357 560 1473 596 Egypto
1487 560 1656 592 detinemur.
1671 561 1795 588 nondum

1006 607 1181 634 haereditario
1194 607 1257 642 jure
1268 606 1443 641 possidemus
1464 610 1565 633 terram
1594 607 1795 640 promissionis,

1007 651 1140 680 ﬂuentem
1155 653 1226 680 laete
1239 656 1269 680 et
1283 652 1376 680 melle.
1389 651 1517 678 Nondum
1530 651 1637 678 subacti
1651 659 1746 679 sumus
1768 651 1797 677 in

1007 695 1144 723 fermento
1160 695 1337 728 sinceritatis,
1360 695 1408 722 sed
1433 694 1524 722 adhuc
1540 695 1566 721 in
1588 694 1724 722 termento
1740 702 1798 721 ma-

1007 741 1075 769 litiae
1088 741 1223 777 desimus.
1238 741 1366 768 Nondum
1382 745 1426 768 est
1439 748 1580 775 aspersqu
1603 748 1652 767 cor
1671 744 1796 767 nostrum

1007 787 1141 822 sanguine
1153 787 1218 820 Dei;
1243 786 1335 814 adhuc
1354 787 1429 813 enim
1445 787 1560 822 laqueus
1573 786 1683 818 inferni,
1698 790 1727 813 et
1746 785 1797 813 ha-

1008 840 1071 860 mus
1083 832 1194 860 malitite
1205 833 1244 860 illi
1258 833 1359 861 inﬁxus
1372 836 1425 860 est.

1043 879 1087 906 ιν.
1110 878 1239 906 Nondum
1275 879 1434 914 accepimus
1469 878 1681 905 exsultationem
1713 883 1798 911 super

1008 925 1097 952 salute
1117 924 1222 952 Christi
1236 933 1243 951 :
1260 924 1351 952 adhuc
1366 924 1440 951 enim
1456 923 1568 950 aculeus
1581 923 1677 950 mortis
1690 922 1798 950 radices

1007 970 1036 996 in
1062 969 1143 997 nobis
1163 969 1261 997 inﬁxas
1284 969 1378 997 habet.
1407 968 1531 996 Nondum
1545 968 1679 995 induimus
1703 976 1798 995 novatn

1007 1016 1152 1047 hominem,
1165 1016 1210 1051 qui
1224 1016 1368 1043 secundum
1381 1016 1465 1043 Deum
1484 1019 1590 1042 creatus
1603 1020 1641 1041 est
1656 1014 1684 1041 in
1697 1014 1798 1041 sancti-

1008 1065 1064 1089 tate
1078 1069 1087 1089 :
1108 1062 1172 1096 quia
1187 1061 1304 1088 nondum
1324 1061 1443 1088 exuimus
1460 1065 1572 1087 vetarent
1595 1060 1736 1091 hominem.
1753 1059 1800 1094 qui

1007 1108 1075 1142 perit
1087 1107 1231 1134 secundum
1252 1106 1383 1133 desideria
1402 1105 1546 1141 fraudis".
1558 1105 1682 1133 Nondum
1692 1109 1800 1140 gestari-

1008 1157 1045 1180 tes
1059 1153 1202 1187 imaginem
1217 1152 1338 1185 caelestis,
1364 1152 1511 1187 conformo;
1531 1151 1624 1186 gloria:
1642 1151 1714 1178 illius
1735 1150 1799 1185 facti

1007 1206 1109 1225 sumus.
1126 1197 1251 1225 Nondum
1271 1197 1442 1224 adoravimus
1461 1197 1490 1224 in
1512 1195 1615 1231 Spiritu
1640 1200 1664 1222 et
1690 1196 1800 1222 veritate

1007 1241 1092 1271 Deum
1109 1263 1118 1277 ,
1143 1251 1173 1270 eo
1202 1243 1272 1278 quod
1295 1243 1445 1270 dominetur
1469 1245 1606 1278 peccatum
1631 1242 1659 1268 in
1691 1241 1800 1268 mortali

1009 1295 1098 1317 nostra
1116 1298 1225 1325 corpore
1239 1290 1281 1316 "‘.
1295 1289 1423 1316 Nondum
1438 1287 1618 1324 contemplati
1629 1295 1727 1314 sumus
1739 1287 1799 1322 glo-

1008 1336 1078 1363 riam
1095 1336 1156 1372 ejus
1174 1335 1224 1370 qui
1246 1334 1470 1370 incorruptibilis
1484 1339 1541 1367 est;
1560 1334 1652 1361 adhuc
1673 1334 1748 1361 enim
1764 1333 1799 1360 ab

1008 1382 1089 1409 illuni
1115 1385 1198 1409 nocte
1225 1381 1372 1416 agitamur.
1398 1380 1526 1408 Nondum
1555 1374 1697 1407 induimus
1724 1387 1799 1406 arma

1007 1427 1098 1460 lucis;
1119 1427 1185 1462 quia
1199 1426 1325 1454 nondum
1343 1425 1471 1453 exuimus
1485 1433 1572 1457 arma,
1590 1425 1643 1452 tela
1670 1429 1697 1452 et
1715 1431 1800 1460 opera

1009 1471 1201 1499 tenebrarum.
1230 1470 1359 1498 Nondum
1391 1470 1583 1498 transformati
1624 1477 1721 1497 sumus
1749 1477 1799 1504 per

165 1516 213 1544 καὶ
240 1515 318 1551 βέλη,
347 1516 394 1543 καὶ
422 1516 501 1552 ἔργα.
530 1516 614 1543 Οὔπω
644 1517 898 1552 μετεμορφώθημεν
921 1517 955 1552 τῇ

1008 1517 1111 1545 mentis
1125 1517 1334 1545 renovationem
1356 1525 1363 1544 :
1382 1517 1475 1544 adhuc
1498 1516 1572 1544 enim
1595 1515 1800 1551 conﬁguramur

165 1562 336 1588 ἁνακαινίσει
346 1562 393 1588 τοῦ
409 1563 479 1594 νοός.
495 1562 555 1588 Ἔτι
570 1562 625 1598 γὰρ
640 1562 901 1597 συσχηματιζόμεθα
918 1563 957 1598 τῷ

165 1608 245 1635 αἰῶνι
259 1608 347 1644 τούτῳ
363 1609 391 1635 ἐν
414 1610 446 1645 τῇ
466 1608 514 1636 τοῦ
529 1609 589 1640 νοὸς
602 1608 776 1644 ματαιότητι.
793 1608 880 1636 οὔπω
892 1610 958 1643 Χρι-

165 1656 228 1689 στῷ
240 1654 518 1689 συνεδυξάσθημεν,
530 1655 579 1682 διὰ
591 1654 624 1680 τὸ
633 1654 676 1689 μὴ
689 1653 859 1689 συμπαθεῖν
878 1653 957 1689 ’ἡμᾶς

166 1701 257 1734 αὐτῷ.
279 1701 367 1728 οτῡπω
393 1701 430 1728 τὰ
443 1701 590 1735 στίγματα
606 1699 701 1727 αὑτοῦ
719 1700 754 1727 ἐν
777 1699 818 1732 τῷ
844 1699 958 1735 σώματι

166 1747 251 1782 ἡμῶν
273 1747 414 1782 φέρομεν,
439 1747 581 1782 γενόμενοι
607 1747 636 1772 ἐν
666 1746 706 1782 τῷ
738 1746 882 1782 μυστηρίῳ
909 1745 956 1772 τοῦ

170 1793 287 1828 σταυροῦ
315 1792 361 1820 τοῦ
378 1792 508 1827 Χριστοῦ.
527 1792 588 1818 Ἔτι
602 1792 658 1828 γὰρ
680 1792 711 1818 ἐν
734 1793 791 1823 τοῖς
818 1793 958 1827 σαρκικοῖς

167 1839 312 1874 παθήμασι
338 1838 386 1865 καὶ
409 1839 468 1870 ταῖς
495 1837 656 1872 ἐπιθυμίαις
669 1837 763 1872 ἐσμέν.
780 1836 864 1865 οὔπω
882 1837 957 1865 Θεοῦ

166 1884 350 1919 κληρονόμοι
365 1884 414 1910 καὶ
433 1885 675 1918 συγκληρογόμοι
690 1883 820 1918 Χριστοῦ
834 1883 958 1918 τεγόγαε-

165 1937 239 1964 μεν·
259 1930 301 1956 ὃτι
315 1929 371 1965 γὰρ
389 1928 497 1963 πνεῦμα
519 1929 642 1961 δουλείας
658 1929 818 1964 ἐνυπάρχει,
839 1928 888 1955 καὶ
908 1928 958 1963 οὐχ

167 1975 306 2006 υἱοθεσίας
317 1983 324 1990 ”
345 1974 421 2001 οὔπω
441 1976 605 2010 γεγόναμεν
619 1975 693 2008 ναὸς
709 1975 794 2007 Θεοῦ,
809 1975 858 2002 καὶ
872 1975 956 2008 olun-

167 2021 275 2056 τήριον
303 2021 476 2056 Πνεύματος
512 2021 616 2056 ἁγίου·
634 2020 675 2048 ἔτι
701 2021 756 2056 γάρ
785 2021 870 2056 ἐσμεν
895 2021 958 2053 ναὺς

167 2066 295 2099 εἰδώλων,
313 2067 360 2093 καὶ
379 2066 483 2102 δοχεῑον
500 2066 666 2102 πνευμάτων
682 2066 826 2102 πονηρίας,
844 2066 888 2093 διὰ
908 2065 958 2101 τὴν

167 2112 213 2138 ἐπὶ
225 2112 260 2139 τὰ
275 2112 348 2148 πάθη
365 2112 463 2148 ὁρμήν.

203 2160 240 2187 Ε¹.
263 2161 367 2192 Ὀντως
394 2160 449 2195 γὰρ
473 2160 550 2187 οὔπω
573 2160 620 2187 τοῦ
645 2161 746 2196 τρόπου
760 2161 791 2188 τὸ
816 2161 955 2197 ἀκέραιον,

167 2205 214 2232 καὶ
230 2205 278 2240 τὴν
289 2205 338 2240 τῆς
349 2205 469 2237 διανοίας
482 2205 662 2241 λαμπρότητα
674 2207 858 2242 ἐκτησάμεθα.
874 2206 959 2234 Οὔπω

168 2250 379 2287 κατηξιώθημεν
392 2252 441 2278 τοῦ
457 2251 552 2278 ἀδόλου
571 2252 617 2279 καὶ
629 2252 738 2286 λογικοῦ
752 2252 897 2287 γάλακτος,
909 2253 959 2280 καὶ

168 2297 216 2332 τῆς
230 2296 328 2333 νοητῆς
342 2297 493 2334 αὐξήσεως.
514 2297 598 2326 Οὔπω
611 2299 677 2334 ἡμῖν
696 2299 786 2334 ἡμέρα
800 2299 956 2334 διηύγασεν,

168 2342 230 2369 οὔτε
240 2343 378 2378 ἑωσφόρος
388 2345 417 2370 ὲν
427 2345 488 2375 ταῖς
498 2344 624 2378 καρδίαις
635 2344 714 2379 ἡμῶν
721 2345 867 2372 ἀνέτειλεν.
875 2344 912 2371 Οὔ
917 2353 959 2371 πω

170 2389 377 2424 συνεκράθημεν
394 2389 433 2424 τῷ
447 2388 513 2424 ἡλίῳ
526 2389 576 2424 τῆς
591 2390 778 2426 δικαιοσύνης,
807 2390 884 2417 οὔπω
898 2391 959 2423 ταῖς

167 2433 253 2460 αὑτοῦ
272 2434 501 2470 συνηστράψαμεν
519 2434 638 2462 ἀκτῖσιν.
658 2434 742 2462 Οὔπω
767 2436 959 2472 ἀπειλήφαμεν

169 2479 217 2514 τὴν
248 2479 296 2506 τοῦ
326 2479 430 2515 Κυρίου
461 2480 601 2516 ὁμοίωσιν,
631 2481 701 2508 οὔτε
725 2481 890 2517 γεγόναμεν
904 2481 959 2517 τῆς

170 2524 252 2557 θείας
271 2525 392 2559 φύσεως
415 2526 563 2553 κοινωνοί.
588 2526 673 2553 Οὔπω
695 2527 849 2562 γεγόναμεν
867 2527 959 2560 ἄδολος

171 2569 298 2605 πορφύρα
331 2569 467 2606 βασιλικὴ,
488 2570 551 2597 οὔτε
581 2571 725 2602 ἀνόθευτος
754 2571 837 2599 είκὼν
869 2572 957 2609 θεῖκή.

171 2615 254 2641 Οὔπω
272 2615 432 2651 ἐτρώθημεν
457 2616 495 2652 τῷ
515 2616 580 2651 θείῳ
602 2616 696 2652 ἔρωτι,
715 2616 777 2644 οὔτε
799 2617 959 2654 ἐπλήγημεν

171 2661 224 2688 ὑπὸ
245 2663 294 2696 τῆς
309 2656 498 2698 πνευματικῆς
521 2662 633 2697 ἀγάπης
652 2661 700 2688 τοῦ
717 2662 855 2698 Νυμφίου.
875 2664 959 2691 Οὔπω

170 2707 219 2742 τὴν
234 2708 374 2742 ἄφραστον
399 2707 542 2735 κοινωνίαν
560 2708 759 2743 ἐγνωρίσαμεν,
781 2707 844 2735 οὔτε
863 2709 913 2744 τὴν
930 2710 959 2736 ἐν

171 2752 300 2789 ἁγιασμῷ
316 2752 432 2788 δύναμιν
452 2753 500 2781 καὶ
526 2754 641 2789 ιίρήνην
655 2753 826 2789 ἐπέγνωμεν.
844 2755 900 2782 Καὶ
915 2755 959 2783 ῐνα

208 2811 238 2848 ξ’,
250 2811 351 2848 Ephes.
368 2821 404 2848 iv,
433 2811 526 2848 24,22.
574 2811 606 2828 ⁸³·
618 2811 628 2839 l
641 2810 704 2848 cor.
719 2818 764 2848 xv,
778 2811 837 2848 49A;
856 2812 936 2841 Rom.
953 2822 957 2829 ε

1007 2813 1076 2847 .29;
1091 2813 1169 2840 Joan.
1190 2812 1290 2845 Iv.2t;
1303 2813 1381 2840 Rom.
1396 2819 1433 2845 vr,
1449 2811 1494 2839 22.

173 2846 294 2875 "Calai.
312 2855 348 2881 Vl,
365 2847 408 2874 t7.
447 2847 479 2864 ""
493 2847 572 2876 Rom.
586 2855 645 2880 vui,
663 2847 705 2874 t7.
744 2847 766 2865 "
780 2847 790 2874 l
802 2846 867 2875 Cor.
879 2855 920 2882 ιιι,
932 2848 975 2876 ‘16.

1007 1563 1075 1591 huic
1093 1564 1195 1591 saeculo
1218 1571 1268 1599 per
1280 1563 1384 1591 mentis
1405 1563 1569 1590 vanitatem.
1588 1561 1712 1589 Nondum
1739 1569 1800 1588 cum

1008 1611 1112 1639 Christo
1124 1610 1365 1647 gloriﬁcatiaumus
1373 1618 1383 1642 ,-
1397 1609 1460 1644 quia
1469 1617 1521 1635 non
1534 1606 1798 1643 compatimurilti".

1007 1657 1133 1685 Nondum
1153 1658 1281 1692 stigmata
1304 1656 1378 1684 illius
1403 1657 1431 1683 in
1458 1663 1566 1691 corpore
1591 1658 1680 1682 nostro
1710 1658 1800 1690 gesta-

1008 1711 1066 1730 mus
1079 1703 1111 1735 ³⁵,
1130 1707 1275 1730 versantes
1297 1702 1325 1729 in
1350 1701 1484 1737 mysterio
1501 1701 1593 1728 crucis
1607 1700 1711 1729 Christi
1727 1709 1734 1727 :
1752 1700 1802 1728 ad-

1009 1747 1065 1774 huc
1078 1747 1152 1775 enim
1169 1746 1330 1775 carnalibus
1346 1745 1542 1774 atl‘ectionibus
1552 1749 1582 1773 et
1596 1746 1801 1781 concupiscen-

1010 1794 1058 1822 tiis
1069 1794 1182 1822 obnoxii
1200 1800 1306 1821 sumus.
1332 1792 1461 1820 Nondum
1474 1792 1523 1819 Dei
1536 1792 1663 1824 hwredes,
1676 1797 1701 1819 et
1716 1792 1802 1820 coita:-

998 1839 1085 1869 ,νειίω
1098 1838 1195 1867 Christi
1212 1838 1276 1873 facti
1290 1845 1380 1865 sumus
1394 1837 1427 1853 ³⁵⁸
1441 1846 1448 1864 :
1464 1837 1580 1872 spiritus
1589 1837 1664 1865 enim
1682 1837 1802 1865 servitu—

1010 1885 1047 1912 tis
1072 1884 1099 1912 in
1127 1884 1209 1912 nobis
1233 1883 1326 1911 adhuc
1355 1883 1475 1916 exsistit,
1494 1888 1523 1911 et
1549 1891 1606 1910 non
1630 1883 1799 1918 adoptionis.

1008 1929 1137 1957 Nondum
1167 1927 1232 1955 facti
1260 1935 1352 1955 sumus
1378 1926 1507 1962 templum
1526 1926 1643 1962 Spiritus
1667 1927 1800 1959 sancti“,

1010 1983 1106 2003 sumus
1123 1974 1197 2002 enim
1214 1974 1307 2002 adhuc
1331 1974 1464 2008 templum
1492 1973 1642 2007 idolorum,
1678 1978 1802 2001 etrece-

1009 2021 1151 2057 piaculum
1160 2020 1309 2055 spirituum
1330 2019 1453 2050 malitiae,
1465 2022 1578 2054 propter
1595 2017 1728 2054 impetum
1740 2019 1801 2047 ani-

1013 2075 1065 2095 mre
1078 2067 1111 2094 ad
1126 2066 1299 2094 ali'ectioues.

1047 2165 1080 2192 ν.
1101 2165 1207 2192 Revera
1248 2163 1324 2191 enim
1359 2170 1471 2190 morum
1497 2163 1714 2198 simplicitatem,
1742 2164 1802 2191 ani-

1012 2210 1105 2246 mique
1122 2210 1213 2238 lucem
1230 2209 1354 2237 nondum
1374 2209 1520 2237 consecuti
1545 2217 1651 2237 sumus.
1672 2209 1801 2238 Nondum

1010 2257 1088 2292 digni
1102 2264 1200 2284 sumus
1215 2256 1303 2283 habiti
1319 2256 1430 2283 sincero
1441 2260 1468 2283 et
1483 2255 1665 2282 iutellectuali
1676 2255 1758 2288 lacte,
1771 2259 1801 2282 et

1010 2303 1171 2330 intellectus
1203 2302 1389 2329 incremento.
1412 2301 1541 2328 Nondum
1585 2300 1677 2327 illuxit
1718 2300 1800 2328 nobis

1010 2347 1082 2379 dies,
1099 2354 1191 2382 neque
1214 2345 1314 2373 lucifer
1325 2345 1354 2372 in
1367 2344 1500 2372 cordibus
1522 2343 1624 2371 nostris
1644 2347 1723 2370 ortus
1746 2347 1798 2370 est.

1010 2392 1139 2420 Nondum
1164 2390 1291 2427 per-misti
1315 2398 1413 2418 sumus
1425 2390 1488 2418 Sole
1504 2389 1628 2425 iustitiae,
1644 2396 1697 2416 nec
1708 2388 1800 2416 adhuc

1011 2438 1087 2466 illius
1100 2437 1187 2465 radiis
1206 2437 1353 2472 fulgemus.
1367 2436 1496 2464 Nondum
1518 2435 1676 2470 accepimus
1690 2433 1798 2461 Domini

988 2483 1234 2513 *similitudinem.
1258 2490 1310 2509 nec
1325 2482 1467 2517 participes
1490 2482 1586 2508 άίυἱηω
1610 2485 1714 2508 παίω-ω
1736 2480 1800 2515 facti

1009 2529 1156 2556 sumus’”.
1176 2527 1304 2554 Nondum
1325 2526 1389 2553 facti
1416 2534 1512 2553 sumus
1542 2526 1651 2553 sincera
1676 2519 1798 2560 purpura

1011 2574 1096 2610 regia,
1111 2580 1165 2601 nec
1187 2572 1307 2608 genuina
1325 2572 1416 2608 imago
1439 2571 1500 2600 Dei.
1525 2571 1653 2599 Nondum
1680 2569 1798 2598 sauciati

1011 2627 1107 2647 sumus
1125 2626 1218 2646 amore
1240 2617 1345 2650 divino,
1361 2625 1414 2645 nec
1430 2617 1555 2652 percussi
1583 2616 1720 2652 spirituali
1732 2615 1799 2642 cha-

1027 2665 1095 2693 itate
1123 2664 1233 2699 Sponsi.
1271 2663 1399 2691 Nondum
1433 2663 1602 2691 ineﬂ‘abilem
1638 2662 1798 2689 societatem

1015 2710 1201 2745 "cgnovimus,
1222 2716 1314 2744 neque
1327 2709 1384 2736 vim
1401 2713 1430 2736 et
1451 2716 1559 2744 pacem,
1577 2715 1637 2743 quae
1652 2708 1679 2734 in
1695 2707 1799 2734 sancti-

1012 2755 1139 2784 ﬁcatione
1157 2759 1211 2788 est,
1232 2754 1423 2790 cognovimus.
1441 2754 1476 2782 Et
1503 2759 1534 2782 ut
1556 2753 1681 2782 breviter
1707 2751 1799 2780 omnia

1544 2812 1566 2828 ³⁵
1583 2811 1663 2840 nom.
1677 2820 1734 2846 vui,
1753 2811 1798 2839 l7.

1028 2849 1061 2865 "‘
1072 2848 1094 2876 ll
1109 2848 1181 2876 Petr.
1194 2855 1214 2881 1,
1228 2848 1254 2875 4.
