2078 3151
295 85 309 96 ιι

253 129 304 161 667

523 181 664 211 ιιοΜιιιΑ
681 183 764 211 XXV.

251 227 332 254 Docet
345 227 398 254 Iure
414 227 533 259 homilia,
548 227 652 254 nullum
670 229 812 260 hominem,
826 229 877 255 nisi
894 237 911 255 α
934 227 1038 256 Christo

287 263 494 298 corroboratum,
515 261 644 298 scandala
659 263 817 298 nequissimi
833 271 959 298 superare
980 271 1039 298 pas-

286 304 336 324 se:
352 301 376 323 et
390 297 513 332 quid‘iis,
542 297 586 330 qui
612 297 729 323 divinam
752 297 866 332 gloriam
895 301 1037 332 appetunt,

287 330 428 366 agendum.
453 330 532 357 Docet
555 339 672 366 quoque,
695 330 813 366 nos-per
836 330 1039 358 inobedientiam

286 367 350 392 Ada:
362 367 396 392 ad
407 366 558 392 servitutem
573 367 661 392 carnis
679 367 796 393 redactos
809 374 873 398 esse,
889 375 906 393 a
924 375 977 401 qua
992 375 1039 401 per

288 401 441 435 mysterium
453 401 538 436 crucis
556 401 710 427 liberamur.
729 401 842 427 Instruit
855 402 967 436 denique
980 409 1037 433 nos,

287 443 413 475 magnam
425 443 480 462 esse
496 435 688 470 iacrymarum,
710 440 735 461 et
760 436 828 470 ignis
849 436 930 462 divini
952 436 1039 470 e/ﬁca-

287 477 367 496 nam.

288 562 309 589 Ι.
330 562 437 595 Quibus
452 562 525 590 inest
539 562 632 590 divina
654 563 709 595 lex,
740 571 795 590 non
816 567 978 594 atramento,
993 567 1040 590 aut

253 607 355 634 litteris
376 608 488 642 scripta,
525 608 571 635 sed
589 609 616 635 in
632 608 762 635 cordibus
776 608 882 635 carneis
909 608 1038 643 plantata,

257 653 286 679 hi
303 654 391 680 oculis
410 653 566 680 intellectus
583 654 740 684 illmninati,
759 658 947 688 perpetuoque
966 653 1039 680 desi-

257 698 337 726 derio
357 698 429 733 capti
450 706 506 727 non
523 699 663 726 sensibilis
682 703 730 726 aut
754 699 871 725 visibilis
898 697 966 733 spei,
992 698 1040 725 sed

258 744 406 772 invisibilis
435 749 464 772 et
493 745 697 776 intellectualis,
723 752 854 779 superare
879 743 1041 779 nequissimi

256 789 385 816 scandala
401 794 529 825 possunt,
557 797 606 824 per
632 790 761 817 invictam
780 795 870 817 tamen
897 790 1039 817 virtutem.

255 836 307 868 Qui
322 843 389 862 vero
406 835 491 862 verbo
502 836 548 862 Dei
557 835 645 862 ornati
655 843 710 862 non
723 840 798 868 sunt,
812 843 863 863 nec
874 835 967 862 divina
981 836 1040 871 lege

257 880 385 912 instituti,
397 880 498 907 frustra
508 879 605 913 inflati,
620 880 777 907 existimant
789 887 822 907 ex
832 881 943 915 proprio
954 880 1042 908 libero

257 926 372 953 arbitrio
385 933 415 952 se
431 925 584 953 abolituros
601 926 761 952 occasiones
776 926 890 960 peccati,
908 926 980 961 quod
994 934 1044 961 per

258 971 346 998 solum
367 971 460 997 crucis
481 970 642 1006 mysterium
673 971 884 998 condemnatur.
911 971 958 999 Illa
970 972 1043 999 enim

259 1017 344 1044 libera
356 1017 491 1048 voluntas.
504 1024 564 1051 quae
577 1016 605 1043 in
619 1016 738 1043 hominis
757 1016 885 1044 facultate
896 1021 948 1050 est,
962 1017 990 1044 in
999 1025 1044 1050 eo,

260 1065 290 1088 ut
301 1061 411 1088 diabolo
426 1062 557 1088 nimirum
576 1061 657 1088 reniti
677 1061 773 1096 possit,
789 1062 840 1089 sita
857 1066 909 1095 est,
926 1071 981 1090 non
995 1071 1044 1090 au-

260 1112 325 1137 tem,
344 1111 373 1133 ut
385 1106 471 1141 possit
485 1106 598 1133 omnino
616 1106 762 1141 imperium
774 1112 868 1134 tenere
880 1107 907 1133 in
918 1107 1044 1135 allectus.

259 1151 317 1179 Nisi
330 1153 400 1178 enim
418 1151 546 1178 Dominus
557 1151 737 1185 aediﬁcaverit,
758 1152 857 1186 inquit,
880 1153 997 1185 domum,
1021 1157 1046 1180 et

259 1197 410 1223 custodierit
422 1197 566 1229 civitatem,
588 1197 688 1231 frustra
701 1196 804 1231 vigilat,
821 1197 866 1231 qui
882 1197 1006 1230 custodit,
1022 1202 1046 1224 et

259 1243 360 1277 frustra
376 1242 489 1275 laborat,
505 1243 550 1277 qui
565 1242 680 1276 aediﬁcat
690 1241 721 1269 ’⁸.

295 1378 328 1405 ll.
361 1377 531 1412 lmpossibile
559 1381 601 1404 est
627 1384 701 1404 enim
723 1384 786 1404 eum
814 1376 942 1404 incedere
966 1384 1048 1412 super

261 1423 383 1458 aspidem
406 1427 435 1450 et
458 1422 628 1454 basiliscum,
652 1428 680 1449 et
701 1422 864 1449 conculcare
880 1422 997 1454 leonem,
1016 1429 1049 1449 ac

261 1468 480 1502 draconem,qui
500 1467 586 1502 prius,
605 1472 738 1502 quantum
756 1467 784 1493 in
802 1467 908 1494 viribus
930 1468 1048 1494 hominis

885 129 914 157 S.
930 126 1088 157 MACARII
1108 126 1268 157 IEGYPTII

1821 125 1875 157 668

1367 183 1487 210 OMIAIA
1507 182 1571 209 KE'.

1349 229 1367 262 ἡ
1390 230 1501 263 ὁμιλία,
1519 228 1565 255 ὅτι
1579 227 1678 261 οὐδεὶς
1699 227 1874 263 ἀνθρώπων.

1127 265 1153 291 εί
1169 264 1212 298 μὴ
1227 264 1412 298 δυναμωθεὶς
1434 264 1492 291 ὑπὸ
1509 263 1562 290 τοῦ
1582 263 1722 296 Χριστοῦ,
1747 264 1801 291 τοῦ
1819 273 1875 291 πο-

1125 297 1218 332 νηροῦ
1234 297 1416 325 σκανδάλων
1436 299 1640 332 περιγίνεσθαι
1651 299 1750 332 ἰσχύει
1760 307 1768 314 ·
1783 299 1831 326 καὶ
1846 299 1875 326 τί

1124 333 1171 360 δεῖ
1183 335 1258 373 τοὺς
1272 333 1331 373 ,τῆς
1355 334 1435 373 θείας
1445 332 1544 373 δόξης
1570 332 1769 373 ὀρεγομένους
1782 333 1874 373 {epitr-

1124 376 1196 403 tetr,
1210 368 1348 395 Διδάσκει
1365 368 1424 403 καὶ,
1439 367 1483 393 ὅτι
1493 368 1541 403 διὰ
1553 366 1704 403 παρακοῆς
1716 366 1770 394 τοῦ
1788 368 1875 403 Ἀδὰμ

1124 405 1168 436 εἰς
1182 402 1326 437 δουλείαν
1346 401 1402 436 τῆς
1418 402 1530 436 σαρκὸς
1551 401 1654 437 παθῶν
1673 401 1872 437 κατήλθομεν,

1125 438 1174 471 ἀφ’
1186 435 1223 471 ἧς
1235 436 1354 475 διὰ-τοῦ
1425 435 1470 475 τῷ.
1481 436 1606 475 σφυρῷ
1619 439 1796 475 μυστηρίου
1805 435 1875 475 pud:

1122 474 1210 506 μεθα.
1229 471 1363 498 Παιδεύει
1384 471 1494 498 λοιπὸν
1508 471 1596 505 ἡμᾶς,
1614 471 1657 506 ὅτι
1670 471 1786 506 μεγάλη
1808 472 1875 498 ἐστι

1125 505 1183 534 τῶν
1195 506 1334 540 δακρύων
1347 506 1396 533 καὶ
1414 506 1468 532 τοῦ
1481 507 1561 532 θείου
1575 505 1670 539 πυρὸς
1686 505 1821 541 δύναμις.

1089 228 1228 256 Διδάσκει
1250 229 1325 262 αὕτη

1126 565 1166 591 A'.
1186 562 1234 594 Οἷς
1262 563 1408 599 ἐνυπάρχει
1431 564 1445 590 ὁ
1470 564 1541 595 θεῖος
1565 563 1645 599 νόμος
1666 563 1716 590 οὐκ
1734 564 1763 590 ἐν
1778 564 1876 599 μέλανι

1091 610 1138 637 καὶ
1161 610 1321 645 γράμμασιν
1345 609 1580 644 ἐγγεγραμμένος,
1609 609 1667 636 ἀλλ’
1699 610 1728 636 ἐν
1752 610 1876 645 καρδίαις

1091 654 1233 690 σαρκίναις
1253 654 1504 690 ἐμπεφυτευμένος,
1526 652 1598 681 οὗτοι
1616 655 1678 686 τοὺς
1693 655 1742 689 τῆς
1758 655 1876 687 διανοίας

1090 700 1245 735 ὀφθαλμοὺς
1263 699 1453 734 φωτισθέντες,
1471 699 1519 725 καὶ
1540 699 1584 726 ἀεὶ
1596 699 1765 734 ὀρεγόμενοι,
1783 700 1813 727 οὐ
1827 699 1876 735 τῆς

1092 746 1223 781 αἰσθητῆς
1241 746 1289 772 καὶ
1311 745 1478 780 βλεπομένης
1503 745 1620 778 ἐλπίδος,
1638 745 1706 772 ἀλλὰ
1728 747 1778 780 τῆς
1794 746 1877 781 ἀορά-

1091 801 1137 819 του
1152 792 1199 818 καὶ
1213 791 1320 825 νοητῆς,
1335 791 1522 825 περιγίνεσθαι
1535 790 1589 817 τῶν
1603 790 1650 817 τοῦ
1662 790 1779 826 πονηροῦ
1793 800 1876 819 σκαν-

1055 837 1178 879 Βδόιλων
1201 837 1349 879 ἰσχύουσιν,
1371 836 1428 865 ἀλλ’
1445 838 1477 863 ἐκ
1501 837 1550 872 τῆς
1573 837 1710 872 ἀηττήτου
1725 837 1874 872 δυνάμεως,

1094 885 1124 910 Οἱ
1141 884 1170 910 δὲ
1187 877 1224 919 μή
1239 884 1310 919 λόγῳ
1331 883 1398 909 Θεοῦ
1422 883 1609 918 τετιμημένοι,
1626 884 1694 918 μήτε
1713 884 1787 919 νόμῳ
1812 884 1876 919 θείῳ

1094 927 1317 963 πεπαιδευμένοι,
1344 928 1404 962 είκῆ
1430 928 1604 963 φυσιούμενοι
1629 929 1730 956 οίονται
1759 929 1802 956 διὰ
1829 929 1876 956 τοῦ

1096 971 1161 998 ἰδίου
1178 971 1348 1005 αὑτεξουσίου
1360 974 1509 1007 καταργεῖν
1526 973 1574 1004 τὰς
1590 973 1716 1008 ἀφορμὰς
1729 973 1778 1009 τῆς
1788 974 1878 1010 ἁμαρ-

1093 1017 1163 1049 τίας,
1179 1017 1228 1052 τῆς
1241 1017 1285 1044 διὰ
1303 1017 1385 1052 μόνου
1408 1017 1454 1044 τοῦ
1481 1018 1510 1044 ὲν
1531 1017 1570 1052 τῷ
1596 1017 1704 1054 σταυρῷ
1728 1019 1877 1054 μυστηρίου

1095 1063 1338 1098 κατακρινομένης.
1357 1063 1393 1089 Τὸ
1411 1063 1466 1098 γὰρ
1480 1063 1510 1089 ἐν
1524 1064 1557 1098 τῇ
1572 1062 1619 1089 τοῦ
1635 1063 1779 1098 ἀνθρώπου
1794 1064 1874 1091 δυνά-

1097 1117 1143 1143 μει
1168 1108 1340 1140 αὐτεξούσιον
1352 1107 1397 1134 ἐπὶ
1411 1108 1450 1143 τῷ
1463 1109 1619 1143 ἀντιστῆναι
1638 1108 1676 1143 τῷ
1690 1109 1804 1144 διαϐόλῳ
1823 1111 1878 1136 κεῖ-

1095 1161 1150 1185 ται,
1167 1153 1224 1180 ἀλλ’
1238 1153 1288 1179 οὐκ
1308 1152 1356 1178 ἐπὶ
1377 1153 1416 1188 τῷ
1440 1153 1570 1180 δύνασθαι
1595 1153 1668 1188 ἔχειν
1688 1154 1825 1186 παντελῶς
1849 1155 1879 1181 τὸ

1097 1198 1196 1233 κράτος
1220 1197 1290 1225 κατὰ
1310 1197 1365 1225 τῶν
1385 1198 1490 1225 παθῶν.
1509 1198 1577 1224 Ἐὰν
1601 1198 1656 1232 γὰρ
1673 1198 1717 1233 μὴ
1738 1200 1755 1226 ό
1771 1199 1879 1233 Κύριος

1097 1242 1290 1276 οἱκοὸομήσῃ.
1311 1242 1404 1277 φησὶν,
1437 1239 1529 1274 οἷκον,
1557 1242 1606 1269 καὶ
1630 1242 1753 1277 φυλάξῃ
1777 1245 1878 1277 πόλιν,

1096 1291 1140 1321 εις
1151 1287 1252 1322 μάτην
1267 1288 1463 1322 ὴτρύπνησεν
1479 1289 1495 1314 ὁ
1508 1288 1677 1322 φυλάττων,
1693 1289 1742 1315 καὶ
1757 1288 1846 1324 κοπιᾷ
1862 1291 1880 1316 ὁ

1097 1332 1269 1367 οἰκοδομῶν.

1134 1377 1170 1404 Β¹.
1195 1378 1346 1413 Ἀμήχανον
1359 1377 1412 1412 γὰρ
1427 1377 1554 1412 ὲπισῆναι
1567 1379 1613 1404 ἐπὶ
1626 1379 1725 1405 ἀσπίδα
1743 1378 1788 1405 καὶ
1800 1378 1880 1413 βασι-

1098 1422 1199 1455 λίσκον,
1215 1424 1262 1449 καὶ¹
1285 1423 1478 1458 καταπατῆσαι
1494 1424 1588 1450 λέοντα
1614 1425 1661 1451 καὶ
1677 1425 1822 1460 δράκοντα,
1840 1424 1878 1458 μὴ

1099 1469 1241 1503 πρότερον,
1256 1467 1320 1495 καθ’
1333 1468 1394 1495 ὅσον
1407 1468 1519 1495 δυνατὸν
1535 1467 1682 1504 ἀνθρώπῳ.
1693 1469 1881 1504 ὲκκαθάραντα

261 1519 312 1543 est.
328 1521 357 1541 se
372 1521 426 1540 non
451 1514 619 1548 expurgarit,
637 1520 688 1540 nec
706 1513 901 1540 corroboratus
915 1513 1000 1541 fuerit
1013 1513 1048 1541 ab

1099 1513 1205 1546 ἑαυτὸν,
1233 1513 1280 1540 καὶ
1302 1513 1494 1548 δυναμωθέντα
1518 1513 1593 1548 παρὰ
1612 1513 1658 1540 τοῦ
1682 1513 1803 1546 εἰπόντος
1825 1515 1881 1546 τοῖς

262 1566 306 1590 eo,
316 1558 363 1593 qui
375 1558 441 1585 dicit
455 1558 586 1592 apostolis
601 1566 608 1584 :
622 1558 687 1584 Ecce
700 1558 733 1584 do
745 1557 814 1584 vobis
827 1561 981 1592 potestatem
993 1559 1050 1585 cal-

263 1605 342 1632 candi
356 1612 435 1639 super
445 1607 588 1638 serpentes,
606 1607 629 1630 et
641 1603 803 1638 scorpiones,
819 1607 842 1628 et
854 1611 932 1637 super
945 1611 1049 1630 onmem

264 1651 384 1676 virtutem
398 1649 497 1675 inimici
515 1649 548 1674 ".
572 1648 600 1675 Si
627 1648 701 1674 enim
717 1648 849 1674 valuisset
869 1647 986 1675 humana
1002 1655 1050 1675 na-

267 1700 338 1727 tura,
364 1695 467 1729 absque
490 1694 618 1721 universa
646 1698 784 1720 armatura
807 1693 926 1728 Spiritus
951 1694 1048 1727 sancti,

265 1747 339 1769 stare
359 1742 492 1769 adversus
505 1742 619 1769 insidias
634 1741 753 1774 diaboli,
770 1749 825 1768 non
856 1748 920 1768 sane
946 1741 1049 1768 dictum

266 1788 365 1815 fuisset
378 1788 412 1814 ab
423 1787 554 1822 Apostolo
574 1796 580 1813 :
597 1787 666 1814 Deus
680 1791 769 1813 autem
781 1787 852 1822 pacis
868 1791 980 1813 conteret
1001 1785 1051 1813 Sa-

265 1839 358 1861 tanam
368 1833 414 1860 sub
428 1833 534 1868 pedibus
547 1834 638 1860 vestris
650 1833 720 1859 brevi
730 1833 763 1858 ³ο.
782 1833 815 1859 Ει
830 1833 929 1859 iterum
945 1840 952 1858 :
969 1831 1051 1864 Quem

267 1878 396 1905 Dominus
422 1878 562 1912 interﬁciat
599 1878 694 1913 spiritu
718 1878 771 1904 oris
791 1878 833 1904 sui
851 1877 883 1904 ³¹.
905 1877 1051 1912 Propterea

266 1932 387 1960 quoque.
397 1924 466 1959 jussi
485 1931 580 1951 sumus
592 1924 677 1951 Deum
701 1923 845 1950 obsecrare
859 1931 866 1949 :
882 1922 920 1949 Ne
941 1923 1050 1949 inducas

267 1979 314 1997 nos
334 1970 360 1996 in
377 1971 560 2001 tentationem,
580 1969 626 1996 sed
652 1969 735 1996 libera
759 1977 806 1995 nos
826 1977 842 1995 a
862 1968 977 1995 malo".
994 1968 1051 1996 Nisi

266 2017 341 2043 enim
357 2016 558 2051 praestantioris
573 2015 667 2043 auxilii
690 2022 740 2049 ope
766 2015 873 2041 liberati
900 2014 933 2041 ab
960 2014 1052 2049 ignitis

269 2063 329 2089 telis
358 2062 528 2096 nequissimi,
557 2061 688 2095 consequi
711 2061 785 2095 digni
809 2060 960 2087 hahcamur
985 2060 1051 2087 ado-

268 2107 391 2141 ptionem
409 2106 537 2137 ﬁliorum,
548 2105 700 2132 frustranea
709 2108 751 2131 est
763 2104 934 2131 conversatio
948 2107 1051 2137 nostra,

270 2156 299 2178 ut
313 2151 360 2186 qui
375 2151 497 2186 procula
510 2150 612 2178 virtute
627 2150 675 2177 Dei
692 2149 823 2176 absimus.

305 2279 350 2306 lll.
370 2278 531 2314 Quicunque
549 2286 614 2314 ergo
632 2278 709 2314 cupit
723 2278 860 2314 particeps
878 2279 936 2306 ﬁeri
954 2279 1054 2306 divinae

270 2323 373 2360 glorize,
385 2331 426 2357 ac,
445 2325 521 2352 velut
533 2324 561 2351 in
579 2325 701 2359 speculo,
725 2324 826 2352 Christi
843 2325 998 2359 imaginem,
1027 2324 1054 2351 in

271 2369 395 2404 principe
413 2369 498 2396 animi
521 2369 563 2396 sui
586 2369 713 2396 facultate
738 2369 916 2404 contemplari
935 2388 942 2400 .
973 2368 1056 2396 debet

272 2415 419 2442 insatiabili
449 2414 608 2448 dilectione,
634 2419 662 2442 et
685 2414 842 2450 inexplebili
857 2414 1006 2446 desiderio,
1019 2421 1052 2441 ex

273 2465 330 2487 toto
341 2460 423 2488 corde
433 2466 461 2488 et
472 2462 589 2493 viribus,
601 2467 688 2489 noctu
701 2462 805 2496 diuque
816 2461 956 2495 inquirere
965 2465 1057 2495 poten-

273 2506 408 2532 tissimum
426 2507 473 2534 Dei
489 2507 660 2540 subsidium;
684 2507 757 2541 quod
785 2506 896 2541 quidem
927 2506 1057 2540 consequi

273 2551 442 2586 impossibile
466 2557 518 2585 est,
541 2553 647 2585 nisi,nt
670 2557 751 2580 antea
775 2551 905 2583 diximus,
923 2550 1058 2577 abstineat

273 2597 335 2632 quis
350 2597 426 2632 prius
452 2598 486 2625 ab
504 2598 642 2626 illecebris
666 2598 748 2634 huius
772 2597 868 2624 mundi
894 2604 925 2624 ac
955 2603 1058 2624 concu-

273 2641 415 2676 piscentiis
437 2642 601 2670 adversaria:
622 2642 776 2676 potestatis,
791 2649 852 2676 qua:
867 2641 936 2668 lucis
952 2645 995 2668 est
1009 2647 1058 2667 ex-

273 2694 347 2722 pers,
365 2691 392 2715 et
413 2687 536 2715 effectrix
558 2689 689 2723 nequitiae
703 2693 756 2720 est,
773 2688 807 2715 ad
828 2688 898 2715 bene
923 2687 1056 2722 agendum

273 2732 387 2760 minime
407 2737 480 2768 apta,
494 2733 548 2768 92
570 2741 602 2761 ac
617 2741 731 2768 prorsus
746 2733 867 2760 exclusa.
884 2732 1017 2765 Quocirca
1034 2732 1057 2759 si

1100 1559 1267 1591 ἀποστόλοις,
1288 1555 1361 1585 Ἰδοὺ
1389 1559 1505 1586 δέδωκα
1532 1558 1604 1594 ὑμῖν
1630 1559 1758 1593 δύναμιν
1775 1559 1882 1585 πατεῖν

1099 1604 1198 1631 ἐπάνω
1217 1604 1314 1638 ὄφεων
1328 1603 1375 1629 καὶ
1392 1603 1556 1637 σκορπίων,
1577 1602 1627 1629 καὶ
1645 1603 1693 1629 ἐπὶ
1712 1602 1814 1630 πᾶσαν
1824 1602 1882 1636 τὴν

1099 1649 1227 1683 δύναμιν
1242 1649 1294 1675 τοῦ
1308 1649 1427 1682 ἐχθροῦ.
1444 1649 1475 1675 El
1503 1648 1558 1684 γὰρ
1576 1648 1667 1682 ἴσχυεν
1681 1648 1698 1683 ἡ
1713 1648 1761 1683 τῆς
1779 1647 1883 1682 ἀνθρωο

1099 1695 1214 1730 πότητος
1230 1695 1309 1728 φύσις
1322 1694 1399 1725 ἐκτὸς
1413 1694 1462 1728 τῆς
1479 1694 1629 1724 πανοπλίας
1641 1693 1687 1720 τοΞ
1700 1693 1776 1726 ἁγίου
1792 1693 1882 1720 [ivsti-

1103 1748 1198 1774 ματος,
1214 1741 1308 1774 στῆναι
1320 1739 1388 1774 πρὸς
1401 1738 1449 1770 τὰς
1465 1739 1607 1773 μεθοδείας
1625 1738 1669 1765 τοῦ
1683 1738 1815 1770 διαϐόλου,
1832 1739 1884 1764 οὐκ

1100 1785 1133 1812 ἂν
1147 1785 1237 1819 εἴρητο
1253 1785 1305 1810 ὑπὸ
1323 1784 1369 1810 τοῦ
1391 1784 1563 1816 ⁹Λποστόλου,
1585 1785 1616 1810 ὀ
1630 1783 1663 1810 δὲ
1681 1783 1752 1816 Θεὸς
1763 1784 1818 1817 τῆς
1844 1785 1884 1810 ει-

1095 1829 1194 1863 ρήνης
1211 1830 1371 1863 συντρίψει
1393 1829 1447 1855 τόν
1461 1827 1600 1856 Σατανᾶν
1617 1828 1676 1856 ὑπὸ
1696 1827 1767 1861 τοὺς
1789 1828 1884 1860 πόδας

1100 1874 1184 1908 ὑμῶν
1201 1874 1236 1900 ἐν
1254 1874 1347 1914 τάχει.
1375 1874 1429 1900 Καὶ
1444 1873 1533 1906 πάλιν,
1554 1874 1609 1900 ⁸ον
1620 1875 1636 1900 ὀ
1651 1873 1766 1908 Κύριος,
1784 1872 1889 1900 ἀνελεῖ

1102 1918 1142 1951 τῷ
1167 1919 1310 1953 πνεύματι
1335 1919 1389 1946 τοῦ
1418 1919 1567 1954 στόματος
1593 1918 1696 1946 αὐτοῦ.
1713 1917 1758 1944 Διὸ
1783 1917 1814 1953 δὴ
1839 1919 1885 1944 καὶ

1102 1964 1329 1998 προσετάχθημεν
1354 1963 1460 1990 δέεσθαι
1487 1963 1535 1990 τοῦ
1562 1963 1676 1998 Κυρίου,
1695 1961 1742 1996 Μὴ
1757 1961 1886 1996 εἰσενέγ-

1101 2017 1157 2042 κῃς
1175 2010 1218 2041 εις
1232 2008 1400 2042 πειρασμὸν
1419 2007 1508 2042 ἡμᾶς,
1532 2008 1613 2035 ἀλλὰ
1625 2008 1718 2042 ῥῦσαι
1732 2007 1810 2041 ἡμᾶς
1827 2007 1885 2034 άπὸ

1102 2053 1155 2080 τοῦ
1170 2053 1315 2087 πονηροῦ.
1342 2054 1405 2080 Ἐὰν
1418 2053 1471 2088 γὰρ
1487 2053 1524 2088 μὴ
1535 2054 1578 2079 διὰ
1591 2054 1641 2088 τῆς
1656 2053 1809 2088 κρείττονος
1821 2051 1885 2086 βοη-

1104 2099 1177 2132 θείας
1195 2099 1340 2135 ρυσθέντες
1361 2100 1415 2126 τῶν
1435 2099 1642 2134 πεπυρωμένων
1660 2097 1743 2134 βελῶν
1766 2097 1813 2124 τοῦ
1839 2100 1887 2123 τω-

1105 2144 1197 2180 νηροῦ,
1213 2144 1425 2179 καταξιωθῶμεν
1441 2145 1490 2179 τῆς
1504 2144 1649 2175 υἱοθεσίας,
1667 2144 1707 2174 είς
1732 2143 1820 2177 μάτην
1837 2149 1887 2167 πο-

1067 2176 1092 2206 υ
1104 2176 1275 2225 λιτευόμεθα,
1295 2191 1332 2222 ὡς
1349 2176 1444 2226 πόρῤω
1521 2189 1661 2225 δυνάμεως
1681 2176 1809 2216 τοῦγθεοῦ
1825 2195 1888 2221 τυγ-

1104 2236 1241 2272 χάνοντες.

1141 2281 1178 2308 Γ’.
1204 2280 1234 2307 ὐ
1253 2280 1343 2307 τοίνυν
1371 2279 1531 2314 βουλόμενος
1560 2278 1671 2314 μέτοχος
1693 2277 1816 2312 γίνεσθαι
1840 2277 1889 2311 τῆς

1105 2327 1180 2358 θείας
1196 2327 1284 2362 δόξης,
1301 2326 1348 2354 καὶ
1367 2326 1460 2361 ὥσπερ
1477 2327 1506 2352 ὲν
1530 2326 1688 2361 κατόπτρῳ,
1705 2324 1754 2359 τὴν
1769 2323 1888 2358 Χριστοῦ

1109 2372 1217 2408 μορφὴν
1231 2373 1297 2407 ὁρᾷν
1314 2373 1342 2398 ὲν
1363 2371 1401 2407 τῷ
1424 2371 1581 2406 ἡγεμονικῷ
1600 2370 1692 2400 αὐτοῦ,
1710 2369 1811 2404 ὀφείλει
1827 2369 1891 2394 ἀκο-

1108 2417 1195 2453 ρέστῳ
1219 2417 1320 2451 στοργῇ
1342 2416 1389 2442 καὶ
1405 2416 1534 2451 ἀπλήστῳ
1548 2414 1666 2441 διαθέσει
1681 2414 1710 2446 ἐξ
1733 2413 1797 2448 ὅλης
1824 2420 1892 2447 καρ-

1105 2463 1164 2494 δίας
1187 2463 1236 2489 xui.
1260 2463 1400 2497 δυνάμεως
1415 2461 1522 2497 νύκτωρ
1536 2461 1583 2488 καὶ
1603 2462 1663 2496 μεθ’
1675 2461 1781 2496 ἡμέραν
1796 2459 1889 2494 ζητεῖν

1105 2509 1155 2543 τὴν
1167 2509 1200 2534 ἐκ
1213 2507 1260 2534 τοῦ
1284 2507 1351 2533 Θεοῦ
1367 2507 1508 2542 ἀντίληψιν
1524 2508 1553 2534 ὲν
1567 2506 1689 2541 δυνάμει,
1704 2504 1738 2542 ἧς
1753 2505 1892 2541 ἀμήχανον

1108 2554 1262 2588 μετασχεῖν,
1278 2554 1302 2579 εί
1323 2553 1371 2588 μὴ,
1385 2553 1422 2584 ὡς
1437 2554 1576 2588 προεῖπον,
1601 2551 1746 2586 ἀπόσχοιτό
1763 2559 1806 2581 τις
1826 2549 1894 2584 πρό-

1106 2605 1183 2632 τερον
1198 2597 1247 2632 τῆς
1267 2597 1433 2632 ἡδυπαθείας
1460 2597 1505 2623 τοῦ
1526 2597 1640 2631 κόσμου,
1661 2595 1715 2622 τῶν
1742 2593 1894 2629 ἐπιθυμιῶν

1110 2642 1159 2676 τῆς
1181 2642 1306 2674 ἐναντίας
1320 2642 1471 2677 δυνάμεως,
1487 2642 1547 2677 ἥτις
1563 2641 1652 2676 φωτὸς
1673 2641 1801 2676 ἀλλοτρία
1825 2640 1893 2672 ἐστὶ,

1111 2688 1158 2714 καὶ
1174 2687 1298 2722 ἐνέργεια
1315 2688 1446 2722 πονηρίας
1463 2687 1571 2721 ἀγαθῆς
1597 2686 1736 2721 ἐνεργείας
1764 2685 1893 2717 ἀνοίκειός

1111 2733 1179 2764 ἔστι,
1196 2734 1242 2759 καὶ
1265 2733 1354 2768 πάντη
1371 2732 1574 2767 ἀπεξενωμένη.
1592 2731 1742 2767 Τοιγαροῦν
1766 2732 1790 2758 εί
1806 2731 1895 2767 βούλει

310 2811 333 2828 ⁸⁸
352 2811 530 2843 Psal.cxxvn,
546 2811 571 2838 l.
609 2812 631 2828 ἰ’
644 2811 710 2839 Luc.
727 2819 753 2843 τι,
767 2811 809 2838 l9.
848 2812 869 2827 ³ο
888 2812 965 2840 Rom.
985 2820 1037 2846 xvx,

1138 2812 1157 2827 ³³
1172 2812 1192 2839 ιι
1210 2812 1305 2840 Thess.
1324 2820 1352 2845 ιι,
1367 2811 1392 2839 8.
1432 2812 1453 2828 ³²
1477 2811 1573 2840 Matth.
1588 2818 1625 2844 \‘1,
1640 2809 1684 2837 15.
