2078 3151
164 137 217 169 6C9
454 144 463 158 ⁸

754 135 938 167 HOMILUE.
949 146 986 153 -·
1000 134 1093 167 ΗΟΜ.
1113 136 1201 168 XXV.

1742 139 1794 172 670

166 192 263 227 μαθεῖν
277 190 348 222 τίνος
364 190 456 218 ἕνεκεν
477 191 631 223 κτισθέντες
648 192 676 218 ὲν
692 194 758 228 τιμῇ
792 194 839 219 καὶ
865 201 954 219 κατοι-

1009 191 1117 221 discere
1141 192 1281 221 dcsideres
1307 200 1361 228 qua
1375 192 1410 222 de
1430 201 1523 226 causa,
1540 201 1603 222 cum
1628 201 1751 223 essemus
1766 196 1796 224 in

164 237 305 268 κισθέντες
325 238 354 263 ὲν
368 238 538 272 παραδείσῳ,
554 238 708 265 τελευταῖον
722 238 955 274 συμπαρεϐλήθη-

166 293 215 309 ⁷λεν
231 284 286 313 τοῖς
308 283 434 318 ἀνοήτοις
460 285 582 318 κτήνεσι,
597 285 644 310 καὶ
657 284 839 319 ὡμοιώθημεν
854 284 955 317 αὐτοῖς,

170 329 397 361 ιποπεπτωκότες
414 330 463 364 τῆς
489 330 624 364 ἀχράντου
648 330 737 364 δόξης,
758 330 887 363 γίνωσκε,
916 330 957 356 ὅτι

165 375 208 400 διὰ
221 376 270 409 τῆς
284 375 427 410 παρακοῆς
443 375 530 400 δοῦλοι
543 377 592 410 τῆς
608 376 709 410 σαρκὸς
733 375 827 401 παθῶν
845 375 957 410 γενόμε-

166 430 206 446 vn
224 420 427 454 ἀπεκλείσαμεν
446 421 558 452 ἑαυτοὺς
572 420 623 455 τῆς
642 421 780 456 μακαρίας
798 421 888 456 χώρας
903 421 956 448 τῶν

167 465 286 497 ζώντων,
301 465 349 492 καὶ
365 466 394 492 ἐν
409 465 583 501 αἰχμαλωσίᾳ
603 466 754 501 γενόμενοι,
777 466 817 493 ἔτι
834 467 881 492 ἐπὶ
902 466 956 492 τῶν

167 511 300 544 ποταμῶν
314 510 474 542 Βαϐυλῶνος
504 511 677 546 καθεζόμεθα
689 517 698 525 ’
717 512 762 538 καὶ
776 511 820 537 διὰ
830 511 860 537 τὺ
872 510 912 537 ἔτι
928 511 956 537 ὲν

167 557 298 593 Αἰγύπτῳ
311 558 385 592 ἡμᾶς
402 555 575 592 κατέχεσθαι,
591 558 668 585 οὔπω
692 557 954 593 ὲκληρονομήσαμεν

166 603 216 638 τὴν
237 603 289 637 γῆν
323 603 499 637 ἐπαγγελίας,
514 603 564 639 τὴν
589 604 705 639 ῥέουσαν
720 603 791 637 γάλα
811 603 858 630 καὶ
883 603 955 638 μέλι.

167 648 250 674 Οὔπω
265 645 490 684 συνεφυράθῆμεν
504 650 537 684 τῇ
550 648 623 684 ζύμῃ
639 649 688 684 τῆς
702 648 886 683 είλικρινείας,
899 648 956 675 ἀλλ’

166 695 206 721 ἔτι
226 695 310 729 ἐσμὲν
328 695 356 721 ὲν
371 696 403 730 τῇ
417 695 468 729 τῆς
496 695 630 730 πονηρίας
650 694 734 730 ζύμῃ.
756 694 840 721 Οὔπω
858 695 957 730 ἔρραν-

165 740 244 775 τίσθη
267 741 346 775 ἡμῶν
361 741 378 775 ἡ
397 740 498 775 καρδία
522 740 560 775 τῷ
583 740 679 775 αἵματι
693 739 740 766 τοῦ
755 740 838 766 Θεοῦ·
851 740 891 767 ἔτι
902 740 957 775 γὰρ

164 784 195 810 τὸ
210 784 347 819 πέταυρον
365 783 413 810 τοῦ
431 784 507 819 ᾅδου,
524 785 570 811 καὶ
590 784 620 810 τὺ
631 784 778 821 ἄγκιστρον
792 784 843 820 τῆς
858 785 957 816 κακίας

164 830 341 864 ὲμπέπηκται
351 830 431 865 αὐτῇ.

199 874 235 903 A'.
251 874 334 901 Οὔπω
350 875 541 910 ἀπειλήφαμεν
561 876 610 911 τὴν
635 876 795 910 ἀγαλλίασιν
809 875 856 902 τοῦ
873 884 958 911 σωτη-

167 921 224 955 ρίου
240 920 286 947 τοῠ
307 921 436 955 Χριστοῦ.
471 921 511 947 ἐτι
532 922 585 956 γὰρ
601 921 631 948 τὸ
650 922 763 957 κέντρον
782 922 829 948 τοῦ
842 922 956 948 θανάτου

165 967 399 1002 ὲγκατερρίζωται
414 967 489 1002 ἡμῖν.
504 968 592 993 Οῡπω
603 967 811 1003 ἐνεδυσάμεθα
826 968 880 995 τὸν
895 976 956 994 και-

165 1012 221 1039 νὸν
249 1012 417 1046 ἄνθρωπον,
445 1013 498 1039 τὸν
529 1012 604 1039 κατὰ
635 1014 709 1039 Θεὸν
733 1013 895 1040 κτισθέντα
922 1013 958 1040 ἐν

164 1058 297 1091 ὁσιότητι
307 1067 313 1072 ·
327 1057 430 1091 ἐπειδὴ
446 1057 528 1084 οὔπω
540 1057 751 1092 ἀπεδυσιὶμεθα
761 1057 815 1084 τόν
827 1057 958 1084 παλαιὸν

165 1104 331 1137 ἄνθρωπον,
352 1103 406 1129 τὸν
432 1103 627 1137 φθειρόμενον
638 1103 713 1130 κατὰ
731 1104 784 1135 τὰς
799 1103 957 1138 ἐπιθυμίας

165 1147 221 1181 τῆς
243 1147 372 1183 ἀπάτης.
385 1148 473 1174 Οῡπω
498 1147 683 1182 φορέσαντες
708 1148 765 1183 τὴν
779 1150 881 1176 εἰκόνα
903 1149 957 1176 τοῦ

164 1193 357 1226 ἐπουρανίου,
375 1194 545 1228 σύμμορφοι
563 1193 618 1227 τῆς
640 1194 735 1228 δόξης
759 1194 854 1221 αὐτοῦ
872 1195 957 1230 γεγό-

165 1247 269 1273 ναμεν.
290 1239 378 1265 Οὔπω
391 1239 666 1274 προσεκυνιὶσαμεν
680 1240 716 1267 ἐν
732 1241 883 1275 Πνεύματι
908 1240 957 1268 καὶ

165 1285 293 1318 ἀληθείᾳ
310 1284 380 1316 Θεῷ,
401 1285 449 1311 διὰ
469 1285 501 1311 τὸ
530 1286 713 1317 βασιλεύειν
736 1286 795 1320 τὴν
813 1287 957 1321 ἁμαρτίαν

165 1331 201 1357 ὲν
212 1330 252 1363 τῷ
265 1331 364 1365 θνητῷ
378 1330 463 1365 ἡμῶν
476 1331 601 1365 σώματι.
618 1331 702 1358 Οὔπω
718 1332 891 1367 ἐθεασάμεθα
907 1332 957 1367 τὴν

165 1377 244 1409 δόξαν
260 1378 306 1404 τοῦ
321 1378 459 1411 ἀφθάρτου
471 1387 477 1393 ·
493 1378 532 1404 ἔτι
557 1378 611 1413 γὰρ
636 1378 688 1404 ὑπὸ
707 1379 757 1413 τῆς
787 1379 957 1413 σκοτομήνης

166 1423 361 1459 ἐνεργούμεθα.
372 1423 455 1450 Οὔπω
468 1424 650 1459 ὲνεδυσάμεθα
663 1424 697 1450 τὰ
708 1425 777 1451 ὅπλα
790 1425 837 1451 τοῦ
858 1425 955 1459 φωτός·

167 1469 260 1504 ἐπειδὴ
281 1469 359 1495 οὔπω
376 1469 571 1504 ἀπεδυσάμεοα
586 1470 620 1496 τὰ
634 1469 680 1496 τοῦ
707 1469 818 1502 σκότους
840 1470 909 1496 ὅπλα
928 1479 957 1496 τε

1008 237 1114 265 honore
1129 238 1227 271 creati,
1247 242 1276 265 et
1302 237 1330 265 in
1352 238 1480 273 paradiso
1505 239 1660 272 constituti,
1684 240 1796 268 tandem

1007 283 1158 319 comparati
1183 277 1270 312 simis
1296 291 1360 311 cum
1388 284 1585 320 insipientibus
1609 286 1752 321 jumentis,
1768 289 1796 313 et

1008 330 1118 357 illorum
1131 330 1236 358 similes
1246 330 1323 361 facti.
1334 334 1363 358 et
1373 331 1525 358 excidimus
1534 331 1568 359 ab
1582 331 1796 359 incontaminata

1007 375 1106 411 gloria,
1132 375 1214 408 scito,
1242 375 1316 410 quod
1333 383 1395 403 cum
1412 383 1461 411 per
1483 376 1698 404 inobedientiam
1723 376 1795 404 servi

1008 420 1188 448 aﬂectionum
1206 420 1299 448 carnis
1312 420 1404 449 effecti
1415 428 1550 453 essemus,
1563 421 1733 449 exclusimus
1744 428 1796 448 nos

1007 466 1082 501 ipsos
1097 475 1112 494 a
1130 467 1210 494 beata
1223 467 1336 502 regione
1352 467 1516 499 viventium,
1528 471 1556 494 et
1566 467 1593 494 in
1610 467 1795 502 captivitatem

1007 513 1125 546 redacti,
1140 513 1232 540 adhuc
1251 513 1329 549 juxta
1353 512 1466 540 ﬂumina
1489 513 1635 548 Babylonis
1650 513 1794 545 sedemus;

1006 563 1035 587 et
1054 567 1099 593 eo,
1112 559 1186 594 quod
1202 559 1294 587 adhuc
1308 558 1338 586 in
1357 558 1473 594 Egypto
1487 559 1657 591 detinemur.
1671 559 1795 586 nondum

1007 606 1181 634 hzereditario
1194 606 1257 641 jure
1269 605 1443 640 possidemus
1465 609 1566 632 terram
1595 605 1795 639 promissionis.

1007 650 1141 679 ﬂuentem
1155 652 1225 679 lacte
1239 656 1269 679 et
1283 651 1376 679 melle.
1389 650 1518 678 Nondum
1530 649 1637 677 subacti
1652 657 1746 677 sumus
1769 649 1797 676 in

1007 694 1144 722 fermento
1159 694 1337 727 sinceritatis,
1360 693 1409 721 sed
1433 693 1524 721 adhuc
1540 694 1567 720 in
1588 693 1725 723 termento
1740 701 1799 720 ma-

1007 740 1075 768 litiae
1087 740 1224 776 degimus.
1238 740 1366 767 Nondum
1383 744 1426 767 est
1439 747 1581 774 aspersum
1604 746 1652 766 cor
1671 743 1796 766 nostrum

1007 787 1142 821 sanguine
1153 786 1219 819 Dei;
1243 785 1336 813 adhuc
1354 785 1429 812 enim
1446 786 1561 820 laqueus
1574 785 1684 817 inferni,
1699 789 1727 811 et
1746 783 1798 812 ha-

1008 839 1071 859 mus
1083 832 1194 859 malitiae
1205 832 1245 859 illi
1258 832 1359 860 inﬁxus
1372 835 1425 859 est.

1043 878 1088 905 ιν.
1110 877 1240 905 Nondum
1276 878 1434 912 accepimus
1469 876 1681 904 exsultationem
1713 883 1798 909 super

1008 924 1097 951 salute
1117 923 1222 951 Christi
1237 932 1243 950 :
1261 923 1351 950 adhuc
1366 923 1440 950 enim
1456 922 1568 949 aculeus
1582 922 1678 949 mortis
1690 921 1799 948 radices

1008 969 1036 996 in
1063 968 1143 995 nobis
1163 968 1261 996 inﬁxas
1285 968 1378 995 habet.
1408 967 1531 995 Nondum
1546 968 1679 994 induimus
1703 974 1799 993 nouum

1008 1015 1152 1047 hominem,
1166 1015 1211 1050 qui
1224 1015 1368 1042 secundum
1382 1014 1466 1041 Deum
1485 1018 1591 1041 creatus
1604 1018 1642 1040 est
1656 1013 1684 1040 in
1698 1013 1799 1040 sancti—

1008 1064 1064 1088 tate
1078 1068 1087 1088 :
1109 1061 1172 1095 quia
1187 1060 1305 1087 nondum
1324 1060 1443 1087 exuimus
1460 1064 1573 1086 ueterem
1595 1059 1737 1090 hominem,
1754 1058 1801 1093 qui

1008 1106 1075 1141 peril
1087 1105 1232 1133 secundum
1252 1105 1384 1132 desideria
1402 1104 1546 1139 fraudis".
1559 1104 1683 1131 Nondum
1693 1108 1801 1139 gestan-

1009 1156 1045 1179 tes
1059 1152 1202 1186 imaginem
1217 1151 1338 1184 micatis,
1364 1150 1511 1185 conformo:
1531 1150 1624 1185 glorite
1642 1149 1715 1176 illius
1735 1149 1800 1184 facti

1007 1205 1109 1224 sumus.
1126 1196 1251 1224 Nondum
1271 1196 1442 1223 adoravimus
1462 1196 1491 1223 in
1513 1194 1615 1230 Spiritu
1640 1198 1666 1220 et
1690 1195 1801 1221 veritate

1008 1240 1093 1270 Deum
1110 1262 1118 1276 ,
1144 1250 1173 1269 eo
1203 1242 1272 1277 quod
1295 1242 1446 1269 dominetur
1470 1244 1607 1277 peccatum
1631 1241 1660 1267 in
1692 1239 1800 1267 mortali

1009 1294 1098 1316 nostro
1116 1297 1226 1323 corpore
1240 1288 1281 1315 ³⁸⁵.
1295 1288 1424 1315 Nondum
1439 1286 1618 1322 contemplati
1630 1294 1727 1313 sumus
1740 1286 1800 1321 glo-

1008 1335 1078 1362 riam
1095 1335 1156 1371 ejus
1175 1334 1224 1369 qui
1246 1333 1471 1369 incorruptibilis
1485 1337 1542 1366 est;
1561 1333 1653 1360 adhuc
1673 1333 1748 1359 enim
1765 1332 1800 1359 ab

1008 1380 1089 1408 illuni
1115 1384 1198 1408 nocte
1225 1379 1372 1415 agitamur.
1398 1379 1527 1406 Nondum
1555 1378 1697 1406 induimus
1724 1385 1800 1405 arma

1008 1426 1099 1459 lucis;
1120 1426 1185 1461 quia
1200 1425 1326 1453 nondum
1343 1424 1472 1452 exuimus
1486 1432 1573 1456 arma,
1591 1424 1644 1451 tela
1670 1427 1698 1450 et
1715 1430 1801 1458 opera

1009 1471 1201 1498 tenebrarum.
1231 1469 1360 1497 Nondum
1392 1468 1584 1497 transformati
1625 1476 1722 1496 sumus
1749 1476 1800 1503 per

167 1515 214 1542 καὶ
242 1514 319 1550 βέλη,
348 1514 395 1541 καὶ
423 1515 501 1550 ἔργα.
531 1515 614 1542 Οὔπω
645 1516 898 1551 μετεμορφώϐημεν
922 1516 955 1551 τῇ

1009 1516 1111 1544 mentis
1125 1516 1334 1544 renovationem
1357 1524 1363 1542 :
1382 1516 1475 1543 adhuc
1499 1515 1573 1543 enim
1596 1514 1801 1550 contiguramur

167 1560 393 1587 ἀνακαινίσειτοῦ
411 1562 479 1592 νοός.
496 1561 555 1587 Ἔτι
571 1561 625 1596 γὰρ
641 1561 902 1596 συσχηματιζόμεθα
919 1562 957 1597 τῷ

166 1607 246 1634 αἰῶνι
260 1608 348 1643 τούτῳ
364 1608 392 1634 ἐν
415 1609 448 1643 τῇ
468 1608 515 1634 τοῦ
531 1608 590 1639 νοὸς
604 1608 776 1643 ματαιότητι.
794 1608 880 1634 Οὔπω
893 1609 958 1641 Xpt-

166 1655 229 1688 στῷ
241 1653 518 1688 συνεδσξάσθημεν,
532 1654 579 1681 διὰ
592 1653 625 1680 τὸ
634 1653 676 1688 μὴ
690 1653 859 1688 συμπαθεῖν
879 1652 957 1687 ἡμᾶς

167 1700 258 1733 αὐτῷ.
281 1701 368 1727 οὔπω
394 1700 430 1727 τὰ
444 1701 591 1734 (rt/utam
607 1699 702 1726 αὑτοῦ
720 1700 755 1726 ἐν
778 1699 819 1732 τῷ
845 1698 958 1733 σώματι

167 1747 252 1781 ἡμῶν
275 1747 415 1781 φέρομεν,
441 1746 581 1781 γενόμενοι
608 1746 637 1771 ὲν
667 1746 706 1781 τῷ
740 1745 882 1781 μυστηρίῳ
910 1744 956 1771 τοῦ

171 1792 288 1827 σταυροῦ
317 1792 362 1818 τοῦ
379 1792 509 1825 Χριστοῦ.
529 1792 589 1817 Ἔτι
603 1791 659 1826 γὰρ
682 1791 712 1816 ὲν
735 1792 791 1822 τοῖς
819 1792 958 1825 σαρκικοῖς

169 1838 313 1873 παθήμασι
339 1838 387 1864 καὶ
410 1839 469 1869 ταῖς
496 1837 656 1871 ἐπιθυμίαις
670 1837 763 1871 ἐσμέν.
781 1835 864 1862 Οὔπω
883 1836 957 1863 Θεοῦ

168 1883 350 1917 κληρονόμοι
366 1883 414 1910 καὶ
433 1885 676 1918 συνκληρονόμοι
691 1882 821 1917 Χριστοῦ
835 1882 958 1917 γεγόνα-

167 1937 240 1963 μεν’
260 1929 300 1955 ὃτι
316 1929 370 1964 γὰρ
389 1928 497 1963 πνεῦμα
520 1928 643 1959 δουλείας
660 1928 819 1962 ἐνυπάρχει,
840 1927 888 1953 καὶ
909 1927 958 1962 οὐχ

169 1975 306 2005 υἱοθεσίας
317 1983 323 1989 ·
345 1974 421 2000 οὔπω
442 1975 606 2009 γεγόναμεν
621 1974 693 2007 ναὸς
710 1974 795 2006 θεοῦ,
810 1974 859 2000 καί
874 1975 957 2007 οίκης

169 2021 275 2055 eripior
304 2021 477 2055 Πνεύματος
513 2020 617 2054 ἁγίου·
635 2020 675 2047 ἔτι
703 2020 757 2055 γάρ
786 2020 870 2054 ἐσμεν
896 2020 959 2051 ναὸς

169 2066 296 2098 εἰδώλων,
315 2067 361 2092 καὶ
380 2066 484 2101 δοχεῖον
502 2066 667 2100 πνευμάτων
683 2065 827 2101 πονηρίας,
845 2065 889 2092 διὰ
910 2065 959 2099 τὴν

169 2112 215 2137 ἐπὶ
228 2112 261 2138 τὰ
276 2111 349 2147 πάθη
367 2112 464 2146 ὁρμήν.

204 2159 242 2187 E’.
265 2160 369 2190 Ὄντως
396 2159 450 2194 γὰρ
474 2160 551 2186 οὔπω
575 2159 621 2186 τοῦ
647 2160 747 2195 τρόπου
761 2161 792 2187 τὸ
817 2161 956 2195 ἀκέραιον,

169 2204 215 2231 καὶ
232 2204 280 2238 τὴν
291 2204 340 2239 τῆς
351 2204 470 2236 διανοίας
483 2205 663 2240 λαμπρότητα
675 2206 859 2241 ἐκτησάμεθα.
876 2206 960 2233 Οὔπω

170 2249 380 2285 κατηξιώθημεν
394 2251 442 2277 τοῦ
459 2251 553 2277 ἀδόλου
572 2252 617 2278 καὶ
630 2251 739 2285 λογικοῦ
753 2252 898 2285 γάλακτος,
910 2253 960 2278 καὶ

170 2297 218 2331 τῆς
232 2297 330 2332 νοητῆς
345 2297 494 2333 αὐξήσεως,
516 2297 599 2324 Οὔπω
612 2299 677 2333 ἡμῖν
697 2298 787 2333 ἡμέρα
802 2298 957 2333 διηύγασεν,

170 2342 231 2368 οὔτε
243 2343 379 2378 ἐωσψόρος
390 2344 418 2369 ὲν
429 2344 489 2374 ταῖς
500 2344 624 2377 καρδίαις
636 2343 714 2378 ἡμῶν
723 2343 868 2371 ἀνέτειλεν.
877 2343 960 2370 Οὔπω

172 2388 379 2423 συνεκράθημεν
396 2388 434 2424 τῷ
448 2388 515 2423 ἡλίῳ
528 2389 577 2423 τῆς
593 2389 779 2425 δικαιοσύνης,
809 2389 886 2416 οὔπω
900 2391 960 2421 ταῖς

169 2433 254 2459 αὑτοῦ
274 2434 502 2469 συνηστράψαμεν
521 2435 639 2461 ἀκτῖσιν.
660 2434 743 2461 Οὔπω
768 2436 960 2471 ἀπειλήφαμεν

171 2478 218 2513 τὴν
249 2479 297 2506 τοῦ
328 2479 431 2515 Κυρίου
462 2480 602 2515 ὁμοίωσιν,
633 2481 702 2507 οὒτε
727 2481 891 2516 γεγόναμεν
906 2480 960 2515 τῆς

172 2524 253 2557 θείας
273 2524 393 2558 φύσεως
417 2526 563 2552 κοινωνοί.
590 2526 674 2552 Οὔπω
696 2526 851 2561 γεγόναμεν
868 2527 960 2558 ἄδολος

172 2569 300 2604 πορφύρα
332 2569 469 2605 βασιλικὴ,
489 2570 552 2597 οὔτε
583 2570 726 2602 ἁνόθευτος
756 2571 837 2598 εἰκὼν
870 2571 958 2607 θεῖκή.

172 2614 255 2641 Οὔπω
274 2615 433 2651 ἑτρώθημεν
459 2616 497 2651 τῷ
518 2616 581 2651 θείῳ
604 2616 697 2651 ἔρωτι,
717 2615 778 2642 οὔτε
800 2617 960 2652 ἐπλήγημεν

172 2662 224 2688 ὑπο
246 2662 296 2696 τῆς
311 2663 499 2697 πνευματικῆς
524 2662 634 2696 ἀγάπης
654 2661 701 2686 τοῦ
718 2662 856 2697 Νυμφίον.
876 2662 960 2689 Οὔπω

172 2707 221 2743 τὴν
236 2708 376 2742 ἄφραστον
401 2707 543 2734 κοινωνίαν
562 2707 760 2742 ἐγνωρίσαμεν,
782 2707 845 2734 οὔτε
864 2707 914 2743 τὴν
931 2709 961 2735 ὲν

173 2752 301 2788 ἁγιασμῷ
318 2753 433 2788 δύναμιν
454 2753 502 2780 καὶ
528 2753 642 2788 εἰρήνην
657 2752 828 2788 ἐπέγνωμεν.
846 2754 901 2781 Καὶ
917 2755 961 2781 ἵνα

209 2812 232 2827 ⁸³
251 2811 353 2847 Ephcs.
370 2820 406 2844 Iv,
436 2811 528 2843 24,22.

576 2811 607 2826 ³³⁵
619 2811 629 2837 l
643 2809 705 2838 Cor.
721 2818 764 2842 xv,
779 2811 838 2846 ως
857 2812 938 2839 Rom.
955 2820 1013 2846 vm,
1026 2812 1078 2844 29',
1092 2811 1170 2839 Joan.
1192 2811 1382 2843 iv.24;Rom.
1397 2818 1434 2844 vr,
1451 2810 1496 2838 22.

175 2847 197 2863 "
207 2845 295 2874 Galai.
314 2855 350 2880 vr,
368 2847 409 2873 i7.
449 2847 481 2863 "‘
496 2847 573 2874 Rom.
588 2854 646 2878 vui,
665 2846 706 2872 i7.
745 2845 977 2881 "lCor.iu,-16.

1009 1563 1076 1590 huic
1094 1563 1195 1590 smculo
1219 1570 1269 1598 per
1281 1562 1385 1590 mentis
1406 1561 1570 1589 vanitatem.
1588 1560 1713 1588 Nondum
1740 1568 1801 1587 cum

1009 1610 1113 1638 Christo
1125 1609 1384 1645 gloriﬁcatisumus;
1397 1608 1461 1643 quia
1470 1616 1522 1634 non
1535 1605 1799 1642 compatimurilli“.

1008 1656 1133 1684 Nondum
1154 1657 1281 1691 stigmata
1305 1655 1379 1682 illius
1403 1655 1432 1681 in
1459 1661 1567 1690 corpore
1592 1657 1681 1681 nostro
1710 1657 1801 1689 gesta-

1009 1710 1067 1729 mus
1080 1702 1112 1734 ³⁵,
1131 1706 1275 1729 versantes
1298 1700 1327 1728 in
1351 1700 1485 1736 mysterio
1502 1700 1594 1727 crucis
1608 1699 1711 1727 Christi
1727 1707 1735 1726 :
1752 1698 1802 1726 ad-

1010 1745 1066 1773 huc
1078 1746 1153 1774 enim
1170 1745 1330 1774 carnalibus
1347 1744 1543 1773 aﬂ‘ectionibus
1553 1748 1582 1772 et
1597 1744 1802 1780 concupiscen-

1011 1793 1059 1820 tiis
1070 1792 1182 1820 obnoxii
1200 1799 1308 1820 sumus.
1333 1791 1462 1819 Nondum
1475 1791 1524 1818 Dei
1537 1791 1663 1823 Ineredes,
1677 1796 1702 1817 et
1717 1791 1802 1818 colue-

1000 1838 1086 1869 ,redes
1099 1837 1196 1866 Christi
1213 1837 1277 1872 facti
1291 1844 1381 1863 sumus
1394 1836 1428 1852 ³¹”
1442 1845 1450 1863 :
1465 1836 1581 1871 spiritus
1591 1836 1665 1863 enim
1683 1836 1802 1863 servitu-

1010 1883 1048 1911 tis
1073 1883 1100 1911 in
1128 1883 1210 1910 nobis
1234 1882 1327 1910 adhuc
1356 1881 1476 1914 exsistit,
1495 1887 1524 1910 et
1550 1890 1608 1909 non
1631 1882 1800 1917 adoptionis.

1009 1927 1138 1956 Nondum
1168 1926 1233 1954 facti
1261 1934 1353 1953 sumus
1379 1925 1508 1961 templum
1527 1924 1644 1961 Spiritus
1668 1925 1755 1953 sancti
1765 1926 1800 1958 ³⁸,

1010 1982 1107 2002 sumus
1124 1973 1198 2001 enim
1215 1972 1308 2000 adhuc
1332 1972 1465 2007 templum
1493 1971 1643 2005 idolorum,
1678 1976 1802 2000 et‘rece-

1010 2020 1151 2055 ptaculum
1161 2018 1310 2054 spirituum
1331 2017 1454 2049 malitias.
1465 2020 1579 2053 propter
1595 2017 1730 2053 impetum
1740 2017 1802 2045 ani-

1014 2074 1066 2093 ma:
1080 2065 1112 2093 ad
1127 2064 1300 2092 aﬂ‘ectiones.

1048 2163 1081 2191 ν.
1102 2163 1208 2191 Revera
1249 2162 1325 2190 enim
1361 2169 1472 2189 morum
1498 2161 1715 2197 simplicitatem,
1743 2162 1803 2190 ani-

1013 2209 1107 2245 mique
1123 2209 1214 2236 lucem
1232 2208 1354 2236 nondum
1375 2208 1520 2235 consecuti
1546 2216 1652 2235 sumus.
1672 2208 1802 2236 Nondum

1011 2255 1089 2291 digni
1104 2262 1201 2283 sumus
1217 2255 1304 2282 habiti
1320 2254 1431 2282 sincero
1442 2258 1469 2281 et
1484 2254 1666 2282 intellectuali
1677 2254 1759 2287 lacte,
1772 2258 1802 2281 et

1011 2301 1172 2329 intellectus
1204 2301 1390 2328 incremento.
1414 2299 1542 2327 Nondum
1586 2299 1678 2326 illuxit
1720 2299 1801 2326 nobis

1012 2346 1083 2378 dies,
1101 2353 1193 2381 neque
1215 2344 1315 2372 lucifer
1327 2343 1355 2370 in
1368 2343 1500 2371 cordibus
1522 2342 1625 2370 nostris
1645 2345 1724 2368 ortus
1747 2345 1800 2369 est.

1011 2391 1140 2419 Nondum
1164 2389 1293 2425 permisti
1316 2396 1414 2416 sumus
1426 2388 1490 2416 Sole
1505 2388 1629 2424 justitiae,
1645 2395 1697 2414 nec
1709 2386 1801 2414 adhuc

1012 2437 1089 2465 illius
1102 2436 1188 2464 radiis
1208 2436 1355 2471 fulgemus.
1368 2435 1497 2462 Nondum
1520 2434 1677 2468 accepimus
1691 2432 1800 2460 Domini

990 2492 996 2495 '
1011 2481 1236 2512 similitudinem,
1259 2488 1311 2508 nec
1326 2480 1468 2516 participes
1491 2480 1587 2507 divine
1610 2483 1715 2506 natum
1737 2478 1801 2513 [acti

1011 2527 1158 2555 sumus'”.
1178 2525 1306 2553 Nondum
1327 2525 1391 2552 facti
1417 2515 1514 2552 sumus
1543 2524 1652 2551 sincera
1677 2515 1800 2558 p‘brpura

1012 2573 1097 2608 regia,
1112 2579 1167 2599 nec
1188 2571 1308 2606 genuina
1327 2571 1417 2606 imago
1440 2570 1502 2598 Dei.
1526 2569 1654 2598 Nondum
1681 2568 1799 2596 sauciali

1012 2626 1109 2646 sumus
1126 2624 1220 2644 amore
1242 2616 1347 2648 divino,
1363 2623 1416 2644 nec
1432 2615 1556 2651 percussi
1584 2614 1721 2650 spirituali
1734 2614 1800 2641 cha-

1028 2664 1096 2692 itate
1125 2663 1234 2698 Sponsi.
1273 2661 1401 2690 Nondum
1434 2661 1603 2689 ineffabilem
1639 2660 1799 2687 societatem

1016 2709 1203 2744 cognovimus,
1224 2715 1315 2742 neque
1329 2708 1385 2734 vim
1402 2712 1432 2734 et
1452 2714 1561 2742 pacem,
1578 2713 1638 2741 quae
1654 2705 1681 2732 in
1696 2705 1800 2732 sancti-

1013 2754 1141 2782 ﬁcatione
1158 2758 1213 2786 est,
1234 2753 1425 2789 cognovimus.
1442 2753 1478 2780 Et
1504 2757 1536 2780 ut
1557 2751 1682 2780 breviter
1708 2750 1801 2779 omnia

1545 2810 1567 2827 ³⁸
1584 2809 1665 2838 Rom.
1679 2817 1736 2845 vui,
1754 2809 1799 2837 i7.

1029 2847 1062 2863 ³⁸·
1073 2846 1095 2874 ll
1110 2846 1183 2875 Petr.
1196 2854 1215 2880 ι,
1230 2847 1256 2874 4.
