2078 3151
264 140 314 173 071

901 140 930 170 S.
952 136 1114 170 MACARII
1135 138 1296 171 EGYPTII

1848 149 1903 181 672

265 196 458 232 conplectens
469 195 572 229 dicam,
585 194 712 224 nondum
727 202 825 235 sumus
835 203 919 232 genus
935 195 1057 227 eiectam,

1111 196 1228 223 συνελὼν
1240 197 1329 224 πάντα
1340 197 1421 231 εῖπω,
1439 195 1519 225 οὔπω
1534 198 1631 235 ἐσμέν
1646 200 1733 236 γένος
1746 201 1902 237 ἐκλεκτὸν,

266 242 358 278 regale
373 242 563 274 sacerdotium,
576 249 640 277 gens
655 245 760 274 sancta,
774 241 898 282 populus,
910 243 955 277 qui
966 242 1058 277 acqui-

265 294 310 316 rat
326 289 513 324 possessionem
523 288 567 304 ""
583 296 590 315 :
603 288 667 323 quia
682 288 768 315 adhuc
780 296 870 315 sumus
881 292 1014 323 serpentes
1028 296 1060 315 ac

264 334 401 370 progenies
413 335 567 369 viperarum
579 334 616 360 ³⁷.

299 378 344 406 Vl.
364 378 425 411 Quo
447 383 527 413 pacto
544 386 610 406 vero
644 385 700 406 non
723 382 866 414 serpentes
879 385 983 410 sumus.
1009 377 1057 412 qui

264 424 292 451 in
308 424 466 452 obedientia
480 424 528 452 Dei
544 432 597 452 nec
611 424 677 452 dum
690 424 803 460 quidem
820 424 990 459 reperimur,
1007 423 1056 451 sed

264 469 356 497 adhuc
385 470 414 497 in
437 470 628 497 inobedientla
654 478 705 505 per
729 473 888 504 serpentem
922 469 1058 496 inducta!

262 514 439 550 Quapropter
456 523 511 550 quo
532 520 615 550 pacto
633 516 700 543 satis
711 515 794 551 digne
816 516 924 550 lugeam
943 515 1057 542 calami—

265 565 360 594 tatem,
379 569 434 588 non
450 561 572 595 invenio,
590 566 619 590 et
632 570 688 597 quo
711 566 793 597 pacto
807 561 936 597 lacrymis
961 561 1058 589 effusis

265 607 386 635 clamare
407 607 522 635 debeam
552 607 587 636 ad
615 616 691 641 eum,
707 609 754 643 qui
769 612 861 643 potest
885 615 1011 636 errorem
1028 608 1056 636 in

265 659 309 679 me
327 653 499 681 habitantem
525 653 579 689 93
603 653 732 689 abigere,
762 654 882 689 ignoro?
901 653 962 687 Quo
975 658 1058 689 pacto

264 705 331 725 vero
355 699 473 727 cantabo
494 700 633 727 canticum
660 699 768 727 Domini
792 699 819 727 in
848 703 923 727 terra
946 699 1058 728 aliena?

264 743 324 776 Quo
340 749 419 779 pacto
435 745 535 780 lugebo
548 743 725 772 Jerusalem?
750 745 811 778 Quo
827 749 910 779 pacto
925 745 1056 780 eil‘ugiam

264 788 362 814 duram
391 789 554 816 servitutem
585 789 758 817 Pharaonis?
779 789 840 822 Quo
866 793 948 824 pacto
971 789 1057 817 relin-

263 840 344 866 quam
362 833 514 861 obscenum
540 834 713 862 incolatum?
733 835 793 867 Quo
813 839 894 869 pacto
916 835 1057 870 abnegabo

1107 240 1270 272 ,ϐασίλειον
1286 241 1455 277 ἱεράτευμα,
1473 243 1564 277 ἔθνος
1577 244 1675 280 ᾶτιον,
1692 247 1769 280 λαὸς
1781 249 1825 282 εις
1848 257 1902 278 ,ιτε-

1104 287 1282 321 ρικοίησινο
1300 288 1406 323 ἐπειδὴ
1420 288 1456 316 δὲ
1480 289 1523 317 ἔτι
1549 291 1644 325 ἐσμὲν
1675 291 1769 327 ὄφεις,
1798 296 1905 331 γεννή-

1105 340 1186 366 ματα
1201 332 1340 366 ἐχιδνῶν,

1144 379 1190 411 (τ’.
1211 378 1273 410 Πῶς
1293 379 1321 405 δὲ
1336 379 1387 406 οὐκ
1409 380 1498 415 ὄφεις,
1513 381 1538 406 οἱ
1556 381 1593 416 μὴ
1607 381 1637 408 ὲν
1665 384 1697 418 τῇ
1722 383 1830 421 ὑπακοῇ
1855 386 1903 414 τοῦ

1108 422 1176 450 Θεοῦ
1201 424 1404 460 εὑρισκόμενοι,
1426 425 1486 452 ἀλλ’
1502 426 1531 452 ὲν
1546 427 1578 462 τῇ
1598 427 1643 454 διὰ
1655 428 1703 455 τοῦ
1717 429 1806 464 ὄφεως
1822 439 1904 465 γενο-

1110 469 1179 504 μένῃ
1195 471 1341 506 παρακοῇ;
1357 471 1405 498 ἐπὶ
1427 470 1535 502 τούτοις
1558 472 1660 504 τοίνυν,
1676 473 1736 505 πῶς
1752 475 1802 510 μὲν
1819 474 1904 508 ἀξίως

1108 513 1249 549 ὀδύρωμαι
1266 515 1317 551 τὴν
1338 516 1490 552 συμφορὰν,
1513 517 1562 552 οὐχ
1580 517 1708 553 εὑρίσκω.
1730 519 1792 552 Πῶς
1809 520 1837 547 δὲ
1857 522 1905 547 ὲκ-

1108 559 1210 596 6οήσας
1222 561 1351 597 δακρύσω
1371 562 1438 598 πρδς
1457 562 1505 590 τὸν
1533 563 1683 598 δυνάμενον
1708 564 1835 596 ἐξελάσαι
1852 566 1903 600 τὴν

1108 606 1137 632 ἔν
1154 606 1217 641 ἐμοὶ
1232 607 1415 644 αὐλιζομένην
1431 607 1537 643 πλάνην
1547 609 1635 644 ἀγνοῶ
1647 618 1653 624 ·
1670 610 1732 642 Πῶς
1741 611 1770 637 δὲ
1782 611 1840 646 ᾄσω
1852 612 1903 648 τὴν

1108 651 1180 688 ᾠδὴν
1196 653 1301 688 Κυρίου
1315 654 1362 680 ἐπὶ
1377 654 1431 689 γῆς
1444 654 1609 690 ἀλλοτρίαςς
1628 656 1691 688 Πῶς
1707 655 1836 692 θρηνήσω
1853 659 1904 694 τὴν

1115 698 1313 734 Ἰερουσαλήμς
1332 700 1394 732 Πῶς
1409 700 1544 735 ἀποφὺγω
1560 701 1610 737 τὴν
1625 702 1769 738 μοχθηρὰν
1783 703 1904 732 δουλείαν

1108 743 1155 770 τοῦ
1174 744 1289 779 Φαραώ;
1307 745 1370 777 Πῶς
1389 745 1533 773 καταλίπω
1545 746 1594 782 τὴν
1608 748 1722 783 αἰσχρὰν
1738 749 1902 785 παροικίανς

1109 789 1172 821 Πῶς
1191 790 1354 826 ἀρνήσωμαι
1371 790 1422 827 τὴν
1441 791 1544 827 πικρὰν
1553 793 1717 828 τυραννίδα;
1732 793 1790 826 πῶς
1804 794 1904 827 ἐξέλθω

1108 836 1141 862 ἐκ
1157 836 1209 870 γῆς
1233 836 1391 870 Αἰγύπτου
1412 837 1476 869 Πῶς
1497 838 1610 874 nspde
1632 838 1682 874 τὴν
1706 839 1839 875 Ἐρυθρὰν
1853 840 1903 868 θά-

263 878 351 905 diram
383 878 580 913 tyrannidem?
597 879 657 912 Quo
685 883 767 914 pacto
793 878 921 914 egrediar
947 887 963 906 a
980 882 1054 907 terra

1109 881 1227 915 λαασανς
1247 882 1311 913 Πῶς
1335 883 1464 918 παρέλθω
1488 873 1539 919 τὴν
1558 873 1681 920 μεγάλην
1701 873 1820 921 ἔρημον;
1840 887 1903 919 Πῶς

263 922 396 958 τΕεγῃιίἳ
415 923 475 956 Quo
489 930 570 958 pacto
590 923 715 951 transibo
734 923 859 951 Rubrum
879 924 976 951 mare?
997 924 1070 959 Quo,

263 973 344 1004 pacto
360 969 513 1004 peragrabo
534 969 633 1005 ingens
649 969 812 997 desertum?
828 969 888 1002 Quo
902 974 985 1005 pacto
1002 978 1057 997 non

263 1019 384 1047 peream,
401 1021 511 1040 morsus
522 1021 538 1040 a
552 1013 752 1048 serpentibus?
772 1013 832 1046 Quo
848 1018 929 1048 pacto
949 1013 1057 1041 vincam

262 1057 452 1094 alienigenas?
467 1058 528 1092 Quo
538 1062 619 1094 pacto
635 1059 736 1086 delebo
749 1063 846 1094 gentes
860 1059 933 1094 apud
949 1067 993 1087 me
1009 1060 1058 1087 ha-

263 1103 403 1131 bitantes?
429 1103 489 1136 Quo
514 1108 595 1139 pacto
626 1105 777 1139 suscipiam
806 1105 834 1132 in
856 1105 959 1133 tabulis
989 1105 1058 1133 meis

261 1147 372 1182 eloquia
393 1148 495 1176 divina:
516 1148 607 1183 legis?
627 1148 687 1181 Quo
706 1153 787 1183 pacto
806 1149 937 1176 intuebor
963 1157 1058 1177 veram

262 1195 421 1222 columnam
443 1194 513 1222 lucis
536 1202 568 1222 ac
584 1195 668 1222 nubis
689 1202 704 1222 a
718 1194 824 1230 Spiritu
847 1199 944 1223 sancto
966 1195 1058 1231 profe-

262 1243 336 1270 ctae?
350 1242 411 1275 Quo
426 1246 507 1277 pacto
523 1249 620 1269 vescar
634 1249 736 1269 manna
752 1246 920 1270 antemarum
944 1242 1059 1270 delicia-

264 1288 349 1315 rum?
366 1288 426 1321 Quo
440 1292 521 1323 pacto
537 1287 630 1315 bibam
650 1295 749 1323 aquam
778 1296 811 1316 ex
830 1293 907 1324 petra
929 1288 1059 1316 viviﬁca?

262 1334 323 1367 Quo
349 1337 430 1366 pacto
456 1334 620 1361 transmisso
643 1333 766 1362 Iordane
788 1334 928 1369 ingrediar
957 1335 1058 1362 bonam

263 1385 365 1407 terram
381 1378 594 1413 promissionis?
616 1378 676 1411 Quo
699 1383 780 1413 pacto
793 1379 894 1407 videbo
905 1379 1058 1414 principem

263 1423 403 1450 exercitus
419 1422 540 1455 Domini,
557 1430 641 1457 quem
657 1423 861 1457 contemplatus
884 1423 965 1451 Iesus
983 1423 1057 1451 ﬁlius

263 1468 348 1500 Nave,
364 1468 394 1495 in
408 1476 499 1504 genua
510 1468 674 1502 provolutus
689 1469 824 1496 continuo
841 1468 990 1496 adoravit?

297 1519 354 1547 VII.
367 1519 426 1547 Nisi
440 1519 516 1547 enim
534 1519 562 1546 in
578 1519 622 1546 his
638 1519 771 1547 omnibus
786 1525 917 1548 versatus
931 1520 1061 1548 delevero

263 1564 421 1592 habitantes
434 1564 462 1591 in
482 1571 526 1591 me
543 1568 650 1599 gentes,
668 1571 843 1599 nequaquam
865 1565 1006 1601 ingressus
1017 1574 1062 1594 re-

264 1610 403 1645 quiescam
416 1610 444 1637 in
458 1609 616 1637 sanctuario
630 1609 690 1642 Dei,
706 1617 758 1637 nec
771 1611 912 1646 particeps
927 1611 990 1638 ﬁam
1003 1612 1062 1647 glo-

265 1657 314 1683 riae
330 1656 413 1691 regis.
440 1655 616 1690 Quapropter
636 1656 775 1683 contende
793 1655 951 1692 diligenter,
973 1662 1005 1685 ut
1019 1658 1062 1685 in-

264 1701 392 1736 culpatus
419 1700 492 1728 ﬁlius
514 1701 563 1728 Dei
588 1701 699 1733 evadas,
715 1705 744 1728 et
761 1701 836 1728 illam
867 1702 995 1737 requiem
1020 1703 1062 1730 in-

265 1747 410 1781 grediaris,
419 1754 475 1782 quo
487 1754 643 1781 praecursor
651 1747 780 1775 Christus
789 1755 839 1783 pro
848 1748 929 1776 nobis
941 1749 1061 1777 introiit.

264 1793 418 1826 Contende,
443 1797 473 1821 ut
489 1793 656 1821 describaris
673 1793 701 1820 in
716 1794 840 1822 Ecclesia
866 1795 972 1823 caelesti
997 1803 1060 1824 cum

266 1839 468 1875 primogenitis,
478 1846 534 1874 quo
543 1839 694 1874 reperiaris
705 1840 732 1867 in
744 1840 841 1868 dextra
850 1840 1061 1876 magniﬁcentia:

264 1886 408 1914 Altissimi.
419 1885 573 1918 Contende,
596 1890 626 1913 ut
640 1886 807 1921 ingrediaris
821 1891 943 1914 sanctam
959 1888 1057 1915 civita-

266 1938 331 1964 tem,
346 1932 422 1967 pacis
446 1932 568 1967 plenam,
592 1935 622 1960 et
650 1940 799 1968 supernam
821 1933 987 1965 Jerusalem,
1013 1934 1060 1962 ubi

264 1979 347 2006 etiam
362 1982 405 2006 est
421 1978 576 2008 paradisus.
603 1978 780 2006 Admiraudis
802 1979 877 2006 enim
914 1986 946 2007 ac
971 1980 1060 2008 beatis

265 1986 347 2006 etiam
362 1986 405 2006 est
439 1986 576 2006 araoisus.
603 1986 780 2006 numiranois
802 1986 877 2006 enim
914 1986 946 2007 ac
972 1986 1059 2008 beatis

265 1986 465 2060 speciminifus
476 2024 519 2052 his
529 2032 585 2052 non
599 2024 683 2052 aliter
701 2025 802 2060 dignus
815 2025 991 2060 reputabere.
1006 2027 1059 2054 nisi

264 2070 398 2105 laerymas
418 2073 503 2097 noctu
520 2070 624 2105 diuque
653 2070 789 2103 eil'undas,
820 2071 973 2099 secundum
995 2080 1059 2100 eum

263 2114 309 2148 qui
325 2115 409 2141 dicit:
423 2114 528 2141 Lavabo
552 2123 599 2149 per
611 2115 732 2150 singulas
753 2121 841 2142 noctes
854 2116 949 2144 lectum
960 2125 1058 2151 meum,

263 2158 291 2184 in
304 2157 428 2193 lacrymis
439 2158 503 2185 meis
521 2155 637 2186 stratum
651 2167 737 2186 meum
752 2160 843 2195 rigabo
852 2161 896 2188 "'.
909 2161 968 2188 Non
984 2163 1057 2190 enim

1109 926 1146 962 μὴ
1160 926 1304 963 ἀπόλωμαι
1322 927 1431 964 δηχθεὶς
1448 929 1501 956 ὑπὸ
1520 929 1575 957 τῶν
1590 929 1696 963 ὄφεων;
1713 931 1776 963 Πῶς
1800 932 1903 967 νικήσω

1106 973 1169 1004 τοὺς
1181 972 1364 1008 ἀλλοφύλους;
1383 974 1446 1006 Πῶς
1461 974 1647 1010 ὲξολοθρεύσω
1661 976 1695 1003 τά
1705 977 1734 1003 ὲν
1748 977 1809 1012 ὲμοὶ
1827 977 1902 1014 ἔθνηε

1107 1017 1169 1050 Πῶς
1183 1018 1305 1054 δέξωμαι
1318 1020 1347 1046 ἐν
1362 1021 1424 1052 ταῖς
1437 1020 1517 1056 ἐμαῖς
1535 1020 1616 1053 πλαξὶ
1628 1022 1661 1048 τὰ
1675 1021 1753 1057 λόγια
1766 1022 1813 1049 τοῦ
1831 1023 1903 1050 θείου

1107 1063 1207 1099 νόμου;
1225 1064 1288 1097 Πῶς
1302 1065 1404 1101 ὄψομαι
1420 1066 1465 1093 τὸν
1481 1066 1607 1101 ἀληθινὸν
1623 1067 1717 1094 στύλον
1733 1067 1780 1095 τοῦ
1804 1068 1903 1103 φωτὸς,

1107 1110 1156 1137 καὶ
1169 1110 1220 1145 τῆς
1232 1111 1264 1137 ὲκ
1274 1111 1321 1138 τοῦ
1338 1112 1416 1146 ἁγίου
1430 1113 1591 1148 Πνεύματος
1604 1114 1720 1149 νεφέλης
1731 1123 1738 1148 ;
1756 1114 1819 1146 Πῶς
1835 1115 1903 1142 ἁπο-

1107 1155 1200 1183 λαὺσω
1214 1156 1262 1183 τοῦ
1279 1157 1368 1192 μάννα
1385 1158 1434 1193 τῆς
1452 1159 1538 1185 ἀϊδίου
1559 1161 1681 1194 τρυφῆς;
1710 1160 1773 1192 Πῶς
1794 1161 1848 1187 πίω
1872 1161 1904 1186 τὸ

1108 1202 1140 1228 ὲκ
1168 1201 1217 1237 τῆς
1248 1203 1381 1234 ζωοποιου
1407 1203 1512 1239 πέτρας
1530 1204 1621 1240 ὕδωρ;
1640 1205 1703 1237 Πῶς
1719 1205 1844 1241 παρέλθω
1857 1206 1904 1232 τῦν

1115 1247 1264 1283 Ἰορδάνην,
1282 1249 1414 1277 εἰσελθὼν
1440 1251 1481 1282 είς
1493 1250 1544 1286 τὴν
1558 1250 1664 1286 ἀγαθὴν
1683 1251 1736 1287 γῆν
1751 1252 1800 1287 τῆς
1816 1252 1902 1286 ἑπαγ-

1109 1292 1219 1326 γελίαςς
1238 1293 1300 1325 Πῶς
1316 1294 1364 1321 ίδω
1376 1295 1422 1322 τὸν
1434 1295 1655 1331 ἀρχιστράτηγον
1669 1295 1783 1331 Κυρίου,
1797 1296 1827 1323 ὃν
1840 1296 1902 1323 ίδὼν

1108 1339 1122 1364 ὁ
1141 1337 1244 1373 Ἰησοῦς
1256 1339 1271 1366 ό
1283 1339 1331 1366 τοῦ
1348 1339 1439 1375 Ναυῆ,
1452 1340 1545 1368 πεσὼν
1573 1342 1745 1378 παραχρῆμα
1762 1342 1899 1378 προσεκύ‹

1109 1393 1191 1420 νησεν
1199 1393 1206 1418 ;

1146 1514 1184 1542 Ζ’.
1203 1515 1269 1543 Ἐὰν
1282 1515 1336 1551 γάρ
1353 1515 1391 1552 μὴ
1405 1516 1450 1543 διὰ
1473 1516 1576 1544 τούτων
1602 1518 1713 1546 πάντων
1737 1519 1903 1555 γενόμενος,

1112 1559 1298 1596 ὲξολοθρεύσω
1310 1561 1345 1588 τὰ
1357 1562 1386 1588 ὲν
1398 1562 1460 1597 ἐμοὶ
1477 1562 1552 1598 ἔθνη,
1567 1563 1599 1590 ού
1612 1563 1651 1599 μὴ
1664 1564 1793 1592 εἰσελθὼν
1813 1574 1902 1593 κατα-

1111 1606 1211 1633 παύσω
1223 1607 1264 1639 είς
1278 1607 1310 1634 τδ
1325 1607 1504 1643 ἁγιαστήριον
1519 1608 1567 1635 τοῦ
1577 1609 1656 1642 Θεοῦ,
1668 1610 1729 1637 οὐδὲ
1744 1611 1781 1646 μὴ
1791 1611 1904 1647 μέτοχος

1111 1651 1234 1687 γένωμαι
1251 1651 1302 1687 τῆς
1314 1651 1448 1687 βασιλέως
1465 1653 1556 1688 δόξης.
1586 1654 1739 1690 Τοιγαροῦν
1754 1656 1905 1685 σπούδασον

1111 1698 1226 1734 ἄμωμον
1237 1698 1331 1727 τέκνον
1345 1699 1414 1726 Θεοῦ
1428 1700 1567 1734 γενέσθαι,
1580 1701 1627 1728 καὶ
1638 1702 1769 1729 εἰσελθεῖν
1783 1704 1822 1736 είς
1832 1704 1904 1731 ἐκεί-

1111 1753 1160 1780 νην
1175 1745 1225 1780 τὴν
1250 1745 1434 1779 κατάπαυσιν,
1461 1746 1528 1773 ὅπου
1554 1747 1709 1783 πρόδρομος
1731 1749 1801 1785 ὑπὲρ
1825 1751 1905 1785 ήμῶν

1111 1790 1219 1826 εἰσῆλθε
1235 1791 1363 1827 Χριστός.
1396 1791 1550 1819 Σπούδασον
1565 1793 1760 1829 ἀπογραφῆναι
1777 1795 1806 1821 ὲν
1825 1797 1857 1831 τῇ
1875 1797 1905 1823 ἐν

1110 1836 1238 1871 οὐρανοῖς
1255 1837 1405 1873 Ἐκκλησία
1421 1837 1489 1872 μετὰ
1500 1838 1556 1864 τῶν
1570 1839 1762 1873 πρωτοτόκων,
1774 1841 1849 1872 ὅπως
1861 1842 1905 1868 εὑ-

1112 1882 1194 1919 ρεθῇς
1208 1884 1237 1910 ὲν
1250 1883 1326 1919 δεξιᾷ
1337 1883 1388 1919 τῆς
1397 1883 1593 1919 μεγαλωσύνης
1608 1885 1655 1912 τοῦ
1665 1886 1804 1921 Ὑψίστου.
1818 1888 1905 1914 Σπού-

1110 1928 1190 1955 δασον
1197 1928 1328 1956 εἰσελθεῖν
1337 1930 1377 1961 είς
1384 1929 1433 1966 τὴν
1446 1930 1526 1964 ἁγίαν
1535 1930 1623 1964 πόλιν,
1635 1931 1682 1967 τὴν
1694 1932 1904 1969 είρηνευομένην

1116 1973 1308 2009 Ἰερουσαλὴμ,
1322 1975 1370 2002 καὶ
1383 1974 1535 2010 ἀνωτάτην,
1552 1975 1615 2002 ἔνθα
1628 1977 1674 2002 καὶ
1698 1977 1712 2003 ὁ
1728 1977 1902 2012 παράδεισος.

1111 2019 1220 2046 Τούτων
1237 2019 1293 2054 γὰρ
1316 2019 1371 2046 τῶν
1396 2019 1562 2056 θαυμαστῶν
1578 2022 1626 2048 καὶ
1643 2022 1788 2058 μακαρίων
1815 2031 1905 2059 παρα-

1110 2065 1282 2100 δειγμάτων,
1306 2066 1355 2101 οὐχ
1376 2066 1478 2102 ἑτέρως
1502 2075 1561 2099 πως
1588 2067 1801 2104 καταξιωθήσῃ,
1824 2069 1848 2095 εί
1864 2068 1903 2105 μὴ

1110 2110 1275 2146 καταφέρεις
1304 2111 1410 2144 δάκρυα
1431 2112 1538 2147 ἡμέρας
1559 2113 1606 2140 καὶ
1634 2113 1752 2147 νυκτὸς,
1770 2114 1840 2141 κατά
1857 2115 1904 2141 τὸν

1110 2156 1238 2192 λέγοντα·
1267 2158 1375 2184 Λούσω
1398 2158 1464 2185 καθ’
1481 2157 1617 2192 ἑκάστην
1652 2159 1747 2186 νύκτα
1766 2159 1823 2194 τὴν
1837 2161 1902 2187 κλί-

264 2201 383 2236 iguoras,
400 2202 474 2237 quod
490 2203 534 2238 qui
545 2203 677 2230 seminam
695 2204 723 2230 in
741 2203 877 2240 lacrymis,
891 2206 919 2232 in
933 2206 1052 2233 exsulta-

1109 2213 1238 2241 νην-μου,
1245 2204 1280 2231 ἐν
1288 2203 1418 2238 δάκρυσί
1422 2212 1482 2238 μου
1488 2203 1545 2238 τὴν
1556 2206 1716 2239 στρωμνήν
1724 2214 1784 2240 μου
1791 2206 1901 2240 βρέεω.

263 2248 334 2274 tione
345 2252 442 2275 metent
453 2248 486 2275 ³⁸.
501 2248 649 2283 Propterea
665 2249 783 2276 ﬁdenter
800 2250 890 2285 inquit
906 2251 1061 2286 Propheta:

263 2293 406 2329 Lacrymas
430 2303 503 2322 meas
524 2303 577 2322 non
604 2296 683 2323 sileas
693 2296 725 2323 ³³.
754 2296 787 2323 Et
804 2296 921 2325 iterum:
947 2298 1062 2326 Posuisti

264 2340 395 2376 ’acrymas
405 2350 477 2368 meas
491 2342 519 2369 ἰη
530 2346 668 2378 conspectu
678 2344 808 2375 tuo,sicut
816 2348 839 2370 et
850 2344 878 2371 in
887 2345 1059 2379 promissione

262 2391 310 2414 tua
319 2387 352 2415 θ’,
371 2388 405 2415 Εῑ
421 2388 508 2416 illud:
527 2388 645 2416 Fuerunt
668 2390 733 2416 mihi
760 2389 885 2425 laci-gmw
900 2399 966 2418 mea:
979 2393 1057 2427 panis

261 2433 303 2460 die
326 2442 358 2460 ac
378 2433 494 2460 nocte".
519 2434 554 2462 Et
578 2435 607 2462 in
628 2434 683 2462 alio
703 2434 826 2469 psalmo:
850 2435 946 2463 Polum
967 2444 1054 2464 meum

262 2488 320 2507 cum
332 2481 395 2516 ﬂetu
408 2481 550 2508 miscebant
561 2481 594 2509 “.

298 2605 367 2636 VIII.
388 2609 521 2646 Lacryma
540 2611 615 2638 enim
634 2610 692 2643 illa,
712 2619 774 2647 qua
789 2620 887 2640 revera
902 2621 936 2640 ex
951 2622 1057 2642 summa

262 2655 431 2683 contritione
456 2661 485 2684 et
503 2656 629 2691 angustia
645 2657 738 2686 cordis
755 2657 917 2691 eﬂunditur,
937 2659 964 2686 in
983 2660 1058 2695 agni—

264 2701 338 2729 tione
351 2702 485 2736 veritatis,
503 2707 532 2731 et
551 2711 614 2732 cum
639 2704 739 2732 ardore
750 2704 900 2738 viscerum,
923 2706 1003 2734 cibus
1014 2710 1058 2734 est

263 2747 364 2776 animi:
378 2756 412 2776 ex
424 2750 530 2778 caelesti
545 2757 615 2786 pane
631 2755 823 2786 comparatus:
839 2751 919 2786 cujus
939 2752 1058 2781 maxime

299 2815 368 2854 1w]
386 2817 459 2845 Pelr.
471 2826 510 2854 νιι,
531 2818 548 2845 9
566 2819 587 2835 ³⁷
607 2818 702 2846 Matth.
718 2827 759 2850 Ill,
772 2819 797 2845 7.
837 2819 870 2836 ³⁷⁸
889 2820 960 2848 Psal.
976 2829 1012 2854 γι,
1029 2823 1054 2850 7,

265 2848 287 2865 ⁵³
302 2849 372 2878 Psal.
386 2860 447 2884 nu,
463 2853 490 2881 4.
504 2848 509 2851 ’
546 2855 570 2870 ⁸·
589 2854 657 2881 Psal.
672 2862 717 2887 cu,
733 2848 777 2881 10.

1115 2252 1153 2280 Οὐ
1172 2252 1226 2287 γὰρ
1238 2251 1344 2285 ἀγνοεῖς
1359 2270 1366 2282 ,
1384 2250 1425 2276 ὅτι
1441 2250 1473 2276 οι
1497 2250 1675 2284 σπείροντες
1686 2250 1721 2277 ἐν
1733 2251 1880 2286 δάκρυσιν
1893 2272 1902 2284 ,

1112 2298 1148 2325 ἐν
1171 2295 1350 2332 ἀγαλλιάσει
1372 2294 1516 2328 θεριοῦσι.
1544 2295 1590 2321 Διό
1617 2303 1700 2331 φησιν
1726 2295 1741 2321 ὁ
1758 2296 1904 2331 Προφήτης

1111 2344 1181 2379 μετὰ
1196 2341 1363 2378 παρρησίας·
1382 2341 1443 2368 Τῶν
1459 2341 1598 2376 δακρύων
1607 2350 1672 2375 ,μου
1683 2341 1726 2376 μὴ
1753 2350 1904 2376 παρασιω-

1108 2389 1213 2423 πήσῃς
1224 2396 1231 2403 ·
1249 2388 1297 2415 καὶ
1310 2387 1402 2420 πάλιν,
1425 2388 1517 2414 Ἔθου
1529 2387 1566 2414 τὰ
1585 2386 1701 2422 δάκρυά
1712 2396 1772 2422 μου
1786 2388 1821 2414 ἐν
1835 2387 1904 2421 ὄψει

1105 2444 1176 2468 σου,
1190 2435 1231 2468 ὡς
1244 2434 1294 2462 καὶ
1307 2434 1343 2461 ἐν
1362 2433 1400 2468 τῇ
1421 2433 1583 2468 ἐπαγγελίᾳ
1597 2441 1671 2467 σους
1687 2435 1745 2467 καὶ,
1763 2434 1903 2468 Ἐτενήθη

1106 2479 1143 2506 τὰ
1175 2479 1292 2513 δάκρυά
1312 2487 1375 2513 μου
1398 2478 1463 2513 ἐμοὶ
1479 2478 1568 2512 ἄρτος
1582 2478 1694 2513 ἡμέρας
1709 2478 1757 2506 καί
1774 2479 1885 2511 νυκτός
1895 2487 1902 2494 ·

1105 2525 1152 2552 καὶ
1167 2525 1195 2551 ὲν
1211 2525 1296 2560 ἑτέρῳ
1319 2524 1435 2559 ψαλμῷ,
1456 2524 1491 2550 Τὸ
1508 2524 1589 2559 πόμα
1598 2533 1657 2558 μου
1665 2524 1742 2559 μετὰ
1749 2523 1905 2558 κλαυθμοῦ

1110 2570 1248 2604 ἐκίρνων.

1147 2617 1188 2643 H'.
1206 2616 1243 2642 Τὸ
1255 2615 1310 2652 γὰρ
1323 2617 1410 2648 ὅντως
1422 2617 1455 2643 ὲκ
1471 2616 1569 2652 πολλῆς
1587 2616 1704 2652 θλίψεως
1726 2616 1773 2643 καὶ
1790 2615 1906 2651 συνοχῆς

1112 2662 1225 2697 καρδίας
1237 2663 1422 2698 προχεόμενον
1437 2662 1556 2699 δάκρυον
1568 2682 1576 2694 ,
1603 2663 1633 2689 ἐν
1656 2662 1756 2696 γνώσει
1778 2662 1907 2697 ἀληθείας

1113 2708 1182 2744 μετὰ
1201 2709 1249 2736 καὶ
1264 2709 1414 2745 πυρώσεως
1433 2709 1606 2745 σπλάγχνων,
1619 2708 1722 2744 βρῶσίς
1745 2710 1804 2735 ἐστι
1817 2708 1908 2744 ψυχῆς

1113 2754 1306 2790 χορηγουμένη
1321 2755 1354 2781 ὲκ
1369 2754 1417 2781 τοῦ
1430 2755 1593 2790 ἐπουρανίου
1605 2755 1699 2790 ἄρτου,
1717 2753 1748 2785 ᾤ
1766 2763 1906 2790 προηγου-

1113 2824 1135 2840 ³⁴¹
1148 2823 1220 2852 Psal.
1235 2831 1324 2858 cxxvr,
1340 2825 1366 2853 5.
1419 2825 1441 2842 "
1460 2825 1531 2853 Psal.
1551 2833 1641 2859 χχιιι,
1683 2825 1704 2841 ⁸⁸
1723 2825 1795 2853 Psal.
1811 2824 1908 2858 L\“,9.
