  <div class='ocr_page' id='page_1' title='image "/cluster/home/n/w/nwhite01/storage/ocr_20150623/34/njp.32101077772547/364.png"; bbox 0 0 2078 3151; ppageno 0'>
   <div class='ocr_carea' id='block_1_1' title="bbox 192 164 246 197">
    <p class='ocr_par' dir='ltr' id='par_1_1' title="bbox 192 164 246 197">
     <span class='ocr_line' id='line_1_1' title="bbox 192 164 246 197; baseline -0.019 0"><span class='ocrx_word' id='word_1_1' title='bbox 192 164 246 197; x_wconf 78' lang='lat'><strong>673</strong></span> 
     </span>
    </p>
   </div>
   <div class='ocr_carea' id='block_1_2' title="bbox 788 158 1235 194">
    <p class='ocr_par' dir='ltr' id='par_1_2' title="bbox 788 158 1235 194">
     <span class='ocr_line' id='line_1_2' title="bbox 788 158 1235 194; baseline -0.004 -1"><span class='ocrx_word' id='word_1_2' title='bbox 788 160 971 194; x_wconf 70' lang='lat' dir='ltr'><strong>HOMILL‘E.</strong></span> <span class='ocrx_word' id='word_1_3' title='bbox 988 171 1023 176; x_wconf 86' lang='grc'><strong>·-</strong></span> <span class='ocrx_word' id='word_1_4' title='bbox 1035 158 1128 190; x_wconf 88' lang='grc' dir='ltr'><strong>ΗΟΜ.</strong></span> <span class='ocrx_word' id='word_1_5' title='bbox 1148 160 1235 191; x_wconf 81' lang='lat' dir='ltr'><strong>XXV.</strong></span> 
     </span>
    </p>
   </div>
   <div class='ocr_carea' id='block_1_3' title="bbox 1775 161 1828 194">
    <p class='ocr_par' dir='ltr' id='par_1_3' title="bbox 1775 161 1828 194">
     <span class='ocr_line' id='line_1_3' title="bbox 1775 161 1828 194; baseline 0 0"><span class='ocrx_word' id='word_1_6' title='bbox 1775 161 1828 194; x_wconf 59' lang='lat'><strong>67/.</strong></span> 
     </span>
    </p>
   </div>
   <div class='ocr_carea' id='block_1_4' title="bbox 191 202 1005 259">
    <p class='ocr_par' dir='ltr' id='par_1_4' title="bbox 191 217 1005 259">
     <span class='ocr_line' id='line_1_4' title="bbox 191 217 1005 259; baseline -0.007 -10"><span class='ocrx_word' id='word_1_7' title='bbox 191 224 282 259; x_wconf 76' lang='grc' dir='ltr'>μένως</span> <span class='ocrx_word' id='word_1_8' title='bbox 309 220 428 256; x_wconf 80' lang='grc' dir='ltr'><strong>μετέσχε</strong></span> <span class='ocrx_word' id='word_1_9' title='bbox 454 219 550 255; x_wconf 76' lang='grc' dir='ltr'>Μαρία</span> <span class='ocrx_word' id='word_1_10' title='bbox 573 218 736 247; x_wconf 79' lang='grc' dir='ltr'><strong>καθεσθεῖσα</strong></span> <span class='ocrx_word' id='word_1_11' title='bbox 760 219 828 256; x_wconf 83' lang='grc' dir='ltr'>πρὸς</span> <span class='ocrx_word' id='word_1_12' title='bbox 845 220 902 249; x_wconf 82' lang='grc' dir='ltr'>τοῖς</span> <span class='ocrx_word' id='word_1_13' title='bbox 920 217 1005 244; x_wconf 57' lang='lat' dir='ltr'><strong>nocti</strong></span> 
     </span>
    </p>
   </div>
   <div class='ocr_carea' id='block_1_5' title="bbox 1045 202 1827 259">
    <p class='ocr_par' dir='ltr' id='par_1_5' title="bbox 1045 202 1827 253">
     <span class='ocr_line' id='line_1_5' title="bbox 1045 202 1827 253; baseline 0.005 -11"><span class='ocrx_word' id='word_1_14' title='bbox 1045 216 1176 251; x_wconf 86' lang='lat' dir='ltr'><strong>)articeps</strong></span> <span class='ocrx_word' id='word_1_15' title='bbox 1186 216 1237 243; x_wconf 83' lang='lat' dir='ltr'><strong>fuit</strong></span> <span class='ocrx_word' id='word_1_16' title='bbox 1250 215 1346 249; x_wconf 86' lang='lat' dir='ltr'><strong>Maria,</strong></span> <span class='ocrx_word' id='word_1_17' title='bbox 1362 223 1423 251; x_wconf 70' lang='lat' dir='ltr'><strong>qua:</strong></span> <span class='ocrx_word' id='word_1_18' title='bbox 1438 202 1510 244; x_wconf 78' lang='lat' dir='ltr'><strong>sedit</strong></span> <span class='ocrx_word' id='word_1_19' title='bbox 1522 216 1599 253; x_wconf 82' lang='lat' dir='ltr'><strong>juxta</strong></span> <span class='ocrx_word' id='word_1_20' title='bbox 1611 216 1697 252; x_wconf 86' lang='lat' dir='ltr'><strong>pedes</strong></span> <span class='ocrx_word' id='word_1_21' title='bbox 1707 217 1827 252; x_wconf 82' lang='lat' dir='ltr'><strong>Domini,</strong></span> 
     </span>
    </p>
   </div>
   <div class='ocr_carea' id='block_1_6' title="bbox 190 265 985 305">
    <p class='ocr_par' dir='ltr' id='par_1_6' title="bbox 190 265 985 305">
     <span class='ocr_line' id='line_1_6' title="bbox 190 265 985 305; baseline -0.008 -9"><span class='ocrx_word' id='word_1_22' title='bbox 190 269 239 297; x_wconf 81' lang='grc' dir='ltr'><strong>τοῦ</strong></span> <span class='ocrx_word' id='word_1_23' title='bbox 257 268 371 305; x_wconf 89' lang='grc' dir='ltr'>Κυρίου,</span> <span class='ocrx_word' id='word_1_24' title='bbox 400 268 448 295; x_wconf 79' lang='grc' dir='ltr'>καὶ</span> <span class='ocrx_word' id='word_1_25' title='bbox 471 266 628 303; x_wconf 83' lang='grc' dir='ltr'><strong>δακρύουσα</strong></span> <span class='ocrx_word' id='word_1_26' title='bbox 655 266 726 302; x_wconf 81' lang='grc' dir='ltr'>μετὰ</span> <span class='ocrx_word' id='word_1_27' title='bbox 749 266 800 301; x_wconf 81' lang='grc' dir='ltr'>τὴν</span> <span class='ocrx_word' id='word_1_28' title='bbox 829 265 985 300; x_wconf 71' lang='grc' dir='ltr'>μαρτυρίαν</span> 
     </span>
    </p>
   </div>
   <div class='ocr_carea' id='block_1_7' title="bbox 199 310 985 349">
    <p class='ocr_par' dir='ltr' id='par_1_7' title="bbox 199 310 985 349">
     <span class='ocr_line' id='line_1_7' title="bbox 199 310 985 349; baseline -0.009 -7"><span class='ocrx_word' id='word_1_29' title='bbox 199 314 282 343; x_wconf 82' lang='grc' dir='ltr'>αὑτοῦ</span> <span class='ocrx_word' id='word_1_30' title='bbox 295 314 342 341; x_wconf 88' lang='grc' dir='ltr'><strong>τοῦ</strong></span> <span class='ocrx_word' id='word_1_31' title='bbox 361 314 499 349; x_wconf 81' lang='grc' dir='ltr'>Σωτῆρος.</span> <span class='ocrx_word' id='word_1_32' title='bbox 512 313 580 348; x_wconf 69' lang='grc' dir='ltr'>Φησὶ</span> <span class='ocrx_word' id='word_1_33' title='bbox 593 312 659 348; x_wconf 84' lang='grc' dir='ltr'>γὰρ,</span> <span class='ocrx_word' id='word_1_34' title='bbox 676 311 772 346; x_wconf 83' lang='grc' dir='ltr'>Μαρία</span> <span class='ocrx_word' id='word_1_35' title='bbox 787 311 820 337; x_wconf 81' lang='grc' dir='ltr'>δὲ</span> <span class='ocrx_word' id='word_1_36' title='bbox 832 310 891 343; x_wconf 77' lang='grc' dir='ltr'><strong>τὴν</strong></span> <span class='ocrx_word' id='word_1_37' title='bbox 913 310 985 344; x_wconf 78' lang='grc' dir='ltr'>ἀγα-</span> 
     </span>
    </p>
   </div>
   <div class='ocr_carea' id='block_1_8' title="bbox 190 355 986 394">
    <p class='ocr_par' dir='ltr' id='par_1_8' title="bbox 190 355 986 394">
     <span class='ocr_line' id='line_1_8' title="bbox 190 355 986 394; baseline -0.008 -7"><span class='ocrx_word' id='word_1_38' title='bbox 190 359 250 394; x_wconf 73' lang='grc' dir='ltr'><strong>θὴν</strong></span> <span class='ocrx_word' id='word_1_39' title='bbox 258 359 366 394; x_wconf 60' lang='grc' dir='ltr'>μερίδα</span> <span class='ocrx_word' id='word_1_40' title='bbox 382 357 543 390; x_wconf 75' lang='grc' dir='ltr'><strong>ἐξελέξατο</strong></span> <span class='ocrx_word' id='word_1_41' title='bbox 559 378 566 389; x_wconf 85' lang='grc'><strong>,</strong></span> <span class='ocrx_word' id='word_1_42' title='bbox 592 357 658 391; x_wconf 76' lang='grc' dir='ltr'>ἣτις</span> <span class='ocrx_word' id='word_1_43' title='bbox 677 357 733 384; x_wconf 81' lang='grc' dir='ltr'>οὐκ</span> <span class='ocrx_word' id='word_1_44' title='bbox 752 355 986 391; x_wconf 75' lang='grc' dir='ltr'><strong>ἀφαιρεθήσεται</strong></span> 
     </span>
    </p>
   </div>
   <div class='ocr_carea' id='block_1_9' title="bbox 190 401 987 438">
    <p class='ocr_par' dir='ltr' id='par_1_9' title="bbox 190 401 987 438">
     <span class='ocr_line' id='line_1_9' title="bbox 190 401 987 438; baseline -0.008 -6"><span class='ocrx_word' id='word_1_45' title='bbox 190 405 242 433; x_wconf 77' lang='grc' dir='ltr'>ἀπ’</span> <span class='ocrx_word' id='word_1_46' title='bbox 255 403 364 438; x_wconf 79' lang='grc' dir='ltr'>αὐτῆς.</span> <span class='ocrx_word' id='word_1_47' title='bbox 384 404 418 430; x_wconf 84' lang='grc' dir='ltr'><strong>Ὢ</strong></span> <span class='ocrx_word' id='word_1_48' title='bbox 436 403 491 430; x_wconf 78' lang='grc' dir='ltr'><strong>τῶν</strong></span> <span class='ocrx_word' id='word_1_49' title='bbox 504 403 662 438; x_wconf 82' lang='grc' dir='ltr'><strong>πολυτίμων</strong></span> <span class='ocrx_word' id='word_1_50' title='bbox 676 402 789 429; x_wconf 74' lang='grc' dir='ltr'>ἐκείνων</span> <span class='ocrx_word' id='word_1_51' title='bbox 808 401 987 436; x_wconf 86' lang='grc' dir='ltr'><strong>μαργαριτῶν</strong></span> 
     </span>
    </p>
   </div>
   <div class='ocr_carea' id='block_1_10' title="bbox 191 446 986 486">
    <p class='ocr_par' dir='ltr' id='par_1_10' title="bbox 191 446 986 486">
     <span class='ocr_line' id='line_1_10' title="bbox 191 446 986 486; baseline -0.006 -9"><span class='ocrx_word' id='word_1_52' title='bbox 191 452 220 477; x_wconf 85' lang='grc' dir='ltr'>ὲν</span> <span class='ocrx_word' id='word_1_53' title='bbox 231 451 264 486; x_wconf 78' lang='grc' dir='ltr'>τῇ</span> <span class='ocrx_word' id='word_1_54' title='bbox 273 450 388 485; x_wconf 74' lang='grc' dir='ltr'>ἐπιρροῇ</span> <span class='ocrx_word' id='word_1_55' title='bbox 399 449 454 476; x_wconf 86' lang='grc' dir='ltr'><strong>τῶν</strong></span> <span class='ocrx_word' id='word_1_56' title='bbox 469 449 611 484; x_wconf 80' lang='grc' dir='ltr'><strong>μακαρίων</strong></span> <span class='ocrx_word' id='word_1_57' title='bbox 619 447 759 483; x_wconf 84' lang='grc' dir='ltr'>δακρύωνὶ</span> <span class='ocrx_word' id='word_1_58' title='bbox 771 447 803 473; x_wconf 83' lang='grc' dir='ltr'><strong>Ὢ</strong></span> <span class='ocrx_word' id='word_1_59' title='bbox 816 447 865 482; x_wconf 85' lang='grc' dir='ltr'>τῆς</span> <span class='ocrx_word' id='word_1_60' title='bbox 878 446 986 478; x_wconf 78' lang='grc' dir='ltr'><strong>εὐθείας</strong></span> 
     </span>
    </p>
   </div>
   <div class='ocr_carea' id='block_1_11' title="bbox 192 491 988 529">
    <p class='ocr_par' dir='ltr' id='par_1_11' title="bbox 192 491 988 529">
     <span class='ocr_line' id='line_1_11' title="bbox 192 491 988 529; baseline -0.005 -7"><span class='ocrx_word' id='word_1_61' title='bbox 192 495 299 529; x_wconf 81' lang='grc' dir='ltr'><strong>ἐκείνης</strong></span> <span class='ocrx_word' id='word_1_62' title='bbox 321 495 368 521; x_wconf 80' lang='grc' dir='ltr'>καὶ</span> <span class='ocrx_word' id='word_1_63' title='bbox 393 493 538 526; x_wconf 80' lang='grc' dir='ltr'><strong>εὐπειθοῦς</strong></span> <span class='ocrx_word' id='word_1_64' title='bbox 563 493 656 528; x_wconf 77' lang='grc' dir='ltr'>ἀκοῆςῐ</span> <span class='ocrx_word' id='word_1_65' title='bbox 676 494 708 519; x_wconf 89' lang='grc' dir='ltr'><strong>Ὢ</strong></span> <span class='ocrx_word' id='word_1_66' title='bbox 722 494 771 528; x_wconf 83' lang='grc' dir='ltr'>τῆς</span> <span class='ocrx_word' id='word_1_67' title='bbox 791 491 916 528; x_wconf 83' lang='grc' dir='ltr'><strong>ἀνδρείας</strong></span> <span class='ocrx_word' id='word_1_68' title='bbox 940 492 988 518; x_wconf 75' lang='grc' dir='ltr'>καὶ</span> 
     </span>
    </p>
   </div>
   <div class='ocr_carea' id='block_1_12' title="bbox 193 539 987 576">
    <p class='ocr_par' dir='ltr' id='par_1_12' title="bbox 193 539 987 576">
     <span class='ocr_line' id='line_1_12' title="bbox 193 539 987 576; baseline -0.003 -8"><span class='ocrx_word' id='word_1_69' title='bbox 193 542 278 576; x_wconf 81' lang='grc' dir='ltr'><strong>σοφῆς</strong></span> <span class='ocrx_word' id='word_1_70' title='bbox 285 540 403 573; x_wconf 75' lang='grc' dir='ltr'>διανοίας</span> <span class='ocrx_word' id='word_1_71' title='bbox 414 541 420 567; x_wconf 94' lang='lat' dir='ltr'><strong>l</strong></span> <span class='ocrx_word' id='word_1_72' title='bbox 436 541 468 567; x_wconf 86' lang='grc' dir='ltr'><strong>Ὢ</strong></span> <span class='ocrx_word' id='word_1_73' title='bbox 477 541 574 576; x_wconf 77' lang='grc' dir='ltr'>ὀξύτης</span> <span class='ocrx_word' id='word_1_74' title='bbox 587 541 658 567; x_wconf 83' lang='grc' dir='ltr'>Πνεύ</span> <span class='ocrx_word' id='word_1_75' title='bbox 663 549 746 575; x_wconf 80' lang='grc' dir='ltr'>ματος</span> <span class='ocrx_word' id='word_1_76' title='bbox 756 541 797 567; x_wconf 84' lang='grc' dir='ltr'>Κυ</span> <span class='ocrx_word' id='word_1_77' title='bbox 803 539 860 576; x_wconf 81' lang='grc' dir='ltr'>ρίου</span> <span class='ocrx_word' id='word_1_78' title='bbox 874 539 987 575; x_wconf 72' lang='grc' dir='ltr'>ἔρωτος,</span> 
     </span>
    </p>
   </div>
   <div class='ocr_carea' id='block_1_13' title="bbox 193 588 984 625">
    <p class='ocr_par' dir='ltr' id='par_1_13' title="bbox 193 588 984 625">
     <span class='ocr_line' id='line_1_13' title="bbox 193 588 984 625; baseline -0.003 -9"><span class='ocrx_word' id='word_1_79' title='bbox 193 590 317 625; x_wconf 78' lang='grc' dir='ltr'>σφοδρῶς</span> <span class='ocrx_word' id='word_1_80' title='bbox 343 591 413 625; x_wconf 79' lang='grc' dir='ltr'>πρὸς</span> <span class='ocrx_word' id='word_1_81' title='bbox 437 589 483 616; x_wconf 80' lang='grc' dir='ltr'>τὸν</span> <span class='ocrx_word' id='word_1_82' title='bbox 504 590 639 625; x_wconf 81' lang='grc' dir='ltr'>ἄχραντον</span> <span class='ocrx_word' id='word_1_83' title='bbox 653 589 780 624; x_wconf 83' lang='grc' dir='ltr'>Νυμφίον</span> <span class='ocrx_word' id='word_1_84' title='bbox 803 588 984 623; x_wconf 73' lang='grc' dir='ltr'>ἐπαγομένου]</span> 
     </span>
    </p>
   </div>
   <div class='ocr_carea' id='block_1_14' title="bbox 193 634 989 672">
    <p class='ocr_par' dir='ltr' id='par_1_14' title="bbox 193 634 989 672">
     <span class='ocr_line' id='line_1_14' title="bbox 193 634 989 672; baseline -0.003 -9"><span class='ocrx_word' id='word_1_85' title='bbox 193 637 225 663; x_wconf 84' lang='grc' dir='ltr'><em>Ὢ</em></span> <span class='ocrx_word' id='word_1_86' title='bbox 232 635 343 672; x_wconf 80' lang='grc' dir='ltr'><strong>κέντρον</strong></span> <span class='ocrx_word' id='word_1_87' title='bbox 354 636 437 663; x_wconf 74' lang='grc' dir='ltr'>πόθου</span> <span class='ocrx_word' id='word_1_88' title='bbox 449 635 539 671; x_wconf 73' lang='grc' dir='ltr'><strong>ψυχῆς</strong></span> <span class='ocrx_word' id='word_1_89' title='bbox 552 636 620 671; x_wconf 79' lang='grc' dir='ltr'>πρὸς</span> <span class='ocrx_word' id='word_1_90' title='bbox 630 635 675 661; x_wconf 77' lang='grc' dir='ltr'><strong>τὸν</strong></span> <span class='ocrx_word' id='word_1_91' title='bbox 690 635 756 662; x_wconf 79' lang='grc' dir='ltr'>Θεὸν</span> <span class='ocrx_word' id='word_1_92' title='bbox 767 635 863 668; x_wconf 81' lang='grc' dir='ltr'>Λόγονί</span> <span class='ocrx_word' id='word_1_93' title='bbox 880 635 913 661; x_wconf 87' lang='grc' dir='ltr'><strong>Ὢ</strong></span> <span class='ocrx_word' id='word_1_94' title='bbox 925 634 989 661; x_wconf 83' lang='grc' dir='ltr'>σύν-</span> 
     </span>
    </p>
   </div>
   <div class='ocr_carea' id='block_1_15' title="bbox 138 678 987 717">
    <p class='ocr_par' dir='ltr' id='par_1_15' title="bbox 138 678 987 717">
     <span class='ocr_line' id='line_1_15' title="bbox 138 678 987 717; baseline -0.005 -8"><span class='ocrx_word' id='word_1_95' title='bbox 138 690 144 694; x_wconf 77' lang='grc'><strong>”</strong></span> <span class='ocrx_word' id='word_1_96' title='bbox 193 690 275 717; x_wconf 80' lang='grc' dir='ltr'>τομος</span> <span class='ocrx_word' id='word_1_97' title='bbox 300 680 426 708; x_wconf 78' lang='grc' dir='ltr'>κοινωνία</span> <span class='ocrx_word' id='word_1_98' title='bbox 439 680 547 716; x_wconf 78' lang='grc' dir='ltr'>νύμφης</span> <span class='ocrx_word' id='word_1_99' title='bbox 566 681 633 715; x_wconf 74' lang='grc' dir='ltr'>πρὺς</span> <span class='ocrx_word' id='word_1_100' title='bbox 655 680 700 706; x_wconf 85' lang='grc' dir='ltr'>τὸν</span> <span class='ocrx_word' id='word_1_101' title='bbox 711 679 836 715; x_wconf 79' lang='grc' dir='ltr'>οὐράνιον</span> <span class='ocrx_word' id='word_1_102' title='bbox 851 678 987 714; x_wconf 72' lang='grc' dir='ltr'>Νυμφίονῐ</span> 
     </span>
    </p>
   </div>
   <div class='ocr_carea' id='block_1_16' title="bbox 230 724 990 762">
    <p class='ocr_par' dir='ltr' id='par_1_16' title="bbox 230 724 990 762">
     <span class='ocr_line' id='line_1_16' title="bbox 230 724 990 762; baseline -0.005 -7"><span class='ocrx_word' id='word_1_103' title='bbox 230 727 269 755; x_wconf 70' lang='grc' dir='ltr'><strong>Θ.</strong></span> <span class='ocrx_word' id='word_1_104' title='bbox 289 727 417 762; x_wconf 84' lang='grc' dir='ltr'>Μίμησαι</span> <span class='ocrx_word' id='word_1_105' title='bbox 439 726 563 761; x_wconf 86' lang='grc' dir='ltr'>ταύτην,</span> <span class='ocrx_word' id='word_1_106' title='bbox 583 726 621 757; x_wconf 80' lang='grc' dir='ltr'>ὼς</span> <span class='ocrx_word' id='word_1_107' title='bbox 642 725 758 759; x_wconf 81' lang='grc' dir='ltr'>τέκνον,</span> <span class='ocrx_word' id='word_1_108' title='bbox 784 725 902 761; x_wconf 78' lang='grc' dir='ltr'><strong>μίμησαι</strong></span> <span class='ocrx_word' id='word_1_109' title='bbox 921 724 990 760; x_wconf 80' lang='grc' dir='ltr'>πρὸς</span> 
     </span>
    </p>
   </div>
   <div class='ocr_carea' id='block_1_17' title="bbox 198 771 990 810">
    <p class='ocr_par' dir='ltr' id='par_1_17' title="bbox 198 771 990 810">
     <span class='ocr_line' id='line_1_17' title="bbox 198 771 990 810; baseline -0.004 -9"><span class='ocrx_word' id='word_1_110' title='bbox 198 774 280 810; x_wconf 77' lang='grc' dir='ltr'>μηδὲν</span> <span class='ocrx_word' id='word_1_111' title='bbox 296 774 389 808; x_wconf 71' lang='grc' dir='ltr'>ἕτερον</span> <span class='ocrx_word' id='word_1_112' title='bbox 404 773 552 808; x_wconf 74' lang='grc' dir='ltr'>ἀφορῶσα,</span> <span class='ocrx_word' id='word_1_113' title='bbox 582 774 606 799; x_wconf 84' lang='grc' dir='ltr'><strong>εί</strong></span> <span class='ocrx_word' id='word_1_114' title='bbox 623 772 661 808; x_wconf 86' lang='grc' dir='ltr'>μὴ</span> <span class='ocrx_word' id='word_1_115' title='bbox 686 772 756 808; x_wconf 80' lang='grc' dir='ltr'>πρὸς</span> <span class='ocrx_word' id='word_1_116' title='bbox 775 772 855 807; x_wconf 88' lang='grc' dir='ltr'>μόνον</span> <span class='ocrx_word' id='word_1_117' title='bbox 881 771 927 798; x_wconf 78' lang='grc' dir='ltr'><strong>τὸν</strong></span> <span class='ocrx_word' id='word_1_118' title='bbox 951 772 990 798; x_wconf 85' lang='grc' dir='ltr'>εί-</span> 
     </span>
    </p>
   </div>
   <div class='ocr_carea' id='block_1_18' title="bbox 197 817 991 854">
    <p class='ocr_par' dir='ltr' id='par_1_18' title="bbox 197 817 991 854">
     <span class='ocr_line' id='line_1_18' title="bbox 197 817 991 854; baseline -0.005 -6"><span class='ocrx_word' id='word_1_119' title='bbox 197 820 294 851; x_wconf 82' lang='grc' dir='ltr'>πόντα.</span> <span class='ocrx_word' id='word_1_120' title='bbox 307 820 369 854; x_wconf 88' lang='grc' dir='ltr'>Πῦρ</span> <span class='ocrx_word' id='word_1_121' title='bbox 379 817 476 854; x_wconf 74' lang='grc' dir='ltr'>ἦλθον</span> <span class='ocrx_word' id='word_1_122' title='bbox 483 819 594 851; x_wconf 75' lang='grc' dir='ltr'><strong>,βαλεῖν</strong></span> <span class='ocrx_word' id='word_1_123' title='bbox 605 819 648 852; x_wconf 82' lang='grc' dir='ltr'><strong>είς</strong></span> <span class='ocrx_word' id='word_1_124' title='bbox 663 819 721 853; x_wconf 78' lang='grc' dir='ltr'><strong>τὴν</strong></span> <span class='ocrx_word' id='word_1_125' title='bbox 731 817 800 853; x_wconf 76' lang='grc' dir='ltr'>γῆν,</span> <span class='ocrx_word' id='word_1_126' title='bbox 816 818 864 844; x_wconf 78' lang='grc' dir='ltr'>καὶ</span> <span class='ocrx_word' id='word_1_127' title='bbox 877 818 906 844; x_wconf 85' lang='grc' dir='ltr'><strong>τί</strong></span> <span class='ocrx_word' id='word_1_128' title='bbox 914 817 991 844; x_wconf 77' lang='grc' dir='ltr'>θέλω</span> 
     </span>
    </p>
   </div>
   <div class='ocr_carea' id='block_1_19' title="bbox 197 862 991 899">
    <p class='ocr_par' dir='ltr' id='par_1_19' title="bbox 197 862 991 899">
     <span class='ocr_line' id='line_1_19' title="bbox 197 862 991 899; baseline -0.004 -7"><span class='ocrx_word' id='word_1_129' title='bbox 197 866 224 892; x_wconf 74' lang='grc' dir='ltr'><strong>ει</strong></span> <span class='ocrx_word' id='word_1_130' title='bbox 239 864 298 899; x_wconf 79' lang='grc' dir='ltr'>ἤδη</span> <span class='ocrx_word' id='word_1_131' title='bbox 312 864 452 898; x_wconf 71' lang='grc' dir='ltr'><strong>ἁνήφθη;</strong></span> <span class='ocrx_word' id='word_1_132' title='bbox 469 863 547 890; x_wconf 85' lang='grc' dir='ltr'>Ἐστι</span> <span class='ocrx_word' id='word_1_133' title='bbox 560 863 614 899; x_wconf 81' lang='grc' dir='ltr'><strong>γὰρ</strong></span> <span class='ocrx_word' id='word_1_134' title='bbox 629 863 753 897; x_wconf 76' lang='grc' dir='ltr'>πύρωσις</span> <span class='ocrx_word' id='word_1_135' title='bbox 767 862 814 889; x_wconf 90' lang='grc' dir='ltr'><strong>τοῦ</strong></span> <span class='ocrx_word' id='word_1_136' title='bbox 831 862 991 897; x_wconf 83' lang='grc' dir='ltr'>Πνεύματος</span> 
     </span>
    </p>
   </div>
   <div class='ocr_carea' id='block_1_20' title="bbox 196 907 991 946">
    <p class='ocr_par' dir='ltr' id='par_1_20' title="bbox 196 907 991 946">
     <span class='ocr_line' id='line_1_20' title="bbox 196 907 991 946; baseline -0.005 -8"><span class='ocrx_word' id='word_1_137' title='bbox 196 911 214 946; x_wconf 76' lang='grc' dir='ltr'><strong>ἡ</strong></span> <span class='ocrx_word' id='word_1_138' title='bbox 229 909 447 944; x_wconf 77' lang='grc' dir='ltr'>ἀναζωπυροῦσα</span> <span class='ocrx_word' id='word_1_139' title='bbox 462 909 513 941; x_wconf 82' lang='grc' dir='ltr'><strong>τὰς</strong></span> <span class='ocrx_word' id='word_1_140' title='bbox 528 909 652 944; x_wconf 85' lang='grc' dir='ltr'>καρδίας.</span> <span class='ocrx_word' id='word_1_141' title='bbox 677 908 750 935; x_wconf 82' lang='grc' dir='ltr'>Διότι</span> <span class='ocrx_word' id='word_1_142' title='bbox 775 907 807 935; x_wconf 76' lang='grc' dir='ltr'>τὸ</span> <span class='ocrx_word' id='word_1_143' title='bbox 834 907 916 935; x_wconf 78' lang='grc' dir='ltr'>ἀῡλον</span> <span class='ocrx_word' id='word_1_144' title='bbox 944 908 991 934; x_wconf 77' lang='grc' dir='ltr'>καὶ</span> 
     </span>
    </p>
   </div>
   <div class='ocr_carea' id='block_1_21' title="bbox 197 952 992 991">
    <p class='ocr_par' dir='ltr' id='par_1_21' title="bbox 197 952 992 991">
     <span class='ocr_line' id='line_1_21' title="bbox 197 952 992 991; baseline -0.005 -8"><span class='ocrx_word' id='word_1_145' title='bbox 197 956 269 983; x_wconf 83' lang='grc' dir='ltr'>θεῖον</span> <span class='ocrx_word' id='word_1_146' title='bbox 286 955 341 991; x_wconf 90' lang='grc' dir='ltr'><strong>πῦρ</strong></span> <span class='ocrx_word' id='word_1_147' title='bbox 369 954 482 990; x_wconf 78' lang='grc' dir='ltr'>φωτίζει</span> <span class='ocrx_word' id='word_1_148' title='bbox 501 954 550 990; x_wconf 77' lang='grc' dir='ltr'>μὲν</span> <span class='ocrx_word' id='word_1_149' title='bbox 567 954 667 990; x_wconf 72' lang='grc' dir='ltr'>ψυχὰς,</span> <span class='ocrx_word' id='word_1_150' title='bbox 692 955 740 981; x_wconf 80' lang='grc' dir='ltr'>καὶ</span> <span class='ocrx_word' id='word_1_151' title='bbox 759 952 917 988; x_wconf 78' lang='grc' dir='ltr'>δοκιμάζειν</span> <span class='ocrx_word' id='word_1_152' title='bbox 932 953 992 980; x_wconf 75' lang='grc' dir='ltr'>εἵω-</span> 
     </span>
    </p>
   </div>
   <div class='ocr_carea' id='block_1_22' title="bbox 198 999 992 1038">
    <p class='ocr_par' dir='ltr' id='par_1_22' title="bbox 198 999 992 1038">
     <span class='ocr_line' id='line_1_22' title="bbox 198 999 992 1038; baseline -0.005 -9"><span class='ocrx_word' id='word_1_153' title='bbox 198 1003 255 1035; x_wconf 87' lang='grc' dir='ltr'>θεν,</span> <span class='ocrx_word' id='word_1_154' title='bbox 278 1002 374 1038; x_wconf 85' lang='grc' dir='ltr'>ῶσπερ</span> <span class='ocrx_word' id='word_1_155' title='bbox 398 1001 489 1029; x_wconf 86' lang='grc' dir='ltr'>ἀδολον</span> <span class='ocrx_word' id='word_1_156' title='bbox 512 1001 611 1036; x_wconf 76' lang='grc' dir='ltr'>χρυσὸν</span> <span class='ocrx_word' id='word_1_157' title='bbox 636 1001 664 1027; x_wconf 83' lang='grc' dir='ltr'>ὲν</span> <span class='ocrx_word' id='word_1_158' title='bbox 690 1000 798 1036; x_wconf 84' lang='grc' dir='ltr'>καμίνῳ</span> <span class='ocrx_word' id='word_1_159' title='bbox 813 1008 821 1015; x_wconf 89' lang='grc'>·</span> <span class='ocrx_word' id='word_1_160' title='bbox 839 999 939 1027; x_wconf 83' lang='grc' dir='ltr'>κακίαν</span> <span class='ocrx_word' id='word_1_161' title='bbox 963 999 992 1025; x_wconf 82' lang='grc' dir='ltr'>δὲ</span> 
     </span>
    </p>
   </div>
   <div class='ocr_carea' id='block_1_23' title="bbox 198 1044 992 1082">
    <p class='ocr_par' dir='ltr' id='par_1_23' title="bbox 198 1044 992 1082">
     <span class='ocr_line' id='line_1_23' title="bbox 198 1044 992 1082; baseline -0.004 -7"><span class='ocrx_word' id='word_1_162' title='bbox 198 1047 349 1080; x_wconf 81' lang='grc' dir='ltr'>ἀναλίσκει,</span> <span class='ocrx_word' id='word_1_163' title='bbox 378 1046 472 1082; x_wconf 84' lang='grc' dir='ltr'>ὥσπερ</span> <span class='ocrx_word' id='word_1_164' title='bbox 487 1046 609 1078; x_wconf 76' lang='grc' dir='ltr'><strong>ἀκάνθας</strong></span> <span class='ocrx_word' id='word_1_165' title='bbox 636 1046 683 1073; x_wconf 74' lang='grc' dir='ltr'>καὶ</span> <span class='ocrx_word' id='word_1_166' title='bbox 707 1045 835 1081; x_wconf 82' lang='grc' dir='ltr'>καλάμην</span> <span class='ocrx_word' id='word_1_167' title='bbox 851 1054 858 1061; x_wconf 88' lang='grc'>·</span> <span class='ocrx_word' id='word_1_168' title='bbox 880 1046 913 1072; x_wconf 90' lang='lat'><strong>&#39;0</strong></span> <span class='ocrx_word' id='word_1_169' title='bbox 937 1044 992 1080; x_wconf 86' lang='grc' dir='ltr'>γὰρ</span> 
     </span>
    </p>
   </div>
   <div class='ocr_carea' id='block_1_24' title="bbox 200 1090 993 1127">
    <p class='ocr_par' dir='ltr' id='par_1_24' title="bbox 200 1090 993 1127">
     <span class='ocr_line' id='line_1_24' title="bbox 200 1090 993 1127; baseline -0.005 -6"><span class='ocrx_word' id='word_1_170' title='bbox 200 1094 272 1127; x_wconf 78' lang='grc' dir='ltr'><strong>Θεὸς</strong></span> <span class='ocrx_word' id='word_1_171' title='bbox 284 1092 370 1127; x_wconf 76' lang='grc' dir='ltr'>ἡμῶν</span> <span class='ocrx_word' id='word_1_172' title='bbox 388 1092 448 1126; x_wconf 86' lang='grc' dir='ltr'><strong>πῦρ</strong></span> <span class='ocrx_word' id='word_1_173' title='bbox 469 1092 697 1120; x_wconf 71' lang='grc' dir='ltr'>καταναλίσκον</span> <span class='ocrx_word' id='word_1_174' title='bbox 709 1091 786 1124; x_wconf 77' lang='grc' dir='ltr'>ἐστὶ,</span> <span class='ocrx_word' id='word_1_175' title='bbox 801 1091 902 1125; x_wconf 81' lang='grc' dir='ltr'>διδοὺς</span> <span class='ocrx_word' id='word_1_176' title='bbox 915 1090 993 1118; x_wconf 79' lang='grc' dir='ltr'>ἐκδί-</span> 
     </span>
    </p>
   </div>
   <div class='ocr_carea' id='block_1_25' title="bbox 200 1137 992 1174">
    <p class='ocr_par' dir='ltr' id='par_1_25' title="bbox 200 1137 992 1174">
     <span class='ocr_line' id='line_1_25' title="bbox 200 1137 992 1174; baseline -0.003 -7"><span class='ocrx_word' id='word_1_177' title='bbox 200 1147 293 1174; x_wconf 81' lang='grc' dir='ltr'>κησιν</span> <span class='ocrx_word' id='word_1_178' title='bbox 306 1139 368 1172; x_wconf 82' lang='grc' dir='ltr'>τοῖς</span> <span class='ocrx_word' id='word_1_179' title='bbox 382 1139 425 1174; x_wconf 81' lang='grc' dir='ltr'>μὴ</span> <span class='ocrx_word' id='word_1_180' title='bbox 436 1138 551 1166; x_wconf 75' lang='grc' dir='ltr'><strong>εἰδόσιν</strong></span> <span class='ocrx_word' id='word_1_181' title='bbox 562 1139 655 1165; x_wconf 74' lang='grc' dir='ltr'>αὐτὸν</span> <span class='ocrx_word' id='word_1_182' title='bbox 665 1138 700 1165; x_wconf 81' lang='grc' dir='ltr'><strong>ἐν</strong></span> <span class='ocrx_word' id='word_1_183' title='bbox 709 1137 801 1173; x_wconf 77' lang='grc' dir='ltr'>φλογί</span> <span class='ocrx_word' id='word_1_184' title='bbox 821 1138 928 1172; x_wconf 82' lang='grc' dir='ltr'>πυρὸς,</span> <span class='ocrx_word' id='word_1_185' title='bbox 941 1138 992 1165; x_wconf 83' lang='grc' dir='ltr'><strong>καί</strong></span> 
     </span>
    </p>
   </div>
   <div class='ocr_carea' id='block_1_26' title="bbox 199 1182 993 1220">
    <p class='ocr_par' dir='ltr' id='par_1_26' title="bbox 199 1182 993 1220">
     <span class='ocr_line' id='line_1_26' title="bbox 199 1182 993 1220; baseline -0.003 -8"><span class='ocrx_word' id='word_1_186' title='bbox 199 1185 262 1219; x_wconf 78' lang='grc' dir='ltr'>τοῖς</span> <span class='ocrx_word' id='word_1_187' title='bbox 274 1184 317 1220; x_wconf 85' lang='grc' dir='ltr'><strong>μὴ</strong></span> <span class='ocrx_word' id='word_1_188' title='bbox 330 1185 520 1212; x_wconf 65' lang='grc' dir='ltr'>ὑπακούουσι</span> <span class='ocrx_word' id='word_1_189' title='bbox 532 1182 572 1216; x_wconf 82' lang='grc' dir='ltr'>τῷ</span> <span class='ocrx_word' id='word_1_190' title='bbox 588 1183 762 1218; x_wconf 70' lang='grc' dir='ltr'>Εὑαγγελίῳ</span> <span class='ocrx_word' id='word_1_191' title='bbox 774 1183 879 1211; x_wconf 81' lang='grc' dir='ltr'>αὑτοῦ.</span> <span class='ocrx_word' id='word_1_192' title='bbox 907 1183 993 1210; x_wconf 86' lang='grc' dir='ltr'>Τοῦτο</span> 
     </span>
    </p>
   </div>
   <div class='ocr_carea' id='block_1_27' title="bbox 200 1229 993 1267">
    <p class='ocr_par' dir='ltr' id='par_1_27' title="bbox 200 1229 993 1267">
     <span class='ocr_line' id='line_1_27' title="bbox 200 1229 993 1267; baseline -0.004 -9"><span class='ocrx_word' id='word_1_193' title='bbox 200 1231 231 1259; x_wconf 81' lang='grc' dir='ltr'><strong>τδ</strong></span> <span class='ocrx_word' id='word_1_194' title='bbox 246 1230 303 1267; x_wconf 92' lang='grc' dir='ltr'><strong>πῦρ</strong></span> <span class='ocrx_word' id='word_1_195' title='bbox 318 1231 470 1266; x_wconf 79' lang='grc' dir='ltr'>ἐνήργησεν</span> <span class='ocrx_word' id='word_1_196' title='bbox 480 1231 509 1257; x_wconf 82' lang='grc' dir='ltr'>ὲν</span> <span class='ocrx_word' id='word_1_197' title='bbox 522 1231 579 1262; x_wconf 86' lang='grc' dir='ltr'>τοῖς</span> <span class='ocrx_word' id='word_1_198' title='bbox 593 1229 766 1262; x_wconf 78' lang='grc' dir='ltr'>ἀποστόλοις,</span> <span class='ocrx_word' id='word_1_199' title='bbox 783 1229 865 1265; x_wconf 82' lang='grc' dir='ltr'>ἡνίκα</span> <span class='ocrx_word' id='word_1_200' title='bbox 880 1229 993 1256; x_wconf 77' lang='grc' dir='ltr'>ἐλάλουν</span> 
     </span>
    </p>
   </div>
   <div class='ocr_carea' id='block_1_28' title="bbox 202 1275 992 1312">
    <p class='ocr_par' dir='ltr' id='par_1_28' title="bbox 202 1275 992 1312">
     <span class='ocr_line' id='line_1_28' title="bbox 202 1275 992 1312; baseline -0.005 -7"><span class='ocrx_word' id='word_1_201' title='bbox 202 1277 340 1310; x_wconf 81' lang='grc' dir='ltr'>γλώσσαις</span> <span class='ocrx_word' id='word_1_202' title='bbox 366 1276 503 1312; x_wconf 85' lang='grc' dir='ltr'>πυρίναις.</span> <span class='ocrx_word' id='word_1_203' title='bbox 532 1275 619 1303; x_wconf 86' lang='grc' dir='ltr'>Τοῦτο</span> <span class='ocrx_word' id='word_1_204' title='bbox 637 1277 668 1302; x_wconf 82' lang='grc' dir='ltr'>τὸ</span> <span class='ocrx_word' id='word_1_205' title='bbox 696 1275 752 1312; x_wconf 86' lang='grc' dir='ltr'><strong>πῦρ</strong></span> <span class='ocrx_word' id='word_1_206' title='bbox 767 1275 811 1303; x_wconf 87' lang='grc' dir='ltr'><strong>διὰ</strong></span> <span class='ocrx_word' id='word_1_207' title='bbox 829 1276 879 1311; x_wconf 85' lang='grc' dir='ltr'><strong>τῆς</strong></span> <span class='ocrx_word' id='word_1_208' title='bbox 900 1275 992 1310; x_wconf 83' lang='grc' dir='ltr'>φωνῆς</span> 
     </span>
    </p>
   </div>
   <div class='ocr_carea' id='block_1_29' title="bbox 201 1320 992 1359">
    <p class='ocr_par' dir='ltr' id='par_1_29' title="bbox 201 1320 992 1359">
     <span class='ocr_line' id='line_1_29' title="bbox 201 1320 992 1359; baseline -0.005 -9"><span class='ocrx_word' id='word_1_209' title='bbox 201 1323 306 1350; x_wconf 86' lang='grc' dir='ltr'>Παῦλον</span> <span class='ocrx_word' id='word_1_210' title='bbox 323 1322 515 1359; x_wconf 77' lang='grc' dir='ltr'>περιλάμψαν,</span> <span class='ocrx_word' id='word_1_211' title='bbox 535 1321 585 1357; x_wconf 82' lang='grc' dir='ltr'>τὴν</span> <span class='ocrx_word' id='word_1_212' title='bbox 608 1322 657 1357; x_wconf 84' lang='grc' dir='ltr'>μὲν</span> <span class='ocrx_word' id='word_1_213' title='bbox 677 1322 796 1349; x_wconf 81' lang='grc' dir='ltr'>διάνοιαν</span> <span class='ocrx_word' id='word_1_214' title='bbox 815 1320 898 1348; x_wconf 77' lang='grc' dir='ltr'>αὐτοῦ</span> <span class='ocrx_word' id='word_1_215' title='bbox 920 1320 992 1355; x_wconf 78' lang='grc' dir='ltr'><strong>ἐφώ-</strong></span> 
     </span>
    </p>
   </div>
   <div class='ocr_carea' id='block_1_30' title="bbox 201 1365 993 1404">
    <p class='ocr_par' dir='ltr' id='par_1_30' title="bbox 201 1365 993 1404">
     <span class='ocr_line' id='line_1_30' title="bbox 201 1365 993 1404; baseline -0.005 -8"><span class='ocrx_word' id='word_1_216' title='bbox 201 1377 269 1401; x_wconf 83' lang='grc' dir='ltr'>τισε,</span> <span class='ocrx_word' id='word_1_217' title='bbox 295 1369 345 1404; x_wconf 84' lang='grc' dir='ltr'><strong>τὴν</strong></span> <span class='ocrx_word' id='word_1_218' title='bbox 369 1368 408 1402; x_wconf 62' lang='grc' dir='ltr'><strong>δεῇ</strong></span> <span class='ocrx_word' id='word_1_219' title='bbox 423 1368 552 1403; x_wconf 77' lang='grc' dir='ltr'>αἴσθησιν</span> <span class='ocrx_word' id='word_1_220' title='bbox 584 1367 634 1402; x_wconf 87' lang='grc' dir='ltr'>τῆς</span> <span class='ocrx_word' id='word_1_221' title='bbox 663 1367 753 1401; x_wconf 73' lang='grc' dir='ltr'>ὅψεως</span> <span class='ocrx_word' id='word_1_222' title='bbox 791 1366 873 1394; x_wconf 84' lang='grc' dir='ltr'>αὑτοῦ</span> <span class='ocrx_word' id='word_1_223' title='bbox 903 1365 993 1401; x_wconf 82' lang='grc' dir='ltr'>ἠμαύ-</span> 
     </span>
    </p>
   </div>
   <div class='ocr_carea' id='block_1_31' title="bbox 203 1411 993 1450">
    <p class='ocr_par' dir='ltr' id='par_1_31' title="bbox 203 1411 993 1450">
     <span class='ocr_line' id='line_1_31' title="bbox 203 1411 993 1450; baseline -0.004 -9"><span class='ocrx_word' id='word_1_224' title='bbox 203 1423 303 1450; x_wconf 87' lang='grc' dir='ltr'>ρωσεν.</span> <span class='ocrx_word' id='word_1_225' title='bbox 337 1413 375 1441; x_wconf 82' lang='grc' dir='ltr'><strong>Οὐ</strong></span> <span class='ocrx_word' id='word_1_226' title='bbox 401 1413 456 1450; x_wconf 80' lang='grc' dir='ltr'><strong>γὰρ</strong></span> <span class='ocrx_word' id='word_1_227' title='bbox 483 1413 568 1449; x_wconf 70' lang='grc' dir='ltr'>χωρὶς</span> <span class='ocrx_word' id='word_1_228' title='bbox 593 1412 695 1448; x_wconf 79' lang='grc' dir='ltr'>σαρκὸς</span> <span class='ocrx_word' id='word_1_229' title='bbox 720 1411 790 1439; x_wconf 86' lang='grc' dir='ltr'>εἶδεν</span> <span class='ocrx_word' id='word_1_230' title='bbox 818 1411 922 1439; x_wconf 76' lang='grc' dir='ltr'>ἐκείνου</span> <span class='ocrx_word' id='word_1_231' title='bbox 946 1411 993 1438; x_wconf 86' lang='grc' dir='ltr'><strong>τοῦ</strong></span> 
     </span>
    </p>
   </div>
   <div class='ocr_carea' id='block_1_32' title="bbox 202 1457 994 1496">
    <p class='ocr_par' dir='ltr' id='par_1_32' title="bbox 202 1457 994 1496">
     <span class='ocr_line' id='line_1_32' title="bbox 202 1457 994 1496; baseline -0.004 -9"><span class='ocrx_word' id='word_1_232' title='bbox 202 1460 290 1496; x_wconf 78' lang='grc' dir='ltr'>φωτὸς</span> <span class='ocrx_word' id='word_1_233' title='bbox 305 1460 354 1494; x_wconf 82' lang='grc' dir='ltr'>τὴν</span> <span class='ocrx_word' id='word_1_234' title='bbox 366 1460 493 1495; x_wconf 84' lang='grc' dir='ltr'>δύναμιν.</span> <span class='ocrx_word' id='word_1_235' title='bbox 517 1459 602 1486; x_wconf 88' lang='grc' dir='ltr'>Τοῦτο</span> <span class='ocrx_word' id='word_1_236' title='bbox 629 1459 659 1485; x_wconf 78' lang='grc' dir='ltr'>τὸ</span> <span class='ocrx_word' id='word_1_237' title='bbox 687 1458 743 1494; x_wconf 85' lang='grc' dir='ltr'><strong>πῦρ</strong></span> <span class='ocrx_word' id='word_1_238' title='bbox 756 1457 835 1494; x_wconf 79' lang='grc' dir='ltr'>ὤφθη</span> <span class='ocrx_word' id='word_1_239' title='bbox 845 1459 950 1494; x_wconf 84' lang='grc' dir='ltr'>Μωῦσῇ</span> <span class='ocrx_word' id='word_1_240' title='bbox 965 1459 994 1484; x_wconf 83' lang='grc' dir='ltr'>ὲν</span> 
     </span>
    </p>
   </div>
   <div class='ocr_carea' id='block_1_33' title="bbox 202 1503 994 1542">
    <p class='ocr_par' dir='ltr' id='par_1_33' title="bbox 202 1503 994 1542">
     <span class='ocr_line' id='line_1_33' title="bbox 202 1503 994 1542; baseline -0.004 -9"><span class='ocrx_word' id='word_1_241' title='bbox 202 1508 236 1542; x_wconf 72' lang='grc' dir='ltr'>τῇ</span> <span class='ocrx_word' id='word_1_242' title='bbox 252 1505 326 1541; x_wconf 81' lang='grc' dir='ltr'>βάτῳ</span> <span class='ocrx_word' id='word_1_243' title='bbox 337 1514 345 1522; x_wconf 88' lang='grc'><strong>·</strong></span> <span class='ocrx_word' id='word_1_244' title='bbox 359 1505 441 1532; x_wconf 80' lang='grc' dir='ltr'>τοῦτο</span> <span class='ocrx_word' id='word_1_245' title='bbox 452 1504 483 1532; x_wconf 80' lang='grc' dir='ltr'><strong>τὸ</strong></span> <span class='ocrx_word' id='word_1_246' title='bbox 499 1504 555 1540; x_wconf 89' lang='grc' dir='ltr'><strong>πῦρ</strong></span> <span class='ocrx_word' id='word_1_247' title='bbox 570 1505 599 1531; x_wconf 85' lang='grc' dir='ltr'>ὲν</span> <span class='ocrx_word' id='word_1_248' title='bbox 612 1505 677 1531; x_wconf 81' lang='grc' dir='ltr'>είδει</span> <span class='ocrx_word' id='word_1_249' title='bbox 693 1504 831 1540; x_wconf 84' lang='grc' dir='ltr'>ὀχήματος</span> <span class='ocrx_word' id='word_1_250' title='bbox 854 1503 947 1531; x_wconf 83' lang='grc' dir='ltr'>Ἠλίαν</span> <span class='ocrx_word' id='word_1_251' title='bbox 962 1504 994 1530; x_wconf 78' lang='grc' dir='ltr'>ὲκ</span> 
     </span>
    </p>
   </div>
   <div class='ocr_carea' id='block_1_34' title="bbox 1036 261 1830 300">
    <p class='ocr_par' dir='ltr' id='par_1_34' title="bbox 1036 261 1830 300">
     <span class='ocr_line' id='line_1_34' title="bbox 1036 261 1830 300; baseline 0.005 -12"><span class='ocrx_word' id='word_1_252' title='bbox 1036 262 1160 296; x_wconf 83' lang='lat' dir='ltr'><strong>plorans,</strong></span> <span class='ocrx_word' id='word_1_253' title='bbox 1188 262 1230 289; x_wconf 86' lang='lat' dir='ltr'><strong>vel</strong></span> <span class='ocrx_word' id='word_1_254' title='bbox 1260 262 1347 297; x_wconf 86' lang='lat' dir='ltr'><strong>ipsius</strong></span> <span class='ocrx_word' id='word_1_255' title='bbox 1374 261 1523 290; x_wconf 85' lang='lat' dir='ltr'><strong>Salvatoris</strong></span> <span class='ocrx_word' id='word_1_256' title='bbox 1549 263 1717 291; x_wconf 88' lang='lat' dir='ltr'><strong>testimonio.</strong></span> <span class='ocrx_word' id='word_1_257' title='bbox 1737 264 1830 300; x_wconf 89' lang='lat' dir='ltr'><strong>lnquit</strong></span> 
     </span>
    </p>
   </div>
   <div class='ocr_carea' id='block_1_35' title="bbox 1037 307 1830 346">
    <p class='ocr_par' dir='ltr' id='par_1_35' title="bbox 1037 307 1830 346">
     <span class='ocr_line' id='line_1_35' title="bbox 1037 307 1830 346; baseline 0.005 -12"><span class='ocrx_word' id='word_1_258' title='bbox 1037 308 1110 335; x_wconf 89' lang='lat' dir='ltr'><strong>enim</strong></span> <span class='ocrx_word' id='word_1_259' title='bbox 1123 316 1129 334; x_wconf 94' lang='lat'>:</span> <span class='ocrx_word' id='word_1_260' title='bbox 1144 307 1231 335; x_wconf 81' lang='lat' dir='ltr'><strong>Maria</strong></span> <span class='ocrx_word' id='word_1_261' title='bbox 1244 309 1372 343; x_wconf 77' lang='lat' dir='ltr'><strong>optimam</strong></span> <span class='ocrx_word' id='word_1_262' title='bbox 1387 314 1490 344; x_wconf 80' lang='lat' dir='ltr'><strong>partem</strong></span> <span class='ocrx_word' id='word_1_263' title='bbox 1509 309 1596 344; x_wconf 84' lang='lat' dir='ltr'><strong>elegit,</strong></span> <span class='ocrx_word' id='word_1_264' title='bbox 1615 317 1674 345; x_wconf 75' lang='lat' dir='ltr'><strong>qua:</strong></span> <span class='ocrx_word' id='word_1_265' title='bbox 1688 318 1739 337; x_wconf 86' lang='lat' dir='ltr'><strong>non</strong></span> <span class='ocrx_word' id='word_1_266' title='bbox 1753 310 1830 346; x_wconf 81' lang='lat' dir='ltr'><strong>aufe-</strong></span> 
     </span>
    </p>
   </div>
   <div class='ocr_carea' id='block_1_36' title="bbox 1038 354 1830 390">
    <p class='ocr_par' dir='ltr' id='par_1_36' title="bbox 1038 354 1830 390">
     <span class='ocr_line' id='line_1_36' title="bbox 1038 354 1830 390; baseline 0.004 -9"><span class='ocrx_word' id='word_1_267' title='bbox 1038 358 1113 381; x_wconf 88' lang='lat' dir='ltr'><strong>retur</strong></span> <span class='ocrx_word' id='word_1_268' title='bbox 1128 354 1160 382; x_wconf 88' lang='lat' dir='ltr'><strong>ab</strong></span> <span class='ocrx_word' id='word_1_269' title='bbox 1178 363 1209 381; x_wconf 86' lang='lat' dir='ltr'><strong>ea</strong></span> <span class='ocrx_word' id='word_1_270' title='bbox 1220 354 1288 382; x_wconf 78' lang='lat'><strong>&quot;.0</strong></span> <span class='ocrx_word' id='word_1_271' title='bbox 1303 355 1437 390; x_wconf 90' lang='lat' dir='ltr'><strong>pretiosas</strong></span> <span class='ocrx_word' id='word_1_272' title='bbox 1463 356 1626 390; x_wconf 76' lang='lat' dir='ltr'><strong>margaritas</strong></span> <span class='ocrx_word' id='word_1_273' title='bbox 1645 356 1705 384; x_wconf 90' lang='lat' dir='ltr'><strong>illas</strong></span> <span class='ocrx_word' id='word_1_274' title='bbox 1728 356 1754 383; x_wconf 95' lang='lat' dir='ltr'><strong>in</strong></span> <span class='ocrx_word' id='word_1_275' title='bbox 1780 357 1830 384; x_wconf 88' lang='lat' dir='ltr'><strong>de-</strong></span> 
     </span>
    </p>
   </div>
   <div class='ocr_carea' id='block_1_37' title="bbox 1038 400 1832 436">
    <p class='ocr_par' dir='ltr' id='par_1_37' title="bbox 1038 400 1832 436">
     <span class='ocr_line' id='line_1_37' title="bbox 1038 400 1832 436; baseline 0.004 -9"><span class='ocrx_word' id='word_1_276' title='bbox 1038 400 1159 428; x_wconf 81' lang='lat' dir='ltr'><strong>fluxione</strong></span> <span class='ocrx_word' id='word_1_277' title='bbox 1175 400 1317 428; x_wconf 88' lang='lat' dir='ltr'><strong>beatarum</strong></span> <span class='ocrx_word' id='word_1_278' title='bbox 1333 401 1515 436; x_wconf 85' lang='lat' dir='ltr'><strong>laerymarum</strong></span> <span class='ocrx_word' id='word_1_279' title='bbox 1527 402 1534 428; x_wconf 87' lang='lat'><strong>!</strong></span> <span class='ocrx_word' id='word_1_280' title='bbox 1546 401 1569 429; x_wconf 94' lang='grc' dir='ltr'><strong>Ο</strong></span> <span class='ocrx_word' id='word_1_281' title='bbox 1585 407 1693 430; x_wconf 88' lang='lat' dir='ltr'><strong>rectum</strong></span> <span class='ocrx_word' id='word_1_282' title='bbox 1711 402 1787 430; x_wconf 92' lang='lat' dir='ltr'><strong>illum</strong></span> <span class='ocrx_word' id='word_1_283' title='bbox 1801 407 1832 431; x_wconf 85' lang='lat' dir='ltr'><strong>et</strong></span> 
     </span>
    </p>
   </div>
   <div class='ocr_carea' id='block_1_38' title="bbox 1038 447 1830 484">
    <p class='ocr_par' dir='ltr' id='par_1_38' title="bbox 1038 447 1830 484">
     <span class='ocr_line' id='line_1_38' title="bbox 1038 447 1830 484; baseline 0.004 -10"><span class='ocrx_word' id='word_1_284' title='bbox 1038 448 1237 483; x_wconf 86' lang='lat' dir='ltr'><strong>obsequiosum</strong></span> <span class='ocrx_word' id='word_1_285' title='bbox 1264 447 1406 476; x_wconf 78' lang='lat' dir='ltr'><strong>auditum!</strong></span> <span class='ocrx_word' id='word_1_286' title='bbox 1442 447 1465 476; x_wconf 90' lang='grc' dir='ltr'><strong>Ο</strong></span> <span class='ocrx_word' id='word_1_287' title='bbox 1493 447 1591 476; x_wconf 85' lang='lat' dir='ltr'><strong>fortem</strong></span> <span class='ocrx_word' id='word_1_288' title='bbox 1615 456 1647 476; x_wconf 88' lang='lat' dir='ltr'><strong>ac</strong></span> <span class='ocrx_word' id='word_1_289' title='bbox 1677 450 1830 484; x_wconf 86' lang='lat' dir='ltr'><strong>sapientem</strong></span> 
     </span>
    </p>
   </div>
   <div class='ocr_carea' id='block_1_39' title="bbox 1039 493 1830 530">
    <p class='ocr_par' dir='ltr' id='par_1_39' title="bbox 1039 493 1830 530">
     <span class='ocr_line' id='line_1_39' title="bbox 1039 493 1830 530; baseline 0.001 -9"><span class='ocrx_word' id='word_1_290' title='bbox 1039 494 1178 521; x_wconf 88' lang='lat' dir='ltr'><strong>animum!</strong></span> <span class='ocrx_word' id='word_1_291' title='bbox 1197 493 1220 522; x_wconf 94' lang='grc' dir='ltr'><strong>Ο</strong></span> <span class='ocrx_word' id='word_1_292' title='bbox 1234 501 1350 521; x_wconf 88' lang='lat' dir='ltr'><strong>acumen</strong></span> <span class='ocrx_word' id='word_1_293' title='bbox 1368 493 1487 529; x_wconf 88' lang='lat' dir='ltr'><strong>Spiritus</strong></span> <span class='ocrx_word' id='word_1_294' title='bbox 1503 494 1611 521; x_wconf 90' lang='lat' dir='ltr'><strong>Domini</strong></span> <span class='ocrx_word' id='word_1_295' title='bbox 1636 495 1746 527; x_wconf 85' lang='lat' dir='ltr'><strong>amoris,</strong></span> <span class='ocrx_word' id='word_1_296' title='bbox 1765 502 1830 530; x_wconf 76' lang='lat' dir='ltr'><strong>erga</strong></span> 
     </span>
    </p>
   </div>
   <div class='ocr_carea' id='block_1_40' title="bbox 1040 540 1832 575">
    <p class='ocr_par' dir='ltr' id='par_1_40' title="bbox 1040 540 1832 575">
     <span class='ocr_line' id='line_1_40' title="bbox 1040 540 1832 575; baseline -0.001 -7"><span class='ocrx_word' id='word_1_297' title='bbox 1040 548 1172 575; x_wconf 87' lang='lat' dir='ltr'><strong>sponsum</strong></span> <span class='ocrx_word' id='word_1_298' title='bbox 1195 540 1442 568; x_wconf 83' lang='lat' dir='ltr'><strong>incontaminatum</strong></span> <span class='ocrx_word' id='word_1_299' title='bbox 1472 540 1653 568; x_wconf 74' lang='lat' dir='ltr'><strong>vehementer</strong></span> <span class='ocrx_word' id='word_1_300' title='bbox 1682 540 1790 568; x_wconf 82' lang='lat' dir='ltr'><strong>all&#39;ectil</strong></span> <span class='ocrx_word' id='word_1_301' title='bbox 1809 540 1832 568; x_wconf 94' lang='grc' dir='ltr'><strong>Ο</strong></span> 
     </span>
    </p>
   </div>
   <div class='ocr_carea' id='block_1_41' title="bbox 1040 586 1829 622">
    <p class='ocr_par' dir='ltr' id='par_1_41' title="bbox 1040 586 1829 622">
     <span class='ocr_line' id='line_1_41' title="bbox 1040 586 1829 622; baseline 0 -9"><span class='ocrx_word' id='word_1_302' title='bbox 1040 587 1182 613; x_wconf 79' lang='lat' dir='ltr'><strong>stimulum</strong></span> <span class='ocrx_word' id='word_1_303' title='bbox 1210 586 1339 614; x_wconf 83' lang='lat' dir='ltr'><strong>desiderii</strong></span> <span class='ocrx_word' id='word_1_304' title='bbox 1371 587 1470 613; x_wconf 81' lang='lat' dir='ltr'><strong>animae</strong></span> <span class='ocrx_word' id='word_1_305' title='bbox 1495 593 1559 622; x_wconf 83' lang='lat' dir='ltr'><strong>erga</strong></span> <span class='ocrx_word' id='word_1_306' title='bbox 1585 586 1671 614; x_wconf 87' lang='lat' dir='ltr'><strong>Deum</strong></span> <span class='ocrx_word' id='word_1_307' title='bbox 1692 586 1829 613; x_wconf 73' lang='lat' dir='ltr'><strong>Verbuml</strong></span> 
     </span>
    </p>
   </div>
   <div class='ocr_carea' id='block_1_42' title="bbox 1040 632 1832 669">
    <p class='ocr_par' dir='ltr' id='par_1_42' title="bbox 1040 632 1832 669">
     <span class='ocr_line' id='line_1_42' title="bbox 1040 632 1832 669; baseline 0 -9"><span class='ocrx_word' id='word_1_308' title='bbox 1040 633 1062 661; x_wconf 92' lang='grc' dir='ltr'>Ο</span> <span class='ocrx_word' id='word_1_309' title='bbox 1088 636 1193 660; x_wconf 90' lang='lat' dir='ltr'><strong>arctam</strong></span> <span class='ocrx_word' id='word_1_310' title='bbox 1218 633 1379 661; x_wconf 84' lang='lat' dir='ltr'><strong>societatem</strong></span> <span class='ocrx_word' id='word_1_311' title='bbox 1409 641 1515 668; x_wconf 80' lang='lat' dir='ltr'><strong>sponsae</strong></span> <span class='ocrx_word' id='word_1_312' title='bbox 1533 641 1598 669; x_wconf 81' lang='lat' dir='ltr'><strong>erga</strong></span> <span class='ocrx_word' id='word_1_313' title='bbox 1621 632 1759 668; x_wconf 90' lang='lat' dir='ltr'><strong>Sponsum</strong></span> <span class='ocrx_word' id='word_1_314' title='bbox 1775 641 1832 661; x_wconf 70' lang='lat' dir='ltr'><strong>cna-</strong></span> 
     </span>
    </p>
   </div>
   <div class='ocr_carea' id='block_1_43' title="bbox 1040 679 1159 707">
    <p class='ocr_par' dir='ltr' id='par_1_43' title="bbox 1040 679 1159 707">
     <span class='ocr_line' id='line_1_43' title="bbox 1040 679 1159 707; baseline 0 -1"><span class='ocrx_word' id='word_1_315' title='bbox 1040 679 1137 707; x_wconf 84' lang='lat' dir='ltr'><strong>lestem</strong></span> <span class='ocrx_word' id='word_1_316' title='bbox 1153 680 1159 706; x_wconf 86' lang='lat' dir='ltr'><strong>l</strong></span> 
     </span>
    </p>
   </div>
   <div class='ocr_carea' id='block_1_44' title="bbox 1078 724 1833 760">
    <p class='ocr_par' dir='ltr' id='par_1_44' title="bbox 1078 724 1833 760">
     <span class='ocr_line' id='line_1_44' title="bbox 1078 724 1833 760; baseline 0.001 -9"><span class='ocrx_word' id='word_1_317' title='bbox 1078 724 1123 752; x_wconf 64' lang='grc' dir='ltr'><strong>ιχ.</strong></span> <span class='ocrx_word' id='word_1_318' title='bbox 1148 725 1258 752; x_wconf 88' lang='lat' dir='ltr'><strong>Imitare</strong></span> <span class='ocrx_word' id='word_1_319' title='bbox 1275 728 1356 757; x_wconf 87' lang='lat' dir='ltr'><strong>hanc,</strong></span> <span class='ocrx_word' id='word_1_320' title='bbox 1373 732 1390 751; x_wconf 90' lang='grc' dir='ltr'><strong>ο</strong></span> <span class='ocrx_word' id='word_1_321' title='bbox 1415 724 1462 756; x_wconf 85' lang='lat' dir='ltr'><strong>fili,</strong></span> <span class='ocrx_word' id='word_1_322' title='bbox 1481 724 1600 758; x_wconf 85' lang='lat' dir='ltr'><strong>imitare,</strong></span> <span class='ocrx_word' id='word_1_323' title='bbox 1626 725 1833 760; x_wconf 84' lang='lat' dir='ltr'><strong>inquam,nihil</strong></span> 
     </span>
    </p>
   </div>
   <div class='ocr_carea' id='block_1_45' title="bbox 1043 769 1832 807">
    <p class='ocr_par' dir='ltr' id='par_1_45' title="bbox 1043 769 1832 807">
     <span class='ocr_line' id='line_1_45' title="bbox 1043 769 1832 807; baseline 0.004 -11"><span class='ocrx_word' id='word_1_324' title='bbox 1043 769 1117 796; x_wconf 88' lang='lat' dir='ltr'><strong>aliud</strong></span> <span class='ocrx_word' id='word_1_325' title='bbox 1134 770 1246 797; x_wconf 86' lang='lat' dir='ltr'><strong>intuens</strong></span> <span class='ocrx_word' id='word_1_326' title='bbox 1263 774 1363 804; x_wconf 65' lang='lat' dir='ltr'><strong>praeter</strong></span> <span class='ocrx_word' id='word_1_327' title='bbox 1376 777 1439 797; x_wconf 89' lang='lat' dir='ltr'><strong>eum</strong></span> <span class='ocrx_word' id='word_1_328' title='bbox 1458 770 1558 803; x_wconf 87' lang='lat' dir='ltr'><strong>solum,</strong></span> <span class='ocrx_word' id='word_1_329' title='bbox 1574 770 1621 805; x_wconf 88' lang='lat' dir='ltr'><strong>qui</strong></span> <span class='ocrx_word' id='word_1_330' title='bbox 1635 771 1723 798; x_wconf 79' lang='lat' dir='ltr'><strong>dixit:</strong></span> <span class='ocrx_word' id='word_1_331' title='bbox 1741 771 1832 807; x_wconf 86' lang='lat' dir='ltr'><strong>Ignem</strong></span> 
     </span>
    </p>
   </div>
   <div class='ocr_carea' id='block_1_46' title="bbox 1045 815 1834 852">
    <p class='ocr_par' dir='ltr' id='par_1_46' title="bbox 1045 815 1834 852">
     <span class='ocr_line' id='line_1_46' title="bbox 1045 815 1834 852; baseline 0.004 -10"><span class='ocrx_word' id='word_1_332' title='bbox 1045 815 1104 842; x_wconf 82' lang='lat' dir='ltr'><strong>veni</strong></span> <span class='ocrx_word' id='word_1_333' title='bbox 1119 816 1222 842; x_wconf 84' lang='lat' dir='ltr'><strong>mittere</strong></span> <span class='ocrx_word' id='word_1_334' title='bbox 1237 816 1264 842; x_wconf 85' lang='lat' dir='ltr'><strong>in</strong></span> <span class='ocrx_word' id='word_1_335' title='bbox 1279 820 1390 848; x_wconf 85' lang='lat' dir='ltr'><strong>terram,</strong></span> <span class='ocrx_word' id='word_1_336' title='bbox 1402 821 1425 842; x_wconf 88' lang='lat' dir='ltr'><strong>et</strong></span> <span class='ocrx_word' id='word_1_337' title='bbox 1440 816 1503 851; x_wconf 84' lang='lat' dir='ltr'><strong>quid</strong></span> <span class='ocrx_word' id='word_1_338' title='bbox 1513 815 1582 848; x_wconf 86' lang='grc' dir='ltr'>υοίο,</span> <span class='ocrx_word' id='word_1_339' title='bbox 1598 817 1620 843; x_wconf 80' lang='lat' dir='ltr'><strong>si</strong></span> <span class='ocrx_word' id='word_1_340' title='bbox 1633 817 1694 852; x_wconf 85' lang='lat' dir='ltr'><strong>jam</strong></span> <span class='ocrx_word' id='word_1_341' title='bbox 1709 825 1834 845; x_wconf 80' lang='lat' dir='ltr'><strong>accensus</strong></span> 
     </span>
    </p>
   </div>
   <div class='ocr_carea' id='block_1_47' title="bbox 1044 861 1835 897">
    <p class='ocr_par' dir='ltr' id='par_1_47' title="bbox 1044 861 1835 897">
     <span class='ocr_line' id='line_1_47' title="bbox 1044 861 1835 897; baseline 0.004 -9"><span class='ocrx_word' id='word_1_342' title='bbox 1044 865 1082 888; x_wconf 84' lang='lat' dir='ltr'><strong>est</strong></span> <span class='ocrx_word' id='word_1_343' title='bbox 1092 862 1134 888; x_wconf 67' lang='lat'><strong>“1&#39;</strong></span> <span class='ocrx_word' id='word_1_344' title='bbox 1147 861 1194 889; x_wconf 86' lang='lat' dir='ltr'><strong>Est</strong></span> <span class='ocrx_word' id='word_1_345' title='bbox 1207 862 1281 888; x_wconf 90' lang='lat' dir='ltr'><strong>enim</strong></span> <span class='ocrx_word' id='word_1_346' title='bbox 1297 861 1380 889; x_wconf 87' lang='lat' dir='ltr'><strong>ardor</strong></span> <span class='ocrx_word' id='word_1_347' title='bbox 1401 861 1520 897; x_wconf 87' lang='lat' dir='ltr'><strong>Spiritus</strong></span> <span class='ocrx_word' id='word_1_348' title='bbox 1537 862 1678 890; x_wconf 85' lang='lat' dir='ltr'><strong>viviﬁcans</strong></span> <span class='ocrx_word' id='word_1_349' title='bbox 1695 868 1723 890; x_wconf 90' lang='lat' dir='ltr'><strong>et</strong></span> <span class='ocrx_word' id='word_1_350' title='bbox 1735 871 1835 891; x_wconf 88' lang='lat' dir='ltr'><strong>accen-</strong></span> 
     </span>
    </p>
   </div>
   <div class='ocr_carea' id='block_1_48' title="bbox 1045 907 1835 942">
    <p class='ocr_par' dir='ltr' id='par_1_48' title="bbox 1045 907 1835 942">
     <span class='ocr_line' id='line_1_48' title="bbox 1045 907 1835 942; baseline 0.004 -8"><span class='ocrx_word' id='word_1_351' title='bbox 1045 907 1114 935; x_wconf 85' lang='lat' dir='ltr'><strong>dens</strong></span> <span class='ocrx_word' id='word_1_352' title='bbox 1131 907 1225 935; x_wconf 92' lang='lat' dir='ltr'><strong>corda.</strong></span> <span class='ocrx_word' id='word_1_353' title='bbox 1251 907 1423 942; x_wconf 84' lang='lat' dir='ltr'><strong>Quapropter</strong></span> <span class='ocrx_word' id='word_1_354' title='bbox 1448 907 1638 935; x_wconf 87' lang='lat' dir='ltr'><strong>immaterialis</strong></span> <span class='ocrx_word' id='word_1_355' title='bbox 1666 912 1694 936; x_wconf 85' lang='lat' dir='ltr'><strong>et</strong></span> <span class='ocrx_word' id='word_1_356' title='bbox 1724 909 1835 937; x_wconf 88' lang='lat' dir='ltr'><strong>divinus</strong></span> 
     </span>
    </p>
   </div>
   <div class='ocr_carea' id='block_1_49' title="bbox 1045 952 1837 988">
    <p class='ocr_par' dir='ltr' id='par_1_49' title="bbox 1045 952 1837 988">
     <span class='ocr_line' id='line_1_49' title="bbox 1045 952 1837 988; baseline 0.004 -9"><span class='ocrx_word' id='word_1_357' title='bbox 1045 952 1090 981; x_wconf 91' lang='lat' dir='ltr'><strong>ille</strong></span> <span class='ocrx_word' id='word_1_358' title='bbox 1117 953 1189 988; x_wconf 76' lang='lat' dir='ltr'><strong>ignis</strong></span> <span class='ocrx_word' id='word_1_359' title='bbox 1209 953 1347 980; x_wconf 87' lang='lat' dir='ltr'><strong>illuminat</strong></span> <span class='ocrx_word' id='word_1_360' title='bbox 1362 952 1479 986; x_wconf 85' lang='lat' dir='ltr'><strong>animas,</strong></span> <span class='ocrx_word' id='word_1_361' title='bbox 1497 958 1526 980; x_wconf 91' lang='lat' dir='ltr'><strong>et</strong></span> <span class='ocrx_word' id='word_1_362' title='bbox 1544 954 1663 988; x_wconf 86' lang='lat' dir='ltr'><strong>probare</strong></span> <span class='ocrx_word' id='word_1_363' title='bbox 1691 955 1837 983; x_wconf 85' lang='lat' dir='ltr'><strong>consuevit</strong></span> 
     </span>
    </p>
   </div>
   <div class='ocr_carea' id='block_1_50' title="bbox 1044 999 1836 1031">
    <p class='ocr_par' dir='ltr' id='par_1_50' title="bbox 1044 999 1836 1031">
     <span class='ocr_line' id='line_1_50' title="bbox 1044 999 1836 1031; baseline 0.004 -5"><span class='ocrx_word' id='word_1_364' title='bbox 1044 1007 1101 1031; x_wconf 87' lang='lat' dir='ltr'><strong>eas,</strong></span> <span class='ocrx_word' id='word_1_365' title='bbox 1116 1000 1192 1026; x_wconf 86' lang='lat' dir='ltr'><strong>velut</strong></span> <span class='ocrx_word' id='word_1_366' title='bbox 1213 1007 1310 1027; x_wconf 85' lang='lat' dir='ltr'><strong>aurum</strong></span> <span class='ocrx_word' id='word_1_367' title='bbox 1329 1007 1384 1027; x_wconf 86' lang='lat' dir='ltr'><strong>non</strong></span> <span class='ocrx_word' id='word_1_368' title='bbox 1401 999 1585 1027; x_wconf 86' lang='lat' dir='ltr'><strong>adulteratum</strong></span> <span class='ocrx_word' id='word_1_369' title='bbox 1603 1000 1631 1028; x_wconf 95' lang='lat' dir='ltr'><strong>in</strong></span> <span class='ocrx_word' id='word_1_370' title='bbox 1647 1001 1774 1029; x_wconf 87' lang='lat' dir='ltr'><strong>camino:</strong></span> <span class='ocrx_word' id='word_1_371' title='bbox 1793 1002 1836 1029; x_wconf 87' lang='lat' dir='ltr'><strong>vi-</strong></span> 
     </span>
    </p>
   </div>
   <div class='ocr_carea' id='block_1_51' title="bbox 1045 1045 1835 1083">
    <p class='ocr_par' dir='ltr' id='par_1_51' title="bbox 1045 1045 1835 1083">
     <span class='ocr_line' id='line_1_51' title="bbox 1045 1045 1835 1083; baseline 0.004 -11"><span class='ocrx_word' id='word_1_372' title='bbox 1045 1045 1114 1072; x_wconf 90' lang='lat' dir='ltr'><strong>tium</strong></span> <span class='ocrx_word' id='word_1_373' title='bbox 1139 1053 1205 1073; x_wconf 89' lang='lat' dir='ltr'><strong>vero</strong></span> <span class='ocrx_word' id='word_1_374' title='bbox 1234 1046 1383 1079; x_wconf 86' lang='lat' dir='ltr'><strong>consumit,</strong></span> <span class='ocrx_word' id='word_1_375' title='bbox 1407 1046 1493 1074; x_wconf 82' lang='lat' dir='ltr'><strong>veluti</strong></span> <span class='ocrx_word' id='word_1_376' title='bbox 1522 1046 1616 1082; x_wconf 82' lang='lat' dir='ltr'><strong>spinas</strong></span> <span class='ocrx_word' id='word_1_377' title='bbox 1643 1053 1671 1075; x_wconf 83' lang='lat' dir='ltr'><strong>et</strong></span> <span class='ocrx_word' id='word_1_378' title='bbox 1695 1048 1835 1083; x_wconf 85' lang='lat' dir='ltr'><strong>stipulam.</strong></span> 
     </span>
    </p>
   </div>
   <div class='ocr_carea' id='block_1_52' title="bbox 1043 1091 1837 1130">
    <p class='ocr_par' dir='ltr' id='par_1_52' title="bbox 1043 1091 1837 1130">
     <span class='ocr_line' id='line_1_52' title="bbox 1043 1091 1837 1130; baseline 0.005 -12"><span class='ocrx_word' id='word_1_379' title='bbox 1043 1091 1113 1119; x_wconf 81' lang='lat' dir='ltr'><strong>Deus</strong></span> <span class='ocrx_word' id='word_1_380' title='bbox 1122 1091 1196 1119; x_wconf 87' lang='lat' dir='ltr'><strong>enim</strong></span> <span class='ocrx_word' id='word_1_381' title='bbox 1210 1094 1298 1119; x_wconf 69' lang='lat' dir='ltr'><strong>noster</strong></span> <span class='ocrx_word' id='word_1_382' title='bbox 1310 1093 1378 1128; x_wconf 80' lang='lat' dir='ltr'><strong>ignis</strong></span> <span class='ocrx_word' id='word_1_383' title='bbox 1389 1102 1545 1121; x_wconf 80' lang='lat' dir='ltr'><strong>consumens</strong></span> <span class='ocrx_word' id='word_1_384' title='bbox 1560 1098 1608 1126; x_wconf 73' lang='lat' dir='ltr'><strong>est,</strong></span> <span class='ocrx_word' id='word_1_385' title='bbox 1619 1094 1740 1130; x_wconf 79' lang='lat' dir='ltr'><strong>inﬂigens</strong></span> <span class='ocrx_word' id='word_1_386' title='bbox 1755 1094 1837 1122; x_wconf 82' lang='lat' dir='ltr'><strong>ultio-</strong></span> 
     </span>
    </p>
   </div>
   <div class='ocr_carea' id='block_1_53' title="bbox 1045 1138 1835 1175">
    <p class='ocr_par' dir='ltr' id='par_1_53' title="bbox 1045 1138 1835 1175">
     <span class='ocr_line' id='line_1_53' title="bbox 1045 1138 1835 1175; baseline 0.004 -10"><span class='ocrx_word' id='word_1_387' title='bbox 1045 1146 1105 1165; x_wconf 87' lang='lat' dir='ltr'><strong>nem</strong></span> <span class='ocrx_word' id='word_1_388' title='bbox 1120 1138 1152 1165; x_wconf 82' lang='lat' dir='ltr'><strong>iis</strong></span> <span class='ocrx_word' id='word_1_389' title='bbox 1175 1139 1203 1165; x_wconf 85' lang='lat' dir='ltr'><strong>in</strong></span> <span class='ocrx_word' id='word_1_390' title='bbox 1217 1139 1272 1175; x_wconf 60' lang='lat'><strong>94</strong></span> <span class='ocrx_word' id='word_1_391' title='bbox 1287 1140 1397 1175; x_wconf 82' lang='lat' dir='ltr'><strong>ﬂamma</strong></span> <span class='ocrx_word' id='word_1_392' title='bbox 1409 1140 1488 1174; x_wconf 79' lang='lat' dir='ltr'><strong>ignis,</strong></span> <span class='ocrx_word' id='word_1_393' title='bbox 1499 1140 1544 1175; x_wconf 84' lang='lat' dir='ltr'><strong>qui</strong></span> <span class='ocrx_word' id='word_1_394' title='bbox 1562 1148 1614 1167; x_wconf 87' lang='lat' dir='ltr'><strong>non</strong></span> <span class='ocrx_word' id='word_1_395' title='bbox 1625 1145 1753 1168; x_wconf 82' lang='lat' dir='ltr'><strong>noverunt</strong></span> <span class='ocrx_word' id='word_1_396' title='bbox 1764 1150 1835 1173; x_wconf 82' lang='lat' dir='ltr'><strong>eum.</strong></span> 
     </span>
    </p>
   </div>
   <div class='ocr_carea' id='block_1_54' title="bbox 1044 1185 1838 1222">
    <p class='ocr_par' dir='ltr' id='par_1_54' title="bbox 1044 1185 1838 1222">
     <span class='ocr_line' id='line_1_54' title="bbox 1044 1185 1838 1222; baseline 0.004 -11"><span class='ocrx_word' id='word_1_397' title='bbox 1044 1189 1068 1211; x_wconf 82' lang='lat' dir='ltr'><strong>et</strong></span> <span class='ocrx_word' id='word_1_398' title='bbox 1081 1185 1126 1220; x_wconf 84' lang='lat' dir='ltr'><strong>qui</strong></span> <span class='ocrx_word' id='word_1_399' title='bbox 1137 1193 1188 1212; x_wconf 84' lang='lat' dir='ltr'><strong>non</strong></span> <span class='ocrx_word' id='word_1_400' title='bbox 1197 1185 1378 1220; x_wconf 83' lang='lat' dir='ltr'><strong>obtemperant</strong></span> <span class='ocrx_word' id='word_1_401' title='bbox 1387 1185 1534 1221; x_wconf 78' lang='lat' dir='ltr'><strong>Evangelia</strong></span> <span class='ocrx_word' id='word_1_402' title='bbox 1541 1186 1574 1212; x_wconf 76' lang='lat'><strong>&quot;.</strong></span> <span class='ocrx_word' id='word_1_403' title='bbox 1589 1186 1639 1213; x_wconf 85' lang='lat' dir='ltr'><strong>Hic</strong></span> <span class='ocrx_word' id='word_1_404' title='bbox 1648 1186 1719 1221; x_wconf 77' lang='lat' dir='ltr'><strong>ignis</strong></span> <span class='ocrx_word' id='word_1_405' title='bbox 1732 1186 1759 1214; x_wconf 91' lang='lat' dir='ltr'><strong>in</strong></span> <span class='ocrx_word' id='word_1_406' title='bbox 1772 1195 1838 1222; x_wconf 87' lang='lat' dir='ltr'><strong>apo-</strong></span> 
     </span>
    </p>
   </div>
   <div class='ocr_carea' id='block_1_55' title="bbox 1045 1230 1836 1266">
    <p class='ocr_par' dir='ltr' id='par_1_55' title="bbox 1045 1230 1836 1266">
     <span class='ocr_line' id='line_1_55' title="bbox 1045 1230 1836 1266; baseline 0.004 -10"><span class='ocrx_word' id='word_1_407' title='bbox 1045 1230 1121 1258; x_wconf 88' lang='lat' dir='ltr'><strong>stolis</strong></span> <span class='ocrx_word' id='word_1_408' title='bbox 1134 1230 1189 1257; x_wconf 92' lang='lat' dir='ltr'><strong>vim</strong></span> <span class='ocrx_word' id='word_1_409' title='bbox 1204 1237 1282 1257; x_wconf 91' lang='lat' dir='ltr'><strong>suam</strong></span> <span class='ocrx_word' id='word_1_410' title='bbox 1299 1231 1434 1262; x_wconf 80' lang='lat' dir='ltr'><strong>exercuit,</strong></span> <span class='ocrx_word' id='word_1_411' title='bbox 1455 1231 1566 1265; x_wconf 83' lang='lat' dir='ltr'><strong>quando</strong></span> <span class='ocrx_word' id='word_1_412' title='bbox 1585 1231 1771 1266; x_wconf 82' lang='lat' dir='ltr'><strong>loquebantur</strong></span> <span class='ocrx_word' id='word_1_413' title='bbox 1783 1232 1836 1259; x_wconf 91' lang='lat' dir='ltr'><strong>lin-</strong></span> 
     </span>
    </p>
   </div>
   <div class='ocr_carea' id='block_1_56' title="bbox 1044 1275 1837 1313">
    <p class='ocr_par' dir='ltr' id='par_1_56' title="bbox 1044 1275 1837 1313">
     <span class='ocr_line' id='line_1_56' title="bbox 1044 1275 1837 1313; baseline 0.005 -11"><span class='ocrx_word' id='word_1_414' title='bbox 1044 1275 1105 1310; x_wconf 79' lang='lat' dir='ltr'><strong>guis</strong></span> <span class='ocrx_word' id='word_1_415' title='bbox 1122 1275 1250 1311; x_wconf 74' lang='lat' dir='ltr'><strong>igneis“.</strong></span> <span class='ocrx_word' id='word_1_416' title='bbox 1266 1276 1316 1303; x_wconf 89' lang='lat' dir='ltr'><strong>Hic</strong></span> <span class='ocrx_word' id='word_1_417' title='bbox 1337 1276 1408 1311; x_wconf 80' lang='lat' dir='ltr'><strong>ignis</strong></span> <span class='ocrx_word' id='word_1_418' title='bbox 1422 1284 1471 1311; x_wconf 89' lang='lat' dir='ltr'><strong>per</strong></span> <span class='ocrx_word' id='word_1_419' title='bbox 1487 1284 1582 1304; x_wconf 90' lang='lat' dir='ltr'><strong>vocem</strong></span> <span class='ocrx_word' id='word_1_420' title='bbox 1603 1277 1717 1305; x_wconf 84' lang='lat' dir='ltr'><strong>Paulum</strong></span> <span class='ocrx_word' id='word_1_421' title='bbox 1745 1279 1837 1313; x_wconf 82' lang='lat' dir='ltr'><strong>splen—</strong></span> 
     </span>
    </p>
   </div>
   <div class='ocr_carea' id='block_1_57' title="bbox 1044 1322 1837 1359">
    <p class='ocr_par' dir='ltr' id='par_1_57' title="bbox 1044 1322 1837 1359">
     <span class='ocr_line' id='line_1_57' title="bbox 1044 1322 1837 1359; baseline 0.004 -10"><span class='ocrx_word' id='word_1_422' title='bbox 1044 1322 1111 1349; x_wconf 89' lang='lat' dir='ltr'><strong>dore</strong></span> <span class='ocrx_word' id='word_1_423' title='bbox 1126 1329 1157 1350; x_wconf 86' lang='lat' dir='ltr'><strong>ac</strong></span> <span class='ocrx_word' id='word_1_424' title='bbox 1174 1322 1278 1350; x_wconf 87' lang='lat' dir='ltr'><strong>lumine</strong></span> <span class='ocrx_word' id='word_1_425' title='bbox 1293 1322 1482 1354; x_wconf 78' lang='lat' dir='ltr'><strong>circumfudit,</strong></span> <span class='ocrx_word' id='word_1_426' title='bbox 1495 1327 1616 1350; x_wconf 88' lang='lat' dir='ltr'><strong>mentem</strong></span> <span class='ocrx_word' id='word_1_427' title='bbox 1631 1324 1745 1359; x_wconf 89' lang='lat' dir='ltr'><strong>quidem</strong></span> <span class='ocrx_word' id='word_1_428' title='bbox 1763 1324 1837 1352; x_wconf 87' lang='lat' dir='ltr'><strong>illius</strong></span> 
     </span>
    </p>
   </div>
   <div class='ocr_carea' id='block_1_58' title="bbox 1045 1368 1836 1404">
    <p class='ocr_par' dir='ltr' id='par_1_58' title="bbox 1045 1368 1836 1404">
     <span class='ocr_line' id='line_1_58' title="bbox 1045 1368 1836 1404; baseline 0.003 -8"><span class='ocrx_word' id='word_1_429' title='bbox 1045 1368 1222 1400; x_wconf 84' lang='lat' dir='ltr'><strong>illuminavit,</strong></span> <span class='ocrx_word' id='word_1_430' title='bbox 1239 1376 1351 1396; x_wconf 90' lang='lat' dir='ltr'><strong>sensum</strong></span> <span class='ocrx_word' id='word_1_431' title='bbox 1374 1373 1467 1396; x_wconf 89' lang='lat' dir='ltr'><strong>autem</strong></span> <span class='ocrx_word' id='word_1_432' title='bbox 1487 1369 1563 1396; x_wconf 87' lang='lat' dir='ltr'><strong>visus</strong></span> <span class='ocrx_word' id='word_1_433' title='bbox 1577 1370 1637 1404; x_wconf 87' lang='lat' dir='ltr'><strong>ejus</strong></span> <span class='ocrx_word' id='word_1_434' title='bbox 1654 1370 1836 1398; x_wconf 83' lang='lat' dir='ltr'><strong>hebetavit&quot;.</strong></span> 
     </span>
    </p>
   </div>
   <div class='ocr_carea' id='block_1_59' title="bbox 1044 1414 1837 1449">
    <p class='ocr_par' dir='ltr' id='par_1_59' title="bbox 1044 1414 1837 1449">
     <span class='ocr_line' id='line_1_59' title="bbox 1044 1414 1837 1449; baseline 0.001 -7"><span class='ocrx_word' id='word_1_435' title='bbox 1044 1415 1140 1449; x_wconf 83' lang='lat' dir='ltr'><strong>Neque</strong></span> <span class='ocrx_word' id='word_1_436' title='bbox 1151 1415 1224 1442; x_wconf 91' lang='lat' dir='ltr'><strong>enim</strong></span> <span class='ocrx_word' id='word_1_437' title='bbox 1236 1414 1295 1442; x_wconf 89' lang='lat' dir='ltr'><strong>sine</strong></span> <span class='ocrx_word' id='word_1_438' title='bbox 1308 1422 1390 1442; x_wconf 89' lang='lat' dir='ltr'><strong>carne</strong></span> <span class='ocrx_word' id='word_1_439' title='bbox 1401 1414 1471 1442; x_wconf 85' lang='lat' dir='ltr'><strong>vidit</strong></span> <span class='ocrx_word' id='word_1_440' title='bbox 1482 1414 1597 1442; x_wconf 87' lang='lat' dir='ltr'><strong>luminis</strong></span> <span class='ocrx_word' id='word_1_441' title='bbox 1610 1415 1685 1443; x_wconf 85' lang='lat' dir='ltr'><strong>illius</strong></span> <span class='ocrx_word' id='word_1_442' title='bbox 1695 1415 1837 1444; x_wconf 86' lang='lat' dir='ltr'><strong>virtutem.</strong></span> 
     </span>
    </p>
   </div>
   <div class='ocr_carea' id='block_1_60' title="bbox 1045 1460 1838 1498">
    <p class='ocr_par' dir='ltr' id='par_1_60' title="bbox 1045 1460 1838 1498">
     <span class='ocr_line' id='line_1_60' title="bbox 1045 1460 1838 1498; baseline 0.001 -10"><span class='ocrx_word' id='word_1_443' title='bbox 1045 1461 1096 1489; x_wconf 85' lang='lat' dir='ltr'><strong>Hic</strong></span> <span class='ocrx_word' id='word_1_444' title='bbox 1116 1461 1188 1496; x_wconf 83' lang='lat' dir='ltr'><strong>ignis</strong></span> <span class='ocrx_word' id='word_1_445' title='bbox 1209 1460 1276 1488; x_wconf 86' lang='lat' dir='ltr'><strong>Mosi</strong></span> <span class='ocrx_word' id='word_1_446' title='bbox 1302 1461 1431 1495; x_wconf 89' lang='lat' dir='ltr'><strong>apparuit</strong></span> <span class='ocrx_word' id='word_1_447' title='bbox 1456 1461 1483 1488; x_wconf 92' lang='lat' dir='ltr'><strong>in</strong></span> <span class='ocrx_word' id='word_1_448' title='bbox 1509 1461 1580 1489; x_wconf 91' lang='lat' dir='ltr'><strong>rubo</strong></span> <span class='ocrx_word' id='word_1_449' title='bbox 1590 1461 1624 1488; x_wconf 77' lang='lat'><strong>&quot;.</strong></span> <span class='ocrx_word' id='word_1_450' title='bbox 1646 1461 1697 1490; x_wconf 90' lang='lat' dir='ltr'><strong>llic</strong></span> <span class='ocrx_word' id='word_1_451' title='bbox 1718 1461 1788 1498; x_wconf 73' lang='lat' dir='ltr'><strong>ignis</strong></span> <span class='ocrx_word' id='word_1_452' title='bbox 1808 1462 1838 1489; x_wconf 93' lang='lat' dir='ltr'><strong>in</strong></span> 
     </span>
    </p>
   </div>
   <div class='ocr_carea' id='block_1_61' title="bbox 1045 1506 1838 1543">
    <p class='ocr_par' dir='ltr' id='par_1_61' title="bbox 1045 1506 1838 1543">
     <span class='ocr_line' id='line_1_61' title="bbox 1045 1506 1838 1543; baseline 0.003 -10"><span class='ocrx_word' id='word_1_453' title='bbox 1045 1507 1138 1540; x_wconf 86' lang='lat' dir='ltr'><strong>specie</strong></span> <span class='ocrx_word' id='word_1_454' title='bbox 1162 1513 1261 1534; x_wconf 88' lang='lat' dir='ltr'><strong>currus</strong></span> <span class='ocrx_word' id='word_1_455' title='bbox 1282 1506 1371 1533; x_wconf 73' lang='lat' dir='ltr'><strong>Eli-am</strong></span> <span class='ocrx_word' id='word_1_456' title='bbox 1393 1513 1409 1533; x_wconf 85' lang='lat' dir='ltr'><strong>a</strong></span> <span class='ocrx_word' id='word_1_457' title='bbox 1425 1510 1497 1533; x_wconf 86' lang='lat' dir='ltr'><strong>terra</strong></span> <span class='ocrx_word' id='word_1_458' title='bbox 1515 1506 1648 1541; x_wconf 74' lang='lat' dir='ltr'><strong>rapuit&quot;.</strong></span> <span class='ocrx_word' id='word_1_459' title='bbox 1665 1507 1752 1543; x_wconf 84' lang='lat' dir='ltr'><strong>Hujus</strong></span> <span class='ocrx_word' id='word_1_460' title='bbox 1766 1507 1838 1543; x_wconf 77' lang='lat' dir='ltr'><strong>ignis</strong></span> 
     </span>
    </p>
   </div>
   <div class='ocr_carea' id='block_1_62' title="bbox 202 1550 1005 1587">
    <p class='ocr_par' dir='ltr' id='par_1_62' title="bbox 202 1550 993 1587">
     <span class='ocr_line' id='line_1_62' title="bbox 202 1550 993 1587; baseline -0.003 -9"><span class='ocrx_word' id='word_1_461' title='bbox 202 1552 254 1587; x_wconf 79' lang='grc' dir='ltr'>τῆς</span> <span class='ocrx_word' id='word_1_462' title='bbox 266 1553 317 1587; x_wconf 86' lang='grc' dir='ltr'>γῆς</span> <span class='ocrx_word' id='word_1_463' title='bbox 328 1552 436 1587; x_wconf 80' lang='grc' dir='ltr'>ἥρπασε</span> <span class='ocrx_word' id='word_1_464' title='bbox 453 1559 459 1567; x_wconf 90' lang='grc'><strong>·</strong></span> <span class='ocrx_word' id='word_1_465' title='bbox 478 1551 574 1578; x_wconf 86' lang='grc' dir='ltr'>τούτου</span> <span class='ocrx_word' id='word_1_466' title='bbox 597 1550 645 1578; x_wconf 86' lang='grc' dir='ltr'><strong>τοῦ</strong></span> <span class='ocrx_word' id='word_1_467' title='bbox 669 1550 755 1586; x_wconf 83' lang='grc' dir='ltr'>πυρὸς</span> <span class='ocrx_word' id='word_1_468' title='bbox 778 1550 827 1585; x_wconf 82' lang='grc' dir='ltr'><strong>τὴν</strong></span> <span class='ocrx_word' id='word_1_469' title='bbox 850 1550 993 1584; x_wconf 73' lang='grc' dir='ltr'>ἐνέργειαν</span> 
     </span>
    </p>
   </div>
   <div class='ocr_carea' id='block_1_63' title="bbox 1045 1550 1836 1587">
    <p class='ocr_par' dir='ltr' id='par_1_63' title="bbox 1045 1551 1836 1587">
     <span class='ocr_line' id='line_1_63' title="bbox 1045 1551 1836 1587; baseline 0.003 -8"><span class='ocrx_word' id='word_1_470' title='bbox 1045 1552 1193 1580; x_wconf 86' lang='lat' dir='ltr'><strong>ellicaciam</strong></span> <span class='ocrx_word' id='word_1_471' title='bbox 1207 1552 1350 1587; x_wconf 87' lang='lat' dir='ltr'><strong>inquirens</strong></span> <span class='ocrx_word' id='word_1_472' title='bbox 1365 1551 1463 1579; x_wconf 86' lang='lat' dir='ltr'><strong>beatus</strong></span> <span class='ocrx_word' id='word_1_473' title='bbox 1479 1552 1564 1580; x_wconf 89' lang='lat' dir='ltr'><strong>David</strong></span> <span class='ocrx_word' id='word_1_474' title='bbox 1580 1553 1666 1580; x_wconf 86' lang='lat' dir='ltr'><strong>dixit:</strong></span> <span class='ocrx_word' id='word_1_475' title='bbox 1682 1553 1767 1581; x_wconf 84' lang='lat' dir='ltr'><strong>l’roba</strong></span> <span class='ocrx_word' id='word_1_476' title='bbox 1784 1562 1836 1587; x_wconf 84' lang='lat' dir='ltr'><strong>me,</strong></span> 
     </span>
    </p>
   </div>
   <div class='ocr_carea' id='block_1_64' title="bbox 204 1595 992 1633">
    <p class='ocr_par' dir='ltr' id='par_1_64' title="bbox 204 1595 992 1633">
     <span class='ocr_line' id='line_1_64' title="bbox 204 1595 992 1633; baseline -0.004 -9"><span class='ocrx_word' id='word_1_477' title='bbox 204 1598 294 1633; x_wconf 82' lang='grc' dir='ltr'>ζητῶν</span> <span class='ocrx_word' id='word_1_478' title='bbox 312 1598 327 1624; x_wconf 82' lang='grc' dir='ltr'><strong>ὸ</strong></span> <span class='ocrx_word' id='word_1_479' title='bbox 346 1597 482 1633; x_wconf 83' lang='grc' dir='ltr'>μακάριος</span> <span class='ocrx_word' id='word_1_480' title='bbox 507 1596 590 1623; x_wconf 77' lang='grc' dir='ltr'><strong>Δαὸὶδ</strong></span> <span class='ocrx_word' id='word_1_481' title='bbox 619 1595 696 1630; x_wconf 73' lang='grc' dir='ltr'>ἔλεγε</span> <span class='ocrx_word' id='word_1_482' title='bbox 708 1615 716 1627; x_wconf 91' lang='grc'><strong>,</strong></span> <span class='ocrx_word' id='word_1_483' title='bbox 742 1596 912 1630; x_wconf 79' lang='grc' dir='ltr'>Δοκίμασόν</span> <span class='ocrx_word' id='word_1_484' title='bbox 931 1603 970 1629; x_wconf 73' lang='grc' dir='ltr'><strong>με</strong></span> <span class='ocrx_word' id='word_1_485' title='bbox 985 1613 992 1627; x_wconf 88' lang='grc'><strong>,</strong></span> 
     </span>
    </p>
   </div>
   <div class='ocr_carea' id='block_1_65' title="bbox 204 1640 994 1678">
    <p class='ocr_par' dir='ltr' id='par_1_65' title="bbox 204 1640 994 1678">
     <span class='ocr_line' id='line_1_65' title="bbox 204 1640 994 1678; baseline -0.005 -7"><span class='ocrx_word' id='word_1_486' title='bbox 204 1644 302 1678; x_wconf 84' lang='grc' dir='ltr'>Κύριε,</span> <span class='ocrx_word' id='word_1_487' title='bbox 322 1643 371 1670; x_wconf 82' lang='grc' dir='ltr'><strong>καί</strong></span> <span class='ocrx_word' id='word_1_488' title='bbox 387 1642 535 1677; x_wconf 77' lang='grc' dir='ltr'>πείρασόν</span> <span class='ocrx_word' id='word_1_489' title='bbox 549 1651 588 1677; x_wconf 76' lang='grc' dir='ltr'>με</span> <span class='ocrx_word' id='word_1_490' title='bbox 602 1649 609 1658; x_wconf 79' lang='grc'><em>’</em></span> <span class='ocrx_word' id='word_1_491' title='bbox 621 1641 763 1676; x_wconf 84' lang='grc' dir='ltr'>πύρωσον</span> <span class='ocrx_word' id='word_1_492' title='bbox 779 1641 851 1673; x_wconf 83' lang='grc' dir='ltr'>τοὺς</span> <span class='ocrx_word' id='word_1_493' title='bbox 863 1640 994 1675; x_wconf 73' lang='grc' dir='ltr'>νεφρούς</span> 
     </span>
    </p>
   </div>
   <div class='ocr_carea' id='block_1_66' title="bbox 203 1688 632 1725">
    <p class='ocr_par' dir='ltr' id='par_1_66' title="bbox 203 1688 632 1725">
     <span class='ocr_line' id='line_1_66' title="bbox 203 1688 632 1725; baseline -0.002 -8"><span class='ocrx_word' id='word_1_494' title='bbox 203 1699 263 1725; x_wconf 79' lang='grc' dir='ltr'><strong>μου</strong></span> <span class='ocrx_word' id='word_1_495' title='bbox 277 1690 326 1717; x_wconf 81' lang='grc' dir='ltr'><strong>καί</strong></span> <span class='ocrx_word' id='word_1_496' title='bbox 343 1689 402 1723; x_wconf 76' lang='grc' dir='ltr'><strong>τὴν</strong></span> <span class='ocrx_word' id='word_1_497' title='bbox 417 1688 546 1723; x_wconf 80' lang='grc' dir='ltr'>καρδίαν</span> <span class='ocrx_word' id='word_1_498' title='bbox 557 1697 632 1723; x_wconf 80' lang='grc' dir='ltr'>μου.</span> 
     </span>
    </p>
   </div>
   <div class='ocr_carea' id='block_1_67' title="bbox 242 1733 994 1771">
    <p class='ocr_par' dir='ltr' id='par_1_67' title="bbox 242 1733 994 1771">
     <span class='ocr_line' id='line_1_67' title="bbox 242 1733 994 1771; baseline -0.004 -9"><span class='ocrx_word' id='word_1_499' title='bbox 242 1736 271 1762; x_wconf 86' lang='lat' dir='ltr'><strong>l&#39;.</strong></span> <span class='ocrx_word' id='word_1_500' title='bbox 283 1735 365 1761; x_wconf 66' lang='grc' dir='ltr'>Τοῦτο</span> <span class='ocrx_word' id='word_1_501' title='bbox 377 1735 408 1762; x_wconf 84' lang='grc' dir='ltr'><strong>τὺ</strong></span> <span class='ocrx_word' id='word_1_502' title='bbox 421 1735 475 1771; x_wconf 87' lang='grc' dir='ltr'>πῦρ</span> <span class='ocrx_word' id='word_1_503' title='bbox 488 1735 537 1770; x_wconf 83' lang='grc' dir='ltr'>τὴν</span> <span class='ocrx_word' id='word_1_504' title='bbox 553 1734 667 1769; x_wconf 79' lang='grc' dir='ltr'>καρδίαν</span> <span class='ocrx_word' id='word_1_505' title='bbox 679 1733 788 1760; x_wconf 82' lang='grc' dir='ltr'>Κλεόπα</span> <span class='ocrx_word' id='word_1_506' title='bbox 804 1733 852 1759; x_wconf 75' lang='grc' dir='ltr'>καὶ</span> <span class='ocrx_word' id='word_1_507' title='bbox 869 1734 933 1765; x_wconf 74' lang='grc' dir='ltr'>τοὺς</span> <span class='ocrx_word' id='word_1_508' title='bbox 945 1733 994 1759; x_wconf 77' lang='grc' dir='ltr'><strong>σὺν</strong></span> 
     </span>
    </p>
   </div>
   <div class='ocr_carea' id='block_1_68' title="bbox 206 1779 994 1816">
    <p class='ocr_par' dir='ltr' id='par_1_68' title="bbox 206 1779 994 1816">
     <span class='ocr_line' id='line_1_68' title="bbox 206 1779 994 1816; baseline -0.005 -7"><span class='ocrx_word' id='word_1_509' title='bbox 206 1780 281 1816; x_wconf 82' lang='grc' dir='ltr'>αὖτῴ</span> <span class='ocrx_word' id='word_1_510' title='bbox 300 1780 447 1816; x_wconf 70' lang='grc' dir='ltr'>ἑθέρμανε,</span> <span class='ocrx_word' id='word_1_511' title='bbox 470 1780 614 1813; x_wconf 82' lang='grc' dir='ltr'>λαλοῦντος</span> <span class='ocrx_word' id='word_1_512' title='bbox 636 1780 683 1807; x_wconf 83' lang='grc' dir='ltr'><strong>τοῦ</strong></span> <span class='ocrx_word' id='word_1_513' title='bbox 709 1780 836 1815; x_wconf 83' lang='grc' dir='ltr'>Σωτῆρος</span> <span class='ocrx_word' id='word_1_514' title='bbox 860 1779 930 1815; x_wconf 82' lang='grc' dir='ltr'>μετὰ</span> <span class='ocrx_word' id='word_1_515' title='bbox 943 1779 994 1815; x_wconf 84' lang='grc' dir='ltr'>τὴν</span> 
     </span>
    </p>
   </div>
   <div class='ocr_carea' id='block_1_69' title="bbox 207 1825 995 1861">
    <p class='ocr_par' dir='ltr' id='par_1_69' title="bbox 207 1825 995 1861">
     <span class='ocr_line' id='line_1_69' title="bbox 207 1825 995 1861; baseline -0.004 -7"><span class='ocrx_word' id='word_1_516' title='bbox 207 1827 364 1860; x_wconf 73' lang='grc' dir='ltr'><strong>ἀνάστασιν,</strong></span> <span class='ocrx_word' id='word_1_517' title='bbox 390 1825 451 1853; x_wconf 81' lang='grc' dir='ltr'>ὅθεν</span> <span class='ocrx_word' id='word_1_518' title='bbox 478 1826 526 1853; x_wconf 63' lang='grc' dir='ltr'>καὶ</span> <span class='ocrx_word' id='word_1_519' title='bbox 545 1825 657 1861; x_wconf 81' lang='grc' dir='ltr'>ἄγγελοι</span> <span class='ocrx_word' id='word_1_520' title='bbox 680 1826 729 1853; x_wconf 75' lang='grc' dir='ltr'>καὶ</span> <span class='ocrx_word' id='word_1_521' title='bbox 760 1825 796 1852; x_wconf 82' lang='grc' dir='ltr'><strong>τά</strong></span> <span class='ocrx_word' id='word_1_522' title='bbox 820 1825 995 1860; x_wconf 80' lang='grc' dir='ltr'>λειτουργικὰ</span> 
     </span>
    </p>
   </div>
   <div class='ocr_carea' id='block_1_70' title="bbox 207 1870 997 1908">
    <p class='ocr_par' dir='ltr' id='par_1_70' title="bbox 207 1870 997 1908">
     <span class='ocr_line' id='line_1_70' title="bbox 207 1870 997 1908; baseline -0.004 -9"><span class='ocrx_word' id='word_1_523' title='bbox 207 1873 352 1908; x_wconf 75' lang='grc' dir='ltr'>πνεύματα</span> <span class='ocrx_word' id='word_1_524' title='bbox 362 1872 460 1908; x_wconf 60' lang='grc' dir='ltr'>τούτου</span> <span class='ocrx_word' id='word_1_525' title='bbox 474 1871 522 1898; x_wconf 85' lang='grc' dir='ltr'><strong>τοῦ</strong></span> <span class='ocrx_word' id='word_1_526' title='bbox 554 1872 639 1908; x_wconf 81' lang='grc' dir='ltr'>πυρὸς</span> <span class='ocrx_word' id='word_1_527' title='bbox 654 1871 704 1906; x_wconf 81' lang='grc' dir='ltr'>τῆς</span> <span class='ocrx_word' id='word_1_528' title='bbox 720 1870 912 1907; x_wconf 84' lang='grc' dir='ltr'>λαμπρότητος</span> <span class='ocrx_word' id='word_1_529' title='bbox 933 1878 997 1906; x_wconf 87' lang='grc' dir='ltr'>μετ-</span> 
     </span>
    </p>
   </div>
   <div class='ocr_carea' id='block_1_71' title="bbox 208 1905 997 1951">
    <p class='ocr_par' dir='ltr' id='par_1_71' title="bbox 208 1905 997 1951">
     <span class='ocr_line' id='line_1_71' title="bbox 208 1905 997 1951; baseline 0 -9"><span class='ocrx_word' id='word_1_530' title='bbox 208 1905 313 1951; x_wconf 79' lang='grc' dir='ltr'>έχουσι,</span> <span class='ocrx_word' id='word_1_531' title='bbox 325 1905 398 1943; x_wconf 49' lang='grc' dir='ltr'>κατὰ</span> <span class='ocrx_word' id='word_1_532' title='bbox 413 1916 445 1942; x_wconf 81' lang='grc' dir='ltr'>τὸ</span> <span class='ocrx_word' id='word_1_533' title='bbox 454 1905 610 1951; x_wconf 81' lang='grc' dir='ltr'>εἰρημένον,</span> <span class='ocrx_word' id='word_1_534' title='bbox 628 1916 656 1942; x_wconf 87' lang='grc' dir='ltr'>ὐ</span> <span class='ocrx_word' id='word_1_535' title='bbox 667 1905 762 1943; x_wconf 49' lang='lat' dir='ltr'><strong>statim</strong></span> <span class='ocrx_word' id='word_1_536' title='bbox 770 1905 840 1949; x_wconf 65' lang='grc' dir='ltr'>τοὺς</span> <span class='ocrx_word' id='word_1_537' title='bbox 848 1905 997 1951; x_wconf 63' lang='grc' dir='ltr'>ἀγγέλους</span> 
     </span>
    </p>
   </div>
   <div class='ocr_carea' id='block_1_72' title="bbox 207 1961 997 1996">
    <p class='ocr_par' dir='ltr' id='par_1_72' title="bbox 207 1961 997 1996">
     <span class='ocr_line' id='line_1_72' title="bbox 207 1961 997 1996; baseline -0.001 -6"><span class='ocrx_word' id='word_1_538' title='bbox 207 1962 302 1990; x_wconf 83' lang='grc' dir='ltr'>αὑτοῦ</span> <span class='ocrx_word' id='word_1_539' title='bbox 325 1963 490 1996; x_wconf 79' lang='grc' dir='ltr'>πνεύματα,</span> <span class='ocrx_word' id='word_1_540' title='bbox 512 1962 563 1989; x_wconf 79' lang='grc' dir='ltr'><strong>καί</strong></span> <span class='ocrx_word' id='word_1_541' title='bbox 590 1962 662 1996; x_wconf 84' lang='grc' dir='ltr'>τοὺς</span> <span class='ocrx_word' id='word_1_542' title='bbox 684 1962 877 1996; x_wconf 73' lang='grc' dir='ltr'>λειτουργοὺς</span> <span class='ocrx_word' id='word_1_543' title='bbox 901 1961 997 1990; x_wconf 82' lang='grc' dir='ltr'>αὑτοῦ</span> 
     </span>
    </p>
   </div>
   <div class='ocr_carea' id='block_1_73' title="bbox 207 2001 998 2044">
    <p class='ocr_par' dir='ltr' id='par_1_73' title="bbox 207 2001 998 2044">
     <span class='ocr_line' id='line_1_73' title="bbox 207 2001 998 2044; baseline 0 -9"><span class='ocrx_word' id='word_1_544' title='bbox 207 2009 269 2044; x_wconf 80' lang='grc' dir='ltr'><strong>πῦρ</strong></span> <span class='ocrx_word' id='word_1_545' title='bbox 285 2009 411 2044; x_wconf 73' lang='grc' dir='ltr'><strong>φλέγον.</strong></span> <span class='ocrx_word' id='word_1_546' title='bbox 427 2008 512 2035; x_wconf 87' lang='grc' dir='ltr'>Τοῦτο</span> <span class='ocrx_word' id='word_1_547' title='bbox 527 2009 558 2035; x_wconf 84' lang='grc' dir='ltr'><strong>τδ</strong></span> <span class='ocrx_word' id='word_1_548' title='bbox 573 2008 629 2044; x_wconf 91' lang='grc' dir='ltr'><strong>πῦρ</strong></span> <span class='ocrx_word' id='word_1_549' title='bbox 642 2001 691 2044; x_wconf 79' lang='grc' dir='ltr'>τὴν</span> <span class='ocrx_word' id='word_1_550' title='bbox 703 2009 732 2036; x_wconf 80' lang='grc' dir='ltr'>ὲν</span> <span class='ocrx_word' id='word_1_551' title='bbox 746 2008 786 2044; x_wconf 86' lang='grc' dir='ltr'>τῷ</span> <span class='ocrx_word' id='word_1_552' title='bbox 803 2008 877 2036; x_wconf 68' lang='grc' dir='ltr'>ἔνδον</span> <span class='ocrx_word' id='word_1_553' title='bbox 898 2008 998 2044; x_wconf 79' lang='grc' dir='ltr'>ὀφθαλ-</span> 
     </span>
    </p>
   </div>
   <div class='ocr_carea' id='block_1_74' title="bbox 209 2054 998 2091">
    <p class='ocr_par' dir='ltr' id='par_1_74' title="bbox 209 2054 998 2091">
     <span class='ocr_line' id='line_1_74' title="bbox 209 2054 998 2091; baseline -0.001 -9"><span class='ocrx_word' id='word_1_554' title='bbox 209 2055 253 2091; x_wconf 86' lang='grc' dir='ltr'><strong>μῷ</strong></span> <span class='ocrx_word' id='word_1_555' title='bbox 267 2056 346 2082; x_wconf 79' lang='grc' dir='ltr'>δοκὸν</span> <span class='ocrx_word' id='word_1_556' title='bbox 358 2055 517 2086; x_wconf 86' lang='grc' dir='ltr'>κατακαῖον.</span> <span class='ocrx_word' id='word_1_557' title='bbox 533 2054 652 2090; x_wconf 77' lang='grc' dir='ltr'>καθαρὸν</span> <span class='ocrx_word' id='word_1_558' title='bbox 668 2055 714 2082; x_wconf 79' lang='grc' dir='ltr'>τὸν</span> <span class='ocrx_word' id='word_1_559' title='bbox 728 2055 791 2082; x_wconf 87' lang='grc' dir='ltr'>νοῦν</span> <span class='ocrx_word' id='word_1_560' title='bbox 809 2055 998 2091; x_wconf 81' lang='grc' dir='ltr'>ἀποκαθίστη-</span> 
     </span>
    </p>
   </div>
   <div class='ocr_carea' id='block_1_75' title="bbox 212 2100 998 2137">
    <p class='ocr_par' dir='ltr' id='par_1_75' title="bbox 212 2100 998 2137">
     <span class='ocr_line' id='line_1_75' title="bbox 212 2100 998 2137; baseline -0.001 -9"><span class='ocrx_word' id='word_1_561' title='bbox 212 2110 265 2135; x_wconf 83' lang='grc' dir='ltr'>σιν,</span> <span class='ocrx_word' id='word_1_562' title='bbox 277 2101 322 2128; x_wconf 87' lang='grc' dir='ltr'><strong>ἴνα</strong></span> <span class='ocrx_word' id='word_1_563' title='bbox 334 2101 479 2128; x_wconf 78' lang='grc' dir='ltr'>ἀπολαϐὼν</span> <span class='ocrx_word' id='word_1_564' title='bbox 493 2100 524 2127; x_wconf 77' lang='grc' dir='ltr'>τὸ</span> <span class='ocrx_word' id='word_1_565' title='bbox 538 2101 610 2128; x_wconf 82' lang='grc' dir='ltr'>κατὰ</span> <span class='ocrx_word' id='word_1_566' title='bbox 620 2101 701 2135; x_wconf 76' lang='grc' dir='ltr'>φύσιν</span> <span class='ocrx_word' id='word_1_567' title='bbox 715 2101 878 2136; x_wconf 79' lang='grc' dir='ltr'>διορατικδν,</span> <span class='ocrx_word' id='word_1_568' title='bbox 894 2102 946 2137; x_wconf 77' lang='grc' dir='ltr'>ὁρᾷ</span> <span class='ocrx_word' id='word_1_569' title='bbox 957 2102 998 2134; x_wconf 80' lang='grc' dir='ltr'>εἰς</span> 
     </span>
    </p>
   </div>
   <div class='ocr_carea' id='block_1_76' title="bbox 206 2147 997 2183">
    <p class='ocr_par' dir='ltr' id='par_1_76' title="bbox 206 2147 997 2183">
     <span class='ocr_line' id='line_1_76' title="bbox 206 2147 997 2183; baseline 0.001 -9"><span class='ocrx_word' id='word_1_570' title='bbox 206 2147 238 2174; x_wconf 75' lang='grc' dir='ltr'>τὸ</span> <span class='ocrx_word' id='word_1_571' title='bbox 251 2147 375 2183; x_wconf 73' lang='grc' dir='ltr'>διηνεκὲς</span> <span class='ocrx_word' id='word_1_572' title='bbox 390 2147 426 2174; x_wconf 84' lang='grc' dir='ltr'>τὰ</span> <span class='ocrx_word' id='word_1_573' title='bbox 436 2148 483 2174; x_wconf 84' lang='grc' dir='ltr'><strong>τοῦ</strong></span> <span class='ocrx_word' id='word_1_574' title='bbox 497 2147 565 2174; x_wconf 88' lang='grc' dir='ltr'>Θεοῦ</span> <span class='ocrx_word' id='word_1_575' title='bbox 581 2147 721 2182; x_wconf 83' lang='grc' dir='ltr'>θαυμάσια</span> <span class='ocrx_word' id='word_1_576' title='bbox 731 2167 738 2179; x_wconf 83' lang='grc'><strong>,</strong></span> <span class='ocrx_word' id='word_1_577' title='bbox 757 2148 829 2174; x_wconf 87' lang='grc' dir='ltr'>κατὰ</span> <span class='ocrx_word' id='word_1_578' title='bbox 840 2148 885 2174; x_wconf 83' lang='grc' dir='ltr'>τὸν</span> <span class='ocrx_word' id='word_1_579' title='bbox 904 2147 997 2182; x_wconf 78' lang='grc' dir='ltr'>λέγον-</span> 
     </span>
    </p>
   </div>
   <div class='ocr_carea' id='block_1_77' title="bbox 207 2193 999 2228">
    <p class='ocr_par' dir='ltr' id='par_1_77' title="bbox 207 2193 999 2228">
     <span class='ocr_line' id='line_1_77' title="bbox 207 2193 999 2228; baseline 0 -8"><span class='ocrx_word' id='word_1_580' title='bbox 207 2201 253 2226; x_wconf 84' lang='grc' dir='ltr'><strong>τα,</strong></span> <span class='ocrx_word' id='word_1_581' title='bbox 265 2193 479 2228; x_wconf 63' lang='grc' dir='ltr'><strong>Ἀποκάιιυψον</strong></span> <span class='ocrx_word' id='word_1_582' title='bbox 489 2193 561 2226; x_wconf 86' lang='grc' dir='ltr'>τοὺς</span> <span class='ocrx_word' id='word_1_583' title='bbox 570 2193 745 2228; x_wconf 77' lang='grc' dir='ltr'>ὀφθαλμούς</span> <span class='ocrx_word' id='word_1_584' title='bbox 757 2202 828 2228; x_wconf 83' lang='grc' dir='ltr'>μου,</span> <span class='ocrx_word' id='word_1_585' title='bbox 845 2194 894 2221; x_wconf 76' lang='grc' dir='ltr'><strong>καί</strong></span> <span class='ocrx_word' id='word_1_586' title='bbox 911 2202 999 2221; x_wconf 82' lang='grc' dir='ltr'>κατα-</span> 
     </span>
    </p>
   </div>
   <div class='ocr_carea' id='block_1_78' title="bbox 207 2223 1038 2274">
    <p class='ocr_par' dir='ltr' id='par_1_78' title="bbox 207 2223 1038 2274">
     <span class='ocr_line' id='line_1_78' title="bbox 207 2223 1038 2274; baseline 0 -8"><span class='ocrx_word' id='word_1_587' title='bbox 207 2223 309 2274; x_wconf 61' lang='grc' dir='ltr'>νοησω</span> <span class='ocrx_word' id='word_1_588' title='bbox 329 2240 367 2267; x_wconf 79' lang='grc' dir='ltr'>τὰ</span> <span class='ocrx_word' id='word_1_589' title='bbox 386 2223 557 2274; x_wconf 46' lang='grc' dir='ltr'>θαλιμάσια-</span> <span class='ocrx_word' id='word_1_590' title='bbox 568 2223 604 2266; x_wconf 60' lang='grc' dir='ltr'>ἐκ</span> <span class='ocrx_word' id='word_1_591' title='bbox 623 2223 679 2266; x_wconf 74' lang='grc' dir='ltr'><strong>τοῦ</strong></span> <span class='ocrx_word' id='word_1_592' title='bbox 696 2223 790 2274; x_wconf 56' lang='grc' dir='ltr'>νόμον</span> <span class='ocrx_word' id='word_1_593' title='bbox 818 2223 888 2267; x_wconf 64' lang='grc' dir='ltr'>σου.</span> <span class='ocrx_word' id='word_1_594' title='bbox 913 2239 999 2267; x_wconf 88' lang='grc' dir='ltr'>Τοῦτο</span> <span class='ocrx_word' id='word_1_595' title='bbox 1014 2223 1038 2254; x_wconf 76' lang='lat' dir='ltr'><strong>D</strong></span> 
     </span>
    </p>
   </div>
   <div class='ocr_carea' id='block_1_79' title="bbox 207 2285 999 2321">
    <p class='ocr_par' dir='ltr' id='par_1_79' title="bbox 207 2285 999 2321">
     <span class='ocr_line' id='line_1_79' title="bbox 207 2285 999 2321; baseline 0.001 -9"><span class='ocrx_word' id='word_1_596' title='bbox 207 2285 352 2321; x_wconf 82' lang='grc' dir='ltr'>τοιγαροῦν</span> <span class='ocrx_word' id='word_1_597' title='bbox 366 2285 397 2312; x_wconf 79' lang='grc' dir='ltr'><strong>τὸ</strong></span> <span class='ocrx_word' id='word_1_598' title='bbox 410 2285 466 2321; x_wconf 84' lang='grc' dir='ltr'><strong>πῦρ</strong></span> <span class='ocrx_word' id='word_1_599' title='bbox 477 2285 613 2321; x_wconf 86' lang='grc' dir='ltr'>δαιμόνων</span> <span class='ocrx_word' id='word_1_600' title='bbox 633 2286 692 2312; x_wconf 71' lang='grc' dir='ltr'>ἐστὶ</span> <span class='ocrx_word' id='word_1_601' title='bbox 710 2285 938 2321; x_wconf 83' lang='grc' dir='ltr'>φυγαδευτήριον,</span> <span class='ocrx_word' id='word_1_602' title='bbox 951 2286 999 2313; x_wconf 80' lang='grc' dir='ltr'>καὶ</span> 
     </span>
    </p>
   </div>
   <div class='ocr_carea' id='block_1_80' title="bbox 207 2331 998 2367">
    <p class='ocr_par' dir='ltr' id='par_1_80' title="bbox 207 2331 998 2367">
     <span class='ocr_line' id='line_1_80' title="bbox 207 2331 998 2367; baseline 0 -8"><span class='ocrx_word' id='word_1_603' title='bbox 207 2332 343 2367; x_wconf 80' lang='grc' dir='ltr'>ἁμαρτίας</span> <span class='ocrx_word' id='word_1_604' title='bbox 358 2331 541 2367; x_wconf 78' lang='grc' dir='ltr'>ἀναιρετικὸν,</span> <span class='ocrx_word' id='word_1_605' title='bbox 557 2332 733 2363; x_wconf 78' lang='grc' dir='ltr'>ἀναστάσεως</span> <span class='ocrx_word' id='word_1_606' title='bbox 754 2331 784 2358; x_wconf 70' lang='grc' dir='ltr'>δὲ</span> <span class='ocrx_word' id='word_1_607' title='bbox 800 2331 926 2367; x_wconf 89' lang='grc' dir='ltr'>δύναμις,</span> <span class='ocrx_word' id='word_1_608' title='bbox 950 2333 998 2360; x_wconf 82' lang='grc' dir='ltr'>καὶ</span> 
     </span>
    </p>
   </div>
   <div class='ocr_carea' id='block_1_81' title="bbox 207 2377 998 2413">
    <p class='ocr_par' dir='ltr' id='par_1_81' title="bbox 207 2377 998 2413">
     <span class='ocr_line' id='line_1_81' title="bbox 207 2377 998 2413; baseline 0.001 -8"><span class='ocrx_word' id='word_1_609' title='bbox 207 2377 356 2409; x_wconf 75' lang='grc' dir='ltr'>ἀθανασίας</span> <span class='ocrx_word' id='word_1_610' title='bbox 374 2377 512 2412; x_wconf 72' lang='grc' dir='ltr'>ἐνέργεια,</span> <span class='ocrx_word' id='word_1_611' title='bbox 541 2377 634 2412; x_wconf 77' lang='grc' dir='ltr'>ψυχῶν</span> <span class='ocrx_word' id='word_1_612' title='bbox 659 2378 747 2411; x_wconf 79' lang='grc' dir='ltr'>ἁγίων</span> <span class='ocrx_word' id='word_1_613' title='bbox 773 2377 933 2413; x_wconf 84' lang='grc' dir='ltr'>φωτισμδς,</span> <span class='ocrx_word' id='word_1_614' title='bbox 950 2379 998 2406; x_wconf 75' lang='grc' dir='ltr'>καὶ</span> 
     </span>
    </p>
   </div>
   <div class='ocr_carea' id='block_1_82' title="bbox 207 2420 998 2457">
    <p class='ocr_par' dir='ltr' id='par_1_82' title="bbox 207 2420 998 2457">
     <span class='ocr_line' id='line_1_82' title="bbox 207 2420 998 2457; baseline 0.003 -10"><span class='ocrx_word' id='word_1_615' title='bbox 207 2420 324 2455; x_wconf 88' lang='grc' dir='ltr'>λογικῶν</span> <span class='ocrx_word' id='word_1_616' title='bbox 344 2420 485 2456; x_wconf 80' lang='grc' dir='ltr'>δυνάμεων</span> <span class='ocrx_word' id='word_1_617' title='bbox 513 2420 655 2453; x_wconf 82' lang='grc' dir='ltr'>σύστασις.</span> <span class='ocrx_word' id='word_1_618' title='bbox 682 2421 767 2448; x_wconf 82' lang='grc' dir='ltr'>Τοῦτο</span> <span class='ocrx_word' id='word_1_619' title='bbox 793 2421 824 2448; x_wconf 82' lang='grc' dir='ltr'>τὸ</span> <span class='ocrx_word' id='word_1_620' title='bbox 841 2421 896 2457; x_wconf 85' lang='grc' dir='ltr'><strong>πῦρ</strong></span> <span class='ocrx_word' id='word_1_621' title='bbox 913 2422 998 2455; x_wconf 78' lang='grc' dir='ltr'><strong>εὐξώ-</strong></span> 
     </span>
    </p>
   </div>
   <div class='ocr_carea' id='block_1_83' title="bbox 208 2465 997 2502">
    <p class='ocr_par' dir='ltr' id='par_1_83' title="bbox 208 2465 997 2502">
     <span class='ocr_line' id='line_1_83' title="bbox 208 2465 997 2502; baseline 0.004 -10"><span class='ocrx_word' id='word_1_622' title='bbox 208 2465 278 2501; x_wconf 87' lang='grc' dir='ltr'>μεθα</span> <span class='ocrx_word' id='word_1_623' title='bbox 298 2465 345 2492; x_wconf 64' lang='grc' dir='ltr'><strong>καλ¹</strong></span> <span class='ocrx_word' id='word_1_624' title='bbox 370 2466 410 2498; x_wconf 84' lang='grc' dir='ltr'><strong>είς</strong></span> <span class='ocrx_word' id='word_1_625' title='bbox 425 2466 500 2501; x_wconf 80' lang='grc' dir='ltr'>ἡμᾶς</span> <span class='ocrx_word' id='word_1_626' title='bbox 526 2466 640 2501; x_wconf 82' lang='grc' dir='ltr'>φθάσαι,</span> <span class='ocrx_word' id='word_1_627' title='bbox 670 2467 714 2494; x_wconf 84' lang='grc' dir='ltr'><strong>ῐνα</strong></span> <span class='ocrx_word' id='word_1_628' title='bbox 737 2467 854 2494; x_wconf 81' lang='grc' dir='ltr'>πὰντοτε</span> <span class='ocrx_word' id='word_1_629' title='bbox 877 2468 907 2494; x_wconf 78' lang='grc' dir='ltr'>ἐν</span> <span class='ocrx_word' id='word_1_630' title='bbox 927 2469 997 2502; x_wconf 75' lang='grc' dir='ltr'>φωτὶ</span> 
     </span>
    </p>
   </div>
   <div class='ocr_carea' id='block_1_84' title="bbox 207 2511 1001 2550">
    <p class='ocr_par' dir='ltr' id='par_1_84' title="bbox 207 2511 1001 2550">
     <span class='ocr_line' id='line_1_84' title="bbox 207 2511 1001 2550; baseline 0.005 -13"><span class='ocrx_word' id='word_1_631' title='bbox 207 2511 437 2547; x_wconf 81' lang='grc' dir='ltr'>περιπατοῦντες,</span> <span class='ocrx_word' id='word_1_632' title='bbox 450 2511 584 2548; x_wconf 81' lang='grc' dir='ltr'>μηδέποτε</span> <span class='ocrx_word' id='word_1_633' title='bbox 593 2512 646 2540; x_wconf 73' lang='grc' dir='ltr'>κᾶν</span> <span class='ocrx_word' id='word_1_634' title='bbox 659 2513 729 2549; x_wconf 82' lang='grc' dir='ltr'>πρὸς</span> <span class='ocrx_word' id='word_1_635' title='bbox 742 2513 830 2550; x_wconf 77' lang='grc' dir='ltr'>βραχὺ</span> <span class='ocrx_word' id='word_1_636' title='bbox 841 2514 1001 2550; x_wconf 79' lang='grc' dir='ltr'>προσκόψω-</span> 
     </span>
    </p>
   </div>
   <div class='ocr_carea' id='block_1_85' title="bbox 208 2557 1000 2597">
    <p class='ocr_par' dir='ltr' id='par_1_85' title="bbox 208 2557 1000 2597">
     <span class='ocr_line' id='line_1_85' title="bbox 208 2557 1000 2597; baseline 0.006 -14"><span class='ocrx_word' id='word_1_637' title='bbox 208 2566 258 2592; x_wconf 87' lang='grc' dir='ltr'><strong>μεν</strong></span> <span class='ocrx_word' id='word_1_638' title='bbox 275 2557 345 2593; x_wconf 81' lang='grc' dir='ltr'>πρὸς</span> <span class='ocrx_word' id='word_1_639' title='bbox 359 2557 434 2584; x_wconf 87' lang='grc' dir='ltr'>λίθον</span> <span class='ocrx_word' id='word_1_640' title='bbox 448 2559 511 2590; x_wconf 82' lang='grc' dir='ltr'>τοὺς</span> <span class='ocrx_word' id='word_1_641' title='bbox 524 2559 607 2591; x_wconf 81' lang='grc' dir='ltr'>πόδας</span> <span class='ocrx_word' id='word_1_642' title='bbox 618 2560 698 2595; x_wconf 87' lang='grc' dir='ltr'>ἡμῶν</span> <span class='ocrx_word' id='word_1_643' title='bbox 707 2581 715 2594; x_wconf 86' lang='grc'><strong>,</strong></span> <span class='ocrx_word' id='word_1_644' title='bbox 730 2560 788 2587; x_wconf 81' lang='grc' dir='ltr'>ἀλλ’</span> <span class='ocrx_word' id='word_1_645' title='bbox 805 2561 844 2593; x_wconf 83' lang='grc' dir='ltr'>ὡς</span> <span class='ocrx_word' id='word_1_646' title='bbox 856 2562 1000 2597; x_wconf 81' lang='grc' dir='ltr'>φωστῆρες</span> 
     </span>
    </p>
   </div>
   <div class='ocr_carea' id='block_1_86' title="bbox 205 2604 998 2643">
    <p class='ocr_par' dir='ltr' id='par_1_86' title="bbox 205 2604 998 2643">
     <span class='ocr_line' id='line_1_86' title="bbox 205 2604 998 2643; baseline 0.006 -13"><span class='ocrx_word' id='word_1_647' title='bbox 205 2604 236 2630; x_wconf 83' lang='grc' dir='ltr'>ὲν</span> <span class='ocrx_word' id='word_1_648' title='bbox 251 2604 347 2640; x_wconf 81' lang='grc' dir='ltr'>κόσμῳ</span> <span class='ocrx_word' id='word_1_649' title='bbox 362 2605 524 2640; x_wconf 84' lang='grc' dir='ltr'>φαινόμενοι</span> <span class='ocrx_word' id='word_1_650' title='bbox 537 2605 617 2640; x_wconf 83' lang='grc' dir='ltr'>λόγον</span> <span class='ocrx_word' id='word_1_651' title='bbox 634 2606 709 2641; x_wconf 81' lang='grc' dir='ltr'>ζωῆς</span> <span class='ocrx_word' id='word_1_652' title='bbox 731 2607 875 2643; x_wconf 74' lang='grc' dir='ltr'>ἑπέχωμεν</span> <span class='ocrx_word' id='word_1_653' title='bbox 892 2607 979 2635; x_wconf 83' lang='grc' dir='ltr'>ἀϊδίου</span> <span class='ocrx_word' id='word_1_654' title='bbox 991 2629 998 2640; x_wconf 86' lang='grc'><strong>,</strong></span> 
     </span>
    </p>
   </div>
   <div class='ocr_carea' id='block_1_87' title="bbox 207 2649 1001 2689">
    <p class='ocr_par' dir='ltr' id='par_1_87' title="bbox 207 2649 1001 2689">
     <span class='ocr_line' id='line_1_87' title="bbox 207 2649 1001 2689; baseline 0.005 -12"><span class='ocrx_word' id='word_1_655' title='bbox 207 2649 251 2678; x_wconf 74' lang='grc' dir='ltr'><strong>ἵνα</strong></span> <span class='ocrx_word' id='word_1_656' title='bbox 264 2651 447 2684; x_wconf 83' lang='grc' dir='ltr'>ἀπολαύοντες</span> <span class='ocrx_word' id='word_1_657' title='bbox 467 2652 497 2679; x_wconf 84' lang='grc' dir='ltr'><strong>ὲν</strong></span> <span class='ocrx_word' id='word_1_658' title='bbox 515 2653 572 2684; x_wconf 84' lang='grc' dir='ltr'>τοῖς</span> <span class='ocrx_word' id='word_1_659' title='bbox 586 2653 700 2687; x_wconf 79' lang='grc' dir='ltr'>ἀγαθοῖς</span> <span class='ocrx_word' id='word_1_660' title='bbox 720 2652 767 2680; x_wconf 79' lang='grc' dir='ltr'><strong>τοῦ</strong></span> <span class='ocrx_word' id='word_1_661' title='bbox 785 2653 872 2687; x_wconf 86' lang='grc' dir='ltr'>Θεοῦ,</span> <span class='ocrx_word' id='word_1_662' title='bbox 894 2654 944 2681; x_wconf 80' lang='grc' dir='ltr'><strong>σὺν</strong></span> <span class='ocrx_word' id='word_1_663' title='bbox 962 2654 1001 2689; x_wconf 83' lang='grc' dir='ltr'>τῷ</span> 
     </span>
    </p>
   </div>
   <div class='ocr_carea' id='block_1_88' title="bbox 207 2696 999 2736">
    <p class='ocr_par' dir='ltr' id='par_1_88' title="bbox 207 2696 999 2736">
     <span class='ocr_line' id='line_1_88' title="bbox 207 2696 999 2736; baseline 0.005 -13"><span class='ocrx_word' id='word_1_664' title='bbox 207 2696 302 2732; x_wconf 83' lang='grc' dir='ltr'>Κυρίῳ</span> <span class='ocrx_word' id='word_1_665' title='bbox 317 2697 543 2733; x_wconf 72' lang='grc' dir='ltr'>ἀνα-παυσώμεθα</span> <span class='ocrx_word' id='word_1_666' title='bbox 562 2699 591 2725; x_wconf 82' lang='grc' dir='ltr'>ὲν</span> <span class='ocrx_word' id='word_1_667' title='bbox 607 2697 677 2734; x_wconf 83' lang='grc' dir='ltr'>ζωῇ.</span> <span class='ocrx_word' id='word_1_668' title='bbox 692 2697 850 2731; x_wconf 74' lang='grc' dir='ltr'>δοξάζοντες</span> <span class='ocrx_word' id='word_1_669' title='bbox 864 2698 982 2736; x_wconf 77' lang='grc' dir='ltr'><strong>¹Πατέρα.</strong></span> <span class='ocrx_word' id='word_1_670' title='bbox 992 2721 999 2731; x_wconf 87' lang='lat'><strong>,</strong></span> 
     </span>
    </p>
   </div>
   <div class='ocr_carea' id='block_1_89' title="bbox 1045 1598 1838 1630">
    <p class='ocr_par' dir='ltr' id='par_1_89' title="bbox 1045 1598 1838 1630">
     <span class='ocr_line' id='line_1_89' title="bbox 1045 1598 1838 1630; baseline 0.003 -5"><span class='ocrx_word' id='word_1_671' title='bbox 1045 1599 1174 1630; x_wconf 86' lang='lat' dir='ltr'><strong>Domine,</strong></span> <span class='ocrx_word' id='word_1_672' title='bbox 1203 1603 1228 1625; x_wconf 82' lang='lat' dir='ltr'><strong>et</strong></span> <span class='ocrx_word' id='word_1_673' title='bbox 1257 1602 1329 1626; x_wconf 88' lang='lat' dir='ltr'><strong>tenta</strong></span> <span class='ocrx_word' id='word_1_674' title='bbox 1356 1607 1406 1627; x_wconf 87' lang='lat' dir='ltr'><strong>me.</strong></span> <span class='ocrx_word' id='word_1_675' title='bbox 1445 1598 1495 1627; x_wconf 84' lang='lat' dir='ltr'><strong>Ure</strong></span> <span class='ocrx_word' id='word_1_676' title='bbox 1527 1607 1602 1626; x_wconf 76' lang='lat' dir='ltr'><strong>renes</strong></span> <span class='ocrx_word' id='word_1_677' title='bbox 1633 1607 1704 1627; x_wconf 87' lang='lat' dir='ltr'><strong>meos</strong></span> <span class='ocrx_word' id='word_1_678' title='bbox 1737 1604 1762 1627; x_wconf 81' lang='lat' dir='ltr'><strong>et</strong></span> <span class='ocrx_word' id='word_1_679' title='bbox 1793 1608 1838 1627; x_wconf 87' lang='lat' dir='ltr'><strong>cor</strong></span> 
     </span>
    </p>
   </div>
   <div class='ocr_carea' id='block_1_90' title="bbox 1047 1645 1174 1672">
    <p class='ocr_par' dir='ltr' id='par_1_90' title="bbox 1047 1645 1174 1672">
     <span class='ocr_line' id='line_1_90' title="bbox 1047 1645 1174 1672; baseline 0.008 -2"><span class='ocrx_word' id='word_1_680' title='bbox 1047 1653 1133 1672; x_wconf 83' lang='lat' dir='ltr'><strong>meum</strong></span> <span class='ocrx_word' id='word_1_681' title='bbox 1141 1645 1174 1671; x_wconf 75' lang='lat'><strong>‘°.</strong></span> 
     </span>
    </p>
   </div>
   <div class='ocr_carea' id='block_1_91' title="bbox 1082 1733 1839 1770">
    <p class='ocr_par' dir='ltr' id='par_1_91' title="bbox 1082 1733 1839 1770">
     <span class='ocr_line' id='line_1_91' title="bbox 1082 1733 1839 1770; baseline 0.004 -10"><span class='ocrx_word' id='word_1_682' title='bbox 1082 1733 1115 1760; x_wconf 38' lang='grc' dir='ltr'><strong>ΧΑ</strong></span> <span class='ocrx_word' id='word_1_683' title='bbox 1131 1734 1181 1760; x_wconf 89' lang='lat' dir='ltr'><strong>llic</strong></span> <span class='ocrx_word' id='word_1_684' title='bbox 1196 1734 1266 1768; x_wconf 81' lang='lat' dir='ltr'><strong>ignis</strong></span> <span class='ocrx_word' id='word_1_685' title='bbox 1284 1741 1333 1761; x_wconf 88' lang='lat' dir='ltr'><strong>eor</strong></span> <span class='ocrx_word' id='word_1_686' title='bbox 1345 1733 1473 1769; x_wconf 67' lang='lat' dir='ltr'><strong>Cleophze</strong></span> <span class='ocrx_word' id='word_1_687' title='bbox 1497 1741 1530 1762; x_wconf 83' lang='lat' dir='ltr'><strong>ac</strong></span> <span class='ocrx_word' id='word_1_688' title='bbox 1553 1734 1621 1762; x_wconf 88' lang='lat' dir='ltr'><strong>socii</strong></span> <span class='ocrx_word' id='word_1_689' title='bbox 1643 1735 1704 1770; x_wconf 83' lang='lat' dir='ltr'><strong>ejus</strong></span> <span class='ocrx_word' id='word_1_690' title='bbox 1732 1735 1839 1763; x_wconf 81' lang='lat' dir='ltr'><strong>inﬂam-</strong></span> 
     </span>
    </p>
   </div>
   <div class='ocr_carea' id='block_1_92' title="bbox 1047 1779 1840 1816">
    <p class='ocr_par' dir='ltr' id='par_1_92' title="bbox 1047 1779 1840 1816">
     <span class='ocr_line' id='line_1_92' title="bbox 1047 1779 1840 1816; baseline 0.005 -10"><span class='ocrx_word' id='word_1_691' title='bbox 1047 1779 1149 1811; x_wconf 84' lang='lat' dir='ltr'><strong>mabat,</strong></span> <span class='ocrx_word' id='word_1_692' title='bbox 1160 1787 1223 1806; x_wconf 87' lang='lat' dir='ltr'><strong>cum</strong></span> <span class='ocrx_word' id='word_1_693' title='bbox 1243 1779 1405 1814; x_wconf 82' lang='lat' dir='ltr'><strong>loqueretur</strong></span> <span class='ocrx_word' id='word_1_694' title='bbox 1421 1779 1546 1807; x_wconf 86' lang='lat' dir='ltr'><strong>Salvator</strong></span> <span class='ocrx_word' id='word_1_695' title='bbox 1560 1788 1623 1807; x_wconf 88' lang='lat' dir='ltr'><strong>cum</strong></span> <span class='ocrx_word' id='word_1_696' title='bbox 1640 1780 1693 1807; x_wconf 80' lang='lat' dir='ltr'><strong>illis</strong></span> <span class='ocrx_word' id='word_1_697' title='bbox 1715 1785 1776 1816; x_wconf 83' lang='lat' dir='ltr'><strong>post</strong></span> <span class='ocrx_word' id='word_1_698' title='bbox 1797 1790 1840 1809; x_wconf 85' lang='lat' dir='ltr'><strong>re—</strong></span> 
     </span>
    </p>
   </div>
   <div class='ocr_carea' id='block_1_93' title="bbox 1047 1825 1839 1861">
    <p class='ocr_par' dir='ltr' id='par_1_93' title="bbox 1047 1825 1839 1861">
     <span class='ocr_line' id='line_1_93' title="bbox 1047 1825 1839 1861; baseline 0.004 -8"><span class='ocrx_word' id='word_1_699' title='bbox 1047 1825 1259 1853; x_wconf 86' lang='lat' dir='ltr'><strong>surrectionem.</strong></span> <span class='ocrx_word' id='word_1_700' title='bbox 1268 1825 1347 1854; x_wconf 88' lang='lat' dir='ltr'><strong>Unde</strong></span> <span class='ocrx_word' id='word_1_701' title='bbox 1355 1833 1465 1860; x_wconf 88' lang='lat' dir='ltr'><strong>quoque</strong></span> <span class='ocrx_word' id='word_1_702' title='bbox 1473 1826 1562 1861; x_wconf 79' lang='lat' dir='ltr'><strong>angeli</strong></span> <span class='ocrx_word' id='word_1_703' title='bbox 1573 1831 1600 1853; x_wconf 87' lang='lat' dir='ltr'><strong>et</strong></span> <span class='ocrx_word' id='word_1_704' title='bbox 1611 1827 1839 1856; x_wconf 88' lang='lat' dir='ltr'><strong>administratorii</strong></span> 
     </span>
    </p>
   </div>
   <div class='ocr_carea' id='block_1_94' title="bbox 1047 1869 1840 1905">
    <p class='ocr_par' dir='ltr' id='par_1_94' title="bbox 1047 1869 1840 1905">
     <span class='ocr_line' id='line_1_94' title="bbox 1047 1869 1840 1905; baseline 0.003 -8"><span class='ocrx_word' id='word_1_705' title='bbox 1047 1870 1161 1905; x_wconf 84' lang='lat' dir='ltr'><strong>spiritus</strong></span> <span class='ocrx_word' id='word_1_706' title='bbox 1184 1869 1322 1904; x_wconf 89' lang='lat' dir='ltr'><strong>splendidi</strong></span> <span class='ocrx_word' id='word_1_707' title='bbox 1346 1870 1429 1905; x_wconf 81' lang='lat' dir='ltr'><strong>hujus</strong></span> <span class='ocrx_word' id='word_1_708' title='bbox 1445 1870 1516 1905; x_wconf 76' lang='lat' dir='ltr'><strong>ignis</strong></span> <span class='ocrx_word' id='word_1_709' title='bbox 1538 1870 1687 1905; x_wconf 87' lang='lat' dir='ltr'><strong>participes</strong></span> <span class='ocrx_word' id='word_1_710' title='bbox 1701 1876 1776 1903; x_wconf 80' lang='lat' dir='ltr'><strong>sunt.</strong></span> <span class='ocrx_word' id='word_1_711' title='bbox 1795 1880 1840 1899; x_wconf 87' lang='lat' dir='ltr'><strong>se-</strong></span> 
     </span>
    </p>
   </div>
   <div class='ocr_carea' id='block_1_95' title="bbox 1048 1915 1839 1952">
    <p class='ocr_par' dir='ltr' id='par_1_95' title="bbox 1048 1915 1839 1952">
     <span class='ocr_line' id='line_1_95' title="bbox 1048 1915 1839 1952; baseline 0.001 -9"><span class='ocrx_word' id='word_1_712' title='bbox 1048 1915 1212 1943; x_wconf 70' lang='lat' dir='ltr'><strong>cundum&#39;id</strong></span> <span class='ocrx_word' id='word_1_713' title='bbox 1231 1916 1305 1951; x_wconf 90' lang='lat' dir='ltr'><strong>quod</strong></span> <span class='ocrx_word' id='word_1_714' title='bbox 1323 1915 1427 1943; x_wconf 84' lang='lat' dir='ltr'><strong>dictum</strong></span> <span class='ocrx_word' id='word_1_715' title='bbox 1441 1920 1500 1943; x_wconf 89' lang='lat' dir='ltr'><strong>est:</strong></span> <span class='ocrx_word' id='word_1_716' title='bbox 1517 1915 1569 1948; x_wconf 83' lang='lat' dir='ltr'><strong>Qui</strong></span> <span class='ocrx_word' id='word_1_717' title='bbox 1583 1916 1646 1950; x_wconf 79' lang='lat' dir='ltr'><strong>facit</strong></span> <span class='ocrx_word' id='word_1_718' title='bbox 1660 1916 1767 1950; x_wconf 78' lang='lat' dir='ltr'><strong>angelos</strong></span> <span class='ocrx_word' id='word_1_719' title='bbox 1781 1918 1839 1952; x_wconf 82' lang='lat' dir='ltr'><strong>ejus</strong></span> 
     </span>
    </p>
   </div>
   <div class='ocr_carea' id='block_1_96' title="bbox 1046 1961 1841 1997">
    <p class='ocr_par' dir='ltr' id='par_1_96' title="bbox 1046 1961 1841 1997">
     <span class='ocr_line' id='line_1_96' title="bbox 1046 1961 1841 1997; baseline 0.003 -9"><span class='ocrx_word' id='word_1_720' title='bbox 1046 1961 1171 1997; x_wconf 80' lang='lat' dir='ltr'><strong>spiritus,</strong></span> <span class='ocrx_word' id='word_1_721' title='bbox 1194 1965 1219 1988; x_wconf 88' lang='lat' dir='ltr'><strong>et</strong></span> <span class='ocrx_word' id='word_1_722' title='bbox 1237 1962 1372 1989; x_wconf 80' lang='lat' dir='ltr'><strong>ministros</strong></span> <span class='ocrx_word' id='word_1_723' title='bbox 1394 1969 1455 1988; x_wconf 81' lang='lat' dir='ltr'><strong>suos</strong></span> <span class='ocrx_word' id='word_1_724' title='bbox 1475 1963 1563 1997; x_wconf 81' lang='lat' dir='ltr'><strong>ignem</strong></span> <span class='ocrx_word' id='word_1_725' title='bbox 1586 1963 1722 1990; x_wconf 84' lang='lat' dir='ltr'><strong>ardentem</strong></span> <span class='ocrx_word' id='word_1_726' title='bbox 1739 1964 1773 1989; x_wconf 68' lang='grc' dir='ltr'><strong>δι.</strong></span> <span class='ocrx_word' id='word_1_727' title='bbox 1790 1963 1841 1991; x_wconf 85' lang='lat' dir='ltr'><strong>Hic</strong></span> 
     </span>
    </p>
   </div>
   <div class='ocr_carea' id='block_1_97' title="bbox 1047 2007 1840 2044">
    <p class='ocr_par' dir='ltr' id='par_1_97' title="bbox 1047 2007 1840 2044">
     <span class='ocr_line' id='line_1_97' title="bbox 1047 2007 1840 2044; baseline 0.001 -9"><span class='ocrx_word' id='word_1_728' title='bbox 1047 2008 1130 2044; x_wconf 75' lang='lat' dir='ltr'><strong>ignis,</strong></span> <span class='ocrx_word' id='word_1_729' title='bbox 1149 2007 1256 2035; x_wconf 90' lang='lat' dir='ltr'><strong>trabem</strong></span> <span class='ocrx_word' id='word_1_730' title='bbox 1281 2007 1422 2034; x_wconf 87' lang='lat' dir='ltr'><strong>interioris</strong></span> <span class='ocrx_word' id='word_1_731' title='bbox 1446 2007 1519 2035; x_wconf 90' lang='lat' dir='ltr'><strong>oculi</strong></span> <span class='ocrx_word' id='word_1_732' title='bbox 1539 2014 1718 2040; x_wconf 85' lang='lat' dir='ltr'><strong>consumens,</strong></span> <span class='ocrx_word' id='word_1_733' title='bbox 1739 2016 1840 2044; x_wconf 91' lang='lat' dir='ltr'><strong>purum</strong></span> 
     </span>
    </p>
   </div>
   <div class='ocr_carea' id='block_1_98' title="bbox 1049 2053 1841 2088">
    <p class='ocr_par' dir='ltr' id='par_1_98' title="bbox 1049 2053 1841 2088">
     <span class='ocr_line' id='line_1_98' title="bbox 1049 2053 1841 2088; baseline 0 -6"><span class='ocrx_word' id='word_1_734' title='bbox 1049 2054 1140 2082; x_wconf 87' lang='lat' dir='ltr'><strong>reddit</strong></span> <span class='ocrx_word' id='word_1_735' title='bbox 1155 2054 1289 2086; x_wconf 92' lang='lat' dir='ltr'><strong>animum,</strong></span> <span class='ocrx_word' id='word_1_736' title='bbox 1307 2057 1346 2086; x_wconf 88' lang='lat' dir='ltr'><strong>ut,</strong></span> <span class='ocrx_word' id='word_1_737' title='bbox 1373 2057 1486 2088; x_wconf 84' lang='lat' dir='ltr'><strong>recepta</strong></span> <span class='ocrx_word' id='word_1_738' title='bbox 1509 2053 1627 2081; x_wconf 84' lang='lat' dir='ltr'><strong>naturali</strong></span> <span class='ocrx_word' id='word_1_739' title='bbox 1652 2053 1781 2082; x_wconf 82' lang='lat' dir='ltr'><strong>facultate</strong></span> <span class='ocrx_word' id='word_1_740' title='bbox 1798 2055 1841 2082; x_wconf 76' lang='lat' dir='ltr'><strong>\‘i-</strong></span> 
     </span>
    </p>
   </div>
   <div class='ocr_carea' id='block_1_99' title="bbox 1049 2099 1841 2135">
    <p class='ocr_par' dir='ltr' id='par_1_99' title="bbox 1049 2099 1841 2135">
     <span class='ocr_line' id='line_1_99' title="bbox 1049 2099 1841 2135; baseline 0 -7"><span class='ocrx_word' id='word_1_741' title='bbox 1049 2100 1144 2133; x_wconf 90' lang='lat' dir='ltr'><strong>dendi,</strong></span> <span class='ocrx_word' id='word_1_742' title='bbox 1155 2099 1306 2135; x_wconf 87' lang='lat' dir='ltr'><strong>conspiciat</strong></span> <span class='ocrx_word' id='word_1_743' title='bbox 1317 2103 1451 2134; x_wconf 86' lang='lat' dir='ltr'><strong>perpetuo</strong></span> <span class='ocrx_word' id='word_1_744' title='bbox 1465 2099 1603 2127; x_wconf 87' lang='lat' dir='ltr'><strong>mirabilia</strong></span> <span class='ocrx_word' id='word_1_745' title='bbox 1615 2099 1675 2132; x_wconf 87' lang='lat' dir='ltr'><strong>Dei,</strong></span> <span class='ocrx_word' id='word_1_746' title='bbox 1687 2100 1841 2128; x_wconf 86' lang='lat' dir='ltr'><strong>secundum</strong></span> 
     </span>
    </p>
   </div>
   <div class='ocr_carea' id='block_1_100' title="bbox 1049 2145 1842 2181">
    <p class='ocr_par' dir='ltr' id='par_1_100' title="bbox 1049 2145 1842 2181">
     <span class='ocr_line' id='line_1_100' title="bbox 1049 2145 1842 2181; baseline 0 -7"><span class='ocrx_word' id='word_1_747' title='bbox 1049 2154 1112 2174; x_wconf 92' lang='lat' dir='ltr'><strong>eum</strong></span> <span class='ocrx_word' id='word_1_748' title='bbox 1125 2146 1173 2181; x_wconf 88' lang='lat' dir='ltr'><strong>qui</strong></span> <span class='ocrx_word' id='word_1_749' title='bbox 1185 2146 1294 2181; x_wconf 84' lang='lat' dir='ltr'><strong>inquit:</strong></span> <span class='ocrx_word' id='word_1_750' title='bbox 1311 2145 1407 2173; x_wconf 76' lang='lat' dir='ltr'><strong>Revela</strong></span> <span class='ocrx_word' id='word_1_751' title='bbox 1426 2146 1514 2174; x_wconf 80' lang='lat' dir='ltr'><strong>oculos</strong></span> <span class='ocrx_word' id='word_1_752' title='bbox 1535 2154 1614 2178; x_wconf 82' lang='lat' dir='ltr'><strong>meos,</strong></span> <span class='ocrx_word' id='word_1_753' title='bbox 1627 2150 1652 2172; x_wconf 84' lang='lat' dir='ltr'><strong>et</strong></span> <span class='ocrx_word' id='word_1_754' title='bbox 1672 2147 1842 2174; x_wconf 73' lang='lat' dir='ltr'><strong>considerabo</strong></span> 
     </span>
    </p>
   </div>
   <div class='ocr_carea' id='block_1_101' title="bbox 1051 2191 1842 2227">
    <p class='ocr_par' dir='ltr' id='par_1_101' title="bbox 1051 2191 1842 2227">
     <span class='ocr_line' id='line_1_101' title="bbox 1051 2191 1842 2227; baseline -0.001 -7"><span class='ocrx_word' id='word_1_755' title='bbox 1051 2192 1184 2220; x_wconf 78' lang='lat' dir='ltr'><strong>mirabilia</strong></span> <span class='ocrx_word' id='word_1_756' title='bbox 1206 2192 1238 2219; x_wconf 78' lang='lat' dir='ltr'><strong>de</strong></span> <span class='ocrx_word' id='word_1_757' title='bbox 1260 2191 1316 2227; x_wconf 81' lang='lat' dir='ltr'><strong>lege</strong></span> <span class='ocrx_word' id='word_1_758' title='bbox 1333 2195 1380 2219; x_wconf 87' lang='lat' dir='ltr'><strong>tua</strong></span> <span class='ocrx_word' id='word_1_759' title='bbox 1389 2191 1421 2218; x_wconf 81' lang='grc'><strong>⁸².</strong></span> <span class='ocrx_word' id='word_1_760' title='bbox 1434 2191 1485 2220; x_wconf 83' lang='lat' dir='ltr'><strong>llic</strong></span> <span class='ocrx_word' id='word_1_761' title='bbox 1497 2192 1590 2227; x_wconf 84' lang='lat' dir='ltr'><strong>itaque</strong></span> <span class='ocrx_word' id='word_1_762' title='bbox 1608 2192 1680 2227; x_wconf 72' lang='lat' dir='ltr'><strong>ignis</strong></span> <span class='ocrx_word' id='word_1_763' title='bbox 1695 2192 1768 2227; x_wconf 72' lang='lat' dir='ltr'><strong>fugat</strong></span> <span class='ocrx_word' id='word_1_764' title='bbox 1785 2193 1842 2220; x_wconf 67' lang='lat' dir='ltr'><strong>dm-</strong></span> 
     </span>
    </p>
   </div>
   <div class='ocr_carea' id='block_1_102' title="bbox 1052 2238 1843 2273">
    <p class='ocr_par' dir='ltr' id='par_1_102' title="bbox 1052 2238 1843 2273">
     <span class='ocr_line' id='line_1_102' title="bbox 1052 2238 1843 2273; baseline 0.001 -8"><span class='ocrx_word' id='word_1_765' title='bbox 1052 2246 1159 2271; x_wconf 89' lang='lat' dir='ltr'><strong>mones,</strong></span> <span class='ocrx_word' id='word_1_766' title='bbox 1176 2238 1247 2265; x_wconf 89' lang='lat' dir='ltr'><strong>tollit</strong></span> <span class='ocrx_word' id='word_1_767' title='bbox 1263 2242 1386 2273; x_wconf 84' lang='lat' dir='ltr'><strong>peccata,</strong></span> <span class='ocrx_word' id='word_1_768' title='bbox 1404 2238 1587 2266; x_wconf 86' lang='lat' dir='ltr'><strong>resuscitandi</strong></span> <span class='ocrx_word' id='word_1_769' title='bbox 1606 2239 1661 2265; x_wconf 88' lang='lat' dir='ltr'><strong>vim</strong></span> <span class='ocrx_word' id='word_1_770' title='bbox 1678 2239 1779 2271; x_wconf 85' lang='lat' dir='ltr'><strong>habet;</strong></span> <span class='ocrx_word' id='word_1_771' title='bbox 1797 2239 1843 2266; x_wconf 85' lang='lat' dir='ltr'><strong>hic</strong></span> 
     </span>
    </p>
   </div>
   <div class='ocr_carea' id='block_1_103' title="bbox 1050 2285 1843 2319">
    <p class='ocr_par' dir='ltr' id='par_1_103' title="bbox 1050 2285 1843 2319">
     <span class='ocr_line' id='line_1_103' title="bbox 1050 2285 1843 2319; baseline -0.001 -7"><span class='ocrx_word' id='word_1_772' title='bbox 1050 2285 1287 2312; x_wconf 85' lang='lat' dir='ltr'><strong>immortalitatem</strong></span> <span class='ocrx_word' id='word_1_773' title='bbox 1311 2289 1452 2319; x_wconf 84' lang='lat' dir='ltr'><strong>operatur.</strong></span> <span class='ocrx_word' id='word_1_774' title='bbox 1475 2288 1585 2311; x_wconf 83' lang='lat' dir='ltr'><strong>sanctas</strong></span> <span class='ocrx_word' id='word_1_775' title='bbox 1609 2285 1714 2312; x_wconf 84' lang='lat' dir='ltr'><strong>animas</strong></span> <span class='ocrx_word' id='word_1_776' title='bbox 1739 2285 1843 2311; x_wconf 87' lang='lat' dir='ltr'><strong>illumi-</strong></span> 
     </span>
    </p>
   </div>
   <div class='ocr_carea' id='block_1_104' title="bbox 1049 2329 1842 2365">
    <p class='ocr_par' dir='ltr' id='par_1_104' title="bbox 1049 2329 1842 2365">
     <span class='ocr_line' id='line_1_104' title="bbox 1049 2329 1842 2365; baseline -0.001 -8"><span class='ocrx_word' id='word_1_777' title='bbox 1049 2334 1107 2362; x_wconf 87' lang='lat' dir='ltr'><strong>nat,</strong></span> <span class='ocrx_word' id='word_1_778' title='bbox 1131 2334 1159 2357; x_wconf 90' lang='lat' dir='ltr'><strong>et</strong></span> <span class='ocrx_word' id='word_1_779' title='bbox 1185 2329 1329 2357; x_wconf 86' lang='lat' dir='ltr'><strong>facultates</strong></span> <span class='ocrx_word' id='word_1_780' title='bbox 1356 2329 1503 2357; x_wconf 84' lang='lat' dir='ltr'><strong>rationales</strong></span> <span class='ocrx_word' id='word_1_781' title='bbox 1522 2329 1623 2357; x_wconf 86' lang='lat' dir='ltr'><strong>firmat.</strong></span> <span class='ocrx_word' id='word_1_782' title='bbox 1649 2329 1726 2357; x_wconf 87' lang='lat' dir='ltr'><strong>llunc</strong></span> <span class='ocrx_word' id='word_1_783' title='bbox 1750 2330 1842 2365; x_wconf 80' lang='lat' dir='ltr'><strong>ignem</strong></span> 
     </span>
    </p>
   </div>
   <div class='ocr_carea' id='block_1_105' title="bbox 1050 2377 1846 2412">
    <p class='ocr_par' dir='ltr' id='par_1_105' title="bbox 1050 2377 1846 2412">
     <span class='ocr_line' id='line_1_105' title="bbox 1050 2377 1846 2412; baseline -0.001 -7"><span class='ocrx_word' id='word_1_784' title='bbox 1050 2377 1228 2405; x_wconf 82' lang='lat' dir='ltr'><strong>Obsecremus</strong></span> <span class='ocrx_word' id='word_1_785' title='bbox 1241 2377 1274 2404; x_wconf 81' lang='lat' dir='ltr'><strong>ad</strong></span> <span class='ocrx_word' id='word_1_786' title='bbox 1290 2384 1342 2403; x_wconf 86' lang='lat' dir='ltr'><strong>nos</strong></span> <span class='ocrx_word' id='word_1_787' title='bbox 1354 2384 1464 2411; x_wconf 89' lang='lat' dir='ltr'><strong>quoque</strong></span> <span class='ocrx_word' id='word_1_788' title='bbox 1478 2377 1635 2412; x_wconf 85' lang='lat' dir='ltr'><strong>pervenire,</strong></span> <span class='ocrx_word' id='word_1_789' title='bbox 1651 2381 1690 2408; x_wconf 89' lang='lat' dir='ltr'><strong>ut,</strong></span> <span class='ocrx_word' id='word_1_790' title='bbox 1708 2380 1846 2411; x_wconf 89' lang='lat' dir='ltr'><strong>perpetuo</strong></span> 
     </span>
    </p>
   </div>
   <div class='ocr_carea' id='block_1_106' title="bbox 1050 2422 1843 2456">
    <p class='ocr_par' dir='ltr' id='par_1_106' title="bbox 1050 2422 1843 2456">
     <span class='ocr_line' id='line_1_106' title="bbox 1050 2422 1843 2456; baseline -0.001 -6"><span class='ocrx_word' id='word_1_791' title='bbox 1050 2423 1078 2450; x_wconf 89' lang='lat' dir='ltr'><strong>in</strong></span> <span class='ocrx_word' id='word_1_792' title='bbox 1095 2423 1200 2450; x_wconf 87' lang='lat' dir='ltr'><strong>lumine</strong></span> <span class='ocrx_word' id='word_1_793' title='bbox 1222 2422 1406 2454; x_wconf 87' lang='lat' dir='ltr'><strong>ambulantes,</strong></span> <span class='ocrx_word' id='word_1_794' title='bbox 1429 2429 1572 2456; x_wconf 86' lang='lat' dir='ltr'><strong>nunquam</strong></span> <span class='ocrx_word' id='word_1_795' title='bbox 1594 2422 1636 2449; x_wconf 90' lang='lat' dir='ltr'><strong>vel</strong></span> <span class='ocrx_word' id='word_1_796' title='bbox 1652 2422 1784 2456; x_wconf 83' lang='lat' dir='ltr'><strong>tantisper</strong></span> <span class='ocrx_word' id='word_1_797' title='bbox 1800 2422 1843 2449; x_wconf 88' lang='lat' dir='ltr'><strong>of-</strong></span> 
     </span>
    </p>
   </div>
   <div class='ocr_carea' id='block_1_107' title="bbox 1053 2468 1844 2503">
    <p class='ocr_par' dir='ltr' id='par_1_107' title="bbox 1053 2468 1844 2503">
     <span class='ocr_line' id='line_1_107' title="bbox 1053 2468 1844 2503; baseline -0.001 -7"><span class='ocrx_word' id='word_1_798' title='bbox 1053 2469 1197 2496; x_wconf 87' lang='lat' dir='ltr'><strong>fendamus</strong></span> <span class='ocrx_word' id='word_1_799' title='bbox 1215 2469 1248 2496; x_wconf 88' lang='lat' dir='ltr'><strong>ad</strong></span> <span class='ocrx_word' id='word_1_800' title='bbox 1269 2468 1387 2503; x_wconf 89' lang='lat' dir='ltr'><strong>lapidem</strong></span> <span class='ocrx_word' id='word_1_801' title='bbox 1403 2468 1487 2503; x_wconf 87' lang='lat' dir='ltr'><strong>pedes</strong></span> <span class='ocrx_word' id='word_1_802' title='bbox 1509 2473 1629 2498; x_wconf 88' lang='lat' dir='ltr'><strong>nostros.</strong></span> <span class='ocrx_word' id='word_1_803' title='bbox 1644 2468 1691 2495; x_wconf 89' lang='lat' dir='ltr'><strong>sed</strong></span> <span class='ocrx_word' id='word_1_804' title='bbox 1710 2468 1785 2495; x_wconf 90' lang='lat' dir='ltr'><strong>velut</strong></span> <span class='ocrx_word' id='word_1_805' title='bbox 1802 2469 1844 2495; x_wconf 88' lang='lat' dir='ltr'><strong>lu-</strong></span> 
     </span>
    </p>
   </div>
   <div class='ocr_carea' id='block_1_108' title="bbox 1052 2513 1844 2549">
    <p class='ocr_par' dir='ltr' id='par_1_108' title="bbox 1052 2513 1844 2549">
     <span class='ocr_line' id='line_1_108' title="bbox 1052 2513 1844 2549; baseline -0.001 -7"><span class='ocrx_word' id='word_1_806' title='bbox 1052 2514 1168 2542; x_wconf 86' lang='lat' dir='ltr'><strong>minaria</strong></span> <span class='ocrx_word' id='word_1_807' title='bbox 1182 2514 1209 2542; x_wconf 92' lang='lat' dir='ltr'><strong>in</strong></span> <span class='ocrx_word' id='word_1_808' title='bbox 1223 2514 1326 2542; x_wconf 89' lang='lat' dir='ltr'><strong>mundo</strong></span> <span class='ocrx_word' id='word_1_809' title='bbox 1342 2514 1512 2549; x_wconf 86' lang='lat' dir='ltr'><strong>apparentia,</strong></span> <span class='ocrx_word' id='word_1_810' title='bbox 1526 2513 1642 2540; x_wconf 87' lang='lat' dir='ltr'><strong>verbum</strong></span> <span class='ocrx_word' id='word_1_811' title='bbox 1657 2518 1768 2541; x_wconf 66' lang='lat' dir='ltr'><strong>aeterna:</strong></span> <span class='ocrx_word' id='word_1_812' title='bbox 1778 2514 1844 2542; x_wconf 72' lang='lat' dir='ltr'><strong>vitae</strong></span> 
     </span>
    </p>
   </div>
   <div class='ocr_carea' id='block_1_109' title="bbox 1051 2559 1843 2593">
    <p class='ocr_par' dir='ltr' id='par_1_109' title="bbox 1051 2559 1843 2593">
     <span class='ocr_line' id='line_1_109' title="bbox 1051 2559 1843 2593; baseline -0.001 -5"><span class='ocrx_word' id='word_1_813' title='bbox 1051 2561 1230 2593; x_wconf 87' lang='lat' dir='ltr'><strong>retineamus,</strong></span> <span class='ocrx_word' id='word_1_814' title='bbox 1241 2560 1372 2592; x_wconf 83' lang='lat' dir='ltr'><strong>ut,bonis</strong></span> <span class='ocrx_word' id='word_1_815' title='bbox 1387 2559 1490 2587; x_wconf 86' lang='lat' dir='ltr'><strong>divinis</strong></span> <span class='ocrx_word' id='word_1_816' title='bbox 1504 2559 1637 2591; x_wconf 79' lang='lat' dir='ltr'><strong>fruentes,</strong></span> <span class='ocrx_word' id='word_1_817' title='bbox 1647 2567 1710 2587; x_wconf 93' lang='lat' dir='ltr'><strong>cum</strong></span> <span class='ocrx_word' id='word_1_818' title='bbox 1726 2560 1843 2587; x_wconf 89' lang='lat' dir='ltr'><strong>Domino</strong></span> 
     </span>
    </p>
   </div>
   <div class='ocr_carea' id='block_1_110' title="bbox 1051 2605 1844 2641">
    <p class='ocr_par' dir='ltr' id='par_1_110' title="bbox 1051 2605 1844 2641">
     <span class='ocr_line' id='line_1_110' title="bbox 1051 2605 1844 2641; baseline -0.003 -7"><span class='ocrx_word' id='word_1_819' title='bbox 1051 2608 1079 2635; x_wconf 89' lang='lat' dir='ltr'><strong>in</strong></span> <span class='ocrx_word' id='word_1_820' title='bbox 1100 2607 1156 2635; x_wconf 86' lang='lat' dir='ltr'><strong>vita</strong></span> <span class='ocrx_word' id='word_1_821' title='bbox 1175 2606 1392 2641; x_wconf 86' lang='lat' dir='ltr'><strong>requiescamus,</strong></span> <span class='ocrx_word' id='word_1_822' title='bbox 1405 2605 1592 2641; x_wconf 72' lang='lat' dir='ltr'><strong>gloriﬁcantes</strong></span> <span class='ocrx_word' id='word_1_823' title='bbox 1610 2605 1731 2637; x_wconf 85' lang='lat' dir='ltr'><strong>Patrem,</strong></span> <span class='ocrx_word' id='word_1_824' title='bbox 1747 2611 1777 2634; x_wconf 83' lang='lat' dir='ltr'><strong>et</strong></span> <span class='ocrx_word' id='word_1_825' title='bbox 1798 2606 1844 2633; x_wconf 85' lang='lat' dir='ltr'><strong>Fi-</strong></span> 
     </span>
    </p>
   </div>
   <div class='ocr_carea' id='block_1_111' title="bbox 1051 2648 1844 2686">
    <p class='ocr_par' dir='ltr' id='par_1_111' title="bbox 1051 2648 1844 2686">
     <span class='ocr_line' id='line_1_111' title="bbox 1051 2648 1844 2686; baseline -0.005 -7"><span class='ocrx_word' id='word_1_826' title='bbox 1051 2652 1139 2684; x_wconf 92' lang='lat' dir='ltr'><strong>lium,</strong></span> <span class='ocrx_word' id='word_1_827' title='bbox 1160 2656 1188 2679; x_wconf 89' lang='lat' dir='ltr'><strong>et</strong></span> <span class='ocrx_word' id='word_1_828' title='bbox 1215 2650 1349 2686; x_wconf 89' lang='lat' dir='ltr'><strong>Spiritum</strong></span> <span class='ocrx_word' id='word_1_829' title='bbox 1377 2653 1501 2678; x_wconf 83' lang='lat' dir='ltr'><strong>sanctum</strong></span> <span class='ocrx_word' id='word_1_830' title='bbox 1516 2669 1523 2682; x_wconf 86' lang='lat'><strong>,</strong></span> <span class='ocrx_word' id='word_1_831' title='bbox 1558 2648 1603 2677; x_wconf 85' lang='lat' dir='ltr'><strong>cui</strong></span> <span class='ocrx_word' id='word_1_832' title='bbox 1624 2649 1712 2684; x_wconf 75' lang='lat' dir='ltr'><strong>gloria</strong></span> <span class='ocrx_word' id='word_1_833' title='bbox 1739 2649 1767 2676; x_wconf 92' lang='lat' dir='ltr'><strong>in</strong></span> <span class='ocrx_word' id='word_1_834' title='bbox 1790 2656 1844 2676; x_wconf 52' lang='lat' dir='ltr'><strong>sas.</strong></span> 
     </span>
    </p>
   </div>
   <div class='ocr_carea' id='block_1_112' title="bbox 1052 2697 1243 2726">
    <p class='ocr_par' dir='ltr' id='par_1_112' title="bbox 1052 2697 1243 2726">
     <span class='ocr_line' id='line_1_112' title="bbox 1052 2697 1243 2726; baseline -0.01 0"><span class='ocrx_word' id='word_1_835' title='bbox 1052 2699 1123 2726; x_wconf 78' lang='lat' dir='ltr'><strong>cula.</strong></span> <span class='ocrx_word' id='word_1_836' title='bbox 1145 2697 1243 2725; x_wconf 84' lang='lat' dir='ltr'><strong>Amen.</strong></span> 
     </span>
    </p>
   </div>
   <div class='ocr_carea' id='block_1_113' title="bbox 206 2739 1183 2779">
    <p class='ocr_par' dir='ltr' id='par_1_113' title="bbox 206 2739 1183 2779">
     <span class='ocr_line' id='line_1_113' title="bbox 206 2739 1183 2779; baseline 0.001 -10"><span class='ocrx_word' id='word_1_837' title='bbox 206 2742 256 2770; x_wconf 76' lang='grc' dir='ltr'>καὶ</span> <span class='ocrx_word' id='word_1_838' title='bbox 268 2742 343 2776; x_wconf 82' lang='grc' dir='ltr'>Υίὺν,</span> <span class='ocrx_word' id='word_1_839' title='bbox 370 2743 418 2770; x_wconf 81' lang='grc' dir='ltr'>καὶ</span> <span class='ocrx_word' id='word_1_840' title='bbox 431 2742 511 2777; x_wconf 73' lang='grc' dir='ltr'>ἅγιον</span> <span class='ocrx_word' id='word_1_841' title='bbox 534 2742 647 2778; x_wconf 87' lang='grc' dir='ltr'>Πνεῦμα</span> <span class='ocrx_word' id='word_1_842' title='bbox 672 2739 695 2777; x_wconf 82' lang='grc' dir='ltr'>ᾧ</span> <span class='ocrx_word' id='word_1_843' title='bbox 710 2743 798 2779; x_wconf 82' lang='grc' dir='ltr'>ήδόξα</span> <span class='ocrx_word' id='word_1_844' title='bbox 821 2744 862 2776; x_wconf 86' lang='grc' dir='ltr'><strong>είς</strong></span> <span class='ocrx_word' id='word_1_845' title='bbox 871 2744 935 2777; x_wconf 82' lang='grc' dir='ltr'>τοὺς</span> <span class='ocrx_word' id='word_1_846' title='bbox 948 2745 1061 2776; x_wconf 73' lang='grc' dir='ltr'>αἰῶνας,</span> <span class='ocrx_word' id='word_1_847' title='bbox 1085 2742 1183 2778; x_wconf 81' lang='grc' dir='ltr'>Ἀμήν.</span> 
     </span>
    </p>
   </div>
   <div class='ocr_carea' id='block_1_114' title="bbox 255 2809 725 2842">
    <p class='ocr_par' dir='ltr' id='par_1_114' title="bbox 255 2809 725 2842">
     <span class='ocr_line' id='line_1_114' title="bbox 255 2809 725 2842; baseline 0.006 -6"><span class='ocrx_word' id='word_1_848' title='bbox 255 2809 278 2825; x_wconf 80' lang='grc'><strong>⁸⁸</strong></span> <span class='ocrx_word' id='word_1_849' title='bbox 292 2809 358 2837; x_wconf 85' lang='lat' dir='ltr'><strong>Luc.</strong></span> <span class='ocrx_word' id='word_1_850' title='bbox 373 2818 400 2842; x_wconf 69' lang='grc' dir='ltr'><strong>ι,</strong></span> <span class='ocrx_word' id='word_1_851' title='bbox 413 2810 457 2837; x_wconf 67' lang='grc'><strong>42.</strong></span> <span class='ocrx_word' id='word_1_852' title='bbox 496 2810 519 2827; x_wconf 78' lang='grc'><strong>⁸⁵</strong></span> <span class='ocrx_word' id='word_1_853' title='bbox 535 2809 602 2838; x_wconf 91' lang='lat' dir='ltr'><strong>Luc.</strong></span> <span class='ocrx_word' id='word_1_854' title='bbox 616 2819 664 2841; x_wconf 84' lang='lat' dir='ltr'><strong>xu,</strong></span> <span class='ocrx_word' id='word_1_855' title='bbox 681 2811 725 2839; x_wconf 70' lang='grc' dir='ltr'>ιο.</span> 
     </span>
    </p>
   </div>
   <div class='ocr_carea' id='block_1_115' title="bbox 208 2844 756 2881">
    <p class='ocr_par' dir='ltr' id='par_1_115' title="bbox 208 2844 756 2881">
     <span class='ocr_line' id='line_1_115' title="bbox 208 2844 756 2881; baseline 0.004 -9"><span class='ocrx_word' id='word_1_856' title='bbox 208 2844 230 2860; x_wconf 78' lang='grc'><strong>⁸⁷</strong></span> <span class='ocrx_word' id='word_1_857' title='bbox 245 2844 305 2881; x_wconf 78' lang='lat' dir='ltr'><strong>Act.</strong></span> <span class='ocrx_word' id='word_1_858' title='bbox 326 2853 363 2881; x_wconf 66' lang='lat' dir='ltr'><strong>ix,</strong></span> <span class='ocrx_word' id='word_1_859' title='bbox 380 2846 397 2872; x_wconf 77' lang='grc'><strong>5</strong></span> <span class='ocrx_word' id='word_1_860' title='bbox 411 2853 470 2881; x_wconf 86' lang='lat' dir='ltr'><strong>seq.</strong></span> <span class='ocrx_word' id='word_1_861' title='bbox 535 2845 557 2861; x_wconf 79' lang='grc'>⁸⁸</span> <span class='ocrx_word' id='word_1_862' title='bbox 575 2846 660 2873; x_wconf 87' lang='lat' dir='ltr'><strong>Exod.</strong></span> <span class='ocrx_word' id='word_1_863' title='bbox 675 2854 713 2878; x_wconf 83' lang='lat' dir='ltr'><strong>ill,</strong></span> <span class='ocrx_word' id='word_1_864' title='bbox 729 2847 756 2874; x_wconf 92' lang='lat'><strong>2.</strong></span> 
     </span>
    </p>
   </div>
   <div class='ocr_carea' id='block_1_116' title="bbox 207 2880 811 2916">
    <p class='ocr_par' dir='ltr' id='par_1_116' title="bbox 207 2880 811 2916">
     <span class='ocr_line' id='line_1_116' title="bbox 207 2880 811 2916; baseline 0.002 -8"><span class='ocrx_word' id='word_1_865' title='bbox 207 2887 263 2914; x_wconf 77' lang='lat' dir='ltr'><strong>CIV,</strong></span> <span class='ocrx_word' id='word_1_866' title='bbox 277 2880 313 2913; x_wconf 66' lang='lat'><strong>4&#39;,</strong></span> <span class='ocrx_word' id='word_1_867' title='bbox 333 2880 417 2908; x_wconf 80' lang='lat' dir='ltr'><strong>l-lebr.</strong></span> <span class='ocrx_word' id='word_1_868' title='bbox 432 2880 493 2912; x_wconf 22' lang='lat'><strong>1,77.</strong></span> <span class='ocrx_word' id='word_1_869' title='bbox 533 2881 555 2897; x_wconf 84' lang='lat'><strong>&quot;</strong></span> <span class='ocrx_word' id='word_1_870' title='bbox 574 2881 646 2909; x_wconf 87' lang='lat' dir='ltr'><strong>Psal.</strong></span> <span class='ocrx_word' id='word_1_871' title='bbox 660 2889 751 2916; x_wconf 77' lang='lat' dir='ltr'><strong>cxvm,</strong></span> <span class='ocrx_word' id='word_1_872' title='bbox 768 2883 811 2910; x_wconf 78' lang='grc'><strong>18.</strong></span> 
     </span>
    </p>
   </div>
   <div class='ocr_carea' id='block_1_117' title="bbox 371 2928 738 2961">
    <p class='ocr_par' dir='ltr' id='par_1_117' title="bbox 371 2928 738 2961">
     <span class='ocr_line' id='line_1_117' title="bbox 371 2928 738 2961; baseline 0.008 -4"><span class='ocrx_word' id='word_1_873' title='bbox 371 2928 508 2959; x_wconf 60' lang='grc' dir='ltr'>ΡΑΤιιοιτ.</span> <span class='ocrx_word' id='word_1_874' title='bbox 526 2930 584 2961; x_wconf 79' lang='lat' dir='ltr'><strong>Gn.</strong></span> <span class='ocrx_word' id='word_1_875' title='bbox 602 2929 738 2960; x_wconf 71' lang='lat' dir='ltr'><strong>XXXIV.</strong></span> 
     </span>
    </p>
   </div>
   <div class='ocr_carea' id='block_1_118' title="bbox 781 2809 1562 2844">
    <p class='ocr_par' dir='ltr' id='par_1_118' title="bbox 781 2809 1562 2844">
     <span class='ocr_line' id='line_1_118' title="bbox 781 2809 1562 2844; baseline -0.005 -4"><span class='ocrx_word' id='word_1_876' title='bbox 781 2811 804 2828; x_wconf 67' lang='lat'><strong>&quot;</strong></span> <span class='ocrx_word' id='word_1_877' title='bbox 820 2812 900 2840; x_wconf 87' lang='lat' dir='ltr'><strong>Deut.</strong></span> <span class='ocrx_word' id='word_1_878' title='bbox 917 2820 954 2844; x_wconf 86' lang='lat' dir='ltr'><strong>Iv,</strong></span> <span class='ocrx_word' id='word_1_879' title='bbox 980 2812 1035 2844; x_wconf 73' lang='lat'><strong>24;</strong></span> <span class='ocrx_word' id='word_1_880' title='bbox 1063 2811 1146 2839; x_wconf 90' lang='lat' dir='ltr'><strong>llebr.</strong></span> <span class='ocrx_word' id='word_1_881' title='bbox 1179 2818 1227 2842; x_wconf 82' lang='lat' dir='ltr'><strong>xu,</strong></span> <span class='ocrx_word' id='word_1_882' title='bbox 1255 2810 1310 2843; x_wconf 88' lang='lat'><strong>29;</strong></span> <span class='ocrx_word' id='word_1_883' title='bbox 1328 2809 1350 2836; x_wconf 96' lang='lat' dir='ltr'><strong>ll</strong></span> <span class='ocrx_word' id='word_1_884' title='bbox 1377 2809 1475 2838; x_wconf 86' lang='lat' dir='ltr'><strong>Thess.</strong></span> <span class='ocrx_word' id='word_1_885' title='bbox 1492 2818 1510 2842; x_wconf 86' lang='lat' dir='ltr'><strong>I,</strong></span> <span class='ocrx_word' id='word_1_886' title='bbox 1535 2809 1562 2837; x_wconf 87' lang='lat'><strong>8.</strong></span> 
     </span>
    </p>
   </div>
   <div class='ocr_carea' id='block_1_119' title="bbox 826 2844 1078 2883">
    <p class='ocr_par' dir='ltr' id='par_1_119' title="bbox 826 2844 1078 2883">
     <span class='ocr_line' id='line_1_119' title="bbox 826 2844 1078 2883; baseline -0.008 -8"><span class='ocrx_word' id='word_1_887' title='bbox 826 2847 848 2864; x_wconf 65' lang='grc' dir='ltr'><strong>δ’</strong></span> <span class='ocrx_word' id='word_1_888' title='bbox 863 2844 885 2875; x_wconf 88' lang='lat' dir='ltr'><strong>ll</strong></span> <span class='ocrx_word' id='word_1_889' title='bbox 902 2848 968 2883; x_wconf 78' lang='lat' dir='ltr'><strong>Reg.</strong></span> <span class='ocrx_word' id='word_1_890' title='bbox 981 2855 1016 2880; x_wconf 82' lang='lat' dir='ltr'><strong>iv,</strong></span> <span class='ocrx_word' id='word_1_891' title='bbox 1035 2847 1078 2874; x_wconf 84' lang='lat' dir='ltr'><strong>ll.</strong></span> 
     </span>
    </p>
   </div>
   <div class='ocr_carea' id='block_1_120' title="bbox 1613 2809 1843 2841">
    <p class='ocr_par' dir='ltr' id='par_1_120' title="bbox 1613 2809 1843 2841">
     <span class='ocr_line' id='line_1_120' title="bbox 1613 2809 1843 2841; baseline 0.009 -5"><span class='ocrx_word' id='word_1_892' title='bbox 1613 2809 1636 2826; x_wconf 77' lang='grc'><strong>⁸⁸</strong></span> <span class='ocrx_word' id='word_1_893' title='bbox 1656 2811 1715 2837; x_wconf 80' lang='lat' dir='ltr'><strong>Act.</strong></span> <span class='ocrx_word' id='word_1_894' title='bbox 1744 2815 1761 2835; x_wconf 90' lang='lat' dir='ltr'><strong>ll</strong></span> <span class='ocrx_word' id='word_1_895' title='bbox 1775 2828 1783 2841; x_wconf 87' lang='lat'><strong>,</strong></span> <span class='ocrx_word' id='word_1_896' title='bbox 1798 2809 1843 2838; x_wconf 77' lang='lat'><strong>‘55.</strong></span> 
     </span>
    </p>
   </div>
   <div class='ocr_carea' id='block_1_121' title="bbox 1146 2844 1846 2879">
    <p class='ocr_par' dir='ltr' id='par_1_121' title="bbox 1146 2844 1846 2879">
     <span class='ocr_line' id='line_1_121' title="bbox 1146 2844 1846 2879; baseline 0 -6"><span class='ocrx_word' id='word_1_897' title='bbox 1146 2847 1168 2862; x_wconf 80' lang='grc' dir='ltr'><strong>⁵ο</strong></span> <span class='ocrx_word' id='word_1_898' title='bbox 1183 2846 1254 2874; x_wconf 84' lang='lat' dir='ltr'><strong>Psal.</strong></span> <span class='ocrx_word' id='word_1_899' title='bbox 1278 2853 1351 2878; x_wconf 80' lang='lat' dir='ltr'><strong>xxw,</strong></span> <span class='ocrx_word' id='word_1_900' title='bbox 1367 2846 1405 2879; x_wconf 88' lang='lat'><strong>2;</strong></span> <span class='ocrx_word' id='word_1_901' title='bbox 1431 2845 1497 2873; x_wconf 89' lang='lat' dir='ltr'><strong>Luc.</strong></span> <span class='ocrx_word' id='word_1_902' title='bbox 1528 2853 1601 2878; x_wconf 78' lang='lat' dir='ltr'><strong>xxrv,</strong></span> <span class='ocrx_word' id='word_1_903' title='bbox 1637 2845 1681 2873; x_wconf 80' lang='lat'><strong>52.</strong></span> <span class='ocrx_word' id='word_1_904' title='bbox 1739 2844 1846 2873; x_wconf 82' lang='lat' dir='ltr'><strong>&quot;Psal.</strong></span> 
     </span>
    </p>
   </div>
   <div class='ocr_carea' id='block_1_122' title="bbox 1634 2930 1674 2959">
    <p class='ocr_par' dir='ltr' id='par_1_122' title="bbox 1634 2930 1674 2959">
     <span class='ocr_line' id='line_1_122' title="bbox 1634 2930 1674 2959; baseline -0.025 0"><span class='ocrx_word' id='word_1_905' title='bbox 1634 2930 1674 2959; x_wconf 69' lang='grc'><strong>22</strong></span> 
     </span>
    </p>
   </div>
  </div>
