2078 3151
219 163 272 197 677

815 165 988 196 HOMILLE
1014 177 1049 182 —-

1057 165 1150 197 HOM.
1170 167 1274 199 XXVI.
1799 172 1851 203 6⁸18

219 228 284 247 τωνο
301 217 354 246 οἵδε
372 220 426 255 γὰρ
442 220 456 246 6
467 219 543 252 Θεὸς,
562 220 620 251 πῶς
631 229 673 253 τις
693 220 805 248 δύναται
822 221 1011 256 οἰκονομῆσαι,

1065 221 1207 255 discretio,
1222 222 1269 250 alii
1287 222 1390 250 donum
1407 223 1569 251 conferendi
1592 224 1749 254 sanitatem.
1769 227 1852 255 Novit

219 265 266 292 καὶ
280 265 367 296 οὕτως
381 265 518 293 ἐπιδίδωσι
532 265 566 293 τὰ
586 267 743 302 χαρίσματα
763 267 891 302 διάφορα”
908 266 1010 301 ὁμοίως

219 311 266 338 καὶ
281 312 321 347 είς
332 311 397 343 τοὺς
416 311 561 347 πολέμους,
579 313 672 348 μέτρῳ
690 313 743 340 τινὶ
762 313 800 344 ὡς
817 313 928 340 δύναται
941 312 1010 338 ὐπο-

219 356 347 389 δέξασθαι
371 357 419 383 καὶ
444 357 611 392 ὑπομεῖναι,
640 358 726 390 οὕτως
752 359 897 393 ὲπαφίεται
917 357 1010 389 αὐτοῖς

221 403 237 437 ἡ
254 402 363 429 ἐναντία
377 402 503 438 δύναμις.

257 492 293 518 E'.
319 491 490 526 Ἐρώτησις.
519 493 554 519 El
579 492 742 527 δεξάμενός
771 502 817 526 τις
839 494 899 527 τὴν
925 495 1010 522 θείαν

221 538 361 572 δύναμιν,
383 537 433 564 καὶ
460 536 589 572 μερικῶς
608 539 795 572 ἀιλοιωθεὶς,
813 539 897 574 μένει
919 541 956 567 ἐν
971 540 1011 575 τῇ

221 583 310 618 φύσει
318 592 328 616 ;

264 630 446 663 Ἀπόκρισις.
467 628 527 655 Ἰνα
540 629 572 655 16
586 629 692 665 θέλημα
711 630 758 657 καὶ
781 631 850 664 μετὰ
866 630 916 666 τὴν
929 631 1010 667 χάριν

222 675 384 710 δοκιμασθῇ,
408 675 459 701 ποῦ
485 675 561 710 ῥέπει
588 676 635 702 καὶ
663 677 814 711 συμφωνεῖ,
831 677 906 711 μένει
931 678 960 704 ἐν
977 679 1011 713 τῇ

223 722 365 756 ταυτότητι
379 721 396 756 ή
417 721 507 755 φύσις,
523 722 537 748 ὁ
555 721 672 756 σκληρὸς
685 723 714 748 ὲν
727 723 759 757 τῇ
774 722 949 758 σκληρότητι,
964 724 1012 750 καὶ

223 769 237 794 6
250 767 351 802 κοῦφος
369 767 399 793 ἐν
415 767 447 802 τῇ
461 767 619 802 κουφότητι.
632 767 781 802 Συμὸαίνει
793 767 832 800 δὲ,
847 769 888 794 ὅτι
903 768 1011 803 ἰδιώτης

225 813 262 840 ὢν
282 821 322 844 τις
338 813 519 846 ἀναγεννᾶται
533 813 737 847 πνευματικῶς,
753 813 800 840 καὶ
815 813 1012 848 μεταϐάλλεται

1064 268 1138 296 enim
1152 268 1224 296 Deus
1241 276 1296 303 quo
1312 270 1471 304 pactO‘quis
1486 270 1646 305 dispensare
1659 272 1756 306 possit,
1768 277 1852 308 atque

1064 322 1096 344 ea
1112 315 1217 343 ratione
1233 316 1341 343 confert
1355 315 1463 344 diversa
1478 316 1560 344 dona.
1582 317 1714 346 Similiter
1741 327 1853 355 quoque

1064 361 1097 388 ad
1112 361 1182 389 bella
1196 366 1273 390 certo
1288 362 1408 397 quodam
1427 363 1508 390 modo
1531 371 1582 397 pro
1604 364 1710 392 viribus
1731 365 1854 394 hominis

1064 407 1237 442 suscipienda
1252 415 1284 435 ac
1297 408 1467 440 sustinenda,
1480 407 1514 435 ad
1524 407 1598 437 hunc
1615 410 1727 438 modum
1747 411 1852 438 immit-

1065 454 1133 480 titur
1146 453 1201 481 illis
1217 453 1372 481 adversaria
1389 458 1519 489 potestas.

1098 498 1131 526 ν.
1149 499 1447 535 Interrogatio..Utrum
1461 501 1504 534 qui
1523 500 1616 535 accipit
1636 501 1752 528 divinam
1769 503 1853 528 virtup

1065 549 1127 578 tem,
1142 554 1173 572 ac
1187 547 1215 572 in
1227 549 1304 581 parte
1320 549 1449 579 mutatur,
1465 547 1493 573 in
1506 551 1604 574 natura
1614 556 1663 575 sua
1676 553 1812 582 permanet
1823 548 1836 575 ?

1101 630 1253 666 Responsio.
1281 631 1316 659 Ut
1344 631 1470 660 voluntas
1493 637 1555 667 post
1583 640 1722 669 acceptam
1743 643 1854 671 quoque

1064 677 1180 712 gratiam
1207 677 1352 712 probetur,
1379 685 1434 713 quo
1457 678 1561 711 tendat,
1591 680 1671 707 cuive
1689 682 1853 714 consentiat,

1065 726 1163 749 natura
1177 727 1300 750 remanet
1313 723 1421 756 eadem,
1437 724 1524 752 durus
1549 725 1575 752 in
1600 724 1713 758 duritie,
1735 731 1763 753 et
1785 726 1855 754 levis

1066 767 1093 794 in
1106 767 1230 795 levitate.
1247 768 1390 804 Contingit
1403 777 1470 797 vero
1484 770 1623 805 plebeium
1636 771 1792 806 quempiam
1808 779 1854 799 re-

1065 813 1191 847 generari
1215 813 1407 848 spiritualiter,
1423 822 1455 842 ac
1473 816 1572 843 mutari
1599 816 1627 843 in
1645 817 1809 852 sapientem.
1825 823 1855 845 et

223 859 263 889 εἰς
279 858 386 892 σοφίαν,
399 858 446 884 καὶ
462 858 626 893 γνωρίζεται
650 857 725 892 αὐτῷ
745 858 892 893 ἀπόκρυφα
906 860 1011 894 μυστή-

1065 855 1153 883 eidem
1166 857 1282 884 revelari
1299 858 1407 885 occulta
1422 859 1570 893 mysteria;
1587 859 1634 894 qui
1650 865 1747 888 natura
1762 865 1856 889 tamen

225 912 279 940 ρια·
297 903 343 930 καὶ
364 903 470 938 ἰδιώτης
485 904 543 930 ἐστὶ
562 904 594 938 τῇ
616 903 706 937 φύσει.
723 903 819 935 ’Ἄλλος
834 904 887 931 ἀπὸ
905 904 1012 939 φύσεως

224 950 341 985 σκληρὸς
352 949 401 982 ὢν,
421 949 530 976 δίδωσιν
549 949 646 976 ἑαυτοῦ
664 949 694 976 16
713 949 819 984 θέλημα
838 950 878 981 εἰς
894 950 944 984 τὴν
956 950 1014 976 θεο-

225 995 342 1027 σέϐειαν,
354 995 401 1021 καὶ
420 995 526 1030 δέχεται
552 994 633 1022 αὑτὸν
649 996 663 1022 ὁ
673 995 749 1028 Θεὸς,
764 996 839 1030 μένει
855 995 883 1022 δὲ
897 996 914 1030 ἡ
932 995 1013 1030 φύσις

223 1039 252 1064 ὲν
266 1040 299 1074 τῇ
316 1039 498 1074 σκληρότητι,
526 1040 574 1066 καὶ
598 1039 705 1066 εὐδοκεῖ
726 1041 766 1071 είς
793 1040 875 1066 αὑτὸν
902 1041 916 1067 6
934 1040 1010 1072 Θεός.

226 1083 322 1115 Ἀλλος
342 1085 399 1110 ὲστὶ
425 1084 552 1119 χρηστῶν
575 1084 660 1120 ἠθῶν,
681 1084 816 1120 ἐπιεικής,
837 1085 951 1119 ἀγαθὸς,
974 1086 1014 1112 δί-

223 1130 303 1156 δωσιν
319 1130 414 1156 ἑαυτὸν
426 1130 465 1165 τῷ
477 1129 547 1166 Θεῷ,
566 1132 612 1157 καὶ
626 1131 733 1165 δέχεται
753 1131 802 1166 μὲν
825 1132 907 1158 αὐτὸν
924 1133 938 1158 6
955 1132 1013 1158 Κύ-

225 1182 292 1210 ριος·
317 1175 354 1210 μὴ
370 1175 525 1210 ἐμμένοντα
541 1175 569 1202 δὲ
586 1177 642 1207 τοῖς
662 1175 775 1210 ἀγαθοῖς
789 1176 882 1212 ἔργοις
902 1177 952 1203 οὐκ
970 1177 1014 1203 εὐ-

223 1220 306 1251 δοκεῖ,
320 1219 414 1255 ἐπειδὴ
433 1221 449 1255 ή
477 1220 558 1254 φύσις
574 1220 622 1256 ὅλη
642 1220 690 1247 τοῦ
714 1221 799 1256 Ἀδὰμ
819 1222 924 1256 τρεπτή
939 1222 1014 1248 ἐστιν

224 1266 271 1292 ἐπὶ
285 1265 316 1292 16
329 1265 423 1297 καλὸν,
442 1265 488 1292 καὶ
512 1265 558 1292 ἐπὶ
574 1266 605 1292 τὸ
621 1266 720 1299 κακὸν,
730 1266 842 1302 δεκτικὴ
855 1267 901 1293 τοῦ
917 1267 1013 1299 κακοῦ,

224 1311 281 1337 ἀλλ’
302 1312 326 1337 ει
347 1311 422 1338 θέλει
440 1311 490 1338 οὐκ
509 1311 719 1347 ἀποτελεστική.

260 1357 306 1391 (τ’.
328 1356 433 1391 Ὥσπερ
443 1357 580 1392 σωμάτιον
603 1356 775 1392 γραφόμενόν
795 1358 863 1386 ἐστι,
881 1357 1016 1392 διαφόρως

225 1402 342 1436 θελήσας
362 1402 496 1437 ἔγραψας,
515 1402 597 1429 πάλιν
608 1402 771 1437 ἀπαλείψας·
786 1402 894 1437 δέχεται
907 1402 961 1438 γὰρ
985 1403 1016 1429 16

226 1448 362 1484 σωμάτιον
377 1450 469 1475 πᾶσαν
484 1449 605 1484 γραφήν
619 1448 691 1476 οὕτω
709 1449 757 1475 καὶ
770 1449 784 1475 6
800 1449 927 1484 σκληρὸς,
946 1449 1012 1476 ἑδω-

225 1503 273 1521 κεν
293 1495 376 1521 αὑτοῦ
390 1494 422 1521 16
438 1495 543 1530 θέλημα
558 1494 626 1530 πρὸς
644 1494 691 1521 16v
709 1494 786 1525 Θεὸν,
805 1495 912 1530 ἐτράπη
927 1495 967 1526 εἰς
985 1495 1017 1521 τὸ

1064 902 1188 936 plebeius
1200 907 1253 930 est.
1272 903 1350 931 Alius
1372 904 1459 932 durus
1482 909 1591 938 natura,
1614 906 1734 940 applicat
1758 907 1856 934 volun-

1065 950 1148 972 tatem
1175 953 1253 973 suam
1271 946 1304 973 ad
1330 948 1434 974 cultum
1458 947 1593 981 divinum,
1621 957 1704 984 quem
1730 955 1856 985 acceptat

1064 999 1174 1026 quoque
1188 992 1259 1019 Deus
1273 1001 1280 1026 ;
1293 998 1418 1021 remanet
1433 1002 1499 1022 vero
1514 999 1612 1022 natura
1628 996 1689 1030 ejus
1702 996 1729 1022 in
1742 1004 1790 1023 sua
1806 997 1857 1024 du-

1065 1038 1139 1066 ritie.
1154 1038 1231 1073 isque
1247 1038 1304 1066 Deo
1318 1039 1417 1074 placet.
1432 1040 1510 1068 Alius
1526 1045 1568 1068 est
1581 1042 1704 1069 moribus
1717 1042 1854 1078 benignis,

1066 1091 1171 1118 arquus.
1186 1085 1275 1112 bonus
1289 1094 1296 1118 ;
1308 1085 1391 1113 ot’l‘ert
1407 1087 1527 1121 seipsum
1552 1087 1618 1118 Deo.
1633 1095 1665 1114 ac
1680 1088 1778 1123 recipit
1792 1096 1856 1115 eum

1066 1129 1264 1163 Dominus;eo
1279 1137 1354 1162 vero,
1381 1132 1428 1166 qui
1454 1139 1509 1158 non
1530 1137 1689 1166 perseverat
1716 1133 1743 1159 in
1775 1133 1856 1161 bonis

1067 1175 1206 1209 operibus,
1221 1183 1276 1202 non
1303 1176 1474 1209 delectatur;
1492 1177 1627 1211 siquidem
1654 1177 1781 1204 universa
1806 1186 1856 1205 na-

1066 1226 1128 1248 tura
1152 1221 1218 1248 Adm
1231 1222 1372 1249 mutabilis
1384 1226 1426 1249 est
1443 1225 1499 1249 tum
1514 1223 1542 1249 in
1557 1223 1670 1255 bonum,
1685 1227 1742 1250 tum
1759 1223 1787 1250 in
1799 1231 1856 1250 ma—

1066 1266 1142 1293 lum:
1161 1274 1246 1300 capax
1261 1264 1373 1300 quidem
1397 1267 1472 1300 mali,
1486 1267 1560 1302 quod
1578 1272 1682 1299 tamen,
1698 1268 1720 1295 si
1739 1269 1815 1302 velit,
1829 1268 1858 1296 in

1066 1312 1195 1340 ell‘ectum
1209 1320 1264 1339 non
1276 1312 1398 1340 deducit.
1607 1339 1611 1342 ,

1103 1359 1146 1385 Vl.
1163 1358 1398 1391 Quemadmodum
1421 1362 1463 1386 est
1490 1359 1650 1387 membrana
1667 1360 1767 1387 litteris
1793 1369 1858 1388 con-

1068 1405 1132 1438 sita,
1146 1404 1173 1431 in
1187 1412 1239 1438 qua
1255 1404 1340 1436 varie,
1356 1408 1385 1431 ut
1397 1405 1531 1437 volueris,
1546 1405 1703 1440 scripseris,
1718 1413 1750 1433 ac
1763 1414 1858 1434 rursus

1068 1451 1273 1478 oblitteraveris
1295 1450 1379 1486 (capit
1392 1451 1466 1479 enim
1490 1452 1650 1479 membrana
1665 1460 1860 1488 quamcunque

1069 1495 1124 1531 96
1144 1495 1321 1530 scripturam)
1345 1495 1385 1522 sic
1398 1495 1480 1522 etiam
1490 1495 1578 1523 durus
1591 1496 1761 1523 voluntatem
1781 1504 1859 1523 suam

167 1554 174 1560 -
225 1540 337 1574 ἀγαθὸν,
350 1541 445 1576 ἐδέχθη
465 1527 518 1567 ait
532 1527 671 1567 τοῦ-θεοῦ.
690 1540 719 1567 '0
733 1540 788 1576 γὰρ
802 1527 868 1572 Θεδς
884 1527 926 1567 ἵνα
937 1539 1013 1576 δείξῃ

1070 1542 1187 1570 contulit
1198 1543 1225 1569 in
1237 1543 1333 1575 Deum,
1341 1549 1492 1570 conversus
1500 1547 1543 1570 est
1550 1544 1584 1570 ad
1595 1543 1710 1576 bonum,
1716 1548 1860 1578 susceptus

224 1586 260 1614 τὰ
277 1586 373 1614 ἑαυτοῦ
389 1587 542 1622 σπλάγχνα,
557 1586 663 1618 πάντας
678 1585 796 1622 δέχεται,
809 1588 901 1613 πᾶσαν
915 1588 1014 1622 προαί-

225 1640 310 1668 ρεσιν.
325 1633 356 1660 οι
380 1632 534 1665 ἀπόστολοι,
565 1633 606 1664 είς
634 1633 667 1667 ἣν
685 1631 719 1659 ἂν
745 1632 823 1659 πόλιν
844 1633 1014 1668 ιίσήρχοντο,

225 1681 334 1708 ἐποίουν
352 1680 414 1707 τινὰ
431 1680 540 1716 χρόνον,
554 1680 602 1707 καὶ
624 1681 656 1707 ὲκ
671 1679 726 1706 τῶν
741 1679 921 1714 κακουμένων
939 1679 1015 1711 τινὰς

227 1727 315 1757 ἰῶντο,
340 1727 416 1758 τινὰς
432 1727 461 1753 δὲ
471 1726 514 1754 οὗ.
540 1727 657 1753 Ἦθελον
678 1726 707 1752 δὲ
729 1727 806 1753 αὐτοὶ
823 1727 849 1753 οἱ
870 1726 1014 1753 ἀπόστολοι

225 1772 329 1804 πάντας
341 1772 404 1803 τοὺς
421 1772 535 1807 νεκροὺς
555 1772 646 1799 αὐτῶν
659 1772 813 1804 ζωοποιεῖν,
826 1773 872 1799 καὶ
887 1771 950 1803 τοὺς
965 1781 1015 1799 κα·

225 1819 374 1854 κουμένους
386 1819 425 1850 είς
437 1818 542 1852 ὑγίειαν
554 1818 658 1854 φέρειν,
675 1819 722 1845 καὶ
737 1818 869 1850 ὁλοτελῶς
887 1818 937 1844 οὐκ
955 1818 1013 1852 ὲγί-

226 1872 286 1890 νετο
306 1863 395 1890 αὐτῶν
410 1864 440 1890 τὸ
458 1864 573 1899 θέλημα·
598 1864 628 1891 οὗ
654 1865 708 1899 γὰρ
729 1864 898 1899 ὲπετρέπετο
922 1864 1014 1894 αὐτοῖς

225 1910 275 1936 ὅσα
287 1909 382 1945 ἤθελον
397 1910 494 1936 ποιεῖν.
519 1910 636 1945 Ὁμοίως
647 1911 695 1937 καὶ
708 1911 722 1937 ὁ
737 1910 854 1941 Παῦλος,
869 1910 913 1936 ὅτε
929 1911 1013 1945 ἐκρα-

226 1956 297 1991 τήθη
311 1955 363 1982 ὑπὸ
379 1955 425 1982 τοῦ
438 1956 579 1991 ἐθνάρχου,
593 1958 617 1983 ει
632 1956 727 1991 ἢθελεν
740 1957 755 1991 ὴ
774 1957 822 1983 σὺν
835 1955 910 1992 αὐτῷ
923 1956 1012 1991 χάρις,

226 2001 314 2028 ἐποίει
328 2002 373 2028 16v
388 2001 522 2036 ἐθνάρχην
536 2003 583 2028 καὶ
598 2003 628 2028 τὸ
642 2003 730 2037 τεῖχος
749 2002 941 2037 διαρραγῆναι,
965 2001 1013 2028 ἀν-

226 2048 333 2083 Θρωπος
352 2048 421 2083 ἔχων
440 2048 628 2084 Παράκλητον·
646 2048 716 2074 ἀλλὰ
734 2048 778 2074 διὰ
803 2048 941 2084 σαργάνης
966 2056 1014 2082 χα-

226 2094 304 2121 λᾶται
317 2095 332 2120 6
353 2094 522 2125 ’Λπόστολο;.
542 2094 596 2120 Καὶ
621 2093 672 2120 ποῦ
687 2095 703 2128 ἠ
724 2093 842 2120 συνοῦσα
866 2094 925 2120 θεία
941 2094 1015 2120 δύνα-

228 2149 287 2176 μις;
304 2139 388 2167 ταῦτα
402 2140 580 2175 οἰκονομικῶς
600 2140 714 2173 ἐγίνετο,
734 2140 774 2172 εῐς
789 2148 850 2166 τινα
864 2140 1014 2175 πράγματα

1066 1593 1108 1616 est
1124 1597 1139 1616 a
1155 1589 1220 1617 Deo.
1247 1589 1319 1616 Deus
1334 1589 1420 1621 cnim,
1450 1593 1481 1616 ut
1504 1588 1601 1616 intima
1626 1590 1729 1617 amoris
1751 1589 1859 1619 viscera

1066 1635 1279 1666 demonstraret,
1301 1642 1399 1662 omnes
1419 1635 1519 1670 recipit
1548 1642 1713 1671 omnemque
1733 1637 1861 1664 volunta-

1067 1686 1132 1708 tem.
1148 1681 1270 1715 Apostoli
1286 1688 1479 1716 quamcunque
1503 1681 1644 1708 civitatem
1663 1682 1860 1717 ingredieban-

1066 1730 1121 1759 tur,
1137 1726 1317 1754 morabantur
1331 1726 1358 1753 in
1372 1733 1404 1753 ea
1418 1726 1590 1761 aliquantum
1608 1728 1751 1762 temporis,
1776 1732 1804 1754 et
1825 1736 1859 1755 ex

1065 1773 1136 1800 male
1154 1773 1261 1800 allectis
1271 1772 1403 1807 quosdam
1415 1771 1559 1804 sanabant,
1573 1773 1705 1807 quosdam
1715 1781 1780 1801 vero
1793 1782 1858 1801 non.

1066 1818 1239 1852 Exoptabant
1254 1825 1320 1844 vero
1333 1817 1384 1852 ipsi
1400 1817 1516 1852 apostoli
1534 1821 1650 1845 cunctos
1672 1825 1768 1845 earum
1784 1827 1860 1845 mor-

1067 1869 1130 1891 tuos
1140 1864 1167 1891 in
1180 1864 1263 1891 vitam
1277 1863 1447 1899 postliminio
1458 1868 1636 1896 revocare,et
1644 1865 1715 1891 male
1725 1864 1860 1892 habentes

1067 1910 1099 1937 ad
1122 1910 1269 1937 sanitatem
1287 1909 1461 1944 perducere;
1487 1917 1584 1936 verum
1607 1909 1737 1937 voluntas
1763 1918 1860 1938 eorum

1065 1962 1118 1982 non
1131 1962 1181 1988 per
1195 1954 1287 1981 omnia
1304 1954 1486 1988 implebatur;
1503 1961 1559 1981 non
1578 1954 1653 1981 enim
1668 1954 1785 1982 dabatur
1809 1956 1850 1983 eis

1064 2006 1236 2035 quaecunque
1266 1998 1407 2030 volebant,
1428 2005 1570 2034 peragere.
1595 1997 1727 2025 Similiter
1748 1999 1850 2027 Paulus

1065 2054 1128 2073 cum
1143 2046 1315 2073 detineretur
1327 2053 1342 2072 a
1359 2044 1490 2079 praefecto
1503 2045 1602 2080 gentis,
1618 2046 1640 2072 si
1654 2045 1790 2073 voluisset
1800 2035 1862 2081 ιζταῖ

1065 2091 1102 2119 tia
1126 2099 1181 2126 qua
1205 2091 1338 2126 praeditus
1360 2095 1436 2123 erat,
1462 2089 1572 2118 fecisset
1596 2089 1755 2125 praefectum
1779 2092 1858 2119 illum

1065 2138 1165 2173 gentis,
1184 2142 1267 2172 atque
1284 2144 1393 2164 murum
1414 2136 1545 2171 dirumpi,
1557 2140 1587 2164 et
1605 2136 1726 2172 eﬁ‘ringi,
1745 2138 1860 2173 quippe,

227 2187 314 2213 ποιεῖν
326 2187 424 2217 αὐτοὺς
449 2187 551 2221 σημεῖα
577 2187 624 2213 καὶ
642 2186 798 2221 θαυμάσια,
817 2186 864 2212 καὶ
889 2186 929 2218 εῐς
952 2195 1013 2213 τινα

1066 2183 1113 2219 qui
1126 2184 1209 2211 homo
1222 2186 1282 2210 erat
1299 2182 1441 2210 Paracleto
1453 2183 1593 2216 repletus;
1607 2189 1705 2209 verum
1721 2189 1770 2217 per
1781 2190 1862 2218 spor-

227 2232 350 2258 ἀσθενεῐν
374 2231 472 2263 αὐτούς
486 2241 492 2246 ·
508 2231 551 2257 ἵνα
570 2232 600 2257 ἐν
622 2231 728 2262 τούτοις
745 2231 871 2266 διακριθῇ
886 2231 903 2265 ὴ
922 2231 1015 2263 πίστις

226 2277 281 2304 τῶν
295 2277 416 2304 ἀπίστων
437 2277 484 2303 καὶ
510 2277 564 2303 τῶν
580 2277 692 2310 πιστῶν,
714 2277 761 2303 καὶ
787 2276 818 2302 τὸ
843 2276 1016 2310 αὐτεξούσιον

226 2323 390 2359 δοκιμασθῇ,
407 2324 453 2350 καὶ
469 2323 625 2358 φανερωθῇ,
643 2323 701 2357 εἴγε
717 2324 758 2354 εἰς
779 2323 813 2349 τὰ
834 2322 1018 2358 ἀσθενέστερα

229 2368 298 2404 μέρη
317 2369 389 2400 τινὲς
415 2369 444 2395 οὺ
472 2368 703 2400 σκανδαλίζονται.
727 2369 759 2395 Et
783 2369 838 2403 τὰρ
863 2368 953 2395 πάντα
968 2368 1018 2395 ὅσα

227 2414 325 2450 ἦθελον
337 2414 445 2441 ἐποίουν
467 2415 492 2441 oi
505 2415 659 2448 ἀπόστολοι,
686 2415 876 2450 ἀναγκαστικῇ
902 2414 1016 2448 δυνάμει

227 2459 360 2495 ἐφύτευον
372 2460 435 2492 τοὺς
450 2460 609 2496 ἀνθρώπους
626 2462 666 2493 εις
681 2461 731 2496 τὴν
745 2461 911 2492 θεοσέδειαν,
925 2460 969 2487 διὰ
984 2460 1017 2487 τὰ

227 2507 340 2541 σημεῖα,
368 2506 416 2532 καὶ
435 2506 465 2533 τδ
488 2506 675 2538 αὐτεξούσιον,
690 2507 738 2532 καὶ
756 2506 848 2533 οὐκέτι
864 2506 956 2537 πίστις
971 2506 1018 2533 καὶ

225 2552 349 2580 ἀπιστία·
368 2553 382 2578 6
406 2551 461 2587 γὰρ
479 2552 695 2587 Χριστιανισμδς
712 2552 785 2583 λίθος
800 2553 858 2578 ἐστὶ
877 2551 1019 2587 προσκόμ-

228 2605 312 2631 ματος
327 2598 374 2624 καὶ
385 2597 474 2633 πέτρα
486 2597 648 2624 σκανδάλοσ.

1064 2237 1119 2258 tam
1137 2229 1286 2258 dimittitur
1302 2228 1532 2263 Apostolus""‘.
1549 2228 1584 2255 Et
1595 2228 1641 2256 ubi
1656 2229 1745 2256 virtus
1758 2229 1862 2262 divina,

1065 2285 1119 2313 qua
1132 2277 1265 2312 praeditus
1277 2276 1358 2302 erat?
1372 2275 1434 2302 Haec
1449 2283 1512 2302 cum
1526 2275 1731 2310 dispensatione
1748 2275 1860 2307 ﬁebant.

1066 2328 1097 2350 ut
1113 2321 1277 2357 quibusdam
1299 2321 1327 2347 in
1343 2321 1427 2348 rebus
1448 2321 1580 2348 miracula
1598 2327 1630 2347 ac
1647 2320 1724 2355 signa
1747 2320 1864 2348 ederent

1067 2369 1132 2404 ipsi,
1146 2369 1174 2395 in
1191 2367 1330 2402 aliquibus
1341 2366 1433 2394 minus
1446 2370 1574 2401 possent:
1585 2371 1616 2393 ut
1630 2366 1657 2393 in
1669 2366 1745 2393 hisce
1756 2366 1861 2393 discer-

1070 2417 1186 2440 neretur
1199 2411 1268 2438 ﬁdes
1281 2410 1465 2442 credentium.
1483 2415 1511 2437 et
1525 2418 1581 2437 non
1599 2410 1781 2443 credentium,
1793 2411 1863 2438 libe-

1071 2465 1187 2493 rumque
1210 2456 1356 2485 arbitrium
1374 2457 1549 2491 probaretur,
1566 2463 1598 2482 ac
1626 2456 1862 2490 manifestaretur,

1067 2512 1134 2532 num
1152 2504 1266 2539 quidam
1287 2503 1324 2529 ob
1347 2502 1470 2537 ipsorum
1486 2502 1513 2528 in
1528 2502 1694 2536 quibusdam
1716 2502 1864 2530 infirmita-

1069 2556 1123 2578 tem
1141 2549 1323 2578 oﬂ'ensionem
1338 2552 1511 2583 paterentur,
1542 2554 1640 2574 necne.
1653 2548 1682 2575 Si
1695 2548 1780 2580 enim,
1790 2556 1864 2583 quaa-

1069 2603 1179 2631 cunque
1210 2594 1350 2626 volebant,
1380 2594 1510 2621 fecissent
1535 2593 1663 2628 apostoli,
1691 2593 1718 2621 vi
1745 2594 1864 2628 quadam

226 2644 379 2671 necessaria
401 2643 598 2678 compulissent
612 2642 739 2669 homines
757 2642 790 2669 ad
801 2643 903 2669 cultum
918 2642 1053 2675 divinum,
1072 2651 1121 2677 per
1141 2641 1284 2671 miracula.
1299 2644 1327 2668 et
1342 2639 1460 2668 liberam
1491 2643 1667 2674 potestatem,
1680 2647 1731 2667 nec
1745 2640 1864 2675 amplius

226 2691 295 2719 ﬁdes
310 2690 416 2722 fuisset,
436 2694 483 2717 aut
499 2689 657 2716 inﬁdelitas.
673 2688 891 2716 Christianorum
911 2689 1001 2716 cultus
1017 2690 1091 2717 enim
1109 2689 1176 2724 lapis
1190 2692 1232 2715 est
1247 2687 1408 2715 otl'ensionis
1424 2691 1452 2714 et
1464 2691 1544 2721 petra
1563 2686 1695 2713 scandali.

262 2737 298 2764 Z’.
315 2736 388 2771 Πλὴν
402 2736 432 2762 16
446 2736 510 2771 περὶ
527 2736 573 2762 τοῦ
589 2734 649 2762 ἰὼσ
659 2734 861 2770 γεγραμμένον,
876 2735 927 2761 οὐκ
939 2735 1014 2761 ἐστιν

228 2782 330 2814 ἁπλῶς,
349 2782 407 2813 πῶς
433 2781 583 2818 ἐξῃτήσατο
611 2781 691 2808 αὐτὸν
721 2781 735 2808 6
759 2781 890 2812 Σατανᾶς.
906 2781 942 2807 Οὐ
961 2781 1015 2815 γὰο

282 2872 343 2888 ⁸³·¹⁶
359 2872 418 2900 Act.
441 2879 477 2904 Ix,
491 2871 535 2900 24.

1106 2734 1161 2762 Vll.
1175 2734 1288 2764 Verum.
1299 2732 1372 2767 quod
1384 2732 1418 2759 de
1430 2731 1501 2759 Jobu
1515 2732 1647 2767 scriptum
1662 2737 1714 2765 est,
1726 2740 1780 2760 non
1793 2733 1863 2766 leve,

1070 2784 1117 2807 aut
1132 2779 1245 2807 omnino
1255 2779 1362 2806 nullum
1387 2782 1439 2809 est,
1450 2777 1590 2813 quomodo
1602 2778 1732 2806 nimirum
1750 2779 1866 2807 Satanas
