2078 3151
222 177 274 209 679

840 174 870 203 S.
890 171 1050 203 MACARII
1071 172 1234 204 )EGYPTlI

1794 173 1848 205 680

219 241 283 262 eum
298 231 471 268 expetiverit.
492 231 551 259 Non
572 230 646 258 enim
661 230 751 265 potuit
767 230 826 259 sine
843 231 979 265 permissu
995 237 1005 256 ιι

1063 230 1179 264 ἠδύνατο
1210 232 1276 259 ἄνευ
1300 231 1459 268 ὲπιπροπῆς
1486 231 1533 266 ἀφ’
1550 230 1649 259 ἑαυτοῦ
1671 239 1699 258 τι
1722 230 1846 265 ποιῆσαι.

219 286 249 306 se
262 279 322 316 ipso
334 277 484 313 quidquam
495 276 596 303 facere.
613 276 725 308 Verum,
734 276 801 310 quid
811 276 880 303 dicit
891 276 1007 303 Domino

220 323 367 350 diabolus?
384 323 424 349 Da
444 321 508 348 mihi
527 321 604 348 illum
618 322 645 348 in
661 329 765 352 manus,
787 322 837 348 nisi
859 322 887 348 in
913 322 1009 356 faciem

221 369 267 396 tibi
279 369 481 396 benediuerit“.
497 368 554 395 Hoc
574 369 665 403 itaque
681 367 763 394 modo
782 375 856 395 nunc
873 372 916 395 est
934 367 1007 395 idem

219 414 281 446 Job,
298 413 370 440 idem
388 413 470 446 Deus,
493 417 522 440 et
543 412 615 440 idem
641 412 778 439 diabolus.
794 412 833 440 Eo
855 412 915 447 ipso
942 419 1008 448 ergo

220 462 372 490 momento,
384 465 439 492 quo
453 462 619 484 consecutus
635 462 694 485 erat
711 457 818 485 Domini
834 457 966 485 auxilium
980 462 1008 486 et

219 507 363 540 promptus
378 508 437 531 erat
449 507 477 531 et
493 503 616 530 fervidus
643 503 729 538 gratia
755 504 900 539 expetebat
929 504 1006 531 illum

220 549 345 581 Satanas,
360 549 455 576 dicens
477 549 611 576 Domino:
629 548 698 581 Quia
711 550 792 584 juvat
805 549 893 580 illum.
910 553 934 576 et
948 558 1007 576 ruc-

219 596 304 621 curris
319 594 369 627 illi,
385 595 464 621 servit
479 594 541 627 tibi;
558 594 676 629 relinque
686 594 773 627 illum,
786 599 810 621 et
832 595 908 622 trade
932 595 1007 627 mihi,

220 642 271 668 nisi
288 641 316 668 in
335 641 430 675 faciem
452 641 498 667 tibi
523 640 725 668 benedizerit“.
741 640 872 675 Superest
889 645 930 673 ut,
944 640 1009 675 quia

219 687 409 714 consolatione
435 686 558 714 reﬁcitur
585 687 686 718 anima,
704 686 791 721 gratia
809 694 838 714 se
860 686 1008 719 subducat,

219 738 302 768 atque
317 733 408 760 anima
430 732 632 759 tentationibus
656 732 793 759 tradatur.
815 731 927 759 Accedit
942 739 1008 767 ergo

219 779 357 809 diabolus,
384 778 506 805 inferens
534 777 642 805 inﬁnita
670 777 751 809 mala,
774 777 1007 812 desperationem,

219 823 506 854 abrenuntiationem,
532 821 714 857 cogitationes
737 829 835 857 pravas
850 842 858 854 ,
885 821 1009 856 allligens

218 868 350 900 animam,
379 873 410 896 ut
427 867 549 895 emolliat
572 871 600 894 et
618 867 755 894 abalienet
783 875 844 895 eam
872 875 887 894 a
911 874 960 903 spe
979 867 1006 894 in

218 914 304 941 Deum
322 919 464 949 concepta.

254 959 322 986 Vlll.
336 959 462 987 Prudens
487 963 580 986 autem
609 958 709 990 anima,
726 958 802 986 hisce
823 958 902 985 malis
924 962 1006 993 atque

218 1004 413 1031 alllictionibus
428 1003 538 1035 obruta,
548 1011 603 1031 non
619 1004 756 1038 desperat,
771 1003 818 1031 sed
834 1008 918 1035 tenet.
931 1004 1006 1038 quod

219 1054 355 1077 tenetzac
365 1057 537 1084 quaecunque
551 1049 576 1077 ei
598 1050 672 1077 illata
686 1050 789 1077 iuerint
816 1057 867 1085 per
886 1050 1007 1078 inﬁnitas

219 1096 386 1123 tentationes
400 1096 509 1128 tolerat,
527 1096 675 1131 inquiens:
693 1096 818 1124 Etiamsi
838 1097 950 1130 moriar,
973 1096 1005 1124 ab

218 1150 248 1168 eo
264 1150 316 1168 non
327 1141 466 1176 deﬁciam:
480 1146 509 1169 et
532 1147 601 1174 tum.
621 1142 644 1169 si
669 1143 803 1170 sustineat
816 1142 900 1170 homo
919 1151 1007 1178 usque

218 1188 250 1215 ad
265 1188 358 1222 linem,
372 1188 468 1223 incipit
482 1188 617 1216 Dominus
634 1188 776 1224 disputare
797 1196 860 1216 cum
887 1189 1004 1217 Satana:

219 1233 294 1260 Vides
315 1237 415 1268 quanta
431 1233 513 1266 mala,
527 1238 694 1269 quantasque
715 1234 866 1269 aﬂlictionu
883 1235 1006 1262 intuleris

216 1279 274 1311 illi,
310 1287 355 1306 nec
379 1280 468 1314 paruit
493 1280 538 1306 tibi
562 1288 571 1307 :
601 1280 648 1307 sed
686 1281 749 1307 nti/ii
774 1281 869 1313 servit,
895 1290 927 1308 ac
966 1289 1007 1308 me

218 1326 318 1351 metuit.
341 1325 411 1352 Tum
435 1324 541 1360 pudore
557 1325 680 1353 suﬁ'usus
706 1325 831 1359 Satanas,
846 1326 919 1361 quod
933 1327 1007 1354 dicat

218 1371 289 1397 ultra
302 1378 358 1397 non
378 1369 470 1397 habet.
488 1369 625 1403 Quantum
639 1371 713 1398 enim
731 1370 764 1398 ad
781 1371 891 1404 Jobum,
917 1371 940 1398 si
954 1379 1006 1398 no-

217 1416 301 1442 visset
318 1423 381 1442 eum
400 1415 428 1442 in
447 1416 612 1443 tentationes
630 1415 755 1451 illapsum
771 1422 929 1444 constanter
941 1425 1007 1451 per-

216 1461 336 1488 laturum
351 1468 422 1493 esse,
437 1469 488 1488 nec
503 1466 662 1496 superatum
689 1462 734 1494 iri,
760 1470 816 1490 non
834 1468 911 1491 certe
923 1470 1006 1498 expe-

218 1506 326 1533 tivisset
345 1514 419 1538 eum,
443 1513 478 1534 ne
494 1507 599 1541 pudore
625 1507 790 1536 aﬁiceretur.
824 1508 871 1536 Sic
896 1517 1006 1544 quoque

1065 278 1145 304 Ἀλλά
1159 278 1185 305 τί
1200 278 1273 312 λέγει
1286 277 1326 313 τῷ
1341 277 1435 313 Κυρίῳ
1448 279 1462 304 6
1473 277 1612 311 διάϐολοςς
1628 277 1683 309 Δός
1691 284 1743 312 μοι
1755 275 1849 304 αὐτὸν

1058 325 1103 357 εὶς
1120 323 1232 358 χεῖρας-ι
1252 322 1272 358 ἦ
1288 323 1352 358 μὴν
1365 324 1405 356 εἰς
1429 323 1592 356 πρόσωπόν
1613 330 1651 349 σε
1674 321 1848 357 εὐλογήσω.

1059 369 1154 402 οὕτως
1168 371 1215 396 καὶ
1228 370 1276 396 νῦν
1287 371 1300 396 6
1314 370 1395 400 αὐτὸς
1415 368 1475 395 ’1ώὸ
1490 369 1559 400 ἐστι,
1578 368 1624 395 καὶ
1638 369 1652 394 6
1673 368 1755 399 αὐτὸς
1771 367 1848 398 Θεὸς.

1059 415 1106 442 καὶ
1125 416 1138 442 6
1153 415 1233 446 αὐτὸς
1247 414 1380 445 διάϐολος.
1403 414 1447 441 Ἐν
1460 414 1514 448 ὅσῳ
1528 413 1574 440 οὖν
1593 413 1723 448 τυγχάνει
1736 413 1787 447 τῆς
1800 414 1849 439 ἀν-

1058 460 1195 495 τιλήψεως
1210 459 1287 491 Θεοῦ,
1303 459 1351 486 καὶ
1369 459 1427 486 ἔστι
1442 459 1582 494 πρόθυμος
1601 459 1650 485 καὶ
1666 458 1735 490 ζέων
1751 459 1784 493 τῇ
1799 458 1849 492 χά-

1060 515 1115 542 ριτι
1125 506 1271 538 ἐξαιτεῖται
1281 505 1363 532 αὐτὸν
1373 506 1387 531 6
1397 505 1530 536 Σατανᾶς.
1539 504 1593 531 Καὶ
1604 504 1678 538 λέγει
1689 503 1729 538 τῷ
1740 504 1846 538 κυρίῳ,

1060 551 1181 585 Ἐπειδὴ
1195 551 1320 585 βοηθεῖς
1332 549 1423 583 αὐτῷ,
1436 549 1484 576 καὶ
1501 548 1732 584 ἁντιλαμὸἁνεις
1743 548 1846 580 αὐτοῦ,

1059 599 1197 625 δουλεύει
1206 605 1275 629 σοι;
1287 597 1362 632 ἄφες
1372 596 1467 624 αὑτὸν
1477 595 1526 622 καὶ
1539 596 1673 629 παράδος
1680 603 1741 630 μοι,
1753 591 1772 630 ᾖ
1782 593 1846 628 μὴν

1059 645 1104 677 εὶς
1117 642 1280 677 πρόσωπόν
1292 649 1329 669 σε
1345 640 1515 675 εὐλογήσω.
1528 640 1638 671 Λοιπὸν,
1650 639 1687 671 ὼς
1701 639 1741 665 δτι
1756 647 1846 674 παρα-

1060 689 1182 716 καλεῖται
1193 689 1209 724 ή
1221 687 1304 723 ψυχὴ,
1316 688 1332 723 ἠ
1347 687 1426 722 χάρις
1437 686 1608 718 ὐποστέλλει,
1617 685 1664 712 καὶ
1673 684 1848 719 παραδίδοται

1060 735 1162 770 ἡψυχὴ
1187 735 1363 769 πειρασμοῖς.
1380 733 1512 767 Ἔρχεται
1525 731 1572 759 οὖν
1594 732 1609 758 6
1633 730 1767 762 διάϐολος,
1785 730 1846 756 ὲπι-

1060 779 1151 815 φέρων
1170 780 1255 814 μυρία
1275 778 1358 811 κακὰ,
1373 777 1561 813 ἀπελπισμδν,
1577 775 1742 810 ἀπόγνωσιν,
1759 774 1848 802 διαλο‹

1059 825 1178 860 γισμοὺς
1192 825 1339 860 πονηροὺς,
1363 823 1462 851 θλίϐων
1478 823 1527 859 τὴν
1543 822 1642 857 ψυχὴν,
1662 821 1706 848 ἵνα
1721 819 1848 856 χαυνώσῃ

1061 871 1107 898 καὶ
1124 870 1294 907 ἀλλοτριώσῃ
1312 870 1414 906 ταύτην
1429 870 1479 904 τῆς
1496 869 1604 900 ἐλπίδος
1623 867 1671 895 τοῦ
1685 867 1767 896 Θεοῦ.

1096 961 1137 988 H'.
1165 961 1196 986 'H
1215 960 1243 987 δὲ
1263 959 1382 995 φρονίμη
1395 958 1470 994 ψυχὴ
1490 959 1519 984 ὲν
1536 958 1592 989 τοῖς
1611 957 1705 987 κακοῖς
1720 952 1788 982 οὖσα
1801 954 1849 981 καὶ

1062 1009 1092 1033 ὲν
1106 1009 1139 1042 τῇ
1154 1006 1253 1041 Θλίψει,
1271 1005 1322 1032 οὐκ
1336 1005 1494 1037 ἀπελπίζει,
1513 1003 1582 1030 ama
1605 1003 1701 1038 κρατεί
1713 1001 1727 1028 δ
1743 1001 1847 1036 κρατεῖ-

1061 1053 1109 1080 καὶ
1132 1053 1181 1079 ὅσα
1196 1052 1229 1079 ἂν
1251 1051 1385 1087 ἐπενέγκῃ
1405 1050 1473 1086 αὑτὴ
1493 1050 1537 1077 διὰ
1563 1049 1668 1085 μυρίων
1687 1046 1849 1083 πειρασμῶν

1060 1099 1244 1133 ὑπομένουσα,
1262 1096 1349 1130 λέγει,
1369 1095 1442 1123 Ἐὰν
1458 1095 1507 1121 καὶ
1521 1093 1669 1125 ἀποθάνω,
1685 1091 1742 1128 ἐγὼ
1755 1091 1849 1118 αὑτὸν

1060 1146 1116 1172 οὐκ
1130 1144 1219 1179 ἀφίω.
1233 1144 1287 1170 Καὶ
1301 1143 1362 1169 τότε
1374 1142 1421 1168 ἐὰν
1430 1140 1566 1176 ὑπομείνῃ
1579 1140 1618 1170 εἰς
1629 1139 1705 1170 τέλος
1717 1138 1731 1162 6
1744 1137 1849 1172 ἄνθρω-

1061 1200 1121 1223 πος,
1150 1191 1263 1226 ἄρχεται
1293 1190 1307 1216 ὁ
1329 1188 1432 1224 Κύριος
1464 1185 1634 1220 διαλέγεσθαι
1663 1184 1703 1220 τῷ
1728 1184 1847 1219 Σατανᾷ,

1061 1237 1164 1272 Ὀρᾷς,
1177 1237 1259 1264 πόσα
1272 1234 1351 1263 κακὰ
1369 1233 1419 1261 καί
1437 1233 1556 1267 θλίψεις
1574 1231 1742 1265 ὲπήνετκας
1757 1228 1846 1262 αὐτῷ,

1059 1283 1108 1310 καὶ
1127 1283 1183 1316 οὐχ
1204 1280 1365 1316 ὑπήκουσέ
1383 1287 1443 1312 σοι,
1465 1278 1533 1305 ἀλλ’
1549 1277 1612 1312 ἐμοὶ
1630 1275 1779 1308 δουλεύει,
1797 1274 1848 1302 και

1059 1329 1111 1364 ἐμὲ
1129 1327 1268 1363 φοϐεῖται.
1289 1327 1356 1354 Τότε
1375 1324 1587 1360 καταισχύνεται
1605 1323 1620 1350 6
1643 1322 1782 1353 διάϐολος,
1800 1321 1849 1348 καὶ

1059 1374 1151 1401 οὐκέτι
1178 1374 1235 1408 ἔχει
1263 1381 1290 1399 τι
1319 1372 1417 1399 εἰπεῖν.
1444 1371 1499 1398 Καὶ
1523 1370 1578 1404 γὰρ
1595 1369 1640 1395 ἐπὶ
1664 1367 1712 1394 τοῦ
1735 1367 1806 1399 Ἰὼϐ,
1823 1366 1848 1393 ει

1059 1420 1129 1456 ᾔδει,
1141 1420 1183 1447 ὅτι
1204 1419 1244 1450 εις
1257 1417 1321 1450 τοὺς
1335 1417 1504 1452 πειρασμοὺς
1522 1415 1650 1450 ἐμπεσὼν
1668 1414 1759 1450 μέλλει
1779 1413 1847 1440 iam-

1061 1467 1153 1501 μένειν
1174 1465 1221 1492 καὶ
1249 1465 1286 1500 μὴ
1311 1463 1456 1500 ἡττᾶσθαι,
1471 1463 1522 1490 οὐκ
1539 1462 1572 1489 ἂν
1588 1461 1738 1497 ἐξῃτήσατο
1753 1457 1846 1490 αὑτὸν,

1061 1512 1104 1539 ῐνα
1119 1511 1157 1547 μὴ
1175 1509 1371 1546 καταισχυνθῇ.
1387 1509 1480 1540 Οὕτως
1501 1509 1549 1535 καὶ
1572 1507 1620 1534 νῦν
1639 1507 1679 1538 εις
1693 1505 1756 1537 τοὺς
1779 1505 1847 1531 ὑπο-

217 1560 300 1585 nunc,
317 1556 430 1587 propter
441 1559 490 1579 eos
506 1552 553 1587 qui
566 1552 710 1587 perierunt
726 1554 887 1582 aﬁlictiones
898 1563 931 1582 ac
946 1560 1005 1583 ten-

1062 1558 1192 1592 μένοντας
1212 1556 1316 1590 θλίψεις
1337 1555 1385 1582 καὶ
1410 1553 1591 1590 πειρασμοὺς,
1606 1551 1818 1586 καταισχύνεται
1831 1550 1847 1576 6

219 1597 346 1630 lationes,
367 1597 546 1625 confunditur
569 1598 693 1630 Satanas,
717 1607 749 1627 ac
776 1601 939 1635 pcenitentia
953 1602 1006 1629 du-

217 1644 299 1675 citur,
308 1643 380 1678 quod
391 1643 459 1671 nihil
469 1643 602 1671 eﬂ'ecerit.
613 1645 712 1679 Incipit
719 1645 793 1673 enim
802 1647 934 1675 Dominus
943 1656 1007 1675 eum

217 1688 258 1715 sic
276 1688 378 1724 alloqui
397 1697 403 1715 ε
423 1688 494 1720 Vide,
512 1689 618 1722 discedi,
638 1691 746 1725 permisi
759 1691 804 1718 tibi
816 1699 874 1719 eum
893 1697 1006 1726 tentare,

217 1734 335 1769 nunquid
361 1734 527 1768 prwstitisti?
542 1736 661 1770 nunquid
687 1736 876 1772 obtemperavit
892 1739 961 1765 tibi?

252 1779 298 1807 IX.
316 1779 503 1815 Interrogatio.
520 1781 562 1808 An
580 1782 670 1816 utique
690 1787 798 1810 cunctas
811 1783 923 1812 hominis
934 1786 1006 1821 cogi-

217 1827 329 1854 tationes
343 1831 367 1853 et
376 1827 485 1854 consilia
501 1829 571 1855 norit
584 1827 723 1856 Satanas?

250 1872 304 1908 97
324 1872 476 1908 Responsio.
496 1873 524 1900 Si
541 1873 634 1905 homo,
650 1874 698 1909 qui
715 1882 778 1902 cum
808 1876 919 1904 homine
938 1885 1005 1905 con-

214 1923 351 1951 versatur,
374 1918 451 1946 novit
473 1927 534 1953 quae
549 1924 614 1947 sunt
632 1921 702 1956 ejus,
719 1926 748 1948 et
766 1926 794 1948 tu
818 1928 899 1950 natus
914 1931 1005 1951 annos

214 1963 311 1999 viginti
328 1964 426 1991 novisti
440 1972 472 1992 ea
494 1973 555 1999 quae
574 1970 638 1992 sunt
652 1967 782 2000 proximi.
800 1968 925 2002 nunquid
939 1976 1005 2004 ergo

215 2009 329 2037 Satanas
354 2009 423 2044 ipse,
441 2010 489 2044 qui
519 2018 535 2037 a
561 2011 705 2039 nativitate
733 2012 785 2040 tibi
814 2019 1004 2046 conversatur,

215 2053 323 2087 ignorat
336 2053 516 2088 cogitationes
533 2054 614 2081 tuas?
628 2054 735 2083 Sextios
746 2057 820 2083 enim
833 2057 907 2084 mille
917 2065 1005 2085 anno-

214 2105 274 2124 rum
292 2102 399 2125 aatatem
418 2099 510 2126 habet.
528 2100 584 2127 Nec
603 2100 720 2128 dicimus
749 2110 824 2134 cum,
845 2103 1004 2138 priusquam

215 2148 302 2170 tentet
317 2144 467 2177 hominem,
495 2153 576 2172 nosse
588 2145 655 2180 quid
686 2147 812 2174 facturus
830 2147 876 2175 sit.
906 2149 1005 2176 Tentat

213 2191 288 2218 enim
315 2195 444 2223 tentalor,
471 2199 526 2218 non
562 2196 652 2220 tamen
689 2194 829 2228 cognitum
861 2194 944 2222 habet
969 2203 1003 2222 an

1058 1603 1193 1634 Σατανᾶς,
1210 1602 1258 1630 καὶ
1277 1602 1411 1637 μετανοεῖ,
1423 1601 1465 1627 ὅτι
1483 1599 1566 1635 μηδὲν
1593 1599 1702 1634 ἧνυσεν.
1716 1598 1846 1632 ’Δρχιται

1057 1651 1112 1686 γὰρ
1127 1651 1142 1676 6
1152 1649 1255 1684 Κύριος
1267 1648 1345 1682 λόγον
1361 1646 1435 1682 αὐτῷ
1448 1647 1535 1672 ποιεῖν
1546 1652 1555 1662 ·
1571 1645 1632 1673 Ἴδε
1649 1643 1847 1678 παρεχώρησά

1057 1704 1116 1728 σοι,
1142 1695 1188 1722 ιδε
1206 1693 1356 1728 ἐπέτρεψά
1373 1700 1423 1720 σοι
1449 1691 1588 1725 πειράσαι
1614 1690 1727 1721 αὐτὸν,
1749 1688 1792 1724 μή
1818 1697 1845 1716 τι

1056 1741 1227 1776 ἡδυνήθης;
1243 1739 1286 1775 μή
1306 1748 1334 1766 τι
1352 1737 1511 1771 ὑπήκουσέ
1531 1744 1599 1768 σοι;

1092 1787 1131 1814 Θ¹.
1153 1786 1322 1821 Ἐρώτησις.
1335 1785 1370 1812 El
1392 1784 1448 1819 ἄρα
1465 1783 1557 1816 ὅλους
1586 1781 1658 1814 τοὺς
1680 1779 1846 1815 λογισμοὺς

1056 1830 1110 1857 τοῦ
1123 1830 1280 1865 ἀνθρώπου
1293 1829 1342 1856 καὶ
1367 1828 1403 1855 τὰ
1418 1827 1553 1862 νοήματα
1567 1824 1649 1853 οἶδεν
1660 1826 1677 1853 ό
1690 1824 1844 1857 Σατανᾶς-ς

1098 1877 1282 1910 Ἀπόκρισις.
1299 1876 1330 1902 Εί
1345 1875 1488 1910 ἄνθρωπος
1504 1872 1640 1908 ἀνθρώπῳ
1663 1871 1782 1904 σύνεστι,
1797 1870 1845 1897 καὶ

1056 1921 1110 1950 οἶδε
1121 1923 1155 1950 τὰ
1167 1922 1262 1956 αὑτοῦ,
1275 1923 1322 1949 καὶ
1345 1922 1378 1949 σὺ
1393 1921 1480 1948 εἴκοσι
1490 1920 1559 1948 ἐτῶν
1571 1920 1702 1955 ὑπάρχων
1720 1916 1793 1950 οῐδας
1809 1918 1844 1944 τὰ

1055 1968 1103 1996 τοῦ
1130 1969 1262 2004 πλησίον,
1284 1968 1339 2003 ἄρα
1363 1967 1446 1999 αὐτὸς
1471 1968 1486 1994 6
1512 1967 1635 1998 Σατανᾶς
1656 1965 1710 1992 ἀπὸ
1731 1964 1844 1999 γενετῆς

1057 2014 1145 2041 συνών
1157 2022 1197 2040 σοι
1213 2014 1264 2040 οὐκ
1275 2010 1330 2040 οἶδε
1343 2013 1406 2044 τοὺς
1419 2012 1565 2047 λογισμούς
1576 2020 1638 2044 σου;
1654 2010 1844 2045 ἑξακισχιλίων

1055 2060 1110 2095 γὰρ
1127 2060 1177 2095 ἤδη
1194 2061 1268 2086 ἐστὶν
1290 2059 1370 2086 ὲτῶν.
1390 2059 1445 2085 Καὶ
1460 2059 1491 2085 οὔ
1506 2058 1622 2093 λέγομεν
1636 2057 1716 2084 αὑτὸν
1728 2057 1781 2092 πρὸ
1796 2056 1843 2082 τοῦ

1056 2105 1188 2142 πειράσαι
1216 2105 1261 2132 τὸν
1284 2104 1440 2140 ἄνθρωπον,
1461 2103 1562 2131 ειδέναι
1579 2104 1606 2130 τί
1626 2103 1719 2138 μέλλει
1744 2103 1842 2129 ποιεῖν.

1057 2151 1185 2186 Πειράζει
1201 2151 1256 2185 γὰρ
1273 2151 1288 2177 6
1308 2150 1459 2182 πειράζων,
1478 2149 1527 2176 οὐκ
1542 2147 1596 2176 οἶδε
1615 2148 1655 2181 δὲ,
1671 2149 1694 2175 εί
1710 2147 1844 2174 ὑπακούει

1056 2197 1141 2233 αὐτῷ,
1159 2197 1176 2233 ἢ
1206 2197 1243 2233 μὴ
1269 2196 1412 2228 ὑπακούει,
1431 2196 1484 2228 ἓως
1497 2195 1530 2222 ἂν
1541 2195 1571 2221 τὸ
1583 2194 1689 2230 θέλημα
1702 2193 1794 2220 δοῦλον
1806 2192 1844 2227 δῷ

214 2237 454 2272 obtemperaturus
464 2237 511 2268 sit,
524 2245 622 2270 necne,
643 2238 731 2266 donec
754 2239 923 2267 voluntatem
943 2248 1002 2268 ser-

1058 2244 1072 2278 ἡ
1094 2243 1180 2278 ψυχή.
1197 2241 1267 2269 Οὔτε
1291 2241 1373 2269 ’πάλιν
1394 2241 1521 2276 λέγομεν,
1534 2241 1575 2267 ὅτι
1597 2240 1673 2271 ὅλους
1684 2239 1748 2270 τοὺς
1768 2238 1844 2271 λογι-

213 2290 275 2310 vam
289 2283 315 2310 ei
330 2282 418 2310 tradat
429 2283 533 2310 anima.
551 2283 645 2319 Neque
658 2284 722 2311 item
745 2285 874 2318 dicimus,
889 2291 1003 2314 cunctas

213 2327 393 2362 cogitationes
419 2328 511 2355 cordis
536 2333 564 2356 et
586 2328 721 2357 desideria
745 2338 826 2358 nosse
850 2331 1002 2358 diabolum.

212 2372 330 2400 Perinde
350 2373 434 2405 enim,
457 2381 489 2401 ac
510 2373 534 2401 si
551 2374 587 2401 sit
612 2374 696 2402 arbor
717 2383 778 2410 quae
794 2377 896 2404 multos
911 2384 1003 2404 ramos

211 2419 311 2447 habeat
327 2427 359 2446 ac
375 2420 460 2447 multa
477 2420 611 2451 membra.
632 2420 670 2447 ita
690 2428 801 2456 quoque
817 2426 880 2449 sunt
891 2421 1002 2457 quidam

211 2465 279 2492 rami
304 2465 500 2500 cogitatiouum
530 2469 557 2493 ct
572 2465 762 2500 consiliorum,
784 2475 854 2502 quos
878 2475 1004 2502 compre-

211 2511 308 2538 hendit
322 2511 454 2544 Satanas;
472 2517 537 2540 sunt
549 2521 615 2540 vero
627 2513 686 2541 alite
695 2513 876 2548 cogitationes
895 2520 923 2542 et
935 2522 1004 2542 con-

209 2558 282 2589 silia,
299 2565 361 2592 qua:
372 2566 387 2585 a
405 2557 504 2586 Satana
517 2566 571 2587 non
597 2559 884 2595 comprehenduntur.

246 2604 279 2631 Χ.
305 2604 334 2631 ln
346 2604 465 2639 quadam
487 2605 561 2633 enim
577 2613 606 2632 re
628 2606 757 2640 praevalet
786 2613 850 2640 pars
875 2607 1004 2642 nequitia:

209 2651 242 2678 ad
260 2650 446 2686 generandum
460 2651 655 2686 cogitationes,
677 2659 775 2679 rursus
799 2653 826 2680 in
844 2653 962 2688 quadam
975 2662 1004 2681 re

209 2697 339 2733 cogitatio
354 2697 475 2724 hominis
485 2698 612 2732 superior
628 2698 732 2731 evadit,
744 2703 913 2734 acceptoque
927 2700 1004 2727 auxi-

208 2742 257 2773 lio,
289 2750 322 2770 ac
345 2743 563 2778 redemptionea
586 2744 652 2776 Deo,
684 2745 852 2772 contradidit
880 2745 1002 2779 malitiae,

209 2787 326 2822 quadam
342 2788 369 2815 in
391 2796 420 2815 re
437 2789 601 2821 succumbit,
628 2793 655 2816 et
670 2789 787 2824 quadam
813 2790 839 2817 in
862 2798 892 2818 re
906 2791 1002 2818 volun-

251 2874 272 2890 "
291 2873 342 2900 Job
357 2875 424 2907 ",2.
463 2874 485 2890 ⁸⁶
502 2874 552 2901 Job
564 2883 581 2906 ι,
600 2875 631 2902 l0
644 2883 722 2910 seqq.

1058 2289 1143 2325 σμοὺς
1157 2288 1208 2322 τῆς
1221 2288 1335 2322 καρδίας
1351 2287 1398 2314 καὶ
1413 2288 1462 2317 τὰς
1475 2286 1639 2321 ἐνθυμήσεις
1655 2282 1726 2311 οἶδεν
1749 2285 1763 2311 6
1783 2283 1842 2310 διά-

1055 2335 1144 2367 ϐολος.
1169 2335 1269 2370 Ὠσπερ
1280 2334 1334 2370 γὰρ
1357 2334 1404 2360 εὰν
1428 2331 1446 2370 ᾖ
1468 2332 1585 2368 δένδρον,
1603 2331 1651 2359 καὶ
1666 2330 1716 2367 ἔχῃ
1730 2330 1844 2362 κλάδους

1057 2381 1171 2412 πολλοὺς
1191 2379 1338 2407 καὶπολλὰ
1360 2379 1438 2414 μέλη·
1461 2378 1553 2405 λοιπόν
1576 2377 1629 2404 είσί
1651 2385 1724 2409 τινες
1752 2375 1843 2403 κλάδοι

1056 2427 1193 2462 λογισμῶν
1214 2426 1261 2453 καὶ
1279 2425 1434 2460 νοημάτων,
1455 2424 1501 2450 κα)⁸
1517 2423 1626 2458 κατέχει
1642 2423 1740 2454 αὐτοὺς
1752 2422 1766 2448 6
1789 2422 1841 2447 Σα-

1055 2473 1150 2504 τανᾶς.
1174 2472 1230 2498 Καὶ
1252 2471 1320 2498 εἰσὶν
1345 2470 1418 2498 ἄλλοι
1434 2469 1562 2505 λογισμοὶ
1585 2468 1633 2496 καὶ
1654 2469 1790 2504 νοήματα,
1805 2467 1843 2503 μὴ

1055 2519 1233 2555 κατεχόμενοι
1254 2518 1307 2545 ὑπὸ
1320 2518 1368 2544 τοῦ
1389 2517 1506 2544 Σατανᾶ.

1094 2609 1121 2635 ι’.
1144 2608 1194 2635 Ἔν
1214 2616 1267 2634 τινι
1287 2607 1342 2642 γὰρ
1369 2605 1542 2642 ἰσχυρότερόν
1564 2605 1623 2631 ἐστι
1647 2603 1678 2630 τὸ
1697 2603 1779 2639 μέρος
1794 2603 1843 2637 τῆς

1054 2653 1154 2685 κακίας
1170 2653 1199 2679 ὲν
1209 2651 1248 2686 τῷ
1266 2651 1359 2687 βρύειν
1374 2650 1437 2682 τοὺς
1456 2649 1616 2684 λογισμοὺς,
1630 2647 1658 2674 ἓν
1670 2655 1724 2673 τινι
1738 2645 1844 2672 πάλινὸ

1053 2697 1183 2734 λογισμὸς
1206 2697 1254 2724 τοῦ
1273 2696 1417 2732 ἀνθρώπου
1441 2694 1585 2730 ὑπερνικᾷ,
1608 2691 1753 2728 λαμϐάνων
1778 2689 1844 2725 βοή-

1053 2745 1129 2772 Θειαν
1144 2743 1193 2771 καὶ
1214 2742 1350 2780 λύτρωσιν
1375 2741 1452 2776 παρὰ
1471 2739 1552 2771 Θεοῦ,
1574 2739 1621 2766 καὶ
1644 2737 1793 2771 ἀντιλέγων
1807 2735 1842 2770 τῇ

1053 2790 1147 2826 κακίᾳ,
1167 2789 1197 2816 ἓν
1211 2798 1264 2817 τινι
1275 2787 1455 2823 κεκράτηται.
1471 2787 1519 2813 καὶ
1534 2785 1562 2812 ἐν
1577 2793 1630 2812 τινι
1651 2784 1707 2819 ἔχει
1725 2781 1843 2817 θέλημα,
