  <div class='ocr_page' id='page_1' title='image "/cluster/home/n/w/nwhite01/storage/ocr_20150623/34/njp.32101077772547/368.png"; bbox 0 0 2078 3151; ppageno 0'>
   <div class='ocr_carea' id='block_1_1' title="bbox 213 179 263 212">
    <p class='ocr_par' dir='ltr' id='par_1_1' title="bbox 213 179 263 212">
     <span class='ocr_line' id='line_1_1' title="bbox 213 179 263 212; baseline 0.02 -1"><span class='ocrx_word' id='word_1_1' title='bbox 213 179 263 212; x_wconf 81' lang='lat'><strong>681</strong></span> 
     </span>
    </p>
   </div>
   <div class='ocr_carea' id='block_1_2' title="bbox 802 181 1260 214">
    <p class='ocr_par' dir='ltr' id='par_1_2' title="bbox 802 181 1260 214">
     <span class='ocr_line' id='line_1_2' title="bbox 802 181 1260 214; baseline 0.007 -3"><span class='ocrx_word' id='word_1_2' title='bbox 802 181 986 212; x_wconf 71' lang='lat' dir='ltr'><strong>HOMILIIE.</strong></span> <span class='ocrx_word' id='word_1_3' title='bbox 1001 194 1035 199; x_wconf 86' lang='grc'><strong><em>-</em></strong></span> <span class='ocrx_word' id='word_1_4' title='bbox 1045 181 1139 213; x_wconf 84' lang='lat' dir='ltr'><strong>HOM.</strong></span> <span class='ocrx_word' id='word_1_5' title='bbox 1156 183 1260 214; x_wconf 81' lang='lat' dir='ltr'><strong>XXVI.</strong></span> 
     </span>
    </p>
   </div>
   <div class='ocr_carea' id='block_1_3' title="bbox 1789 181 1841 214">
    <p class='ocr_par' dir='ltr' id='par_1_3' title="bbox 1789 181 1841 214">
     <span class='ocr_line' id='line_1_3' title="bbox 1789 181 1841 214; baseline -0.058 0"><span class='ocrx_word' id='word_1_6' title='bbox 1789 181 1841 214; x_wconf 82' lang='lat'><strong>682</strong></span> 
     </span>
    </p>
   </div>
   <div class='ocr_carea' id='block_1_4' title="bbox 215 234 1004 272">
    <p class='ocr_par' dir='ltr' id='par_1_4' title="bbox 215 234 1004 272">
     <span class='ocr_line' id='line_1_4' title="bbox 215 234 1004 272; baseline 0.005 -10"><span class='ocrx_word' id='word_1_7' title='bbox 215 234 401 272; x_wconf 81' lang='grc' dir='ltr'>Προσέρχεται</span> <span class='ocrx_word' id='word_1_8' title='bbox 414 235 469 271; x_wconf 86' lang='grc' dir='ltr'><strong>γὰρ</strong></span> <span class='ocrx_word' id='word_1_9' title='bbox 484 235 567 269; x_wconf 77' lang='grc' dir='ltr'>ἔστιν,</span> <span class='ocrx_word' id='word_1_10' title='bbox 580 236 625 263; x_wconf 79' lang='grc' dir='ltr'>ὅτε</span> <span class='ocrx_word' id='word_1_11' title='bbox 642 236 682 272; x_wconf 86' lang='grc' dir='ltr'>τῷ</span> <span class='ocrx_word' id='word_1_12' title='bbox 692 236 753 272; x_wconf 86' lang='grc' dir='ltr'><strong>Θεῷ</strong></span> <span class='ocrx_word' id='word_1_13' title='bbox 769 237 849 272; x_wconf 83' lang='grc' dir='ltr'>ζέων,</span> <span class='ocrx_word' id='word_1_14' title='bbox 863 239 913 266; x_wconf 74' lang='grc' dir='ltr'>καὶ</span> <span class='ocrx_word' id='word_1_15' title='bbox 933 237 1004 266; x_wconf 76' lang='grc' dir='ltr'>οἶδεν</span> 
     </span>
    </p>
   </div>
   <div class='ocr_carea' id='block_1_5' title="bbox 1054 234 1842 272">
    <p class='ocr_par' dir='ltr' id='par_1_5' title="bbox 1055 236 1842 268">
     <span class='ocr_line' id='line_1_5' title="bbox 1055 236 1842 268; baseline -0.001 -2"><span class='ocrx_word' id='word_1_16' title='bbox 1055 243 1139 266; x_wconf 84' lang='lat' dir='ltr'><strong>tatem</strong></span> <span class='ocrx_word' id='word_1_17' title='bbox 1162 239 1255 268; x_wconf 88' lang='lat' dir='ltr'><strong>habet.</strong></span> <span class='ocrx_word' id='word_1_18' title='bbox 1289 239 1430 268; x_wconf 85' lang='lat' dir='ltr'><strong>lnteraum</strong></span> <span class='ocrx_word' id='word_1_19' title='bbox 1456 239 1531 268; x_wconf 89' lang='lat' dir='ltr'><strong>enim</strong></span> <span class='ocrx_word' id='word_1_20' title='bbox 1559 237 1666 266; x_wconf 81' lang='lat' dir='ltr'><strong>accedit</strong></span> <span class='ocrx_word' id='word_1_21' title='bbox 1697 236 1730 265; x_wconf 89' lang='lat' dir='ltr'><strong>ad</strong></span> <span class='ocrx_word' id='word_1_22' title='bbox 1755 237 1842 266; x_wconf 89' lang='lat' dir='ltr'><strong>Deum</strong></span> 
     </span>
    </p>
   </div>
   <div class='ocr_carea' id='block_1_6' title="bbox 213 280 1004 317">
    <p class='ocr_par' dir='ltr' id='par_1_6' title="bbox 213 280 1004 317">
     <span class='ocr_line' id='line_1_6' title="bbox 213 280 1004 317; baseline 0.003 -8"><span class='ocrx_word' id='word_1_23' title='bbox 213 282 228 309; x_wconf 80' lang='grc' dir='ltr'><strong>ό</strong></span> <span class='ocrx_word' id='word_1_24' title='bbox 244 280 378 314; x_wconf 79' lang='grc' dir='ltr'><strong>Σατανᾶς,</strong></span> <span class='ocrx_word' id='word_1_25' title='bbox 391 281 438 308; x_wconf 83' lang='grc' dir='ltr'>καὶ</span> <span class='ocrx_word' id='word_1_26' title='bbox 453 280 546 316; x_wconf 81' lang='grc' dir='ltr'><strong>βλέπει</strong></span> <span class='ocrx_word' id='word_1_27' title='bbox 560 282 601 308; x_wconf 87' lang='grc' dir='ltr'>ὃτι</span> <span class='ocrx_word' id='word_1_28' title='bbox 616 283 677 309; x_wconf 85' lang='grc' dir='ltr'>κατ’</span> <span class='ocrx_word' id='word_1_29' title='bbox 697 282 779 309; x_wconf 80' lang='grc' dir='ltr'>αὐτοῦ</span> <span class='ocrx_word' id='word_1_30' title='bbox 800 284 883 317; x_wconf 78' lang='grc' dir='ltr'>ποιεῖ,</span> <span class='ocrx_word' id='word_1_31' title='bbox 901 284 947 311; x_wconf 77' lang='grc' dir='ltr'>καὶ</span> <span class='ocrx_word' id='word_1_32' title='bbox 972 284 1004 311; x_wconf 82' lang='grc' dir='ltr'>οὐ</span> 
     </span>
    </p>
   </div>
   <div class='ocr_carea' id='block_1_7' title="bbox 213 324 1005 364">
    <p class='ocr_par' dir='ltr' id='par_1_7' title="bbox 213 324 1005 364">
     <span class='ocr_line' id='line_1_7' title="bbox 213 324 1005 364; baseline 0.004 -13"><span class='ocrx_word' id='word_1_33' title='bbox 213 324 327 352; x_wconf 87' lang='grc' dir='ltr'>δύναται</span> <span class='ocrx_word' id='word_1_34' title='bbox 350 325 475 360; x_wconf 74' lang='grc' dir='ltr'>ἐπισχεῖν</span> <span class='ocrx_word' id='word_1_35' title='bbox 496 325 542 352; x_wconf 73' lang='grc' dir='ltr'><strong>τὸν</strong></span> <span class='ocrx_word' id='word_1_36' title='bbox 572 326 727 361; x_wconf 65' lang='grc' dir='ltr'>ἄνθρωπον.</span> <span class='ocrx_word' id='word_1_37' title='bbox 758 327 808 354; x_wconf 86' lang='grc' dir='ltr'><strong>Διὰ</strong></span> <span class='ocrx_word' id='word_1_38' title='bbox 836 328 881 361; x_wconf 88' lang='grc' dir='ltr'>τί;</span> <span class='ocrx_word' id='word_1_39' title='bbox 910 328 1005 364; x_wconf 75' lang='grc' dir='ltr'>ἐπειδὴ</span> 
     </span>
    </p>
   </div>
   <div class='ocr_carea' id='block_1_8' title="bbox 214 369 1005 408">
    <p class='ocr_par' dir='ltr' id='par_1_8' title="bbox 214 369 1005 408">
     <span class='ocr_line' id='line_1_8' title="bbox 214 369 1005 408; baseline 0.006 -12"><span class='ocrx_word' id='word_1_40' title='bbox 214 369 271 405; x_wconf 76' lang='grc' dir='ltr'>ἔχει</span> <span class='ocrx_word' id='word_1_41' title='bbox 286 369 394 406; x_wconf 86' lang='grc' dir='ltr'>θέλημα</span> <span class='ocrx_word' id='word_1_42' title='bbox 407 370 455 397; x_wconf 82' lang='grc' dir='ltr'>τοῦ</span> <span class='ocrx_word' id='word_1_43' title='bbox 470 371 568 406; x_wconf 76' lang='grc' dir='ltr'>βοῆσαι</span> <span class='ocrx_word' id='word_1_44' title='bbox 578 372 646 407; x_wconf 82' lang='grc' dir='ltr'>πρὸς</span> <span class='ocrx_word' id='word_1_45' title='bbox 654 372 700 399; x_wconf 79' lang='grc' dir='ltr'><strong>τὸν</strong></span> <span class='ocrx_word' id='word_1_46' title='bbox 713 372 791 406; x_wconf 77' lang='grc' dir='ltr'>Θεὸν,</span> <span class='ocrx_word' id='word_1_47' title='bbox 806 372 863 408; x_wconf 77' lang='grc' dir='ltr'>ἔχει</span> <span class='ocrx_word' id='word_1_48' title='bbox 874 373 1005 408; x_wconf 76' lang='grc' dir='ltr'>φυσικοὺς</span> 
     </span>
    </p>
   </div>
   <div class='ocr_carea' id='block_1_9' title="bbox 214 415 1004 452">
    <p class='ocr_par' dir='ltr' id='par_1_9' title="bbox 214 415 1004 452">
     <span class='ocr_line' id='line_1_9' title="bbox 214 415 1004 452; baseline 0.004 -9"><span class='ocrx_word' id='word_1_49' title='bbox 214 416 341 452; x_wconf 75' lang='grc' dir='ltr'>καρποὺς</span> <span class='ocrx_word' id='word_1_50' title='bbox 361 415 409 443; x_wconf 80' lang='grc' dir='ltr'><strong>τοῦ</strong></span> <span class='ocrx_word' id='word_1_51' title='bbox 431 416 578 452; x_wconf 77' lang='grc' dir='ltr'>ἀγαπῆσαι</span> <span class='ocrx_word' id='word_1_52' title='bbox 604 417 690 450; x_wconf 83' lang='grc' dir='ltr'><strong>Θεὸν,</strong></span> <span class='ocrx_word' id='word_1_53' title='bbox 709 418 756 445; x_wconf 84' lang='grc' dir='ltr'><strong>τοῦ</strong></span> <span class='ocrx_word' id='word_1_54' title='bbox 777 418 931 451; x_wconf 82' lang='grc' dir='ltr'>πιστεῦσαι,</span> <span class='ocrx_word' id='word_1_55' title='bbox 956 419 1004 446; x_wconf 84' lang='grc' dir='ltr'>τοῦ</span> 
     </span>
    </p>
   </div>
   <div class='ocr_carea' id='block_1_10' title="bbox 214 459 1004 498">
    <p class='ocr_par' dir='ltr' id='par_1_10' title="bbox 214 459 1004 498">
     <span class='ocr_line' id='line_1_10' title="bbox 214 459 1004 498; baseline 0.008 -12"><span class='ocrx_word' id='word_1_56' title='bbox 214 459 381 495; x_wconf 72' lang='grc' dir='ltr'>ἐπιζητῆσαι</span> <span class='ocrx_word' id='word_1_57' title='bbox 402 460 449 488; x_wconf 75' lang='grc' dir='ltr'>καὶ</span> <span class='ocrx_word' id='word_1_58' title='bbox 467 461 637 496; x_wconf 80' lang='grc' dir='ltr'><strong>προσελθεῖν.</strong></span> <span class='ocrx_word' id='word_1_59' title='bbox 659 462 714 490; x_wconf 77' lang='grc' dir='ltr'><strong>Καὶ</strong></span> <span class='ocrx_word' id='word_1_60' title='bbox 731 463 784 498; x_wconf 87' lang='grc' dir='ltr'><strong>γὰρ</strong></span> <span class='ocrx_word' id='word_1_61' title='bbox 801 463 898 496; x_wconf 75' lang='grc' dir='ltr'>ἐντοῖς</span> <span class='ocrx_word' id='word_1_62' title='bbox 911 472 1004 498; x_wconf 73' lang='grc' dir='ltr'>φαινο-</span> 
     </span>
    </p>
   </div>
   <div class='ocr_carea' id='block_1_11' title="bbox 216 506 1005 544">
    <p class='ocr_par' dir='ltr' id='par_1_11' title="bbox 216 506 1005 544">
     <span class='ocr_line' id='line_1_11' title="bbox 216 506 1005 544; baseline 0.008 -13"><span class='ocrx_word' id='word_1_63' title='bbox 216 506 319 541; x_wconf 82' lang='grc' dir='ltr'><strong>μένοις,</strong></span> <span class='ocrx_word' id='word_1_64' title='bbox 334 507 348 532; x_wconf 83' lang='grc' dir='ltr'><strong>ό</strong></span> <span class='ocrx_word' id='word_1_65' title='bbox 358 506 482 541; x_wconf 74' lang='grc' dir='ltr'>γεωργὸς</span> <span class='ocrx_word' id='word_1_66' title='bbox 493 507 641 543; x_wconf 77' lang='grc' dir='ltr'><strong>ἐργάζεται</strong></span> <span class='ocrx_word' id='word_1_67' title='bbox 660 509 709 544; x_wconf 87' lang='grc' dir='ltr'>τὴν</span> <span class='ocrx_word' id='word_1_68' title='bbox 727 510 790 544; x_wconf 82' lang='grc' dir='ltr'>γῆν,</span> <span class='ocrx_word' id='word_1_69' title='bbox 806 509 894 542; x_wconf 80' lang='grc' dir='ltr'>οὕτως</span> <span class='ocrx_word' id='word_1_70' title='bbox 903 510 949 538; x_wconf 80' lang='grc' dir='ltr'>καὶ</span> <span class='ocrx_word' id='word_1_71' title='bbox 964 512 1005 543; x_wconf 88' lang='grc' dir='ltr'><strong>είς</strong></span> 
     </span>
    </p>
   </div>
   <div class='ocr_carea' id='block_1_12' title="bbox 213 551 1005 590">
    <p class='ocr_par' dir='ltr' id='par_1_12' title="bbox 213 551 1005 590">
     <span class='ocr_line' id='line_1_12' title="bbox 213 551 1005 590; baseline 0.006 -13"><span class='ocrx_word' id='word_1_72' title='bbox 213 551 244 578; x_wconf 77' lang='grc' dir='ltr'>τὸ</span> <span class='ocrx_word' id='word_1_73' title='bbox 257 552 451 587; x_wconf 78' lang='grc' dir='ltr'>πνευματικὸν,</span> <span class='ocrx_word' id='word_1_74' title='bbox 465 552 506 585; x_wconf 85' lang='grc' dir='ltr'><strong>είς</strong></span> <span class='ocrx_word' id='word_1_75' title='bbox 525 552 572 580; x_wconf 85' lang='grc' dir='ltr'>δύο</span> <span class='ocrx_word' id='word_1_76' title='bbox 586 553 721 588; x_wconf 81' lang='grc' dir='ltr'>πρόσωπα</span> <span class='ocrx_word' id='word_1_77' title='bbox 743 555 844 581; x_wconf 80' lang='grc' dir='ltr'><strong>νοεῖται</strong></span> <span class='ocrx_word' id='word_1_78' title='bbox 864 554 899 581; x_wconf 84' lang='grc' dir='ltr'><strong>τὰ</strong></span> <span class='ocrx_word' id='word_1_79' title='bbox 933 556 1005 590; x_wconf 73' lang='grc' dir='ltr'>πρά‹</span> 
     </span>
    </p>
   </div>
   <div class='ocr_carea' id='block_1_13' title="bbox 214 597 1005 636">
    <p class='ocr_par' dir='ltr' id='par_1_13' title="bbox 214 597 1005 636">
     <span class='ocr_line' id='line_1_13' title="bbox 214 597 1005 636; baseline 0.005 -12"><span class='ocrx_word' id='word_1_80' title='bbox 214 605 319 633; x_wconf 87' lang='grc' dir='ltr'>γματα.</span> <span class='ocrx_word' id='word_1_81' title='bbox 346 597 408 633; x_wconf 81' lang='grc' dir='ltr'><strong>Χρὴ</strong></span> <span class='ocrx_word' id='word_1_82' title='bbox 437 597 485 625; x_wconf 73' lang='grc' dir='ltr'>οὖν</span> <span class='ocrx_word' id='word_1_83' title='bbox 508 598 554 625; x_wconf 75' lang='grc' dir='ltr'><strong>τὸν</strong></span> <span class='ocrx_word' id='word_1_84' title='bbox 576 599 721 634; x_wconf 75' lang='grc' dir='ltr'>ἄνθρωπον</span> <span class='ocrx_word' id='word_1_85' title='bbox 744 600 799 627; x_wconf 80' lang='grc' dir='ltr'><strong>ἀπὸ</strong></span> <span class='ocrx_word' id='word_1_86' title='bbox 818 601 1005 636; x_wconf 86' lang='grc' dir='ltr'>προαιρέσεως</span> 
     </span>
    </p>
   </div>
   <div class='ocr_carea' id='block_1_14' title="bbox 214 643 1005 683">
    <p class='ocr_par' dir='ltr' id='par_1_14' title="bbox 214 643 1005 683">
     <span class='ocr_line' id='line_1_14' title="bbox 214 643 1005 683; baseline 0.005 -14"><span class='ocrx_word' id='word_1_87' title='bbox 214 643 373 679; x_wconf 83' lang='grc' dir='ltr'><strong>γεωργῆσαι</strong></span> <span class='ocrx_word' id='word_1_88' title='bbox 387 644 439 678; x_wconf 76' lang='grc' dir='ltr'><strong>τὴν</strong></span> <span class='ocrx_word' id='word_1_89' title='bbox 455 644 508 678; x_wconf 82' lang='grc' dir='ltr'>γῆν</span> <span class='ocrx_word' id='word_1_90' title='bbox 529 644 581 680; x_wconf 81' lang='grc' dir='ltr'>τῆς</span> <span class='ocrx_word' id='word_1_91' title='bbox 609 645 724 680; x_wconf 82' lang='grc' dir='ltr'><strong>καρδίας</strong></span> <span class='ocrx_word' id='word_1_92' title='bbox 740 646 835 678; x_wconf 83' lang='grc' dir='ltr'>αὑτοῦ,</span> <span class='ocrx_word' id='word_1_93' title='bbox 860 646 907 673; x_wconf 78' lang='grc' dir='ltr'>καὶ</span> <span class='ocrx_word' id='word_1_94' title='bbox 920 649 1005 683; x_wconf 74' lang='grc' dir='ltr'>πονῆο</span> 
     </span>
    </p>
   </div>
   <div class='ocr_carea' id='block_1_15' title="bbox 215 685 1005 729">
    <p class='ocr_par' dir='ltr' id='par_1_15' title="bbox 215 685 1005 729">
     <span class='ocr_line' id='line_1_15' title="bbox 215 685 1005 729; baseline 0.005 -12"><span class='ocrx_word' id='word_1_95' title='bbox 215 699 271 718; x_wconf 85' lang='grc' dir='ltr'>σαι.</span> <span class='ocrx_word' id='word_1_96' title='bbox 287 691 369 726; x_wconf 85' lang='grc' dir='ltr'>Ζητεῖ</span> <span class='ocrx_word' id='word_1_97' title='bbox 382 690 437 725; x_wconf 81' lang='grc' dir='ltr'><strong>γὰρ</strong></span> <span class='ocrx_word' id='word_1_98' title='bbox 458 691 473 718; x_wconf 84' lang='grc' dir='ltr'><strong>ὸ</strong></span> <span class='ocrx_word' id='word_1_99' title='bbox 494 691 561 723; x_wconf 76' lang='grc' dir='ltr'>Θεὸς</span> <span class='ocrx_word' id='word_1_100' title='bbox 575 691 621 719; x_wconf 72' lang='grc' dir='ltr'><strong>τὸν</strong></span> <span class='ocrx_word' id='word_1_101' title='bbox 637 685 729 725; x_wconf 75' lang='grc' dir='ltr'>πόνον,</span> <span class='ocrx_word' id='word_1_102' title='bbox 744 693 793 719; x_wconf 73' lang='grc' dir='ltr'>καὶ</span> <span class='ocrx_word' id='word_1_103' title='bbox 807 693 940 729; x_wconf 86' lang='grc' dir='ltr'>κάματον,</span> <span class='ocrx_word' id='word_1_104' title='bbox 958 695 1005 721; x_wconf 77' lang='grc' dir='ltr'><strong>καὶ</strong></span> 
     </span>
    </p>
   </div>
   <div class='ocr_carea' id='block_1_16' title="bbox 213 734 1005 774">
    <p class='ocr_par' dir='ltr' id='par_1_16' title="bbox 213 734 1005 774">
     <span class='ocr_line' id='line_1_16' title="bbox 213 734 1005 774; baseline 0.006 -13"><span class='ocrx_word' id='word_1_105' title='bbox 213 735 264 771; x_wconf 83' lang='grc' dir='ltr'>τὴν</span> <span class='ocrx_word' id='word_1_106' title='bbox 275 735 405 771; x_wconf 75' lang='grc' dir='ltr'>ἐργασίαν</span> <span class='ocrx_word' id='word_1_107' title='bbox 423 734 472 762; x_wconf 81' lang='grc' dir='ltr'>τοῦ</span> <span class='ocrx_word' id='word_1_108' title='bbox 494 736 651 772; x_wconf 81' lang='grc' dir='ltr'>ἀνθρώπου.</span> <span class='ocrx_word' id='word_1_109' title='bbox 680 737 752 764; x_wconf 70' lang='grc' dir='ltr'>Ἀλλ’</span> <span class='ocrx_word' id='word_1_110' title='bbox 771 737 820 765; x_wconf 77' lang='grc' dir='ltr'><strong>ἐὰν</strong></span> <span class='ocrx_word' id='word_1_111' title='bbox 838 739 876 774; x_wconf 87' lang='grc' dir='ltr'>μὴ</span> <span class='ocrx_word' id='word_1_112' title='bbox 902 738 1005 766; x_wconf 74' lang='grc' dir='ltr'>ἄνωθεν</span> 
     </span>
    </p>
   </div>
   <div class='ocr_carea' id='block_1_17' title="bbox 215 781 1005 819">
    <p class='ocr_par' dir='ltr' id='par_1_17' title="bbox 215 781 1005 819">
     <span class='ocr_line' id='line_1_17' title="bbox 215 781 1005 819; baseline 0.005 -12"><span class='ocrx_word' id='word_1_113' title='bbox 215 782 336 817; x_wconf 72' lang='grc' dir='ltr'>ἐπιφανῇ</span> <span class='ocrx_word' id='word_1_114' title='bbox 366 781 480 817; x_wconf 77' lang='grc' dir='ltr'>οὐράνια</span> <span class='ocrx_word' id='word_1_115' title='bbox 503 782 587 817; x_wconf 79' lang='grc' dir='ltr'>νέφη,</span> <span class='ocrx_word' id='word_1_116' title='bbox 611 782 658 809; x_wconf 79' lang='grc' dir='ltr'><strong>καὶ</strong></span> <span class='ocrx_word' id='word_1_117' title='bbox 680 783 754 810; x_wconf 81' lang='grc' dir='ltr'>ὑετοὶ</span> <span class='ocrx_word' id='word_1_118' title='bbox 771 783 906 819; x_wconf 85' lang='grc' dir='ltr'>’χάριτος,</span> <span class='ocrx_word' id='word_1_119' title='bbox 928 784 1005 811; x_wconf 75' lang='grc' dir='ltr'>οὐδὲν</span> 
     </span>
    </p>
   </div>
   <div class='ocr_carea' id='block_1_18' title="bbox 213 825 651 863">
    <p class='ocr_par' dir='ltr' id='par_1_18' title="bbox 213 825 651 863">
     <span class='ocr_line' id='line_1_18' title="bbox 213 825 651 863; baseline 0.005 -10"><span class='ocrx_word' id='word_1_120' title='bbox 213 825 357 862; x_wconf 81' lang='grc' dir='ltr'>ὠφέλησεν</span> <span class='ocrx_word' id='word_1_121' title='bbox 379 828 393 854; x_wconf 80' lang='grc' dir='ltr'><strong>ό</strong></span> <span class='ocrx_word' id='word_1_122' title='bbox 407 828 528 863; x_wconf 81' lang='grc' dir='ltr'>γεωργὸς</span> <span class='ocrx_word' id='word_1_123' title='bbox 543 828 651 863; x_wconf 84' lang='grc' dir='ltr'>καμὼν.</span> 
     </span>
    </p>
   </div>
   <div class='ocr_carea' id='block_1_19' title="bbox 250 872 1003 911">
    <p class='ocr_par' dir='ltr' id='par_1_19' title="bbox 250 872 1003 911">
     <span class='ocr_line' id='line_1_19' title="bbox 250 872 1003 911; baseline 0.004 -11"><span class='ocrx_word' id='word_1_124' title='bbox 250 872 302 900; x_wconf 81' lang='lat' dir='ltr'><strong>lA’.</strong></span> <span class='ocrx_word' id='word_1_125' title='bbox 316 873 402 900; x_wconf 85' lang='grc' dir='ltr'>Τοῦτο</span> <span class='ocrx_word' id='word_1_126' title='bbox 413 873 444 900; x_wconf 80' lang='grc' dir='ltr'>δέ</span> <span class='ocrx_word' id='word_1_127' title='bbox 463 874 520 900; x_wconf 69' lang='grc' dir='ltr'>ἔστι</span> <span class='ocrx_word' id='word_1_128' title='bbox 538 873 568 900; x_wconf 77' lang='grc' dir='ltr'>τὸ</span> <span class='ocrx_word' id='word_1_129' title='bbox 588 875 701 909; x_wconf 80' lang='grc' dir='ltr'>σημεῖον</span> <span class='ocrx_word' id='word_1_130' title='bbox 715 874 762 901; x_wconf 85' lang='grc' dir='ltr'><strong>τοῦ</strong></span> <span class='ocrx_word' id='word_1_131' title='bbox 777 875 1003 911; x_wconf 76' lang='grc' dir='ltr'>Χριστιανισμοῦ,</span> 
     </span>
    </p>
   </div>
   <div class='ocr_carea' id='block_1_20' title="bbox 214 917 1005 956">
    <p class='ocr_par' dir='ltr' id='par_1_20' title="bbox 214 917 1005 956">
     <span class='ocr_line' id='line_1_20' title="bbox 214 917 1005 956; baseline 0.005 -11"><span class='ocrx_word' id='word_1_132' title='bbox 214 918 265 946; x_wconf 77' lang='grc' dir='ltr'>ὅσα</span> <span class='ocrx_word' id='word_1_133' title='bbox 288 918 322 945; x_wconf 74' lang='grc' dir='ltr'>ἂν</span> <span class='ocrx_word' id='word_1_134' title='bbox 336 917 426 955; x_wconf 83' lang='grc' dir='ltr'>κάμῃ,</span> <span class='ocrx_word' id='word_1_135' title='bbox 445 918 491 945; x_wconf 69' lang='grc' dir='ltr'><strong>καὶ</strong></span> <span class='ocrx_word' id='word_1_136' title='bbox 509 919 575 950; x_wconf 79' lang='grc' dir='ltr'>ὅσας</span> <span class='ocrx_word' id='word_1_137' title='bbox 597 918 632 945; x_wconf 83' lang='grc' dir='ltr'>ἂν</span> <span class='ocrx_word' id='word_1_138' title='bbox 654 920 756 956; x_wconf 79' lang='grc' dir='ltr'>ποιήσῃ</span> <span class='ocrx_word' id='word_1_139' title='bbox 767 920 950 953; x_wconf 83' lang='grc' dir='ltr'><strong>δικαιοσύνας,</strong></span> <span class='ocrx_word' id='word_1_140' title='bbox 967 921 1005 954; x_wconf 86' lang='grc' dir='ltr'>ὡς</span> 
     </span>
    </p>
   </div>
   <div class='ocr_carea' id='block_1_21' title="bbox 216 964 1004 1002">
    <p class='ocr_par' dir='ltr' id='par_1_21' title="bbox 216 964 1004 1002">
     <span class='ocr_line' id='line_1_21' title="bbox 216 964 1004 1002; baseline 0.004 -11"><span class='ocrx_word' id='word_1_141' title='bbox 216 964 302 1000; x_wconf 83' lang='grc' dir='ltr'>μηδὲν</span> <span class='ocrx_word' id='word_1_142' title='bbox 332 964 452 1000; x_wconf 79' lang='grc' dir='ltr'>ποιήσας</span> <span class='ocrx_word' id='word_1_143' title='bbox 475 964 641 998; x_wconf 82' lang='grc' dir='ltr'>διακεῖσθαι,</span> <span class='ocrx_word' id='word_1_144' title='bbox 671 965 719 991; x_wconf 74' lang='grc' dir='ltr'><strong>καὶ</strong></span> <span class='ocrx_word' id='word_1_145' title='bbox 743 965 882 1000; x_wconf 78' lang='grc' dir='ltr'>νηστεύων</span> <span class='ocrx_word' id='word_1_146' title='bbox 903 966 1004 1002; x_wconf 81' lang='grc' dir='ltr'>λέγειν,</span> 
     </span>
    </p>
   </div>
   <div class='ocr_carea' id='block_1_22' title="bbox 213 1009 1005 1048">
    <p class='ocr_par' dir='ltr' id='par_1_22' title="bbox 213 1009 1005 1048">
     <span class='ocr_line' id='line_1_22' title="bbox 213 1009 1005 1048; baseline 0.004 -11"><span class='ocrx_word' id='word_1_147' title='bbox 213 1010 273 1038; x_wconf 77' lang='grc' dir='ltr'><strong>οὐκ</strong></span> <span class='ocrx_word' id='word_1_148' title='bbox 280 1009 461 1043; x_wconf 77' lang='grc' dir='ltr'>ἐνήστευσα·</span> <span class='ocrx_word' id='word_1_149' title='bbox 470 1010 628 1046; x_wconf 82' lang='grc' dir='ltr'>εὐχόμενος,</span> <span class='ocrx_word' id='word_1_150' title='bbox 636 1011 696 1038; x_wconf 83' lang='grc' dir='ltr'><strong>οὐκ</strong></span> <span class='ocrx_word' id='word_1_151' title='bbox 705 1010 847 1046; x_wconf 79' lang='grc' dir='ltr'>ηὐξάμην</span> <span class='ocrx_word' id='word_1_152' title='bbox 857 1020 864 1028; x_wconf 93' lang='grc'><strong>·</strong></span> <span class='ocrx_word' id='word_1_153' title='bbox 877 1013 1005 1048; x_wconf 79' lang='grc' dir='ltr'>παραμέ-</span> 
     </span>
    </p>
   </div>
   <div class='ocr_carea' id='block_1_23' title="bbox 215 1055 1005 1092">
    <p class='ocr_par' dir='ltr' id='par_1_23' title="bbox 215 1055 1005 1092">
     <span class='ocr_line' id='line_1_23' title="bbox 215 1055 1005 1092; baseline 0.003 -10"><span class='ocrx_word' id='word_1_154' title='bbox 215 1056 307 1090; x_wconf 81' lang='grc' dir='ltr'>νωντῇ</span> <span class='ocrx_word' id='word_1_155' title='bbox 320 1055 398 1090; x_wconf 81' lang='grc' dir='ltr'>εὐχῇ,</span> <span class='ocrx_word' id='word_1_156' title='bbox 417 1056 458 1083; x_wconf 88' lang='grc' dir='ltr'><strong>οὐ</strong></span> <span class='ocrx_word' id='word_1_157' title='bbox 472 1055 647 1090; x_wconf 75' lang='grc' dir='ltr'>παρέμειναο</span> <span class='ocrx_word' id='word_1_158' title='bbox 665 1055 715 1083; x_wconf 78' lang='grc' dir='ltr'><strong>καί</strong></span> <span class='ocrx_word' id='word_1_159' title='bbox 730 1056 1005 1092; x_wconf 71' lang='grc' dir='ltr'><strong>ἀκμὴνάρκὴνᾶχω</strong></span> 
     </span>
    </p>
   </div>
   <div class='ocr_carea' id='block_1_24' title="bbox 213 1099 1005 1139">
    <p class='ocr_par' dir='ltr' id='par_1_24' title="bbox 213 1099 1005 1139">
     <span class='ocr_line' id='line_1_24' title="bbox 213 1099 1005 1139; baseline 0.003 -12"><span class='ocrx_word' id='word_1_160' title='bbox 213 1099 268 1127; x_wconf 81' lang='grc' dir='ltr'>τοῦ</span> <span class='ocrx_word' id='word_1_161' title='bbox 280 1100 398 1134; x_wconf 78' lang='grc' dir='ltr'>ἀσκεῖν,</span> <span class='ocrx_word' id='word_1_162' title='bbox 412 1101 461 1128; x_wconf 78' lang='grc' dir='ltr'><strong>καί</strong></span> <span class='ocrx_word' id='word_1_163' title='bbox 478 1101 614 1136; x_wconf 79' lang='grc' dir='ltr'><strong>κάμνειν·</strong></span> <span class='ocrx_word' id='word_1_164' title='bbox 629 1100 682 1128; x_wconf 84' lang='grc' dir='ltr'>κᾶν</span> <span class='ocrx_word' id='word_1_165' title='bbox 695 1101 798 1134; x_wconf 81' lang='grc' dir='ltr'>δίκαιος</span> <span class='ocrx_word' id='word_1_166' title='bbox 848 1102 924 1138; x_wconf 80' lang='grc' dir='ltr'>παρὰ</span> <span class='ocrx_word' id='word_1_167' title='bbox 933 1102 1005 1137; x_wconf 86' lang='grc' dir='ltr'>Θεῷ,</span> 
     </span>
    </p>
   </div>
   <div class='ocr_carea' id='block_1_25' title="bbox 214 1145 1004 1183">
    <p class='ocr_par' dir='ltr' id='par_1_25' title="bbox 214 1145 1004 1183">
     <span class='ocr_line' id='line_1_25' title="bbox 214 1145 1004 1183; baseline 0.003 -11"><span class='ocrx_word' id='word_1_168' title='bbox 214 1145 315 1179; x_wconf 77' lang='grc' dir='ltr'>ὀφείλει</span> <span class='ocrx_word' id='word_1_169' title='bbox 333 1146 434 1180; x_wconf 69' lang='grc' dir='ltr'>λέγειν,</span> <span class='ocrx_word' id='word_1_170' title='bbox 446 1146 518 1181; x_wconf 74' lang='grc' dir='ltr'><strong>Ἐγὼ</strong></span> <span class='ocrx_word' id='word_1_171' title='bbox 530 1148 586 1174; x_wconf 81' lang='grc' dir='ltr'>οὐκ</span> <span class='ocrx_word' id='word_1_172' title='bbox 598 1146 657 1181; x_wconf 77' lang='grc' dir='ltr'>είμὶ</span> <span class='ocrx_word' id='word_1_173' title='bbox 670 1146 794 1181; x_wconf 77' lang='grc' dir='ltr'>δίκαιος,</span> <span class='ocrx_word' id='word_1_174' title='bbox 810 1148 879 1174; x_wconf 78' lang='grc' dir='ltr'>οὔτε</span> <span class='ocrx_word' id='word_1_175' title='bbox 891 1148 1004 1183; x_wconf 79' lang='grc' dir='ltr'>κάμνω,</span> 
     </span>
    </p>
   </div>
   <div class='ocr_carea' id='block_1_26' title="bbox 213 1191 1004 1229">
    <p class='ocr_par' dir='ltr' id='par_1_26' title="bbox 213 1191 1004 1229">
     <span class='ocr_line' id='line_1_26' title="bbox 213 1191 1004 1229; baseline 0.003 -11"><span class='ocrx_word' id='word_1_176' title='bbox 213 1191 296 1218; x_wconf 67' lang='grc' dir='ltr'><strong>ἀλλὰ</strong></span> <span class='ocrx_word' id='word_1_177' title='bbox 308 1192 372 1218; x_wconf 74' lang='grc' dir='ltr'>καθ’</span> <span class='ocrx_word' id='word_1_178' title='bbox 386 1191 500 1226; x_wconf 74' lang='grc' dir='ltr'>ἡμέραν</span> <span class='ocrx_word' id='word_1_179' title='bbox 511 1192 647 1228; x_wconf 74' lang='grc' dir='ltr'>ἄρχομαι.</span> <span class='ocrx_word' id='word_1_180' title='bbox 673 1192 791 1228; x_wconf 87' lang='grc' dir='ltr'>Ὀφείλει</span> <span class='ocrx_word' id='word_1_181' title='bbox 807 1193 835 1220; x_wconf 78' lang='grc' dir='ltr'>δὲ</span> <span class='ocrx_word' id='word_1_182' title='bbox 850 1193 922 1229; x_wconf 77' lang='grc' dir='ltr'>ἔχειν</span> <span class='ocrx_word' id='word_1_183' title='bbox 944 1194 1004 1221; x_wconf 82' lang='grc' dir='ltr'>καθ’</span> 
     </span>
    </p>
   </div>
   <div class='ocr_carea' id='block_1_27' title="bbox 213 1238 1006 1278">
    <p class='ocr_par' dir='ltr' id='par_1_27' title="bbox 213 1238 1006 1278">
     <span class='ocr_line' id='line_1_27' title="bbox 213 1238 1006 1278; baseline 0.008 -14"><span class='ocrx_word' id='word_1_184' title='bbox 213 1238 322 1274; x_wconf 76' lang='grc' dir='ltr'>ἡμέραν</span> <span class='ocrx_word' id='word_1_185' title='bbox 328 1238 378 1274; x_wconf 85' lang='grc' dir='ltr'><strong>τὴν</strong></span> <span class='ocrx_word' id='word_1_186' title='bbox 390 1239 485 1267; x_wconf 79' lang='grc' dir='ltr'>ιλπίδα</span> <span class='ocrx_word' id='word_1_187' title='bbox 494 1240 541 1267; x_wconf 79' lang='grc' dir='ltr'><strong>καὶ</strong></span> <span class='ocrx_word' id='word_1_188' title='bbox 550 1240 600 1276; x_wconf 80' lang='grc' dir='ltr'><strong>τὴν</strong></span> <span class='ocrx_word' id='word_1_189' title='bbox 608 1240 707 1276; x_wconf 78' lang='grc' dir='ltr'>χαρὰν,</span> <span class='ocrx_word' id='word_1_190' title='bbox 719 1242 768 1268; x_wconf 75' lang='grc' dir='ltr'>καὶ</span> <span class='ocrx_word' id='word_1_191' title='bbox 776 1241 826 1277; x_wconf 80' lang='grc' dir='ltr'>τὴν</span> <span class='ocrx_word' id='word_1_192' title='bbox 840 1242 1006 1278; x_wconf 69' lang='grc' dir='ltr'>προσδοκίαν</span> 
     </span>
    </p>
   </div>
   <div class='ocr_carea' id='block_1_28' title="bbox 214 1284 1004 1323">
    <p class='ocr_par' dir='ltr' id='par_1_28' title="bbox 214 1284 1004 1323">
     <span class='ocr_line' id='line_1_28' title="bbox 214 1284 1004 1323; baseline 0.006 -13"><span class='ocrx_word' id='word_1_193' title='bbox 214 1284 264 1318; x_wconf 85' lang='grc' dir='ltr'>τῆς</span> <span class='ocrx_word' id='word_1_194' title='bbox 281 1284 430 1320; x_wconf 75' lang='grc' dir='ltr'>μελλούσης</span> <span class='ocrx_word' id='word_1_195' title='bbox 462 1285 602 1320; x_wconf 86' lang='grc' dir='ltr'>βασιλείας</span> <span class='ocrx_word' id='word_1_196' title='bbox 621 1287 671 1314; x_wconf 79' lang='grc' dir='ltr'>καὶ</span> <span class='ocrx_word' id='word_1_197' title='bbox 695 1287 931 1323; x_wconf 80' lang='grc' dir='ltr'>ἀπολυτρώσεως,</span> <span class='ocrx_word' id='word_1_198' title='bbox 957 1289 1004 1316; x_wconf 80' lang='grc' dir='ltr'>καὶ</span> 
     </span>
    </p>
   </div>
   <div class='ocr_carea' id='block_1_29' title="bbox 213 1328 1005 1367">
    <p class='ocr_par' dir='ltr' id='par_1_29' title="bbox 213 1328 1005 1367">
     <span class='ocr_line' id='line_1_29' title="bbox 213 1328 1005 1367; baseline 0.008 -12"><span class='ocrx_word' id='word_1_199' title='bbox 213 1328 312 1363; x_wconf 74' lang='grc' dir='ltr'>λέγων,</span> <span class='ocrx_word' id='word_1_200' title='bbox 335 1329 404 1357; x_wconf 79' lang='grc' dir='ltr'><strong>Ἐὰν</strong></span> <span class='ocrx_word' id='word_1_201' title='bbox 415 1330 552 1366; x_wconf 74' lang='grc' dir='ltr'>σήμερον</span> <span class='ocrx_word' id='word_1_202' title='bbox 561 1332 618 1358; x_wconf 79' lang='grc' dir='ltr'>οὐκ</span> <span class='ocrx_word' id='word_1_203' title='bbox 631 1331 816 1366; x_wconf 72' lang='grc' dir='ltr'>ἐλυτρώθην,</span> <span class='ocrx_word' id='word_1_204' title='bbox 831 1333 938 1367; x_wconf 81' lang='grc' dir='ltr'>αὔριον</span> <span class='ocrx_word' id='word_1_205' title='bbox 950 1335 1005 1362; x_wconf 77' lang='grc' dir='ltr'><strong>λυ-</strong></span> 
     </span>
    </p>
   </div>
   <div class='ocr_carea' id='block_1_30' title="bbox 215 1375 1002 1414">
    <p class='ocr_par' dir='ltr' id='par_1_30' title="bbox 215 1375 1002 1414">
     <span class='ocr_line' id='line_1_30' title="bbox 215 1375 1002 1414; baseline 0.004 -12"><span class='ocrx_word' id='word_1_206' title='bbox 215 1375 350 1410; x_wconf 73' lang='grc' dir='ltr'>τροῦμαιο</span> <span class='ocrx_word' id='word_1_207' title='bbox 363 1375 402 1408; x_wconf 85' lang='grc' dir='ltr'><strong>ὡς</strong></span> <span class='ocrx_word' id='word_1_208' title='bbox 414 1376 469 1411; x_wconf 82' lang='grc' dir='ltr'><strong>γὰρ</strong></span> <span class='ocrx_word' id='word_1_209' title='bbox 491 1377 506 1403; x_wconf 84' lang='grc' dir='ltr'><strong><em>ὁ</em></strong></span> <span class='ocrx_word' id='word_1_210' title='bbox 522 1376 647 1412; x_wconf 82' lang='grc' dir='ltr'>φυτεύων</span> <span class='ocrx_word' id='word_1_211' title='bbox 667 1377 790 1413; x_wconf 78' lang='grc' dir='ltr'>ἄμπελον</span> <span class='ocrx_word' id='word_1_212' title='bbox 805 1378 871 1414; x_wconf 81' lang='grc' dir='ltr'>πρὶν</span> <span class='ocrx_word' id='word_1_213' title='bbox 891 1379 908 1414; x_wconf 81' lang='grc' dir='ltr'>ἢ</span> <span class='ocrx_word' id='word_1_214' title='bbox 923 1378 1002 1414; x_wconf 75' lang='grc' dir='ltr'>ἑξάρ-</span> 
     </span>
    </p>
   </div>
   <div class='ocr_carea' id='block_1_31' title="bbox 216 1419 1004 1459">
    <p class='ocr_par' dir='ltr' id='par_1_31' title="bbox 216 1419 1004 1459">
     <span class='ocr_line' id='line_1_31' title="bbox 216 1419 1004 1459; baseline 0.005 -13"><span class='ocrx_word' id='word_1_215' title='bbox 216 1419 312 1452; x_wconf 83' lang='grc' dir='ltr'>ξασθαι</span> <span class='ocrx_word' id='word_1_216' title='bbox 326 1419 375 1447; x_wconf 80' lang='grc' dir='ltr'><strong>τοῦ</strong></span> <span class='ocrx_word' id='word_1_217' title='bbox 393 1421 533 1457; x_wconf 81' lang='grc' dir='ltr'><strong>καμάτου,</strong></span> <span class='ocrx_word' id='word_1_218' title='bbox 550 1421 608 1457; x_wconf 76' lang='grc' dir='ltr'>ἔχει</span> <span class='ocrx_word' id='word_1_219' title='bbox 621 1421 671 1458; x_wconf 84' lang='grc' dir='ltr'><strong>τὴν</strong></span> <span class='ocrx_word' id='word_1_220' title='bbox 687 1422 775 1458; x_wconf 87' lang='grc' dir='ltr'>χαρὰν</span> <span class='ocrx_word' id='word_1_221' title='bbox 798 1423 827 1449; x_wconf 77' lang='grc' dir='ltr'>ὲν</span> <span class='ocrx_word' id='word_1_222' title='bbox 843 1423 941 1459; x_wconf 79' lang='grc' dir='ltr'>ἐαυτῷ,</span> <span class='ocrx_word' id='word_1_223' title='bbox 957 1425 1004 1450; x_wconf 75' lang='grc' dir='ltr'>καὶ</span> 
     </span>
    </p>
   </div>
   <div class='ocr_carea' id='block_1_32' title="bbox 214 1465 1002 1504">
    <p class='ocr_par' dir='ltr' id='par_1_32' title="bbox 214 1465 1002 1504">
     <span class='ocr_line' id='line_1_32' title="bbox 214 1465 1002 1504; baseline 0.005 -12"><span class='ocrx_word' id='word_1_224' title='bbox 214 1465 264 1501; x_wconf 82' lang='grc' dir='ltr'>τὴν</span> <span class='ocrx_word' id='word_1_225' title='bbox 282 1465 388 1493; x_wconf 72' lang='grc' dir='ltr'>ἑλπίδαο</span> <span class='ocrx_word' id='word_1_226' title='bbox 410 1468 458 1493; x_wconf 78' lang='grc' dir='ltr'>καὶ</span> <span class='ocrx_word' id='word_1_227' title='bbox 474 1467 675 1503; x_wconf 87' lang='grc' dir='ltr'>προδιαγράφει</span> <span class='ocrx_word' id='word_1_228' title='bbox 693 1468 722 1494; x_wconf 73' lang='lat' dir='ltr'><strong>tv</strong></span> <span class='ocrx_word' id='word_1_229' title='bbox 741 1467 781 1503; x_wconf 82' lang='grc' dir='ltr'>τῷ</span> <span class='ocrx_word' id='word_1_230' title='bbox 801 1468 839 1504; x_wconf 92' lang='grc' dir='ltr'>νῷ</span> <span class='ocrx_word' id='word_1_231' title='bbox 862 1469 1002 1503; x_wconf 84' lang='grc' dir='ltr'>οίνεῶνας,</span> 
     </span>
    </p>
   </div>
   <div class='ocr_carea' id='block_1_33' title="bbox 215 1511 1004 1549">
    <p class='ocr_par' dir='ltr' id='par_1_33' title="bbox 215 1511 1004 1549">
     <span class='ocr_line' id='line_1_33' title="bbox 215 1511 1004 1549; baseline 0.005 -11"><span class='ocrx_word' id='word_1_232' title='bbox 215 1512 263 1538; x_wconf 71' lang='grc' dir='ltr'>καὶ</span> <span class='ocrx_word' id='word_1_233' title='bbox 275 1511 391 1547; x_wconf 79' lang='grc' dir='ltr'>ψηφίζει</span> <span class='ocrx_word' id='word_1_234' title='bbox 412 1512 571 1548; x_wconf 82' lang='grc' dir='ltr'>προσόδους,</span> <span class='ocrx_word' id='word_1_235' title='bbox 590 1514 673 1549; x_wconf 83' lang='grc' dir='ltr'>μήπω</span> <span class='ocrx_word' id='word_1_236' title='bbox 685 1513 833 1549; x_wconf 80' lang='grc' dir='ltr'>γενομένου</span> <span class='ocrx_word' id='word_1_237' title='bbox 847 1514 930 1542; x_wconf 81' lang='grc' dir='ltr'>οίνου.</span> <span class='ocrx_word' id='word_1_238' title='bbox 948 1515 1004 1542; x_wconf 79' lang='grc' dir='ltr'><strong>Καὶ</strong></span> 
     </span>
    </p>
   </div>
   <div class='ocr_carea' id='block_1_34' title="bbox 215 1557 1038 1605">
    <p class='ocr_par' dir='ltr' id='par_1_34' title="bbox 215 1557 1038 1605">
     <span class='ocr_line' id='line_1_34' title="bbox 215 1557 1038 1605; baseline 0.005 -21"><span class='ocrx_word' id='word_1_239' title='bbox 215 1557 302 1605; x_wconf 78' lang='grc' dir='ltr'>οὓτως</span> <span class='ocrx_word' id='word_1_240' title='bbox 319 1557 480 1605; x_wconf 76' lang='grc' dir='ltr'>ἀναδέχεται</span> <span class='ocrx_word' id='word_1_241' title='bbox 489 1558 541 1605; x_wconf 16' lang='grc' dir='ltr'>γτδν</span> <span class='ocrx_word' id='word_1_242' title='bbox 555 1559 690 1605; x_wconf 77' lang='grc' dir='ltr'>κάματον.</span> <span class='ocrx_word' id='word_1_243' title='bbox 706 1559 739 1586; x_wconf 85' lang='grc' dir='ltr'><em>Ἢ</em></span> <span class='ocrx_word' id='word_1_244' title='bbox 760 1559 814 1595; x_wconf 84' lang='grc' dir='ltr'><strong>γὰρ</strong></span> <span class='ocrx_word' id='word_1_245' title='bbox 834 1560 912 1592; x_wconf 69' lang='grc' dir='ltr'>ἐλπὶς</span> <span class='ocrx_word' id='word_1_246' title='bbox 925 1561 971 1588; x_wconf 83' lang='grc' dir='ltr'>καὶ</span> <span class='ocrx_word' id='word_1_247' title='bbox 986 1562 1003 1597; x_wconf 83' lang='grc' dir='ltr'>ἡ</span> <span class='ocrx_word' id='word_1_248' title='bbox 1017 1575 1038 1605; x_wconf 77' lang='lat' dir='ltr'>c</span> 
     </span>
    </p>
   </div>
   <div class='ocr_carea' id='block_1_35' title="bbox 215 1602 1004 1640">
    <p class='ocr_par' dir='ltr' id='par_1_35' title="bbox 215 1602 1004 1640">
     <span class='ocr_line' id='line_1_35' title="bbox 215 1602 1004 1640; baseline 0.005 -11"><span class='ocrx_word' id='word_1_249' title='bbox 215 1602 365 1638; x_wconf 82' lang='grc' dir='ltr'>προσδοκία</span> <span class='ocrx_word' id='word_1_250' title='bbox 379 1604 454 1630; x_wconf 84' lang='grc' dir='ltr'>ποιεί</span> <span class='ocrx_word' id='word_1_251' title='bbox 465 1603 548 1631; x_wconf 82' lang='grc' dir='ltr'>αὐτὸν</span> <span class='ocrx_word' id='word_1_252' title='bbox 561 1603 709 1640; x_wconf 83' lang='grc' dir='ltr'>προθύμως</span> <span class='ocrx_word' id='word_1_253' title='bbox 732 1605 858 1640; x_wconf 65' lang='grc' dir='ltr'>κάμνεινδ</span> <span class='ocrx_word' id='word_1_254' title='bbox 877 1606 923 1632; x_wconf 71' lang='grc' dir='ltr'>καὶ</span> <span class='ocrx_word' id='word_1_255' title='bbox 935 1606 1004 1639; x_wconf 79' lang='grc' dir='ltr'>τέως</span> 
     </span>
    </p>
   </div>
   <div class='ocr_carea' id='block_1_36' title="bbox 214 1648 1004 1687">
    <p class='ocr_par' dir='ltr' id='par_1_36' title="bbox 214 1648 1004 1687">
     <span class='ocr_line' id='line_1_36' title="bbox 214 1648 1004 1687; baseline 0.004 -12"><span class='ocrx_word' id='word_1_256' title='bbox 214 1648 247 1675; x_wconf 71' lang='grc' dir='ltr'>ὲκ</span> <span class='ocrx_word' id='word_1_257' title='bbox 258 1648 305 1675; x_wconf 77' lang='grc' dir='ltr'>τοῦ</span> <span class='ocrx_word' id='word_1_258' title='bbox 317 1649 394 1676; x_wconf 80' lang='grc' dir='ltr'>οῐκου</span> <span class='ocrx_word' id='word_1_259' title='bbox 410 1648 511 1682; x_wconf 78' lang='grc' dir='ltr'>πολλὰς</span> <span class='ocrx_word' id='word_1_260' title='bbox 533 1649 656 1682; x_wconf 71' lang='grc' dir='ltr'>δαπάνας</span> <span class='ocrx_word' id='word_1_261' title='bbox 679 1649 832 1687; x_wconf 80' lang='grc' dir='ltr'>σκορπίζει·</span> <span class='ocrx_word' id='word_1_262' title='bbox 844 1651 945 1686; x_wconf 83' lang='grc' dir='ltr'>ὁμοίως</span> <span class='ocrx_word' id='word_1_263' title='bbox 957 1652 1004 1679; x_wconf 79' lang='grc' dir='ltr'>καὶ</span> 
     </span>
    </p>
   </div>
   <div class='ocr_carea' id='block_1_37' title="bbox 214 1693 1004 1735">
    <p class='ocr_par' dir='ltr' id='par_1_37' title="bbox 214 1693 1004 1735">
     <span class='ocr_line' id='line_1_37' title="bbox 214 1693 1004 1735; baseline 0.008 -14"><span class='ocrx_word' id='word_1_264' title='bbox 214 1694 229 1721; x_wconf 82' lang='grc' dir='ltr'><strong>ὁ</strong></span> <span class='ocrx_word' id='word_1_265' title='bbox 247 1695 397 1731; x_wconf 78' lang='grc' dir='ltr'>οἰκοδομῶν</span> <span class='ocrx_word' id='word_1_266' title='bbox 410 1693 496 1729; x_wconf 74' lang='grc' dir='ltr'>οἷκον,</span> <span class='ocrx_word' id='word_1_267' title='bbox 516 1697 564 1723; x_wconf 81' lang='grc' dir='ltr'>καὶ</span> <span class='ocrx_word' id='word_1_268' title='bbox 579 1697 594 1723; x_wconf 71' lang='grc' dir='ltr'><strong><em>ὁ</em></strong></span> <span class='ocrx_word' id='word_1_269' title='bbox 608 1698 752 1734; x_wconf 83' lang='grc' dir='ltr'>γεωργῶν,</span> <span class='ocrx_word' id='word_1_270' title='bbox 773 1699 882 1735; x_wconf 82' lang='grc' dir='ltr'>πρῶτον</span> <span class='ocrx_word' id='word_1_271' title='bbox 899 1701 933 1726; x_wconf 74' lang='grc' dir='ltr'>ἐκ</span> <span class='ocrx_word' id='word_1_272' title='bbox 949 1699 1004 1726; x_wconf 83' lang='grc' dir='ltr'>τῶν</span> 
     </span>
    </p>
   </div>
   <div class='ocr_carea' id='block_1_38' title="bbox 217 1739 1004 1781">
    <p class='ocr_par' dir='ltr' id='par_1_38' title="bbox 217 1739 1004 1781">
     <span class='ocr_line' id='line_1_38' title="bbox 217 1739 1004 1781; baseline 0.009 -15"><span class='ocrx_word' id='word_1_273' title='bbox 217 1739 290 1767; x_wconf 79' lang='grc' dir='ltr'>ίδὶων</span> <span class='ocrx_word' id='word_1_274' title='bbox 302 1740 387 1768; x_wconf 80' lang='grc' dir='ltr'>πολλὰ</span> <span class='ocrx_word' id='word_1_275' title='bbox 401 1741 545 1777; x_wconf 78' lang='grc' dir='ltr'>σκορπίζει</span> <span class='ocrx_word' id='word_1_276' title='bbox 556 1742 601 1769; x_wconf 85' lang='grc' dir='ltr'><strong>διὰ</strong></span> <span class='ocrx_word' id='word_1_277' title='bbox 616 1743 666 1779; x_wconf 86' lang='grc' dir='ltr'>τὴν</span> <span class='ocrx_word' id='word_1_278' title='bbox 683 1744 778 1772; x_wconf 74' lang='grc' dir='ltr'>ἐλπίδα</span> <span class='ocrx_word' id='word_1_279' title='bbox 789 1746 840 1780; x_wconf 85' lang='grc' dir='ltr'>τῆς</span> <span class='ocrx_word' id='word_1_280' title='bbox 853 1745 1004 1781; x_wconf 82' lang='grc' dir='ltr'>μελλούσης</span> 
     </span>
    </p>
   </div>
   <div class='ocr_carea' id='block_1_39' title="bbox 216 1785 1004 1826">
    <p class='ocr_par' dir='ltr' id='par_1_39' title="bbox 216 1785 1004 1826">
     <span class='ocr_line' id='line_1_39' title="bbox 216 1785 1004 1826; baseline 0.009 -15"><span class='ocrx_word' id='word_1_281' title='bbox 216 1785 357 1821; x_wconf 67' lang='grc' dir='ltr'>προσόδουυ</span> <span class='ocrx_word' id='word_1_282' title='bbox 368 1786 440 1814; x_wconf 80' lang='grc' dir='ltr'>οὕτω</span> <span class='ocrx_word' id='word_1_283' title='bbox 451 1787 601 1820; x_wconf 79' lang='grc' dir='ltr'>κάνταῦθα,</span> <span class='ocrx_word' id='word_1_284' title='bbox 615 1788 663 1816; x_wconf 67' lang='grc' dir='ltr'>ἐὰν</span> <span class='ocrx_word' id='word_1_285' title='bbox 674 1789 711 1824; x_wconf 89' lang='grc' dir='ltr'><strong>μή</strong></span> <span class='ocrx_word' id='word_1_286' title='bbox 722 1798 765 1821; x_wconf 87' lang='grc' dir='ltr'><strong>τις</strong></span> <span class='ocrx_word' id='word_1_287' title='bbox 779 1789 829 1826; x_wconf 72' lang='grc' dir='ltr'><strong>ἔχῃ</strong></span> <span class='ocrx_word' id='word_1_288' title='bbox 840 1790 892 1826; x_wconf 81' lang='grc' dir='ltr'>πρὸ</span> <span class='ocrx_word' id='word_1_289' title='bbox 903 1791 1004 1825; x_wconf 82' lang='grc' dir='ltr'>ὀφθαλ-</span> 
     </span>
    </p>
   </div>
   <div class='ocr_carea' id='block_1_40' title="bbox 216 1831 1003 1871">
    <p class='ocr_par' dir='ltr' id='par_1_40' title="bbox 216 1831 1003 1871">
     <span class='ocr_line' id='line_1_40' title="bbox 216 1831 1003 1871; baseline 0.009 -14"><span class='ocrx_word' id='word_1_290' title='bbox 216 1831 276 1866; x_wconf 81' lang='grc' dir='ltr'>μῶν</span> <span class='ocrx_word' id='word_1_291' title='bbox 289 1831 338 1867; x_wconf 79' lang='grc' dir='ltr'>τὴν</span> <span class='ocrx_word' id='word_1_292' title='bbox 352 1831 440 1868; x_wconf 79' lang='grc' dir='ltr'>χαρὰν</span> <span class='ocrx_word' id='word_1_293' title='bbox 454 1833 501 1860; x_wconf 75' lang='grc' dir='ltr'><strong>καὶ</strong></span> <span class='ocrx_word' id='word_1_294' title='bbox 522 1833 572 1870; x_wconf 83' lang='grc' dir='ltr'><strong>τὴν</strong></span> <span class='ocrx_word' id='word_1_295' title='bbox 588 1834 692 1866; x_wconf 69' lang='grc' dir='ltr'>ἐλπίδα,</span> <span class='ocrx_word' id='word_1_296' title='bbox 708 1835 748 1862; x_wconf 83' lang='grc' dir='ltr'>ὅτι</span> <span class='ocrx_word' id='word_1_297' title='bbox 766 1835 874 1863; x_wconf 64' lang='lat' dir='ltr'><strong>meum</strong></span> <span class='ocrx_word' id='word_1_298' title='bbox 889 1835 1003 1871; x_wconf 71' lang='grc' dir='ltr'>λυτρώ-</span> 
     </span>
    </p>
   </div>
   <div class='ocr_carea' id='block_1_41' title="bbox 215 1878 1004 1917">
    <p class='ocr_par' dir='ltr' id='par_1_41' title="bbox 215 1878 1004 1917">
     <span class='ocr_line' id='line_1_41' title="bbox 215 1878 1004 1917; baseline 0.009 -15"><span class='ocrx_word' id='word_1_299' title='bbox 215 1883 294 1910; x_wconf 77' lang='grc' dir='ltr'>σοως</span> <span class='ocrx_word' id='word_1_300' title='bbox 317 1878 478 1912; x_wconf 72' lang='grc' dir='ltr'><strong>τυγχάνειν</strong></span> <span class='ocrx_word' id='word_1_301' title='bbox 499 1879 548 1906; x_wconf 73' lang='grc' dir='ltr'>καὶ</span> <span class='ocrx_word' id='word_1_302' title='bbox 567 1879 652 1915; x_wconf 84' lang='grc' dir='ltr'>ζωῆς,</span> <span class='ocrx_word' id='word_1_303' title='bbox 668 1881 699 1908; x_wconf 79' lang='grc' dir='ltr'>οὐ</span> <span class='ocrx_word' id='word_1_304' title='bbox 719 1881 831 1908; x_wconf 87' lang='grc' dir='ltr'>δύναται</span> <span class='ocrx_word' id='word_1_305' title='bbox 857 1882 1004 1917; x_wconf 75' lang='grc' dir='ltr'>ὑπομένειν</span> 
     </span>
    </p>
   </div>
   <div class='ocr_carea' id='block_1_42' title="bbox 215 1922 1004 1963">
    <p class='ocr_par' dir='ltr' id='par_1_42' title="bbox 215 1922 1004 1963">
     <span class='ocr_line' id='line_1_42' title="bbox 215 1922 1004 1963; baseline 0.009 -15"><span class='ocrx_word' id='word_1_306' title='bbox 215 1922 266 1954; x_wconf 80' lang='grc' dir='ltr'><strong>τὰς</strong></span> <span class='ocrx_word' id='word_1_307' title='bbox 292 1922 409 1957; x_wconf 83' lang='grc' dir='ltr'>θλίψεις,</span> <span class='ocrx_word' id='word_1_308' title='bbox 429 1923 491 1951; x_wconf 78' lang='grc' dir='ltr'>οὔτε</span> <span class='ocrx_word' id='word_1_309' title='bbox 507 1925 538 1952; x_wconf 87' lang='grc' dir='ltr'><strong>τδ</strong></span> <span class='ocrx_word' id='word_1_310' title='bbox 553 1926 664 1962; x_wconf 83' lang='grc' dir='ltr'>φορτίον</span> <span class='ocrx_word' id='word_1_311' title='bbox 675 1945 684 1960; x_wconf 92' lang='grc'><strong>,</strong></span> <span class='ocrx_word' id='word_1_312' title='bbox 703 1927 750 1954; x_wconf 79' lang='grc' dir='ltr'>καὶ</span> <span class='ocrx_word' id='word_1_313' title='bbox 764 1927 815 1963; x_wconf 80' lang='grc' dir='ltr'>τὴν</span> <span class='ocrx_word' id='word_1_314' title='bbox 832 1928 928 1961; x_wconf 87' lang='grc' dir='ltr'>στενὴν</span> <span class='ocrx_word' id='word_1_315' title='bbox 944 1928 1004 1955; x_wconf 73' lang='grc' dir='ltr'>ὁδὸν</span> 
     </span>
    </p>
   </div>
   <div class='ocr_carea' id='block_1_43' title="bbox 216 1967 1005 2009">
    <p class='ocr_par' dir='ltr' id='par_1_43' title="bbox 216 1967 1005 2009">
     <span class='ocr_line' id='line_1_43' title="bbox 216 1967 1005 2009; baseline 0.01 -16"><span class='ocrx_word' id='word_1_316' title='bbox 216 1967 406 2001; x_wconf 79' lang='grc' dir='ltr'>ἀναδέξασθαι·</span> <span class='ocrx_word' id='word_1_317' title='bbox 419 1970 436 2005; x_wconf 91' lang='grc' dir='ltr'><strong>ή</strong></span> <span class='ocrx_word' id='word_1_318' title='bbox 454 1970 509 2006; x_wconf 83' lang='grc' dir='ltr'><strong>γὰρ</strong></span> <span class='ocrx_word' id='word_1_319' title='bbox 536 1971 655 1999; x_wconf 80' lang='grc' dir='ltr'>συνοῦσα</span> <span class='ocrx_word' id='word_1_320' title='bbox 677 1972 756 2005; x_wconf 75' lang='grc' dir='ltr'>ἐλπὶς</span> <span class='ocrx_word' id='word_1_321' title='bbox 778 1973 824 2000; x_wconf 78' lang='grc' dir='ltr'>καὶ</span> <span class='ocrx_word' id='word_1_322' title='bbox 846 1973 918 2009; x_wconf 83' lang='grc' dir='ltr'>χαρά</span> <span class='ocrx_word' id='word_1_323' title='bbox 932 1975 1005 2001; x_wconf 78' lang='grc' dir='ltr'>ποιεί</span> 
     </span>
    </p>
   </div>
   <div class='ocr_carea' id='block_1_44' title="bbox 215 2012 1004 2052">
    <p class='ocr_par' dir='ltr' id='par_1_44' title="bbox 215 2012 1004 2052">
     <span class='ocr_line' id='line_1_44' title="bbox 215 2012 1004 2052; baseline 0.008 -13"><span class='ocrx_word' id='word_1_324' title='bbox 215 2012 298 2039; x_wconf 81' lang='grc' dir='ltr'>αὐτὸν</span> <span class='ocrx_word' id='word_1_325' title='bbox 313 2014 438 2049; x_wconf 83' lang='grc' dir='ltr'>κάμνειν,</span> <span class='ocrx_word' id='word_1_326' title='bbox 465 2015 513 2042; x_wconf 80' lang='grc' dir='ltr'>καὶ</span> <span class='ocrx_word' id='word_1_327' title='bbox 539 2016 686 2052; x_wconf 84' lang='grc' dir='ltr'>ὑπομένειν</span> <span class='ocrx_word' id='word_1_328' title='bbox 704 2017 755 2049; x_wconf 85' lang='grc' dir='ltr'><strong>τὰς</strong></span> <span class='ocrx_word' id='word_1_329' title='bbox 780 2017 896 2052; x_wconf 67' lang='grc' dir='ltr'>θλίψεις)</span> <span class='ocrx_word' id='word_1_330' title='bbox 911 2018 958 2045; x_wconf 78' lang='grc' dir='ltr'>καὶ</span> <span class='ocrx_word' id='word_1_331' title='bbox 973 2017 1004 2045; x_wconf 82' lang='grc' dir='ltr'><strong>τὸ</strong></span> 
     </span>
    </p>
   </div>
   <div class='ocr_carea' id='block_1_45' title="bbox 216 2058 867 2096">
    <p class='ocr_par' dir='ltr' id='par_1_45' title="bbox 216 2058 867 2096">
     <span class='ocr_line' id='line_1_45' title="bbox 216 2058 867 2096; baseline 0.009 -12"><span class='ocrx_word' id='word_1_332' title='bbox 216 2058 336 2094; x_wconf 84' lang='grc' dir='ltr'>φορτίον,</span> <span class='ocrx_word' id='word_1_333' title='bbox 355 2059 403 2087; x_wconf 74' lang='grc' dir='ltr'>καὶ</span> <span class='ocrx_word' id='word_1_334' title='bbox 418 2059 468 2096; x_wconf 79' lang='grc' dir='ltr'><strong>τὴν</strong></span> <span class='ocrx_word' id='word_1_335' title='bbox 483 2061 580 2096; x_wconf 75' lang='grc' dir='ltr'>στενὴν</span> <span class='ocrx_word' id='word_1_336' title='bbox 600 2061 660 2088; x_wconf 80' lang='grc' dir='ltr'>όδδν</span> <span class='ocrx_word' id='word_1_337' title='bbox 676 2061 867 2095; x_wconf 81' lang='grc' dir='ltr'>ἀναδέξασθαι.</span> 
     </span>
    </p>
   </div>
   <div class='ocr_carea' id='block_1_46' title="bbox 250 2200 1002 2239">
    <p class='ocr_par' dir='ltr' id='par_1_46' title="bbox 250 2200 1002 2239">
     <span class='ocr_line' id='line_1_46' title="bbox 250 2200 1002 2239; baseline 0.003 -10"><span class='ocrx_word' id='word_1_338' title='bbox 250 2200 300 2229; x_wconf 65' lang='grc' dir='ltr'><strong>ιε’.</strong></span> <span class='ocrx_word' id='word_1_339' title='bbox 317 2202 424 2238; x_wconf 84' lang='grc' dir='ltr'>Ὠσπερ</span> <span class='ocrx_word' id='word_1_340' title='bbox 447 2203 477 2230; x_wconf 73' lang='grc' dir='ltr'>δὲ</span> <span class='ocrx_word' id='word_1_341' title='bbox 501 2203 553 2230; x_wconf 87' lang='grc' dir='ltr'>οὒκ</span> <span class='ocrx_word' id='word_1_342' title='bbox 578 2203 652 2231; x_wconf 76' lang='grc' dir='ltr'>ἐστιν</span> <span class='ocrx_word' id='word_1_343' title='bbox 678 2203 788 2231; x_wconf 76' lang='grc' dir='ltr'>εὔκολον</span> <span class='ocrx_word' id='word_1_344' title='bbox 810 2204 887 2231; x_wconf 85' lang='grc' dir='ltr'>δόλον</span> <span class='ocrx_word' id='word_1_345' title='bbox 906 2206 1002 2239; x_wconf 84' lang='grc' dir='ltr'>φυγεῖν</span> 
     </span>
    </p>
   </div>
   <div class='ocr_carea' id='block_1_47' title="bbox 1055 283 1845 320">
    <p class='ocr_par' dir='ltr' id='par_1_47' title="bbox 1055 283 1845 320">
     <span class='ocr_line' id='line_1_47' title="bbox 1055 283 1845 320; baseline -0.001 -9"><span class='ocrx_word' id='word_1_346' title='bbox 1055 284 1173 317; x_wconf 85' lang='lat' dir='ltr'><strong>fervens,</strong></span> <span class='ocrx_word' id='word_1_347' title='bbox 1187 284 1295 320; x_wconf 75' lang='lat' dir='ltr'><strong>scitque</strong></span> <span class='ocrx_word' id='word_1_348' title='bbox 1321 284 1445 318; x_wconf 77' lang='lat' dir='ltr'><strong>Satanas,</strong></span> <span class='ocrx_word' id='word_1_349' title='bbox 1462 292 1493 312; x_wconf 89' lang='lat' dir='ltr'><strong>ac</strong></span> <span class='ocrx_word' id='word_1_350' title='bbox 1511 284 1587 312; x_wconf 89' lang='lat' dir='ltr'><strong>videt</strong></span> <span class='ocrx_word' id='word_1_351' title='bbox 1600 291 1663 311; x_wconf 93' lang='lat' dir='ltr'><strong>eum</strong></span> <span class='ocrx_word' id='word_1_352' title='bbox 1688 283 1740 311; x_wconf 84' lang='lat' dir='ltr'><strong>sibi</strong></span> <span class='ocrx_word' id='word_1_353' title='bbox 1759 291 1845 318; x_wconf 88' lang='lat' dir='ltr'><strong>repu-</strong></span> 
     </span>
    </p>
   </div>
   <div class='ocr_carea' id='block_1_48' title="bbox 1055 329 1842 366">
    <p class='ocr_par' dir='ltr' id='par_1_48' title="bbox 1055 329 1842 366">
     <span class='ocr_line' id='line_1_48' title="bbox 1055 329 1842 366; baseline 0 -10"><span class='ocrx_word' id='word_1_354' title='bbox 1055 337 1150 365; x_wconf 79' lang='lat' dir='ltr'><strong>gnare,</strong></span> <span class='ocrx_word' id='word_1_355' title='bbox 1180 337 1232 358; x_wconf 90' lang='lat' dir='ltr'><strong>nec</strong></span> <span class='ocrx_word' id='word_1_356' title='bbox 1268 335 1362 358; x_wconf 88' lang='lat' dir='ltr'><strong>tamen</strong></span> <span class='ocrx_word' id='word_1_357' title='bbox 1395 330 1548 366; x_wconf 82' lang='lat' dir='ltr'><strong>reprimere</strong></span> <span class='ocrx_word' id='word_1_358' title='bbox 1576 333 1666 365; x_wconf 92' lang='lat' dir='ltr'><strong>potest</strong></span> <span class='ocrx_word' id='word_1_359' title='bbox 1690 329 1842 356; x_wconf 88' lang='lat' dir='ltr'><strong>hominem.</strong></span> 
     </span>
    </p>
   </div>
   <div class='ocr_carea' id='block_1_49' title="bbox 1055 373 1842 408">
    <p class='ocr_par' dir='ltr' id='par_1_49' title="bbox 1055 373 1842 408">
     <span class='ocr_line' id='line_1_49' title="bbox 1055 373 1842 408; baseline -0.001 -7"><span class='ocrx_word' id='word_1_360' title='bbox 1055 374 1108 407; x_wconf 87' lang='lat' dir='ltr'><strong>Qui</strong></span> <span class='ocrx_word' id='word_1_361' title='bbox 1135 374 1208 402; x_wconf 78' lang='lat' dir='ltr'><strong>hoc?</strong></span> <span class='ocrx_word' id='word_1_362' title='bbox 1235 374 1305 408; x_wconf 84' lang='lat' dir='ltr'><strong>Quia</strong></span> <span class='ocrx_word' id='word_1_363' title='bbox 1338 374 1422 402; x_wconf 88' lang='lat' dir='ltr'><strong>habet</strong></span> <span class='ocrx_word' id='word_1_364' title='bbox 1445 375 1615 402; x_wconf 72' lang='lat' dir='ltr'><strong>voluntatem</strong></span> <span class='ocrx_word' id='word_1_365' title='bbox 1643 373 1778 401; x_wconf 89' lang='lat' dir='ltr'><strong>clamandi</strong></span> <span class='ocrx_word' id='word_1_366' title='bbox 1808 373 1842 401; x_wconf 88' lang='lat' dir='ltr'><strong>ad</strong></span> 
     </span>
    </p>
   </div>
   <div class='ocr_carea' id='block_1_50' title="bbox 1056 419 1845 454">
    <p class='ocr_par' dir='ltr' id='par_1_50' title="bbox 1056 419 1845 454">
     <span class='ocr_line' id='line_1_50' title="bbox 1056 419 1845 454; baseline -0.004 -6"><span class='ocrx_word' id='word_1_367' title='bbox 1056 420 1154 453; x_wconf 89' lang='lat' dir='ltr'><strong>Deum,</strong></span> <span class='ocrx_word' id='word_1_368' title='bbox 1171 420 1254 448; x_wconf 86' lang='lat' dir='ltr'><strong>habet</strong></span> <span class='ocrx_word' id='word_1_369' title='bbox 1270 421 1376 448; x_wconf 77' lang='lat' dir='ltr'><strong>fructus</strong></span> <span class='ocrx_word' id='word_1_370' title='bbox 1390 420 1538 453; x_wconf 83' lang='lat' dir='ltr'><strong>naturales,</strong></span> <span class='ocrx_word' id='word_1_371' title='bbox 1560 424 1591 448; x_wconf 89' lang='lat' dir='ltr'><strong>ut</strong></span> <span class='ocrx_word' id='word_1_372' title='bbox 1616 419 1722 447; x_wconf 88' lang='lat' dir='ltr'><strong>scilicet</strong></span> <span class='ocrx_word' id='word_1_373' title='bbox 1749 419 1845 454; x_wconf 86' lang='lat' dir='ltr'><strong>diligat</strong></span> 
     </span>
    </p>
   </div>
   <div class='ocr_carea' id='block_1_51' title="bbox 1055 463 1843 500">
    <p class='ocr_par' dir='ltr' id='par_1_51' title="bbox 1055 463 1843 500">
     <span class='ocr_line' id='line_1_51' title="bbox 1055 463 1843 500; baseline -0.003 -8"><span class='ocrx_word' id='word_1_374' title='bbox 1055 464 1154 498; x_wconf 88' lang='lat' dir='ltr'><strong>Deum,</strong></span> <span class='ocrx_word' id='word_1_375' title='bbox 1175 469 1206 492; x_wconf 89' lang='lat' dir='ltr'><strong>ut</strong></span> <span class='ocrx_word' id='word_1_376' title='bbox 1219 465 1324 498; x_wconf 82' lang='lat' dir='ltr'><strong>credat,</strong></span> <span class='ocrx_word' id='word_1_377' title='bbox 1344 468 1375 492; x_wconf 89' lang='lat' dir='ltr'><strong>ut</strong></span> <span class='ocrx_word' id='word_1_378' title='bbox 1389 465 1522 500; x_wconf 85' lang='lat' dir='ltr'><strong>requirat,</strong></span> <span class='ocrx_word' id='word_1_379' title='bbox 1546 468 1574 491; x_wconf 92' lang='lat' dir='ltr'><strong>et</strong></span> <span class='ocrx_word' id='word_1_380' title='bbox 1586 464 1619 491; x_wconf 90' lang='lat' dir='ltr'><strong>ad</strong></span> <span class='ocrx_word' id='word_1_381' title='bbox 1632 472 1696 491; x_wconf 89' lang='lat' dir='ltr'><strong>eum</strong></span> <span class='ocrx_word' id='word_1_382' title='bbox 1719 463 1843 491; x_wconf 85' lang='lat' dir='ltr'><strong>accedat.</strong></span> 
     </span>
    </p>
   </div>
   <div class='ocr_carea' id='block_1_52' title="bbox 1056 508 1844 545">
    <p class='ocr_par' dir='ltr' id='par_1_52' title="bbox 1056 508 1844 545">
     <span class='ocr_line' id='line_1_52' title="bbox 1056 508 1844 545; baseline -0.001 -8"><span class='ocrx_word' id='word_1_383' title='bbox 1056 510 1086 538; x_wconf 91' lang='lat' dir='ltr'><strong>In</strong></span> <span class='ocrx_word' id='word_1_384' title='bbox 1111 510 1194 538; x_wconf 82' lang='lat' dir='ltr'><strong>rebus</strong></span> <span class='ocrx_word' id='word_1_385' title='bbox 1215 511 1290 539; x_wconf 90' lang='lat' dir='ltr'><strong>enim</strong></span> <span class='ocrx_word' id='word_1_386' title='bbox 1317 510 1440 538; x_wconf 83' lang='lat' dir='ltr'><strong>externis</strong></span> <span class='ocrx_word' id='word_1_387' title='bbox 1455 510 1525 537; x_wconf 86' lang='lat' dir='ltr'><strong>visui</strong></span> <span class='ocrx_word' id='word_1_388' title='bbox 1556 509 1698 545; x_wconf 85' lang='lat' dir='ltr'><strong>subjectis,</strong></span> <span class='ocrx_word' id='word_1_389' title='bbox 1722 508 1844 544; x_wconf 80' lang='lat' dir='ltr'><strong>agricola</strong></span> 
     </span>
    </p>
   </div>
   <div class='ocr_carea' id='block_1_53' title="bbox 1056 555 1844 591">
    <p class='ocr_par' dir='ltr' id='par_1_53' title="bbox 1056 555 1844 591">
     <span class='ocr_line' id='line_1_53' title="bbox 1056 555 1844 591; baseline -0.003 -9"><span class='ocrx_word' id='word_1_390' title='bbox 1056 559 1159 583; x_wconf 90' lang='lat' dir='ltr'><strong>terram</strong></span> <span class='ocrx_word' id='word_1_391' title='bbox 1173 561 1282 584; x_wconf 82' lang='lat' dir='ltr'><strong>exercet</strong></span> <span class='ocrx_word' id='word_1_392' title='bbox 1297 565 1305 589; x_wconf 87' lang='lat'><strong>;</strong></span> <span class='ocrx_word' id='word_1_393' title='bbox 1326 557 1366 584; x_wconf 90' lang='lat' dir='ltr'><strong>sic</strong></span> <span class='ocrx_word' id='word_1_394' title='bbox 1375 564 1485 591; x_wconf 88' lang='lat' dir='ltr'><strong>quoque</strong></span> <span class='ocrx_word' id='word_1_395' title='bbox 1501 556 1529 582; x_wconf 91' lang='lat' dir='ltr'><strong>in</strong></span> <span class='ocrx_word' id='word_1_396' title='bbox 1546 563 1576 582; x_wconf 88' lang='lat' dir='ltr'><strong>re</strong></span> <span class='ocrx_word' id='word_1_397' title='bbox 1595 555 1731 590; x_wconf 88' lang='lat' dir='ltr'><strong>spirituali</strong></span> <span class='ocrx_word' id='word_1_398' title='bbox 1747 561 1844 581; x_wconf 88' lang='lat' dir='ltr'><strong>omnes</strong></span> 
     </span>
    </p>
   </div>
   <div class='ocr_carea' id='block_1_54' title="bbox 1057 600 1843 637">
    <p class='ocr_par' dir='ltr' id='par_1_54' title="bbox 1057 600 1843 637">
     <span class='ocr_line' id='line_1_54' title="bbox 1057 600 1843 637; baseline -0.003 -9"><span class='ocrx_word' id='word_1_399' title='bbox 1057 608 1101 628; x_wconf 82' lang='lat' dir='ltr'><strong>res</strong></span> <span class='ocrx_word' id='word_1_400' title='bbox 1112 601 1164 628; x_wconf 91' lang='lat' dir='ltr'><strong>sub</strong></span> <span class='ocrx_word' id='word_1_401' title='bbox 1177 601 1284 629; x_wconf 93' lang='lat' dir='ltr'><strong>duabus</strong></span> <span class='ocrx_word' id='word_1_402' title='bbox 1298 602 1423 637; x_wconf 88' lang='lat' dir='ltr'><strong>personis</strong></span> <span class='ocrx_word' id='word_1_403' title='bbox 1437 601 1639 636; x_wconf 87' lang='lat' dir='ltr'><strong>intelliguntur.</strong></span> <span class='ocrx_word' id='word_1_404' title='bbox 1652 600 1766 635; x_wconf 89' lang='lat' dir='ltr'><strong>Oportet</strong></span> <span class='ocrx_word' id='word_1_405' title='bbox 1778 607 1843 634; x_wconf 84' lang='lat' dir='ltr'><strong>ergo</strong></span> 
     </span>
    </p>
   </div>
   <div class='ocr_carea' id='block_1_55' title="bbox 1056 646 1842 683">
    <p class='ocr_par' dir='ltr' id='par_1_55' title="bbox 1056 646 1842 683">
     <span class='ocr_line' id='line_1_55' title="bbox 1056 646 1842 683; baseline -0.003 -10"><span class='ocrx_word' id='word_1_406' title='bbox 1056 646 1194 674; x_wconf 86' lang='lat' dir='ltr'><strong>hominem</strong></span> <span class='ocrx_word' id='word_1_407' title='bbox 1210 647 1302 675; x_wconf 84' lang='lat' dir='ltr'><strong>dedita</strong></span> <span class='ocrx_word' id='word_1_408' title='bbox 1317 656 1402 683; x_wconf 87' lang='lat' dir='ltr'><strong>opera</strong></span> <span class='ocrx_word' id='word_1_409' title='bbox 1416 652 1445 676; x_wconf 84' lang='lat' dir='ltr'><strong>et</strong></span> <span class='ocrx_word' id='word_1_410' title='bbox 1459 647 1586 675; x_wconf 89' lang='lat' dir='ltr'><strong>consulto</strong></span> <span class='ocrx_word' id='word_1_411' title='bbox 1598 646 1722 674; x_wconf 82' lang='lat' dir='ltr'><strong>excolere</strong></span> <span class='ocrx_word' id='word_1_412' title='bbox 1740 651 1842 673; x_wconf 91' lang='lat' dir='ltr'><strong>terram</strong></span> 
     </span>
    </p>
   </div>
   <div class='ocr_carea' id='block_1_56' title="bbox 1055 691 1843 728">
    <p class='ocr_par' dir='ltr' id='par_1_56' title="bbox 1055 691 1843 728">
     <span class='ocr_line' id='line_1_56' title="bbox 1055 691 1843 728; baseline 0 -9"><span class='ocrx_word' id='word_1_413' title='bbox 1055 692 1148 720; x_wconf 89' lang='lat' dir='ltr'><strong>cordis</strong></span> <span class='ocrx_word' id='word_1_414' title='bbox 1161 693 1214 726; x_wconf 88' lang='lat' dir='ltr'><strong>sui,</strong></span> <span class='ocrx_word' id='word_1_415' title='bbox 1240 697 1268 721; x_wconf 91' lang='lat' dir='ltr'><strong>et</strong></span> <span class='ocrx_word' id='word_1_416' title='bbox 1279 693 1418 721; x_wconf 87' lang='lat' dir='ltr'><strong>laborare.</strong></span> <span class='ocrx_word' id='word_1_417' title='bbox 1436 693 1565 728; x_wconf 85' lang='lat' dir='ltr'><strong>chuirit</strong></span> <span class='ocrx_word' id='word_1_418' title='bbox 1584 692 1659 720; x_wconf 90' lang='lat' dir='ltr'><strong>enim</strong></span> <span class='ocrx_word' id='word_1_419' title='bbox 1674 693 1748 720; x_wconf 87' lang='lat' dir='ltr'><strong>Deus</strong></span> <span class='ocrx_word' id='word_1_420' title='bbox 1765 691 1843 719; x_wconf 87' lang='lat' dir='ltr'><strong>labo—</strong></span> 
     </span>
    </p>
   </div>
   <div class='ocr_carea' id='block_1_57' title="bbox 1055 737 1844 774">
    <p class='ocr_par' dir='ltr' id='par_1_57' title="bbox 1055 737 1844 774">
     <span class='ocr_line' id='line_1_57' title="bbox 1055 737 1844 774; baseline 0 -9"><span class='ocrx_word' id='word_1_421' title='bbox 1055 745 1124 770; x_wconf 87' lang='lat' dir='ltr'><strong>rem,</strong></span> <span class='ocrx_word' id='word_1_422' title='bbox 1148 737 1348 774; x_wconf 79' lang='lat' dir='ltr'><strong>fatigationem,</strong></span> <span class='ocrx_word' id='word_1_423' title='bbox 1379 747 1411 767; x_wconf 92' lang='lat' dir='ltr'><strong>ac</strong></span> <span class='ocrx_word' id='word_1_424' title='bbox 1431 738 1620 773; x_wconf 84' lang='lat' dir='ltr'><strong>operationem</strong></span> <span class='ocrx_word' id='word_1_425' title='bbox 1645 738 1680 766; x_wconf 86' lang='lat' dir='ltr'><strong>ab</strong></span> <span class='ocrx_word' id='word_1_426' title='bbox 1707 738 1818 766; x_wconf 91' lang='lat' dir='ltr'><strong>homine</strong></span> <span class='ocrx_word' id='word_1_427' title='bbox 1837 758 1844 765; x_wconf 91' lang='lat'><strong>.</strong></span> 
     </span>
    </p>
   </div>
   <div class='ocr_carea' id='block_1_58' title="bbox 1055 784 1846 820">
    <p class='ocr_par' dir='ltr' id='par_1_58' title="bbox 1055 784 1846 820">
     <span class='ocr_line' id='line_1_58' title="bbox 1055 784 1846 820; baseline 0 -10"><span class='ocrx_word' id='word_1_428' title='bbox 1055 791 1163 814; x_wconf 91' lang='lat' dir='ltr'><strong>verum,</strong></span> <span class='ocrx_word' id='word_1_429' title='bbox 1185 784 1238 811; x_wconf 90' lang='lat' dir='ltr'><strong>nisi</strong></span> <span class='ocrx_word' id='word_1_430' title='bbox 1252 784 1372 820; x_wconf 83' lang='lat' dir='ltr'><strong>desuper</strong></span> <span class='ocrx_word' id='word_1_431' title='bbox 1400 784 1580 820; x_wconf 86' lang='lat' dir='ltr'><strong>apparuerint</strong></span> <span class='ocrx_word' id='word_1_432' title='bbox 1605 784 1694 811; x_wconf 87' lang='lat' dir='ltr'><strong>nubes</strong></span> <span class='ocrx_word' id='word_1_433' title='bbox 1720 784 1846 811; x_wconf 71' lang='lat' dir='ltr'><strong>crelestes</strong></span> 
     </span>
    </p>
   </div>
   <div class='ocr_carea' id='block_1_59' title="bbox 1055 828 1790 864">
    <p class='ocr_par' dir='ltr' id='par_1_59' title="bbox 1055 828 1790 864">
     <span class='ocr_line' id='line_1_59' title="bbox 1055 828 1790 864; baseline 0 -8"><span class='ocrx_word' id='word_1_434' title='bbox 1055 836 1087 856; x_wconf 89' lang='lat' dir='ltr'><strong>ac</strong></span> <span class='ocrx_word' id='word_1_435' title='bbox 1098 828 1197 863; x_wconf 72' lang='lat' dir='ltr'><strong>pluvia:</strong></span> <span class='ocrx_word' id='word_1_436' title='bbox 1209 829 1314 864; x_wconf 62' lang='lat' dir='ltr'><strong>gratiae,</strong></span> <span class='ocrx_word' id='word_1_437' title='bbox 1332 828 1402 856; x_wconf 84' lang='lat' dir='ltr'><strong>nihil</strong></span> <span class='ocrx_word' id='word_1_438' title='bbox 1421 829 1544 864; x_wconf 90' lang='lat' dir='ltr'><strong>proderit</strong></span> <span class='ocrx_word' id='word_1_439' title='bbox 1559 829 1686 864; x_wconf 55' lang='lat' dir='ltr'><strong>agricola</strong></span> <span class='ocrx_word' id='word_1_440' title='bbox 1702 829 1790 856; x_wconf 87' lang='lat' dir='ltr'><strong>labor.</strong></span> 
     </span>
    </p>
   </div>
   <div class='ocr_carea' id='block_1_60' title="bbox 1091 873 1843 906">
    <p class='ocr_par' dir='ltr' id='par_1_60' title="bbox 1091 873 1843 906">
     <span class='ocr_line' id='line_1_60' title="bbox 1091 873 1843 906; baseline 0 -6"><span class='ocrx_word' id='word_1_441' title='bbox 1091 873 1138 900; x_wconf 78' lang='lat' dir='ltr'><strong>XI.</strong></span> <span class='ocrx_word' id='word_1_442' title='bbox 1168 873 1226 901; x_wconf 81' lang='lat' dir='ltr'><strong>Hoc</strong></span> <span class='ocrx_word' id='word_1_443' title='bbox 1241 879 1333 901; x_wconf 82' lang='lat' dir='ltr'><strong>autent</strong></span> <span class='ocrx_word' id='word_1_444' title='bbox 1359 878 1402 901; x_wconf 91' lang='lat' dir='ltr'><strong>est</strong></span> <span class='ocrx_word' id='word_1_445' title='bbox 1422 874 1555 901; x_wconf 90' lang='lat' dir='ltr'><strong>indicium</strong></span> <span class='ocrx_word' id='word_1_446' title='bbox 1570 874 1720 902; x_wconf 86' lang='lat' dir='ltr'><strong>Christiani</strong></span> <span class='ocrx_word' id='word_1_447' title='bbox 1741 874 1843 906; x_wconf 79' lang='lat' dir='ltr'><strong>cultus,</strong></span> 
     </span>
    </p>
   </div>
   <div class='ocr_carea' id='block_1_61' title="bbox 1055 919 1846 955">
    <p class='ocr_par' dir='ltr' id='par_1_61' title="bbox 1055 919 1846 955">
     <span class='ocr_line' id='line_1_61' title="bbox 1055 919 1846 955; baseline 0 -9"><span class='ocrx_word' id='word_1_448' title='bbox 1055 924 1173 954; x_wconf 90' lang='lat' dir='ltr'><strong>quantos</strong></span> <span class='ocrx_word' id='word_1_449' title='bbox 1186 920 1249 954; x_wconf 87' lang='lat' dir='ltr'><strong>quis</strong></span> <span class='ocrx_word' id='word_1_450' title='bbox 1271 919 1379 946; x_wconf 90' lang='lat' dir='ltr'><strong>labores</strong></span> <span class='ocrx_word' id='word_1_451' title='bbox 1394 919 1569 952; x_wconf 87' lang='lat' dir='ltr'><strong>sustinuerit,</strong></span> <span class='ocrx_word' id='word_1_452' title='bbox 1589 924 1617 947; x_wconf 87' lang='lat' dir='ltr'><strong>et</strong></span> <span class='ocrx_word' id='word_1_453' title='bbox 1635 924 1752 954; x_wconf 89' lang='lat' dir='ltr'><strong>quantas</strong></span> <span class='ocrx_word' id='word_1_454' title='bbox 1761 920 1846 955; x_wconf 86' lang='lat' dir='ltr'><strong>justi-</strong></span> 
     </span>
    </p>
   </div>
   <div class='ocr_carea' id='block_1_62' title="bbox 1057 964 1845 1000">
    <p class='ocr_par' dir='ltr' id='par_1_62' title="bbox 1057 964 1845 1000">
     <span class='ocr_line' id='line_1_62' title="bbox 1057 964 1845 1000; baseline 0.001 -9"><span class='ocrx_word' id='word_1_455' title='bbox 1057 965 1107 991; x_wconf 87' lang='lat' dir='ltr'><strong>tias</strong></span> <span class='ocrx_word' id='word_1_456' title='bbox 1119 965 1267 1000; x_wconf 79' lang='lat' dir='ltr'><strong>peregerit,</strong></span> <span class='ocrx_word' id='word_1_457' title='bbox 1287 972 1319 992; x_wconf 89' lang='lat' dir='ltr'><strong>ac</strong></span> <span class='ocrx_word' id='word_1_458' title='bbox 1340 964 1362 991; x_wconf 89' lang='lat' dir='ltr'><strong>si</strong></span> <span class='ocrx_word' id='word_1_459' title='bbox 1382 964 1452 991; x_wconf 91' lang='lat' dir='ltr'><strong>nihil</strong></span> <span class='ocrx_word' id='word_1_460' title='bbox 1467 964 1614 997; x_wconf 78' lang='lat' dir='ltr'><strong>eﬂccisset,</strong></span> <span class='ocrx_word' id='word_1_461' title='bbox 1631 965 1668 992; x_wconf 92' lang='lat' dir='ltr'><strong>ita</strong></span> <span class='ocrx_word' id='word_1_462' title='bbox 1682 972 1711 992; x_wconf 89' lang='lat' dir='ltr'><strong>se</strong></span> <span class='ocrx_word' id='word_1_463' title='bbox 1729 973 1824 1000; x_wconf 84' lang='lat' dir='ltr'><strong>gerere</strong></span> <span class='ocrx_word' id='word_1_464' title='bbox 1838 974 1845 996; x_wconf 82' lang='lat'><strong>;</strong></span> 
     </span>
    </p>
   </div>
   <div class='ocr_carea' id='block_1_63' title="bbox 1055 1012 1847 1048">
    <p class='ocr_par' dir='ltr' id='par_1_63' title="bbox 1055 1012 1847 1048">
     <span class='ocr_line' id='line_1_63' title="bbox 1055 1012 1847 1048; baseline 0.001 -9"><span class='ocrx_word' id='word_1_465' title='bbox 1055 1017 1084 1039; x_wconf 90' lang='lat' dir='ltr'><strong>et</strong></span> <span class='ocrx_word' id='word_1_466' title='bbox 1098 1012 1146 1039; x_wconf 91' lang='lat' dir='ltr'><strong>ubi</strong></span> <span class='ocrx_word' id='word_1_467' title='bbox 1160 1012 1223 1047; x_wconf 90' lang='lat' dir='ltr'><strong>quis</strong></span> <span class='ocrx_word' id='word_1_468' title='bbox 1237 1012 1414 1048; x_wconf 83' lang='lat' dir='ltr'><strong>jcjunaverit,</strong></span> <span class='ocrx_word' id='word_1_469' title='bbox 1441 1012 1533 1040; x_wconf 90' lang='lat' dir='ltr'><strong>dicere</strong></span> <span class='ocrx_word' id='word_1_470' title='bbox 1546 1022 1553 1039; x_wconf 86' lang='lat'><strong>:</strong></span> <span class='ocrx_word' id='word_1_471' title='bbox 1567 1012 1625 1040; x_wconf 88' lang='lat' dir='ltr'><strong>Non</strong></span> <span class='ocrx_word' id='word_1_472' title='bbox 1640 1013 1782 1048; x_wconf 79' lang='lat' dir='ltr'><strong>jejunam‘:</strong></span> <span class='ocrx_word' id='word_1_473' title='bbox 1798 1013 1847 1040; x_wconf 89' lang='lat' dir='ltr'><strong>ubi</strong></span> 
     </span>
    </p>
   </div>
   <div class='ocr_carea' id='block_1_64' title="bbox 1055 1058 1847 1094">
    <p class='ocr_par' dir='ltr' id='par_1_64' title="bbox 1055 1058 1847 1094">
     <span class='ocr_line' id='line_1_64' title="bbox 1055 1058 1847 1094; baseline 0.004 -9"><span class='ocrx_word' id='word_1_474' title='bbox 1055 1062 1185 1092; x_wconf 87' lang='lat' dir='ltr'><strong>precatus</strong></span> <span class='ocrx_word' id='word_1_475' title='bbox 1197 1058 1298 1086; x_wconf 82' lang='lat' dir='ltr'><strong>fuerit:</strong></span> <span class='ocrx_word' id='word_1_476' title='bbox 1313 1058 1372 1086; x_wconf 86' lang='lat' dir='ltr'><strong>Non</strong></span> <span class='ocrx_word' id='word_1_477' title='bbox 1390 1067 1449 1086; x_wconf 79' lang='lat' dir='ltr'><strong>sum</strong></span> <span class='ocrx_word' id='word_1_478' title='bbox 1466 1064 1586 1094; x_wconf 76' lang='lat' dir='ltr'><strong>precatus</strong></span> <span class='ocrx_word' id='word_1_479' title='bbox 1598 1067 1607 1086; x_wconf 94' lang='lat'><em>:</em></span> <span class='ocrx_word' id='word_1_480' title='bbox 1619 1059 1666 1088; x_wconf 90' lang='lat' dir='ltr'><strong>ubi</strong></span> <span class='ocrx_word' id='word_1_481' title='bbox 1684 1061 1712 1087; x_wconf 92' lang='lat' dir='ltr'><strong>in</strong></span> <span class='ocrx_word' id='word_1_482' title='bbox 1724 1060 1847 1088; x_wconf 82' lang='lat' dir='ltr'><strong>oratione</strong></span> 
     </span>
    </p>
   </div>
   <div class='ocr_carea' id='block_1_65' title="bbox 1056 1104 1847 1139">
    <p class='ocr_par' dir='ltr' id='par_1_65' title="bbox 1056 1104 1847 1139">
     <span class='ocr_line' id='line_1_65' title="bbox 1056 1104 1847 1139; baseline 0.003 -8"><span class='ocrx_word' id='word_1_483' title='bbox 1056 1104 1286 1139; x_wconf 84' lang='lat' dir='ltr'><strong>perseveraverit,</strong></span> <span class='ocrx_word' id='word_1_484' title='bbox 1302 1104 1362 1131; x_wconf 88' lang='lat' dir='ltr'><strong>Non</strong></span> <span class='ocrx_word' id='word_1_485' title='bbox 1384 1105 1556 1138; x_wconf 75' lang='lat' dir='ltr'><strong>perseveravi,</strong></span> <span class='ocrx_word' id='word_1_486' title='bbox 1583 1113 1651 1132; x_wconf 84' lang='lat' dir='ltr'><strong>nunc</strong></span> <span class='ocrx_word' id='word_1_487' title='bbox 1673 1105 1758 1133; x_wconf 83' lang='lat' dir='ltr'><strong>adhuc</strong></span> <span class='ocrx_word' id='word_1_488' title='bbox 1779 1107 1847 1133; x_wconf 79' lang='lat' dir='ltr'><strong>inci-</strong></span> 
     </span>
    </p>
   </div>
   <div class='ocr_carea' id='block_1_66' title="bbox 1056 1150 1848 1188">
    <p class='ocr_par' dir='ltr' id='par_1_66' title="bbox 1056 1150 1848 1188">
     <span class='ocr_line' id='line_1_66' title="bbox 1056 1150 1848 1188; baseline 0.004 -12"><span class='ocrx_word' id='word_1_489' title='bbox 1056 1150 1098 1185; x_wconf 82' lang='lat' dir='ltr'><strong>pio</strong></span> <span class='ocrx_word' id='word_1_490' title='bbox 1113 1158 1153 1177; x_wconf 90' lang='lat' dir='ltr'><strong>me</strong></span> <span class='ocrx_word' id='word_1_491' title='bbox 1165 1158 1285 1177; x_wconf 71' lang='lat' dir='ltr'><strong>exercere</strong></span> <span class='ocrx_word' id='word_1_492' title='bbox 1311 1159 1343 1178; x_wconf 85' lang='lat' dir='ltr'><strong>ac</strong></span> <span class='ocrx_word' id='word_1_493' title='bbox 1373 1150 1522 1178; x_wconf 85' lang='lat' dir='ltr'><strong>elaborare.</strong></span> <span class='ocrx_word' id='word_1_494' title='bbox 1546 1151 1580 1178; x_wconf 90' lang='lat' dir='ltr'><strong>Et</strong></span> <span class='ocrx_word' id='word_1_495' title='bbox 1606 1151 1672 1179; x_wconf 87' lang='lat' dir='ltr'><strong>licet</strong></span> <span class='ocrx_word' id='word_1_496' title='bbox 1695 1152 1787 1188; x_wconf 85' lang='lat' dir='ltr'><strong>justus</strong></span> <span class='ocrx_word' id='word_1_497' title='bbox 1812 1151 1848 1179; x_wconf 86' lang='lat' dir='ltr'><strong>sit</strong></span> 
     </span>
    </p>
   </div>
   <div class='ocr_carea' id='block_1_67' title="bbox 1056 1195 1847 1232">
    <p class='ocr_par' dir='ltr' id='par_1_67' title="bbox 1056 1195 1847 1232">
     <span class='ocr_line' id='line_1_67' title="bbox 1056 1195 1847 1232; baseline 0.003 -10"><span class='ocrx_word' id='word_1_498' title='bbox 1056 1196 1128 1230; x_wconf 91' lang='lat' dir='ltr'><strong>apud</strong></span> <span class='ocrx_word' id='word_1_499' title='bbox 1140 1196 1237 1229; x_wconf 91' lang='lat' dir='ltr'><strong>Deum,</strong></span> <span class='ocrx_word' id='word_1_500' title='bbox 1260 1195 1343 1223; x_wconf 84' lang='lat' dir='ltr'><strong>debet</strong></span> <span class='ocrx_word' id='word_1_501' title='bbox 1357 1196 1468 1224; x_wconf 89' lang='lat' dir='ltr'><strong>dicere:</strong></span> <span class='ocrx_word' id='word_1_502' title='bbox 1488 1196 1546 1224; x_wconf 86' lang='lat' dir='ltr'><strong>Non</strong></span> <span class='ocrx_word' id='word_1_503' title='bbox 1563 1205 1622 1224; x_wconf 75' lang='lat' dir='ltr'><strong>sum</strong></span> <span class='ocrx_word' id='word_1_504' title='bbox 1643 1198 1742 1232; x_wconf 77' lang='lat' dir='ltr'><strong>justus,</strong></span> <span class='ocrx_word' id='word_1_505' title='bbox 1765 1206 1847 1230; x_wconf 75' lang='lat' dir='ltr'><strong>neque</strong></span> 
     </span>
    </p>
   </div>
   <div class='ocr_carea' id='block_1_68' title="bbox 1057 1240 1847 1278">
    <p class='ocr_par' dir='ltr' id='par_1_68' title="bbox 1057 1240 1847 1278">
     <span class='ocr_line' id='line_1_68' title="bbox 1057 1240 1847 1278; baseline 0.004 -11"><span class='ocrx_word' id='word_1_506' title='bbox 1057 1240 1158 1272; x_wconf 85' lang='lat' dir='ltr'><strong>laboro,</strong></span> <span class='ocrx_word' id='word_1_507' title='bbox 1171 1242 1218 1267; x_wconf 71' lang='lat' dir='ltr'><strong>sed</strong></span> <span class='ocrx_word' id='word_1_508' title='bbox 1228 1241 1325 1276; x_wconf 78' lang='lat' dir='ltr'><strong>incipio</strong></span> <span class='ocrx_word' id='word_1_509' title='bbox 1354 1241 1479 1276; x_wconf 81' lang='lat' dir='ltr'><strong>quotidie.</strong></span> <span class='ocrx_word' id='word_1_510' title='bbox 1507 1241 1642 1270; x_wconf 58' lang='lat' dir='ltr'><strong>Caeterum</strong></span> <span class='ocrx_word' id='word_1_511' title='bbox 1660 1250 1709 1277; x_wconf 91' lang='lat' dir='ltr'><strong>per</strong></span> <span class='ocrx_word' id='word_1_512' title='bbox 1725 1243 1847 1278; x_wconf 79' lang='lat' dir='ltr'><strong>singulos</strong></span> 
     </span>
    </p>
   </div>
   <div class='ocr_carea' id='block_1_69' title="bbox 1057 1284 1846 1320">
    <p class='ocr_par' dir='ltr' id='par_1_69' title="bbox 1057 1284 1846 1320">
     <span class='ocr_line' id='line_1_69' title="bbox 1057 1284 1846 1320; baseline 0 -8"><span class='ocrx_word' id='word_1_513' title='bbox 1057 1284 1115 1312; x_wconf 83' lang='lat' dir='ltr'><strong>dies</strong></span> <span class='ocrx_word' id='word_1_514' title='bbox 1130 1285 1232 1312; x_wconf 87' lang='lat' dir='ltr'><strong>habere</strong></span> <span class='ocrx_word' id='word_1_515' title='bbox 1245 1285 1328 1312; x_wconf 88' lang='lat' dir='ltr'><strong>debet</strong></span> <span class='ocrx_word' id='word_1_516' title='bbox 1350 1292 1437 1319; x_wconf 90' lang='lat' dir='ltr'><strong>spem,</strong></span> <span class='ocrx_word' id='word_1_517' title='bbox 1454 1285 1585 1320; x_wconf 90' lang='lat' dir='ltr'><strong>gaudium</strong></span> <span class='ocrx_word' id='word_1_518' title='bbox 1614 1293 1647 1313; x_wconf 90' lang='lat' dir='ltr'><strong>ac</strong></span> <span class='ocrx_word' id='word_1_519' title='bbox 1667 1285 1793 1313; x_wconf 84' lang='lat' dir='ltr'><strong>ﬁduciam</strong></span> <span class='ocrx_word' id='word_1_520' title='bbox 1812 1285 1846 1312; x_wconf 87' lang='lat' dir='ltr'><strong>de</strong></span> 
     </span>
    </p>
   </div>
   <div class='ocr_carea' id='block_1_70' title="bbox 1056 1329 1847 1364">
    <p class='ocr_par' dir='ltr' id='par_1_70' title="bbox 1056 1329 1847 1364">
     <span class='ocr_line' id='line_1_70' title="bbox 1056 1329 1847 1364; baseline 0.003 -8"><span class='ocrx_word' id='word_1_521' title='bbox 1056 1329 1150 1356; x_wconf 78' lang='lat' dir='ltr'><strong>futuro</strong></span> <span class='ocrx_word' id='word_1_522' title='bbox 1167 1336 1252 1364; x_wconf 83' lang='lat' dir='ltr'><strong>regno</strong></span> <span class='ocrx_word' id='word_1_523' title='bbox 1271 1336 1304 1356; x_wconf 91' lang='lat' dir='ltr'><strong>ac</strong></span> <span class='ocrx_word' id='word_1_524' title='bbox 1317 1329 1526 1364; x_wconf 87' lang='lat' dir='ltr'><strong>redemptionis,</strong></span> <span class='ocrx_word' id='word_1_525' title='bbox 1541 1330 1652 1358; x_wconf 83' lang='lat' dir='ltr'><strong>dicens:</strong></span> <span class='ocrx_word' id='word_1_526' title='bbox 1665 1330 1693 1358; x_wconf 88' lang='lat' dir='ltr'><strong>Si</strong></span> <span class='ocrx_word' id='word_1_527' title='bbox 1709 1331 1784 1358; x_wconf 81' lang='lat' dir='ltr'><strong>hodie</strong></span> <span class='ocrx_word' id='word_1_528' title='bbox 1794 1339 1847 1358; x_wconf 85' lang='lat' dir='ltr'><strong>non</strong></span> 
     </span>
    </p>
   </div>
   <div class='ocr_carea' id='block_1_71' title="bbox 1056 1374 1845 1409">
    <p class='ocr_par' dir='ltr' id='par_1_71' title="bbox 1056 1374 1845 1409">
     <span class='ocr_line' id='line_1_71' title="bbox 1056 1374 1845 1409; baseline 0.004 -8"><span class='ocrx_word' id='word_1_529' title='bbox 1056 1374 1183 1401; x_wconf 78' lang='lat' dir='ltr'><strong>liberatus</strong></span> <span class='ocrx_word' id='word_1_530' title='bbox 1196 1383 1266 1406; x_wconf 67' lang='lat' dir='ltr'><strong>sum,</strong></span> <span class='ocrx_word' id='word_1_531' title='bbox 1280 1383 1339 1401; x_wconf 73' lang='lat' dir='ltr'><strong>cras</strong></span> <span class='ocrx_word' id='word_1_532' title='bbox 1351 1374 1491 1403; x_wconf 81' lang='lat' dir='ltr'><strong>liberabor.</strong></span> <span class='ocrx_word' id='word_1_533' title='bbox 1504 1376 1741 1409; x_wconf 84' lang='lat' dir='ltr'><strong>Quemadmodum</strong></span> <span class='ocrx_word' id='word_1_534' title='bbox 1758 1376 1845 1407; x_wconf 87' lang='lat' dir='ltr'><strong>enim.</strong></span> 
     </span>
    </p>
   </div>
   <div class='ocr_carea' id='block_1_72' title="bbox 1054 1420 1845 1457">
    <p class='ocr_par' dir='ltr' id='par_1_72' title="bbox 1054 1420 1845 1457">
     <span class='ocr_line' id='line_1_72' title="bbox 1054 1420 1845 1457; baseline 0.004 -10"><span class='ocrx_word' id='word_1_535' title='bbox 1054 1421 1101 1456; x_wconf 90' lang='lat' dir='ltr'><strong>qui</strong></span> <span class='ocrx_word' id='word_1_536' title='bbox 1117 1420 1223 1456; x_wconf 84' lang='lat' dir='ltr'><strong>plantat</strong></span> <span class='ocrx_word' id='word_1_537' title='bbox 1235 1421 1356 1454; x_wconf 86' lang='lat' dir='ltr'><strong>vineam,</strong></span> <span class='ocrx_word' id='word_1_538' title='bbox 1374 1421 1534 1457; x_wconf 89' lang='lat' dir='ltr'><strong>priusquam</strong></span> <span class='ocrx_word' id='word_1_539' title='bbox 1551 1422 1683 1457; x_wconf 85' lang='lat' dir='ltr'><strong>suscipiat</strong></span> <span class='ocrx_word' id='word_1_540' title='bbox 1710 1422 1845 1455; x_wconf 88' lang='lat' dir='ltr'><strong>laborem,</strong></span> 
     </span>
    </p>
   </div>
   <div class='ocr_carea' id='block_1_73' title="bbox 1055 1466 1845 1503">
    <p class='ocr_par' dir='ltr' id='par_1_73' title="bbox 1055 1466 1845 1503">
     <span class='ocr_line' id='line_1_73' title="bbox 1055 1466 1845 1503; baseline 0.003 -10"><span class='ocrx_word' id='word_1_541' title='bbox 1055 1473 1132 1501; x_wconf 89' lang='lat' dir='ltr'><strong>spem</strong></span> <span class='ocrx_word' id='word_1_542' title='bbox 1162 1466 1237 1494; x_wconf 77' lang='lat' dir='ltr'><strong>fovet</strong></span> <span class='ocrx_word' id='word_1_543' title='bbox 1262 1467 1334 1502; x_wconf 89' lang='lat' dir='ltr'><strong>apud</strong></span> <span class='ocrx_word' id='word_1_544' title='bbox 1363 1476 1392 1496; x_wconf 90' lang='lat' dir='ltr'><strong>se</strong></span> <span class='ocrx_word' id='word_1_545' title='bbox 1417 1475 1448 1496; x_wconf 89' lang='lat' dir='ltr'><strong>ac</strong></span> <span class='ocrx_word' id='word_1_546' title='bbox 1471 1468 1614 1503; x_wconf 80' lang='lat' dir='ltr'><strong>gaudium,</strong></span> <span class='ocrx_word' id='word_1_547' title='bbox 1646 1469 1792 1496; x_wconf 84' lang='lat' dir='ltr'><strong>adumbrat</strong></span> <span class='ocrx_word' id='word_1_548' title='bbox 1817 1469 1845 1496; x_wconf 88' lang='lat' dir='ltr'><strong>in</strong></span> 
     </span>
    </p>
   </div>
   <div class='ocr_carea' id='block_1_74' title="bbox 1055 1512 1846 1549">
    <p class='ocr_par' dir='ltr' id='par_1_74' title="bbox 1055 1512 1846 1549">
     <span class='ocr_line' id='line_1_74' title="bbox 1055 1512 1846 1549; baseline 0.005 -11"><span class='ocrx_word' id='word_1_549' title='bbox 1055 1516 1147 1540; x_wconf 89' lang='lat' dir='ltr'><strong>mente</strong></span> <span class='ocrx_word' id='word_1_550' title='bbox 1181 1519 1231 1540; x_wconf 83' lang='lat' dir='ltr'><strong>sua</strong></span> <span class='ocrx_word' id='word_1_551' title='bbox 1251 1512 1416 1546; x_wconf 80' lang='lat' dir='ltr'><strong>vindemias,</strong></span> <span class='ocrx_word' id='word_1_552' title='bbox 1448 1518 1532 1549; x_wconf 84' lang='lat' dir='ltr'><strong>atque</strong></span> <span class='ocrx_word' id='word_1_553' title='bbox 1561 1518 1692 1549; x_wconf 88' lang='lat' dir='ltr'><strong>supputat</strong></span> <span class='ocrx_word' id='word_1_554' title='bbox 1730 1514 1846 1547; x_wconf 85' lang='lat' dir='ltr'><strong>reditus,</strong></span> 
     </span>
    </p>
   </div>
   <div class='ocr_carea' id='block_1_75' title="bbox 1054 1557 1846 1595">
    <p class='ocr_par' dir='ltr' id='par_1_75' title="bbox 1054 1557 1846 1595">
     <span class='ocr_line' id='line_1_75' title="bbox 1054 1557 1846 1595; baseline 0.003 -10"><span class='ocrx_word' id='word_1_555' title='bbox 1054 1557 1177 1586; x_wconf 86' lang='lat' dir='ltr'><strong>nondum</strong></span> <span class='ocrx_word' id='word_1_556' title='bbox 1192 1563 1258 1586; x_wconf 88' lang='lat' dir='ltr'><strong>nato</strong></span> <span class='ocrx_word' id='word_1_557' title='bbox 1283 1558 1367 1586; x_wconf 87' lang='lat' dir='ltr'><strong>vino:</strong></span> <span class='ocrx_word' id='word_1_558' title='bbox 1381 1563 1408 1586; x_wconf 90' lang='lat' dir='ltr'><strong>et</strong></span> <span class='ocrx_word' id='word_1_559' title='bbox 1422 1559 1474 1587; x_wconf 90' lang='lat' dir='ltr'><strong>hac</strong></span> <span class='ocrx_word' id='word_1_560' title='bbox 1488 1560 1595 1587; x_wconf 86' lang='lat' dir='ltr'><strong>ratione</strong></span> <span class='ocrx_word' id='word_1_561' title='bbox 1611 1560 1732 1587; x_wconf 82' lang='lat' dir='ltr'><strong>laborem</strong></span> <span class='ocrx_word' id='word_1_562' title='bbox 1749 1568 1846 1595; x_wconf 80' lang='lat' dir='ltr'><strong>aggre—</strong></span> 
     </span>
    </p>
   </div>
   <div class='ocr_carea' id='block_1_76' title="bbox 1056 1603 1846 1641">
    <p class='ocr_par' dir='ltr' id='par_1_76' title="bbox 1056 1603 1846 1641">
     <span class='ocr_line' id='line_1_76' title="bbox 1056 1603 1846 1641; baseline 0.001 -10"><span class='ocrx_word' id='word_1_563' title='bbox 1056 1604 1142 1631; x_wconf 90' lang='lat' dir='ltr'><strong>ditur.</strong></span> <span class='ocrx_word' id='word_1_564' title='bbox 1158 1603 1226 1639; x_wconf 86' lang='lat' dir='ltr'><strong>Spes</strong></span> <span class='ocrx_word' id='word_1_565' title='bbox 1242 1604 1316 1632; x_wconf 91' lang='lat' dir='ltr'><strong>enim</strong></span> <span class='ocrx_word' id='word_1_566' title='bbox 1332 1609 1415 1640; x_wconf 90' lang='lat' dir='ltr'><strong>atque</strong></span> <span class='ocrx_word' id='word_1_567' title='bbox 1429 1605 1599 1641; x_wconf 81' lang='lat' dir='ltr'><strong>exspectatio</strong></span> <span class='ocrx_word' id='word_1_568' title='bbox 1622 1605 1743 1634; x_wconf 80' lang='lat' dir='ltr'><strong>red-lunt</strong></span> <span class='ocrx_word' id='word_1_569' title='bbox 1767 1606 1846 1633; x_wconf 89' lang='lat' dir='ltr'><strong>illum</strong></span> 
     </span>
    </p>
   </div>
   <div class='ocr_carea' id='block_1_77' title="bbox 1055 1649 1845 1682">
    <p class='ocr_par' dir='ltr' id='par_1_77' title="bbox 1055 1649 1845 1682">
     <span class='ocr_line' id='line_1_77' title="bbox 1055 1649 1845 1682; baseline 0.003 -6"><span class='ocrx_word' id='word_1_570' title='bbox 1055 1649 1172 1677; x_wconf 90' lang='lat' dir='ltr'><strong>alacrem</strong></span> <span class='ocrx_word' id='word_1_571' title='bbox 1190 1649 1222 1676; x_wconf 89' lang='lat' dir='ltr'><strong>ad</strong></span> <span class='ocrx_word' id='word_1_572' title='bbox 1242 1649 1433 1682; x_wconf 88' lang='lat' dir='ltr'><strong>laborandum,</strong></span> <span class='ocrx_word' id='word_1_573' title='bbox 1445 1655 1473 1678; x_wconf 90' lang='lat' dir='ltr'><strong>et</strong></span> <span class='ocrx_word' id='word_1_574' title='bbox 1497 1655 1552 1678; x_wconf 90' lang='lat' dir='ltr'><strong>tam</strong></span> <span class='ocrx_word' id='word_1_575' title='bbox 1575 1651 1621 1678; x_wconf 92' lang='lat' dir='ltr'><strong>diu</strong></span> <span class='ocrx_word' id='word_1_576' title='bbox 1639 1659 1695 1679; x_wconf 91' lang='lat' dir='ltr'><strong>ere</strong></span> <span class='ocrx_word' id='word_1_577' title='bbox 1718 1651 1845 1679; x_wconf 79' lang='lat' dir='ltr'><strong>familiari</strong></span> 
     </span>
    </p>
   </div>
   <div class='ocr_carea' id='block_1_78' title="bbox 1054 1695 1845 1732">
    <p class='ocr_par' dir='ltr' id='par_1_78' title="bbox 1054 1695 1845 1732">
     <span class='ocr_line' id='line_1_78' title="bbox 1054 1695 1845 1732; baseline 0.001 -10"><span class='ocrx_word' id='word_1_578' title='bbox 1054 1702 1168 1730; x_wconf 86' lang='lat' dir='ltr'><strong>magnos</strong></span> <span class='ocrx_word' id='word_1_579' title='bbox 1179 1695 1309 1730; x_wconf 79' lang='lat' dir='ltr'><strong>expendit</strong></span> <span class='ocrx_word' id='word_1_580' title='bbox 1320 1701 1458 1730; x_wconf 86' lang='lat' dir='ltr'><strong>sumptus.</strong></span> <span class='ocrx_word' id='word_1_581' title='bbox 1472 1695 1568 1723; x_wconf 83' lang='lat' dir='ltr'><strong>Itidem</strong></span> <span class='ocrx_word' id='word_1_582' title='bbox 1590 1696 1637 1732; x_wconf 91' lang='lat' dir='ltr'><strong>qui</strong></span> <span class='ocrx_word' id='word_1_583' title='bbox 1661 1696 1778 1724; x_wconf 66' lang='lat' dir='ltr'><strong>aediﬁcat</strong></span> <span class='ocrx_word' id='word_1_584' title='bbox 1794 1697 1845 1723; x_wconf 92' lang='lat' dir='ltr'><strong>do-</strong></span> 
     </span>
    </p>
   </div>
   <div class='ocr_carea' id='block_1_79' title="bbox 1055 1741 1846 1776">
    <p class='ocr_par' dir='ltr' id='par_1_79' title="bbox 1055 1741 1846 1776">
     <span class='ocr_line' id='line_1_79' title="bbox 1055 1741 1846 1776; baseline 0.004 -9"><span class='ocrx_word' id='word_1_585' title='bbox 1055 1744 1201 1773; x_wconf 87' lang='lat' dir='ltr'><strong>mum,aut</strong></span> <span class='ocrx_word' id='word_1_586' title='bbox 1223 1745 1324 1767; x_wconf 91' lang='lat' dir='ltr'><strong>terram</strong></span> <span class='ocrx_word' id='word_1_587' title='bbox 1342 1741 1453 1772; x_wconf 86' lang='lat' dir='ltr'><strong>excolit.</strong></span> <span class='ocrx_word' id='word_1_588' title='bbox 1483 1742 1603 1776; x_wconf 91' lang='lat' dir='ltr'><strong>primum</strong></span> <span class='ocrx_word' id='word_1_589' title='bbox 1629 1742 1663 1770; x_wconf 92' lang='lat' dir='ltr'><strong>de</strong></span> <span class='ocrx_word' id='word_1_590' title='bbox 1685 1749 1735 1770; x_wconf 90' lang='lat' dir='ltr'><strong>suo</strong></span> <span class='ocrx_word' id='word_1_591' title='bbox 1760 1743 1846 1770; x_wconf 88' lang='lat' dir='ltr'><strong>multa</strong></span> 
     </span>
    </p>
   </div>
   <div class='ocr_carea' id='block_1_80' title="bbox 1054 1787 1844 1822">
    <p class='ocr_par' dir='ltr' id='par_1_80' title="bbox 1054 1787 1844 1822">
     <span class='ocr_line' id='line_1_80' title="bbox 1054 1787 1844 1822; baseline 0.003 -9"><span class='ocrx_word' id='word_1_592' title='bbox 1054 1790 1159 1822; x_wconf 81' lang='lat' dir='ltr'><strong>erogat,</strong></span> <span class='ocrx_word' id='word_1_593' title='bbox 1179 1790 1291 1821; x_wconf 82' lang='lat' dir='ltr'><strong>propter</strong></span> <span class='ocrx_word' id='word_1_594' title='bbox 1318 1789 1480 1821; x_wconf 86' lang='lat' dir='ltr'><strong>conceptam</strong></span> <span class='ocrx_word' id='word_1_595' title='bbox 1503 1794 1579 1822; x_wconf 90' lang='lat' dir='ltr'><strong>spem</strong></span> <span class='ocrx_word' id='word_1_596' title='bbox 1605 1787 1691 1814; x_wconf 81' lang='lat' dir='ltr'><strong>futuri</strong></span> <span class='ocrx_word' id='word_1_597' title='bbox 1718 1787 1844 1815; x_wconf 88' lang='lat' dir='ltr'><strong>reditus:</strong></span> 
     </span>
    </p>
   </div>
   <div class='ocr_carea' id='block_1_81' title="bbox 1054 1831 1845 1868">
    <p class='ocr_par' dir='ltr' id='par_1_81' title="bbox 1054 1831 1845 1868">
     <span class='ocr_line' id='line_1_81' title="bbox 1054 1831 1845 1868; baseline 0.001 -9"><span class='ocrx_word' id='word_1_598' title='bbox 1054 1832 1150 1860; x_wconf 87' lang='lat' dir='ltr'><strong>eodem</strong></span> <span class='ocrx_word' id='word_1_599' title='bbox 1178 1831 1260 1858; x_wconf 90' lang='lat' dir='ltr'><strong>modo</strong></span> <span class='ocrx_word' id='word_1_600' title='bbox 1284 1839 1328 1858; x_wconf 89' lang='lat' dir='ltr'><strong>res</strong></span> <span class='ocrx_word' id='word_1_601' title='bbox 1357 1831 1402 1858; x_wconf 89' lang='lat' dir='ltr'><strong>hic</strong></span> <span class='ocrx_word' id='word_1_602' title='bbox 1427 1839 1457 1859; x_wconf 85' lang='lat' dir='ltr'><strong>se</strong></span> <span class='ocrx_word' id='word_1_603' title='bbox 1484 1832 1578 1864; x_wconf 86' lang='lat' dir='ltr'><strong>habet,</strong></span> <span class='ocrx_word' id='word_1_604' title='bbox 1610 1833 1663 1861; x_wconf 88' lang='lat' dir='ltr'><strong>nisi</strong></span> <span class='ocrx_word' id='word_1_605' title='bbox 1694 1832 1757 1868; x_wconf 88' lang='lat' dir='ltr'><strong>quis</strong></span> <span class='ocrx_word' id='word_1_606' title='bbox 1789 1841 1845 1868; x_wconf 65' lang='lat' dir='ltr'><strong>prae</strong></span> 
     </span>
    </p>
   </div>
   <div class='ocr_carea' id='block_1_82' title="bbox 1053 1873 1843 1913">
    <p class='ocr_par' dir='ltr' id='par_1_82' title="bbox 1053 1873 1843 1913">
     <span class='ocr_line' id='line_1_82' title="bbox 1053 1873 1843 1913; baseline 0 -8"><span class='ocrx_word' id='word_1_607' title='bbox 1053 1878 1142 1905; x_wconf 90' lang='lat' dir='ltr'><strong>oculis</strong></span> <span class='ocrx_word' id='word_1_608' title='bbox 1169 1876 1298 1904; x_wconf 88' lang='lat' dir='ltr'><strong>habuerit</strong></span> <span class='ocrx_word' id='word_1_609' title='bbox 1327 1876 1456 1911; x_wconf 79' lang='lat' dir='ltr'><strong>gaudium</strong></span> <span class='ocrx_word' id='word_1_610' title='bbox 1487 1884 1519 1905; x_wconf 92' lang='lat' dir='ltr'><strong>ac</strong></span> <span class='ocrx_word' id='word_1_611' title='bbox 1555 1885 1653 1913; x_wconf 90' lang='lat' dir='ltr'><strong>spem,</strong></span> <span class='ocrx_word' id='word_1_612' title='bbox 1683 1873 1843 1906; x_wconf 79' lang='lat' dir='ltr'><strong>videlicet:</strong></span> 
     </span>
    </p>
   </div>
   <div class='ocr_carea' id='block_1_83' title="bbox 1055 1924 1844 1960">
    <p class='ocr_par' dir='ltr' id='par_1_83' title="bbox 1055 1924 1844 1960">
     <span class='ocr_line' id='line_1_83' title="bbox 1055 1924 1844 1960; baseline -0.004 -7"><span class='ocrx_word' id='word_1_613' title='bbox 1055 1926 1245 1954; x_wconf 71' lang='lat' dir='ltr'><strong>Consecuturus</strong></span> <span class='ocrx_word' id='word_1_614' title='bbox 1267 1932 1325 1952; x_wconf 75' lang='lat' dir='ltr'><strong>sum</strong></span> <span class='ocrx_word' id='word_1_615' title='bbox 1350 1924 1554 1959; x_wconf 78' lang='lat' dir='ltr'><strong>redemptionem</strong></span> <span class='ocrx_word' id='word_1_616' title='bbox 1572 1933 1603 1952; x_wconf 84' lang='grc' dir='ltr'>ιιι·</span> <span class='ocrx_word' id='word_1_617' title='bbox 1619 1925 1710 1957; x_wconf 78' lang='lat' dir='ltr'><strong>vitam,</strong></span> <span class='ocrx_word' id='word_1_618' title='bbox 1724 1933 1778 1952; x_wconf 93' lang='lat' dir='ltr'><strong>non</strong></span> <span class='ocrx_word' id='word_1_619' title='bbox 1797 1933 1844 1960; x_wconf 62' lang='lat' dir='ltr'><strong>po.</strong></span> 
     </span>
    </p>
   </div>
   <div class='ocr_carea' id='block_1_84' title="bbox 1054 1968 1844 2005">
    <p class='ocr_par' dir='ltr' id='par_1_84' title="bbox 1054 1968 1844 2005">
     <span class='ocr_line' id='line_1_84' title="bbox 1054 1968 1844 2005; baseline -0.001 -7"><span class='ocrx_word' id='word_1_620' title='bbox 1054 1971 1120 1998; x_wconf 90' lang='lat' dir='ltr'><strong>terit</strong></span> <span class='ocrx_word' id='word_1_621' title='bbox 1151 1970 1289 1998; x_wconf 85' lang='lat' dir='ltr'><strong>sustinere</strong></span> <span class='ocrx_word' id='word_1_622' title='bbox 1309 1968 1482 2002; x_wconf 79' lang='lat' dir='ltr'><strong>alﬂictiones,</strong></span> <span class='ocrx_word' id='word_1_623' title='bbox 1508 1977 1599 2005; x_wconf 90' lang='lat' dir='ltr'><strong>neque</strong></span> <span class='ocrx_word' id='word_1_624' title='bbox 1624 1978 1705 2004; x_wconf 89' lang='lat' dir='ltr'><strong>onus,</strong></span> <span class='ocrx_word' id='word_1_625' title='bbox 1726 1978 1778 1998; x_wconf 91' lang='lat' dir='ltr'><strong>nec</strong></span> <span class='ocrx_word' id='word_1_626' title='bbox 1793 1978 1844 1997; x_wconf 91' lang='lat' dir='ltr'><strong>an-</strong></span> 
     </span>
    </p>
   </div>
   <div class='ocr_carea' id='block_1_85' title="bbox 1053 2014 1844 2052">
    <p class='ocr_par' dir='ltr' id='par_1_85' title="bbox 1053 2014 1844 2052">
     <span class='ocr_line' id='line_1_85' title="bbox 1053 2014 1844 2052; baseline -0.003 -9"><span class='ocrx_word' id='word_1_627' title='bbox 1053 2022 1159 2052; x_wconf 87' lang='lat' dir='ltr'><strong>gustam</strong></span> <span class='ocrx_word' id='word_1_628' title='bbox 1175 2016 1247 2044; x_wconf 89' lang='lat' dir='ltr'><strong>viam</strong></span> <span class='ocrx_word' id='word_1_629' title='bbox 1273 2014 1424 2049; x_wconf 87' lang='lat' dir='ltr'><strong>suscipere.</strong></span> <span class='ocrx_word' id='word_1_630' title='bbox 1448 2014 1516 2049; x_wconf 87' lang='lat' dir='ltr'><strong>Spes</strong></span> <span class='ocrx_word' id='word_1_631' title='bbox 1541 2014 1616 2042; x_wconf 90' lang='lat' dir='ltr'><strong>enim</strong></span> <span class='ocrx_word' id='word_1_632' title='bbox 1641 2023 1673 2043; x_wconf 88' lang='lat' dir='ltr'><strong>ac</strong></span> <span class='ocrx_word' id='word_1_633' title='bbox 1701 2016 1844 2051; x_wconf 82' lang='lat' dir='ltr'><strong>gaudium,</strong></span> 
     </span>
    </p>
   </div>
   <div class='ocr_carea' id='block_1_86' title="bbox 1054 2059 1844 2096">
    <p class='ocr_par' dir='ltr' id='par_1_86' title="bbox 1054 2059 1844 2096">
     <span class='ocr_line' id='line_1_86' title="bbox 1054 2059 1844 2096; baseline -0.001 -6"><span class='ocrx_word' id='word_1_634' title='bbox 1054 2062 1077 2090; x_wconf 84' lang='lat' dir='ltr'><strong>si</strong></span> <span class='ocrx_word' id='word_1_635' title='bbox 1101 2069 1164 2089; x_wconf 89' lang='lat' dir='ltr'><strong>eum</strong></span> <span class='ocrx_word' id='word_1_636' title='bbox 1191 2059 1367 2092; x_wconf 87' lang='lat' dir='ltr'><strong>comitentur,</strong></span> <span class='ocrx_word' id='word_1_637' title='bbox 1397 2059 1521 2088; x_wconf 83' lang='lat' dir='ltr'><strong>elliciunt</strong></span> <span class='ocrx_word' id='word_1_638' title='bbox 1548 2065 1578 2088; x_wconf 89' lang='lat' dir='ltr'><strong>ut</strong></span> <span class='ocrx_word' id='word_1_639' title='bbox 1594 2060 1653 2096; x_wconf 85' lang='lat' dir='ltr'><strong>ipse</strong></span> <span class='ocrx_word' id='word_1_640' title='bbox 1678 2061 1796 2094; x_wconf 87' lang='lat' dir='ltr'><strong>laboret,</strong></span> <span class='ocrx_word' id='word_1_641' title='bbox 1812 2069 1844 2089; x_wconf 90' lang='lat' dir='ltr'><strong>ac</strong></span> 
     </span>
    </p>
   </div>
   <div class='ocr_carea' id='block_1_87' title="bbox 1053 2103 1845 2143">
    <p class='ocr_par' dir='ltr' id='par_1_87' title="bbox 1053 2103 1845 2143">
     <span class='ocr_line' id='line_1_87' title="bbox 1053 2103 1845 2143; baseline 0.001 -10"><span class='ocrx_word' id='word_1_642' title='bbox 1053 2106 1173 2141; x_wconf 85' lang='lat' dir='ltr'><strong>perferat</strong></span> <span class='ocrx_word' id='word_1_643' title='bbox 1200 2103 1389 2132; x_wconf 89' lang='lat' dir='ltr'><strong>tribulationes</strong></span> <span class='ocrx_word' id='word_1_644' title='bbox 1414 2109 1497 2141; x_wconf 89' lang='lat' dir='ltr'><strong>atque</strong></span> <span class='ocrx_word' id='word_1_645' title='bbox 1535 2113 1607 2134; x_wconf 88' lang='lat' dir='ltr'><strong>onus</strong></span> <span class='ocrx_word' id='word_1_646' title='bbox 1637 2111 1665 2136; x_wconf 88' lang='lat' dir='ltr'><strong>et</strong></span> <span class='ocrx_word' id='word_1_647' title='bbox 1702 2111 1845 2143; x_wconf 77' lang='lat' dir='ltr'><strong>angustam</strong></span> 
     </span>
    </p>
   </div>
   <div class='ocr_carea' id='block_1_88' title="bbox 1053 2153 1580 2189">
    <p class='ocr_par' dir='ltr' id='par_1_88' title="bbox 1053 2153 1580 2189">
     <span class='ocr_line' id='line_1_88' title="bbox 1053 2153 1580 2189; baseline 0.004 -10"><span class='ocrx_word' id='word_1_648' title='bbox 1053 2153 1125 2180; x_wconf 80' lang='lat' dir='ltr'><strong>viam</strong></span> <span class='ocrx_word' id='word_1_649' title='bbox 1143 2153 1285 2189; x_wconf 85' lang='lat' dir='ltr'><strong>suscipiat.</strong></span> <span class='ocrx_word' id='word_1_650' title='bbox 1572 2154 1580 2161; x_wconf 82' lang='lat'>’</span> 
     </span>
    </p>
   </div>
   <div class='ocr_carea' id='block_1_89' title="bbox 1087 2198 1845 2232">
    <p class='ocr_par' dir='ltr' id='par_1_89' title="bbox 1087 2198 1845 2232">
     <span class='ocr_line' id='line_1_89' title="bbox 1087 2198 1845 2232; baseline 0.003 -7"><span class='ocrx_word' id='word_1_651' title='bbox 1087 2198 1145 2226; x_wconf 83' lang='lat' dir='ltr'><strong>Xll.</strong></span> <span class='ocrx_word' id='word_1_652' title='bbox 1161 2199 1398 2232; x_wconf 89' lang='lat' dir='ltr'><strong>Quemadmodum</strong></span> <span class='ocrx_word' id='word_1_653' title='bbox 1411 2204 1502 2227; x_wconf 88' lang='lat' dir='ltr'><strong>autem</strong></span> <span class='ocrx_word' id='word_1_654' title='bbox 1540 2199 1649 2227; x_wconf 88' lang='lat' dir='ltr'><strong>nonnisi</strong></span> <span class='ocrx_word' id='word_1_655' title='bbox 1662 2206 1769 2227; x_wconf 91' lang='lat' dir='ltr'><strong>summa</strong></span> <span class='ocrx_word' id='word_1_656' title='bbox 1781 2208 1845 2228; x_wconf 89' lang='lat' dir='ltr'><strong>cum</strong></span> 
     </span>
    </p>
   </div>
   <div class='ocr_carea' id='block_1_90' title="bbox 215 2243 1004 2285">
    <p class='ocr_par' dir='ltr' id='par_1_90' title="bbox 215 2247 998 2285">
     <span class='ocr_line' id='line_1_90' title="bbox 215 2247 998 2285; baseline 0.003 -11"><span class='ocrx_word' id='word_1_657' title='bbox 215 2247 268 2274; x_wconf 75' lang='grc' dir='ltr'><strong>ἀπὸ</strong></span> <span class='ocrx_word' id='word_1_658' title='bbox 281 2247 378 2283; x_wconf 74' lang='grc' dir='ltr'>πυρὸς,</span> <span class='ocrx_word' id='word_1_659' title='bbox 394 2247 481 2279; x_wconf 72' lang='grc' dir='ltr'>οὕτως</span> <span class='ocrx_word' id='word_1_660' title='bbox 494 2248 553 2275; x_wconf 76' lang='grc' dir='ltr'>οὐδὲ</span> <span class='ocrx_word' id='word_1_661' title='bbox 567 2248 657 2285; x_wconf 83' lang='grc' dir='ltr'>ψυχὴν</span> <span class='ocrx_word' id='word_1_662' title='bbox 671 2250 703 2276; x_wconf 77' lang='grc' dir='ltr'>ἐκ</span> <span class='ocrx_word' id='word_1_663' title='bbox 720 2249 768 2276; x_wconf 79' lang='grc' dir='ltr'><strong>τοῦ</strong></span> <span class='ocrx_word' id='word_1_664' title='bbox 788 2249 874 2285; x_wconf 76' lang='grc' dir='ltr'>πυρὸς</span> <span class='ocrx_word' id='word_1_665' title='bbox 888 2250 936 2276; x_wconf 79' lang='grc' dir='ltr'><strong>τοῦ</strong></span> <span class='ocrx_word' id='word_1_666' title='bbox 950 2249 998 2276; x_wconf 89' lang='grc' dir='ltr'>θα-</span> 
     </span>
    </p>
   </div>
   <div class='ocr_carea' id='block_1_91' title="bbox 1054 2243 1846 2285">
    <p class='ocr_par' dir='ltr' id='par_1_91' title="bbox 1054 2243 1846 2282">
     <span class='ocr_line' id='line_1_91' title="bbox 1054 2243 1846 2282; baseline 0.003 -11"><span class='ocrx_word' id='word_1_667' title='bbox 1054 2243 1223 2279; x_wconf 81' lang='lat' dir='ltr'><strong>diﬂicultate,</strong></span> <span class='ocrx_word' id='word_1_668' title='bbox 1237 2246 1319 2274; x_wconf 72' lang='lat' dir='ltr'><strong>torris</strong></span> <span class='ocrx_word' id='word_1_669' title='bbox 1328 2245 1425 2281; x_wconf 81' lang='lat' dir='ltr'><strong>ell‘ugit</strong></span> <span class='ocrx_word' id='word_1_670' title='bbox 1436 2246 1526 2282; x_wconf 86' lang='lat' dir='ltr'><strong>ignem</strong></span> <span class='ocrx_word' id='word_1_671' title='bbox 1535 2245 1596 2279; x_wconf 83' lang='lat' dir='ltr'><strong>;_sic</strong></span> <span class='ocrx_word' id='word_1_672' title='bbox 1607 2254 1718 2281; x_wconf 89' lang='lat' dir='ltr'><strong>quoque</strong></span> <span class='ocrx_word' id='word_1_673' title='bbox 1729 2254 1779 2274; x_wconf 90' lang='lat' dir='ltr'><strong>nec</strong></span> <span class='ocrx_word' id='word_1_674' title='bbox 1789 2246 1846 2282; x_wconf 77' lang='lat'><strong>98</strong></span> 
     </span>
    </p>
   </div>
   <div class='ocr_carea' id='block_1_92' title="bbox 213 2293 1002 2330">
    <p class='ocr_par' dir='ltr' id='par_1_92' title="bbox 213 2293 1002 2330">
     <span class='ocr_line' id='line_1_92' title="bbox 213 2293 1002 2330; baseline 0.005 -11"><span class='ocrx_word' id='word_1_675' title='bbox 213 2293 294 2320; x_wconf 75' lang='grc' dir='ltr'>νάτου</span> <span class='ocrx_word' id='word_1_676' title='bbox 306 2294 330 2320; x_wconf 80' lang='grc' dir='ltr'><strong>εί</strong></span> <span class='ocrx_word' id='word_1_677' title='bbox 344 2294 381 2329; x_wconf 86' lang='grc' dir='ltr'>μὴ</span> <span class='ocrx_word' id='word_1_678' title='bbox 395 2293 440 2320; x_wconf 87' lang='grc' dir='ltr'><strong>διὰ</strong></span> <span class='ocrx_word' id='word_1_679' title='bbox 453 2294 552 2321; x_wconf 87' lang='grc' dir='ltr'>πολλοῦ</span> <span class='ocrx_word' id='word_1_680' title='bbox 568 2295 704 2330; x_wconf 82' lang='grc' dir='ltr'>καμάτου.</span> <span class='ocrx_word' id='word_1_681' title='bbox 722 2295 768 2327; x_wconf 83' lang='grc' dir='ltr'>Ὦς</span> <span class='ocrx_word' id='word_1_682' title='bbox 778 2296 824 2322; x_wconf 75' lang='grc' dir='ltr'><strong>ἐπὶ</strong></span> <span class='ocrx_word' id='word_1_683' title='bbox 834 2296 865 2322; x_wconf 80' lang='grc' dir='ltr'>τὸ</span> <span class='ocrx_word' id='word_1_684' title='bbox 876 2295 1002 2323; x_wconf 80' lang='grc' dir='ltr'>πλεῖστον</span> 
     </span>
    </p>
   </div>
   <div class='ocr_carea' id='block_1_93' title="bbox 213 2338 1001 2377">
    <p class='ocr_par' dir='ltr' id='par_1_93' title="bbox 213 2338 1001 2377">
     <span class='ocr_line' id='line_1_93' title="bbox 213 2338 1001 2377; baseline 0.004 -12"><span class='ocrx_word' id='word_1_685' title='bbox 213 2338 242 2365; x_wconf 75' lang='grc' dir='ltr'>δὲ</span> <span class='ocrx_word' id='word_1_686' title='bbox 262 2339 276 2365; x_wconf 84' lang='grc' dir='ltr'><strong>ὀ</strong></span> <span class='ocrx_word' id='word_1_687' title='bbox 290 2339 423 2372; x_wconf 78' lang='grc' dir='ltr'>Σατανᾶς,</span> <span class='ocrx_word' id='word_1_688' title='bbox 445 2339 484 2372; x_wconf 87' lang='grc' dir='ltr'>ὠς</span> <span class='ocrx_word' id='word_1_689' title='bbox 507 2340 552 2367; x_wconf 74' lang='grc' dir='ltr'><strong>ἐπὶ</strong></span> <span class='ocrx_word' id='word_1_690' title='bbox 573 2341 710 2376; x_wconf 81' lang='grc' dir='ltr'>προφάσει</span> <span class='ocrx_word' id='word_1_691' title='bbox 725 2341 837 2376; x_wconf 79' lang='grc' dir='ltr'>ἀγαθῶν</span> <span class='ocrx_word' id='word_1_692' title='bbox 853 2341 1001 2377; x_wconf 85' lang='grc' dir='ltr'>λογισμῶν,</span> 
     </span>
    </p>
   </div>
   <div class='ocr_carea' id='block_1_94' title="bbox 213 2385 1001 2422">
    <p class='ocr_par' dir='ltr' id='par_1_94' title="bbox 213 2385 1001 2422">
     <span class='ocr_line' id='line_1_94' title="bbox 213 2385 1001 2422; baseline 0.003 -11"><span class='ocrx_word' id='word_1_693' title='bbox 213 2385 255 2411; x_wconf 80' lang='grc' dir='ltr'><strong>δτι</strong></span> <span class='ocrx_word' id='word_1_694' title='bbox 268 2385 302 2411; x_wconf 73' lang='grc' dir='ltr'>ἐκ</span> <span class='ocrx_word' id='word_1_695' title='bbox 316 2385 423 2413; x_wconf 85' lang='grc' dir='ltr'>τούτου</span> <span class='ocrx_word' id='word_1_696' title='bbox 434 2385 564 2413; x_wconf 81' lang='grc' dir='ltr'>δύνασαι</span> <span class='ocrx_word' id='word_1_697' title='bbox 575 2386 778 2422; x_wconf 73' lang='grc' dir='ltr'>εὐαρεστῆσαι</span> <span class='ocrx_word' id='word_1_698' title='bbox 788 2386 828 2420; x_wconf 82' lang='grc' dir='ltr'>τῷ</span> <span class='ocrx_word' id='word_1_699' title='bbox 840 2386 914 2420; x_wconf 82' lang='grc' dir='ltr'>Θεῷ,</span> <span class='ocrx_word' id='word_1_700' title='bbox 934 2387 1001 2414; x_wconf 84' lang='grc' dir='ltr'>ὕπο-</span> 
     </span>
    </p>
   </div>
   <div class='ocr_carea' id='block_1_95' title="bbox 213 2429 1003 2468">
    <p class='ocr_par' dir='ltr' id='par_1_95' title="bbox 213 2429 1003 2468">
     <span class='ocr_line' id='line_1_95' title="bbox 213 2429 1003 2468; baseline 0.005 -12"><span class='ocrx_word' id='word_1_701' title='bbox 213 2429 307 2457; x_wconf 82' lang='grc' dir='ltr'>6άλλει</span> <span class='ocrx_word' id='word_1_702' title='bbox 331 2432 364 2467; x_wconf 81' lang='grc' dir='ltr'><strong>τῇ</strong></span> <span class='ocrx_word' id='word_1_703' title='bbox 385 2431 471 2468; x_wconf 81' lang='grc' dir='ltr'>ψυχῇ,</span> <span class='ocrx_word' id='word_1_704' title='bbox 492 2432 539 2459; x_wconf 77' lang='grc' dir='ltr'>καὶ</span> <span class='ocrx_word' id='word_1_705' title='bbox 565 2433 730 2460; x_wconf 80' lang='grc' dir='ltr'>ὑποκλέπτει</span> <span class='ocrx_word' id='word_1_706' title='bbox 746 2433 832 2468; x_wconf 79' lang='grc' dir='ltr'>αὐτὴν</span> <span class='ocrx_word' id='word_1_707' title='bbox 854 2433 894 2464; x_wconf 86' lang='grc' dir='ltr'><strong>είς</strong></span> <span class='ocrx_word' id='word_1_708' title='bbox 915 2433 1003 2460; x_wconf 81' lang='grc' dir='ltr'>λεπτὰ</span> 
     </span>
    </p>
   </div>
   <div class='ocr_carea' id='block_1_96' title="bbox 213 2476 1003 2513">
    <p class='ocr_par' dir='ltr' id='par_1_96' title="bbox 213 2476 1003 2513">
     <span class='ocr_line' id='line_1_96' title="bbox 213 2476 1003 2513; baseline 0.005 -11"><span class='ocrx_word' id='word_1_709' title='bbox 213 2476 260 2502; x_wconf 81' lang='grc' dir='ltr'>καὶ</span> <span class='ocrx_word' id='word_1_710' title='bbox 283 2476 453 2512; x_wconf 82' lang='grc' dir='ltr'>εὐλογοφανῆ</span> <span class='ocrx_word' id='word_1_711' title='bbox 469 2478 605 2513; x_wconf 85' lang='grc' dir='ltr'>νοήματα,</span> <span class='ocrx_word' id='word_1_712' title='bbox 621 2479 668 2506; x_wconf 79' lang='grc' dir='ltr'>καὶ</span> <span class='ocrx_word' id='word_1_713' title='bbox 689 2479 739 2506; x_wconf 83' lang='grc' dir='ltr'>οὐκ</span> <span class='ocrx_word' id='word_1_714' title='bbox 753 2477 824 2506; x_wconf 79' lang='grc' dir='ltr'>οῐδεν</span> <span class='ocrx_word' id='word_1_715' title='bbox 836 2478 1003 2506; x_wconf 83' lang='grc' dir='ltr'>ὑποκλεπτο-</span> 
     </span>
    </p>
   </div>
   <div class='ocr_carea' id='block_1_97' title="bbox 214 2521 1002 2560">
    <p class='ocr_par' dir='ltr' id='par_1_97' title="bbox 214 2521 1002 2560">
     <span class='ocr_line' id='line_1_97' title="bbox 214 2521 1002 2560; baseline 0.005 -13"><span class='ocrx_word' id='word_1_716' title='bbox 214 2521 282 2556; x_wconf 75' lang='grc' dir='ltr'>μένη</span> <span class='ocrx_word' id='word_1_717' title='bbox 299 2521 446 2558; x_wconf 77' lang='grc' dir='ltr'>διακρῖναι,</span> <span class='ocrx_word' id='word_1_718' title='bbox 463 2523 510 2550; x_wconf 77' lang='grc' dir='ltr'><strong>καὶ</strong></span> <span class='ocrx_word' id='word_1_719' title='bbox 529 2523 617 2556; x_wconf 76' lang='grc' dir='ltr'>οὕτως</span> <span class='ocrx_word' id='word_1_720' title='bbox 631 2525 765 2560; x_wconf 76' lang='grc' dir='ltr'>ἐμπίπτει</span> <span class='ocrx_word' id='word_1_721' title='bbox 787 2526 827 2556; x_wconf 87' lang='grc' dir='ltr'><strong>είς</strong></span> <span class='ocrx_word' id='word_1_722' title='bbox 841 2524 943 2559; x_wconf 83' lang='grc' dir='ltr'>παγίδα</span> <span class='ocrx_word' id='word_1_723' title='bbox 954 2525 1002 2551; x_wconf 76' lang='grc' dir='ltr'>καὶ</span> 
     </span>
    </p>
   </div>
   <div class='ocr_carea' id='block_1_98' title="bbox 212 2567 1002 2605">
    <p class='ocr_par' dir='ltr' id='par_1_98' title="bbox 212 2567 1002 2605">
     <span class='ocr_line' id='line_1_98' title="bbox 212 2567 1002 2605; baseline 0.004 -12"><span class='ocrx_word' id='word_1_724' title='bbox 212 2567 350 2594; x_wconf 85' lang='grc' dir='ltr'>ἀπώλειαν</span> <span class='ocrx_word' id='word_1_725' title='bbox 379 2568 427 2595; x_wconf 88' lang='grc' dir='ltr'><strong>τοῦ</strong></span> <span class='ocrx_word' id='word_1_726' title='bbox 453 2568 588 2596; x_wconf 77' lang='grc' dir='ltr'>διαϐόλου.</span> <span class='ocrx_word' id='word_1_727' title='bbox 605 2568 642 2596; x_wconf 84' lang='grc' dir='ltr'><strong>Τὸ</strong></span> <span class='ocrx_word' id='word_1_728' title='bbox 667 2569 696 2596; x_wconf 72' lang='grc' dir='ltr'>δὲ</span> <span class='ocrx_word' id='word_1_729' title='bbox 724 2569 906 2605; x_wconf 86' lang='grc' dir='ltr'>καιριώτατον</span> <span class='ocrx_word' id='word_1_730' title='bbox 919 2569 1002 2596; x_wconf 83' lang='grc' dir='ltr'>ὅπλον</span> 
     </span>
    </p>
   </div>
   <div class='ocr_carea' id='block_1_99' title="bbox 212 2612 1002 2649">
    <p class='ocr_par' dir='ltr' id='par_1_99' title="bbox 212 2612 1002 2649">
     <span class='ocr_line' id='line_1_99' title="bbox 212 2612 1002 2649; baseline 0.004 -11"><span class='ocrx_word' id='word_1_731' title='bbox 212 2612 259 2639; x_wconf 77' lang='grc' dir='ltr'>τοῦ</span> <span class='ocrx_word' id='word_1_732' title='bbox 275 2612 392 2649; x_wconf 81' lang='grc' dir='ltr'>ἀθλητοῦ</span> <span class='ocrx_word' id='word_1_733' title='bbox 408 2614 457 2641; x_wconf 75' lang='grc' dir='ltr'>καὶ</span> <span class='ocrx_word' id='word_1_734' title='bbox 470 2614 633 2648; x_wconf 70' lang='grc' dir='ltr'>ἀγωνιστοῦ,</span> <span class='ocrx_word' id='word_1_735' title='bbox 646 2613 725 2641; x_wconf 78' lang='grc' dir='ltr'>τοῦτό</span> <span class='ocrx_word' id='word_1_736' title='bbox 753 2615 837 2647; x_wconf 76' lang='grc' dir='ltr'>ἐστιν,</span> <span class='ocrx_word' id='word_1_737' title='bbox 856 2614 900 2641; x_wconf 87' lang='grc' dir='ltr'><strong>ἴνα</strong></span> <span class='ocrx_word' id='word_1_738' title='bbox 915 2614 1002 2641; x_wconf 87' lang='grc' dir='ltr'>είσελ-</span> 
     </span>
    </p>
   </div>
   <div class='ocr_carea' id='block_1_100' title="bbox 213 2657 1001 2695">
    <p class='ocr_par' dir='ltr' id='par_1_100' title="bbox 213 2657 1001 2695">
     <span class='ocr_line' id='line_1_100' title="bbox 213 2657 1001 2695; baseline 0.003 -11"><span class='ocrx_word' id='word_1_739' title='bbox 213 2657 267 2685; x_wconf 80' lang='grc' dir='ltr'><strong>θὼν</strong></span> <span class='ocrx_word' id='word_1_740' title='bbox 279 2658 320 2690; x_wconf 89' lang='grc' dir='ltr'><strong>είς</strong></span> <span class='ocrx_word' id='word_1_741' title='bbox 331 2658 380 2693; x_wconf 83' lang='grc' dir='ltr'>τὴν</span> <span class='ocrx_word' id='word_1_742' title='bbox 395 2659 510 2695; x_wconf 84' lang='grc' dir='ltr'>καρδίαν</span> <span class='ocrx_word' id='word_1_743' title='bbox 523 2660 625 2695; x_wconf 81' lang='grc' dir='ltr'>ποιήσῃ</span> <span class='ocrx_word' id='word_1_744' title='bbox 636 2659 754 2695; x_wconf 82' lang='grc' dir='ltr'>πόλεμον</span> <span class='ocrx_word' id='word_1_745' title='bbox 770 2659 838 2694; x_wconf 80' lang='grc' dir='ltr'>πρὸς</span> <span class='ocrx_word' id='word_1_746' title='bbox 853 2659 899 2686; x_wconf 84' lang='grc' dir='ltr'><strong>τὸν</strong></span> <span class='ocrx_word' id='word_1_747' title='bbox 913 2660 1001 2687; x_wconf 85' lang='grc' dir='ltr'>Σατα-</span> 
     </span>
    </p>
   </div>
   <div class='ocr_carea' id='block_1_101' title="bbox 211 2703 1001 2740">
    <p class='ocr_par' dir='ltr' id='par_1_101' title="bbox 211 2703 1001 2740">
     <span class='ocr_line' id='line_1_101' title="bbox 211 2703 1001 2740; baseline 0.003 -11"><span class='ocrx_word' id='word_1_748' title='bbox 211 2703 271 2736; x_wconf 81' lang='grc' dir='ltr'>νᾶν,</span> <span class='ocrx_word' id='word_1_749' title='bbox 287 2704 335 2730; x_wconf 76' lang='grc' dir='ltr'>καὶ</span> <span class='ocrx_word' id='word_1_750' title='bbox 351 2704 455 2740; x_wconf 71' lang='grc' dir='ltr'>μισήσῃ</span> <span class='ocrx_word' id='word_1_751' title='bbox 473 2704 580 2737; x_wconf 75' lang='grc' dir='ltr'>ἑαυτὸν,</span> <span class='ocrx_word' id='word_1_752' title='bbox 605 2705 653 2731; x_wconf 72' lang='grc' dir='ltr'>καὶ</span> <span class='ocrx_word' id='word_1_753' title='bbox 674 2704 827 2740; x_wconf 82' lang='grc' dir='ltr'>άρνήσηται</span> <span class='ocrx_word' id='word_1_754' title='bbox 842 2703 891 2739; x_wconf 81' lang='grc' dir='ltr'>τὴν</span> <span class='ocrx_word' id='word_1_755' title='bbox 912 2704 1001 2740; x_wconf 76' lang='grc' dir='ltr'>ψυχὴν</span> 
     </span>
    </p>
   </div>
   <div class='ocr_carea' id='block_1_102' title="bbox 212 2748 999 2786">
    <p class='ocr_par' dir='ltr' id='par_1_102' title="bbox 212 2748 999 2786">
     <span class='ocr_line' id='line_1_102' title="bbox 212 2748 999 2786; baseline 0.003 -12"><span class='ocrx_word' id='word_1_756' title='bbox 212 2748 307 2782; x_wconf 82' lang='grc' dir='ltr'>αὑτοῦ,</span> <span class='ocrx_word' id='word_1_757' title='bbox 323 2749 437 2786; x_wconf 78' lang='grc' dir='ltr'>ὀργισθῇ</span> <span class='ocrx_word' id='word_1_758' title='bbox 457 2758 487 2777; x_wconf 85' lang='grc' dir='ltr'><strong>τε</strong></span> <span class='ocrx_word' id='word_1_759' title='bbox 501 2750 549 2777; x_wconf 82' lang='grc' dir='ltr'>καὶ</span> <span class='ocrx_word' id='word_1_760' title='bbox 561 2750 708 2786; x_wconf 65' lang='grc' dir='ltr'>επιπλήξῃ,</span> <span class='ocrx_word' id='word_1_761' title='bbox 721 2750 768 2776; x_wconf 72' lang='grc' dir='ltr'>καὶ</span> <span class='ocrx_word' id='word_1_762' title='bbox 778 2750 838 2781; x_wconf 74' lang='grc' dir='ltr'>ταῖς</span> <span class='ocrx_word' id='word_1_763' title='bbox 854 2749 999 2783; x_wconf 82' lang='grc' dir='ltr'>συνούσαις</span> 
     </span>
    </p>
   </div>
   <div class='ocr_carea' id='block_1_103' title="bbox 212 2793 1001 2831">
    <p class='ocr_par' dir='ltr' id='par_1_103' title="bbox 212 2793 1001 2831">
     <span class='ocr_line' id='line_1_103' title="bbox 212 2793 1001 2831; baseline 0.003 -11"><span class='ocrx_word' id='word_1_764' title='bbox 212 2793 373 2830; x_wconf 72' lang='grc' dir='ltr'>ἐπιθυμίαις</span> <span class='ocrx_word' id='word_1_765' title='bbox 387 2795 563 2831; x_wconf 78' lang='grc' dir='ltr'>ἁντιτάξηται</span> <span class='ocrx_word' id='word_1_766' title='bbox 587 2796 635 2823; x_wconf 85' lang='grc' dir='ltr'>καὶ</span> <span class='ocrx_word' id='word_1_767' title='bbox 658 2795 840 2830; x_wconf 82' lang='grc' dir='ltr'>ἀντιπαλαίσῃ</span> <span class='ocrx_word' id='word_1_768' title='bbox 856 2796 913 2827; x_wconf 79' lang='grc' dir='ltr'>τοῖς</span> <span class='ocrx_word' id='word_1_769' title='bbox 927 2795 1001 2830; x_wconf 84' lang='grc' dir='ltr'>λογι-</span> 
     </span>
    </p>
   </div>
   <div class='ocr_carea' id='block_1_104' title="bbox 214 2840 604 2878">
    <p class='ocr_par' dir='ltr' id='par_1_104' title="bbox 214 2840 604 2878">
     <span class='ocr_line' id='line_1_104' title="bbox 214 2840 604 2878; baseline 0.008 -12"><span class='ocrx_word' id='word_1_770' title='bbox 214 2840 303 2874; x_wconf 75' lang='grc' dir='ltr'>σμοῖς,</span> <span class='ocrx_word' id='word_1_771' title='bbox 317 2841 365 2868; x_wconf 79' lang='grc' dir='ltr'>καὶ</span> <span class='ocrx_word' id='word_1_772' title='bbox 382 2841 503 2877; x_wconf 83' lang='grc' dir='ltr'>μαχεσθῇ</span> <span class='ocrx_word' id='word_1_773' title='bbox 519 2841 604 2878; x_wconf 79' lang='grc' dir='ltr'><strong>αὐτῷ.</strong></span> 
     </span>
    </p>
   </div>
   <div class='ocr_carea' id='block_1_105' title="bbox 250 2885 1000 2923">
    <p class='ocr_par' dir='ltr' id='par_1_105' title="bbox 250 2885 1000 2923">
     <span class='ocr_line' id='line_1_105' title="bbox 250 2885 1000 2923; baseline 0.005 -12"><span class='ocrx_word' id='word_1_774' title='bbox 250 2885 297 2912; x_wconf 84' lang='grc' dir='ltr'><strong>1Γ⁷.</strong></span> <span class='ocrx_word' id='word_1_775' title='bbox 315 2886 346 2913; x_wconf 81' lang='grc' dir='ltr'><strong>Εἰ</strong></span> <span class='ocrx_word' id='word_1_776' title='bbox 360 2886 387 2913; x_wconf 70' lang='grc' dir='ltr'>δὲ</span> <span class='ocrx_word' id='word_1_777' title='bbox 409 2888 449 2920; x_wconf 78' lang='grc' dir='ltr'><strong>εἰς</strong></span> <span class='ocrx_word' id='word_1_778' title='bbox 463 2887 494 2915; x_wconf 76' lang='grc' dir='ltr'>τὸ</span> <span class='ocrx_word' id='word_1_779' title='bbox 511 2888 673 2923; x_wconf 80' lang='grc' dir='ltr'>φαινόμινον</span> <span class='ocrx_word' id='word_1_780' title='bbox 699 2887 845 2923; x_wconf 80' lang='grc' dir='ltr'>φυλάσσεις</span> <span class='ocrx_word' id='word_1_781' title='bbox 867 2887 898 2916; x_wconf 83' lang='grc' dir='ltr'><strong>τδ</strong></span> <span class='ocrx_word' id='word_1_782' title='bbox 921 2887 1000 2923; x_wconf 79' lang='grc' dir='ltr'>σῶμά</span> 
     </span>
    </p>
   </div>
   <div class='ocr_carea' id='block_1_106' title="bbox 1052 2291 1844 2328">
    <p class='ocr_par' dir='ltr' id='par_1_106' title="bbox 1052 2291 1844 2328">
     <span class='ocr_line' id='line_1_106' title="bbox 1052 2291 1844 2328; baseline 0.001 -10"><span class='ocrx_word' id='word_1_783' title='bbox 1052 2291 1143 2319; x_wconf 89' lang='lat' dir='ltr'><strong>anima</strong></span> <span class='ocrx_word' id='word_1_784' title='bbox 1161 2292 1253 2328; x_wconf 83' lang='lat' dir='ltr'><strong>ignem</strong></span> <span class='ocrx_word' id='word_1_785' title='bbox 1269 2293 1378 2325; x_wconf 87' lang='lat' dir='ltr'><strong>mortis,</strong></span> <span class='ocrx_word' id='word_1_786' title='bbox 1399 2292 1453 2319; x_wconf 90' lang='lat' dir='ltr'><strong>nisi</strong></span> <span class='ocrx_word' id='word_1_787' title='bbox 1471 2300 1579 2320; x_wconf 91' lang='lat' dir='ltr'><strong>summo</strong></span> <span class='ocrx_word' id='word_1_788' title='bbox 1591 2300 1653 2319; x_wconf 91' lang='lat' dir='ltr'><strong>cum</strong></span> <span class='ocrx_word' id='word_1_789' title='bbox 1666 2292 1772 2320; x_wconf 90' lang='lat' dir='ltr'><strong>labore.</strong></span> <span class='ocrx_word' id='word_1_790' title='bbox 1783 2292 1844 2320; x_wconf 78' lang='lat' dir='ltr'><strong>Ca:-</strong></span> 
     </span>
    </p>
   </div>
   <div class='ocr_carea' id='block_1_107' title="bbox 1052 2337 1844 2372">
    <p class='ocr_par' dir='ltr' id='par_1_107' title="bbox 1052 2337 1844 2372">
     <span class='ocr_line' id='line_1_107' title="bbox 1052 2337 1844 2372; baseline 0.003 -9"><span class='ocrx_word' id='word_1_791' title='bbox 1052 2340 1142 2364; x_wconf 90' lang='lat' dir='ltr'><strong>terum</strong></span> <span class='ocrx_word' id='word_1_792' title='bbox 1163 2344 1354 2372; x_wconf 72' lang='lat' dir='ltr'><strong>saepenumero</strong></span> <span class='ocrx_word' id='word_1_793' title='bbox 1374 2337 1499 2369; x_wconf 81' lang='lat' dir='ltr'><strong>Satanas,</strong></span> <span class='ocrx_word' id='word_1_794' title='bbox 1530 2337 1607 2364; x_wconf 89' lang='lat' dir='ltr'><strong>velut</strong></span> <span class='ocrx_word' id='word_1_795' title='bbox 1631 2337 1682 2364; x_wconf 90' lang='lat' dir='ltr'><strong>sub</strong></span> <span class='ocrx_word' id='word_1_796' title='bbox 1708 2340 1844 2372; x_wconf 69' lang='lat' dir='ltr'><strong>praetextu</strong></span> 
     </span>
    </p>
   </div>
   <div class='ocr_carea' id='block_1_108' title="bbox 1051 2381 1843 2418">
    <p class='ocr_par' dir='ltr' id='par_1_108' title="bbox 1051 2381 1843 2418">
     <span class='ocr_line' id='line_1_108' title="bbox 1051 2381 1843 2418; baseline 0 -9"><span class='ocrx_word' id='word_1_797' title='bbox 1051 2381 1189 2409; x_wconf 90' lang='lat' dir='ltr'><strong>bonarum</strong></span> <span class='ocrx_word' id='word_1_798' title='bbox 1208 2382 1416 2417; x_wconf 82' lang='lat' dir='ltr'><strong>cogitationum,</strong></span> <span class='ocrx_word' id='word_1_799' title='bbox 1440 2383 1556 2414; x_wconf 88' lang='lat' dir='ltr'><strong>scilicet,</strong></span> <span class='ocrx_word' id='word_1_800' title='bbox 1583 2390 1615 2409; x_wconf 72' lang='lat' dir='ltr'><strong>ex</strong></span> <span class='ocrx_word' id='word_1_801' title='bbox 1625 2390 1655 2409; x_wconf 87' lang='lat' dir='ltr'><strong>eo</strong></span> <span class='ocrx_word' id='word_1_802' title='bbox 1689 2386 1761 2418; x_wconf 67' lang='lat' dir='ltr'><strong>potes</strong></span> <span class='ocrx_word' id='word_1_803' title='bbox 1783 2382 1843 2417; x_wconf 85' lang='lat' dir='ltr'><strong>pla-</strong></span> 
     </span>
    </p>
   </div>
   <div class='ocr_carea' id='block_1_109' title="bbox 1051 2427 1842 2463">
    <p class='ocr_par' dir='ltr' id='par_1_109' title="bbox 1051 2427 1842 2463">
     <span class='ocr_line' id='line_1_109' title="bbox 1051 2427 1842 2463; baseline 0.001 -9"><span class='ocrx_word' id='word_1_804' title='bbox 1051 2435 1108 2454; x_wconf 82' lang='lat' dir='ltr'><strong>cere</strong></span> <span class='ocrx_word' id='word_1_805' title='bbox 1129 2427 1194 2460; x_wconf 83' lang='lat' dir='ltr'><strong>Deo,</strong></span> <span class='ocrx_word' id='word_1_806' title='bbox 1214 2428 1335 2463; x_wconf 85' lang='lat' dir='ltr'><strong>suggerit</strong></span> <span class='ocrx_word' id='word_1_807' title='bbox 1352 2428 1461 2460; x_wconf 67' lang='lat' dir='ltr'><strong>animas,</strong></span> <span class='ocrx_word' id='word_1_808' title='bbox 1491 2435 1523 2455; x_wconf 90' lang='lat' dir='ltr'><strong>ac</strong></span> <span class='ocrx_word' id='word_1_809' title='bbox 1546 2427 1640 2455; x_wconf 79' lang='lat' dir='ltr'><strong>furtim</strong></span> <span class='ocrx_word' id='word_1_810' title='bbox 1653 2427 1767 2455; x_wconf 89' lang='lat' dir='ltr'><strong>deducit</strong></span> <span class='ocrx_word' id='word_1_811' title='bbox 1781 2435 1842 2455; x_wconf 87' lang='lat' dir='ltr'><strong>eam</strong></span> 
     </span>
    </p>
   </div>
   <div class='ocr_carea' id='block_1_110' title="bbox 1051 2473 1843 2510">
    <p class='ocr_par' dir='ltr' id='par_1_110' title="bbox 1051 2473 1843 2510">
     <span class='ocr_line' id='line_1_110' title="bbox 1051 2473 1843 2510; baseline 0.001 -10"><span class='ocrx_word' id='word_1_812' title='bbox 1051 2473 1086 2501; x_wconf 93' lang='lat' dir='ltr'><strong>ad</strong></span> <span class='ocrx_word' id='word_1_813' title='bbox 1105 2473 1187 2506; x_wconf 86' lang='lat' dir='ltr'><strong>levia,</strong></span> <span class='ocrx_word' id='word_1_814' title='bbox 1200 2478 1282 2509; x_wconf 86' lang='lat' dir='ltr'><strong>atque</strong></span> <span class='ocrx_word' id='word_1_815' title='bbox 1299 2474 1326 2501; x_wconf 90' lang='lat' dir='ltr'><strong>iu</strong></span> <span class='ocrx_word' id='word_1_816' title='bbox 1346 2474 1467 2510; x_wconf 86' lang='lat' dir='ltr'><strong>speciem</strong></span> <span class='ocrx_word' id='word_1_817' title='bbox 1489 2473 1642 2508; x_wconf 90' lang='lat' dir='ltr'><strong>probabilia</strong></span> <span class='ocrx_word' id='word_1_818' title='bbox 1662 2473 1795 2501; x_wconf 86' lang='lat' dir='ltr'><strong>consilia:</strong></span> <span class='ocrx_word' id='word_1_819' title='bbox 1813 2477 1843 2501; x_wconf 89' lang='lat' dir='ltr'><strong>et</strong></span> 
     </span>
    </p>
   </div>
   <div class='ocr_carea' id='block_1_111' title="bbox 1052 2518 1842 2555">
    <p class='ocr_par' dir='ltr' id='par_1_111' title="bbox 1052 2518 1842 2555">
     <span class='ocr_line' id='line_1_111' title="bbox 1052 2518 1842 2555; baseline 0.001 -9"><span class='ocrx_word' id='word_1_820' title='bbox 1052 2518 1098 2546; x_wconf 88' lang='lat' dir='ltr'><strong>illa</strong></span> <span class='ocrx_word' id='word_1_821' title='bbox 1109 2519 1179 2546; x_wconf 87' lang='lat' dir='ltr'><strong>clam</strong></span> <span class='ocrx_word' id='word_1_822' title='bbox 1197 2519 1316 2549; x_wconf 81' lang='lat' dir='ltr'><strong>deducta</strong></span> <span class='ocrx_word' id='word_1_823' title='bbox 1338 2520 1428 2548; x_wconf 86' lang='lat' dir='ltr'><strong>nescit</strong></span> <span class='ocrx_word' id='word_1_824' title='bbox 1450 2520 1620 2549; x_wconf 86' lang='lat' dir='ltr'><strong>discernere.</strong></span> <span class='ocrx_word' id='word_1_825' title='bbox 1643 2525 1726 2555; x_wconf 84' lang='lat' dir='ltr'><strong>atque</strong></span> <span class='ocrx_word' id='word_1_826' title='bbox 1742 2520 1782 2547; x_wconf 86' lang='lat' dir='ltr'><strong>sic</strong></span> <span class='ocrx_word' id='word_1_827' title='bbox 1798 2520 1842 2547; x_wconf 90' lang='lat' dir='ltr'><strong>in-</strong></span> 
     </span>
    </p>
   </div>
   <div class='ocr_carea' id='block_1_112' title="bbox 1051 2565 1843 2601">
    <p class='ocr_par' dir='ltr' id='par_1_112' title="bbox 1051 2565 1843 2601">
     <span class='ocr_line' id='line_1_112' title="bbox 1051 2565 1843 2601; baseline 0.003 -9"><span class='ocrx_word' id='word_1_828' title='bbox 1051 2565 1118 2593; x_wconf 90' lang='lat' dir='ltr'><strong>cidit</strong></span> <span class='ocrx_word' id='word_1_829' title='bbox 1127 2565 1152 2592; x_wconf 93' lang='lat' dir='ltr'><strong>in</strong></span> <span class='ocrx_word' id='word_1_830' title='bbox 1164 2566 1291 2600; x_wconf 89' lang='lat' dir='ltr'><strong>laqueum</strong></span> <span class='ocrx_word' id='word_1_831' title='bbox 1304 2570 1332 2594; x_wconf 89' lang='lat' dir='ltr'><strong>et</strong></span> <span class='ocrx_word' id='word_1_832' title='bbox 1340 2566 1454 2593; x_wconf 85' lang='lat' dir='ltr'><strong>exitium</strong></span> <span class='ocrx_word' id='word_1_833' title='bbox 1466 2565 1579 2594; x_wconf 87' lang='lat' dir='ltr'><strong>diaboli.</strong></span> <span class='ocrx_word' id='word_1_834' title='bbox 1589 2566 1728 2601; x_wconf 68' lang='lat' dir='ltr'><strong>Praecipua</strong></span> <span class='ocrx_word' id='word_1_835' title='bbox 1738 2574 1804 2594; x_wconf 87' lang='lat' dir='ltr'><strong>vero</strong></span> <span class='ocrx_word' id='word_1_836' title='bbox 1814 2570 1843 2594; x_wconf 87' lang='lat' dir='ltr'><strong>et</strong></span> 
     </span>
    </p>
   </div>
   <div class='ocr_carea' id='block_1_113' title="bbox 1051 2611 1841 2646">
    <p class='ocr_par' dir='ltr' id='par_1_113' title="bbox 1051 2611 1841 2646">
     <span class='ocr_line' id='line_1_113' title="bbox 1051 2611 1841 2646; baseline 0.003 -8"><span class='ocrx_word' id='word_1_837' title='bbox 1051 2611 1170 2639; x_wconf 80' lang='lat' dir='ltr'><strong>maxime</strong></span> <span class='ocrx_word' id='word_1_838' title='bbox 1197 2616 1352 2646; x_wconf 88' lang='lat' dir='ltr'><strong>opportuna</strong></span> <span class='ocrx_word' id='word_1_839' title='bbox 1381 2611 1493 2639; x_wconf 70' lang='lat' dir='ltr'><strong>athletae</strong></span> <span class='ocrx_word' id='word_1_840' title='bbox 1512 2615 1541 2639; x_wconf 87' lang='lat' dir='ltr'><strong>et</strong></span> <span class='ocrx_word' id='word_1_841' title='bbox 1566 2612 1736 2640; x_wconf 86' lang='lat' dir='ltr'><strong>decertantis</strong></span> <span class='ocrx_word' id='word_1_842' title='bbox 1765 2620 1841 2640; x_wconf 91' lang='lat' dir='ltr'><strong>arma</strong></span> 
     </span>
    </p>
   </div>
   <div class='ocr_carea' id='block_1_114' title="bbox 1051 2657 1842 2693">
    <p class='ocr_par' dir='ltr' id='par_1_114' title="bbox 1051 2657 1842 2693">
     <span class='ocr_line' id='line_1_114' title="bbox 1051 2657 1842 2693; baseline 0 -7"><span class='ocrx_word' id='word_1_843' title='bbox 1051 2662 1116 2686; x_wconf 90' lang='lat' dir='ltr'><strong>sunt</strong></span> <span class='ocrx_word' id='word_1_844' title='bbox 1133 2657 1201 2690; x_wconf 67' lang='lat' dir='ltr'><strong>haec,</strong></span> <span class='ocrx_word' id='word_1_845' title='bbox 1215 2662 1245 2685; x_wconf 90' lang='lat' dir='ltr'><strong>ut</strong></span> <span class='ocrx_word' id='word_1_846' title='bbox 1260 2666 1294 2685; x_wconf 83' lang='lat' dir='ltr'><strong>ex</strong></span> <span class='ocrx_word' id='word_1_847' title='bbox 1312 2658 1416 2685; x_wconf 89' lang='lat' dir='ltr'><strong>intimis</strong></span> <span class='ocrx_word' id='word_1_848' title='bbox 1430 2658 1619 2693; x_wconf 84' lang='lat' dir='ltr'><strong>penetralibus</strong></span> <span class='ocrx_word' id='word_1_849' title='bbox 1633 2658 1726 2686; x_wconf 89' lang='lat' dir='ltr'><strong>cordis</strong></span> <span class='ocrx_word' id='word_1_850' title='bbox 1738 2658 1842 2686; x_wconf 91' lang='lat' dir='ltr'><strong>bellum</strong></span> 
     </span>
    </p>
   </div>
   <div class='ocr_carea' id='block_1_115' title="bbox 1050 2703 1841 2739">
    <p class='ocr_par' dir='ltr' id='par_1_115' title="bbox 1050 2703 1841 2739">
     <span class='ocr_line' id='line_1_115' title="bbox 1050 2703 1841 2739; baseline -0.001 -7"><span class='ocrx_word' id='word_1_851' title='bbox 1050 2708 1129 2739; x_wconf 77' lang='lat' dir='ltr'><strong>gerat</strong></span> <span class='ocrx_word' id='word_1_852' title='bbox 1159 2703 1292 2731; x_wconf 87' lang='lat' dir='ltr'><strong>adversus</strong></span> <span class='ocrx_word' id='word_1_853' title='bbox 1316 2703 1456 2736; x_wconf 85' lang='lat' dir='ltr'><strong>Satanam,</strong></span> <span class='ocrx_word' id='word_1_854' title='bbox 1499 2704 1564 2732; x_wconf 92' lang='lat' dir='ltr'><strong>odio</strong></span> <span class='ocrx_word' id='word_1_855' title='bbox 1601 2709 1784 2739; x_wconf 84' lang='lat' dir='ltr'><strong>prosequatur</strong></span> <span class='ocrx_word' id='word_1_856' title='bbox 1811 2712 1841 2732; x_wconf 81' lang='lat' dir='ltr'><strong>se</strong></span> 
     </span>
    </p>
   </div>
   <div class='ocr_carea' id='block_1_116' title="bbox 1051 2749 1842 2785">
    <p class='ocr_par' dir='ltr' id='par_1_116' title="bbox 1051 2749 1842 2785">
     <span class='ocr_line' id='line_1_116' title="bbox 1051 2749 1842 2785; baseline 0.001 -8"><span class='ocrx_word' id='word_1_857' title='bbox 1051 2749 1151 2785; x_wconf 90' lang='lat' dir='ltr'><strong>ipsum,</strong></span> <span class='ocrx_word' id='word_1_858' title='bbox 1168 2749 1284 2785; x_wconf 83' lang='lat' dir='ltr'><strong>abneget</strong></span> <span class='ocrx_word' id='word_1_859' title='bbox 1305 2749 1424 2777; x_wconf 88' lang='lat' dir='ltr'><strong>animam</strong></span> <span class='ocrx_word' id='word_1_860' title='bbox 1451 2757 1544 2783; x_wconf 91' lang='lat' dir='ltr'><strong>suam,</strong></span> <span class='ocrx_word' id='word_1_861' title='bbox 1559 2750 1695 2778; x_wconf 86' lang='lat' dir='ltr'><strong>irascatur</strong></span> <span class='ocrx_word' id='word_1_862' title='bbox 1714 2750 1741 2777; x_wconf 88' lang='lat' dir='ltr'><strong>ei</strong></span> <span class='ocrx_word' id='word_1_863' title='bbox 1758 2754 1842 2785; x_wconf 87' lang='lat' dir='ltr'><strong>atque</strong></span> 
     </span>
    </p>
   </div>
   <div class='ocr_carea' id='block_1_117' title="bbox 1051 2795 1839 2830">
    <p class='ocr_par' dir='ltr' id='par_1_117' title="bbox 1051 2795 1839 2830">
     <span class='ocr_line' id='line_1_117' title="bbox 1051 2795 1839 2830; baseline -0.001 -7"><span class='ocrx_word' id='word_1_864' title='bbox 1051 2795 1235 2830; x_wconf 86' lang='lat' dir='ltr'><strong>reprehendat</strong></span> <span class='ocrx_word' id='word_1_865' title='bbox 1260 2803 1331 2827; x_wconf 88' lang='lat' dir='ltr'><strong>eam,</strong></span> <span class='ocrx_word' id='word_1_866' title='bbox 1353 2795 1443 2823; x_wconf 91' lang='lat' dir='ltr'><strong>insitis</strong></span> <span class='ocrx_word' id='word_1_867' title='bbox 1469 2795 1667 2830; x_wconf 86' lang='lat' dir='ltr'><strong>cupiditatibus</strong></span> <span class='ocrx_word' id='word_1_868' title='bbox 1691 2795 1839 2827; x_wconf 83' lang='lat' dir='ltr'><strong>renitatur,</strong></span> 
     </span>
    </p>
   </div>
   <div class='ocr_carea' id='block_1_118' title="bbox 1052 2841 1775 2878">
    <p class='ocr_par' dir='ltr' id='par_1_118' title="bbox 1052 2841 1775 2878">
     <span class='ocr_line' id='line_1_118' title="bbox 1052 2841 1775 2878; baseline 0.001 -9"><span class='ocrx_word' id='word_1_869' title='bbox 1052 2841 1203 2869; x_wconf 88' lang='lat' dir='ltr'><strong>reluctetur</strong></span> <span class='ocrx_word' id='word_1_870' title='bbox 1217 2842 1439 2877; x_wconf 73' lang='lat' dir='ltr'><strong>cogitationibus,</strong></span> <span class='ocrx_word' id='word_1_871' title='bbox 1452 2847 1534 2877; x_wconf 88' lang='lat' dir='ltr'><strong>atque</strong></span> <span class='ocrx_word' id='word_1_872' title='bbox 1550 2846 1653 2878; x_wconf 86' lang='lat' dir='ltr'><strong>pugnet</strong></span> <span class='ocrx_word' id='word_1_873' title='bbox 1663 2849 1775 2870; x_wconf 79' lang='lat' dir='ltr'><strong>secum.</strong></span> 
     </span>
    </p>
   </div>
   <div class='ocr_carea' id='block_1_119' title="bbox 1087 2887 1843 2923">
    <p class='ocr_par' dir='ltr' id='par_1_119' title="bbox 1087 2887 1843 2923">
     <span class='ocr_line' id='line_1_119' title="bbox 1087 2887 1843 2923; baseline -0.001 -8"><span class='ocrx_word' id='word_1_874' title='bbox 1087 2887 1157 2916; x_wconf 76' lang='lat' dir='ltr'><strong>Xlll.</strong></span> <span class='ocrx_word' id='word_1_875' title='bbox 1175 2887 1255 2921; x_wconf 82' lang='lat' dir='ltr'><strong>Quod</strong></span> <span class='ocrx_word' id='word_1_876' title='bbox 1269 2888 1292 2916; x_wconf 87' lang='lat' dir='ltr'><strong>si</strong></span> <span class='ocrx_word' id='word_1_877' title='bbox 1310 2888 1431 2916; x_wconf 75' lang='lat' dir='ltr'><strong>exterius</strong></span> <span class='ocrx_word' id='word_1_878' title='bbox 1445 2887 1586 2917; x_wconf 83' lang='lat' dir='ltr'><strong>custodias</strong></span> <span class='ocrx_word' id='word_1_879' title='bbox 1609 2895 1711 2923; x_wconf 85' lang='lat' dir='ltr'><strong>corpus</strong></span> <span class='ocrx_word' id='word_1_880' title='bbox 1726 2892 1803 2915; x_wconf 83' lang='lat' dir='ltr'><strong>tuum</strong></span> <span class='ocrx_word' id='word_1_881' title='bbox 1823 2894 1843 2914; x_wconf 65' lang='grc' dir='ltr'>ι</span> 
     </span>
    </p>
   </div>
  </div>
