2078 3151
205 167 259 200 683

823 165 853 195 S.
873 165 1033 196 MACARII
1052 165 1213 197 EGYPTII

1781 162 1836 195 684

206 220 384 256 corruptione
401 222 429 247 et
446 223 557 255 stupro;
572 217 647 246 intus
658 221 750 245 autem
768 217 933 246 adulterium
950 222 997 246 aut

1054 228 1096 246 sou
1110 220 1164 246 ἀπὸ
1179 220 1283 256 φθορᾶς
1296 221 1342 247 καὶ
1360 220 1498 256 πορνείας·
1515 219 1616 247 ἔσωθεν
1626 220 1654 247 δὲ
1673 219 1836 255 ἐμοίχευσας

206 272 332 302 stuprum
350 266 507 294 committas
522 265 551 292 in
570 264 783 299 cogitationibus
808 264 874 296 tuis,
887 264 996 291 adulter

206 320 237 340 es
263 312 336 348 apud
358 313 454 344 Deum,
471 319 521 338 nec
537 310 652 346 prodest
673 310 723 337 tibi
737 310 900 346 quidquam,
921 309 995 345 quod

206 367 308 395 corpus
333 359 435 386 habeas
463 357 627 392 virgineum.
656 355 891 390 Quemadmodum
912 355 936 383 si
961 356 997 382 sit

206 403 411 431 adolescentula
433 409 465 429 ac
491 402 616 437 juvenis,
640 401 687 436 qui
712 400 895 427 fraudulentis
915 401 995 427 istam

206 447 354 474 verborum
372 447 509 474 illecebris
530 446 650 473 illectam
668 450 842 480 corrumpat;
858 445 903 472 illa
920 450 995 480 post-

205 492 317 519 modum
340 491 518 519 exsecrabilis
542 490 572 517 ﬁt
593 497 710 525 sponso,
731 497 764 517 eo
786 490 858 525 quod
887 490 995 518 adulte-

206 539 278 566 rium
307 538 500 566 commiserit:
519 538 559 564 sic
579 544 689 572 quoque
713 536 803 563 anima
823 537 995 571 incorporea,

207 585 230 612 si
252 585 411 612 societatem
431 592 495 611 cum
514 587 641 618 serpente
661 583 688 610 in
716 582 896 610 interioribus
912 582 996 609 animi

208 630 363 657 recessibus
391 629 494 659 abdito,
524 628 623 663 spiritu
642 627 772 653 nimirum
791 634 886 661 pravo,
912 626 994 658 ineat,

207 675 381 702 adulteratur
415 678 478 701 ante
512 673 608 700 Deum.
639 672 735 707 itaque
769 673 901 707 scriptum
931 677 994 700 est:

208 720 298 748 Omni:
311 721 355 755 qui
369 720 461 746 uiderit
479 719 625 750 mulierem,
637 718 671 745 ad
686 719 917 753 concupiscendum
926 727 995 751 eam,

203 766 264 801 jam
289 767 430 793 moechatus
456 765 531 792 estin
546 765 621 791 corde
644 773 691 790 suo
707 765 739 791 ⁸⁷.
763 764 810 791 Est
839 765 914 792 enim
937 769 997 792 stu-

206 820 288 847 prum
305 811 378 846 quod
399 818 516 846 corpore
543 810 706 845 perﬁcitur:
733 816 775 838 est
798 818 909 845 quoque
937 815 997 838 stu-

1045 265 1094 291 καὶ
1113 265 1282 300 ἑπόρνευσας
1296 266 1326 292 ὲν
1340 267 1396 297 τοῖς
1411 266 1551 302 λογισμοῖς
1570 273 1629 298 σου,
1649 265 1785 301 μοιχεύεις
1797 266 1836 302 τῷ

1045 310 1116 345 Θεῷ,
1137 311 1184 338 καὶ
1201 311 1277 338 οὐδὲν
1297 311 1443 347 ὠφέλησας
1457 311 1487 338 τδ
1507 311 1588 346 σῶμα
1606 311 1675 346 ἔχων
1691 311 1835 347 παρθένον.

1046 357 1154 392 Ὥσπερ
1167 358 1214 383 ἐὰν
1272 358 1362 389 νεᾶνις
1377 357 1424 384 καὶ
1437 356 1589 389 νεανίσκος,
1607 357 1654 383 καὶ
1675 356 1743 392 δόλῳ
1761 357 1838 384 κολα-

1046 402 1148 434 κεύσας
1167 402 1252 437 αὐτὴν
1268 402 1377 439 φθείρῃ,
1390 401 1482 429 λοιπὸν
1497 401 1626 437 βδελυκτή
1642 402 1700 429 ἔστι
1715 402 1754 437 τῷ
1770 411 1837 437 νυμ-

1050 448 1114 482 φίῳ,
1128 447 1169 475 ὅτι
1186 448 1345 483 ἐμοιχεύθη·
1361 447 1432 475 οὕτω
1451 447 1499 474 καὶ
1514 449 1530 482 ἡ
1546 448 1690 483 ἀσώματος
1711 448 1783 484 ψυχὴ
1798 448 1838 484 τῷ

1050 493 1241 529 ὲνδομυχοῦντι
1255 494 1315 528 ὖφει
1329 493 1495 522 κοινωνοῦσα
1509 493 1549 529 τῷ
1564 494 1674 529 πονηρῷ
1691 494 1837 529 πνεύματι,

1050 539 1177 574 πορνεύει
1192 539 1247 567 ἀπὸ
1265 539 1344 566 Θεοῦ·
1358 540 1405 567 καὶ
1422 540 1588 576 γέγραπται,
1615 539 1677 573 Πᾶς
1689 539 1839 571 όβ.ιέπων

1050 585 1179 618 γυναῖκα
1186 585 1261 619 πρὸς
1271 585 1304 612 τὸ
1312 584 1566 620 ὲπιθυμῆσαι,ἢδη
1575 585 1752 619 ἐμοίχευσεν
1759 584 1794 611 ἐν
1801 593 1838 618 τῃ

1049 631 1155 665 καρδίᾳ
1163 631 1268 659 αὐτοῦ.
1284 632 1362 659 Ἔστι
1373 631 1427 666 γὰρ
1436 631 1548 666 πορνεία
1557 631 1601 658 διὰ
1613 631 1738 666 σώματος
1745 631 1839 658 τελου-

1051 676 1180 711 μένη,χαὶ
1190 676 1246 702 ἔστι
1255 676 1368 709 πορνεία
1376 676 1462 711 ψυχῆς
1471 675 1650 710 κοινωνούσης
1657 675 1695 710 τῷ
1703 675 1839 711 Σατανᾷιή

1049 721 1118 756 αὐτὴ
1126 722 1180 757 γὰρ
1190 721 1264 757 ψυχὴ
1274 723 1418 756 κοινωνικὴ
1431 723 1488 748 ἐστι
1502 721 1548 748 καὶ
1557 721 1682 756 ἁδελφὴῆ
1693 720 1839 756 δαιμόνων,

1049 766 1065 801 ἢ
1082 766 1154 800 ΘεοῦΙ
1165 767 1211 793 καὶ
1226 766 1352 801 ἀγγέλων
1365 775 1372 781 “
1394 767 1440 793 καὶ
1469 766 1562 793 λοιπὸν
1589 766 1751 801 μοιχεύουσα
1772 766 1842 801 μετὰ

1048 810 1095 837 τοῦ
1108 811 1241 845 διαϐόλου,
1253 811 1389 846 ἄχρηστός
1411 812 1470 837 ἔστι
1485 811 1526 846 τῷ
1543 811 1696 847 ἐπουρανίῳ
1712 811 1841 845 Νυμφίῳ.

208 865 288 893 prum
301 859 399 886 animae
410 866 472 885 cum
488 858 586 886 Satana
599 857 796 892 participantis.
813 856 914 884 Eadem
942 857 1016 885 enim
1035 857 1126 884 anima
1142 858 1216 885 socia
1246 861 1288 885 est
1320 862 1349 885 et
1378 865 1457 886 soror
1471 862 1519 886 aut
1546 858 1711 890 daemonum,
1726 862 1773 885 aut
1794 858 1842 886 Dei

209 911 238 934 et
248 907 408 942 angelorum
422 913 500 940 ;quae
510 913 575 933 vero
595 905 760 932 adulterium
775 905 922 932 committit
936 912 998 932 cum
1018 904 1128 936 Satana,
1146 905 1238 933 minus
1252 905 1396 933 commoda
1410 909 1453 933 est
1466 904 1572 932 ctelesti
1589 905 1705 941 Sponsa.

244 951 314 978 XIV.
340 951 531 986 Interrogatio.
565 951 657 978 Utrum
682 951 789 985 quiescit
803 950 936 977 interdum
952 949 1003 978 Sa-

1094 950 1143 978 lA'.
1155 951 1326 985 Ἐρώτησις.
1339 952 1373 978 Et
1383 950 1526 985 ἡσυχάζει
1537 950 1631 978 ποτὲό
1638 949 1784 982 Σατανᾶς,
1794 950 1843 977 καὶ

212 1001 300 1030 tonas,
316 1001 340 1023 et
358 997 433 1024 homo
460 997 588 1024 liberatur
604 1005 620 1023 a
636 996 714 1029 bello,
732 1000 779 1023 aut
796 996 914 1032 quandiu
930 997 1001 1029 vivit,

213 1041 281 1068 bello
305 1042 448 1076 infestatur
461 1041 473 1068 Γ

261 1087 413 1123 Responsio.
449 1087 564 1115 Satanas
594 1095 735 1123 nunquam
768 1091 857 1114 cessat
890 1095 905 1114 a
930 1087 1003 1115 bello

212 1134 352 1169 gerendo;
375 1133 497 1168 quandiu
525 1133 593 1160 vivit
616 1133 715 1168 aliquis
730 1132 758 1159 in
777 1133 830 1160 hoc
845 1133 956 1164 saeculo,
971 1140 1003 1160 ac

213 1179 335 1214 quandiu
354 1186 465 1206 carnem
479 1183 567 1214 gestat
585 1199 593 1210 .
619 1179 692 1206 bello
717 1179 872 1206 lacessitur.
893 1179 1000 1207 «νει-ωτι

213 1225 260 1252 ubi
273 1226 328 1252 tela
343 1225 504 1260 nequissimi
531 1225 615 1260 ignita
626 1225 728 1252 fuerint
744 1224 889 1258 exstincta,
899 1224 926 1251 in
946 1233 1001 1260 quo

212 1271 328 1306 posthac
345 1271 403 1298 illic
429 1271 528 1298 laedere
553 1271 638 1305 possit
653 1270 804 1303 hominem,
818 1271 882 1298 licet
895 1271 1002 1298 venerit

213 1315 329 1345 Satanas
345 1316 373 1343 in
386 1315 546 1352 judicium?
562 1316 610 1343 Est
624 1315 725 1350 aliquis
751 1315 856 1343 amicus
878 1315 960 1350 regis,
974 1318 1002 1342 et

213 1361 297 1389 habet
328 1361 544 1388 contr0versiam
568 1368 630 1388 cutn
657 1360 837 1394 adversario;
860 1369 922 1388 cum
935 1368 1002 1395 ergo

213 1414 306 1442 regem
332 1407 433 1434 habeat
461 1407 515 1434 sibi
536 1406 686 1441 propitium
709 1411 738 1434 et
761 1406 929 1441 benignum,
953 1405 1001 1440 qui

213 1452 354 1486 suppetias
367 1451 437 1478 ferat
454 1451 504 1483 illi,
531 1452 688 1478 nullatenus
707 1451 832 1478 laedetur.
862 1451 913 1478 Ubi
927 1451 1002 1478 enim

214 1498 288 1532 quis,
304 1505 400 1524 omnes
412 1497 524 1525 ordines
538 1505 570 1524 ac
595 1497 697 1533 gradus
712 1502 909 1532 transgressus,
930 1497 1002 1532 regis

215 1543 322 1570 amicus
336 1544 465 1575 evaserit,
478 1543 524 1570 hic
546 1542 660 1577 posthac
676 1550 691 1569 a
707 1550 825 1576 quonam
843 1546 890 1569 aut
904 1550 958 1577 qua
973 1543 1001 1569 in

215 1595 246 1616 re
262 1588 440 1616 oﬂ‘endetur?
453 1588 483 1616 ln
498 1588 581 1615 rebus
597 1588 764 1622 conspicuis,
786 1592 851 1615 sunt
865 1588 999 1620 civitates,

215 1642 277 1668 qua:
296 1634 367 1662 dona
381 1638 408 1661 et
417 1641 539 1661 annonas
553 1633 707 1669 accipiunt;
724 1634 746 1661 si
760 1642 825 1669 ergo
847 1634 873 1660 in
890 1641 1004 1661 munere
1017 1622 1037 1650 (ἶ

215 1679 345 1706 obeundo
374 1679 553 1714 pauxillulum
578 1682 702 1713 erogent,
738 1678 840 1704 nullam
869 1679 1004 1713 jacturam

214 1723 331 1754 faciunt,
343 1731 405 1750 cum
421 1727 494 1750 tanta
512 1723 651 1758 accipiant
677 1730 709 1749 ac
723 1722 873 1757 suscipiant
897 1730 911 1748 a
929 1729 1003 1757 rege.

217 1767 264 1797 Sic
285 1776 396 1803 quoque
423 1768 590 1800 Christiani,
618 1767 683 1795 licet
712 1767 785 1794 bello
812 1772 942 1802 petantur
970 1767 1004 1794 ab

215 1814 307 1845 hoste,
323 1813 466 1841 divortunt
483 1818 573 1841 tamen
600 1814 652 1848 ipsi
674 1814 707 1841 ad
723 1813 908 1845 divinitatem,
923 1817 1004 1848 atque

216 1858 337 1886 induunt
353 1859 483 1886 virtutem
507 1866 539 1886 ac
562 1859 686 1894 requiem
708 1868 740 1887 ex
767 1860 832 1892 alto,
861 1867 912 1887 nec
941 1863 1005 1886 sunt

216 1905 366 1940 quidquam
379 1904 490 1932 solliciti
505 1904 540 1932 de
558 1905 641 1932 bello.

251 1950 309 1978 XV.
323 1950 557 1983 Quemadmodum
567 1951 639 1978 enim
653 1950 785 1978 Dominus
795 1950 885 1978 induit
893 1957 1004 1985 corpus,

216 1996 377 2032 relinquens
408 2004 518 2024 omnem
533 1997 735 2031 sprincipatum
764 2004 797 2024 ac
825 2001 1004 2031 potestatem,

217 2042 315 2069 eodem
330 2049 440 2076 quoque
455 2041 538 2068 modo
558 2041 708 2069 Christiani
732 2041 886 2069 induuntur
901 2041 1005 2076 Spiritu

217 2091 324 2119 sancto,
339 2091 367 2113 et
384 2087 480 2121 requie
504 2087 647 2114 fruuntur.
670 2087 747 2120 Quod
776 2087 797 2114 si
813 2095 922 2122 quoque
946 2087 1005 2114 bel-

217 2133 274 2160 lum
297 2133 419 2160 exterius
445 2133 563 2168 ingruat,
586 2133 650 2160 [erit
675 2133 799 2166 Satanas,
830 2141 926 2160 verum
953 2132 1004 2168 ipsi

218 2179 336 2206 interius
346 2179 446 2206 virtute
462 2178 569 2206 Domini
581 2179 680 2206 muniti
694 2183 768 2211 sunt,
785 2186 837 2206 nec
851 2179 887 2206 de'
905 2179 1005 2206 Satana

219 2229 284 2252 sunt
303 2225 423 2252 solliciti.
437 2224 515 2252 Sicut
529 2224 574 2252 ille
590 2225 618 2252 in
639 2225 749 2252 deserto
770 2225 885 2252 tentavit
910 2224 1003 2252 Domi-

218 2277 285 2317 num
300 2269 482 2305 quadraginta
502 2270 572 2304 dies,
588 2270 655 2305 quid
668 2270 709 2317 illi
721 2269 917 2317 nocuit,_quod
926 2275 1005 2296 exte-
1023 2290 1045 2317 Β

218 2316 277 2343 rius
305 2324 448 2352 aggressus
466 2319 508 2343 est
548 2323 649 2351 corpus
673 2315 746 2342 illius
758 2314 802 2342 "'t
829 2315 907 2342 intus
931 2315 1005 2342 enim

218 2362 291 2391 Deus
304 2366 375 2389 erat.
398 2362 444 2390 Sic
469 2369 579 2398 quoque
605 2362 766 2394 Christiani,
797 2361 861 2389 licet
886 2362 1006 2389 exterius

220 2412 374 2440 tententur,
413 2408 531 2435 interius
568 2408 624 2443 99
658 2408 839 2436 nihilominus
863 2407 1007 2435 divinitate

220 2453 315 2480 referti
335 2457 408 2486 sunt,
428 2461 480 2482 nec
494 2454 549 2481 ullo
563 2454 663 2481 damno
681 2455 814 2490 injuriave
839 2454 1006 2481 aﬂiciuntur.

218 2498 274 2526 llos
287 2499 388 2534 gradus
403 2503 495 2527 autem
517 2500 540 2526 si
568 2499 630 2534 quis
647 2503 813 2527 consecutus
833 2504 884 2532 est,
908 2499 954 2527 ille
971 2500 1005 2527 ad

218 2545 368 2580 perfectam
397 2546 572 2573 dilectionem
596 2545 716 2578 Christi,
743 2551 772 2573 et
805 2546 1005 2581 plenitudinem

219 2589 390 2623 divinitatis,
415 2591 550 2625 pervenit.
577 2591 611 2618 At
637 2591 684 2626 qui
709 2599 764 2618 non
785 2595 827 2618 est
851 2591 1005 2625 ejusmodi,

221 2635 312 2664 adhuc
338 2637 455 2664 interius
483 2636 585 2663 bellum
626 2637 761 2667 sustinet:
791 2636 858 2663 hora
888 2636 1005 2671 quadam

221 2681 375 2709 delectatur
393 2682 527 2714 oratione,
540 2683 593 2709 alia
608 2690 673 2709 vero
689 2683 754 2709 hora
773 2682 800 2709 in
815 2682 961 2722 afﬂictione
976 2690 1008 2709 ac

221 2727 345 2763 periculo
365 2727 508 2759 consistit;
528 2727 565 2755 ita
580 2728 653 2754 enim
680 2728 738 2756 vult
764 2727 915 2761 Dominus;
946 2735 1007 2754 cum

222 2771 295 2803 enim
311 2772 401 2800 adhuc
416 2773 452 2799 sit
471 2773 570 2806 infans,
585 2779 693 2801 exercet
716 2774 794 2802 illum
813 2774 846 2801 ad
872 2774 1006 2809 praelium,

257 2862 280 2881 ⁴¹⁷
291 2861 385 2892 Matth.
402 2871 429 2896 ν,
443 2864 488 2891 28.
527 2864 548 2880 ⁵³
561 2864 656 2892 Matth.
671 2872 708 2898 tv,
728 2864 744 2891 ‘2
759 2872 816 2902 seq.

1052 997 1261 1030 ἐλευθεροῦται
1278 998 1294 1024 ὁ
1311 997 1467 1031 ἄνθρωπος
1479 997 1513 1024 ὲκ
1524 996 1577 1024 ⁴τοῦ
1596 996 1740 1031 πολέμου,
1757 995 1776 1030 ἣ
1788 995 1843 1030 ἓως

1053 1042 1103 1070 ὅτε
1117 1042 1166 1077 ζῇ,
1185 1042 1248 1077 ἔχει
1271 1044 1420 1077 ard/lepor;

1094 1089 1276 1122 Ἀπόκρισις.
1293 1088 1322 1115 '0
1334 1089 1455 1120 Σατανᾶς
1473 1087 1601 1116 οὐδέποτε
1617 1086 1750 1123 ἡσυχάζει
1766 1086 1842 1114 πολε-

1055 1136 1130 1170 μῶν;
1154 1135 1206 1168 ἕως
1231 1134 1267 1162 ἂν
1291 1135 1323 1172 ζῇ
1352 1144 1395 1167 τις
1418 1136 1464 1162 τὸν
1487 1134 1684 1168 αίῶνατοῦτον,
1699 1135 1746 1162 καὶ
1764 1135 1843 1170 φορεῖ

1054 1181 1153 1215 σάρκα,
1166 1181 1338 1216 πολεμεῖται.
1359 1181 1428 1207 Ἀλλ’
1444 1182 1509 1208 ὅταν
1523 1181 1557 1208 τὰ
1575 1181 1640 1216 βέλη
1655 1180 1702 1207 τοῦ
1721 1179 1841 1215 πονηροῦ

1053 1225 1088 1251 τὰ
1112 1226 1299 1260 πεπυρωμένα
1313 1225 1427 1261 σϐεσθῇ,
1443 1225 1537 1252 λοιπὸν
1553 1226 1610 1251 ἐκεῖ
1626 1225 1653 1251 τί
1672 1225 1784 1260 βλάπτει
1795 1224 1842 1251 τὸν

1052 1270 1206 1306 ἄνθρωπον,
1227 1272 1251 1297 εί
1279 1271 1326 1297 καὶ
1353 1271 1461 1306 ἔρχεται
1488 1272 1502 1298 ὀ
1517 1271 1639 1300 Σατανᾶς
1659 1270 1726 1306 πρὸς
1745 1271 1839 1304 λόγονς

1055 1316 1133 1342 Ἐστι
1149 1324 1190 1347 τις
1205 1316 1281 1351 φίλος
1296 1316 1438 1351 βασιλέως,
1453 1317 1501 1344 καὶ
1515 1317 1571 1351 ἔχει
1587 1316 1665 1351 δίκην
1685 1316 1751 1352 πρὸς
1769 1316 1842 1342 ἀντί’

1052 1362 1138 1388 δίκον·
1151 1363 1216 1388 ὅταν
1242 1361 1289 1390 οὖν
1305 1363 1351 1389 τὸν
1365 1363 1478 1398 βασιλέα
1492 1363 1541 1399 ἔχῃ
1553 1363 1692 1398 ὲπιῤῥεπῆ
1704 1363 1752 1390 καὶ
1764 1362 1840 1396 φίλον

1052 1407 1144 1440 αὑτοῦ,
1167 1407 1241 1438 ὅστις
1269 1407 1363 1443 βοηθεῖ
1387 1407 1472 1443 αὐτῷ,
1487 1408 1563 1435 οὐδὲν
1581 1408 1740 1444 βλάπτεται.
1759 1408 1843 1434 Ὅταν

1053 1453 1108 1488 γάρ
1126 1462 1167 1485 τις
1181 1454 1273 1490 φθάσῃ
1289 1454 1354 1485 ὂλας
1373 1453 1422 1486 τὰς
1438 1453 1529 1486 τάξεις
1547 1454 1692 1490 παρελθεῖν
1714 1453 1761 1480 καὶ
1777 1452 1841 1484 τοὺς

1053 1499 1186 1534 βαθμοὺς,
1203 1502 1250 1527 καὶ
1264 1500 1392 1535 γενέσθαι
1410 1500 1485 1535 φίλος
1503 1500 1644 1536 βασιλέως,
1660 1496 1737 1531 οὗτος
1749 1498 1842 1526 λοιπὸν

1052 1546 1079 1572 τί
1091 1546 1239 1581 βλάπτεται
1252 1547 1304 1573 ὑπό
1314 1555 1402 1580 τινος;
1415 1547 1456 1578 εἰς
1466 1546 1495 1573 τὸ
1507 1547 1669 1582 φαινόμενον
1680 1546 1735 1572 είσὶ
1751 1545 1843 1577 πόλεις

1054 1591 1244 1626 λαμϐάνουσαι
1257 1592 1332 1628 δῶρα
1351 1593 1398 1619 καὶ
1413 1592 1527 1624 ἁννόνας
1541 1592 1617 1627 παρὰ
1634 1592 1682 1619 τοῦ
1697 1591 1839 1627 βασιλέως.

1056 1637 1088 1663 Εἰ
1103 1635 1150 1664 οὖν
1165 1637 1255 1671 ὀλίγον
1279 1646 1305 1664 τι
1332 1637 1546 1673 λειτουργοῦσιν,
1568 1637 1645 1665 οὐδὲν
1669 1636 1841 1672 ζημιοῦνται,

1056 1683 1136 1710 ὁπότε
1149 1683 1268 1710 τοσαῦτα
1281 1684 1438 1718 πορίζονται
1450 1684 1497 1712 καὶ
1508 1684 1631 1719 δέχονται
1645 1684 1721 1718 παρὰ
1730 1683 1776 1710 τοῦ
1793 1682 1842 1718 βα-

1058 1728 1164 1760 σιλέως.
1179 1729 1272 1760 Οὕτως
1289 1729 1337 1756 καὶ
1355 1730 1379 1755 οἱ
1394 1730 1564 1764 Χριστιανοὶ,
1584 1730 1609 1756 εί
1629 1730 1675 1756 καὶ
1691 1729 1842 1764 πολεμοῦν-

1056 1782 1102 1800 ται
1122 1774 1199 1809 παρὰ
1216 1774 1263 1801 τοῦ
1279 1774 1388 1809 ἐχθροῦ,
1406 1775 1462 1802 ἀλλ’
1479 1776 1556 1801 αὐτοὶ
1572 1775 1722 1802 κατέλυσαν
1739 1775 1779 1806 εἰς
1794 1774 1842 1809 τὴν

1058 1818 1183 1853 θεότητα,
1210 1819 1257 1845 καὶ
1275 1819 1433 1846 ἔνεδύσαντο
1453 1820 1502 1855 τὴν
1520 1820 1549 1853 ἐξ
1564 1820 1649 1854 ὕψους
1663 1819 1778 1854 δύναμιν
1795 1821 1842 1846 καὶ

1056 1864 1221 1897 ἀνάπαυσιν,
1242 1865 1290 1891 καὶ
1302 1865 1377 1892 οὐδὲν
1395 1865 1566 1901 φροντίζουσι
1580 1865 1628 1892 τοῦ
1642 1865 1771 1900 πολέμου.

1095 1954 1144 1980 IE'.
1160 1953 1267 1988 Ὥσπερ
1291 1952 1345 1988 γὰρ
1373 1953 1387 1979 ὸ
1408 1952 1510 1988 Κύριος
1529 1952 1673 1980 ἐνεδύσατο
1698 1952 1729 1979 τδ
1751 1952 1841 1987 σῶμα.

1057 1998 1216 2025 καταλιπὼν
1242 1999 1332 2025 πᾶσαν
1347 1999 1434 2034 ἀρχὴν
1456 1999 1502 2025 καὶ
1520 1998 1655 2031 ἐξουσίαν,
1671 1998 1743 2025 οὕτω
1757 2000 1803 2025 καὶ
1817 1999 1842 2025 οἱ

1056 2044 1215 2080 Χριστιανοὶ
1241 2043 1377 2070 ἐνδύονται
1407 2044 1438 2070 τὺ
1462 2044 1573 2080 Πνεῦμα
1598 2045 1628 2071 τὺ
1643 2043 1730 2078 ἅγιον,
1748 2045 1794 2071 καὶ
1816 2045 1845 2070 ὲν

1056 2089 1208 2116 ἀναπαύσει
1224 2089 1302 2117 εἰσίν.
1318 2088 1349 2115 Et
1362 2089 1390 2115 δὲ
1408 2090 1456 2116 καὶ
1471 2089 1579 2125 ἔρχεται
1602 2089 1719 2125 πόλεμος
1734 2089 1844 2122 ἔξωθεν,

1057 2134 1150 2170 κρούει
1173 2135 1188 2161 ὁ
1206 2135 1339 2166 Σατανᾶς,
1356 2135 1413 2161 ἀλλ’
1432 2135 1508 2162 αὐτοὶ
1529 2135 1632 2162 ἔσωθεν
1647 2135 1845 2170 ἠσφαλισμένοι

1055 2180 1110 2206 εἰσὶ
1130 2181 1163 2215 τῇ
1182 2179 1229 2206 τοῦ
1246 2180 1348 2216 Κυρίου
1365 2180 1490 2216 δυνάμει,
1502 2181 1550 2207 καὶ
1566 2181 1596 2207 οὑ
1614 2180 1787 2216 φροντίζουσι
1798 2180 1845 2207 τοῦ

1057 2226 1173 2252 Σατανᾶ·
1190 2225 1282 2256 καθὼς
1294 2226 1396 2257 ἐκεῖνος
1419 2227 1459 2257 εἰς
1478 2226 1526 2261 τὴν
1542 2216 1645 2261 ἔρημον
1659 2225 1787 2261 ἐπείρασε
1801 2225 1845 2251 τὸν

1057 2272 1159 2306 Κύριον
1179 2271 1285 2307 ἡμέρας
1314 2272 1535 2306 τεσσαράκοντα,
1559 2271 1585 2298 τι
1611 2271 1691 2298 αὐτὸν
1719 2271 1843 2305 ἔϐλαψεν,

1057 2318 1099 2344 ὅτι
1120 2318 1220 2350 ἔξωθεν
1248 2317 1384 2352 προσῆλθε
1405 2317 1444 2353 τῷ
1472 2317 1579 2352 σώματι
1595 2317 1696 2349 αὐτοῦς
1726 2315 1846 2342 Ἐσωθεν

1058 2364 1112 2400 γὰρ
1131 2364 1196 2395 Θεὸς
1210 2362 1253 2399 ἦν.
1267 2363 1344 2390 Οὕτω
1359 2363 1407 2390 καὶ
1421 2364 1446 2390 οἱ
1462 2363 1632 2399 Χριστιανοὶ,
1648 2364 1672 2389 εἰ
1685 2362 1733 2390 καί
1745 2362 1844 2394 ἔξωθεν

1061 2408 1249 2444 πειράζονται,
1277 2409 1333 2435 ἀλλ’
1355 2409 1457 2435 ἔσωθεν
1484 2408 1693 2444 πεπληρωμένοι
1720 2407 1773 2434 εἰσὶ
1795 2407 1844 2442 τῆς

1059 2455 1197 2491 θεότητος,
1212 2454 1259 2482 καὶ
1274 2455 1349 2482 οὐδὲν
1363 2453 1529 2482 ἀδικοῦνται.
1545 2455 1592 2486 Εἰς
1603 2454 1689 2481 ταῦτα
1703 2454 1732 2479 δὲ
1747 2453 1782 2480 τὰ
1797 2453 1845 2488 μέ-

1059 2510 1112 2537 τρα
1137 2502 1164 2528 εῐ
1184 2510 1225 2532 τις
1244 2501 1372 2536 ἔφθασεν,
1391 2503 1430 2533 είς
1457 2502 1506 2538 τὴν
1531 2501 1636 2528 τελείαν
1657 2501 1768 2535 ἀγάπην
1799 2499 1844 2526 τοῦ

1059 2545 1190 2582 Χριστοῦ,
1207 2546 1254 2571 καὶ
1271 2547 1311 2577 είς
1323 2545 1353 2571 τὺ
1378 2546 1515 2581 πλήρωμα
1535 2546 1585 2580 τῆς
1600 2545 1726 2581 θεὸτητος
1747 2543 1847 2578 κατήν-

1059 2601 1152 2628 τησεν.
1174 2591 1202 2618 '0
1218 2592 1246 2618 δὲ
1264 2591 1302 2628 μὴ
1320 2592 1451 2625 τοιοῦτος,
1467 2592 1558 2628 ἀκμὴν
1573 2591 1674 2618 ἔσωθεν
1695 2590 1751 2626 ἔχει
1766 2589 1845 2615 πόλε-

1062 2645 1121 2673 μον·
1142 2637 1201 2673 ὥρᾳ
1217 2637 1385 2664 ἀναπαύεται
1403 2639 1441 2669 είς
1459 2637 1508 2672 τὴν
1533 2637 1625 2673 εὐχὴν,
1643 2638 1690 2663 καὶ
1705 2636 1771 2672 ἄλλῃ
1787 2635 1846 2671 ὥρῃ.

1060 2685 1088 2710 ὲν
1108 2683 1197 2718 θλίψει
1222 2684 1269 2710 καὶ
1293 2683 1404 2720 πολέμῳ
1432 2684 1535 2719 στήκει.
1563 2683 1642 2710 Οὕτω
1665 2683 1720 2718 γὰρ
1741 2682 1810 2708 θέλει
1831 2681 1845 2707 ὀ

1061 2729 1174 2765 Κύριος,
1189 2729 1284 2765 ἐπειδὴ
1299 2729 1392 2765 ἀκμὴν
1410 2730 1506 2765 νήπιός
1530 2731 1599 2763 ἔστι,
1620 2728 1754 2764 γυμνάζει
1766 2727 1846 2754 αὑτὸν

1061 2776 1100 2807 εἰς
1128 2775 1191 2807 τοὺς
1222 2775 1358 2813 πολέμους
1382 2775 1429 2803 καὶ
1457 2776 1491 2803 τὰ
1520 2775 1566 2802 δύο
1591 2775 1724 2809 πρόσωπα
1746 2773 1846 2801 ἔσωθεν
