2078 3151
219 160 271 192 635

802 162 987 194 HOMILLE.
1001 176 1035 181 -
1050 164 1143 195 ΗΟΜ.
1164 166 1269 196 XXVI.

1785 159 1841 196 686

220 217 309 253 βρύει,
324 217 374 244 καὶ
387 217 418 245 τὸ
432 217 490 253 φῶς
505 217 553 246 καὶ
575 218 606 245 τὸ
626 217 731 251 σκότος,
759 218 804 246 καὶ
819 220 837 254 ἡ
853 221 1009 252 ἀνάπαυσις

1068 229 1091 249 ιο
1103 221 1165 249 duae
1175 229 1298 257 personae
1309 222 1426 250 interius
1441 222 1606 254 scaturiunt,
1622 221 1714 249 lumen
1728 225 1757 248 et
1774 225 1850 248 tene-

219 264 266 288 xa‘t
281 262 298 297 ἡ
311 261 410 297 θλίψις·
429 262 554 298 εὔχονται
568 262 598 289 έν
610 262 775 296 ἀναπαύσει,
792 264 840 291 καὶ
857 265 926 301 ἀλλῃ
949 265 1009 301 ὥρᾳ

219 308 250 334 ὲν
265 307 374 343 θορύϐῳ
391 307 474 336 είσίν.

258 354 315 387 lq".
331 354 388 381 Οὐκ
403 353 514 386 ἀκούεις
531 356 557 382 τί
585 355 659 390 λέγει
672 356 687 382 6
704 355 810 388 Παῦλος
823 364 831 372 ·
866 356 936 383 Ἐὰν
951 356 1010 391 ἔχω

221 399 320 426 πάντα
335 399 371 426 τὰ
381 400 566 435 χαρίσματα·
583 401 636 429 ἐὰν
649 401 772 436 παραδῶ
788 401 820 428 τὸ
840 401 929 436 σῶμά
937 410 1008 436 μου,

221 444 272 470 ινα
285 444 474 479 καυθήσομαι
487 453 493 460 ’
504 446 560 473 ἐὰν
571 445 635 479 ταῖς
643 446 796 482 γλώσσαις
805 445 865 472 τῶν
875 445 1011 481 ἀγγέλων

221 489 316 522 λαλῶ,
342 490 464 525 ἀγάπην
488 491 524 518 δὲ
543 491 587 526 μὴ
602 492 671 526 ἔχω,
697 492 789 519 οὐθέν
805 493 876 527 εἰμι.
900 492 1010 527 Ἐπειδὴ

222 535 309 562 ταῦτα
323 535 357 563 τὰ
387 537 547 572 χαρίσματα
574 537 763 573 προτρεπτικά
786 537 840 564 εἰσι
853 546 860 553 ο
877 537 925 564 καὶ
940 537 964 563 oi.
982 537 1011 564 ὲν

223 580 329 613 τούτοις
345 582 501 617 στήκοντες,
531 583 556 609 εἰ
580 583 628 609 καὶ
654 584 685 610 ἑν
719 583 798 617 φωτὶ,
819 583 910 618 νήπιοι
937 583 1009 609 εισι·

226 626 319 653 πολλοὶ
330 626 385 662 γὰρ
404 627 459 654 τῶν
475 627 598 663 ἀδελφῶν
620 625 704 664 ἦλθον
724 629 764 660 εὶς
787 627 822 654 τὰ
836 627 947 656 τοιαῦτα
964 628 1012 663 μέ-

223 680 286 708 τρα,
303 673 352 699 καὶ
368 671 446 708 ἔσχον
464 673 621 709 χαρίσματα
648 674 781 709 ἰαμάτων,
802 674 850 700 καὶ
873 674 1012 701 ἀποκάλυ-

221 717 279 753 ψιν,
299 719 348 744 καὶ
373 719 544 754 προφητείαν
556 727 564 735 ·
579 719 625 746 καὶ
648 719 742 754 ἐπειδὴ
767 720 817 745 οὐκ
837 718 957 753 ἔφθασαν
972 719 1012 750 εἰς

222 763 273 798 τὴν
288 763 394 790 τελείαν
409 764 535 799 ἀγάπην)
546 765 612 792 ὅπου
623 766 640 792 ό
653 765 828 800 σύνδεσμος
839 764 892 799 τῆς
902 766 1011 792 τελειό-

224 817 324 842 τητος,
344 809 462 844 ἐπῆλθεν
488 809 580 842 αὐτοῖς
602 810 733 845 πόλεμος,
751 812 798 837 καὶ
824 811 1012 846 ἀμελήσαντες

225 854 333 882 ἔπεσον.
353 854 385 881 Ei
413 855 442 881 δέ
458 863 501 886 τις
517 855 616 890 φθάσει
640 856 680 888 είς
699 857 748 892 τὴν
772 856 876 883 τελείαν
890 857 1010 891 ἀγάπην,

1060 268 1127 301 bne,
1141 268 1222 304 quies
1242 273 1270 295 et
1297 268 1424 296 aﬂlictio:
1453 272 1600 303 precantur
1615 267 1646 299 in
1669 266 1773 303 quiete,
1798 267 1852 295 alia

1060 321 1127 342 vero
1142 314 1210 341 hora
1222 314 1249 341 in
1262 315 1471 349 perturbatione
1485 314 1650 341 consistunt.

1082 359 1166 388 .XVI.
1189 361 1249 388 Non
1275 361 1355 388 audis
1380 360 1447 396 quid
1472 360 1511 388 ait
1536 360 1664 389 Paulus:
1684 359 1712 387 Si
1738 359 1854 388 habuero

1061 407 1152 432 omnia
1168 405 1238 432 dona
1249 414 1258 437 ;
1274 405 1296 432 si
1305 405 1439 432 tradidero
1449 412 1542 439 corpus
1554 412 1640 430 meum
1653 407 1682 430 ut
1694 401 1851 430 comburar:

1059 452 1084 478 εἰ
1107 451 1203 486 linguis
1223 451 1378 487 angelorum
1403 451 1508 486 loquar,
1520 451 1675 477 churitatem
1695 453 1786 477 autem
1800 458 1854 476 non

1061 497 1186 529 habuero,
1203 497 1269 524 nihil
1283 506 1341 525 sum
1357 498 1390 524 ".
1403 497 1545 532 Siquidem
1557 497 1617 524 haec
1639 496 1710 524 dona
1724 496 1854 523 exhorta-

1062 542 1133 569 toria
1144 547 1224 570 sunt:
1250 546 1279 570 et
1303 542 1350 577 qui
1366 541 1393 568 in
1420 542 1463 569 his
1491 541 1657 574 consistunt,
1682 541 1809 576 quamvis
1824 541 1853 568 in

1062 586 1124 614 luce
1139 587 1205 619 sint,
1223 591 1315 614 tamen
1328 587 1448 615 infantes
1461 591 1535 614 sunt.
1559 587 1637 614 Multi
1653 587 1727 614 enim
1753 586 1854 614 fratres

1062 631 1095 658 ad
1119 631 1170 659 hos
1192 631 1294 667 gradus
1315 637 1512 667 pervenerunt,
1537 640 1570 659 ac
1596 631 1755 659 habuerunt
1780 631 1852 658 dona

1062 677 1246 709 sanationum,
1263 678 1459 705 revelationem
1472 685 1505 705 ac
1520 678 1709 713 prophetiam;
1722 677 1852 712 quoniam

1062 727 1153 750 autem
1167 723 1201 750 ad
1214 723 1363 758 perlectam
1376 723 1540 750 charitatem
1552 730 1606 750 non
1619 722 1856 758 pervenerunthin

1063 775 1117 802 qua
1127 768 1260 795 vinculum
1283 773 1321 796 est
1352 768 1518 804 perfectionis
1536 769 1569 802 ⁸ο,
1598 768 1719 803 prosiliit
1747 768 1775 795 in
1806 775 1856 795 eos

1062 814 1176 847 bellum,
1199 815 1273 850 quod
1297 822 1361 842 cum
1381 815 1552 850 negligerent
1591 814 1790 842 occubuerunt.
1825 812 1855 840 Si

1063 868 1129 888 vero
1144 861 1207 896 quis
1219 861 1376 895 pervenerit
1395 861 1430 888 ad
1454 861 1604 896 perlectam
1621 860 1792 892 charitntem,
1809 859 1855 887 hic

225 897 302 932 οὗτος
313 900 404 927 λοιπὸν
416 900 530 932 δέδεται,
554 901 602 928 καὶ
626 901 699 928 ἐστιν
716 902 959 937 ᾑχμαλωτισμένος
972 903 1012 934 είς

1068 911 1159 941 postea
1180 906 1324 933 devinctus
1350 914 1382 933 ac
1407 907 1563 941 captivatus
1584 909 1627 932 est
1651 912 1666 932 a
1684 905 1782 940 gratia.
1806 904 1855 931 Sin

226 946 274 982 τὴν
285 946 376 982 χάριν.
388 947 419 974 El
433 946 462 974 δέ
477 956 518 979 τις
537 946 612 982 παρὰ
628 947 727 983 μικρὸν
744 948 849 982 ἐγγίσει
865 948 904 983 τῷ
920 949 1013 984 μέτρῳ

226 992 276 1027 τῆς
288 992 410 1027 ἀγάπης,
439 992 478 1028 μὴ
494 993 593 1027 φθάσει
611 994 640 1020 δὲ
664 994 705 1026 είς
720 994 806 1030 αὐτὴν
829 994 878 1030 τὴν
902 995 1014 1030 ἀγάπην

226 1038 349 1074 δεθῆναι,
358 1039 451 1074 ἀκμὴν
465 1039 480 1066 6
495 1040 615 1072 τοιοῦτος
629 1040 681 1067 ὑπὸ
694 1040 776 1075 φόὸον
789 1041 858 1074 ἐστὶ,
875 1041 922 1068 καὶ
938 1041 1015 1068 πόλε-

230 1093 280 1120 μον
292 1085 340 1112 καὶ
351 1085 466 1118 πτῶσιν,
481 1086 528 1112 καὶ
538 1086 563 1113 εί
575 1086 614 1122 μὴ
625 1086 815 1121 ἀσφαλίσεται,
829 1087 920 1122 ῥίπτει
933 1087 1014 1114 αὐτὸν

227 1131 243 1158 6
258 1131 391 1163 Σατανᾶς.

263 1176 314 1202 IZ'.
333 1175 426 1208 οὕτως
441 1176 496 1212 γὰρ
512 1175 605 1203 πολλοὶ
632 1176 823 1213 ἐπλανήθησαν
843 1177 954 1213 χάριτος
974 1178 1014 1210 είς

227 1219 326 1252 αὐτοὺς
353 1220 514 1255 γενομένης.
551 1220 697 1254 Ἐνόμισαν
723 1220 765 1247 ὃτι
790 1220 940 1247 κατέλαϐον
965 1220 1015 1256 τὴν

227 1265 395 1300 τελειότητα,
410 1266 457 1293 καὶ
474 1266 577 1301 ἔλεγον,
590 1266 687 1301 Ἀρκεῖ
702 1266 783 1301 ἡμῖν,
801 1267 837 1293 οὺ
850 1265 1013 1301 χρῄζομεγη

227 1310 286 1337 ἀλλ’
300 1311 315 1337 6
328 1311 430 1346 Κύριος
444 1311 506 1338 οὔτε
520 1311 597 1344 τέλος
610 1311 678 1347 ἔχει,
690 1311 752 1338 οὗτε
767 1311 934 1346 κατάληψιν.
959 1311 1016 1338 Καὶ

228 1357 254 1383 οἱ
273 1357 433 1393 Χριστιανοὶ,
443 1358 475 1384 οὐ
486 1357 622 1393 τολμῶσιν
638 1358 737 1388 εἰπεῖν.
750 1357 792 1384 δτι
809 1357 1014 1392 Κατελάσομεν,

228 1403 297 1430 ἀλλὰ
318 1403 549 1439 τεταπεινωμένοι
577 1403 632 1431 εἰσὶ
655 1403 752 1436 νυκτὸς
780 1404 827 1430 καὶ
844 1404 961 1439 ἡμέρας,
986 1405 1016 1430 ὲν

228 1450 285 1480 τοῖς
302 1449 476 1483 φαινομένοις
506 1449 540 1476 τά
556 1450 708 1486 γράμματα
733 1449 865 1477 ἀτέλεστά
879 1450 943 1482 εισι,
969 1450 1016 1476 καὶ

227 1494 317 1527 οὐδεὶς
344 1493 397 1522 οῐδε
421 1495 512 1528 τοῦτο,
536 1495 560 1522 ει
583 1495 622 1531 μὴ
644 1495 832 1531 σχολαστικὸς,
859 1496 874 1522 6
897 1495 1016 1532 μετρίως

230 1540 324 1576 μαθὼν
335 1541 497 1576 γράμματα.
508 1541 604 1573 Οὕτως
623 1541 670 1568 καὶ
682 1537 744 1574 ὧδε,
757 1541 844 1568 οὐδενί
859 1541 916 1568 ἐστι
929 1550 1017 1569 κατα-

228 1586 328 1620 ληπτὸς
340 1588 353 1614 6
364 1587 430 1618 Θεὸς
447 1587 494 1614 καὶ
508 1586 654 1622 μετρητὸς,
666 1587 691 1613 εί
707 1588 744 1622 μὴ
761 1588 817 1618 τοῖς
839 1588 1017 1622 γευσαμένοις

235 1631 265 1664 ἐξ
280 1631 363 1658 αὑτοῦ
383 1632 505 1665 ἐκείνου,
524 1629 555 1658 οὗ
571 1631 706 1664 ἐδέξαντο,
728 1632 775 1658 καὶ
792 1632 955 1667 γνωρίζουσι
969 1632 1019 1667 τὴν

230 1677 335 1704 ἑαυτῶν
348 1678 492 1704 ἀσθένειαν
510 1678 566 1709 ἐίς
577 1678 677 1713 χωρίον
692 1677 740 1704 ἐάν
750 1685 792 1709 τις
807 1677 923 1713 ἀπέλθῃ.
939 1677 1017 1711 ὀλίγα

230 1722 382 1757 γράμματα
397 1722 487 1755 εἰδὼς,
506 1722 573 1749 ὅπου
596 1723 666 1749 εἰσὶν
684 1722 797 1755 ίδιῶται,
811 1722 953 1755 δοξάζεται
971 1723 1018 1750 ὑπ’

231 1768 320 1796 αὐτῶν
343 1768 358 1794 6
371 1769 547 1803 σχολαστικός
559 1775 567 1783 ⁸
591 1768 686 1804 ἐπειδὴ
702 1768 816 1804 χωρικοί
841 1769 911 1795 εἰσιν
925 1768 1018 1795 ὁλοτε-

229 1812 294 1846 λῶς,
313 1813 350 1848 μὴ
376 1814 476 1845 ειδότες
502 1813 659 1848 δοκιμάσαι.
685 1813 772 1845 Αὐτὸς
790 1813 820 1840 δὲ
842 1811 919 1845 οὗτος
945 1815 959 1840 6
985 1814 1019 1841 τὰ

231 1859 310 1893 ὀλίγα
331 1859 407 1890 εἰδὼς
418 1859 581 1894 γράμματα,
598 1859 645 1886 ὲάν
659 1859 766 1897 ἀπέλθῃ
783 1860 824 1892 είς
840 1860 929 1892 πόλιν,
950 1861 1017 1887 ὅπου

230 1903 284 1930 εἰσὶ
299 1903 412 1938 ῥήτορες
430 1904 477 1930 καὶ
496 1904 679 1939 σχολαστικοὶ,
693 1904 723 1931 οὺ
740 1904 829 1940 τολμᾷ
848 1904 1016 1940 παραφανῆ-

232 1957 277 1975 ναι
292 1949 394 1981 αὐτοῖς,
411 1947 472 1975 οὔτε
488 1949 602 1984 λαλῆσαι
612 1957 619 1963 ”
638 1949 675 1982 ὡς
690 1950 807 1986 χωρικὸς
823 1950 878 1986 γὰρ
894 1950 1016 1986 κρίνεται

232 1994 285 2022 ὑπὸ
298 1994 352 2022 τῶν
371 1994 564 2030 σχολαστικῶν.

1064 951 1126 986 quis
1150 952 1292 987 paululum
1323 951 1358 978 ad
1387 951 1502 987 gradum
1531 950 1625 986 gratiae
1652 950 1857 985 appropinqua-

1064 998 1145 1030 verit,
1159 1005 1211 1024 nec
1230 997 1295 1024 dum
1310 1005 1344 1024 eo
1354 997 1523 1032 pervenerit,
1535 1001 1566 1024 ut
1583 1004 1599 1023 ιι
1609 995 1743 1023 charitate
1758 995 1856 1022 devin-

1064 1042 1164 1075 ciatur,
1179 1043 1243 1070 talis
1255 1042 1347 1070 adhuc
1365 1046 1408 1069 est
1424 1041 1476 1069 sub
1497 1041 1564 1076 iugo
1590 1039 1700 1068 timoris
1711 1059 1718 1072 ,
1738 1039 1804 1067 belli
1824 1046 1857 1066 ac

1064 1095 1161 1121 casus;
1177 1092 1205 1116 et
1219 1087 1271 1115 nisi
1284 1087 1434 1120 muniatur,
1450 1086 1563 1123 projicit
1579 1093 1643 1114 eum
1657 1085 1784 1113 Satanas.

1100 1177 1182 1204 XVII.
1208 1176 1265 1204 Hoc
1287 1175 1361 1203 enim
1379 1180 1470 1210 pacto,
1498 1175 1627 1210 permulti
1642 1182 1657 1201 a
1688 1173 1786 1209 gratia,
1802 1180 1857 1208 qua

1065 1222 1188 1250 exornati
1205 1226 1284 1249 erant
1301 1221 1476 1254 aberrarunt,
1490 1220 1682 1248 existimantes
1706 1226 1736 1246 se
1758 1225 1856 1246 conse-

1066 1273 1146 1296 cutos
1154 1276 1214 1296 esse
1223 1268 1431 1303 perfectionem,
1445 1271 1474 1294 et
1495 1267 1626 1294 dicebant
1640 1275 1646 1292 :
1660 1265 1758 1300 Sufﬁcit
1772 1265 1856 1296 nobis,

1066 1322 1119 1341 non
1130 1321 1251 1350 egemus;
1263 1320 1326 1340 cum
1337 1317 1429 1340 tamen
1441 1312 1575 1339 Dominus
1585 1318 1637 1338 nec
1649 1310 1731 1337 ﬁnem
1747 1309 1857 1341 habeat,

1065 1368 1118 1388 nec
1133 1359 1394 1395 comprehendatur.
1410 1359 1500 1393 Atque
1512 1357 1662 1386 Christiani
1683 1364 1738 1384 non
1756 1356 1860 1384 audent

1067 1407 1158 1435 dicere
1182 1414 1211 1434 se
1236 1405 1500 1441 comprehendisse,
1522 1405 1570 1432 sed
1596 1403 1730 1431 humiliati
1753 1410 1860 1438 perma—

1066 1456 1134 1480 nent
1151 1452 1200 1479 diu
1226 1455 1376 1486 noctuque.
1391 1450 1422 1478 In
1443 1449 1526 1478 rebus
1547 1448 1691 1476 oculorum
1707 1448 1775 1475 aciei
1794 1447 1860 1474 sub-

1064 1499 1161 1535 jectis,
1193 1497 1292 1525 litterae
1313 1495 1513 1532 perfectionem
1541 1494 1673 1529 consequi
1697 1496 1859 1528 nequeunt;

1068 1548 1096 1571 et
1120 1543 1224 1571 nemini
1238 1543 1292 1570 hoc
1324 1545 1511 1577 perspectum,
1541 1540 1596 1568 nisi
1621 1539 1797 1571 scholastice,
1811 1537 1861 1573 qui

1070 1589 1247 1617 mediocriter
1268 1589 1374 1616 litteras
1394 1587 1548 1619 addidicit;
1575 1586 1615 1613 sic
1631 1593 1741 1621 quoque
1772 1592 1801 1612 se
1817 1592 1862 1612 res

1064 1635 1116 1673 .hic
1140 1634 1233 1666 habet,
1265 1634 1334 1661 nulli
1359 1632 1621 1668 comprehensibilis
1633 1636 1675 1659 est
1691 1631 1783 1662 Deus;
1810 1637 1863 1657 nec

1070 1680 1240 1708 mensionem
1268 1680 1302 1706 ab
1328 1679 1384 1706 ullo
1406 1677 1545 1710 admittit,
1567 1681 1748 1712 prmterquam
1768 1675 1803 1703 ab
1828 1675 1863 1702 iis

1069 1726 1116 1761 qui
1128 1730 1275 1760 gustarunt
1287 1732 1320 1752 ex
1337 1732 1371 1752 eo
1393 1725 1463 1759 ipso,
1479 1731 1562 1759 quem
1574 1726 1765 1757 susceperunt,
1779 1726 1863 1756 atque

1069 1773 1221 1804 agnoscunt
1250 1768 1468 1796 imbecillitatem
1495 1775 1584 1795 suam.
1613 1768 1642 1794 ln
1671 1774 1720 1794 rus
1754 1766 1777 1793 si
1799 1766 1863 1801 quis

1071 1814 1164 1849 itaque
1178 1815 1279 1846 abeat.
1306 1822 1392 1849 pauca
1405 1815 1496 1841 sciens
1525 1813 1560 1840 de
1591 1812 1702 1844 litteris,
1730 1811 1777 1838 ubi
1797 1816 1864 1838 sunt

1070 1861 1170 1895 plebeii
1185 1869 1193 1894 ;
1209 1861 1365 1888 celebratur
1377 1865 1468 1888 tamen
1490 1861 1523 1888 ab
1539 1860 1594 1888 illis
1607 1859 1790 1887 scholasticus
1806 1859 1862 1890 ille,

1069 1905 1206 1940 siquidem
1228 1904 1324 1932 rustici
1338 1909 1403 1932 sunt
1418 1905 1508 1940 plane.
1523 1912 1576 1932 nec
1592 1903 1745 1939 diiudicare
1760 1903 1862 1930 sciunt.

1069 1949 1129 1985 Ipse
1151 1957 1228 1982 vero,
1247 1950 1295 1984 qui
1319 1957 1420 1985 paucas
1444 1949 1541 1976 didicit
1566 1949 1683 1980 litteras,
1709 1948 1731 1976 si
1751 1947 1863 1982 prolici-

1069 1999 1164 2023 scatur
1180 1996 1209 2023 in
1224 1996 1333 2029 urbem,
1346 1996 1393 2023 ubi
1408 1999 1472 2023 sunt
1491 2000 1614 2022 oratores
1634 1999 1662 2022 et
1689 1994 1862 2025 scholastici,

231 2048 286 2068 non
310 2039 392 2067 audet
405 2040 430 2067 in
445 2045 624 2076 conspectum
639 2048 736 2069 eorum
751 2041 874 2077 prodire,
889 2048 941 2068 nec
975 2040 1123 2076 proloqui;
1153 2041 1291 2077 siquidem
1325 2041 1399 2069 velut
1420 2041 1540 2069 rusticus
1572 2040 1713 2076 judicatur
1745 2049 1761 2068 a
1780 2040 1867 2068 scho-

231 2087 346 2115 lasticis.

269 2133 321 2159 IH'.
342 2132 512 2168 Ἐρώτησις.
536 2135 572 2162 El
594 2134 637 2162 ὢν
662 2135 697 2162 ἐν
713 2135 833 2170 πολέμῳ
850 2135 1018 2169 ἄνθρωπος,

233 2178 282 2205 καὶ
297 2177 376 2213 ἔχων
390 2179 427 2206 τὰ
439 2179 496 2206 δύο
517 2181 665 2215 πρόσωπα
686 2180 722 2207 ἐν
743 2180 781 2215 τῇ
811 2179 898 2215 ψυχῇ
913 2180 1019 2211 αὐτοῦ.

1108 2132 1202 2160 XVIII.
1224 2132 1411 2167 Interrogatio.
1437 2131 1465 2159 Si
1490 2133 1566 2159 homo
1585 2133 1652 2160 bello
1675 2141 1824 2168 oppressus,
1839 2138 1865 2161 et

1085 2178 1183 2213 duplici
1202 2187 1315 2214 persona
1342 2178 1369 2205 in
1385 2179 1477 2205 anima
1506 2177 1642 2212 prwditus,
1671 2179 1768 2214 peccati
1793 2180 1866 2206 uide-

232 2223 288 2258 τῆς
310 2225 456 2259 ἁμαρτίας
475 2226 525 2253 καί
544 2227 600 2261 τῆς
622 2227 755 2262 χάριτος,
772 2226 904 2261 μετέστη
917 2227 951 2254 ἐκ
967 2226 1016 2254 τοῦ

1076 2221 1134 2248 licet
1161 2226 1184 2248 et
1215 2223 1319 2257 gratiae,
1354 2221 1534 2257 transferatur
1547 2230 1578 2248 ea:
1603 2222 1651 2248 hoc
1678 2223 1786 2256 mundo,
1813 2231 1864 2255 quo

233 2271 353 2304 κόσμου
380 2271 499 2304 τούτου,
514 2272 573 2300 ποῦ
591 2272 743 2308 προχωρεῖ
759 2273 960 2308 κατεχόμενος
977 2273 1021 2305 εις

234 2317 270 2344 τὰ
284 2316 337 2346 δύο
348 2316 424 2352 μέρη
437 2326 446 2350 ;

276 2363 461 2398 Ἀπόκρισις.
481 2363 567 2390 Ὅπου
590 2363 646 2399 ἔχει
666 2364 712 2390 τὸν
736 2363 836 2391 σκοπὸν
851 2365 865 2390 6
884 2362 956 2396 νοῦς,
974 2363 1021 2389 καὶ

233 2407 300 2435 ὅπου
311 2410 416 2445 ἀγαπᾷ,
433 2409 492 2436 ἐκεῖ
502 2411 649 2445 προχωρεῖ.
666 2410 754 2437 Μόνον
769 2410 794 2436 εἰ
815 2410 962 2445 ἐπέρχεταί
979 2418 1021 2436 σοι

235 2452 325 2488 θλίψις
343 2455 390 2481 καὶ
405 2455 536 2490 πόλεμος,
549 2456 700 2490 ἀντιλέγειν
719 2455 838 2491 ὀφείλεις
852 2456 900 2482 καὶ
919 2457 1019 2491 μισεῖν.

234 2500 271 2526 Τὸ
288 2500 342 2536 γὰρ
372 2501 460 2527 ἐλθεῖν
479 2501 525 2527 τὸν
553 2501 682 2537 πόλεμον,
706 2502 756 2528 οὐκ
779 2501 837 2528 ἐστι
864 2502 928 2528 σόν·
945 2502 977 2528 τὸ
994 2502 1023 2529 δὲ

236 2547 361 2581 μισῆσαι,
382 2547 428 2573 σόν
445 2548 504 2573 ἐστι
517 2555 525 2562 ι
549 2547 597 2574 καὶ
619 2547 680 2574 τότε
706 2547 813 2582 βλέπων
829 2548 843 2574 6
859 2548 963 2583 Κύριος
975 2547 1022 2574 τὸν

233 2591 296 2618 νοῦν
322 2601 381 2625 σου,
398 2592 580 2628 ὄτιάγωνίζῃ,
604 2592 652 2619 καὶ
674 2593 784 2628 ἀγαπᾷς
811 2593 892 2619 αὑτὸν
907 2593 937 2625 ἐξ
956 2592 1020 2627 ὅλης

234 2637 335 2673 ψυχῆς,
351 2638 509 2674 διαχωρίζει
538 2638 584 2665 τὸν
603 2638 716 2664 θάνατον
747 2639 779 2664 ὲκ
805 2639 854 2673 τῆς
869 2638 959 2673 ψυχῆς
976 2646 1022 2664 σου

236 2685 285 2719 μιᾷ
299 2683 360 2720 ὥρᾳ
372 2693 380 2701 ο
398 2685 448 2712 οὐκ
464 2685 521 2711 ἑστι
544 2685 598 2720 γὰρ
614 2684 690 2719 αὐτῷ
703 2684 832 2719 δυσχερές
845 2692 852 2700 ο
872 2685 920 2710 καὶ
938 2692 1023 2719 προσ-

235 2728 405 2764 λαμϐάνεταί
429 2739 458 2758 σε
481 2732 521 2762 είς
539 2731 602 2762 τοὺς
630 2731 747 2761 κόλπους
763 2730 857 2762 αὑτοῦ,
872 2731 920 2757 καὶ
935 2730 973 2760 είς
994 2730 1025 2756 τὺ

235 2775 292 2809 φῶς
305 2784 312 2790 ⁸
331 2775 451 2812 ἁρπάζει
477 2777 531 2812 γάρ
546 2784 575 2802 σε
589 2777 617 2802 ὲν
631 2777 702 2810 ῥοπῇ
717 2774 792 2810 ὦρας
817 2776 849 2802 ἐκ
862 2774 908 2802 τοῦ
924 2775 1026 2809 στόμα-

273 2866 295 2882 ”
312 2866 322 2893 Ι
341 2866 403 2894 Cor.
424 2874 479 2899 xm,
501 2875 518 2894 l.
558 2867 580 2883 ‘°
598 2866 703 2895 Coloss.
717 2875 755 2900 Ill,
780 2866 820 2894 14.

1075 2267 1170 2302 pergit,
1200 2276 1216 2294 α
1231 2267 1332 2294 duabus
1348 2267 1465 2298 partibus
1492 2266 1634 2294 detentus?

1112 2361 1264 2397 Responsio.
1285 2360 1363 2393 Illuc,
1387 2360 1437 2389 ubi
1461 2361 1644 2388 intentionem
1673 2369 1751 2388 suam
1782 2361 1865 2389 habet

1073 2408 1194 2440 animus,
1205 2411 1233 2434 et
1243 2407 1290 2434 ubi
1308 2406 1407 2442 diligit,
1426 2406 1502 2439 illuc,
1518 2405 1865 2442 inquam,tendit.Solum-

1077 2453 1169 2486 modo,
1186 2453 1208 2480 si
1229 2453 1338 2488 ingruat
1353 2452 1464 2480 alIlictio
1480 2457 1528 2480 aut
1542 2453 1655 2485 bellum,
1674 2452 1865 2480 contradicere

1077 2500 1174 2530 debes.
1188 2507 1220 2526 ac
1237 2499 1302 2527 odio
1318 2499 1458 2534 prosequi.
1481 2498 1516 2526 Ut
1536 2498 1611 2525 enim
1627 2498 1737 2533 ingruat
1750 2498 1864 2531 bellum,

1079 2551 1156 2573 tuum
1173 2553 1229 2573 non
1242 2550 1298 2578 est;
1315 2545 1406 2572 odisse
1421 2549 1524 2577 tamen,
1536 2549 1613 2571 tuum
1629 2549 1680 2572 est.
1690 2544 1729 2572 Ac
1743 2549 1799 2571 tum
1813 2544 1866 2571 Do-

1079 2592 1180 2624 minus,
1188 2595 1337 2626 conspecto
1349 2590 1442 2618 animo
1452 2594 1509 2623 tuo,
1519 2590 1593 2626 quod
1602 2589 1719 2618 dimices
1728 2597 1760 2617 ac
1769 2589 1867 2624 diligas

1078 2645 1142 2665 eum
1158 2645 1190 2664 ex
1215 2641 1270 2664 tota
1298 2637 1401 2669 anima,
1428 2640 1552 2671 segregat
1583 2640 1700 2663 mortem
1724 2635 1759 2662 ab
1774 2634 1867 2662 anima

1079 2688 1126 2711 tua
1139 2683 1207 2710 hora
1221 2682 1299 2717 100
1314 2690 1386 2716 una;
1406 2682 1472 2716 (non
1484 2681 1606 2709 enimest
1620 2681 1646 2708 ci
1663 2681 1716 2708 boc
1732 2679 1867 2715 dillicile),

1079 2735 1108 2758 et
1122 2729 1238 2757 assumit
1253 2734 1279 2756 te
1291 2729 1319 2756 iu
1337 2728 1428 2756 sinum
1442 2735 1522 2755 suum
1547 2735 1579 2754 ac
1605 2727 1706 2754 lucem.
1736 2725 1825 2769 Eripit
1842 2730 1869 2753 te

1079 2779 1220 2803 momento
1236 2775 1310 2802 home
1333 2773 1486 2801 el‘aucibus
1511 2773 1698 2805 tenebrarum,
1728 2779 1760 2801 ac
1777 2771 1870 2800 conle-
