  <div class='ocr_page' id='page_1' title='image "/cluster/home/n/w/nwhite01/storage/ocr_20150623/34/njp.32101077772547/371.png"; bbox 0 0 2078 3151; ppageno 0'>
   <div class='ocr_carea' id='block_1_1' title="bbox 226 153 279 188">
    <p class='ocr_par' dir='ltr' id='par_1_1' title="bbox 226 153 279 188">
     <span class='ocr_line' id='line_1_1' title="bbox 226 153 279 188; baseline 0.038 -3"><span class='ocrx_word' id='word_1_1' title='bbox 226 153 279 188; x_wconf 70' lang='lat'><strong>637</strong></span> 
     </span>
    </p>
   </div>
   <div class='ocr_carea' id='block_1_2' title="bbox 852 161 1247 195">
    <p class='ocr_par' dir='ltr' id='par_1_2' title="bbox 852 161 1247 195">
     <span class='ocr_line' id='line_1_2' title="bbox 852 161 1247 195; baseline 0.013 -5"><span class='ocrx_word' id='word_1_2' title='bbox 852 161 882 190; x_wconf 79' lang='lat' dir='ltr'><strong>S;</strong></span> <span class='ocrx_word' id='word_1_3' title='bbox 902 161 1064 192; x_wconf 85' lang='lat' dir='ltr'><strong>MACARII</strong></span> <span class='ocrx_word' id='word_1_4' title='bbox 1084 163 1247 195; x_wconf 66' lang='lat' dir='ltr'><strong>EGYPTH</strong></span> 
     </span>
    </p>
   </div>
   <div class='ocr_carea' id='block_1_3' title="bbox 1805 171 1860 204">
    <p class='ocr_par' dir='ltr' id='par_1_3' title="bbox 1805 171 1860 204">
     <span class='ocr_line' id='line_1_3' title="bbox 1805 171 1860 204; baseline -0.018 0"><span class='ocrx_word' id='word_1_5' title='bbox 1805 171 1860 204; x_wconf 88' lang='lat'><strong>688</strong></span> 
     </span>
    </p>
   </div>
   <div class='ocr_carea' id='block_1_4' title="bbox 226 211 1010 265">
    <p class='ocr_par' dir='ltr' id='par_1_4' title="bbox 226 211 1010 248">
     <span class='ocr_line' id='line_1_4' title="bbox 226 211 1010 248; baseline 0.006 -9"><span class='ocrx_word' id='word_1_6' title='bbox 226 213 291 240; x_wconf 80' lang='lat' dir='ltr'><strong>stim</strong></span> <span class='ocrx_word' id='word_1_7' title='bbox 305 211 436 240; x_wconf 87' lang='lat' dir='ltr'><strong>transfert</strong></span> <span class='ocrx_word' id='word_1_8' title='bbox 450 215 475 240; x_wconf 87' lang='lat' dir='ltr'><strong>te</strong></span> <span class='ocrx_word' id='word_1_9' title='bbox 497 212 525 240; x_wconf 94' lang='lat' dir='ltr'><strong>in</strong></span> <span class='ocrx_word' id='word_1_10' title='bbox 540 219 653 248; x_wconf 83' lang='lat' dir='ltr'><strong>regnum</strong></span> <span class='ocrx_word' id='word_1_11' title='bbox 668 221 760 241; x_wconf 92' lang='lat' dir='ltr'><strong>suum.</strong></span> <span class='ocrx_word' id='word_1_12' title='bbox 779 214 836 242; x_wconf 90' lang='lat' dir='ltr'><strong>Deo</strong></span> <span class='ocrx_word' id='word_1_13' title='bbox 850 215 925 243; x_wconf 89' lang='lat' dir='ltr'><strong>enim</strong></span> <span class='ocrx_word' id='word_1_14' title='bbox 945 216 1010 244; x_wconf 88' lang='lat' dir='ltr'><strong>hora</strong></span> 
     </span>
    </p>
   </div>
   <div class='ocr_carea' id='block_1_5' title="bbox 1062 211 1862 265">
    <p class='ocr_par' dir='ltr' id='par_1_5' title="bbox 1071 220 1862 265">
     <span class='ocr_line' id='line_1_5' title="bbox 1071 220 1862 265; baseline 0.014 -20"><span class='ocrx_word' id='word_1_15' title='bbox 1071 227 1117 250; x_wconf 77' lang='grc' dir='ltr'><strong>τος</strong></span> <span class='ocrx_word' id='word_1_16' title='bbox 1132 220 1179 246; x_wconf 86' lang='grc' dir='ltr'>τοῦ</span> <span class='ocrx_word' id='word_1_17' title='bbox 1193 220 1260 247; x_wconf 84' lang='grc' dir='ltr'>σκότ</span> <span class='ocrx_word' id='word_1_18' title='bbox 1267 229 1325 254; x_wconf 86' lang='grc' dir='ltr'>ους,</span> <span class='ocrx_word' id='word_1_19' title='bbox 1353 222 1401 249; x_wconf 84' lang='grc' dir='ltr'>καὶ</span> <span class='ocrx_word' id='word_1_20' title='bbox 1417 222 1519 256; x_wconf 82' lang='grc' dir='ltr'>εὐθέως</span> <span class='ocrx_word' id='word_1_21' title='bbox 1538 225 1700 262; x_wconf 79' lang='grc' dir='ltr'><strong>μετατίθησι</strong></span> <span class='ocrx_word' id='word_1_22' title='bbox 1714 235 1744 254; x_wconf 86' lang='grc' dir='ltr'><strong>σε</strong></span> <span class='ocrx_word' id='word_1_23' title='bbox 1757 228 1797 260; x_wconf 79' lang='grc' dir='ltr'><strong>είς</strong></span> <span class='ocrx_word' id='word_1_24' title='bbox 1811 229 1862 265; x_wconf 82' lang='grc' dir='ltr'>τὴν</span> 
     </span>
    </p>
   </div>
   <div class='ocr_carea' id='block_1_6' title="bbox 226 258 1018 293">
    <p class='ocr_par' dir='ltr' id='par_1_6' title="bbox 226 258 1018 293">
     <span class='ocr_line' id='line_1_6' title="bbox 226 258 1018 293; baseline 0.005 -8"><span class='ocrx_word' id='word_1_25' title='bbox 226 262 368 285; x_wconf 89' lang='lat' dir='ltr'><strong>momento</strong></span> <span class='ocrx_word' id='word_1_26' title='bbox 385 258 477 286; x_wconf 85' lang='lat' dir='ltr'><strong>omnia</strong></span> <span class='ocrx_word' id='word_1_27' title='bbox 496 265 641 293; x_wconf 80' lang='lat' dir='ltr'><strong>peragere,</strong></span> <span class='ocrx_word' id='word_1_28' title='bbox 658 258 738 286; x_wconf 81' lang='lat' dir='ltr'><strong>facile</strong></span> <span class='ocrx_word' id='word_1_29' title='bbox 753 264 806 292; x_wconf 90' lang='lat' dir='ltr'><strong>est,</strong></span> <span class='ocrx_word' id='word_1_30' title='bbox 825 261 907 288; x_wconf 90' lang='lat' dir='ltr'><strong>modo</strong></span> <span class='ocrx_word' id='word_1_31' title='bbox 923 269 1018 290; x_wconf 84' lang='lat' dir='ltr'><strong>amore</strong></span> 
     </span>
    </p>
   </div>
   <div class='ocr_carea' id='block_1_7' title="bbox 225 303 1018 343">
    <p class='ocr_par' dir='ltr' id='par_1_7' title="bbox 225 303 1018 343">
     <span class='ocr_line' id='line_1_7' title="bbox 225 303 1018 343; baseline 0.005 -11"><span class='ocrx_word' id='word_1_32' title='bbox 225 305 250 332; x_wconf 91' lang='lat' dir='ltr'><strong>ei</strong></span> <span class='ocrx_word' id='word_1_33' title='bbox 266 304 318 332; x_wconf 88' lang='lat' dir='ltr'><strong>soli</strong></span> <span class='ocrx_word' id='word_1_34' title='bbox 333 304 478 332; x_wconf 76' lang='lat' dir='ltr'><strong>devinctus</strong></span> <span class='ocrx_word' id='word_1_35' title='bbox 493 303 541 331; x_wconf 84' lang='lat' dir='ltr'><strong>sis.</strong></span> <span class='ocrx_word' id='word_1_36' title='bbox 554 303 622 331; x_wconf 86' lang='lat' dir='ltr'><strong>Nam</strong></span> <span class='ocrx_word' id='word_1_37' title='bbox 650 304 722 332; x_wconf 89' lang='lat' dir='ltr'><strong>Deus</strong></span> <span class='ocrx_word' id='word_1_38' title='bbox 749 306 853 341; x_wconf 77' lang='lat' dir='ltr'><strong>indiget</strong></span> <span class='ocrx_word' id='word_1_39' title='bbox 869 314 953 343; x_wconf 88' lang='lat' dir='ltr'><strong>opera</strong></span> <span class='ocrx_word' id='word_1_40' title='bbox 965 307 1018 336; x_wconf 83' lang='lat' dir='ltr'><strong>bu-</strong></span> 
     </span>
    </p>
   </div>
   <div class='ocr_carea' id='block_1_8' title="bbox 224 349 819 386">
    <p class='ocr_par' dir='ltr' id='par_1_8' title="bbox 224 349 819 386">
     <span class='ocr_line' id='line_1_8' title="bbox 224 349 819 386; baseline 0.002 -8"><span class='ocrx_word' id='word_1_41' title='bbox 224 357 317 384; x_wconf 85' lang='lat' dir='ltr'><strong>mana,</strong></span> <span class='ocrx_word' id='word_1_42' title='bbox 335 351 399 386; x_wconf 88' lang='lat' dir='ltr'><strong>quia</strong></span> <span class='ocrx_word' id='word_1_43' title='bbox 408 349 482 378; x_wconf 85' lang='lat' dir='ltr'><strong>socia</strong></span> <span class='ocrx_word' id='word_1_44' title='bbox 495 349 648 378; x_wconf 81' lang='lat' dir='ltr'><strong>divinitatis</strong></span> <span class='ocrx_word' id='word_1_45' title='bbox 660 356 703 379; x_wconf 87' lang='lat' dir='ltr'><strong>est</strong></span> <span class='ocrx_word' id='word_1_46' title='bbox 717 352 819 380; x_wconf 90' lang='lat' dir='ltr'><strong>anima.</strong></span> 
     </span>
    </p>
   </div>
   <div class='ocr_carea' id='block_1_9' title="bbox 259 480 1018 519">
    <p class='ocr_par' dir='ltr' id='par_1_9' title="bbox 259 480 1018 519">
     <span class='ocr_line' id='line_1_9' title="bbox 259 480 1018 519; baseline 0.004 -11"><span class='ocrx_word' id='word_1_47' title='bbox 259 480 329 508; x_wconf 83' lang='lat' dir='ltr'><strong>XIX.</strong></span> <span class='ocrx_word' id='word_1_48' title='bbox 345 480 378 508; x_wconf 88' lang='lat' dir='ltr'><strong>Et</strong></span> <span class='ocrx_word' id='word_1_49' title='bbox 391 485 421 508; x_wconf 89' lang='lat' dir='ltr'><strong>ut</strong></span> <span class='ocrx_word' id='word_1_50' title='bbox 436 488 508 516; x_wconf 75' lang='lat' dir='ltr'><strong>saepe</strong></span> <span class='ocrx_word' id='word_1_51' title='bbox 524 481 645 510; x_wconf 83' lang='lat' dir='ltr'><strong>diximus</strong></span> <span class='ocrx_word' id='word_1_52' title='bbox 671 483 828 517; x_wconf 89' lang='lat' dir='ltr'><strong>parabolam</strong></span> <span class='ocrx_word' id='word_1_53' title='bbox 844 483 945 517; x_wconf 87' lang='lat' dir='ltr'><strong>coloni,</strong></span> <span class='ocrx_word' id='word_1_54' title='bbox 969 482 1018 519; x_wconf 86' lang='lat' dir='ltr'><strong>qui</strong></span> 
     </span>
    </p>
   </div>
   <div class='ocr_carea' id='block_1_10' title="bbox 221 527 1017 565">
    <p class='ocr_par' dir='ltr' id='par_1_10' title="bbox 221 527 1017 565">
     <span class='ocr_line' id='line_1_10' title="bbox 221 527 1017 565; baseline 0.004 -11"><span class='ocrx_word' id='word_1_55' title='bbox 221 527 339 560; x_wconf 84' lang='lat' dir='ltr'><strong>laborat,</strong></span> <span class='ocrx_word' id='word_1_56' title='bbox 355 535 386 555; x_wconf 89' lang='lat' dir='ltr'><strong>ac</strong></span> <span class='ocrx_word' id='word_1_57' title='bbox 403 535 496 555; x_wconf 87' lang='lat' dir='ltr'><strong>semen</strong></span> <span class='ocrx_word' id='word_1_58' title='bbox 519 532 599 556; x_wconf 74' lang='lat' dir='ltr'><strong>terra:</strong></span> <span class='ocrx_word' id='word_1_59' title='bbox 610 529 772 562; x_wconf 87' lang='lat' dir='ltr'><strong>committit;</strong></span> <span class='ocrx_word' id='word_1_60' title='bbox 792 529 874 556; x_wconf 83' lang='lat' dir='ltr'><strong>debet</strong></span> <span class='ocrx_word' id='word_1_61' title='bbox 897 530 1017 565; x_wconf 84' lang='lat' dir='ltr'><strong>desuper</strong></span> 
     </span>
    </p>
   </div>
   <div class='ocr_carea' id='block_1_11' title="bbox 221 573 1016 608">
    <p class='ocr_par' dir='ltr' id='par_1_11' title="bbox 221 573 1016 608">
     <span class='ocr_line' id='line_1_11' title="bbox 221 573 1016 608; baseline 0.006 -9"><span class='ocrx_word' id='word_1_62' title='bbox 221 573 350 608; x_wconf 85' lang='lat' dir='ltr'><strong>accipere</strong></span> <span class='ocrx_word' id='word_1_63' title='bbox 363 573 501 608; x_wconf 84' lang='lat' dir='ltr'><strong>pluviam:</strong></span> <span class='ocrx_word' id='word_1_64' title='bbox 518 573 573 602; x_wconf 88' lang='lat' dir='ltr'><strong>nisi</strong></span> <span class='ocrx_word' id='word_1_65' title='bbox 589 574 663 601; x_wconf 93' lang='lat' dir='ltr'><strong>enim</strong></span> <span class='ocrx_word' id='word_1_66' title='bbox 687 575 776 603; x_wconf 90' lang='lat' dir='ltr'><strong>nubes</strong></span> <span class='ocrx_word' id='word_1_67' title='bbox 792 576 967 608; x_wconf 85' lang='lat' dir='ltr'><strong>emerserint,</strong></span> <span class='ocrx_word' id='word_1_68' title='bbox 983 584 1016 604; x_wconf 87' lang='lat' dir='ltr'><strong>ac</strong></span> 
     </span>
    </p>
   </div>
   <div class='ocr_carea' id='block_1_12' title="bbox 221 617 1014 656">
    <p class='ocr_par' dir='ltr' id='par_1_12' title="bbox 221 617 1014 656">
     <span class='ocr_line' id='line_1_12' title="bbox 221 617 1014 656; baseline 0.006 -12"><span class='ocrx_word' id='word_1_69' title='bbox 221 617 296 645; x_wconf 89' lang='lat' dir='ltr'><strong>venti</strong></span> <span class='ocrx_word' id='word_1_70' title='bbox 313 617 449 651; x_wconf 82' lang='lat' dir='ltr'><strong>ﬂaverint,</strong></span> <span class='ocrx_word' id='word_1_71' title='bbox 461 618 530 646; x_wconf 89' lang='lat' dir='ltr'><strong>nihil</strong></span> <span class='ocrx_word' id='word_1_72' title='bbox 541 619 620 655; x_wconf 82' lang='lat' dir='ltr'><strong>juvat</strong></span> <span class='ocrx_word' id='word_1_73' title='bbox 646 619 725 647; x_wconf 88' lang='lat' dir='ltr'><strong>labor</strong></span> <span class='ocrx_word' id='word_1_74' title='bbox 739 621 880 656; x_wconf 63' lang='lat' dir='ltr'><strong>agricolas;</strong></span> <span class='ocrx_word' id='word_1_75' title='bbox 911 622 1014 650; x_wconf 92' lang='lat' dir='ltr'><strong>nudum</strong></span> 
     </span>
    </p>
   </div>
   <div class='ocr_carea' id='block_1_13' title="bbox 221 663 1015 703">
    <p class='ocr_par' dir='ltr' id='par_1_13' title="bbox 221 663 1015 703">
     <span class='ocr_line' id='line_1_13' title="bbox 221 663 1015 703; baseline 0.006 -13"><span class='ocrx_word' id='word_1_76' title='bbox 221 670 316 691; x_wconf 89' lang='lat' dir='ltr'><strong>semen</strong></span> <span class='ocrx_word' id='word_1_77' title='bbox 338 663 411 691; x_wconf 91' lang='lat' dir='ltr'><strong>enim</strong></span> <span class='ocrx_word' id='word_1_78' title='bbox 433 664 576 700; x_wconf 73' lang='lat' dir='ltr'><strong>subiacet:</strong></span> <span class='ocrx_word' id='word_1_79' title='bbox 603 665 655 693; x_wconf 89' lang='lat' dir='ltr'><strong>hoc</strong></span> <span class='ocrx_word' id='word_1_80' title='bbox 680 666 804 699; x_wconf 68' lang='lat' dir='ltr'><strong>transfer,</strong></span> <span class='ocrx_word' id='word_1_81' title='bbox 820 667 853 694; x_wconf 86' lang='lat' dir='ltr'><strong>ad</strong></span> <span class='ocrx_word' id='word_1_82' title='bbox 869 675 914 695; x_wconf 87' lang='lat' dir='ltr'><strong>res</strong></span> <span class='ocrx_word' id='word_1_83' title='bbox 933 669 1015 703; x_wconf 89' lang='lat' dir='ltr'><strong>spiri-</strong></span> 
     </span>
    </p>
   </div>
   <div class='ocr_carea' id='block_1_14' title="bbox 220 709 1014 748">
    <p class='ocr_par' dir='ltr' id='par_1_14' title="bbox 220 709 1014 748">
     <span class='ocr_line' id='line_1_14' title="bbox 220 709 1014 748; baseline 0.008 -12"><span class='ocrx_word' id='word_1_84' title='bbox 220 709 322 738; x_wconf 85' lang='lat' dir='ltr'><strong>tuales.</strong></span> <span class='ocrx_word' id='word_1_85' title='bbox 355 709 384 738; x_wconf 86' lang='lat' dir='ltr'><strong>Si</strong></span> <span class='ocrx_word' id='word_1_86' title='bbox 419 718 468 738; x_wconf 87' lang='lat' dir='ltr'><strong>sua</strong></span> <span class='ocrx_word' id='word_1_87' title='bbox 500 712 589 739; x_wconf 86' lang='lat' dir='ltr'><strong>solum</strong></span> <span class='ocrx_word' id='word_1_88' title='bbox 615 712 644 739; x_wconf 91' lang='lat' dir='ltr'><strong>in</strong></span> <span class='ocrx_word' id='word_1_89' title='bbox 668 713 829 748; x_wconf 83' lang='lat' dir='ltr'><strong>operatione</strong></span> <span class='ocrx_word' id='word_1_90' title='bbox 855 719 1014 748; x_wconf 86' lang='lat' dir='ltr'><strong>perseveret</strong></span> 
     </span>
    </p>
   </div>
   <div class='ocr_carea' id='block_1_15' title="bbox 220 754 1013 792">
    <p class='ocr_par' dir='ltr' id='par_1_15' title="bbox 220 754 1013 792">
     <span class='ocr_line' id='line_1_15' title="bbox 220 754 1013 792; baseline 0.008 -10"><span class='ocrx_word' id='word_1_91' title='bbox 220 754 314 788; x_wconf 87' lang='lat' dir='ltr'><strong>homo,</strong></span> <span class='ocrx_word' id='word_1_92' title='bbox 332 762 383 783; x_wconf 90' lang='lat' dir='ltr'><strong>nec</strong></span> <span class='ocrx_word' id='word_1_93' title='bbox 396 756 529 792; x_wconf 88' lang='lat' dir='ltr'><strong>suscipiat</strong></span> <span class='ocrx_word' id='word_1_94' title='bbox 549 757 700 792; x_wconf 88' lang='lat' dir='ltr'><strong>quidquam</strong></span> <span class='ocrx_word' id='word_1_95' title='bbox 714 766 729 786; x_wconf 91' lang='lat' dir='ltr'><strong>a</strong></span> <span class='ocrx_word' id='word_1_96' title='bbox 744 763 842 786; x_wconf 87' lang='lat' dir='ltr'><strong>natura</strong></span> <span class='ocrx_word' id='word_1_97' title='bbox 859 767 907 788; x_wconf 87' lang='lat' dir='ltr'><strong>sua</strong></span> <span class='ocrx_word' id='word_1_98' title='bbox 921 764 1013 788; x_wconf 82' lang='lat' dir='ltr'><strong>extra-</strong></span> 
     </span>
    </p>
   </div>
   <div class='ocr_carea' id='block_1_16' title="bbox 219 802 1011 840">
    <p class='ocr_par' dir='ltr' id='par_1_16' title="bbox 219 802 1011 840">
     <span class='ocr_line' id='line_1_16' title="bbox 219 802 1011 840; baseline 0.006 -12"><span class='ocrx_word' id='word_1_99' title='bbox 219 808 315 834; x_wconf 87' lang='lat' dir='ltr'><strong>neum,</strong></span> <span class='ocrx_word' id='word_1_100' title='bbox 329 809 384 829; x_wconf 88' lang='lat' dir='ltr'><strong>non</strong></span> <span class='ocrx_word' id='word_1_101' title='bbox 401 807 493 837; x_wconf 78' lang='lat' dir='ltr'><strong>potest</strong></span> <span class='ocrx_word' id='word_1_102' title='bbox 510 802 619 831; x_wconf 88' lang='lat' dir='ltr'><strong>fructus</strong></span> <span class='ocrx_word' id='word_1_103' title='bbox 632 804 731 840; x_wconf 89' lang='lat' dir='ltr'><strong>dignos</strong></span> <span class='ocrx_word' id='word_1_104' title='bbox 751 805 868 832; x_wconf 89' lang='lat' dir='ltr'><strong>Domino</strong></span> <span class='ocrx_word' id='word_1_105' title='bbox 884 805 1011 834; x_wconf 85' lang='lat' dir='ltr'><strong>reddere.</strong></span> 
     </span>
    </p>
   </div>
   <div class='ocr_carea' id='block_1_17' title="bbox 219 846 1011 886">
    <p class='ocr_par' dir='ltr' id='par_1_17' title="bbox 219 846 1011 886">
     <span class='ocr_line' id='line_1_17' title="bbox 219 846 1011 886; baseline 0.008 -12"><span class='ocrx_word' id='word_1_106' title='bbox 219 846 292 880; x_wconf 84' lang='lat' dir='ltr'><strong>Quid</strong></span> <span class='ocrx_word' id='word_1_107' title='bbox 315 855 381 883; x_wconf 91' lang='lat' dir='ltr'><strong>ergo</strong></span> <span class='ocrx_word' id='word_1_108' title='bbox 406 853 449 876; x_wconf 88' lang='lat' dir='ltr'><strong>est</strong></span> <span class='ocrx_word' id='word_1_109' title='bbox 472 848 594 877; x_wconf 84' lang='lat' dir='ltr'><strong>hominis</strong></span> <span class='ocrx_word' id='word_1_110' title='bbox 621 851 768 885; x_wconf 87' lang='lat' dir='ltr'><strong>operatio?</strong></span> <span class='ocrx_word' id='word_1_111' title='bbox 796 851 1011 886; x_wconf 84' lang='lat' dir='ltr'><strong>Abrenuntiare,</strong></span> 
     </span>
    </p>
   </div>
   <div class='ocr_carea' id='block_1_18' title="bbox 218 893 1012 931">
    <p class='ocr_par' dir='ltr' id='par_1_18' title="bbox 218 893 1012 931">
     <span class='ocr_line' id='line_1_18' title="bbox 218 893 1012 931; baseline 0.008 -11"><span class='ocrx_word' id='word_1_112' title='bbox 218 893 312 928; x_wconf 89' lang='lat' dir='ltr'><strong>egredi</strong></span> <span class='ocrx_word' id='word_1_113' title='bbox 338 901 371 921; x_wconf 80' lang='lat' dir='ltr'><strong>ex</strong></span> <span class='ocrx_word' id='word_1_114' title='bbox 398 894 451 922; x_wconf 90' lang='lat' dir='ltr'><strong>hoc</strong></span> <span class='ocrx_word' id='word_1_115' title='bbox 480 895 593 928; x_wconf 88' lang='lat' dir='ltr'><strong>mundo,</strong></span> <span class='ocrx_word' id='word_1_116' title='bbox 622 903 801 931; x_wconf 83' lang='lat' dir='ltr'><strong>perseverare</strong></span> <span class='ocrx_word' id='word_1_117' title='bbox 823 898 851 925; x_wconf 90' lang='lat' dir='ltr'><strong>in</strong></span> <span class='ocrx_word' id='word_1_118' title='bbox 877 899 1012 931; x_wconf 87' lang='lat' dir='ltr'><strong>oratione,</strong></span> 
     </span>
    </p>
   </div>
   <div class='ocr_carea' id='block_1_19' title="bbox 218 940 1009 979">
    <p class='ocr_par' dir='ltr' id='par_1_19' title="bbox 218 940 1009 979">
     <span class='ocr_line' id='line_1_19' title="bbox 218 940 1009 979; baseline 0.008 -14"><span class='ocrx_word' id='word_1_119' title='bbox 218 940 345 974; x_wconf 83' lang='lat' dir='ltr'><strong>vigilare,</strong></span> <span class='ocrx_word' id='word_1_120' title='bbox 360 940 475 975; x_wconf 90' lang='lat' dir='ltr'><strong>diligere</strong></span> <span class='ocrx_word' id='word_1_121' title='bbox 494 941 581 968; x_wconf 92' lang='lat' dir='ltr'><strong>Deum</strong></span> <span class='ocrx_word' id='word_1_122' title='bbox 607 949 639 970; x_wconf 83' lang='lat' dir='ltr'><strong>ac</strong></span> <span class='ocrx_word' id='word_1_123' title='bbox 662 941 779 970; x_wconf 90' lang='lat' dir='ltr'><strong>fratres:</strong></span> <span class='ocrx_word' id='word_1_124' title='bbox 794 943 847 971; x_wconf 87' lang='lat' dir='ltr'><strong>hoc</strong></span> <span class='ocrx_word' id='word_1_125' title='bbox 868 944 1009 979; x_wconf 88' lang='lat' dir='ltr'><strong>proprium</strong></span> 
     </span>
    </p>
   </div>
   <div class='ocr_carea' id='block_1_20' title="bbox 218 985 1010 1024">
    <p class='ocr_par' dir='ltr' id='par_1_20' title="bbox 218 985 1010 1024">
     <span class='ocr_line' id='line_1_20' title="bbox 218 985 1010 1024; baseline 0.008 -12"><span class='ocrx_word' id='word_1_126' title='bbox 218 990 261 1012; x_wconf 86' lang='lat' dir='ltr'><strong>est</strong></span> <span class='ocrx_word' id='word_1_127' title='bbox 286 985 346 1020; x_wconf 89' lang='lat' dir='ltr'><strong>ejus</strong></span> <span class='ocrx_word' id='word_1_128' title='bbox 359 986 506 1014; x_wconf 88' lang='lat' dir='ltr'><strong>sustinere.</strong></span> <span class='ocrx_word' id='word_1_129' title='bbox 530 986 558 1014; x_wconf 89' lang='lat' dir='ltr'><strong>Si</strong></span> <span class='ocrx_word' id='word_1_130' title='bbox 572 995 638 1014; x_wconf 90' lang='lat' dir='ltr'><strong>vero</strong></span> <span class='ocrx_word' id='word_1_131' title='bbox 665 995 714 1015; x_wconf 81' lang='lat' dir='ltr'><strong>sua</strong></span> <span class='ocrx_word' id='word_1_132' title='bbox 730 988 819 1016; x_wconf 90' lang='lat' dir='ltr'><strong>solum</strong></span> <span class='ocrx_word' id='word_1_133' title='bbox 848 990 1010 1024; x_wconf 86' lang='lat' dir='ltr'><strong>operatione</strong></span> 
     </span>
    </p>
   </div>
   <div class='ocr_carea' id='block_1_21' title="bbox 218 1032 1008 1071">
    <p class='ocr_par' dir='ltr' id='par_1_21' title="bbox 218 1032 1008 1071">
     <span class='ocr_line' id='line_1_21' title="bbox 218 1032 1008 1071; baseline 0.008 -14"><span class='ocrx_word' id='word_1_134' title='bbox 218 1035 363 1058; x_wconf 81' lang='lat' dir='ltr'><strong>contentus</strong></span> <span class='ocrx_word' id='word_1_135' title='bbox 393 1032 440 1064; x_wconf 87' lang='lat' dir='ltr'><strong>sit,</strong></span> <span class='ocrx_word' id='word_1_136' title='bbox 469 1039 521 1060; x_wconf 89' lang='lat' dir='ltr'><strong>nec</strong></span> <span class='ocrx_word' id='word_1_137' title='bbox 535 1040 612 1068; x_wconf 86' lang='lat' dir='ltr'><strong>spem</strong></span> <span class='ocrx_word' id='word_1_138' title='bbox 642 1033 733 1061; x_wconf 85' lang='lat' dir='ltr'><strong>foveat</strong></span> <span class='ocrx_word' id='word_1_139' title='bbox 758 1034 832 1062; x_wconf 86' lang='lat' dir='ltr'><strong>aliud</strong></span> <span class='ocrx_word' id='word_1_140' title='bbox 866 1035 1008 1071; x_wconf 89' lang='lat' dir='ltr'><strong>quidpiam</strong></span> 
     </span>
    </p>
   </div>
   <div class='ocr_carea' id='block_1_22' title="bbox 217 1077 1009 1114">
    <p class='ocr_par' dir='ltr' id='par_1_22' title="bbox 217 1077 1009 1114">
     <span class='ocr_line' id='line_1_22' title="bbox 217 1077 1009 1114; baseline 0.006 -10"><span class='ocrx_word' id='word_1_141' title='bbox 217 1077 403 1111; x_wconf 85' lang='lat' dir='ltr'><strong>suscipiendi,</strong></span> <span class='ocrx_word' id='word_1_142' title='bbox 433 1085 524 1112; x_wconf 84' lang='lat' dir='ltr'><strong>neque</strong></span> <span class='ocrx_word' id='word_1_143' title='bbox 535 1079 609 1106; x_wconf 89' lang='lat' dir='ltr'><strong>venti</strong></span> <span class='ocrx_word' id='word_1_144' title='bbox 635 1078 754 1114; x_wconf 87' lang='lat' dir='ltr'><strong>Spiritus</strong></span> <span class='ocrx_word' id='word_1_145' title='bbox 779 1080 867 1108; x_wconf 86' lang='lat' dir='ltr'><strong>sancti</strong></span> <span class='ocrx_word' id='word_1_146' title='bbox 891 1081 1009 1109; x_wconf 86' lang='lat' dir='ltr'><strong>animam</strong></span> 
     </span>
    </p>
   </div>
   <div class='ocr_carea' id='block_1_23' title="bbox 218 1121 1009 1158">
    <p class='ocr_par' dir='ltr' id='par_1_23' title="bbox 218 1121 1009 1158">
     <span class='ocr_line' id='line_1_23' title="bbox 218 1121 1009 1158; baseline 0.008 -10"><span class='ocrx_word' id='word_1_147' title='bbox 218 1121 389 1154; x_wconf 81' lang='lat' dir='ltr'><strong>afllavcrint;</strong></span> <span class='ocrx_word' id='word_1_148' title='bbox 410 1123 451 1150; x_wconf 76' lang='lat' dir='ltr'><strong>vel</strong></span> <span class='ocrx_word' id='word_1_149' title='bbox 472 1123 638 1151; x_wconf 88' lang='lat' dir='ltr'><strong>emerserint</strong></span> <span class='ocrx_word' id='word_1_150' title='bbox 655 1124 744 1151; x_wconf 90' lang='lat' dir='ltr'><strong>nubes</strong></span> <span class='ocrx_word' id='word_1_151' title='bbox 759 1125 896 1158; x_wconf 73' lang='lat' dir='ltr'><strong>cmlestes,</strong></span> <span class='ocrx_word' id='word_1_152' title='bbox 912 1134 943 1153; x_wconf 90' lang='lat' dir='ltr'><strong>ac</strong></span> <span class='ocrx_word' id='word_1_153' title='bbox 959 1126 1009 1154; x_wconf 88' lang='lat' dir='ltr'><strong>de-</strong></span> 
     </span>
    </p>
   </div>
   <div class='ocr_carea' id='block_1_24' title="bbox 217 1167 1012 1207">
    <p class='ocr_par' dir='ltr' id='par_1_24' title="bbox 217 1167 1012 1207">
     <span class='ocr_line' id='line_1_24' title="bbox 217 1167 1012 1207; baseline 0.008 -13"><span class='ocrx_word' id='word_1_154' title='bbox 217 1167 362 1195; x_wconf 72' lang='lat' dir='ltr'><strong>scenderit</strong></span> <span class='ocrx_word' id='word_1_155' title='bbox 374 1175 389 1195; x_wconf 91' lang='lat' dir='ltr'><strong>e</strong></span> <span class='ocrx_word' id='word_1_156' title='bbox 412 1169 482 1196; x_wconf 77' lang='lat' dir='ltr'><strong>cwlo</strong></span> <span class='ocrx_word' id='word_1_157' title='bbox 496 1169 600 1204; x_wconf 88' lang='lat' dir='ltr'><strong>pluvia,</strong></span> <span class='ocrx_word' id='word_1_158' title='bbox 616 1173 645 1197; x_wconf 88' lang='lat' dir='ltr'><strong>et</strong></span> <span class='ocrx_word' id='word_1_159' title='bbox 659 1170 754 1205; x_wconf 86' lang='lat' dir='ltr'><strong>irriget</strong></span> <span class='ocrx_word' id='word_1_160' title='bbox 774 1171 905 1205; x_wconf 85' lang='lat' dir='ltr'><strong>animam,</strong></span> <span class='ocrx_word' id='word_1_161' title='bbox 916 1172 1012 1207; x_wconf 89' lang='lat' dir='ltr'><strong>nequit</strong></span> 
     </span>
    </p>
   </div>
   <div class='ocr_carea' id='block_1_25' title="bbox 219 1213 820 1250">
    <p class='ocr_par' dir='ltr' id='par_1_25' title="bbox 219 1213 820 1250">
     <span class='ocr_line' id='line_1_25' title="bbox 219 1213 820 1250; baseline 0.005 -9"><span class='ocrx_word' id='word_1_162' title='bbox 219 1213 302 1241; x_wconf 87' lang='lat' dir='ltr'><strong>bomo</strong></span> <span class='ocrx_word' id='word_1_163' title='bbox 322 1214 430 1243; x_wconf 91' lang='lat' dir='ltr'><strong>fructus</strong></span> <span class='ocrx_word' id='word_1_164' title='bbox 445 1215 542 1250; x_wconf 83' lang='lat' dir='ltr'><strong>dignos</strong></span> <span class='ocrx_word' id='word_1_165' title='bbox 557 1215 673 1244; x_wconf 83' lang='lat' dir='ltr'><strong>reddere</strong></span> <span class='ocrx_word' id='word_1_166' title='bbox 691 1216 820 1245; x_wconf 89' lang='lat' dir='ltr'><strong>Domino.</strong></span> 
     </span>
    </p>
   </div>
   <div class='ocr_carea' id='block_1_26' title="bbox 250 1372 1010 1412">
    <p class='ocr_par' dir='ltr' id='par_1_26' title="bbox 250 1372 1010 1412">
     <span class='ocr_line' id='line_1_26' title="bbox 250 1372 1010 1412; baseline 0.007 -13"><span class='ocrx_word' id='word_1_167' title='bbox 250 1372 310 1400; x_wconf 77' lang='lat' dir='ltr'><strong>XX.</strong></span> <span class='ocrx_word' id='word_1_168' title='bbox 327 1373 467 1408; x_wconf 88' lang='lat' dir='ltr'><strong>Scriptum</strong></span> <span class='ocrx_word' id='word_1_169' title='bbox 486 1374 579 1409; x_wconf 87' lang='lat' dir='ltr'><strong>itaque</strong></span> <span class='ocrx_word' id='word_1_170' title='bbox 600 1379 642 1403; x_wconf 85' lang='lat' dir='ltr'><strong>est</strong></span> <span class='ocrx_word' id='word_1_171' title='bbox 661 1385 669 1404; x_wconf 87' lang='lat'><strong>:</strong></span> <span class='ocrx_word' id='word_1_172' title='bbox 697 1376 821 1412; x_wconf 83' lang='lat' dir='ltr'><strong>Agricola</strong></span> <span class='ocrx_word' id='word_1_173' title='bbox 833 1385 892 1404; x_wconf 83' lang='lat' dir='ltr'><strong>cum</strong></span> <span class='ocrx_word' id='word_1_174' title='bbox 917 1377 1010 1404; x_wconf 81' lang='lat' dir='ltr'><strong>viderit</strong></span> 
     </span>
    </p>
   </div>
   <div class='ocr_carea' id='block_1_27' title="bbox 217 1416 1011 1456">
    <p class='ocr_par' dir='ltr' id='par_1_27' title="bbox 217 1416 1011 1456">
     <span class='ocr_line' id='line_1_27' title="bbox 217 1416 1011 1456; baseline 0.006 -14"><span class='ocrx_word' id='word_1_175' title='bbox 217 1416 354 1452; x_wconf 75' lang='lat' dir='ltr'><strong>palmitem</strong></span> <span class='ocrx_word' id='word_1_176' title='bbox 390 1417 529 1452; x_wconf 75' lang='lat' dir='ltr'><strong>ferentem&#39;</strong></span> <span class='ocrx_word' id='word_1_177' title='bbox 552 1419 685 1453; x_wconf 81' lang='lat' dir='ltr'><strong>fructum,</strong></span> <span class='ocrx_word' id='word_1_178' title='bbox 720 1425 817 1456; x_wconf 83' lang='lat' dir='ltr'><strong>purgat</strong></span> <span class='ocrx_word' id='word_1_179' title='bbox 853 1429 933 1452; x_wconf 80' lang='lat' dir='ltr'><strong>eum,</strong></span> <span class='ocrx_word' id='word_1_180' title='bbox 982 1426 1011 1447; x_wconf 82' lang='lat' dir='ltr'><strong>ut</strong></span> 
     </span>
    </p>
   </div>
   <div class='ocr_carea' id='block_1_28' title="bbox 218 1461 1010 1499">
    <p class='ocr_par' dir='ltr' id='par_1_28' title="bbox 218 1461 1010 1499">
     <span class='ocr_line' id='line_1_28' title="bbox 218 1461 1010 1499; baseline 0.008 -13"><span class='ocrx_word' id='word_1_181' title='bbox 218 1461 387 1495; x_wconf 72' lang='lat' dir='ltr'><strong>copiosiorem</strong></span> <span class='ocrx_word' id='word_1_182' title='bbox 408 1461 522 1496; x_wconf 79' lang='lat' dir='ltr'><strong>fructum</strong></span> <span class='ocrx_word' id='word_1_183' title='bbox 541 1463 657 1497; x_wconf 72' lang='lat' dir='ltr'><strong>afferat:</strong></span> <span class='ocrx_word' id='word_1_184' title='bbox 673 1468 701 1491; x_wconf 88' lang='lat' dir='ltr'><strong>at</strong></span> <span class='ocrx_word' id='word_1_185' title='bbox 724 1472 776 1490; x_wconf 85' lang='lat' dir='ltr'><strong>non</strong></span> <span class='ocrx_word' id='word_1_186' title='bbox 798 1465 924 1499; x_wconf 80' lang='lat' dir='ltr'><strong>ferentem</strong></span> <span class='ocrx_word' id='word_1_187' title='bbox 952 1465 1010 1499; x_wconf 79' lang='lat' dir='ltr'><strong>fru-</strong></span> 
     </span>
    </p>
   </div>
   <div class='ocr_carea' id='block_1_29' title="bbox 217 1506 1010 1539">
    <p class='ocr_par' dir='ltr' id='par_1_29' title="bbox 217 1506 1010 1539">
     <span class='ocr_line' id='line_1_29' title="bbox 217 1506 1010 1539; baseline 0.008 -8"><span class='ocrx_word' id='word_1_188' title='bbox 217 1510 288 1532; x_wconf 83' lang='lat' dir='ltr'><strong>ctum</strong></span> <span class='ocrx_word' id='word_1_189' title='bbox 302 1506 399 1539; x_wconf 82' lang='lat' dir='ltr'><strong>evellit,</strong></span> <span class='ocrx_word' id='word_1_190' title='bbox 415 1512 439 1533; x_wconf 87' lang='lat' dir='ltr'><strong>ct</strong></span> <span class='ocrx_word' id='word_1_191' title='bbox 454 1507 659 1535; x_wconf 82' lang='lat' dir='ltr'><strong>camburendum</strong></span> <span class='ocrx_word' id='word_1_192' title='bbox 669 1509 750 1536; x_wconf 82' lang='lat' dir='ltr'><strong>tradit</strong></span> <span class='ocrx_word' id='word_1_193' title='bbox 765 1509 796 1536; x_wconf 84' lang='lat'><strong>“.</strong></span> <span class='ocrx_word' id='word_1_194' title='bbox 813 1510 1010 1538; x_wconf 85' lang='lat' dir='ltr'><strong>Verumtamen</strong></span> 
     </span>
    </p>
   </div>
   <div class='ocr_carea' id='block_1_30' title="bbox 217 1549 1008 1589">
    <p class='ocr_par' dir='ltr' id='par_1_30' title="bbox 217 1549 1008 1589">
     <span class='ocr_line' id='line_1_30' title="bbox 217 1549 1008 1589; baseline 0.008 -14"><span class='ocrx_word' id='word_1_195' title='bbox 217 1549 270 1576; x_wconf 88' lang='lat' dir='ltr'><strong>hoc</strong></span> <span class='ocrx_word' id='word_1_196' title='bbox 283 1549 422 1577; x_wconf 88' lang='lat' dir='ltr'><strong>hominem</strong></span> <span class='ocrx_word' id='word_1_197' title='bbox 438 1550 528 1583; x_wconf 86' lang='lat' dir='ltr'><strong>decet,</strong></span> <span class='ocrx_word' id='word_1_198' title='bbox 547 1555 588 1585; x_wconf 92' lang='lat' dir='ltr'><strong>ut,</strong></span> <span class='ocrx_word' id='word_1_199' title='bbox 601 1552 658 1579; x_wconf 90' lang='lat' dir='ltr'><strong>sive</strong></span> <span class='ocrx_word' id='word_1_200' title='bbox 677 1553 793 1587; x_wconf 80' lang='lat' dir='ltr'><strong>jejunet,</strong></span> <span class='ocrx_word' id='word_1_201' title='bbox 821 1553 878 1580; x_wconf 91' lang='lat' dir='ltr'><strong>sive</strong></span> <span class='ocrx_word' id='word_1_202' title='bbox 903 1554 1008 1589; x_wconf 80' lang='lat' dir='ltr'><strong>vigilet,</strong></span> 
     </span>
    </p>
   </div>
   <div class='ocr_carea' id='block_1_31' title="bbox 218 1594 1010 1630">
    <p class='ocr_par' dir='ltr' id='par_1_31' title="bbox 218 1594 1010 1630">
     <span class='ocr_line' id='line_1_31' title="bbox 218 1594 1010 1630; baseline 0.009 -11"><span class='ocrx_word' id='word_1_203' title='bbox 218 1594 276 1620; x_wconf 83' lang='lat' dir='ltr'><strong>sive</strong></span> <span class='ocrx_word' id='word_1_204' title='bbox 288 1599 427 1628; x_wconf 88' lang='lat' dir='ltr'><strong>precetur,</strong></span> <span class='ocrx_word' id='word_1_205' title='bbox 440 1594 496 1622; x_wconf 83' lang='lat' dir='ltr'><strong>sive</strong></span> <span class='ocrx_word' id='word_1_206' title='bbox 511 1594 576 1622; x_wconf 88' lang='lat' dir='ltr'><strong>boni</strong></span> <span class='ocrx_word' id='word_1_207' title='bbox 594 1596 660 1630; x_wconf 92' lang='lat' dir='ltr'><strong>quid</strong></span> <span class='ocrx_word' id='word_1_208' title='bbox 672 1597 764 1628; x_wconf 83' lang='lat' dir='ltr'><strong>faciat,</strong></span> <span class='ocrx_word' id='word_1_209' title='bbox 780 1602 877 1625; x_wconf 88' lang='lat' dir='ltr'><strong>cuncta</strong></span> <span class='ocrx_word' id='word_1_210' title='bbox 893 1599 1010 1627; x_wconf 85' lang='lat' dir='ltr'><strong>Domino</strong></span> 
     </span>
    </p>
   </div>
   <div class='ocr_carea' id='block_1_32' title="bbox 217 1639 1010 1672">
    <p class='ocr_par' dir='ltr' id='par_1_32' title="bbox 217 1639 1010 1672">
     <span class='ocr_line' id='line_1_32' title="bbox 217 1639 1010 1672; baseline 0.009 -7"><span class='ocrx_word' id='word_1_211' title='bbox 217 1639 349 1672; x_wconf 83' lang='lat' dir='ltr'><strong>ascribat,</strong></span> <span class='ocrx_word' id='word_1_212' title='bbox 365 1640 408 1667; x_wconf 88' lang='lat' dir='ltr'><strong>his</strong></span> <span class='ocrx_word' id='word_1_213' title='bbox 421 1641 514 1668; x_wconf 89' lang='lat' dir='ltr'><strong>verbis</strong></span> <span class='ocrx_word' id='word_1_214' title='bbox 531 1649 617 1669; x_wconf 87' lang='lat' dir='ltr'><strong>usus:</strong></span> <span class='ocrx_word' id='word_1_215' title='bbox 650 1642 708 1670; x_wconf 85' lang='lat' dir='ltr'><strong>Nisi</strong></span> <span class='ocrx_word' id='word_1_216' title='bbox 724 1642 795 1670; x_wconf 76' lang='lat' dir='ltr'><strong>Deus</strong></span> <span class='ocrx_word' id='word_1_217' title='bbox 816 1644 1010 1672; x_wconf 80' lang='lat' dir='ltr'><strong>corroborasset</strong></span> 
     </span>
    </p>
   </div>
   <div class='ocr_carea' id='block_1_33' title="bbox 218 1685 1010 1722">
    <p class='ocr_par' dir='ltr' id='par_1_33' title="bbox 218 1685 1010 1722">
     <span class='ocr_line' id='line_1_33' title="bbox 218 1685 1010 1722; baseline 0.01 -14"><span class='ocrx_word' id='word_1_218' title='bbox 218 1691 270 1715; x_wconf 81' lang='lat' dir='ltr'><strong>me,</strong></span> <span class='ocrx_word' id='word_1_219' title='bbox 289 1691 342 1709; x_wconf 77' lang='lat' dir='ltr'><strong>non</strong></span> <span class='ocrx_word' id='word_1_220' title='bbox 370 1685 510 1718; x_wconf 76' lang='lat' dir='ltr'><strong>potuissem</strong></span> <span class='ocrx_word' id='word_1_221' title='bbox 537 1685 673 1720; x_wconf 73' lang='lat' dir='ltr'><strong>jejunare,</strong></span> <span class='ocrx_word' id='word_1_222' title='bbox 704 1691 751 1713; x_wconf 83' lang='lat' dir='ltr'><strong>aut</strong></span> <span class='ocrx_word' id='word_1_223' title='bbox 766 1689 880 1722; x_wconf 80' lang='lat' dir='ltr'><strong>precari,</strong></span> <span class='ocrx_word' id='word_1_224' title='bbox 909 1693 955 1715; x_wconf 87' lang='lat' dir='ltr'><strong>aut</strong></span> <span class='ocrx_word' id='word_1_225' title='bbox 978 1697 1010 1716; x_wconf 75' lang='lat' dir='ltr'><strong>ea;</strong></span> 
     </span>
    </p>
   </div>
   <div class='ocr_carea' id='block_1_34' title="bbox 217 1728 1008 1764">
    <p class='ocr_par' dir='ltr' id='par_1_34' title="bbox 217 1728 1008 1764">
     <span class='ocr_line' id='line_1_34' title="bbox 217 1728 1008 1764; baseline 0.008 -10"><span class='ocrx_word' id='word_1_226' title='bbox 217 1728 265 1754; x_wconf 79' lang='lat' dir='ltr'><strong>hoc</strong></span> <span class='ocrx_word' id='word_1_227' title='bbox 297 1728 395 1754; x_wconf 86' lang='lat' dir='ltr'><strong>mundo</strong></span> <span class='ocrx_word' id='word_1_228' title='bbox 420 1729 518 1763; x_wconf 80' lang='lat' dir='ltr'><strong>egredi.</strong></span> <span class='ocrx_word' id='word_1_229' title='bbox 547 1729 647 1764; x_wconf 85' lang='lat' dir='ltr'><strong>Sicque</strong></span> <span class='ocrx_word' id='word_1_230' title='bbox 663 1730 746 1764; x_wconf 88' lang='lat' dir='ltr'><strong>Deus,</strong></span> <span class='ocrx_word' id='word_1_231' title='bbox 764 1731 836 1759; x_wconf 88' lang='lat' dir='ltr'><strong>bona</strong></span> <span class='ocrx_word' id='word_1_232' title='bbox 865 1732 948 1759; x_wconf 85' lang='lat' dir='ltr'><strong>animi</strong></span> <span class='ocrx_word' id='word_1_233' title='bbox 971 1733 1008 1760; x_wconf 94' lang='lat' dir='ltr'><strong>tui</strong></span> 
     </span>
    </p>
   </div>
   <div class='ocr_carea' id='block_1_35' title="bbox 217 1773 1008 1814">
    <p class='ocr_par' dir='ltr' id='par_1_35' title="bbox 217 1773 1008 1814">
     <span class='ocr_line' id='line_1_35' title="bbox 217 1773 1008 1814; baseline 0.009 -14"><span class='ocrx_word' id='word_1_234' title='bbox 217 1773 372 1801; x_wconf 86' lang='lat' dir='ltr'><strong>intentione</strong></span> <span class='ocrx_word' id='word_1_235' title='bbox 384 1774 542 1810; x_wconf 84' lang='lat' dir='ltr'><strong>conspecta,</strong></span> <span class='ocrx_word' id='word_1_236' title='bbox 558 1776 688 1804; x_wconf 89' lang='lat' dir='ltr'><strong>nimirum</strong></span> <span class='ocrx_word' id='word_1_237' title='bbox 705 1782 731 1805; x_wconf 90' lang='lat' dir='ltr'><strong>te</strong></span> <span class='ocrx_word' id='word_1_238' title='bbox 752 1786 796 1811; x_wconf 89' lang='lat' dir='ltr'><strong>ea,</strong></span> <span class='ocrx_word' id='word_1_239' title='bbox 814 1787 874 1814; x_wconf 64' lang='lat' dir='ltr'><strong>quae</strong></span> <span class='ocrx_word' id='word_1_240' title='bbox 891 1780 1008 1807; x_wconf 87' lang='lat' dir='ltr'><strong>naturali</strong></span> 
     </span>
    </p>
   </div>
   <div class='ocr_carea' id='block_1_36' title="bbox 217 1819 1007 1859">
    <p class='ocr_par' dir='ltr' id='par_1_36' title="bbox 217 1819 1007 1859">
     <span class='ocr_line' id='line_1_36' title="bbox 217 1819 1007 1859; baseline 0.01 -13"><span class='ocrx_word' id='word_1_241' title='bbox 217 1819 351 1847; x_wconf 89' lang='lat' dir='ltr'><strong>instinctu</strong></span> <span class='ocrx_word' id='word_1_242' title='bbox 367 1821 485 1856; x_wconf 87' lang='lat' dir='ltr'><strong>peragis,</strong></span> <span class='ocrx_word' id='word_1_243' title='bbox 505 1822 563 1850; x_wconf 92' lang='lat' dir='ltr'><strong>Deo</strong></span> <span class='ocrx_word' id='word_1_244' title='bbox 577 1824 726 1857; x_wconf 87' lang='lat' dir='ltr'><strong>ascribere,</strong></span> <span class='ocrx_word' id='word_1_245' title='bbox 740 1825 798 1859; x_wconf 88' lang='lat' dir='ltr'><strong>ipse</strong></span> <span class='ocrx_word' id='word_1_246' title='bbox 813 1825 934 1857; x_wconf 81' lang='lat' dir='ltr'><strong>vicissim</strong></span> <span class='ocrx_word' id='word_1_247' title='bbox 947 1834 1007 1859; x_wconf 87' lang='lat' dir='ltr'><strong>sua,</strong></span> 
     </span>
    </p>
   </div>
   <div class='ocr_carea' id='block_1_37' title="bbox 216 1865 1010 1902">
    <p class='ocr_par' dir='ltr' id='par_1_37' title="bbox 216 1865 1010 1902">
     <span class='ocr_line' id='line_1_37' title="bbox 216 1865 1010 1902; baseline 0.01 -10"><span class='ocrx_word' id='word_1_248' title='bbox 216 1865 370 1899; x_wconf 82' lang='lat' dir='ltr'><strong>spiritualia</strong></span> <span class='ocrx_word' id='word_1_249' title='bbox 385 1874 494 1902; x_wconf 87' lang='lat' dir='ltr'><strong>nempe,</strong></span> <span class='ocrx_word' id='word_1_250' title='bbox 514 1867 607 1895; x_wconf 89' lang='lat' dir='ltr'><strong>divina</strong></span> <span class='ocrx_word' id='word_1_251' title='bbox 619 1874 646 1897; x_wconf 90' lang='lat' dir='ltr'><strong>et</strong></span> <span class='ocrx_word' id='word_1_252' title='bbox 657 1870 790 1902; x_wconf 83' lang='lat' dir='ltr'><strong>ccelestia,</strong></span> <span class='ocrx_word' id='word_1_253' title='bbox 806 1871 856 1898; x_wconf 91' lang='lat' dir='ltr'><strong>tibi</strong></span> <span class='ocrx_word' id='word_1_254' title='bbox 872 1872 931 1899; x_wconf 62' lang='lat' dir='ltr'><strong>haec</strong></span> <span class='ocrx_word' id='word_1_255' title='bbox 954 1873 1010 1899; x_wconf 86' lang='lat' dir='ltr'><strong>lar-</strong></span> 
     </span>
    </p>
   </div>
   <div class='ocr_carea' id='block_1_38' title="bbox 215 1912 1007 1951">
    <p class='ocr_par' dir='ltr' id='par_1_38' title="bbox 215 1912 1007 1951">
     <span class='ocr_line' id='line_1_38' title="bbox 215 1912 1007 1951; baseline 0.009 -13"><span class='ocrx_word' id='word_1_256' title='bbox 215 1912 305 1946; x_wconf 80' lang='lat' dir='ltr'><strong>gitur:</strong></span> <span class='ocrx_word' id='word_1_257' title='bbox 322 1920 383 1947; x_wconf 70' lang='lat' dir='ltr'><strong>quae</strong></span> <span class='ocrx_word' id='word_1_258' title='bbox 399 1921 464 1941; x_wconf 83' lang='lat' dir='ltr'><strong>vero</strong></span> <span class='ocrx_word' id='word_1_259' title='bbox 486 1919 550 1941; x_wconf 89' lang='lat' dir='ltr'><strong>sunt</strong></span> <span class='ocrx_word' id='word_1_260' title='bbox 565 1914 632 1941; x_wconf 87' lang='lat' dir='ltr'><strong>illa?</strong></span> <span class='ocrx_word' id='word_1_261' title='bbox 644 1914 751 1944; x_wconf 89' lang='lat' dir='ltr'><strong>fructus</strong></span> <span class='ocrx_word' id='word_1_262' title='bbox 770 1916 900 1951; x_wconf 90' lang='lat' dir='ltr'><strong>Spiritus.</strong></span> <span class='ocrx_word' id='word_1_263' title='bbox 914 1918 1007 1945; x_wconf 90' lang='lat' dir='ltr'><strong>exsul-</strong></span> 
     </span>
    </p>
   </div>
   <div class='ocr_carea' id='block_1_39' title="bbox 218 1958 450 1987">
    <p class='ocr_par' dir='ltr' id='par_1_39' title="bbox 218 1958 450 1987">
     <span class='ocr_line' id='line_1_39' title="bbox 218 1958 450 1987; baseline 0.013 -3"><span class='ocrx_word' id='word_1_264' title='bbox 218 1958 286 1985; x_wconf 87' lang='lat' dir='ltr'><strong>tatio</strong></span> <span class='ocrx_word' id='word_1_265' title='bbox 301 1963 328 1985; x_wconf 90' lang='lat' dir='ltr'><strong>et</strong></span> <span class='ocrx_word' id='word_1_266' title='bbox 346 1959 450 1987; x_wconf 74' lang='lat' dir='ltr'><strong>laetitia.</strong></span> 
     </span>
    </p>
   </div>
   <div class='ocr_carea' id='block_1_40' title="bbox 253 2003 1008 2042">
    <p class='ocr_par' dir='ltr' id='par_1_40' title="bbox 253 2003 1008 2042">
     <span class='ocr_line' id='line_1_40' title="bbox 253 2003 1008 2042; baseline 0.008 -12"><span class='ocrx_word' id='word_1_267' title='bbox 253 2003 324 2031; x_wconf 73' lang='lat' dir='ltr'><strong>XXI.</strong></span> <span class='ocrx_word' id='word_1_268' title='bbox 340 2004 528 2040; x_wconf 83' lang='lat' dir='ltr'><strong>Interrogatio.</strong></span> <span class='ocrx_word' id='word_1_269' title='bbox 550 2005 645 2033; x_wconf 83' lang='lat' dir='ltr'><strong>Verum</strong></span> <span class='ocrx_word' id='word_1_270' title='bbox 665 2015 726 2035; x_wconf 83' lang='lat' dir='ltr'><strong>cum</strong></span> <span class='ocrx_word' id='word_1_271' title='bbox 745 2008 846 2042; x_wconf 77' lang='lat' dir='ltr'><strong>fruetus</strong></span> <span class='ocrx_word' id='word_1_272' title='bbox 871 2009 1008 2036; x_wconf 76' lang='lat' dir='ltr'><strong>naturales</strong></span> 
     </span>
    </p>
   </div>
   <div class='ocr_carea' id='block_1_41' title="bbox 215 2049 1009 2089">
    <p class='ocr_par' dir='ltr' id='par_1_41' title="bbox 215 2049 1009 2089">
     <span class='ocr_line' id='line_1_41' title="bbox 215 2049 1009 2089; baseline 0.01 -14"><span class='ocrx_word' id='word_1_273' title='bbox 215 2050 268 2076; x_wconf 73' lang='lat' dir='ltr'><strong>sint</strong></span> <span class='ocrx_word' id='word_1_274' title='bbox 282 2049 375 2077; x_wconf 86' lang='lat' dir='ltr'><strong>horum</strong></span> <span class='ocrx_word' id='word_1_275' title='bbox 392 2051 500 2083; x_wconf 72' lang='lat' dir='ltr'><strong>similes,</strong></span> <span class='ocrx_word' id='word_1_276' title='bbox 520 2051 587 2086; x_wconf 74' lang='lat' dir='ltr'><strong>ﬁdes</strong></span> <span class='ocrx_word' id='word_1_277' title='bbox 599 2053 725 2080; x_wconf 84' lang='lat' dir='ltr'><strong>nimirum</strong></span> <span class='ocrx_word' id='word_1_278' title='bbox 755 2059 779 2080; x_wconf 82' lang='lat' dir='ltr'><strong>et</strong></span> <span class='ocrx_word' id='word_1_279' title='bbox 803 2056 930 2089; x_wconf 79' lang='lat' dir='ltr'><strong>precatio,</strong></span> <span class='ocrx_word' id='word_1_280' title='bbox 941 2056 1009 2083; x_wconf 83' lang='lat' dir='ltr'><strong>edis-</strong></span> 
     </span>
    </p>
   </div>
   <div class='ocr_carea' id='block_1_42' title="bbox 214 2096 1008 2135">
    <p class='ocr_par' dir='ltr' id='par_1_42' title="bbox 214 2096 1008 2135">
     <span class='ocr_line' id='line_1_42' title="bbox 214 2096 1008 2135; baseline 0.009 -14"><span class='ocrx_word' id='word_1_281' title='bbox 214 2103 274 2122; x_wconf 71' lang='lat' dir='ltr'><strong>sere</strong></span> <span class='ocrx_word' id='word_1_282' title='bbox 301 2096 373 2122; x_wconf 81' lang='lat' dir='ltr'><strong>nobis</strong></span> <span class='ocrx_word' id='word_1_283' title='bbox 399 2097 529 2131; x_wconf 81' lang='lat' dir='ltr'><strong>quomodo</strong></span> <span class='ocrx_word' id='word_1_284' title='bbox 553 2106 581 2124; x_wconf 79' lang='lat' dir='ltr'><strong>se</strong></span> <span class='ocrx_word' id='word_1_285' title='bbox 595 2099 709 2126; x_wconf 86' lang='lat' dir='ltr'><strong>habeant</strong></span> <span class='ocrx_word' id='word_1_286' title='bbox 724 2100 873 2133; x_wconf 82' lang='lat' dir='ltr'><strong>naturalia,</strong></span> <span class='ocrx_word' id='word_1_287' title='bbox 896 2105 920 2128; x_wconf 77' lang='lat' dir='ltr'><strong>et</strong></span> <span class='ocrx_word' id='word_1_288' title='bbox 941 2109 1008 2135; x_wconf 83' lang='lat' dir='ltr'><strong>quo-</strong></span> 
     </span>
    </p>
   </div>
   <div class='ocr_carea' id='block_1_43' title="bbox 216 2141 493 2176">
    <p class='ocr_par' dir='ltr' id='par_1_43' title="bbox 216 2141 493 2176">
     <span class='ocr_line' id='line_1_43' title="bbox 216 2141 493 2176; baseline 0.007 -9"><span class='ocrx_word' id='word_1_289' title='bbox 216 2142 293 2168; x_wconf 87' lang='lat' dir='ltr'><strong>modo</strong></span> <span class='ocrx_word' id='word_1_290' title='bbox 315 2141 469 2176; x_wconf 76' lang='lat' dir='ltr'><strong>spiritualia</strong></span> <span class='ocrx_word' id='word_1_291' title='bbox 480 2142 493 2168; x_wconf 81' lang='lat'><strong><em>?</em></strong></span> 
     </span>
    </p>
   </div>
   <div class='ocr_carea' id='block_1_44' title="bbox 253 2185 1007 2226">
    <p class='ocr_par' dir='ltr' id='par_1_44' title="bbox 253 2185 1007 2226">
     <span class='ocr_line' id='line_1_44' title="bbox 253 2185 1007 2226; baseline 0.009 -14"><span class='ocrx_word' id='word_1_292' title='bbox 253 2185 405 2221; x_wconf 77' lang='lat' dir='ltr'><strong>Responsio.</strong></span> <span class='ocrx_word' id='word_1_293' title='bbox 424 2187 472 2220; x_wconf 85' lang='lat' dir='ltr'><strong>Ea,</strong></span> <span class='ocrx_word' id='word_1_294' title='bbox 486 2195 549 2222; x_wconf 65' lang='lat' dir='ltr'><strong>qua:</strong></span> <span class='ocrx_word' id='word_1_295' title='bbox 572 2191 598 2215; x_wconf 91' lang='lat' dir='ltr'><strong>te</strong></span> <span class='ocrx_word' id='word_1_296' title='bbox 614 2188 672 2222; x_wconf 92' lang='lat' dir='ltr'><strong>ipso</strong></span> <span class='ocrx_word' id='word_1_297' title='bbox 683 2193 796 2217; x_wconf 88' lang='lat' dir='ltr'><strong>auctore</strong></span> <span class='ocrx_word' id='word_1_298' title='bbox 811 2190 879 2226; x_wconf 75' lang='lat' dir='ltr'><strong>agis,</strong></span> <span class='ocrx_word' id='word_1_299' title='bbox 893 2191 1007 2219; x_wconf 88' lang='lat' dir='ltr'><strong>honesta</strong></span> 
     </span>
    </p>
   </div>
   <div class='ocr_carea' id='block_1_45' title="bbox 1072 264 1861 307">
    <p class='ocr_par' dir='ltr' id='par_1_45' title="bbox 1072 264 1861 307">
     <span class='ocr_line' id='line_1_45' title="bbox 1072 264 1861 307; baseline 0.014 -17"><span class='ocrx_word' id='word_1_300' title='bbox 1072 264 1212 300; x_wconf 85' lang='grc' dir='ltr'>βασιλείαν</span> <span class='ocrx_word' id='word_1_301' title='bbox 1228 266 1323 294; x_wconf 80' lang='grc' dir='ltr'>αὑτοῦ.</span> <span class='ocrx_word' id='word_1_302' title='bbox 1339 267 1385 302; x_wconf 85' lang='grc' dir='ltr'>Τῷ</span> <span class='ocrx_word' id='word_1_303' title='bbox 1404 268 1459 304; x_wconf 85' lang='grc' dir='ltr'><strong>γὰρ</strong></span> <span class='ocrx_word' id='word_1_304' title='bbox 1476 269 1537 305; x_wconf 87' lang='grc' dir='ltr'><strong>Θεῷ</strong></span> <span class='ocrx_word' id='word_1_305' title='bbox 1550 271 1579 298; x_wconf 89' lang='grc' dir='ltr'><strong>ἐν</strong></span> <span class='ocrx_word' id='word_1_306' title='bbox 1595 272 1666 307; x_wconf 79' lang='grc' dir='ltr'>ῥοπῇ</span> <span class='ocrx_word' id='word_1_307' title='bbox 1687 271 1762 307; x_wconf 84' lang='grc' dir='ltr'>ὥρας</span> <span class='ocrx_word' id='word_1_308' title='bbox 1772 273 1861 302; x_wconf 79' lang='grc' dir='ltr'>πάντα</span> 
     </span>
    </p>
   </div>
   <div class='ocr_carea' id='block_1_46' title="bbox 1069 311 1860 354">
    <p class='ocr_par' dir='ltr' id='par_1_46' title="bbox 1069 311 1860 354">
     <span class='ocr_line' id='line_1_46' title="bbox 1069 311 1860 354; baseline 0.011 -17"><span class='ocrx_word' id='word_1_309' title='bbox 1069 311 1169 346; x_wconf 79' lang='grc' dir='ltr'>εὐχερῆ</span> <span class='ocrx_word' id='word_1_310' title='bbox 1191 312 1250 338; x_wconf 78' lang='grc' dir='ltr'>ἐστι</span> <span class='ocrx_word' id='word_1_311' title='bbox 1269 314 1391 348; x_wconf 84' lang='grc' dir='ltr'>ποιῆσαι,</span> <span class='ocrx_word' id='word_1_312' title='bbox 1418 314 1500 349; x_wconf 82' lang='grc' dir='ltr'>μόνον</span> <span class='ocrx_word' id='word_1_313' title='bbox 1523 316 1568 343; x_wconf 85' lang='grc' dir='ltr'>ἵνα</span> <span class='ocrx_word' id='word_1_314' title='bbox 1580 316 1630 352; x_wconf 86' lang='grc' dir='ltr'>τὴν</span> <span class='ocrx_word' id='word_1_315' title='bbox 1658 317 1771 354; x_wconf 82' lang='grc' dir='ltr'><strong>ἀγάπην</strong></span> <span class='ocrx_word' id='word_1_316' title='bbox 1794 319 1860 354; x_wconf 75' lang='grc' dir='ltr'><strong>ἔχῃς</strong></span> 
     </span>
    </p>
   </div>
   <div class='ocr_carea' id='block_1_47' title="bbox 1071 357 1860 400">
    <p class='ocr_par' dir='ltr' id='par_1_47' title="bbox 1071 357 1860 400">
     <span class='ocr_line' id='line_1_47' title="bbox 1071 357 1860 400; baseline 0.011 -17"><span class='ocrx_word' id='word_1_317' title='bbox 1071 357 1139 392; x_wconf 84' lang='grc' dir='ltr'>πρὸς</span> <span class='ocrx_word' id='word_1_318' title='bbox 1157 358 1251 385; x_wconf 85' lang='grc' dir='ltr'>αὐτόν.</span> <span class='ocrx_word' id='word_1_319' title='bbox 1278 359 1382 394; x_wconf 79' lang='grc' dir='ltr'>Χρῄζει</span> <span class='ocrx_word' id='word_1_320' title='bbox 1401 361 1456 396; x_wconf 88' lang='grc' dir='ltr'>γὰρ</span> <span class='ocrx_word' id='word_1_321' title='bbox 1479 362 1494 388; x_wconf 83' lang='grc' dir='ltr'>ὁ</span> <span class='ocrx_word' id='word_1_322' title='bbox 1507 361 1574 394; x_wconf 87' lang='grc' dir='ltr'><strong>Θεὸς</strong></span> <span class='ocrx_word' id='word_1_323' title='bbox 1594 363 1644 398; x_wconf 84' lang='grc' dir='ltr'>τῆς</span> <span class='ocrx_word' id='word_1_324' title='bbox 1665 364 1797 400; x_wconf 78' lang='grc' dir='ltr'><strong>ἐργασίας</strong></span> <span class='ocrx_word' id='word_1_325' title='bbox 1812 365 1860 392; x_wconf 79' lang='grc' dir='ltr'>τοῦ</span> 
     </span>
    </p>
   </div>
   <div class='ocr_carea' id='block_1_48' title="bbox 1069 402 1860 445">
    <p class='ocr_par' dir='ltr' id='par_1_48' title="bbox 1069 402 1860 445">
     <span class='ocr_line' id='line_1_48' title="bbox 1069 402 1860 445; baseline 0.011 -17"><span class='ocrx_word' id='word_1_326' title='bbox 1069 402 1226 437; x_wconf 85' lang='grc' dir='ltr'>ἀνθρώπου,</span> <span class='ocrx_word' id='word_1_327' title='bbox 1244 404 1338 440; x_wconf 85' lang='grc' dir='ltr'>ἐπειδὴ</span> <span class='ocrx_word' id='word_1_328' title='bbox 1355 407 1504 442; x_wconf 85' lang='grc' dir='ltr'>κοινωνική</span> <span class='ocrx_word' id='word_1_329' title='bbox 1516 408 1591 435; x_wconf 88' lang='grc' dir='ltr'>ἐστιν</span> <span class='ocrx_word' id='word_1_330' title='bbox 1611 409 1629 445; x_wconf 85' lang='grc' dir='ltr'><strong>ἡ</strong></span> <span class='ocrx_word' id='word_1_331' title='bbox 1641 409 1715 445; x_wconf 81' lang='grc' dir='ltr'>ψυχὴ</span> <span class='ocrx_word' id='word_1_332' title='bbox 1737 410 1787 445; x_wconf 79' lang='grc' dir='ltr'>τῆς</span> <span class='ocrx_word' id='word_1_333' title='bbox 1801 410 1860 437; x_wconf 83' lang='grc' dir='ltr'>θεό-</span> 
     </span>
    </p>
   </div>
   <div class='ocr_carea' id='block_1_49' title="bbox 1068 457 1159 484">
    <p class='ocr_par' dir='ltr' id='par_1_49' title="bbox 1068 457 1159 484">
     <span class='ocr_line' id='line_1_49' title="bbox 1068 457 1159 484; baseline 0.011 -9"><span class='ocrx_word' id='word_1_334' title='bbox 1068 457 1159 484; x_wconf 84' lang='grc' dir='ltr'>τητος.</span> 
     </span>
    </p>
   </div>
   <div class='ocr_carea' id='block_1_50' title="bbox 1104 494 1858 538">
    <p class='ocr_par' dir='ltr' id='par_1_50' title="bbox 1104 494 1858 538">
     <span class='ocr_line' id='line_1_50' title="bbox 1104 494 1858 538; baseline 0.012 -17"><span class='ocrx_word' id='word_1_335' title='bbox 1104 494 1156 525; x_wconf 75' lang='grc'><strong>18⁷,</strong></span> <span class='ocrx_word' id='word_1_336' title='bbox 1172 496 1228 524; x_wconf 77' lang='grc' dir='ltr'><strong>Καὶ</strong></span> <span class='ocrx_word' id='word_1_337' title='bbox 1242 497 1335 530; x_wconf 85' lang='grc' dir='ltr'>καθὼς</span> <span class='ocrx_word' id='word_1_338' title='bbox 1350 498 1482 531; x_wconf 82' lang='grc' dir='ltr'><strong>πολλάκις</strong></span> <span class='ocrx_word' id='word_1_339' title='bbox 1500 499 1615 535; x_wconf 73' lang='grc' dir='ltr'>εἴπομεν</span> <span class='ocrx_word' id='word_1_340' title='bbox 1630 501 1682 536; x_wconf 84' lang='grc' dir='ltr'><strong>τὴν</strong></span> <span class='ocrx_word' id='word_1_341' title='bbox 1699 502 1858 538; x_wconf 79' lang='grc' dir='ltr'>παραϐολὴν</span> 
     </span>
    </p>
   </div>
   <div class='ocr_carea' id='block_1_51' title="bbox 1067 538 1858 583">
    <p class='ocr_par' dir='ltr' id='par_1_51' title="bbox 1067 538 1858 583">
     <span class='ocr_line' id='line_1_51' title="bbox 1067 538 1858 583; baseline 0.01 -16"><span class='ocrx_word' id='word_1_342' title='bbox 1067 541 1115 568; x_wconf 80' lang='grc' dir='ltr'>τοῦ</span> <span class='ocrx_word' id='word_1_343' title='bbox 1129 538 1265 577; x_wconf 79' lang='grc' dir='ltr'>γεώργοῦ.</span> <span class='ocrx_word' id='word_1_344' title='bbox 1281 543 1323 570; x_wconf 81' lang='grc' dir='ltr'>ὅτι</span> <span class='ocrx_word' id='word_1_345' title='bbox 1343 544 1441 579; x_wconf 87' lang='grc' dir='ltr'>καμὼν</span> <span class='ocrx_word' id='word_1_346' title='bbox 1458 545 1506 572; x_wconf 77' lang='grc' dir='ltr'>καὶ</span> <span class='ocrx_word' id='word_1_347' title='bbox 1525 545 1615 581; x_wconf 85' lang='grc' dir='ltr'>βαλὼν</span> <span class='ocrx_word' id='word_1_348' title='bbox 1637 547 1683 574; x_wconf 78' lang='grc' dir='ltr'>τδν</span> <span class='ocrx_word' id='word_1_349' title='bbox 1710 548 1810 583; x_wconf 82' lang='grc' dir='ltr'><strong>σπόρον</strong></span> <span class='ocrx_word' id='word_1_350' title='bbox 1827 549 1858 575; x_wconf 86' lang='grc' dir='ltr'><strong>ἐν</strong></span> 
     </span>
    </p>
   </div>
   <div class='ocr_carea' id='block_1_52' title="bbox 1066 587 1856 623">
    <p class='ocr_par' dir='ltr' id='par_1_52' title="bbox 1066 587 1856 623">
     <span class='ocr_line' id='line_1_52' title="bbox 1066 587 1856 623; baseline 0.013 -11"><span class='ocrx_word' id='word_1_351' title='bbox 1066 587 1099 622; x_wconf 82' lang='grc' dir='ltr'><strong>τῇ</strong></span> <span class='ocrx_word' id='word_1_352' title='bbox 1124 588 1171 623; x_wconf 82' lang='grc' dir='ltr'>γῇ,</span> <span class='ocrx_word' id='word_1_353' title='bbox 1187 587 1289 623; x_wconf 79' lang='grc' dir='ltr'><strong>ὀφείλει</strong></span> <span class='ocrx_word' id='word_1_354' title='bbox 1307 589 1468 623; x_wconf 80' lang='grc' dir='ltr'>ἐκδέξασθαι</span> <span class='ocrx_word' id='word_1_355' title='bbox 1483 592 1531 618; x_wconf 82' lang='grc' dir='ltr'>καὶ</span> <span class='ocrx_word' id='word_1_356' title='bbox 1556 593 1603 619; x_wconf 80' lang='grc' dir='ltr'>τὸν</span> <span class='ocrx_word' id='word_1_357' title='bbox 1635 592 1740 621; x_wconf 84' lang='grc' dir='ltr'>ἀνωθεν</span> <span class='ocrx_word' id='word_1_358' title='bbox 1767 595 1856 622; x_wconf 82' lang='grc' dir='ltr'>ὑετόν.</span> 
     </span>
    </p>
   </div>
   <div class='ocr_carea' id='block_1_53' title="bbox 1072 632 1856 674">
    <p class='ocr_par' dir='ltr' id='par_1_53' title="bbox 1072 632 1856 674">
     <span class='ocr_line' id='line_1_53' title="bbox 1072 632 1856 674; baseline 0.011 -15"><span class='ocrx_word' id='word_1_359' title='bbox 1072 632 1136 660; x_wconf 82' lang='grc' dir='ltr'>Ἐὰν</span> <span class='ocrx_word' id='word_1_360' title='bbox 1151 633 1206 669; x_wconf 89' lang='grc' dir='ltr'>γὰρ</span> <span class='ocrx_word' id='word_1_361' title='bbox 1225 633 1263 670; x_wconf 84' lang='grc' dir='ltr'>μὴ</span> <span class='ocrx_word' id='word_1_362' title='bbox 1280 635 1400 672; x_wconf 78' lang='grc' dir='ltr'>ἐπιφανῇ</span> <span class='ocrx_word' id='word_1_363' title='bbox 1417 636 1486 672; x_wconf 84' lang='grc' dir='ltr'>νέφη</span> <span class='ocrx_word' id='word_1_364' title='bbox 1505 637 1554 664; x_wconf 75' lang='grc' dir='ltr'>καὶ</span> <span class='ocrx_word' id='word_1_365' title='bbox 1573 637 1670 674; x_wconf 78' lang='grc' dir='ltr'>ἄνεμοι</span> <span class='ocrx_word' id='word_1_366' title='bbox 1692 639 1856 673; x_wconf 84' lang='grc' dir='ltr'>πνεύσωσιν,</span> 
     </span>
    </p>
   </div>
   <div class='ocr_carea' id='block_1_54' title="bbox 1065 679 1856 722">
    <p class='ocr_par' dir='ltr' id='par_1_54' title="bbox 1065 679 1856 722">
     <span class='ocr_line' id='line_1_54' title="bbox 1065 679 1856 722; baseline 0.01 -17"><span class='ocrx_word' id='word_1_367' title='bbox 1065 679 1142 706; x_wconf 82' lang='grc' dir='ltr'>οὐδὲν</span> <span class='ocrx_word' id='word_1_368' title='bbox 1171 679 1312 715; x_wconf 81' lang='grc' dir='ltr'><strong>ὠφέλησεν</strong></span> <span class='ocrx_word' id='word_1_369' title='bbox 1335 681 1350 707; x_wconf 82' lang='grc' dir='ltr'>ὁ</span> <span class='ocrx_word' id='word_1_370' title='bbox 1369 681 1493 716; x_wconf 86' lang='grc' dir='ltr'>κάματος</span> <span class='ocrx_word' id='word_1_371' title='bbox 1517 683 1565 710; x_wconf 81' lang='grc' dir='ltr'>τοῦ</span> <span class='ocrx_word' id='word_1_372' title='bbox 1594 685 1717 720; x_wconf 78' lang='grc' dir='ltr'><strong>γεωργοῦ</strong></span> <span class='ocrx_word' id='word_1_373' title='bbox 1732 694 1740 702; x_wconf 80' lang='grc'><strong>”</strong></span> <span class='ocrx_word' id='word_1_374' title='bbox 1768 687 1783 713; x_wconf 83' lang='grc' dir='ltr'><strong><em>ὁ</em></strong></span> <span class='ocrx_word' id='word_1_375' title='bbox 1801 687 1856 722; x_wconf 83' lang='grc' dir='ltr'><strong>γὰρ</strong></span> 
     </span>
    </p>
   </div>
   <div class='ocr_carea' id='block_1_55' title="bbox 1066 725 1856 763">
    <p class='ocr_par' dir='ltr' id='par_1_55' title="bbox 1066 725 1856 763">
     <span class='ocr_line' id='line_1_55' title="bbox 1066 725 1856 763; baseline 0.01 -12"><span class='ocrx_word' id='word_1_376' title='bbox 1066 725 1167 759; x_wconf 83' lang='grc' dir='ltr'><strong>σπόρος</strong></span> <span class='ocrx_word' id='word_1_377' title='bbox 1180 726 1283 761; x_wconf 82' lang='grc' dir='ltr'>γυμνὸς</span> <span class='ocrx_word' id='word_1_378' title='bbox 1298 726 1442 754; x_wconf 76' lang='grc' dir='ltr'>ὑπόκειται</span> <span class='ocrx_word' id='word_1_379' title='bbox 1456 735 1463 742; x_wconf 95' lang='grc'><strong>·</strong></span> <span class='ocrx_word' id='word_1_380' title='bbox 1479 728 1559 755; x_wconf 80' lang='grc' dir='ltr'>τοῦτο</span> <span class='ocrx_word' id='word_1_381' title='bbox 1577 730 1693 757; x_wconf 78' lang='grc' dir='ltr'>ἀνέλαϐε</span> <span class='ocrx_word' id='word_1_382' title='bbox 1709 732 1756 758; x_wconf 77' lang='grc' dir='ltr'>καὶ</span> <span class='ocrx_word' id='word_1_383' title='bbox 1769 733 1810 763; x_wconf 85' lang='grc' dir='ltr'><strong>είς</strong></span> <span class='ocrx_word' id='word_1_384' title='bbox 1824 732 1856 759; x_wconf 77' lang='grc' dir='ltr'><strong>τὺ</strong></span> 
     </span>
    </p>
   </div>
   <div class='ocr_carea' id='block_1_56' title="bbox 1067 771 1855 812">
    <p class='ocr_par' dir='ltr' id='par_1_56' title="bbox 1067 771 1855 812">
     <span class='ocr_line' id='line_1_56' title="bbox 1067 771 1855 812; baseline 0.011 -16"><span class='ocrx_word' id='word_1_385' title='bbox 1067 771 1271 805; x_wconf 73' lang='grc' dir='ltr'><strong>πνευματικόν⁴</strong></span> <span class='ocrx_word' id='word_1_386' title='bbox 1301 772 1349 798; x_wconf 89' lang='grc' dir='ltr'><strong>ἐὰν</strong></span> <span class='ocrx_word' id='word_1_387' title='bbox 1373 773 1453 808; x_wconf 85' lang='grc' dir='ltr'>μόνον</span> <span class='ocrx_word' id='word_1_388' title='bbox 1475 774 1504 800; x_wconf 88' lang='grc' dir='ltr'><strong>ἐν</strong></span> <span class='ocrx_word' id='word_1_389' title='bbox 1522 775 1555 809; x_wconf 79' lang='grc' dir='ltr'>τῇ</span> <span class='ocrx_word' id='word_1_390' title='bbox 1581 774 1634 811; x_wconf 70' lang='lat' dir='ltr'><strong>[Bia</strong></span> <span class='ocrx_word' id='word_1_391' title='bbox 1649 776 1767 812; x_wconf 73' lang='grc' dir='ltr'>ἐργασίᾳ.</span> <span class='ocrx_word' id='word_1_392' title='bbox 1785 777 1855 804; x_wconf 82' lang='grc' dir='ltr'>ἀπο-</span> 
     </span>
    </p>
   </div>
   <div class='ocr_carea' id='block_1_57' title="bbox 1067 816 1856 858">
    <p class='ocr_par' dir='ltr' id='par_1_57' title="bbox 1067 816 1856 858">
     <span class='ocr_line' id='line_1_57' title="bbox 1067 816 1856 858; baseline 0.011 -16"><span class='ocrx_word' id='word_1_393' title='bbox 1067 816 1145 852; x_wconf 87' lang='grc' dir='ltr'>μείνῃ</span> <span class='ocrx_word' id='word_1_394' title='bbox 1161 817 1175 843; x_wconf 83' lang='grc' dir='ltr'>ὁ</span> <span class='ocrx_word' id='word_1_395' title='bbox 1189 817 1343 853; x_wconf 77' lang='grc' dir='ltr'>ἄνθρωπος.</span> <span class='ocrx_word' id='word_1_396' title='bbox 1358 819 1406 846; x_wconf 79' lang='grc' dir='ltr'>καὶ</span> <span class='ocrx_word' id='word_1_397' title='bbox 1421 819 1459 855; x_wconf 79' lang='grc' dir='ltr'>μὴ</span> <span class='ocrx_word' id='word_1_398' title='bbox 1480 820 1638 856; x_wconf 82' lang='grc' dir='ltr'>ἐπιδέξηταί</span> <span class='ocrx_word' id='word_1_399' title='bbox 1659 831 1686 849; x_wconf 78' lang='grc' dir='ltr'><strong>τι</strong></span> <span class='ocrx_word' id='word_1_400' title='bbox 1714 821 1789 856; x_wconf 67' lang='grc' dir='ltr'>ξέναν</span> <span class='ocrx_word' id='word_1_401' title='bbox 1806 823 1856 858; x_wconf 85' lang='grc' dir='ltr'><strong>τῆς</strong></span> 
     </span>
    </p>
   </div>
   <div class='ocr_carea' id='block_1_58' title="bbox 1066 863 1855 905">
    <p class='ocr_par' dir='ltr' id='par_1_58' title="bbox 1066 863 1855 905">
     <span class='ocr_line' id='line_1_58' title="bbox 1066 863 1855 905; baseline 0.011 -17"><span class='ocrx_word' id='word_1_402' title='bbox 1066 863 1176 896; x_wconf 78' lang='grc' dir='ltr'>φύσεως</span> <span class='ocrx_word' id='word_1_403' title='bbox 1189 863 1283 896; x_wconf 82' lang='grc' dir='ltr'>αὑτοῦ,</span> <span class='ocrx_word' id='word_1_404' title='bbox 1296 864 1327 891; x_wconf 88' lang='grc' dir='ltr'>οὺ</span> <span class='ocrx_word' id='word_1_405' title='bbox 1339 864 1451 893; x_wconf 87' lang='grc' dir='ltr'>δύναται</span> <span class='ocrx_word' id='word_1_406' title='bbox 1464 867 1588 902; x_wconf 77' lang='grc' dir='ltr'>καρποὺς</span> <span class='ocrx_word' id='word_1_407' title='bbox 1602 868 1694 901; x_wconf 79' lang='grc' dir='ltr'><strong>ἀξίους</strong></span> <span class='ocrx_word' id='word_1_408' title='bbox 1704 869 1742 904; x_wconf 83' lang='grc' dir='ltr'>τῷ</span> <span class='ocrx_word' id='word_1_409' title='bbox 1759 869 1855 905; x_wconf 81' lang='grc' dir='ltr'>Κυρίῳ</span> 
     </span>
    </p>
   </div>
   <div class='ocr_carea' id='block_1_59' title="bbox 1064 907 1853 951">
    <p class='ocr_par' dir='ltr' id='par_1_59' title="bbox 1064 907 1853 951">
     <span class='ocr_line' id='line_1_59' title="bbox 1064 907 1853 951; baseline 0.013 -18"><span class='ocrx_word' id='word_1_410' title='bbox 1064 907 1223 935; x_wconf 82' lang='grc' dir='ltr'>ἀποδοῦναι.</span> <span class='ocrx_word' id='word_1_411' title='bbox 1241 909 1273 935; x_wconf 90' lang='grc' dir='ltr'>Τί</span> <span class='ocrx_word' id='word_1_412' title='bbox 1288 910 1317 936; x_wconf 83' lang='grc' dir='ltr'>δέ</span> <span class='ocrx_word' id='word_1_413' title='bbox 1340 910 1415 938; x_wconf 78' lang='grc' dir='ltr'>ἐστιν</span> <span class='ocrx_word' id='word_1_414' title='bbox 1439 912 1455 946; x_wconf 81' lang='grc' dir='ltr'>ἡ</span> <span class='ocrx_word' id='word_1_415' title='bbox 1483 913 1602 947; x_wconf 78' lang='grc' dir='ltr'>ἐργασία</span> <span class='ocrx_word' id='word_1_416' title='bbox 1617 914 1665 940; x_wconf 84' lang='grc' dir='ltr'><strong>τοῦ</strong></span> <span class='ocrx_word' id='word_1_417' title='bbox 1689 915 1853 951; x_wconf 71' lang='grc' dir='ltr'>ἀνθρώπους</span> 
     </span>
    </p>
   </div>
   <div class='ocr_carea' id='block_1_60' title="bbox 1063 953 1855 996">
    <p class='ocr_par' dir='ltr' id='par_1_60' title="bbox 1063 953 1855 996">
     <span class='ocr_line' id='line_1_60' title="bbox 1063 953 1855 996; baseline 0.011 -17"><span class='ocrx_word' id='word_1_418' title='bbox 1063 953 1100 980; x_wconf 86' lang='grc' dir='ltr'><strong>Τὸ</strong></span> <span class='ocrx_word' id='word_1_419' title='bbox 1114 954 1320 989; x_wconf 80' lang='grc' dir='ltr'>ἀποτάξασθαι,</span> <span class='ocrx_word' id='word_1_420' title='bbox 1346 956 1376 982; x_wconf 74' lang='grc' dir='ltr'><strong>τὸ</strong></span> <span class='ocrx_word' id='word_1_421' title='bbox 1400 956 1518 990; x_wconf 75' lang='grc' dir='ltr'>ἐξελθεῖν</span> <span class='ocrx_word' id='word_1_422' title='bbox 1537 959 1570 986; x_wconf 82' lang='grc' dir='ltr'><strong>ἐκ</strong></span> <span class='ocrx_word' id='word_1_423' title='bbox 1598 959 1646 986; x_wconf 81' lang='grc' dir='ltr'>τοῦ</span> <span class='ocrx_word' id='word_1_424' title='bbox 1680 960 1796 996; x_wconf 82' lang='grc' dir='ltr'>κόσμου,</span> <span class='ocrx_word' id='word_1_425' title='bbox 1823 961 1855 988; x_wconf 82' lang='grc' dir='ltr'><strong>τὺ</strong></span> 
     </span>
    </p>
   </div>
   <div class='ocr_carea' id='block_1_61' title="bbox 1063 998 1855 1041">
    <p class='ocr_par' dir='ltr' id='par_1_61' title="bbox 1063 998 1855 1041">
     <span class='ocr_line' id='line_1_61' title="bbox 1063 998 1855 1041; baseline 0.013 -18"><span class='ocrx_word' id='word_1_426' title='bbox 1063 998 1210 1033; x_wconf 82' lang='grc' dir='ltr'>ὑπομένειν</span> <span class='ocrx_word' id='word_1_427' title='bbox 1225 1000 1255 1026; x_wconf 83' lang='lat' dir='ltr'><strong>tv</strong></span> <span class='ocrx_word' id='word_1_428' title='bbox 1270 1001 1302 1036; x_wconf 81' lang='grc' dir='ltr'><strong>τῇ</strong></span> <span class='ocrx_word' id='word_1_429' title='bbox 1324 1001 1402 1037; x_wconf 78' lang='grc' dir='ltr'>εὐχῇ,</span> <span class='ocrx_word' id='word_1_430' title='bbox 1418 1002 1449 1029; x_wconf 87' lang='grc' dir='ltr'>τδ</span> <span class='ocrx_word' id='word_1_431' title='bbox 1462 1003 1623 1039; x_wconf 83' lang='grc' dir='ltr'>ἀγρυπνεῖν,</span> <span class='ocrx_word' id='word_1_432' title='bbox 1638 1005 1670 1032; x_wconf 83' lang='grc' dir='ltr'>τὸ</span> <span class='ocrx_word' id='word_1_433' title='bbox 1684 1005 1794 1041; x_wconf 80' lang='grc' dir='ltr'>ἀγαπᾷν</span> <span class='ocrx_word' id='word_1_434' title='bbox 1807 1006 1855 1033; x_wconf 78' lang='grc' dir='ltr'>τὸν</span> 
     </span>
    </p>
   </div>
   <div class='ocr_carea' id='block_1_62' title="bbox 1062 1043 1854 1086">
    <p class='ocr_par' dir='ltr' id='par_1_62' title="bbox 1062 1043 1854 1086">
     <span class='ocr_line' id='line_1_62' title="bbox 1062 1043 1854 1086; baseline 0.013 -17"><span class='ocrx_word' id='word_1_435' title='bbox 1062 1043 1129 1070; x_wconf 83' lang='grc' dir='ltr'>Θεὸν</span> <span class='ocrx_word' id='word_1_436' title='bbox 1165 1045 1213 1072; x_wconf 77' lang='grc' dir='ltr'>καὶ</span> <span class='ocrx_word' id='word_1_437' title='bbox 1239 1046 1304 1078; x_wconf 82' lang='grc' dir='ltr'>τοὺς</span> <span class='ocrx_word' id='word_1_438' title='bbox 1332 1047 1476 1082; x_wconf 79' lang='grc' dir='ltr'>ἀδελφούς.</span> <span class='ocrx_word' id='word_1_439' title='bbox 1506 1049 1593 1077; x_wconf 83' lang='grc' dir='ltr'>Τοῦτο</span> <span class='ocrx_word' id='word_1_440' title='bbox 1615 1050 1680 1077; x_wconf 81' lang='grc' dir='ltr'>ίδιον</span> <span class='ocrx_word' id='word_1_441' title='bbox 1707 1051 1854 1086; x_wconf 82' lang='grc' dir='ltr'>ὑπομένειν</span> 
     </span>
    </p>
   </div>
   <div class='ocr_carea' id='block_1_63' title="bbox 1062 1088 1854 1130">
    <p class='ocr_par' dir='ltr' id='par_1_63' title="bbox 1062 1088 1854 1130">
     <span class='ocr_line' id='line_1_63' title="bbox 1062 1088 1854 1130; baseline 0.011 -16"><span class='ocrx_word' id='word_1_442' title='bbox 1062 1088 1147 1115; x_wconf 83' lang='grc' dir='ltr'>αὐτοῦ</span> <span class='ocrx_word' id='word_1_443' title='bbox 1164 1090 1249 1117; x_wconf 83' lang='grc' dir='ltr'>ἐστιν.</span> <span class='ocrx_word' id='word_1_444' title='bbox 1270 1090 1341 1117; x_wconf 80' lang='grc' dir='ltr'>Ἀλλ’</span> <span class='ocrx_word' id='word_1_445' title='bbox 1360 1091 1408 1119; x_wconf 85' lang='grc' dir='ltr'><strong>ἐὰν</strong></span> <span class='ocrx_word' id='word_1_446' title='bbox 1421 1092 1557 1130; x_wconf 82' lang='grc' dir='ltr'>ὑπομείνῃ</span> <span class='ocrx_word' id='word_1_447' title='bbox 1569 1095 1597 1121; x_wconf 85' lang='lat' dir='ltr'><strong>tv</strong></span> <span class='ocrx_word' id='word_1_448' title='bbox 1612 1095 1645 1130; x_wconf 78' lang='grc' dir='ltr'>τῇ</span> <span class='ocrx_word' id='word_1_449' title='bbox 1662 1095 1759 1123; x_wconf 78' lang='grc' dir='ltr'>ἑαυτοῦ</span> <span class='ocrx_word' id='word_1_450' title='bbox 1771 1096 1854 1130; x_wconf 87' lang='grc' dir='ltr'>ἐργα-</span> 
     </span>
    </p>
   </div>
   <div class='ocr_carea' id='block_1_64' title="bbox 1063 1137 1853 1178">
    <p class='ocr_par' dir='ltr' id='par_1_64' title="bbox 1063 1137 1853 1178">
     <span class='ocr_line' id='line_1_64' title="bbox 1063 1137 1853 1178; baseline 0.01 -17"><span class='ocrx_word' id='word_1_451' title='bbox 1063 1137 1119 1170; x_wconf 81' lang='grc' dir='ltr'>σίᾳ,</span> <span class='ocrx_word' id='word_1_452' title='bbox 1148 1137 1195 1162; x_wconf 74' lang='grc' dir='ltr'>καὶ</span> <span class='ocrx_word' id='word_1_453' title='bbox 1224 1137 1261 1172; x_wconf 83' lang='grc' dir='ltr'>μὴ</span> <span class='ocrx_word' id='word_1_454' title='bbox 1287 1137 1386 1174; x_wconf 79' lang='grc' dir='ltr'>ἐλπίσῃ</span> <span class='ocrx_word' id='word_1_455' title='bbox 1403 1139 1467 1166; x_wconf 81' lang='grc' dir='ltr'>ἄλλο</span> <span class='ocrx_word' id='word_1_456' title='bbox 1493 1149 1519 1167; x_wconf 85' lang='grc' dir='ltr'><strong>τι</strong></span> <span class='ocrx_word' id='word_1_457' title='bbox 1539 1140 1724 1174; x_wconf 83' lang='grc' dir='ltr'>ἐπιδέξασθαι,</span> <span class='ocrx_word' id='word_1_458' title='bbox 1750 1142 1853 1178; x_wconf 78' lang='grc' dir='ltr'>καὶμὴ</span> 
     </span>
    </p>
   </div>
   <div class='ocr_carea' id='block_1_65' title="bbox 1063 1182 1852 1224">
    <p class='ocr_par' dir='ltr' id='par_1_65' title="bbox 1063 1182 1852 1224">
     <span class='ocr_line' id='line_1_65' title="bbox 1063 1182 1852 1224; baseline 0.009 -16"><span class='ocrx_word' id='word_1_459' title='bbox 1063 1182 1218 1209; x_wconf 87' lang='grc' dir='ltr'>πνεύσωσιν</span> <span class='ocrx_word' id='word_1_460' title='bbox 1229 1183 1254 1209; x_wconf 90' lang='grc' dir='ltr'>οἱ</span> <span class='ocrx_word' id='word_1_461' title='bbox 1267 1183 1362 1219; x_wconf 85' lang='grc' dir='ltr'>ἀνεμοι</span> <span class='ocrx_word' id='word_1_462' title='bbox 1379 1185 1425 1211; x_wconf 83' lang='grc' dir='ltr'>τοῦ</span> <span class='ocrx_word' id='word_1_463' title='bbox 1439 1185 1518 1219; x_wconf 82' lang='grc' dir='ltr'>ἁγίου</span> <span class='ocrx_word' id='word_1_464' title='bbox 1542 1187 1701 1222; x_wconf 85' lang='grc' dir='ltr'>Πνεύματος</span> <span class='ocrx_word' id='word_1_465' title='bbox 1714 1189 1747 1223; x_wconf 80' lang='grc' dir='ltr'><strong>τῇ</strong></span> <span class='ocrx_word' id='word_1_466' title='bbox 1767 1188 1852 1224; x_wconf 76' lang='grc' dir='ltr'>ψυχῇ,</span> 
     </span>
    </p>
   </div>
   <div class='ocr_carea' id='block_1_66' title="bbox 1014 1227 1852 1270">
    <p class='ocr_par' dir='ltr' id='par_1_66' title="bbox 1014 1227 1852 1270">
     <span class='ocr_line' id='line_1_66' title="bbox 1014 1227 1852 1270; baseline 0.008 -17"><span class='ocrx_word' id='word_1_467' title='bbox 1014 1235 1018 1238; x_wconf 75' lang='grc'><em>”</em></span> <span class='ocrx_word' id='word_1_468' title='bbox 1063 1227 1109 1254; x_wconf 78' lang='grc' dir='ltr'>καὶ</span> <span class='ocrx_word' id='word_1_469' title='bbox 1125 1227 1173 1254; x_wconf 80' lang='grc' dir='ltr'><strong>ἐὰν</strong></span> <span class='ocrx_word' id='word_1_470' title='bbox 1190 1228 1228 1264; x_wconf 85' lang='grc' dir='ltr'>μὴ</span> <span class='ocrx_word' id='word_1_471' title='bbox 1269 1230 1390 1266; x_wconf 78' lang='grc' dir='ltr'>ἐπιφανῇ</span> <span class='ocrx_word' id='word_1_472' title='bbox 1417 1231 1531 1267; x_wconf 82' lang='grc' dir='ltr'>οὐράνια</span> <span class='ocrx_word' id='word_1_473' title='bbox 1551 1232 1631 1268; x_wconf 81' lang='grc' dir='ltr'>νέφη,</span> <span class='ocrx_word' id='word_1_474' title='bbox 1661 1234 1708 1260; x_wconf 81' lang='grc' dir='ltr'>καὶ</span> <span class='ocrx_word' id='word_1_475' title='bbox 1736 1233 1852 1270; x_wconf 77' lang='grc' dir='ltr'>κατέλθῃ</span> 
     </span>
    </p>
   </div>
   <div class='ocr_carea' id='block_1_67' title="bbox 1061 1273 1852 1314">
    <p class='ocr_par' dir='ltr' id='par_1_67' title="bbox 1061 1273 1852 1314">
     <span class='ocr_line' id='line_1_67' title="bbox 1061 1273 1852 1314; baseline 0.009 -15"><span class='ocrx_word' id='word_1_476' title='bbox 1061 1273 1092 1305; x_wconf 88' lang='grc' dir='ltr'><strong>ἐξ</strong></span> <span class='ocrx_word' id='word_1_477' title='bbox 1107 1273 1222 1309; x_wconf 83' lang='grc' dir='ltr'>οὐρανοῦ</span> <span class='ocrx_word' id='word_1_478' title='bbox 1238 1274 1326 1307; x_wconf 80' lang='grc' dir='ltr'>ὑετὸς,</span> <span class='ocrx_word' id='word_1_479' title='bbox 1340 1277 1388 1302; x_wconf 81' lang='grc' dir='ltr'>καὶ</span> <span class='ocrx_word' id='word_1_480' title='bbox 1403 1277 1535 1313; x_wconf 81' lang='grc' dir='ltr'>ἐπιὸρέξῃ</span> <span class='ocrx_word' id='word_1_481' title='bbox 1553 1279 1586 1314; x_wconf 79' lang='grc' dir='ltr'>τῇ</span> <span class='ocrx_word' id='word_1_482' title='bbox 1600 1278 1686 1314; x_wconf 77' lang='grc' dir='ltr'>ψυχῇ,</span> <span class='ocrx_word' id='word_1_483' title='bbox 1698 1280 1728 1306; x_wconf 85' lang='grc' dir='ltr'>οὒ</span> <span class='ocrx_word' id='word_1_484' title='bbox 1741 1279 1852 1307; x_wconf 78' lang='grc' dir='ltr'>δύναται</span> 
     </span>
    </p>
   </div>
   <div class='ocr_carea' id='block_1_68' title="bbox 1061 1319 1816 1360">
    <p class='ocr_par' dir='ltr' id='par_1_68' title="bbox 1061 1319 1816 1360">
     <span class='ocr_line' id='line_1_68' title="bbox 1061 1319 1816 1360; baseline 0.009 -15"><span class='ocrx_word' id='word_1_485' title='bbox 1061 1319 1075 1344; x_wconf 86' lang='grc' dir='ltr'>ὁ</span> <span class='ocrx_word' id='word_1_486' title='bbox 1085 1319 1229 1354; x_wconf 76' lang='grc' dir='ltr'>ἄνθρωπος</span> <span class='ocrx_word' id='word_1_487' title='bbox 1246 1323 1370 1356; x_wconf 79' lang='grc' dir='ltr'>καρποὺς</span> <span class='ocrx_word' id='word_1_488' title='bbox 1389 1322 1482 1355; x_wconf 83' lang='grc' dir='ltr'>ἀξίους</span> <span class='ocrx_word' id='word_1_489' title='bbox 1498 1322 1642 1352; x_wconf 81' lang='grc' dir='ltr'>ἀποδοῦναι</span> <span class='ocrx_word' id='word_1_490' title='bbox 1657 1324 1696 1360; x_wconf 85' lang='grc' dir='ltr'>τῷ</span> <span class='ocrx_word' id='word_1_491' title='bbox 1711 1325 1816 1359; x_wconf 79' lang='grc' dir='ltr'>Κυρίῳ.</span> 
     </span>
    </p>
   </div>
   <div class='ocr_carea' id='block_1_69' title="bbox 1098 1366 1853 1403">
    <p class='ocr_par' dir='ltr' id='par_1_69' title="bbox 1098 1366 1853 1403">
     <span class='ocr_line' id='line_1_69' title="bbox 1098 1366 1853 1403; baseline 0.005 -11"><span class='ocrx_word' id='word_1_492' title='bbox 1098 1366 1139 1393; x_wconf 66' lang='grc' dir='ltr'><strong>ις’.</strong></span> <span class='ocrx_word' id='word_1_493' title='bbox 1158 1366 1315 1402; x_wconf 87' lang='grc' dir='ltr'>Γέγραπται</span> <span class='ocrx_word' id='word_1_494' title='bbox 1330 1368 1369 1401; x_wconf 86' lang='grc' dir='ltr'>δὲ,</span> <span class='ocrx_word' id='word_1_495' title='bbox 1382 1368 1423 1395; x_wconf 81' lang='grc' dir='ltr'>ὅτι</span> <span class='ocrx_word' id='word_1_496' title='bbox 1445 1368 1472 1395; x_wconf 82' lang='grc'><strong>’0</strong></span> <span class='ocrx_word' id='word_1_497' title='bbox 1493 1369 1622 1403; x_wconf 76' lang='grc' dir='ltr'>γεωργὸς</span> <span class='ocrx_word' id='word_1_498' title='bbox 1646 1369 1720 1396; x_wconf 85' lang='grc' dir='ltr'>ὅταν</span> <span class='ocrx_word' id='word_1_499' title='bbox 1741 1369 1791 1403; x_wconf 76' lang='grc' dir='ltr'><strong>ἴδῃ</strong></span> <span class='ocrx_word' id='word_1_500' title='bbox 1818 1369 1853 1396; x_wconf 82' lang='grc' dir='ltr'>τὸ</span> 
     </span>
    </p>
   </div>
   <div class='ocr_carea' id='block_1_70' title="bbox 1062 1410 1854 1448">
    <p class='ocr_par' dir='ltr' id='par_1_70' title="bbox 1062 1410 1854 1448">
     <span class='ocr_line' id='line_1_70' title="bbox 1062 1410 1854 1448; baseline 0.005 -10"><span class='ocrx_word' id='word_1_501' title='bbox 1062 1410 1163 1446; x_wconf 82' lang='grc' dir='ltr'>κλῆμα</span> <span class='ocrx_word' id='word_1_502' title='bbox 1171 1411 1265 1446; x_wconf 73' lang='grc' dir='ltr'>φέρον</span> <span class='ocrx_word' id='word_1_503' title='bbox 1275 1414 1404 1447; x_wconf 86' lang='grc' dir='ltr'>καρπὸν,</span> <span class='ocrx_word' id='word_1_504' title='bbox 1421 1415 1569 1448; x_wconf 78' lang='grc' dir='ltr'>καθαρίζει</span> <span class='ocrx_word' id='word_1_505' title='bbox 1583 1416 1669 1446; x_wconf 79' lang='grc' dir='ltr'>αὐτὸ,</span> <span class='ocrx_word' id='word_1_506' title='bbox 1688 1415 1738 1442; x_wconf 80' lang='grc' dir='ltr'>ἵνα</span> <span class='ocrx_word' id='word_1_507' title='bbox 1753 1415 1854 1442; x_wconf 71' lang='grc' dir='ltr'>πλείο-</span> 
     </span>
    </p>
   </div>
   <div class='ocr_carea' id='block_1_71' title="bbox 1061 1457 1852 1495">
    <p class='ocr_par' dir='ltr' id='par_1_71' title="bbox 1061 1457 1852 1495">
     <span class='ocr_line' id='line_1_71' title="bbox 1061 1457 1852 1495; baseline 0.005 -12"><span class='ocrx_word' id='word_1_508' title='bbox 1061 1465 1100 1484; x_wconf 88' lang='grc' dir='ltr'><strong>να</strong></span> <span class='ocrx_word' id='word_1_509' title='bbox 1118 1457 1264 1492; x_wconf 75' lang='grc' dir='ltr'>ἐξενέγκῃ</span> <span class='ocrx_word' id='word_1_510' title='bbox 1279 1466 1286 1473; x_wconf 75' lang='grc'><strong><em>³</em></strong></span> <span class='ocrx_word' id='word_1_511' title='bbox 1314 1458 1348 1485; x_wconf 84' lang='grc' dir='ltr'><strong>τὸ</strong></span> <span class='ocrx_word' id='word_1_512' title='bbox 1369 1459 1404 1485; x_wconf 79' lang='grc' dir='ltr'><strong>δὲ</strong></span> <span class='ocrx_word' id='word_1_513' title='bbox 1418 1459 1462 1494; x_wconf 84' lang='grc' dir='ltr'>μὴ</span> <span class='ocrx_word' id='word_1_514' title='bbox 1492 1459 1586 1494; x_wconf 69' lang='grc' dir='ltr'>φέρον</span> <span class='ocrx_word' id='word_1_515' title='bbox 1602 1461 1720 1495; x_wconf 76' lang='grc' dir='ltr'>καρπὸν</span> <span class='ocrx_word' id='word_1_516' title='bbox 1735 1460 1852 1495; x_wconf 79' lang='grc' dir='ltr'>ἐκριζοῖ,</span> 
     </span>
    </p>
   </div>
   <div class='ocr_carea' id='block_1_72' title="bbox 1062 1504 1853 1542">
    <p class='ocr_par' dir='ltr' id='par_1_72' title="bbox 1062 1504 1853 1542">
     <span class='ocr_line' id='line_1_72' title="bbox 1062 1504 1853 1542; baseline 0.005 -13"><span class='ocrx_word' id='word_1_517' title='bbox 1062 1504 1111 1530; x_wconf 77' lang='grc' dir='ltr'>καὶ</span> <span class='ocrx_word' id='word_1_518' title='bbox 1125 1505 1168 1537; x_wconf 78' lang='grc' dir='ltr'>εὶς</span> <span class='ocrx_word' id='word_1_519' title='bbox 1181 1504 1294 1532; x_wconf 84' lang='grc' dir='ltr'>καῦσιν</span> <span class='ocrx_word' id='word_1_520' title='bbox 1307 1504 1424 1534; x_wconf 82' lang='grc' dir='ltr'>δίδωσι.</span> <span class='ocrx_word' id='word_1_521' title='bbox 1459 1506 1532 1542; x_wconf 84' lang='grc' dir='ltr'>Πλὴν</span> <span class='ocrx_word' id='word_1_522' title='bbox 1546 1506 1594 1533; x_wconf 87' lang='grc' dir='ltr'>τοῦ</span> <span class='ocrx_word' id='word_1_523' title='bbox 1605 1506 1750 1542; x_wconf 83' lang='grc' dir='ltr'>ἀνθρώπου</span> <span class='ocrx_word' id='word_1_524' title='bbox 1770 1507 1853 1533; x_wconf 80' lang='grc' dir='ltr'>τοῦτό</span> 
     </span>
    </p>
   </div>
   <div class='ocr_carea' id='block_1_73' title="bbox 1063 1549 1854 1587">
    <p class='ocr_par' dir='ltr' id='par_1_73' title="bbox 1063 1549 1854 1587">
     <span class='ocr_line' id='line_1_73' title="bbox 1063 1549 1854 1587; baseline 0.004 -12"><span class='ocrx_word' id='word_1_525' title='bbox 1063 1549 1148 1581; x_wconf 85' lang='grc' dir='ltr'>ἐστιν,</span> <span class='ocrx_word' id='word_1_526' title='bbox 1169 1550 1211 1576; x_wconf 77' lang='grc' dir='ltr'>ἵνα</span> <span class='ocrx_word' id='word_1_527' title='bbox 1226 1551 1282 1577; x_wconf 76' lang='grc' dir='ltr'>εἴτε</span> <span class='ocrx_word' id='word_1_528' title='bbox 1296 1550 1449 1585; x_wconf 84' lang='grc' dir='ltr'>νηστεύσει,</span> <span class='ocrx_word' id='word_1_529' title='bbox 1465 1551 1521 1578; x_wconf 83' lang='grc' dir='ltr'>εἴτε</span> <span class='ocrx_word' id='word_1_530' title='bbox 1537 1553 1681 1587; x_wconf 82' lang='grc' dir='ltr'>ἀγρυπνεῖ,</span> <span class='ocrx_word' id='word_1_531' title='bbox 1703 1552 1758 1579; x_wconf 70' lang='lat' dir='ltr'><strong>the</strong></span> <span class='ocrx_word' id='word_1_532' title='bbox 1773 1551 1854 1587; x_wconf 81' lang='grc' dir='ltr'>εὔχε-</span> 
     </span>
    </p>
   </div>
   <div class='ocr_carea' id='block_1_74' title="bbox 1061 1596 1853 1634">
    <p class='ocr_par' dir='ltr' id='par_1_74' title="bbox 1061 1596 1853 1634">
     <span class='ocr_line' id='line_1_74' title="bbox 1061 1596 1853 1634; baseline 0.004 -12"><span class='ocrx_word' id='word_1_533' title='bbox 1061 1605 1118 1628; x_wconf 69' lang='grc' dir='ltr'>ται,</span> <span class='ocrx_word' id='word_1_534' title='bbox 1132 1596 1187 1622; x_wconf 73' lang='grc' dir='ltr'>εἴτε</span> <span class='ocrx_word' id='word_1_535' title='bbox 1204 1596 1286 1623; x_wconf 83' lang='grc' dir='ltr'>καλόν</span> <span class='ocrx_word' id='word_1_536' title='bbox 1302 1606 1328 1623; x_wconf 90' lang='grc' dir='ltr'><strong>τι</strong></span> <span class='ocrx_word' id='word_1_537' title='bbox 1343 1598 1427 1630; x_wconf 87' lang='grc' dir='ltr'>ποιεῖ,</span> <span class='ocrx_word' id='word_1_538' title='bbox 1453 1599 1595 1634; x_wconf 68' lang='grc' dir='ltr'>ἐπιγράψῃ</span> <span class='ocrx_word' id='word_1_539' title='bbox 1615 1597 1723 1625; x_wconf 74' lang='grc' dir='ltr'>ἃπαντα</span> <span class='ocrx_word' id='word_1_540' title='bbox 1738 1598 1776 1633; x_wconf 84' lang='grc' dir='ltr'>τῷ</span> <span class='ocrx_word' id='word_1_541' title='bbox 1795 1599 1853 1624; x_wconf 79' lang='grc' dir='ltr'><strong>Κυ-</strong></span> 
     </span>
    </p>
   </div>
   <div class='ocr_carea' id='block_1_75' title="bbox 1062 1641 1855 1678">
    <p class='ocr_par' dir='ltr' id='par_1_75' title="bbox 1062 1641 1855 1678">
     <span class='ocr_line' id='line_1_75' title="bbox 1062 1641 1855 1678; baseline 0.005 -11"><span class='ocrx_word' id='word_1_542' title='bbox 1062 1641 1122 1676; x_wconf 81' lang='grc' dir='ltr'>ρίῳ,</span> <span class='ocrx_word' id='word_1_543' title='bbox 1139 1641 1219 1668; x_wconf 82' lang='grc' dir='ltr'>τοῦτο</span> <span class='ocrx_word' id='word_1_544' title='bbox 1233 1642 1332 1676; x_wconf 86' lang='grc' dir='ltr'>λέγων,</span> <span class='ocrx_word' id='word_1_545' title='bbox 1352 1642 1392 1670; x_wconf 83' lang='grc' dir='ltr'>ὅτι</span> <span class='ocrx_word' id='word_1_546' title='bbox 1415 1643 1449 1670; x_wconf 75' lang='lat' dir='ltr'><strong>Et</strong></span> <span class='ocrx_word' id='word_1_547' title='bbox 1465 1643 1505 1677; x_wconf 81' lang='grc' dir='ltr'>μὴ</span> <span class='ocrx_word' id='word_1_548' title='bbox 1518 1645 1535 1671; x_wconf 80' lang='grc' dir='ltr'><em>ὁ</em></span> <span class='ocrx_word' id='word_1_549' title='bbox 1553 1644 1625 1676; x_wconf 84' lang='grc' dir='ltr'><strong>Θεὸς</strong></span> <span class='ocrx_word' id='word_1_550' title='bbox 1644 1643 1855 1678; x_wconf 67' lang='grc' dir='ltr'>ἐνεδυνάωέ</span> 
     </span>
    </p>
   </div>
   <div class='ocr_carea' id='block_1_76' title="bbox 1059 1689 1853 1725">
    <p class='ocr_par' dir='ltr' id='par_1_76' title="bbox 1059 1689 1853 1725">
     <span class='ocr_line' id='line_1_76' title="bbox 1059 1689 1853 1725; baseline 0.006 -11"><span class='ocrx_word' id='word_1_551' title='bbox 1059 1697 1108 1722; x_wconf 84' lang='grc' dir='ltr'>με.</span> <span class='ocrx_word' id='word_1_552' title='bbox 1125 1689 1182 1715; x_wconf 82' lang='grc' dir='ltr'>οὐκ</span> <span class='ocrx_word' id='word_1_553' title='bbox 1198 1689 1360 1724; x_wconf 77' lang='grc' dir='ltr'>ἠδυνάμην</span> <span class='ocrx_word' id='word_1_554' title='bbox 1379 1691 1551 1724; x_wconf 82' lang='grc' dir='ltr'>νηστεύειν,</span> <span class='ocrx_word' id='word_1_555' title='bbox 1575 1691 1594 1725; x_wconf 79' lang='grc' dir='ltr'><strong>ἢ</strong></span> <span class='ocrx_word' id='word_1_556' title='bbox 1610 1692 1764 1725; x_wconf 79' lang='grc' dir='ltr'>εὔχεσθαι,</span> <span class='ocrx_word' id='word_1_557' title='bbox 1786 1691 1805 1725; x_wconf 81' lang='grc' dir='ltr'>ἢ</span> <span class='ocrx_word' id='word_1_558' title='bbox 1819 1691 1853 1719; x_wconf 78' lang='grc' dir='ltr'><strong>ἐκ</strong></span> 
     </span>
    </p>
   </div>
   <div class='ocr_carea' id='block_1_77' title="bbox 1061 1733 1854 1771">
    <p class='ocr_par' dir='ltr' id='par_1_77' title="bbox 1061 1733 1854 1771">
     <span class='ocr_line' id='line_1_77' title="bbox 1061 1733 1854 1771; baseline 0.005 -12"><span class='ocrx_word' id='word_1_559' title='bbox 1061 1733 1115 1759; x_wconf 83' lang='grc' dir='ltr'><strong>τοῦ</strong></span> <span class='ocrx_word' id='word_1_560' title='bbox 1139 1733 1256 1768; x_wconf 81' lang='grc' dir='ltr'>κόσμου</span> <span class='ocrx_word' id='word_1_561' title='bbox 1271 1734 1428 1762; x_wconf 71' lang='grc' dir='ltr'>ἀπελθεῖν.</span> <span class='ocrx_word' id='word_1_562' title='bbox 1453 1735 1509 1762; x_wconf 81' lang='grc' dir='ltr'><strong>Καὶ</strong></span> <span class='ocrx_word' id='word_1_563' title='bbox 1536 1735 1608 1762; x_wconf 76' lang='grc' dir='ltr'>οὕτω</span> <span class='ocrx_word' id='word_1_564' title='bbox 1636 1736 1744 1771; x_wconf 86' lang='grc' dir='ltr'>βλέπων</span> <span class='ocrx_word' id='word_1_565' title='bbox 1758 1738 1772 1763; x_wconf 87' lang='grc' dir='ltr'>ὁ</span> <span class='ocrx_word' id='word_1_566' title='bbox 1787 1736 1854 1768; x_wconf 82' lang='grc' dir='ltr'>Θεὸς</span> 
     </span>
    </p>
   </div>
   <div class='ocr_carea' id='block_1_78' title="bbox 1061 1778 1854 1817">
    <p class='ocr_par' dir='ltr' id='par_1_78' title="bbox 1061 1778 1854 1817">
     <span class='ocr_line' id='line_1_78' title="bbox 1061 1778 1854 1817; baseline 0.005 -12"><span class='ocrx_word' id='word_1_567' title='bbox 1061 1778 1110 1814; x_wconf 84' lang='grc' dir='ltr'>τὴν</span> <span class='ocrx_word' id='word_1_568' title='bbox 1123 1779 1231 1814; x_wconf 87' lang='grc' dir='ltr'>ἀγαθήν</span> <span class='ocrx_word' id='word_1_569' title='bbox 1247 1788 1294 1806; x_wconf 91' lang='grc' dir='ltr'><strong>σου</strong></span> <span class='ocrx_word' id='word_1_570' title='bbox 1320 1780 1494 1816; x_wconf 84' lang='grc' dir='ltr'>προαίρεσιν,</span> <span class='ocrx_word' id='word_1_571' title='bbox 1521 1781 1562 1808; x_wconf 82' lang='grc' dir='ltr'>ὅτι</span> <span class='ocrx_word' id='word_1_572' title='bbox 1578 1782 1612 1808; x_wconf 83' lang='grc' dir='ltr'>τὰ</span> <span class='ocrx_word' id='word_1_573' title='bbox 1640 1782 1684 1814; x_wconf 83' lang='grc' dir='ltr'>σὰ,</span> <span class='ocrx_word' id='word_1_574' title='bbox 1709 1780 1782 1817; x_wconf 76' lang='grc' dir='ltr'>άπερ</span> <span class='ocrx_word' id='word_1_575' title='bbox 1799 1782 1854 1809; x_wconf 82' lang='grc' dir='ltr'><strong>ἀπὺ</strong></span> 
     </span>
    </p>
   </div>
   <div class='ocr_carea' id='block_1_79' title="bbox 1061 1823 1854 1862">
    <p class='ocr_par' dir='ltr' id='par_1_79' title="bbox 1061 1823 1854 1862">
     <span class='ocr_line' id='line_1_79' title="bbox 1061 1823 1854 1862; baseline 0.006 -12"><span class='ocrx_word' id='word_1_576' title='bbox 1061 1823 1169 1858; x_wconf 84' lang='grc' dir='ltr'>φύσεως</span> <span class='ocrx_word' id='word_1_577' title='bbox 1186 1825 1285 1856; x_wconf 87' lang='grc' dir='ltr'>ποιεῖς,</span> <span class='ocrx_word' id='word_1_578' title='bbox 1298 1825 1337 1860; x_wconf 83' lang='grc' dir='ltr'>τῷ</span> <span class='ocrx_word' id='word_1_579' title='bbox 1353 1825 1413 1861; x_wconf 85' lang='grc' dir='ltr'>Θεῷ</span> <span class='ocrx_word' id='word_1_580' title='bbox 1429 1826 1604 1862; x_wconf 79' lang='grc' dir='ltr'>ἐπιγράφεις,</span> <span class='ocrx_word' id='word_1_581' title='bbox 1621 1827 1703 1854; x_wconf 84' lang='grc' dir='ltr'>πάλιν</span> <span class='ocrx_word' id='word_1_582' title='bbox 1722 1828 1804 1858; x_wconf 76' lang='grc' dir='ltr'>αὐτὸς</span> <span class='ocrx_word' id='word_1_583' title='bbox 1818 1827 1854 1855; x_wconf 76' lang='grc' dir='ltr'><strong>τὰ</strong></span> 
     </span>
    </p>
   </div>
   <div class='ocr_carea' id='block_1_80' title="bbox 1061 1868 1850 1909">
    <p class='ocr_par' dir='ltr' id='par_1_80' title="bbox 1061 1868 1850 1909">
     <span class='ocr_line' id='line_1_80' title="bbox 1061 1868 1850 1909; baseline 0.008 -15"><span class='ocrx_word' id='word_1_584' title='bbox 1061 1868 1115 1895; x_wconf 83' lang='grc' dir='ltr'>ῐδια</span> <span class='ocrx_word' id='word_1_585' title='bbox 1133 1870 1228 1902; x_wconf 84' lang='grc' dir='ltr'>αὐτοῦ,</span> <span class='ocrx_word' id='word_1_586' title='bbox 1248 1871 1283 1896; x_wconf 79' lang='grc' dir='ltr'>τὰ</span> <span class='ocrx_word' id='word_1_587' title='bbox 1299 1871 1485 1907; x_wconf 84' lang='grc' dir='ltr'>πνευματικὰ,</span> <span class='ocrx_word' id='word_1_588' title='bbox 1507 1872 1542 1899; x_wconf 62' lang='lat' dir='ltr'><strong>ra</strong></span> <span class='ocrx_word' id='word_1_589' title='bbox 1557 1872 1616 1899; x_wconf 84' lang='grc' dir='ltr'>θεῖα</span> <span class='ocrx_word' id='word_1_590' title='bbox 1629 1874 1676 1900; x_wconf 77' lang='grc' dir='ltr'>καὶ</span> <span class='ocrx_word' id='word_1_591' title='bbox 1690 1873 1850 1909; x_wconf 84' lang='grc' dir='ltr'>ἐπουράνια,</span> 
     </span>
    </p>
   </div>
   <div class='ocr_carea' id='block_1_81' title="bbox 1060 1915 1853 1955">
    <p class='ocr_par' dir='ltr' id='par_1_81' title="bbox 1060 1915 1853 1955">
     <span class='ocr_line' id='line_1_81' title="bbox 1060 1915 1853 1955; baseline 0.008 -14"><span class='ocrx_word' id='word_1_592' title='bbox 1060 1915 1102 1941; x_wconf 75' lang='grc' dir='ltr'>σοὶ</span> <span class='ocrx_word' id='word_1_593' title='bbox 1114 1915 1201 1942; x_wconf 81' lang='grc' dir='ltr'>ταῦτα</span> <span class='ocrx_word' id='word_1_594' title='bbox 1213 1917 1365 1952; x_wconf 80' lang='grc' dir='ltr'>χαρίζεται,</span> <span class='ocrx_word' id='word_1_595' title='bbox 1381 1918 1443 1944; x_wconf 83' lang='grc' dir='ltr'>τίνα</span> <span class='ocrx_word' id='word_1_596' title='bbox 1452 1918 1480 1945; x_wconf 86' lang='grc' dir='ltr'>δέ</span> <span class='ocrx_word' id='word_1_597' title='bbox 1494 1919 1586 1952; x_wconf 84' lang='grc' dir='ltr'>ὲστιν;</span> <span class='ocrx_word' id='word_1_598' title='bbox 1604 1917 1632 1945; x_wconf 75' lang='grc' dir='ltr'>οἷ</span> <span class='ocrx_word' id='word_1_599' title='bbox 1643 1919 1689 1946; x_wconf 73' lang='grc' dir='ltr'>τοῦ</span> <span class='ocrx_word' id='word_1_600' title='bbox 1726 1920 1853 1955; x_wconf 68' lang='grc' dir='ltr'>Πνεῦμα-</span> 
     </span>
    </p>
   </div>
   <div class='ocr_carea' id='block_1_82' title="bbox 1059 1962 1674 2000">
    <p class='ocr_par' dir='ltr' id='par_1_82' title="bbox 1059 1962 1674 2000">
     <span class='ocr_line' id='line_1_82' title="bbox 1059 1962 1674 2000; baseline 0.008 -14"><span class='ocrx_word' id='word_1_601' title='bbox 1059 1967 1106 1992; x_wconf 82' lang='grc' dir='ltr'><strong>τος</strong></span> <span class='ocrx_word' id='word_1_602' title='bbox 1124 1962 1242 1996; x_wconf 79' lang='grc' dir='ltr'>καρποὶ,</span> <span class='ocrx_word' id='word_1_603' title='bbox 1259 1962 1431 1996; x_wconf 82' lang='grc' dir='ltr'>ἀγαλλίασις,</span> <span class='ocrx_word' id='word_1_604' title='bbox 1448 1964 1495 1990; x_wconf 78' lang='grc' dir='ltr'>καὶ</span> <span class='ocrx_word' id='word_1_605' title='bbox 1509 1964 1674 2000; x_wconf 83' lang='grc' dir='ltr'>εὐφροσύνη.</span> 
     </span>
    </p>
   </div>
   <div class='ocr_carea' id='block_1_83' title="bbox 1096 2005 1852 2044">
    <p class='ocr_par' dir='ltr' id='par_1_83' title="bbox 1096 2005 1852 2044">
     <span class='ocr_line' id='line_1_83' title="bbox 1096 2005 1852 2044; baseline 0.008 -13"><span class='ocrx_word' id='word_1_606' title='bbox 1096 2005 1163 2033; x_wconf 84' lang='lat' dir='ltr'><strong>KA’.</strong></span> <span class='ocrx_word' id='word_1_607' title='bbox 1193 2005 1366 2040; x_wconf 79' lang='grc' dir='ltr'>Ἐρώτησις.</span> <span class='ocrx_word' id='word_1_608' title='bbox 1400 2008 1482 2034; x_wconf 78' lang='grc' dir='ltr'><strong>Ἀλλ’</strong></span> <span class='ocrx_word' id='word_1_609' title='bbox 1509 2009 1613 2042; x_wconf 79' lang='grc' dir='ltr'>ἐπειδή</span> <span class='ocrx_word' id='word_1_610' title='bbox 1643 2011 1704 2037; x_wconf 82' lang='grc' dir='ltr'>εισι</span> <span class='ocrx_word' id='word_1_611' title='bbox 1727 2010 1852 2044; x_wconf 75' lang='grc' dir='ltr'>φυσικοί</span> 
     </span>
    </p>
   </div>
   <div class='ocr_carea' id='block_1_84' title="bbox 1061 2051 1851 2091">
    <p class='ocr_par' dir='ltr' id='par_1_84' title="bbox 1061 2051 1851 2091">
     <span class='ocr_line' id='line_1_84' title="bbox 1061 2051 1851 2091; baseline 0.009 -14"><span class='ocrx_word' id='word_1_612' title='bbox 1061 2051 1170 2085; x_wconf 79' lang='grc' dir='ltr'>καρποί</span> <span class='ocrx_word' id='word_1_613' title='bbox 1197 2052 1316 2086; x_wconf 84' lang='grc' dir='ltr'>τούτοις</span> <span class='ocrx_word' id='word_1_614' title='bbox 1341 2053 1446 2088; x_wconf 85' lang='grc' dir='ltr'>ὅμοιοι,</span> <span class='ocrx_word' id='word_1_615' title='bbox 1472 2054 1583 2089; x_wconf 69' lang='grc' dir='ltr'>ἀγάπη,</span> <span class='ocrx_word' id='word_1_616' title='bbox 1613 2056 1727 2089; x_wconf 79' lang='grc' dir='ltr'>πίστις,</span> <span class='ocrx_word' id='word_1_617' title='bbox 1763 2057 1851 2091; x_wconf 83' lang='grc' dir='ltr'>εὐχὴ,</span> 
     </span>
    </p>
   </div>
   <div class='ocr_carea' id='block_1_85' title="bbox 1059 2096 1746 2137">
    <p class='ocr_par' dir='ltr' id='par_1_85' title="bbox 1059 2096 1746 2137">
     <span class='ocr_line' id='line_1_85' title="bbox 1059 2096 1746 2137; baseline 0.009 -14"><span class='ocrx_word' id='word_1_618' title='bbox 1059 2096 1214 2131; x_wconf 79' lang='grc' dir='ltr'>διάκρινον</span> <span class='ocrx_word' id='word_1_619' title='bbox 1231 2097 1316 2134; x_wconf 77' lang='grc' dir='ltr'>ἡμῖν,</span> <span class='ocrx_word' id='word_1_620' title='bbox 1329 2099 1393 2132; x_wconf 83' lang='grc' dir='ltr'><strong>πῶς</strong></span> <span class='ocrx_word' id='word_1_621' title='bbox 1407 2099 1473 2127; x_wconf 72' lang='grc' dir='ltr'>ἐστι</span> <span class='ocrx_word' id='word_1_622' title='bbox 1489 2101 1525 2128; x_wconf 88' lang='grc' dir='ltr'><em>τὰ</em></span> <span class='ocrx_word' id='word_1_623' title='bbox 1539 2103 1746 2137; x_wconf 79' lang='grc' dir='ltr'>πνευματικά;</span> 
     </span>
    </p>
   </div>
   <div class='ocr_carea' id='block_1_86' title="bbox 1103 2189 1852 2229">
    <p class='ocr_par' dir='ltr' id='par_1_86' title="bbox 1103 2189 1852 2229">
     <span class='ocr_line' id='line_1_86' title="bbox 1103 2189 1852 2229; baseline 0.007 -12"><span class='ocrx_word' id='word_1_624' title='bbox 1103 2189 1282 2223; x_wconf 73' lang='grc' dir='ltr'>Ἀπόκρισις.</span> <span class='ocrx_word' id='word_1_625' title='bbox 1305 2191 1346 2217; x_wconf 83' lang='grc' dir='ltr'><strong>Τὰ</strong></span> <span class='ocrx_word' id='word_1_626' title='bbox 1360 2193 1396 2218; x_wconf 76' lang='grc' dir='ltr'><strong>σὰ</strong></span> <span class='ocrx_word' id='word_1_627' title='bbox 1420 2192 1438 2220; x_wconf 79' lang='grc' dir='ltr'>ἃ</span> <span class='ocrx_word' id='word_1_628' title='bbox 1460 2194 1560 2226; x_wconf 85' lang='grc' dir='ltr'>ποιεῖς,</span> <span class='ocrx_word' id='word_1_629' title='bbox 1582 2193 1654 2221; x_wconf 84' lang='grc' dir='ltr'>καλὰ</span> <span class='ocrx_word' id='word_1_630' title='bbox 1669 2194 1719 2229; x_wconf 80' lang='grc' dir='ltr'><strong>μέν</strong></span> <span class='ocrx_word' id='word_1_631' title='bbox 1733 2195 1852 2223; x_wconf 71' lang='grc' dir='ltr'>ἐστικαὶ</span> 
     </span>
    </p>
   </div>
   <div class='ocr_carea' id='block_1_87' title="bbox 215 2230 1010 2280">
    <p class='ocr_par' dir='ltr' id='par_1_87' title="bbox 215 2230 1005 2270">
     <span class='ocr_line' id='line_1_87' title="bbox 215 2230 1005 2270; baseline 0.009 -13"><span class='ocrx_word' id='word_1_632' title='bbox 215 2230 328 2265; x_wconf 86' lang='lat' dir='ltr'><strong>quidem</strong></span> <span class='ocrx_word' id='word_1_633' title='bbox 345 2236 420 2264; x_wconf 88' lang='lat' dir='ltr'><strong>sunt,</strong></span> <span class='ocrx_word' id='word_1_634' title='bbox 445 2236 474 2259; x_wconf 86' lang='lat' dir='ltr'><strong>et</strong></span> <span class='ocrx_word' id='word_1_635' title='bbox 489 2233 545 2260; x_wconf 90' lang='lat' dir='ltr'><strong>Deo</strong></span> <span class='ocrx_word' id='word_1_636' title='bbox 562 2238 648 2268; x_wconf 77' lang='lat' dir='ltr'><strong>grata,</strong></span> <span class='ocrx_word' id='word_1_637' title='bbox 673 2235 721 2262; x_wconf 90' lang='lat' dir='ltr'><strong>sed</strong></span> <span class='ocrx_word' id='word_1_638' title='bbox 743 2243 798 2263; x_wconf 92' lang='lat' dir='ltr'><strong>non</strong></span> <span class='ocrx_word' id='word_1_639' title='bbox 813 2243 902 2270; x_wconf 89' lang='lat' dir='ltr'><strong>pura:</strong></span> <span class='ocrx_word' id='word_1_640' title='bbox 919 2237 1005 2270; x_wconf 88' lang='lat' dir='ltr'><strong>velut,</strong></span> 
     </span>
    </p>
   </div>
   <div class='ocr_carea' id='block_1_88' title="bbox 1062 2230 1851 2280">
    <p class='ocr_par' dir='ltr' id='par_1_88' title="bbox 1062 2235 1851 2277">
     <span class='ocr_line' id='line_1_88' title="bbox 1062 2235 1851 2277; baseline 0.009 -16"><span class='ocrx_word' id='word_1_641' title='bbox 1062 2235 1101 2271; x_wconf 84' lang='grc' dir='ltr'>τῷ</span> <span class='ocrx_word' id='word_1_642' title='bbox 1118 2236 1178 2272; x_wconf 83' lang='grc' dir='ltr'><strong>Θεῷ</strong></span> <span class='ocrx_word' id='word_1_643' title='bbox 1196 2237 1394 2272; x_wconf 83' lang='grc' dir='ltr'>εὺπρόσδεκια,</span> <span class='ocrx_word' id='word_1_644' title='bbox 1418 2239 1475 2266; x_wconf 83' lang='grc' dir='ltr'>ἀλλ’</span> <span class='ocrx_word' id='word_1_645' title='bbox 1492 2241 1543 2266; x_wconf 85' lang='grc' dir='ltr'>οὑκ</span> <span class='ocrx_word' id='word_1_646' title='bbox 1562 2241 1620 2267; x_wconf 77' lang='grc' dir='ltr'>ἔστι</span> <span class='ocrx_word' id='word_1_647' title='bbox 1639 2241 1747 2277; x_wconf 86' lang='grc' dir='ltr'>καθαρά</span> <span class='ocrx_word' id='word_1_648' title='bbox 1760 2250 1766 2258; x_wconf 70' lang='grc' dir='ltr'><strong>σ</strong></span> <span class='ocrx_word' id='word_1_649' title='bbox 1784 2239 1851 2274; x_wconf 79' lang='grc' dir='ltr'>οἷον,</span> 
     </span>
    </p>
   </div>
   <div class='ocr_carea' id='block_1_89' title="bbox 218 2277 1006 2317">
    <p class='ocr_par' dir='ltr' id='par_1_89' title="bbox 218 2277 1006 2317">
     <span class='ocr_line' id='line_1_89' title="bbox 218 2277 1006 2317; baseline 0.01 -14"><span class='ocrx_word' id='word_1_650' title='bbox 218 2277 310 2312; x_wconf 71' lang='lat' dir='ltr'><strong>diligis</strong></span> <span class='ocrx_word' id='word_1_651' title='bbox 319 2278 416 2311; x_wconf 88' lang='lat' dir='ltr'><strong>Deum,</strong></span> <span class='ocrx_word' id='word_1_652' title='bbox 427 2286 522 2306; x_wconf 77' lang='lat' dir='ltr'><strong>verum</strong></span> <span class='ocrx_word' id='word_1_653' title='bbox 533 2280 625 2307; x_wconf 92' lang='lat' dir='ltr'><strong>minus</strong></span> <span class='ocrx_word' id='word_1_654' title='bbox 635 2281 766 2315; x_wconf 88' lang='lat' dir='ltr'><strong>perfecte;</strong></span> <span class='ocrx_word' id='word_1_655' title='bbox 777 2282 853 2309; x_wconf 87' lang='lat' dir='ltr'><strong>venit</strong></span> <span class='ocrx_word' id='word_1_656' title='bbox 862 2282 1006 2317; x_wconf 84' lang='lat' dir='ltr'><strong>Dominus,</strong></span> 
     </span>
    </p>
   </div>
   <div class='ocr_carea' id='block_1_90' title="bbox 216 2323 1007 2359">
    <p class='ocr_par' dir='ltr' id='par_1_90' title="bbox 216 2323 1007 2359">
     <span class='ocr_line' id='line_1_90' title="bbox 216 2323 1007 2359; baseline 0.011 -11"><span class='ocrx_word' id='word_1_657' title='bbox 216 2324 325 2351; x_wconf 78' lang='lat' dir='ltr'><strong>confert</strong></span> <span class='ocrx_word' id='word_1_658' title='bbox 334 2323 510 2352; x_wconf 86' lang='lat' dir='ltr'><strong>dilectionem</strong></span> <span class='ocrx_word' id='word_1_659' title='bbox 522 2324 880 2359; x_wconf 70' lang='lat' dir='ltr'><strong>immutabilem,c¢elestem</strong></span> <span class='ocrx_word' id='word_1_660' title='bbox 891 2329 1007 2357; x_wconf 90' lang='lat' dir='ltr'><strong>scilicet.</strong></span> 
     </span>
    </p>
   </div>
   <div class='ocr_carea' id='block_1_91' title="bbox 216 2369 1008 2411">
    <p class='ocr_par' dir='ltr' id='par_1_91' title="bbox 216 2369 1008 2411">
     <span class='ocr_line' id='line_1_91' title="bbox 216 2369 1008 2411; baseline 0.01 -16"><span class='ocrx_word' id='word_1_661' title='bbox 216 2369 343 2397; x_wconf 83' lang='lat' dir='ltr'><strong>Precaris</strong></span> <span class='ocrx_word' id='word_1_662' title='bbox 356 2371 530 2404; x_wconf 83' lang='lat' dir='ltr'><strong>naturaliter,</strong></span> <span class='ocrx_word' id='word_1_663' title='bbox 541 2373 771 2407; x_wconf 85' lang='lat' dir='ltr'><strong>occupationibus</strong></span> <span class='ocrx_word' id='word_1_664' title='bbox 786 2382 818 2402; x_wconf 82' lang='lat' dir='ltr'><strong>ac</strong></span> <span class='ocrx_word' id='word_1_665' title='bbox 833 2375 917 2402; x_wconf 84' lang='lat' dir='ltr'><strong>variis</strong></span> <span class='ocrx_word' id='word_1_666' title='bbox 932 2376 1008 2411; x_wconf 80' lang='lat' dir='ltr'><strong>cogi-</strong></span> 
     </span>
    </p>
   </div>
   <div class='ocr_carea' id='block_1_92' title="bbox 217 2415 1008 2457">
    <p class='ocr_par' dir='ltr' id='par_1_92' title="bbox 217 2415 1008 2457">
     <span class='ocr_line' id='line_1_92' title="bbox 217 2415 1008 2457; baseline 0.013 -16"><span class='ocrx_word' id='word_1_667' title='bbox 217 2415 369 2443; x_wconf 82' lang='lat' dir='ltr'><strong>tationibus</strong></span> <span class='ocrx_word' id='word_1_668' title='bbox 384 2416 548 2451; x_wconf 87' lang='lat' dir='ltr'><strong>distractus;</strong></span> <span class='ocrx_word' id='word_1_669' title='bbox 565 2418 672 2447; x_wconf 86' lang='lat' dir='ltr'><strong>confert</strong></span> <span class='ocrx_word' id='word_1_670' title='bbox 691 2420 740 2447; x_wconf 91' lang='lat' dir='ltr'><strong>tibi</strong></span> <span class='ocrx_word' id='word_1_671' title='bbox 757 2421 890 2449; x_wconf 91' lang='lat' dir='ltr'><strong>Dominus</strong></span> <span class='ocrx_word' id='word_1_672' title='bbox 911 2431 1008 2457; x_wconf 90' lang='lat' dir='ltr'><strong>preca-</strong></span> 
     </span>
    </p>
   </div>
   <div class='ocr_carea' id='block_1_93' title="bbox 220 2461 1009 2504">
    <p class='ocr_par' dir='ltr' id='par_1_93' title="bbox 220 2461 1009 2504">
     <span class='ocr_line' id='line_1_93' title="bbox 220 2461 1009 2504; baseline 0.013 -17"><span class='ocrx_word' id='word_1_673' title='bbox 220 2461 322 2488; x_wconf 89' lang='lat' dir='ltr'><strong>tionem</strong></span> <span class='ocrx_word' id='word_1_674' title='bbox 339 2469 435 2496; x_wconf 90' lang='lat' dir='ltr'><strong>puram</strong></span> <span class='ocrx_word' id='word_1_675' title='bbox 451 2463 478 2490; x_wconf 93' lang='lat' dir='ltr'><strong>in</strong></span> <span class='ocrx_word' id='word_1_676' title='bbox 499 2463 604 2498; x_wconf 88' lang='lat' dir='ltr'><strong>Spiritu</strong></span> <span class='ocrx_word' id='word_1_677' title='bbox 624 2469 652 2492; x_wconf 92' lang='lat' dir='ltr'><strong>et</strong></span> <span class='ocrx_word' id='word_1_678' title='bbox 666 2467 790 2495; x_wconf 89' lang='lat' dir='ltr'><strong>veritate.</strong></span> <span class='ocrx_word' id='word_1_679' title='bbox 807 2468 836 2495; x_wconf 88' lang='lat' dir='ltr'><strong>In</strong></span> <span class='ocrx_word' id='word_1_680' title='bbox 850 2468 933 2496; x_wconf 89' lang='lat' dir='ltr'><strong>rebus</strong></span> <span class='ocrx_word' id='word_1_681' title='bbox 948 2477 1009 2504; x_wconf 78' lang='lat' dir='ltr'><strong>quae</strong></span> 
     </span>
    </p>
   </div>
   <div class='ocr_carea' id='block_1_94' title="bbox 217 2507 1011 2550">
    <p class='ocr_par' dir='ltr' id='par_1_94' title="bbox 217 2507 1011 2550">
     <span class='ocr_line' id='line_1_94' title="bbox 217 2507 1011 2550; baseline 0.013 -17"><span class='ocrx_word' id='word_1_682' title='bbox 217 2507 304 2534; x_wconf 90' lang='lat' dir='ltr'><strong>oculis</strong></span> <span class='ocrx_word' id='word_1_683' title='bbox 314 2507 467 2543; x_wconf 85' lang='lat' dir='ltr'><strong>subjacent,</strong></span> <span class='ocrx_word' id='word_1_684' title='bbox 478 2513 549 2538; x_wconf 86' lang='lat' dir='ltr'><strong>terra</strong></span> <span class='ocrx_word' id='word_1_685' title='bbox 558 2515 587 2537; x_wconf 92' lang='lat' dir='ltr'><strong>ut</strong></span> <span class='ocrx_word' id='word_1_686' title='bbox 595 2511 743 2546; x_wconf 87' lang='lat' dir='ltr'><strong>plurimum</strong></span> <span class='ocrx_word' id='word_1_687' title='bbox 756 2521 789 2540; x_wconf 83' lang='lat' dir='ltr'><strong>ex</strong></span> <span class='ocrx_word' id='word_1_688' title='bbox 799 2521 827 2541; x_wconf 88' lang='lat' dir='ltr'><strong>se</strong></span> <span class='ocrx_word' id='word_1_689' title='bbox 839 2514 896 2549; x_wconf 91' lang='lat' dir='ltr'><strong>ipsa</strong></span> <span class='ocrx_word' id='word_1_690' title='bbox 905 2515 1011 2550; x_wconf 91' lang='lat' dir='ltr'><strong>profert</strong></span> 
     </span>
    </p>
   </div>
   <div class='ocr_carea' id='block_1_95' title="bbox 215 2554 1011 2594">
    <p class='ocr_par' dir='ltr' id='par_1_95' title="bbox 215 2554 1011 2594">
     <span class='ocr_line' id='line_1_95' title="bbox 215 2554 1011 2594; baseline 0.011 -14"><span class='ocrx_word' id='word_1_691' title='bbox 215 2554 320 2588; x_wconf 81' lang='lat' dir='ltr'><strong>spinas;</strong></span> <span class='ocrx_word' id='word_1_692' title='bbox 328 2555 442 2582; x_wconf 89' lang='lat' dir='ltr'><strong>colonus</strong></span> <span class='ocrx_word' id='word_1_693' title='bbox 451 2561 542 2583; x_wconf 87' lang='lat' dir='ltr'><strong>autem</strong></span> <span class='ocrx_word' id='word_1_694' title='bbox 556 2557 635 2590; x_wconf 86' lang='lat' dir='ltr'><strong>fodit,</strong></span> <span class='ocrx_word' id='word_1_695' title='bbox 649 2563 760 2586; x_wconf 76' lang='lat' dir='ltr'><strong>exercet</strong></span> <span class='ocrx_word' id='word_1_696' title='bbox 772 2559 919 2594; x_wconf 82' lang='lat' dir='ltr'><strong>diligenter</strong></span> <span class='ocrx_word' id='word_1_697' title='bbox 928 2569 960 2588; x_wconf 83' lang='lat' dir='ltr'><strong>ac</strong></span> <span class='ocrx_word' id='word_1_698' title='bbox 968 2569 1011 2589; x_wconf 91' lang='lat' dir='ltr'><strong>se-</strong></span> 
     </span>
    </p>
   </div>
   <div class='ocr_carea' id='block_1_96' title="bbox 215 2600 1011 2640">
    <p class='ocr_par' dir='ltr' id='par_1_96' title="bbox 215 2600 1011 2640">
     <span class='ocr_line' id='line_1_96' title="bbox 215 2600 1011 2640; baseline 0.011 -14"><span class='ocrx_word' id='word_1_699' title='bbox 215 2600 406 2636; x_wconf 77' lang='lat' dir='ltr'><strong>minat;spin:e</strong></span> <span class='ocrx_word' id='word_1_700' title='bbox 415 2606 505 2629; x_wconf 90' lang='lat' dir='ltr'><strong>tamen</strong></span> <span class='ocrx_word' id='word_1_701' title='bbox 518 2603 561 2630; x_wconf 91' lang='lat' dir='ltr'><strong>vel</strong></span> <span class='ocrx_word' id='word_1_702' title='bbox 573 2612 626 2631; x_wconf 92' lang='lat' dir='ltr'><strong>non</strong></span> <span class='ocrx_word' id='word_1_703' title='bbox 636 2609 701 2632; x_wconf 65' lang='lat' dir='ltr'><strong>satae</strong></span> <span class='ocrx_word' id='word_1_704' title='bbox 713 2606 1011 2640; x_wconf 86' lang='lat' dir='ltr'><strong>propullulantetmul-</strong></span> 
     </span>
    </p>
   </div>
   <div class='ocr_carea' id='block_1_97' title="bbox 216 2646 1008 2686">
    <p class='ocr_par' dir='ltr' id='par_1_97' title="bbox 216 2646 1008 2686">
     <span class='ocr_line' id='line_1_97' title="bbox 216 2646 1008 2686; baseline 0.014 -15"><span class='ocrx_word' id='word_1_705' title='bbox 216 2646 376 2680; x_wconf 87' lang='lat' dir='ltr'><strong>tiplicantur</strong></span> <span class='ocrx_word' id='word_1_706' title='bbox 395 2647 550 2682; x_wconf 78' lang='lat' dir='ltr'><strong>(postquam</strong></span> <span class='ocrx_word' id='word_1_707' title='bbox 560 2649 634 2676; x_wconf 92' lang='lat' dir='ltr'><strong>enim</strong></span> <span class='ocrx_word' id='word_1_708' title='bbox 648 2654 835 2686; x_wconf 75' lang='lat' dir='ltr'><strong>transgressus</strong></span> <span class='ocrx_word' id='word_1_709' title='bbox 844 2653 1008 2683; x_wconf 87' lang='lat' dir='ltr'><strong>cst.dictum</strong></span> 
     </span>
    </p>
   </div>
   <div class='ocr_carea' id='block_1_98' title="bbox 215 2690 1005 2731">
    <p class='ocr_par' dir='ltr' id='par_1_98' title="bbox 215 2690 1005 2731">
     <span class='ocr_line' id='line_1_98' title="bbox 215 2690 1005 2731; baseline 0.013 -15"><span class='ocrx_word' id='word_1_710' title='bbox 215 2695 257 2717; x_wconf 80' lang='lat' dir='ltr'><strong>est</strong></span> <span class='ocrx_word' id='word_1_711' title='bbox 270 2690 393 2718; x_wconf 84' lang='lat' dir='ltr'><strong>Adamo:</strong></span> <span class='ocrx_word' id='word_1_712' title='bbox 406 2691 526 2719; x_wconf 75' lang='lat' dir='ltr'><strong>Tribulus</strong></span> <span class='ocrx_word' id='word_1_713' title='bbox 541 2697 566 2719; x_wconf 90' lang='lat' dir='ltr'><strong>et</strong></span> <span class='ocrx_word' id='word_1_714' title='bbox 577 2693 668 2728; x_wconf 82' lang='lat' dir='ltr'><strong>spinas</strong></span> <span class='ocrx_word' id='word_1_715' title='bbox 680 2696 804 2730; x_wconf 80' lang='lat' dir='ltr'><strong>producet</strong></span> <span class='ocrx_word' id='word_1_716' title='bbox 817 2697 862 2724; x_wconf 82' lang='lat' dir='ltr'><strong>tibi</strong></span> <span class='ocrx_word' id='word_1_717' title='bbox 876 2703 948 2725; x_wconf 84' lang='lat' dir='ltr'><strong>terra</strong></span> <span class='ocrx_word' id='word_1_718' title='bbox 962 2700 1005 2731; x_wconf 50' lang='grc' dir='ltr'><strong>ικ’).</strong></span> 
     </span>
    </p>
   </div>
   <div class='ocr_carea' id='block_1_99' title="bbox 214 2735 1006 2779">
    <p class='ocr_par' dir='ltr' id='par_1_99' title="bbox 214 2735 1006 2779">
     <span class='ocr_line' id='line_1_99' title="bbox 214 2735 1006 2779; baseline 0.013 -17"><span class='ocrx_word' id='word_1_719' title='bbox 214 2735 311 2763; x_wconf 83' lang='lat' dir='ltr'><strong>Denuo</strong></span> <span class='ocrx_word' id='word_1_720' title='bbox 330 2737 445 2764; x_wconf 87' lang='lat' dir='ltr'><strong>colonus</strong></span> <span class='ocrx_word' id='word_1_721' title='bbox 458 2743 568 2766; x_wconf 75' lang='lat' dir='ltr'><strong>exercet</strong></span> <span class='ocrx_word' id='word_1_722' title='bbox 583 2744 693 2773; x_wconf 81' lang='lat' dir='ltr'><strong>terram,</strong></span> <span class='ocrx_word' id='word_1_723' title='bbox 712 2741 809 2770; x_wconf 76' lang='lat' dir='ltr'><strong>eﬂ‘odit</strong></span> <span class='ocrx_word' id='word_1_724' title='bbox 827 2743 931 2778; x_wconf 84' lang='lat' dir='ltr'><strong>spinas,</strong></span> <span class='ocrx_word' id='word_1_725' title='bbox 945 2735 1006 2779; x_wconf 58' lang='lat' dir='ltr'><strong>qua</strong></span> 
     </span>
    </p>
   </div>
   <div class='ocr_carea' id='block_1_100' title="bbox 214 2780 1006 2824">
    <p class='ocr_par' dir='ltr' id='par_1_100' title="bbox 214 2780 1006 2824">
     <span class='ocr_line' id='line_1_100' title="bbox 214 2780 1006 2824; baseline 0.013 -17"><span class='ocrx_word' id='word_1_726' title='bbox 214 2780 395 2809; x_wconf 87' lang='lat' dir='ltr'><strong>nihilominus</strong></span> <span class='ocrx_word' id='word_1_727' title='bbox 406 2783 497 2811; x_wconf 84' lang='lat' dir='ltr'><strong>adhuc</strong></span> <span class='ocrx_word' id='word_1_728' title='bbox 511 2784 741 2819; x_wconf 88' lang='lat' dir='ltr'><strong>multiplicantur.</strong></span> <span class='ocrx_word' id='word_1_729' title='bbox 763 2787 863 2823; x_wconf 83' lang='lat' dir='ltr'><strong>Accipe</strong></span> <span class='ocrx_word' id='word_1_730' title='bbox 879 2789 930 2817; x_wconf 90' lang='lat' dir='ltr'><strong>hoc</strong></span> <span class='ocrx_word' id='word_1_731' title='bbox 950 2789 1006 2824; x_wconf 87' lang='lat' dir='ltr'><strong>spi-</strong></span> 
     </span>
    </p>
   </div>
   <div class='ocr_carea' id='block_1_101' title="bbox 251 2868 708 2908">
    <p class='ocr_par' dir='ltr' id='par_1_101' title="bbox 251 2868 708 2908">
     <span class='ocr_line' id='line_1_101' title="bbox 251 2868 708 2908; baseline 0.013 -11"><span class='ocrx_word' id='word_1_732' title='bbox 251 2868 272 2884; x_wconf 88' lang='lat'>“</span> <span class='ocrx_word' id='word_1_733' title='bbox 289 2869 367 2897; x_wconf 88' lang='lat' dir='ltr'><strong>Joan.</strong></span> <span class='ocrx_word' id='word_1_734' title='bbox 382 2879 426 2905; x_wconf 82' lang='lat' dir='ltr'><strong>xv,</strong></span> <span class='ocrx_word' id='word_1_735' title='bbox 441 2873 468 2900; x_wconf 76' lang='lat'><strong>2.</strong></span> <span class='ocrx_word' id='word_1_736' title='bbox 506 2874 527 2889; x_wconf 78' lang='grc'><strong>⁸⁸</strong></span> <span class='ocrx_word' id='word_1_737' title='bbox 543 2873 611 2902; x_wconf 87' lang='lat' dir='ltr'><strong>ch.</strong></span> <span class='ocrx_word' id='word_1_738' title='bbox 625 2883 665 2908; x_wconf 85' lang='lat' dir='ltr'><strong>Ill,</strong></span> <span class='ocrx_word' id='word_1_739' title='bbox 676 2876 708 2903; x_wconf 77' lang='grc'><strong>18</strong></span> 
     </span>
    </p>
   </div>
   <div class='ocr_carea' id='block_1_102' title="bbox 1061 2282 1851 2323">
    <p class='ocr_par' dir='ltr' id='par_1_102' title="bbox 1061 2282 1851 2323">
     <span class='ocr_line' id='line_1_102' title="bbox 1061 2282 1851 2323; baseline 0.006 -14"><span class='ocrx_word' id='word_1_740' title='bbox 1061 2282 1172 2317; x_wconf 78' lang='grc' dir='ltr'>ἀγαπᾷς</span> <span class='ocrx_word' id='word_1_741' title='bbox 1185 2282 1231 2309; x_wconf 87' lang='grc' dir='ltr'>τὸν</span> <span class='ocrx_word' id='word_1_742' title='bbox 1243 2283 1319 2316; x_wconf 84' lang='grc' dir='ltr'>Θεὸν,</span> <span class='ocrx_word' id='word_1_743' title='bbox 1334 2284 1392 2310; x_wconf 84' lang='grc' dir='ltr'>ἀλλ’</span> <span class='ocrx_word' id='word_1_744' title='bbox 1405 2285 1435 2311; x_wconf 75' lang='grc' dir='ltr'>οὐ</span> <span class='ocrx_word' id='word_1_745' title='bbox 1449 2285 1561 2317; x_wconf 80' lang='grc' dir='ltr'>τελείως</span> <span class='ocrx_word' id='word_1_746' title='bbox 1570 2294 1577 2302; x_wconf 89' lang='grc'><strong>·</strong></span> <span class='ocrx_word' id='word_1_747' title='bbox 1591 2286 1701 2321; x_wconf 73' lang='grc' dir='ltr'>ἔρχεται</span> <span class='ocrx_word' id='word_1_748' title='bbox 1714 2288 1728 2313; x_wconf 83' lang='grc' dir='ltr'><strong>ό</strong></span> <span class='ocrx_word' id='word_1_749' title='bbox 1739 2288 1851 2323; x_wconf 83' lang='grc' dir='ltr'>Κύριος,</span> 
     </span>
    </p>
   </div>
   <div class='ocr_carea' id='block_1_103' title="bbox 1060 2327 1852 2368">
    <p class='ocr_par' dir='ltr' id='par_1_103' title="bbox 1060 2327 1852 2368">
     <span class='ocr_line' id='line_1_103' title="bbox 1060 2327 1852 2368; baseline 0.008 -14"><span class='ocrx_word' id='word_1_750' title='bbox 1060 2327 1168 2355; x_wconf 82' lang='grc' dir='ltr'>δίδωσιν</span> <span class='ocrx_word' id='word_1_751' title='bbox 1182 2329 1292 2365; x_wconf 82' lang='grc' dir='ltr'>ἀγάπην</span> <span class='ocrx_word' id='word_1_752' title='bbox 1307 2329 1441 2363; x_wconf 80' lang='grc' dir='ltr'>ἄτρεπτον</span> <span class='ocrx_word' id='word_1_753' title='bbox 1462 2332 1512 2367; x_wconf 79' lang='grc' dir='ltr'>τὴν</span> <span class='ocrx_word' id='word_1_754' title='bbox 1536 2333 1710 2368; x_wconf 84' lang='grc' dir='ltr'>ἐπουράνιον.</span> <span class='ocrx_word' id='word_1_755' title='bbox 1729 2333 1802 2368; x_wconf 81' lang='grc' dir='ltr'><strong>Εὖχῃ</strong></span> <span class='ocrx_word' id='word_1_756' title='bbox 1819 2333 1852 2360; x_wconf 82' lang='grc' dir='ltr'>σὺ</span> 
     </span>
    </p>
   </div>
   <div class='ocr_carea' id='block_1_104' title="bbox 1060 2374 1851 2414">
    <p class='ocr_par' dir='ltr' id='par_1_104' title="bbox 1060 2374 1851 2414">
     <span class='ocr_line' id='line_1_104' title="bbox 1060 2374 1851 2414; baseline 0.008 -14"><span class='ocrx_word' id='word_1_757' title='bbox 1060 2374 1184 2408; x_wconf 84' lang='grc' dir='ltr'>φυσικῶς</span> <span class='ocrx_word' id='word_1_758' title='bbox 1215 2375 1285 2410; x_wconf 88' lang='grc' dir='ltr'>μετὰ</span> <span class='ocrx_word' id='word_1_759' title='bbox 1309 2375 1358 2402; x_wconf 82' lang='grc' dir='ltr'>τοῦ</span> <span class='ocrx_word' id='word_1_760' title='bbox 1392 2377 1543 2412; x_wconf 75' lang='grc' dir='ltr'>ῥέμϐεσθαι</span> <span class='ocrx_word' id='word_1_761' title='bbox 1563 2379 1610 2405; x_wconf 79' lang='grc' dir='ltr'><strong>καὶ</strong></span> <span class='ocrx_word' id='word_1_762' title='bbox 1630 2379 1851 2414; x_wconf 79' lang='grc' dir='ltr'>διαλογίζεσθαι·</span> 
     </span>
    </p>
   </div>
   <div class='ocr_carea' id='block_1_105' title="bbox 1062 2419 1852 2460">
    <p class='ocr_par' dir='ltr' id='par_1_105' title="bbox 1062 2419 1852 2460">
     <span class='ocr_line' id='line_1_105' title="bbox 1062 2419 1852 2460; baseline 0.009 -15"><span class='ocrx_word' id='word_1_763' title='bbox 1062 2419 1154 2446; x_wconf 84' lang='grc' dir='ltr'>δίδωσί</span> <span class='ocrx_word' id='word_1_764' title='bbox 1170 2429 1211 2447; x_wconf 90' lang='grc' dir='ltr'><strong>σοι</strong></span> <span class='ocrx_word' id='word_1_765' title='bbox 1226 2421 1240 2447; x_wconf 83' lang='grc' dir='ltr'>ὁ</span> <span class='ocrx_word' id='word_1_766' title='bbox 1259 2421 1326 2453; x_wconf 77' lang='grc' dir='ltr'>Θεὸς</span> <span class='ocrx_word' id='word_1_767' title='bbox 1342 2422 1390 2458; x_wconf 83' lang='grc' dir='ltr'>τὴν</span> <span class='ocrx_word' id='word_1_768' title='bbox 1416 2423 1541 2459; x_wconf 83' lang='grc' dir='ltr'>καθαρὰν</span> <span class='ocrx_word' id='word_1_769' title='bbox 1558 2424 1650 2460; x_wconf 75' lang='grc' dir='ltr'>εὐχὴν,</span> <span class='ocrx_word' id='word_1_770' title='bbox 1668 2425 1697 2452; x_wconf 85' lang='grc' dir='ltr'><strong>ἐν</strong></span> <span class='ocrx_word' id='word_1_771' title='bbox 1712 2425 1852 2460; x_wconf 80' lang='grc' dir='ltr'>Πνεύματι</span> 
     </span>
    </p>
   </div>
   <div class='ocr_carea' id='block_1_106' title="bbox 1060 2466 1852 2506">
    <p class='ocr_par' dir='ltr' id='par_1_106' title="bbox 1060 2466 1852 2506">
     <span class='ocr_line' id='line_1_106' title="bbox 1060 2466 1852 2506; baseline 0.008 -14"><span class='ocrx_word' id='word_1_772' title='bbox 1060 2466 1109 2492; x_wconf 78' lang='grc' dir='ltr'>καὶ</span> <span class='ocrx_word' id='word_1_773' title='bbox 1133 2466 1259 2501; x_wconf 72' lang='grc' dir='ltr'>ἀληθείᾳ.</span> <span class='ocrx_word' id='word_1_774' title='bbox 1283 2468 1327 2494; x_wconf 91' lang='grc' dir='ltr'><strong>Ἐν</strong></span> <span class='ocrx_word' id='word_1_775' title='bbox 1341 2469 1399 2500; x_wconf 84' lang='grc' dir='ltr'>τοῖς</span> <span class='ocrx_word' id='word_1_776' title='bbox 1420 2470 1605 2505; x_wconf 84' lang='grc' dir='ltr'>φαινομένοις,</span> <span class='ocrx_word' id='word_1_777' title='bbox 1625 2471 1642 2505; x_wconf 83' lang='grc' dir='ltr'>ἡ</span> <span class='ocrx_word' id='word_1_778' title='bbox 1658 2472 1694 2506; x_wconf 83' lang='grc' dir='ltr'>γῆ</span> <span class='ocrx_word' id='word_1_779' title='bbox 1709 2471 1747 2502; x_wconf 80' lang='grc' dir='ltr'>ὼς</span> <span class='ocrx_word' id='word_1_780' title='bbox 1762 2471 1808 2498; x_wconf 78' lang='grc' dir='ltr'><strong>ἐπὶ</strong></span> <span class='ocrx_word' id='word_1_781' title='bbox 1823 2471 1852 2497; x_wconf 80' lang='grc' dir='ltr'>τὸ</span> 
     </span>
    </p>
   </div>
   <div class='ocr_carea' id='block_1_107' title="bbox 1061 2511 1851 2551">
    <p class='ocr_par' dir='ltr' id='par_1_107' title="bbox 1061 2511 1851 2551">
     <span class='ocr_line' id='line_1_107' title="bbox 1061 2511 1851 2551; baseline 0.009 -14"><span class='ocrx_word' id='word_1_782' title='bbox 1061 2511 1190 2539; x_wconf 84' lang='grc' dir='ltr'>πλεῖστον</span> <span class='ocrx_word' id='word_1_783' title='bbox 1217 2512 1266 2547; x_wconf 82' lang='grc' dir='ltr'>ἀφ’</span> <span class='ocrx_word' id='word_1_784' title='bbox 1284 2513 1386 2549; x_wconf 77' lang='grc' dir='ltr'>ἑαυτῆς</span> <span class='ocrx_word' id='word_1_785' title='bbox 1409 2515 1521 2551; x_wconf 74' lang='grc' dir='ltr'>ἐκφέρει</span> <span class='ocrx_word' id='word_1_786' title='bbox 1546 2517 1596 2547; x_wconf 78' lang='grc' dir='ltr'>τὰς</span> <span class='ocrx_word' id='word_1_787' title='bbox 1619 2517 1758 2549; x_wconf 78' lang='grc' dir='ltr'>ἀκάνθας·</span> <span class='ocrx_word' id='word_1_788' title='bbox 1781 2519 1796 2544; x_wconf 81' lang='grc' dir='ltr'>ὁ</span> <span class='ocrx_word' id='word_1_789' title='bbox 1822 2517 1851 2543; x_wconf 74' lang='grc' dir='ltr'><strong>δὲ</strong></span> 
     </span>
    </p>
   </div>
   <div class='ocr_carea' id='block_1_108' title="bbox 1059 2559 1848 2598">
    <p class='ocr_par' dir='ltr' id='par_1_108' title="bbox 1059 2559 1848 2598">
     <span class='ocr_line' id='line_1_108' title="bbox 1059 2559 1848 2598; baseline 0.006 -14"><span class='ocrx_word' id='word_1_790' title='bbox 1059 2560 1182 2593; x_wconf 83' lang='grc' dir='ltr'>γεωργὸς</span> <span class='ocrx_word' id='word_1_791' title='bbox 1219 2559 1347 2594; x_wconf 77' lang='grc' dir='ltr'>σκάπτει,</span> <span class='ocrx_word' id='word_1_792' title='bbox 1379 2561 1525 2596; x_wconf 81' lang='grc' dir='ltr'>ἐργάζεται</span> <span class='ocrx_word' id='word_1_793' title='bbox 1565 2563 1714 2598; x_wconf 81' lang='grc' dir='ltr'>ἐπιμελῶς,</span> <span class='ocrx_word' id='word_1_794' title='bbox 1757 2563 1848 2598; x_wconf 81' lang='grc' dir='ltr'>βάλλει</span> 
     </span>
    </p>
   </div>
   <div class='ocr_carea' id='block_1_109' title="bbox 1060 2605 1850 2644">
    <p class='ocr_par' dir='ltr' id='par_1_109' title="bbox 1060 2605 1850 2644">
     <span class='ocr_line' id='line_1_109' title="bbox 1060 2605 1850 2644; baseline 0.008 -14"><span class='ocrx_word' id='word_1_795' title='bbox 1060 2605 1162 2640; x_wconf 84' lang='grc' dir='ltr'>σπόρον</span> <span class='ocrx_word' id='word_1_796' title='bbox 1174 2613 1181 2621; x_wconf 87' lang='grc'><strong>·</strong></span> <span class='ocrx_word' id='word_1_797' title='bbox 1199 2605 1258 2632; x_wconf 82' lang='grc' dir='ltr'>ἀλλ’</span> <span class='ocrx_word' id='word_1_798' title='bbox 1280 2608 1307 2633; x_wconf 80' lang='lat' dir='ltr'><strong>at</strong></span> <span class='ocrx_word' id='word_1_799' title='bbox 1324 2607 1440 2634; x_wconf 80' lang='grc' dir='ltr'>ἄκανθαι</span> <span class='ocrx_word' id='word_1_800' title='bbox 1456 2608 1492 2643; x_wconf 86' lang='grc' dir='ltr'>μὴ</span> <span class='ocrx_word' id='word_1_801' title='bbox 1509 2609 1700 2644; x_wconf 78' lang='grc' dir='ltr'>σπειρόμεναι,</span> <span class='ocrx_word' id='word_1_802' title='bbox 1717 2609 1850 2643; x_wconf 77' lang='grc' dir='ltr'>ἀναφύον-</span> 
     </span>
    </p>
   </div>
   <div class='ocr_carea' id='block_1_110' title="bbox 1061 2651 1849 2690">
    <p class='ocr_par' dir='ltr' id='par_1_110' title="bbox 1061 2651 1849 2690">
     <span class='ocr_line' id='line_1_110' title="bbox 1061 2651 1849 2690; baseline 0.006 -13"><span class='ocrx_word' id='word_1_803' title='bbox 1061 2660 1099 2683; x_wconf 91' lang='grc' dir='ltr'><strong>σι,</strong></span> <span class='ocrx_word' id='word_1_804' title='bbox 1128 2651 1176 2678; x_wconf 81' lang='grc' dir='ltr'>καὶ</span> <span class='ocrx_word' id='word_1_805' title='bbox 1206 2652 1413 2686; x_wconf 80' lang='grc' dir='ltr'>πληϐύνονται·</span> <span class='ocrx_word' id='word_1_806' title='bbox 1442 2655 1512 2688; x_wconf 86' lang='grc' dir='ltr'><strong>μετά</strong></span> <span class='ocrx_word' id='word_1_807' title='bbox 1537 2655 1592 2690; x_wconf 81' lang='grc' dir='ltr'>γὰρ</span> <span class='ocrx_word' id='word_1_808' title='bbox 1619 2655 1670 2689; x_wconf 84' lang='grc' dir='ltr'>τὴν</span> <span class='ocrx_word' id='word_1_809' title='bbox 1693 2655 1849 2690; x_wconf 80' lang='grc' dir='ltr'>παράϐασιν</span> 
     </span>
    </p>
   </div>
   <div class='ocr_carea' id='block_1_111' title="bbox 1061 2696 1847 2734">
    <p class='ocr_par' dir='ltr' id='par_1_111' title="bbox 1061 2696 1847 2734">
     <span class='ocr_line' id='line_1_111' title="bbox 1061 2696 1847 2734; baseline 0.006 -11"><span class='ocrx_word' id='word_1_810' title='bbox 1061 2696 1160 2732; x_wconf 80' lang='grc' dir='ltr'>ἐρρέθη</span> <span class='ocrx_word' id='word_1_811' title='bbox 1174 2697 1213 2733; x_wconf 82' lang='grc' dir='ltr'><strong>τῷ</strong></span> <span class='ocrx_word' id='word_1_812' title='bbox 1234 2698 1330 2733; x_wconf 81' lang='grc' dir='ltr'>Ἀδὰμ,</span> <span class='ocrx_word' id='word_1_813' title='bbox 1342 2700 1502 2733; x_wconf 75' lang='grc' dir='ltr'>Τριὸόλους</span> <span class='ocrx_word' id='word_1_814' title='bbox 1525 2701 1574 2727; x_wconf 74' lang='grc' dir='ltr'>καὶ</span> <span class='ocrx_word' id='word_1_815' title='bbox 1591 2701 1726 2734; x_wconf 78' lang='grc' dir='ltr'>ἀκάνθας</span> <span class='ocrx_word' id='word_1_816' title='bbox 1742 2701 1847 2728; x_wconf 83' lang='grc' dir='ltr'>ἀνατε-</span> 
     </span>
    </p>
   </div>
   <div class='ocr_carea' id='block_1_112' title="bbox 1060 2743 1848 2783">
    <p class='ocr_par' dir='ltr' id='par_1_112' title="bbox 1060 2743 1848 2783">
     <span class='ocr_line' id='line_1_112' title="bbox 1060 2743 1848 2783; baseline 0.006 -13"><span class='ocrx_word' id='word_1_817' title='bbox 1060 2743 1110 2770; x_wconf 78' lang='grc' dir='ltr'>.ίεῐ</span> <span class='ocrx_word' id='word_1_818' title='bbox 1125 2750 1175 2769; x_wconf 86' lang='grc' dir='ltr'><strong>σοι</strong></span> <span class='ocrx_word' id='word_1_819' title='bbox 1191 2743 1211 2777; x_wconf 72' lang='grc' dir='ltr'>ἡ</span> <span class='ocrx_word' id='word_1_820' title='bbox 1307 2745 1391 2772; x_wconf 82' lang='grc' dir='ltr'>Πάλιν</span> <span class='ocrx_word' id='word_1_821' title='bbox 1414 2746 1428 2771; x_wconf 78' lang='grc' dir='ltr'>ὁ</span> <span class='ocrx_word' id='word_1_822' title='bbox 1452 2747 1574 2782; x_wconf 79' lang='grc' dir='ltr'>γεωργὸς</span> <span class='ocrx_word' id='word_1_823' title='bbox 1602 2748 1713 2774; x_wconf 85' lang='grc' dir='ltr'>ἐκπονεῖ</span> <span class='ocrx_word' id='word_1_824' title='bbox 1738 2748 1771 2783; x_wconf 78' lang='grc' dir='ltr'>τῇ</span> <span class='ocrx_word' id='word_1_825' title='bbox 1800 2748 1848 2783; x_wconf 78' lang='grc' dir='ltr'>γῇ,</span> 
     </span>
    </p>
   </div>
   <div class='ocr_carea' id='block_1_113' title="bbox 1061 2789 1848 2829">
    <p class='ocr_par' dir='ltr' id='par_1_113' title="bbox 1061 2789 1848 2829">
     <span class='ocr_line' id='line_1_113' title="bbox 1061 2789 1848 2829; baseline 0.006 -13"><span class='ocrx_word' id='word_1_826' title='bbox 1061 2789 1232 2818; x_wconf 81' lang='grc' dir='ltr'>ἀνα-σκάπτει</span> <span class='ocrx_word' id='word_1_827' title='bbox 1245 2790 1295 2823; x_wconf 79' lang='grc' dir='ltr'><strong>τὰς</strong></span> <span class='ocrx_word' id='word_1_828' title='bbox 1304 2791 1436 2824; x_wconf 76' lang='grc' dir='ltr'>ἀκάνθας.</span> <span class='ocrx_word' id='word_1_829' title='bbox 1448 2792 1495 2820; x_wconf 73' lang='grc' dir='ltr'>καὶ</span> <span class='ocrx_word' id='word_1_830' title='bbox 1511 2793 1590 2823; x_wconf 75' lang='grc' dir='ltr'>αὗται</span> <span class='ocrx_word' id='word_1_831' title='bbox 1601 2793 1641 2821; x_wconf 79' lang='grc' dir='ltr'><strong>ἐτι</strong></span> <span class='ocrx_word' id='word_1_832' title='bbox 1657 2793 1848 2829; x_wconf 80' lang='grc' dir='ltr'>πληθύνονται.</span> 
     </span>
    </p>
   </div>
  </div>
