2078 3151
214 169 268 202 689

796 175 982 208 HOMILI/E.
997 188 1032 194 --
1045 175 1140 207 ΗΟΜ.
1161 177 1265 208 XXVI.

1792 181 1846 213 690

222 224 355 252 ’Δνάλαϐε
372 224 452 253 τοῦτο
467 227 661 264 πνευματικῶς
671 236 678 245 ·
696 230 766 265 μετὰ
779 231 835 267 γὰρ
851 232 901 266 τὴν
914 231 997 266 παρά-

1055 233 1202 261 ritualiter.
1215 233 1283 261 Nam
1307 238 1369 269 post
1392 234 1637 270 transgressionem
1669 239 1740 263 terra
1754 237 1848 265 cordis

216 271 296 298 ϐασιν
315 271 332 306 ἡ
358 271 396 307 γῆ
416 272 449 298 ὲκ
462 273 511 308 τῆς
535 273 650 310 καρδίας
673 275 785 311 ἐκφέρει
810 277 934 309 ἀκάνθας
957 278 1003 304 καὶ

214 316 358 353 τριϐόλους
370 325 377 332 ·
397 318 546 353 ἐργάζεται
560 321 574 346 ὁ
588 319 744 356 ἄνθρωπος,
759 324 881 360 ὲκπονεϊ,
899 324 947 350 καὶ
960 323 1003 351 ἔτι

215 363 242 388 αἱ
259 361 378 390 ἄκανθαι
402 363 458 391 τῶν
484 365 610 400 πονηρῶν
634 368 799 402 πνευμάτων
824 369 1002 404 ἀναφύονται.

215 406 282 436 Εἶτα
301 409 368 436 αὐτὸ
381 409 411 436 τὸ
428 410 506 444 ἀγιον
521 411 634 446 Πνεῦμα
657 413 938 449 συναντιλαμϐάνεται
953 415 1004 450 τῆς

215 453 360 486 ἀσθενείας
372 455 427 481 τῶν
452 455 616 490 ἀνθρώπων,
642 457 690 484 καὶ
709 458 723 484 ὁ
735 458 837 494 Κύριος
861 459 953 494 βάλλει
973 462 1004 487 ὲν

215 498 283 535 αὐτῇ
299 501 331 536 τῇ
354 502 390 537 γῇ
424 501 474 536 τῆς
505 503 620 538 καρδίας
651 504 752 540 σπόρον
764 505 936 541 ἐπουράνιον,
956 507 1003 534 καὶ

214 545 362 580 ὲργάςεται
378 546 464 582 αὑτήν
476 555 483 561 ·
502 547 550 574 καὶ
561 549 692 581 πεσόντος
713 550 761 577 τοῦ
778 551 892 588 σπόρου,
909 553 1002 589 ἀκμὴν

214 591 239 616 οἱ
258 591 380 626 τρίϐολοι
395 592 444 618 καὶ
458 593 574 620 ἄκανθαι
594 594 772 630 ἀναφύονται.
787 597 873 624 Πάλιν
889 599 971 631 αὐτὸς
988 600 1003 627 δ

216 636 329 672 Κύριος,
349 638 398 664 καὶ
420 637 435 663 ό
451 638 596 674 ἄνθρωπος
622 640 785 675 ἐργάζονται
810 643 861 678 τὴν
879 643 932 679 γῆν
952 645 1003 680 τῆς

153 692 155 694 ·
214 681 314 717 ψυχῆς,
335 684 382 710 καὶ
397 683 469 711 ἑπτὰ
487 685 596 720 πονηρὰ
615 686 759 722 πνεύματα
775 688 823 714 καὶ
841 690 869 716 αι
883 689 1002 718 ἄκανθαι

217 728 345 764 βρύουσιν
360 729 428 762 ἐκεῖ,
449 729 497 756 καὶ
513 730 691 764 ἀναφύονται,
711 732 763 765 ἕως
777 731 808 761 οὗ
825 735 937 771 γένηται
956 737 1003 764 θέ-

217 783 275 810 90;,
289 775 336 802 καὶ
347 775 483 811 πλεονάσῃ
498 777 514 812 ἠ
531 777 621 811 χάρις,
640 778 687 805 και
709 779 954 816 καταξηρανθῶσιν
968 783 1002 810 ἐκ

211 822 262 857 τῆς
276 821 382 857 θέρμης
393 822 440 848 τοῦ
454 823 532 858 ἡλίου
547 824 575 850 ai
588 824 717 853 ἄκανθαι.

247 866 312 894 KB’.
334 867 365 894 Ει
391 867 446 903 γὰρ
463 869 510 895 καὶ
539 868 648 896 σύνεστι
672 869 757 898 κακία
776 872 809 907 τῇ
831 872 921 907 φύσει,
941 874 1001 901 ἀλλ’

1056 280 1183 315 producit
1196 280 1289 314 spinas
1299 284 1327 307 et
1338 280 1453 308 tribulos
1466 290 1472 307 :
1486 281 1588 308 excolit
1599 281 1692 313 homo.
1710 281 1845 314 elaborat.

1055 324 1148 352 adhuc
1172 328 1263 352 tamen
1294 325 1379 360 spinae
1406 333 1552 360 pravorum
1584 326 1732 361 spirituum
1780 334 1846 354 ena-

1054 375 1182 398 scuntur.
1197 370 1301 398 Deinde
1319 375 1430 398 sanctus
1446 371 1491 399 ille
1504 371 1622 407 Spiritus
1633 373 1774 408 suppetias
1792 374 1846 402 fert

1054 418 1238 446 imbecillitati
1263 419 1401 451 humanae,
1415 423 1443 446 et
1458 419 1590 447 Dominus
1607 421 1684 455 101
1715 421 1799 448 mittit
1817 421 1844 449 iu

1054 467 1156 490 terram
1168 463 1261 491 cordis
1273 471 1367 492 semen
1390 464 1513 497 caeleste,
1534 469 1617 500 atque
1633 466 1734 493 excolit
1761 474 1821 493 eam
1836 475 1843 494 :

1052 516 1109 544 quo
1124 510 1229 537 semine
1239 510 1322 545 jacto,
1338 510 1430 537 adhuc
1444 509 1538 538 tribuli
1560 515 1588 538 et
1602 511 1688 546 spinae
1698 512 1843 546 pullulant.

1052 555 1148 582 Denuo
1181 555 1240 590 ipse
1261 555 1407 588 Dominus,
1426 563 1458 583 ac
1487 556 1570 583 homo
1597 562 1726 584 exercent
1742 562 1844 585 terram

1052 601 1161 632 animae.
1175 605 1204 628 et
1219 605 1324 636 septem
1341 601 1405 629 mali
1427 601 1542 636 spiritus
1563 609 1595 628 ac
1609 601 1694 636 spinae
1713 602 1845 629 exoriun-

1053 650 1099 673 tur
1124 646 1190 679 illic,
1206 651 1235 674 et
1258 647 1437 682 repullulant,
1460 647 1550 674 donec
1574 647 1802 677 adveniataestas.
1816 652 1844 675 et

1052 692 1175 721 abundet
1189 693 1287 729 gratia,
1302 701 1335 721 ac
1349 693 1524 721 desiccentur
1539 692 1574 720 ab
1589 698 1656 721 aestu
1671 693 1737 721 solis
1758 694 1843 727 spinae

1051 741 1148 766 enatae.

1087 868 1173 896 XXII.
1200 868 1258 896 Etsi
1277 868 1352 896 enim
1371 868 1495 904 nequitia
1517 868 1640 896 adbmret
1670 874 1784 900 naturae.
1801 869 1842 896 sic

210 911 284 939 οὕτω
305 913 499 948 κατακυριεύει
523 914 637 949 ταύτης,
650 915 668 950 ἢ
689 915 746 951 ἔχει
764 918 859 953 νομήν.
874 919 930 951 Τὰς
944 919 997 956 γάρ

1053 919 1142 943 tamen
1162 915 1321 942 dominatur
1336 915 1374 948 ei,
1389 922 1451 950 qua!
1475 915 1558 942 habet
1584 919 1703 950 pastum.
1721 914 1842 942 Teucras

211 958 351 996 τρυφεράς
362 959 445 994 χλόας
457 959 506 986 τοῦ
522 960 597 987 σίτου
613 960 727 988 δύναται
750 962 786 990 τὰ
804 962 914 995 ζιζάνια
928 973 998 1000 συμ-

213 1004 333 1039 πνίγειν.
357 1004 511 1037 Φθάσαντος
525 1006 554 1033 δὲ
579 1006 674 1042 θέρους
695 1007 766 1042 μετὰ
784 1007 814 1034 τδ
833 1008 998 1045 ξηρανθῆναι

209 1051 273 1082 τοὺς
292 1051 426 1086 καρποὺς,
441 1051 518 1078 οὐδὲν
536 1051 726 1086 βλάπτουσιτά
740 1052 847 1085 ζιζάνια
855 1055 901 1081 τὸν
916 1055 997 1083 σῖτον.

210 1097 266 1123 Καὶ
284 1096 340 1131 γάρ
355 1096 404 1123 ἐὰν
414 1096 505 1132 συμϐῇ
523 1097 671 1132 τριάκοντα
688 1098 796 1132 μοδίους
810 1096 890 1133 εἶναι,
911 1100 998 1127 καθα-

210 1142 259 1178 ροῦ
271 1142 357 1175 σίτου,
372 1142 431 1170 ἐστι
443 1142 499 1179 γὰρ
514 1142 588 1177 μίξις
600 1144 659 1170 ἐκεῖ
669 1143 808 1176 ζιζανίων.
826 1145 864 1178 ὼς
879 1146 998 1181 χοινικός

208 1197 236 1216 τι
256 1188 478 1224 παραφαίνεσθαι
491 1197 499 1205 ⁸
521 1189 660 1224 κέχωσται
682 1190 738 1226 γὰρ
760 1190 805 1217 διὰ
817 1191 863 1218 τὴν
887 1192 998 1218 πλεονα-

209 1233 278 1269 σμὸν
292 1234 340 1261 τοῦ
354 1235 428 1261 σίτου
441 1243 448 1250 ·
461 1234 532 1261 οὕτω
543 1235 590 1262 καὶ
606 1236 635 1262 ὲν
646 1237 678 1271 τῇ
696 1236 866 1271 χάριτι,ὄταν
880 1236 996 1264 πλεονά-

209 1287 244 1316 σῃ
272 1279 289 1315 ή
307 1279 396 1315 δωρεὰ
424 1279 472 1306 τοῦ
487 1279 566 1311 Θεοῦ,
594 1281 641 1307 καὶ
658 1281 675 1315 ἡ
692 1281 771 1316 χάρις
785 1283 824 1314 είς
838 1282 883 1309 τὸν
893 1282 998 1318 ἀνθρω-

209 1333 270 1357 πον,
288 1325 337 1352 καὶ
358 1325 460 1360 πλουτῇ
477 1326 517 1357 είς
540 1325 586 1352 τὺν
616 1325 729 1362 Κύριον,
751 1328 818 1361 συνῇ
833 1326 862 1353 δὲ
882 1328 899 1363 ἡ
913 1328 998 1354 κακία

210 1371 343 1407 μερικῶς,
358 1371 389 1398 οὐ
403 1370 516 1398 δύναται
523 1371 696 1406 καταϐλάψαι
707 1371 754 1398 τὸν
769 1371 924 1408 ἄνθρωπον.
935 1372 996 1399 οὔτε

207 1417 266 1453 ἔχει
289 1417 365 1453 ίσχύν
379 1426 450 1449 τινα,
465 1418 482 1453 ἢ
499 1417 584 1453 νομὴν
606 1417 666 1444 κατ’
684 1417 779 1444 αὐτοῦ.
816 1417 847 1444 'II
870 1417 925 1453 γάρ
948 1417 996 1444 τοῦ

186 1487 190 1491 .
209 1464 313 1501 Κυρίου
324 1464 440 1496 ἐλευσις,
455 1465 503 1491 καὶ
516 1465 533 1499 ἡ
546 1463 659 1499 πρόνοια
670 1464 715 1490 διὰ
728 1463 806 1490 τοῦτο
816 1463 938 1499 γέγονεν,
954 1464 997 1490 ἵνα

208 1510 273 1542 τοὺς
292 1511 326 1546 τῇ
344 1510 429 1546 κακίᾳ
450 1509 665 1545 δεδουλωμένους
680 1509 770 1543 ὄντας,
799 1510 847 1536 καὶ
874 1509 995 1545 ἐνόχους,

207 1556 255 1602 καὶ
265 1555 500 1602 ὑποτεταγμένους
512 1553 691 1591 ἐλευθερώσῃ,
704 1555 750 1581 καὶ
762 1555 864 1591 ποιήσῃ
883 1555 996 1602 νικητάς
1009 1573 1031 1602 c

206 1601 254 1629 τοῦ
270 1601 387 1629 θανάτου
409 1600 456 1628 καὶ
472 1600 522 1636 τῆς
541 1601 689 1636 ἁμαρτίας.
706 1601 763 1627 Οὐκ
780 1601 933 1634 ὀφείλουσιν
945 1599 992 1628 οὖν

207 1647 317 1682 ἀδελφοὶ
337 1646 502 1680 ξενίζεσθαι,
519 1647 574 1674 εἴτε
596 1646 649 1673 ὑπό
668 1655 749 1674 τινων
775 1645 910 1674 θλίϐονται
928 1646 997 1683 πρὸς

206 1692 238 1720 τὸ
254 1692 352 1724 κακίας
369 1691 570 1727 ἀπαλλαγῆναι.

243 1736 306 1765 ΚΓ.
324 1737 379 1764 Καὶ
393 1737 448 1774 γὰρ
462 1738 502 1769 είς
515 1737 547 1764 τὺ
562 1736 677 1764 παλαιὸν
700 1737 806 1772 Μωσῆς
821 1737 869 1764 καὶ
889 1736 996 1772 ’Λαρὼν

206 1784 313 1820 ἔχοντες
326 1783 376 1819 τὴν
394 1783 557 1819 ίερωσύνην,
579 1783 666 1810 πολλά
679 1783 782 1810 ἔπαθον
796 1791 804 1799 ·
821 1783 950 1817 Καϊάφας
965 1783 994 1809 δὲ

205 1831 255 1866 τὴν
265 1830 379 1858 ἐκείνων
389 1829 524 1865 γαθέδραν
539 1829 620 1864 ἔχων,
640 1828 721 1860 αὐτὸς
734 1828 828 1861 ἐδίωξε
858 1828 906 1855 καὶ
928 1837 995 1855 κατ-

211 1877 304 1911 έκρινε
320 1876 366 1903 τὸν
380 1875 495 1910 Κύριον·
508 1875 584 1911 ὅμως
593 1874 622 1901 δὲ
638 1875 689 1910 τὴν
703 1874 852 1910 ἱερωσύνην
865 1875 878 1900 6
892 1873 995 1908 Κύριος

207 1921 307 1957 τιμῶν,
323 1921 431 1956 ἀφῆκεν
454 1919 521 1947 αὐτὸ
543 1920 671 1955 γενέσθαι
684 1928 691 1936 ·
705 1920 807 1956 ὁμοίως
818 1919 844 1946 οί
855 1919 994 1955 προφῆται

206 1968 252 1995 ὑπ’
279 1966 362 1994 αὑτοῦ
388 1966 437 1994 τοῦ
457 1966 550 1999 ἔθνους
579 1966 736 1994 ἐδιώκοντο.
764 1965 866 1993 Λοιπὸν
891 1966 995 2001 Πέτρος

205 2013 308 2042 Μωσὲα
330 2013 477 2047 διεδέξατο,
494 2013 544 2049 τὴν
559 2013 656 2048 καινὴν
673 2011 837 2047 Ἐκκλησίαν
861 2010 993 2046 Χριστοῦ,

205 2059 254 2087 καὶ
264 2059 312 2095 τὴν
324 2059 456 2094 ἀληθινὴν
469 2059 619 2094 ἱερωσύνην
634 2057 817 2094 ἐγχειρισθείς
827 2078 834 2086 .
864 2057 922 2084 Νῦν
939 2057 994 2093 γάρ

204 2107 263 2134 ἐστι
274 2105 417 2141 βάπτισμα
428 2105 517 2141 πυρὸς
534 2105 580 2132 καὶ
603 2104 774 2140 ῐινεύματος,
790 2103 838 2131 καὶ
854 2103 992 2139 περιτομή

203 2160 246 2184 τις
259 2152 288 2178 ἐν
304 2151 404 2187 καρδίᾳ
417 2150 558 2187 γινομένη.
575 2150 613 2177 Τὸ
635 2150 689 2185 γὰρ
708 2149 780 2177 θεῖον
801 2149 850 2176 καὶ
876 2149 994 2184 ἐπουρά-

203 2205 260 2224 νιον
273 2196 386 2232 Πνεῦμα
399 2196 527 2232 ἐπιδημεῖ
540 2197 569 2222 ὲν
584 2195 623 2231 τῷ
639 2195 677 2231 νῷ
690 2203 698 2211 ο
713 2195 782 2231 πλὴν
793 2194 855 2221 οὕτε
883 2191 956 2221 οὗτοι
969 2194 994 2221 οῑ

1050 961 1124 989 enim
1156 961 1257 988 herbas
1289 961 1421 988 frumenti
1442 964 1535 995 potest
1563 960 1660 987 Iolimu
1687 959 1840 992 suffocare;

1050 1008 1197 1043 ingruente
1214 1014 1280 1034 vero
1291 1011 1386 1034 astate
1402 1005 1449 1033 ubi
1464 1005 1572 1033 fructus
1584 1005 1714 1033 exsiccati
1727 1005 1840 1038 fuerint,

1049 1053 1119 1081 nihil
1143 1052 1219 1080 laedit
1244 1052 1340 1080 lolium
1367 1051 1547 1078 frumentum.
1572 1051 1666 1086 Itaque
1680 1051 1702 1078 si
1716 1051 1842 1078 evenerit

1048 1103 1080 1126 ut
1095 1099 1151 1126 sint
1173 1098 1285 1133 triginta
1309 1097 1393 1125 modii
1411 1096 1544 1125 frumenti
1559 1097 1632 1132 puri,
1647 1097 1691 1124 vix
1706 1097 1763 1124 illic
1776 1105 1841 1132 per-

1048 1146 1142 1174 mistio
1155 1146 1224 1178 lolii,
1240 1146 1318 1173 velut
1331 1146 1453 1181 aliquota
1473 1146 1584 1174 sextarii
1602 1154 1665 1181 pars
1679 1146 1839 1181 apparebit,

1048 1192 1146 1220 obruta
1163 1196 1227 1219 sunt
1237 1191 1310 1219 enim
1324 1191 1409 1218 nimia
1421 1192 1500 1226 copia
1516 1191 1645 1219 frumenti
1659 1200 1665 1218 :
1682 1192 1721 1218 sic
1730 1199 1840 1226 quoque

1048 1237 1077 1265 in
1093 1238 1191 1273 gratia,
1207 1245 1269 1265 cum
1281 1237 1386 1264 donum
1403 1237 1450 1264 Dei
1469 1241 1496 1264 et
1509 1237 1595 1272 gratia
1613 1237 1797 1265 abundaverit
1812 1238 1840 1265 in

1047 1284 1172 1316 homine,
1189 1288 1271 1318 atque
1282 1283 1470 1318 ditescaterga
1485 1283 1644 1314 Dominum,
1661 1283 1732 1310 adsit
1747 1288 1839 1311 tamen

1047 1329 1139 1363 aliqua
1152 1328 1179 1355 in
1195 1333 1274 1363 parte
1287 1328 1430 1363 nequitia;
1455 1329 1552 1363 nequit
1566 1328 1611 1355 illa
1627 1329 1728 1356 decre
1748 1329 1840 1356 homi-

1047 1383 1122 1406 nem,
1151 1382 1242 1410 neque
1271 1375 1327 1402 vim
1355 1375 1438 1401 ullam
1464 1378 1512 1401 aut
1537 1374 1684 1409 imperium
1716 1375 1742 1402 in
1774 1383 1840 1402 eum

1047 1421 1165 1448 obtinet.
1183 1421 1324 1448 Adventus
1349 1421 1422 1448 enim
1440 1420 1547 1448 Domini
1561 1425 1589 1447 et
1604 1421 1776 1455 providentia
1797 1425 1840 1449 est

1047 1472 1204 1503 propterea,
1221 1471 1251 1495 ut
1263 1467 1290 1494 in
1305 1467 1468 1495 servitutem
1479 1467 1590 1494 malitia:
1609 1467 1840 1503 redactos,eique

1047 1513 1181 1541 obnoxios
1210 1517 1239 1540 et
1265 1513 1426 1548 subjugatos
1449 1513 1592 1545 liberaret,
1620 1521 1652 1541 ac
1683 1514 1787 1548 peccati
1812 1520 1840 1542 et

1047 1557 1146 1585 mortis
1162 1557 1282 1585 victores
1305 1557 1437 1584 ediceret.
1455 1557 1515 1584 Non
1533 1556 1636 1585 debent
1661 1566 1726 1593 ergo
1742 1558 1840 1586 fratres

1048 1603 1232 1632 admiratione
1259 1602 1334 1636 duci,
1358 1602 1381 1630 si
1401 1610 1416 1630 a
1441 1602 1607 1637 quibusdam
1634 1603 1800 1639 afﬂigantur,
1812 1604 1840 1632 id

1047 1649 1088 1682 fit,
1104 1652 1136 1676 ut
1148 1648 1325 1676 vindicentur
1341 1655 1357 1675 a
1371 1648 1482 1676 malitia.

1080 1734 1177 1764 XXIII.
1201 1737 1312 1764 Etenim
1342 1737 1482 1772 quondam
1508 1737 1598 1765 Moses
1619 1742 1647 1765 et
1660 1737 1840 1770 Aaron,cum

1046 1783 1203 1819 potirentur
1225 1783 1392 1815 sacerdotio.
1410 1784 1496 1810 multa
1513 1783 1699 1818 pertulerunt.
1721 1783 1840 1818 Caiphas

1045 1834 1151 1862 autem,
1171 1829 1219 1865 qui
1236 1837 1333 1857 eorum
1350 1829 1510 1856 cathedram
1534 1829 1656 1861 tenebat,
1672 1829 1730 1864 ipse
1744 1837 1839 1865 perse-

1046 1879 1128 1903 cutus
1157 1880 1211 1908 est,
1234 1879 1262 1903 et
1284 1874 1480 1902 condemnavit
1509 1875 1679 1902 Dominum:
1706 1875 1840 1902 Dominus

1046 1925 1137 1949 tamen
1151 1921 1338 1949 sacerdotium
1361 1925 1521 1949 reverenter
1536 1921 1652 1953 habens,
1670 1920 1840 1956 permisitil-

1044 1968 1092 1995 Iud
1106 1967 1176 1995 fieri.
1195 1967 1294 1995 Itidem
1309 1967 1450 2002 prophetae
1462 1975 1476 1994 a
1492 1971 1574 2002 gente
1595 1974 1644 1994 sua
1666 1967 1840 2001 persecutio-

1044 2022 1109 2041 nem
1122 2013 1195 2049 passi
1219 2017 1294 2041 sunt.
1316 2013 1417 2040 Postea
1441 2012 1535 2040 Mosen
1549 2012 1659 2047 excepit
1672 2012 1780 2045 Petrus,
1793 2011 1840 2040 cui

1044 2067 1116 2087 nova
1136 2059 1257 2088 Ecclesia
1279 2058 1382 2087 Christi
1401 2066 1433 2086 ac
1454 2066 1552 2086 verum
1569 2059 1754 2086 sacerdotium
1765 2065 1841 2086 com-

1045 2105 1160 2132 missum
1185 2109 1238 2132 est.
1255 2104 1315 2132 Jam
1339 2104 1414 2132 enim
1437 2108 1479 2131 est
1496 2104 1633 2139 baptisma
1650 2103 1721 2139 ignis
1736 2108 1764 2131 et
1782 2103 1839 2138 spi-

1045 2151 1126 2183 ritus,
1147 2154 1177 2178 et
1189 2150 1366 2178 circumcisio
1381 2149 1506 2185 quadam
1523 2149 1551 2177 in
1568 2149 1652 2177 corde
1666 2149 1705 2176 fit.
1722 2149 1840 2177 Divinus

1044 2197 1118 2224 enim
1140 2201 1168 2224 et
1187 2196 1307 2224 caelestis
1329 2195 1451 2231 Spiritus
1470 2200 1658 2223 commoratur
1682 2195 1710 2222 in
1735 2199 1838 2222 mente.

203 2242 311 2274 τέλειοι,
328 2242 380 2274 ἕως
394 2243 463 2269 εἰσὶν
474 2243 514 2274 εἰς
528 2241 578 2276 τὴν
589 2241 689 2277 σάρκα,
703 2239 886 2276 ἀμεριμνοῦσι
906 2239 951 2266 διὰ
960 2239 992 2266 τὸ

1047 2243 1144 2270 Verum
1166 2249 1256 2277 neque
1280 2241 1308 2269 hi
1334 2242 1462 2277 perfecti.
1478 2242 1602 2277 quandiu
1628 2241 1733 2269 suntin
1745 2249 1840 2274 carne,

204 2287 391 2320 αὐτεξούσιον,
421 2287 478 2314 ἀλλ’
506 2287 620 2322 ἔμφοϐοι
639 2287 693 2314 εἰσι
705 2294 712 2302 ·
730 2286 772 2313 διὸ
797 2287 845 2313 καὶ
861 2294 992 2322 παραχω-

206 2333 316 2368 ροῦνται
341 2333 533 2368 πειράζεσθαι.
562 2333 593 2359 Et
616 2332 644 2359 δὲ
665 2332 764 2368 φθάσει
786 2333 803 2368 ή
826 2331 900 2367 ψυχὴ
923 2331 993 2368 πρὸς

203 2379 312 2415 ἐκείνην
325 2379 375 2414 τὴν
389 2379 467 2406 πόλιν
482 2378 537 2405 τῶν
551 2378 637 2412 ἁγίων
652 2378 791 2409 ἀπελθεῖν,
806 2378 866 2404 τότε
879 2377 992 2404 δύναται

205 2425 286 2461 μόνον
301 2424 366 2452 ἀνευ
389 2425 506 2461 θλίψεως
530 2425 578 2452 καὶ
603 2424 790 2460 πειρατηρίων
807 2421 895 2451 εἶναι·
920 2424 994 2450 Ἐκεῖ

203 2472 259 2506 γὰρ
274 2471 367 2498 οὐκέτι
379 2471 437 2498 ἐστὶ
462 2471 592 2506 μέριμνα.
610 2470 627 2506 ἢ
648 2470 748 2505 θλίψις,
767 2469 784 2505 ἢ
802 2469 893 2501 πόνος,
909 2468 926 2504 ἢ
941 2468 993 2504 γῆ-

206 2525 267 2552 ρας.
277 2517 294 2552 ἢ
314 2517 447 2549 Σατανᾶς,
459 2516 476 2551 ἢ
493 2516 613 2551 πόλεμος
625 2523 632 2531 ·
649 2515 707 2542 ἀλλ’
730 2515 894 2548 ἀνάπαυσις,
908 2514 992 2550 χαρά,

204 2560 310 2596 είρήνη.
325 2560 373 2587 καὶ
386 2560 519 2595 σωτηρία.
548 2559 577 2587 ’0
588 2559 642 2596 γὰρ
653 2559 755 2595 Κύριος
767 2560 797 2586 ὲν
812 2559 888 2595 μέσῳ
903 2559 994 2586 αὐτῶν

203 2604 289 2635 ἐστιν,
317 2603 346 2635 ὃς
372 2604 543 2632 ἐπικαλεῖται
562 2604 658 2640 Σωτὴρ
682 2604 727 2631 διὰ
751 2604 782 2631 τδ
806 2604 904 2636 σώζειν
928 2604 994 2636 τοὺς

204 2648 396 2684 αἰχμαλώτους
408 2656 417 2665 ·
435 2649 526 2686 ἰατρὸς
550 2649 741 2683 ἐπικέκληται,
760 2648 854 2684 δπειδὴ
868 2649 995 2685 οὐράνιον

203 2693 253 2719 καὶ
267 2693 360 2721 θιῑκδν
370 2693 516 2730 φάρμακον
536 2694 639 2728 δίδωσι,
655 2694 702 2721 καὶ
716 2694 788 2721 ἰᾶται
801 2694 835 2722 τὰ
857 2693 932 2729 πάθη
943 2693 994 2728 τῆς

203 2739 311 2775 ψυχῆς·
340 2739 370 2768 ιν
391 2749 446 2768 τισι
479 2741 535 2777 γὰρ
553 2739 717 2776 ’κυριεύουσι
744 2739 791 2767 τοῦ
827 2739 993 2774 ἀνθρώπου·

205 2785 275 2819 πρὸς
302 2786 382 2821 λόγον
409 2787 438 2814 δὲ
461 2787 559 2821 εἰπεῖν,
577 2787 636 2814 ἔστι
661 2786 797 2819 Βασιλεὺς
823 2787 870 2814 καὶ
886 2786 963 2820 Θεὺς,
980 2787 994 2813 ό

211 2830 317 2866 Ἰησοῦς
329 2841 336 2849 ·
352 2832 486 2868 τύραννος
499 2833 528 2860 δὲ
545 2834 592 2860 καὶ
607 2832 700 2868 ἄρχων
711 2832 806 2865 κακὸς,
826 2833 841 2859 ὀ
860 2832 993 2864 Σατανᾶς.

1043 2291 1138 2315 carent
1161 2286 1350 2315 sollicitudine
1378 2291 1491 2322 propter
1520 2286 1630 2314 arbitrii
1664 2286 1840 2319 libertatem;

1043 2333 1090 2360 sed
1109 2337 1184 2360 metu
1205 2333 1401 2368 percutiuntur
1415 2352 1424 2365 ,
1453 2337 1536 2367 atque
1564 2337 1711 2368 propterea
1737 2331 1838 2359 tentari

1044 2379 1253 2415 permittuntur.
1270 2378 1322 2406 Ubi
1347 2386 1414 2406 vero
1431 2379 1523 2406 anima
1551 2378 1585 2405 ad
1606 2378 1681 2405 illam
1696 2377 1846 2418 civitatem‘

1044 2429 1202 2451 sanctorum
1220 2423 1391 2458 pervenerit,
1407 2427 1464 2451 tum
1475 2423 1585 2450 demum
1597 2422 1700 2457 absque
1715 2422 1840 2449 aIIIictio-

1045 2469 1128 2497 nibus
1153 2474 1181 2497 et
1207 2469 1410 2496 tcntationibus
1437 2469 1521 2496 vitam
1552 2476 1633 2504 agere
1662 2472 1762 2503 potest.
1781 2467 1840 2495 Illic

1044 2515 1119 2543 enim
1139 2523 1193 2542 non
1211 2515 1331 2550 amplius
1348 2519 1391 2542 cst
1405 2515 1576 2546 sollicitudo,
1594 2519 1641 2541 aut
1655 2513 1781 2545 afﬂictio,
1792 2517 1841 2541 aut

1045 2560 1134 2592 labor.
1156 2564 1205 2587 aut
1229 2564 1370 2591 senectus.
1392 2563 1440 2586 aut
1454 2559 1582 2591 Satanas,
1600 2563 1648 2586 aut
1663 2559 1778 2591 bellum,
1790 2558 1840 2586 sed

1045 2605 1170 2640 requies,
1187 2604 1331 2641 gaudium,
1354 2604 1450 2632 laetitia
1464 2609 1492 2632 et
1508 2604 1593 2631 salus;
1611 2604 1641 2631 In
1658 2603 1750 2631 medio
1765 2603 1840 2631 enim

1045 2650 1156 2678 illorum
1172 2655 1215 2678 est
1228 2650 1371 2684 Dominus,
1385 2650 1432 2686 qui
1449 2650 1606 2685 appellatur
1615 2650 1753 2682 Salvator,
1764 2649 1839 2684 quod

1046 2696 1144 2724 liberet
1160 2697 1285 2732 captivos
1299 2705 1306 2723 :
1329 2697 1484 2732 appellatur
1500 2697 1636 2729 medicus,
1653 2691 1727 2731 quod
1752 2696 1837 2723 coale-

1046 2750 1116 2771 stem
1130 2751 1162 2770 ac
1175 2743 1296 2770 divinam
1309 2742 1474 2771 medicinam
1489 2741 1623 2774 conferat,
1635 2746 1664 2769 et
1679 2741 1842 2769 affectiones

1046 2789 1146 2816 anima:
1157 2793 1256 2816 curet:
1283 2788 1460 2823 aliquatenus
1482 2787 1556 2815 enim
1575 2787 1723 2822 imperium
1737 2786 1765 2813 in
1785 2784 1839 2813 lio-

1049 2833 1150 2860 minem
1169 2832 1297 2861 obtinent
1322 2833 1383 2861 illa).
1403 2832 1463 2861 Uno
1481 2832 1566 2860 verbo
1578 2836 1673 2860 autem
1692 2836 1723 2861 ut
1735 2831 1838 2865 dicam,

204 2877 284 2906 Jesus
298 2883 340 2907 est
352 2878 412 2908 Rex
425 2883 453 2907 et
467 2879 557 2914 Deus;
577 2879 693 2908 Satanas
713 2883 805 2908 autem
820 2883 953 2916 tyrannus
965 2883 992 2907 et
1009 2880 1137 2915 princeps
1155 2880 1295 2916 nequitiae.
