2079 3152
243 155 293 188 691

863 154 893 183 S.
915 151 1073 182 MACARII
1093 148 1254 179 [EGYPTII

1814 147 1868 180 692

280 213 374 242 XXIV.
390 211 467 246 Quod
479 214 614 246 superest,
631 209 706 237 Deus
719 211 753 236 et'
764 207 853 243 angeli
866 207 926 242 ejus
944 204 1032 232 homi-

1117 203 1179 229 KA’.
1195 201 1296 229 Λοιπὸν
1310 201 1325 228 6
1347 199 1413 232 Θεὸς
1434 200 1481 228 καὶ
1494 199 1520 227 οἰ
1541 200 1652 235 ἄγγελοι
1665 199 1749 228 αὑτοῦ
1763 200 1809 228 τὸν
1822 201 1870 228 άν-

244 267 308 288 rrem
324 259 401 286 illum
418 257 514 285 volunt
531 263 584 283 una
605 262 698 282 secum
715 253 898 281 domesticum
914 251 1030 290 reddere

245 305 274 332 in
289 312 389 340 regno:
407 303 503 330 itidem
527 301 653 330 diabolus
677 305 706 328 et
720 299 809 334 angeli
827 299 887 333 ejus
899 300 1031 331 exoptant

243 358 308 377 eum
323 350 375 377 sibi
395 349 545 384 adjungere
570 351 598 374 et
619 346 648 373 iu
668 352 732 373 suas
748 348 840 379 partes
856 341 1030 378 pertrahere.

244 395 332 423 Media
345 395 426 430 igitur
439 398 480 421 est
490 393 581 420 anima
597 393 669 419 inter
683 391 753 418 duas
763 390 936 425 hypostases,
948 392 1030 422 atque

245 448 331 468 utram
347 441 374 468 in
390 445 495 475 partem
515 443 608 473 postea
629 437 768 465 inclinarit
784 436 911 463 voluntas
921 433 1029 464 animae,

244 488 304 522 ejus
323 486 352 513 ﬁt
372 485 618 522 propria,ejusque
641 483 724 510 ﬁlius.
746 481 862 509 Perinde
875 484 979 511 autem,
999 485 1031 506 ac

244 532 266 559 si
284 532 373 559 mittat
395 535 474 565 pater
491 530 628 565 quispiam
653 529 681 556 in
703 528 845 563 regionem
859 526 1030 561 pcregrinam

207 576 214 580 ’
245 577 330 604 [ilium
353 584 445 608 suum,
463 575 510 602 ubi
535 578 683 602 occurrant
693 573 718 600 ei
732 573 758 599 in
771 573 814 599 via
830 571 937 603 bestiae,
949 575 1031 604 atque

243 622 369 649 conferat
389 621 428 648 illi
447 621 594 655 pharmaca
616 623 644 646 et
663 618 805 651 antidota',
821 621 852 644 ut
866 617 890 644 si
905 616 1033 643 adorian-

245 672 290 695 tur
307 675 369 695 eum
382 667 481 694 belluze
497 671 545 693 aut
555 665 699 697 dracones,
715 663 807 691 oblato
825 663 973 698 pharmace
986 661 1032 688 illa

244 711 411 739 interﬁciat:
434 709 532 737 eodem
554 716 665 743 quoque
685 707 766 734 modo
778 714 827 734 vos
843 713 953 733 omnem
967 712 1032 732 ner-

244 765 308 785 vum
327 756 472 787 intendite,
495 760 526 782 ut
549 754 691 790 accipiatis
719 753 832 781 caeleste
854 753 1031 788 pharmacum

243 803 316 837 quod
345 802 450 830 mederi
471 806 562 837 potest
591 805 619 828 et
634 799 791 827 antidotum
815 803 857 826 est
871 799 986 829 animae;
1002 802 1033 825 ut

244 848 313 882 ejus
324 847 456 874 beneﬁcio
474 845 638 873 interimatis
653 852 790 872 venenum
808 844 968 871 emittentes
981 842 1032 869 be-

1083 249 1192 284 θρωπον
1205 248 1300 275 τοῦτον
1313 247 1451 282 βούλονται
1463 246 1658 274 οἰκειώσασθαι
1676 247 1736 282 μεθ’
1764 247 1869 274 ἑαυτῶν

1081 296 1120 326 εἰς
1136 294 1185 329 τὴν
1201 293 1338 328 βασιλείαν
1351 301 1358 308 ·
1373 292 1474 328 ὁμοίως
1491 293 1506 319 ό
1517 292 1640 324 διάϐολος
1653 292 1701 319 καὶ
1713 292 1739 319 ol
1757 292 1866 326 ἄγγελοι

1081 339 1165 367 αὑτοῦ
1184 339 1308 366 θέλουσιν
1333 337 1528 365 οἰκειώσασθαι
1556 337 1652 364 τοῦτον
1675 338 1716 370 είς
1743 337 1868 368 ἑαυτούς.

1080 387 1159 420 Μέση
1181 383 1228 412 οὖν
1253 386 1327 412 ἐστιν
1348 385 1365 420 ή
1386 385 1460 420 ψυχὴ
1481 384 1534 411 τῶν
1554 384 1601 411 δύο
1616 384 1803 416 ὑποστάσεων,
1821 384 1869 410 καὶ

1080 432 1173 458 λοιπὸν
1184 431 1223 462 εἰς
1237 428 1293 457 οἷον
1308 429 1340 457 ἂν
1359 430 1440 465 μέρος
1458 429 1527 465 ρέψῃ
1539 429 1569 456 τὸ
1584 429 1690 464 θέλημα
1703 430 1753 464 τῆς
1767 428 1867 464 ψυχῆς,

1081 477 1185 504 ἐκείνου
1205 476 1310 510 γίνεται
1331 476 1378 502 καὶ
1398 476 1466 507 υῑός.
1493 476 1598 511 Ὥσπερ
1615 476 1643 502 δι
1658 475 1705 502 ἐὰν
1721 475 1868 510 ἀποστείλῃ

1080 531 1123 556 τις
1140 522 1231 557 πατὴρ
1243 523 1282 553 εἰς
1294 522 1413 557 πατρίδα
1434 521 1512 556 ξένην
1529 521 1575 548 τὸν
1599 521 1696 548 ἑαυτοῦ
1709 521 1777 553 υἱὸν,
1801 521 1867 547 ὅπου

1081 568 1240 596 ἀπαντῶσιν
1256 567 1329 603 αὐτῷ
1342 567 1403 594 καθ’
1423 567 1482 594 ὁδὸν
1498 567 1591 602 θηρία,
1609 567 1656 594 καὶ
1670 567 1777 593 δίδωσιν
1793 566 1868 602 αὐτῷ

1082 614 1228 649 φάρμακα,
1244 613 1293 640 καὶ
1310 612 1434 640 ἁντίδοτα
1444 620 1451 628 ο
1466 613 1510 639 ἴνα
1527 612 1575 639 ἐὰν
1593 612 1667 647 αὐτῷ
1683 611 1817 639 ὲπέλθωσι
1833 611 1868 638 τά

1082 660 1194 697 θηρίαῆ
1215 660 1371 696 δράκοντες,
1393 659 1476 694 ὲπιδῷ
1499 659 1530 686 τὸ
1555 659 1712 694 φάρμακον,
1737 659 1786 686 καὶ
1801 659 1870 685 άπο-

1082 705 1175 741 κτείνῃ
1197 706 1281 733 αὑτά·
1305 705 1393 736 οὕτως
1421 706 1469 732 καὶ
1490 705 1571 740 ἡμεῖς
1588 705 1758 732 σπουδάσατε
1775 705 1869 731 λαϐεῖν

1083 751 1244 786 ἐπουράνιον
1273 751 1428 786 φάρμακον,
1444 750 1474 777 τὸ
1505 751 1649 785 ιαματικὸν
1669 751 1716 777 καὶ
1731 751 1868 776 ἀντίδοτον

1082 797 1135 830 τῆς
1151 796 1252 831 ψυχῆς,
1267 795 1312 823 ῐνα
1323 796 1358 822 δι’
1370 795 1452 822 αὑτοῦ
1470 796 1649 830 ἀποκτείνητε
1660 796 1694 822 τὰ
1711 796 1801 822 ίοϐόλα
1818 795 1868 830 θη-

1085 841 1130 875 ρία
1145 841 1198 867 τῶν
1210 841 1373 877 ἀκαθάρτων
1390 841 1564 876 πνευμάτων.
1580 841 1637 867 Οὐκ
1649 841 1707 867 ἔστι
1724 841 1778 875 γὰρ
1789 840 1868 867 εὔκονι

244 880 311 919 stias
326 891 529 918 immundorum
550 889 708 924 spirituum.
724 889 785 915 Non
799 893 841 915 est
854 887 928 915 enim
942 886 1030 918 facile,

1083 886 1128 912 λον
1156 887 1283 922 πρᾶγμα,
1316 885 1439 920 καθαράν
1462 885 1574 922 καρδίαν
1592 885 1764 921 κτήσασθαι·
1788 886 1813 912 ει
1830 885 1868 920 μὴ

244 945 343 972 purum
360 945 408 965 cor
433 937 586 972 possidere,
605 935 658 963 nisi
687 935 775 962 multo
798 942 860 962 cum
880 932 1032 961 certamine

244 987 273 1010 et
300 982 405 1013 labore,
428 982 505 1017 102
526 986 558 1009 ut
582 980 780 1009 conscientiam
798 983 834 1012 {et
859 986 907 1006 cor
930 985 1032 1013 purum

245 1027 347 1055 habeat
361 1028 455 1060 homo,
471 1032 503 1054 ut
519 1027 629 1062 penitus
646 1026 778 1053 evellatur
793 1024 926 1059 nequitia.

280 1073 363 1101 XXV.
387 1073 528 1108 Contingit
552 1073 626 1100 enim
649 1072 736 1108 gratia
755 1071 874 1106 aliquem
887 1070 1032 1105 praeditum

244 1126 317 1151 esse,
336 1119 415 1154 cujus
431 1124 521 1146 tamen
542 1126 590 1146 cor
611 1117 735 1145 nondum
748 1117 784 1144 sit
799 1115 983 1152 puriﬁcatum.
998 1115 1033 1143 Et

245 1169 390 1199 propterea
402 1164 562 1192 ceciderunt
582 1164 629 1199 qui
651 1163 721 1198 lapsi
740 1167 816 1195 sunt,
841 1170 874 1190 eo
889 1162 963 1197 quod
975 1169 1032 1189 non

245 1209 435 1242 crediderunt,
452 1215 514 1244 post
538 1213 679 1244 acceptam
698 1208 813 1244 gratiam
829 1207 967 1235 adhmrere
979 1207 1032 1235 illis

245 1257 349 1282 fumum
362 1263 393 1282 ac
404 1259 557 1290 peccatum.
570 1255 671 1282 Omnes
681 1253 820 1289 verojusti
833 1260 882 1288 per
890 1257 1031 1288 angustam

245 1304 327 1334 atque
341 1299 497 1327 aﬂlictionis
515 1299 624 1338 plenam
636 1299 709 1326 viam
723 1305 812 1333 usque
826 1297 859 1324 ad
881 1297 962 1324 ﬂuctu
976 1297 1032 1325 Deo

245 1341 384 1380 placuere.
400 1345 574 1372 Abrahamus
589 1353 651 1372 cum
666 1348 741 1372 esset
755 1344 842 1377 dives,
861 1348 918 1371 tum
931 1351 1032 1371 secun-

245 1391 311 1418 dum
335 1391 419 1418 Deum
446 1396 502 1418 tum
531 1392 682 1418 secundum
712 1390 866 1422 mundum,
889 1394 986 1417 terram
1001 1398 1033 1416 ac

246 1436 382 1472 pulverem
400 1436 422 1452 ⁸³
446 1444 475 1464 se
494 1436 583 1471 ipsum
604 1436 766 1464 nominavit.
788 1436 821 1463 Et
837 1436 921 1463 David
946 1445 953 1463 :
981 1435 1033 1471 0p-

245 1481 380 1516 probrium
410 1482 554 1513 hominum,
575 1482 674 1516 inquit.
689 1486 720 1516 ,ει
748 1481 857 1517 abjectio
879 1481 969 1516 plebis.
985 1482 1030 1514 Et,

246 1526 340 1553 vermis
360 1530 384 1552 et
406 1535 457 1553 non
479 1527 553 1553 homo
564 1526 595 1553 ".
612 1526 744 1554 Similiter
756 1533 853 1553 omnes
869 1527 985 1561 apostoli
1002 1531 1030 1554 et

246 1570 388 1605 propheta:
408 1571 478 1598 male
493 1571 579 1598 habiti
601 1571 716 1598 summis
729 1571 918 1599 adiciebantur
933 1577 1031 1600 contu-

246 1615 347 1642 meliis.
363 1616 495 1643 Dominus
508 1616 577 1650 ipse,
594 1615 640 1650 qui
653 1615 697 1642 via
711 1621 754 1643 est
768 1620 796 1643 et
806 1616 888 1649 Deus,
905 1624 967 1644 cum
977 1625 1031 1644 nou

246 1665 360 1697 propter
375 1661 495 1696 seipsum
516 1662 563 1689 sed
579 1666 690 1696 propter
712 1666 738 1689 te
757 1662 842 1694 venit,
855 1666 885 1689 ut
897 1667 976 1698 typus
1000 1670 1033 1690 ac

245 1706 402 1739 exemplum
413 1706 462 1733 tibi
475 1706 553 1734 ﬁeret
569 1707 660 1734 omnis
671 1706 751 1739 boni;
766 1707 904 1742 perpende
914 1707 940 1734 in
951 1715 1033 1742 quan-

248 1754 302 1776 tam
323 1749 506 1778 humilitatem
519 1759 547 1778 se
565 1752 708 1786 abjecerit,
725 1751 812 1779 forma
825 1752 895 1779 servi
910 1757 1031 1787 accepta,

247 1794 295 1828 qui
309 1799 350 1821 est
363 1795 444 1827 Deus,
456 1795 503 1823 Dei
518 1796 613 1827 Filius,
631 1796 700 1828 Rex,
715 1796 800 1823 Filius
816 1796 909 1832 Regis,
927 1797 1033 1825 donans

247 1840 358 1875 quidem
372 1841 429 1875 ipse
439 1841 563 1868 curantia
572 1841 728 1876 pharmaca,
740 1849 893 1877 sanansque
903 1843 1033 1870 vulnera-

248 1890 304 1918 tos;
328 1888 448 1915 exterius
466 1892 557 1914 tamen
574 1887 651 1915 velut
669 1895 740 1915 unus
758 1888 964 1916 vulneratorum
983 1897 1033 1924 ap-

246 1939 357 1967 parens.

284 1977 377 2005 XXVI.
392 1977 525 2006 Caeterum
538 1986 573 2006 ne
581 1978 715 2014 despicias
729 1979 848 2007 divinam
861 1979 1032 2015 dignitatem,

247 2022 313 2049 dum
325 2023 461 2057 conspicis
473 2023 550 2050 illum
566 2023 688 2052 exterius
705 2024 890 2058 humiliatum,
908 2029 938 2052 ut
957 2025 1034 2052 simi-

248 2066 302 2095 lem
328 2067 424 2100 nobis;
451 2072 566 2102 propter
585 2076 636 2095 nos
649 2069 689 2097 sic
700 2071 836 2105 apparuit,
851 2079 906 2097 non
921 2076 1033 2106 propter

248 2117 278 2137 se
291 2110 546 2145 ipsum.Perpende,
560 2119 592 2139 ea
603 2112 670 2140 hora
678 2121 731 2148 qua
746 2114 901 2141 clamabant
915 2123 922 2141 τ
939 2114 1032 2142 Cruci-

247 2154 308 2189 ﬁge,
339 2154 461 2189 cruci/iga
502 2163 560 2182 eum
571 2156 604 2188 ",
644 2164 676 2184 ac
701 2157 818 2192 populus
840 2158 1031 2190 concurrebat,

248 2208 329 2236 quam
353 2201 514 2229 humiliatus
530 2207 589 2230 erat
610 2211 665 2238 prae
685 2204 830 2232 omnibus?
845 2204 1031 2238 Quemadmo-

1085 931 1154 966 μετὰ
1171 931 1275 964 άγῶνος
1294 930 1393 957 πολλοῦ
1418 931 1465 958 καὶ
1492 931 1627 965 καμάτου,
1651 931 1695 956 ἵνα
1717 930 1868 965 συνείδησιν

1083 977 1130 1003 καὶ
1154 976 1276 1012 καθαρὰν
1306 976 1419 1010 καρδίαν
1446 977 1580 1012 κτήσηται
1605 977 1619 1003 6
1643 976 1798 1011 ἄνθρωπος,
1823 976 1868 1003 ἵνα

1082 1022 1212 1054 ὀλοτελῶς
1223 1022 1359 1058 ὲκριζωθῇ
1374 1022 1404 1049 τὸ
1415 1022 1511 1050 κακόν.

1118 1068 1182 1095 κε’.
1202 1068 1259 1095 Καὶ
1273 1068 1354 1103 χάριν
1373 1068 1426 1103 γὰρ
1441 1068 1585 1104 συμϐαίνει
1597 1066 1665 1096 εἶναι
1680 1068 1719 1100 είς
1737 1070 1869 1102 τινα,καὶ

1082 1115 1099 1151 ή
1115 1115 1213 1150 καρδία
1227 1115 1257 1141 οὺ
1272 1114 1471 1150 κεκαθάρισται
1485 1122 1492 1128 ·
1511 1114 1559 1141 καὶ
1580 1113 1624 1141 διὰ
1637 1114 1716 1141 τοῦτο
1731 1114 1828 1141 ἔπεσον
1843 1116 1868 1142 οι

1082 1160 1224 1191 πεσόντες,
1235 1160 1276 1187 ὅτι
1291 1160 1341 1187 οὐκ
1358 1161 1522 1187 ἐπίστευσαν
1537 1159 1605 1195 μετὰ
1621 1159 1671 1195 τὴν
1685 1161 1765 1196 χάριν
1777 1161 1868 1187 συνεῖ-

1083 1215 1126 1232 ναι
1145 1206 1236 1237 αὺτοῖς
1259 1206 1305 1232 τὸν
1321 1205 1425 1232 καπνὸν
1454 1205 1502 1232 καὶ
1522 1205 1570 1241 τὴν
1592 1205 1730 1241 ἁμαρτίαν
1745 1214 1751 1221 ·
1769 1206 1869 1238 πάντες

1082 1251 1110 1277 δὲ
1119 1251 1145 1276 οἱ
1161 1250 1260 1277 δίκαιοι
1273 1250 1318 1277 διὰ
1333 1250 1383 1285 τῆς
1406 1250 1502 1285 στενῆς
1520 1251 1568 1277 καὶ
1593 1250 1778 1286 τεθλιμμένης
1794 1251 1868 1282 ὀδοῦ,

1085 1296 1165 1332 μέχρι
1189 1296 1283 1327 τέλους
1309 1295 1497 1331 εὐηρέστησαν
1524 1294 1562 1330 τῷ
1591 1295 1661 1330 Θεῷ.
1691 1295 1720 1322 ‘U
1743 1295 1870 1331 Ἀϐραὰμ

1082 1341 1153 1369 κατὰ
1169 1342 1235 1368 Θεὸν
1251 1341 1378 1373 πλούσιος
1393 1340 1441 1373 ὢν,
1457 1341 1504 1368 καὶ
1521 1341 1591 1368 κατὰ
1604 1341 1716 1375 κόσμον,
1732 1340 1792 1375 γῆν
1807 1341 1869 1367 ἑαυ-

1082 1387 1127 1413 τὸν
1142 1387 1190 1414 καὶ
1199 1387 1316 1414 σποδὸν
1336 1386 1488 1421 ὠνόμαζεν·
1503 1387 1550 1414 καὶ
1571 1386 1663 1419 Δαϐιδ,
1674 1385 1806 1419 ὀνειδος
1821 1386 1871 1413 ἀκ-

1082 1432 1214 1467 θρώπων,
1227 1432 1303 1468 φησὶ,
1315 1432 1362 1459 καὶ
1372 1432 1561 1467 ἐξουδένωμα
1570 1431 1663 1463 λαῶν.
1675 1432 1722 1458 καὶ
1733 1431 1869 1466 σκώληξ,

1083 1479 1133 1506 καὶ
1149 1480 1204 1507 οὐκ
1221 1479 1387 1513 ἄνθρωπος.
1425 1479 1542 1514 Ὁμοίως
1569 1478 1669 1510 πάντες
1686 1479 1710 1505 οἱ
1727 1478 1870 1506 ἀπόστολοι

1083 1526 1130 1553 καὶ
1147 1525 1284 1562 προφῆται
1304 1525 1531 1561 κακουχούμενοι,
1561 1524 1753 1560 ὀνειδιζόμενοι
1775 1522 1845 1560 ἦσαν
1860 1533 1868 1540 ·

1083 1571 1164 1603 αὐτὸς
1177 1573 1191 1598 ὁ
1207 1571 1313 1607 Κύριος
1329 1571 1358 1603 ὃς
1375 1571 1449 1598 ἔστιν
1462 1571 1520 1602 ὁδὸς
1543 1571 1591 1598 καὶ
1610 1570 1676 1602 Θεὸς
1692 1570 1776 1597 ἐλθὼν
1790 1570 1820 1596 οὐ
1836 1570 1869 1597 δι’

1083 1618 1188 1651 ἑαυτὸν,
1205 1618 1273 1645 ἀλλὰ
1293 1618 1336 1645 διὰ
1358 1618 1398 1649 σὲ,
1415 1618 1458 1644 ἵνα
1472 1626 1511 1644 σοι
1540 1617 1625 1649 τύπος
1640 1617 1756 1652 γένηται
1770 1617 1871 1648 παντὸς

1082 1664 1196 1698 ἀγαθοῦ,
1213 1663 1295 1699 βλέπε
1318 1665 1358 1696 εἱς
1382 1663 1461 1690 ποίαν
1482 1663 1646 1690 ταπείνωσιν
1669 1661 1745 1698 ἦλθε,
1763 1662 1870 1698 μορφὴν

1082 1708 1175 1735 δούλου
1187 1708 1286 1740 λαϐὼν,
1299 1708 1375 1741 Θεὸς,
1389 1707 1452 1739 Υίὸς
1464 1707 1543 1740 Θεοῦ,
1553 1707 1695 1739 Βασιλεὺς,
1708 1706 1771 1738 Υἱὸς
1790 1706 1869 1741 βασι-

1083 1754 1161 1787 λέως,
1191 1755 1278 1786 διδοὺς
1310 1755 1361 1790 μὲν
1391 1754 1471 1785 αὐτὸς
1494 1753 1625 1788 ίαματικά
1650 1753 1794 1787 φάρμακα,
1821 1752 1868 1778 καὶ

1084 1800 1242 1835 θεραπεύων
1269 1801 1332 1832 τοὺς
1351 1798 1637 1835 τετραυματισμένους
1653 1807 1661 1814 ·
1681 1798 1780 1831 ἔξωθεν
1793 1797 1821 1824 δὲ
1832 1797 1869 1828 ὡς

1083 1844 1123 1877 εἷς
1138 1847 1192 1874 τῶν
1204 1847 1481 1882 τετραυματισμένων
1496 1845 1667 1880 φαινόμενος.

1119 1978 1191 2010 KQ".
1217 1976 1297 2003 Ἀλλὰ
1318 1976 1356 2011 μὴ
1374 1975 1584 2011 καταφρονήσῃς
1596 1974 1643 2002 τοῦ
1673 1974 1765 2002 θεῖκοῦ
1788 1974 1869 2004 ἀξιώ-

1085 2031 1180 2057 ματος,
1207 2022 1314 2057 βλέπων
1341 2022 1423 2048 αὑτὸν
1445 2020 1545 2053 ἔξωθεν
1569 2020 1806 2055 τεταπεινωμένον
1832 2020 1869 2051 ὡς

1083 2069 1176 2103 ὅμοιον
1190 2069 1255 2103 ἡμῖν
1266 2075 1273 2082 ⁸
1295 2067 1328 2094 δι’
1343 2067 1417 2102 ἡμᾶς
1438 2066 1524 2098 οὕτως
1550 2066 1648 2101 ἐφάνη,
1664 2066 1694 2092 οὐ
1710 2065 1743 2092 δι’
1761 2066 1867 2092 ἑαυτόν.

1089 2115 1231 2150 Ἐννόησον
1248 2114 1276 2140 ὲν
1327 2113 1386 2149 ὥρᾳ
1415 2112 1543 2148 ἔκραζον,
1570 2113 1759 2147 Σταύρωσον,
1775 2113 1869 2139 σταύ-

1079 2167 1182 2195 ρωσον
1199 2159 1303 2192 αὑτὸν,
1314 2159 1361 2186 καὶ
1375 2159 1389 2184 6
1405 2158 1483 2193 ὄχλος
1499 2158 1658 2193 συνήρχετο,
1676 2158 1733 2190 πῶς
1746 2156 1780 2194 ἦν
1791 2167 1869 2185 τετα-

1083 2205 1251 2240 πεινωμένος
1266 2205 1342 2240 παρᾶ
1359 2204 1475 2235 πάντας.
1493 2203 1599 2238 Ὥσπερ
1614 2204 1643 2230 ὲν
1659 2205 1715 2235 τοῖς
1733 2204 1869 2239 φαινομέ-

249 2246 314 2277 dum
335 2246 363 2273 in
382 2246 467 2274 rebus
480 2248 694 2282 aspectabilibus
714 2250 737 2276 si
757 2250 819 2285 quis
834 2250 868 2277 sit
881 2250 1032 2286 improbus,

1086 2260 1152 2283 νοις,
1166 2252 1212 2277 ἐὰν
1260 2250 1417 2282 κακοποιὸς,
1431 2249 1480 2282 καὶ
1493 2249 1563 2285 λάϐῃ
1579 2250 1716 2283 ἀπόφασιν
1734 2249 1808 2285 παρὰ
1822 2249 1869 2276 τοῦ

247 2296 393 2327 postquam
415 2294 555 2328 acceperit
577 2295 742 2322 sententiam
764 2303 779 2323 a
798 2297 970 2331 magistratu,
998 2297 1032 2324 ab

249 2337 379 2366 universo
388 2339 489 2373 populo
501 2340 683 2367 exsecrationi
694 2341 856 2374 devovctur,
867 2349 899 2368 ac
909 2345 1033 2369 contem-

247 2386 307 2420 ptui
331 2385 469 2418 habetur,
496 2385 537 2414 sic
553 2394 663 2421 quoque
687 2387 819 2414 Dominus
844 2387 912 2414 hora
932 2388 1032 2421 crucis,

248 2433 377 2464 tanquam
404 2430 486 2458 homo
505 2431 589 2457 vitam
621 2438 683 2458 eum
703 2435 790 2458 morte
807 2436 1033 2463 commutaturus,

246 2475 472 2509 vilipendebatur
495 2484 510 2503 a
532 2476 688 2504 Phariszcis.
718 2476 833 2509 Quando
861 2484 957 2504 rursus
970 2485 1035 2504 con-

246 2526 384 2556 spuerunt
403 2523 432 2550 in
450 2523 558 2550 vultum
580 2523 650 2558 ejus,
669 2527 697 2550 et
713 2523 903 2559 imposuerunt
916 2523 942 2550 ei
957 2531 1037 2550 coro-

246 2575 309 2598 nam
338 2568 473 2603 spineam,
488 2573 516 2596 et
538 2569 661 2604 colaphis
677 2577 739 2597 eum
764 2570 935 2602 ceciderunt,
951 2577 1033 2605 quam

248 2619 304 2639 non
314 2619 510 2649 supergressus
523 2618 566 2640 est
585 2614 787 2646 humilitatem?
799 2614 943 2649 lScriptum
960 2615 1033 2641 enim

248 2662 309 2685 est:
327 2658 442 2686 Dorsum
460 2668 546 2686 meum
570 2661 630 2686 dedi
656 2660 862 2695 ﬂagellanlibus,
879 2668 925 2686 nec
952 2660 1035 2686 averti

248 2701 343 2736 faciem
358 2711 445 2730 meam
459 2712 475 2729 a
488 2705 652 2738 turpitudine
664 2705 873 2740 conspuentium,
898 2712 944 2730 nec
953 2713 1034 2739 genas

249 2755 321 2775 meas
343 2757 360 2775 a
382 2750 583 2784 percutientibm
598 2749 631 2776 ".
649 2750 727 2782 Quod
744 2749 766 2776 si
783 2749 856 2776 Deus
871 2753 959 2775 tantas
971 2757 1036 2776 con-

250 2793 388 2826 tumelias,
401 2795 556 2829 passionem
571 2803 603 2823 ac
623 2795 806 2822 humilitatem
821 2793 916 2827 subiit,
935 2799 974 2827 tu,
990 2795 1036 2830 qui

1086 2299 1226 2333 ἄρχοντος,
1247 2296 1340 2323 λοιπὸν
1371 2297 1423 2323 ὑπὸ
1451 2295 1498 2322 τοῦ
1520 2296 1606 2330 δήμου
1635 2295 1695 2322 ὅλου
1726 2295 1870 2330 βδελυκτός

1086 2344 1144 2369 ἐστι
1156 2341 1433 2376 καὶέξουδενωμένος.
1450 2340 1543 2372 Οὕτως
1557 2341 1571 2366 6
1584 2339 1686 2376 Κύριος
1701 2341 1730 2366 ὲν
1754 2342 1787 2375 τῇ
1812 2340 1871 2376 ὥρᾳ

1087 2386 1134 2414 τοῦ
1164 2385 1302 2422 σταυροῦ*
1331 2386 1369 2418 ὥς
1388 2385 1532 2420 ἄνθρωπος
1550 2385 1654 2421 μέλλων
1685 2385 1870 2420 ἀποθνήσκειν

1087 2431 1328 2466 κατευτελισμένος
1355 2429 1389 2467 ἦν
1412 2431 1464 2458 ὑπὸ
1490 2431 1543 2458 τῶν
1570 2430 1737 2466 Φαρισαίων.
1765 2431 1827 2456 Ὅτε
1843 2430 1871 2456 δὲ

1088 2477 1170 2504 πάλιν
1187 2477 1340 2503 ἐνέπτυσαν
1357 2477 1397 2508 εις
1416 2477 1446 2502 τὸ
1472 2476 1618 2512 πρόσωπον
1636 2475 1731 2508 αὑτοῦ,
1759 2476 1806 2502 καὶ
1825 2476 1873 2501 ὲπ-

1087 2521 1190 2556 έθηκαν
1204 2521 1278 2556 αὺτῷ
1288 2521 1431 2548 ἀκάνθινον
1445 2521 1586 2556 στέφανον,
1601 2522 1646 2548 καὶ
1655 2521 1806 2558 ὲρῤάπισαν
1821 2521 1871 2547 αὺ-

1085 2567 1140 2597 τὸν,
1155 2567 1233 2593 ποίαν
1247 2567 1295 2602 οὺχ
1304 2567 1425 2602 ὑπερέϐη
1435 2567 1609 2594 ταπείνωσινί
1630 2567 1791 2602 Γέγραπται
1804 2567 1869 2601 γὰρ,

1087 2613 1128 2639 ὅτι
1142 2613 1197 2639 Τὸν
1209 2612 1305 2639 νῶτόν
1325 2621 1384 2647 μου
1406 2613 1521 2639 δέδωκα
1539 2614 1582 2645 εἰς
1600 2614 1759 2646 μάστιγας,
1775 2611 1825 2638 καὶ
1839 2613 1873 2638 τὸ

1088 2659 1250 2691 πρόσωπόν
1257 2667 1317 2693 μου
1332 2660 1387 2686 οὐκ
1400 2658 1578 2693 ἀπεστράφη
1591 2659 1648 2685 ἀπὸ
1661 2659 1810 2692 αἰσχύνης
1820 2657 1871 2690 ἑμ-

1088 2702 1279 2736 πτυσμάτων,
1293 2703 1340 2730 καὶ
1352 2702 1406 2736 τὰς
1421 2704 1565 2736 σιαγόνας
1574 2712 1633 2737 μου
1650 2702 1708 2730 ἀπὸ
1719 2699 1874 2736 ﬂammai-

1089 2757 1156 2776 των.
1171 2749 1202 2775 Et
1217 2749 1245 2775 δὲ
1255 2749 1269 2775 ὁ
1282 2749 1348 2780 Θεὸς
1360 2750 1400 2780 εἰς
1411 2748 1544 2779 τοσαύτας
1553 2747 1655 2783 ὕϐρεις,
1665 2747 1712 2774 καὶ
1728 2746 1812 2780 πάθη,
1825 2746 1873 2772 καὶ

1088 2794 1252 2822 ταπείνωσιν
1267 2794 1396 2829 κατῆλθε,
1416 2795 1447 2821 σὺ
1461 2794 1476 2821 6
1492 2794 1572 2829 φύσει
1599 2793 1727 2829 βόρϐορος
1756 2792 1804 2819 καὶ
1820 2790 1874 2826 φύς

285 2866 306 2886 “
319 2865 388 2897 Gen.
409 2873 483 2899 xvm,
500 2866 543 2893 27.
583 2867 604 2882 “
618 2866 717 2894 Psalm.
730 2874 784 2898 xxx,
801 2867 827 2899 7,
865 2866 886 2882 “
905 2866 971 2893 Luc.
986 2873 1060 2898 xxm,
1076 2866 1122 2893 ει,
1160 2866 1181 2882 ⁵⁵
1199 2865 1240 2893 lsa
1268 2872 1294 2897 ι,
1313 2864 1338 2891 6.
