2078 3151
206 165 259 196 693

788 170 974 203 HOMILl/E.
988 185 1022 190 —
1038 174 1131 205 HOM.
1148 174 1270 207 XXVII;

1783 173 1838 206 694

206 228 276 252 σεως
297 220 409 256 θνητῆς,
426 221 475 249 ὅσα
493 221 526 249 ἂν
551 223 732 259 ταπεινωθῇς,
752 224 829 252 οὐδὲν
849 226 942 261 ὅμοιον
957 227 995 262 τῷ

1047 232 1145 256 natura
1162 228 1246 256 limus
1255 236 1296 261 es,
1310 231 1339 255 ct
1353 227 1477 257 mortalis
1497 231 1614 262 naturae,
1632 231 1837 264 quantumcun-

206 265 330 301 Δεσπάτῃ
345 274 392 293 σου
410 267 546 302 ποιήσεις.
574 268 603 295 '0
619 268 685 300 Θεὸς
705 269 750 297 διὰ
767 271 796 297 σὲ
824 271 922 298 ἑαυτὸν
936 273 997 300 ἑτα-

205 311 334 344 πείνωσε,
348 312 396 338 καὶ
419 312 452 339 σὺ
478 313 523 339 διὰ
540 314 654 341 σεαυτὸν
669 315 700 342 οὺ
724 316 913 351 ταπεινοῦσαι,
937 318 997 345 ἀλλ’

205 357 308 392 ὲπαίρῃ
330 357 379 384 καὶ
393 357 543 391 τυφοῦσαι·
561 356 627 393 ἦλθε
652 360 706 396 γὰρ
716 361 765 393 τὰς
783 361 887 396 θλίψεις
903 362 997 390 καὶτὰ

206 400 277 436 βάρη
290 400 395 434 λαϐεῖν,
408 401 456 428 καὶ
482 402 532 436 τὴν
554 403 638 430 αὑτοῦ
656 404 811 432 ἀνάπαυσιν
824 414 865 433 σοι
882 407 973 434 δοῦναι
987 416 994 423 ·

206 447 254 474 καὶ
281 448 314 474 σὺ
331 448 362 474 οὐ
379 448 467 480 θέλεις
484 449 583 481 πόνους
605 450 738 485 βαστάσαι
764 452 812 479 καὶ
828 453 934 485 παθεῖν,
952 454 996 480 ἴνα

207 492 278 520 οὕτω
293 494 395 530 δυνηθῇ
412 503 460 520 σου
482 495 517 522 τὰ
531 495 680 531 τραύματα
695 497 793 530 ἰάσεως
810 500 912 534 τυχεῖν.
926 497 996 531 Δόξα

205 540 239 574 τῇ
262 540 347 576 ἀνοχῇ
364 540 413 567 καὶ
441 541 620 578 μακροθυμίᾳ
638 542 732 575 αὑτοῦ,
748 544 787 575 είς
807 544 870 576 τοὺς
883 544 994 577 αίὼνας.

213 584 309 620 Ἀμήν.

489 686 612 713 ΟΜΙΛΙΑ
645 687 710 715 ΚΖ’.

205 730 274 769 Περῖ
283 730 339 769 τῆς
352 730 511 769 ἀειόζηῖος
530 731 730 769 καί-στάσεως
743 733 797 769 τοῦ
812 735 996 769 Χριστιανοῦ

240 765 399 804 ἀῖθρώξτου
419 766 474 804 ,διὰ
492 766 617 804 πολλῷις
645 765 843 804 διητὸυμέγῇ
864 770 999 798 διατελεῖ

239 800 316 839 αὕτη
329 801 348 835 ἠ
357 801 469 839 (Lutetia.
479 801 525 839 tbc
536 801 586 839 καὶ
598 801 618 835 ἠ
632 800 853 839 προήγοὺμένῖη.
869 805 996 834 Ἔπειτα

240 836 307 872 περὶ
323 836 383 872 τοῦ,
399 837 601 869 αὐτεξουσίου
621 836 818 872 πᾳνωφέλιμα
835 836 938 868 πολλὰ
951 841 996 868 δι-

1047 282 1101 309 que
1114 274 1276 302 humiliatus
1287 274 1385 306 fueris,
1401 274 1482 308 nihil,
1495 274 1568 310 quod
1584 282 1647 302 cum
1662 274 1779 302 Domino
1790 278 1838 303 tuo

1047 321 1263 356 comparandum
1278 321 1326 354 sit,
1343 321 1452 348 feceris.
1468 321 1541 349 Deus
1552 321 1593 349 tui
1606 321 1693 357 gratia
1706 329 1735 349 se
1749 321 1838 356 ipsum

1046 366 1216 400 humiliavit,
1235 371 1263 394 ιιι
1281 373 1347 394 vero
1365 366 1406 394 tui
1417 367 1511 401 lgratia
1525 374 1581 394 non
1598 367 1723 394 demittis
1738 372 1774 399 te,
1789 367 1839 394 sed

1046 412 1187 440 extolleris
1201 417 1282 448 atque
1301 412 1457 440 insolescis.
1467 413 1548 441 Venit
1565 413 1651 446 enim,
1666 417 1696 440 ut
1711 413 1839 440 alilictio-

1046 466 1096 486 nes
1110 462 1139 486 et
1161 466 1245 486 onera
1272 463 1318 486 tua
1342 459 1463 491 tolleret,
1484 467 1517 486 ac
1538 461 1664 493 requiem
1687 467 1765 487 suam
1788 458 1840 486 tibi

1046 503 1204 532 conferret:
1219 508 1249 531 tu
1275 511 1344 532 vero
1357 505 1469 532 labores
1482 504 1601 532 suﬂerre
1616 513 1648 533 ac
1663 506 1721 540 pati
1734 505 1839 538 renuis,

1046 556 1101 584 quo
1112 549 1219 584 possint
1233 550 1286 578 hoc
1297 554 1377 585 pacto
1391 554 1439 578 tua
1453 551 1569 578 vulnera
1585 551 1731 578 sanitatem
1742 558 1840 578 conse-

1046 593 1105 627 qui.
1123 592 1216 621 Gloria
1232 594 1268 622 sit
1284 594 1426 629 patientiae
1439 598 1468 622 et
1489 593 1693 629 longanimitati
1706 593 1792 629 ipsius
1811 593 1840 620 in

1046 639 1157 666 saecula.
1175 639 1274 667 Amen.

1309 694 1453 722 HOMILIA
1472 694 1580 722 XXVII.

1045 739 1211 783 Dignitatem
1226 745 1252 768 et
1266 745 1366 783 statum
1380 741 1526 783 Christiani
1534 742 1647 768 hominis
1657 742 1762 777 copiosa
1776 751 1840 783 oru-

1082 777 1152 802 tione
1183 778 1331 811 rosequilur
1340 777 1395 804 haec
1407 777 1527 809 homilia,
1544 781 1572 803 ut
1589 781 1612 803 et
1627 785 1686 811 qua:
1705 778 1838 812 prtecedil.

1081 785 1182 837 Deira];
1207 811 1239 838 de
1260 811 1341 838 libera
1360 812 1472 838 arbitrio
1489 811 1574 839 multa
1599 812 1740 839 utilissima
1765 813 1839 839 docet

1083 846 1215 882 permistis
1229 847 1417 882 quwstionibus
1433 846 1588 882 quibusdam
1603 846 1693 874 divina
1706 848 1839 882 sapientia

239 870 561 924 gffgzgrzmwﬁaa
578 870 718 908 ζητήσεις
735 870 819 908 τινὰς
840 876 923 909 θείας
942 884 994 903 σο·
1010 896 1032 924 Β
1082 870 1178 915 graia:

238 906 310 941 φίας
321 905 460 941 πλήρεις.

239 961 281 989 Δ¹.
296 962 384 990 Γνῶθι
398 971 445 990 σου
462 963 513 998 τὴν
531 963 683 998 εὐγένειαν,
711 962 734 992 ὧ
750 965 891 1001 ἄνθρωπε,
904 965 951 993 καὶ
962 965 993 993 τὺ

203 1007 335 1043 ἀξίωμα·
362 1008 423 1040 πῶς
450 1009 541 1045 τίμιος
567 1008 603 1043 εἴ,
622 1011 738 1047 ἀδελφὸς
767 1011 900 1047 Χριστοῦ,
916 1012 993 1046 φίλος

204 1051 347 1088 βασιλέως,
362 1053 455 1090 νύμφη
481 1054 530 1081 τοῦ
547 1056 708 1091 ἐπουρανίου
736 1057 875 1092 Νυμφίου.
894 1057 926 1085 Ὅ
938 1058 993 1093 γὰρ

202 1099 327 1134 δυνηθεὶς
340 1099 490 1134 ἐπιγνῶναι
511 1100 542 1127 τὸ
572 1101 682 1137 ἀξίωμα
704 1103 755 1137 τῆς
777 1102 875 1130 ἑαυτοῦ
890 1103 991 1139 ψυχῆς,

202 1141 281 1176 οὗτος
290 1144 401 1172 δύναται
409 1146 558 1180 ἐπιγνῶναι
570 1148 620 1182 τὴν
633 1148 759 1184 δύναμιν.
776 1150 824 1177 καὶ
835 1149 870 1177 τὰ
890 1153 994 1186 μυστή-

205 1199 250 1226 ρια
262 1190 313 1226 τῆς
327 1191 466 1227 θεότητος,
492 1193 539 1220 καὶ
567 1194 669 1228 μᾶλλον
683 1196 808 1223 ἐντεῦθεν
823 1198 994 1233 ταπεινωθῆ-

203 1244 267 1262 ναι·
294 1237 389 1272 ἐπειδὴ
417 1237 462 1264 διὰ
485 1238 627 1273 δυνάμεως
655 1240 734 1272 Θεοῦ,
761 1241 854 1275 βλέπει
875 1251 918 1274 τις
943 1243 994 1278 τὴν

204 1279 308 1306 πτῶσιν
321 1280 430 1307 ἑαυτοῦ.
455 1281 525 1308 Ἀλλ’
536 1282 565 1308 ὃν
579 1283 681 1317 τρόπον
697 1284 779 1315 αὐτὸς
805 1285 850 1312 διὰ
862 1286 935 1321 παθη
941 1287 994 1321 μά-

204 1333 257 1352 των
281 1325 330 1352 καὶ
355 1326 473 1361 σταυροῦ
503 1327 640 1362 παρῆλθε,
672 1329 720 1355 καὶ
744 1328 832 1362 οὕτως
849 1330 993 1365 ἐδοξάσθη,

203 1371 251 1398 καὶ
266 1371 394 1399 ἐκάθισεν
410 1373 440 1399 ὲν
465 1372 541 1408 δεξιᾷ
558 1373 606 1400 τοῦ
631 1374 739 1410 Πατρός
751 1383 759 1390 ⁸
781 1376 830 1403 καὶ
854 1376 927 1404 οὕτω
941 1377 994 1412 χρὴ

202 1417 252 1444 καὶ
273 1417 304 1444 σὲ
318 1418 483 1454 συμπαθεῖν,
507 1420 555 1446 καὶ
575 1420 815 1456 συσταυρωθῆναι,
844 1423 892 1449 καὶ
907 1422 994 1455 οὕτως

203 1463 338 1496 ἀνελθεῖν,
357 1463 406 1490 καὶ
421 1464 597 1498 συγκαθίσαι,
623 1467 671 1494 καὶ
689 1467 860 1502 ωναφθῆναι
887 1468 926 1503 τῷ
942 1468 995 1495 σώ-

205 1516 273 1544 μασι
289 1508 336 1535 τοῦ
359 1508 491 1543 Χριστοῦ,
519 1511 569 1538 καὶ
594 1511 712 1539 πάντοτε
730 1511 942 1548 συμϐασιλεύειν
965 1514 994 1541 ἐν

1078 969 1099 996 1.
1116 969 1241 1004 Agnosco
1253 969 1428 997 nobilitatem
1439 974 1549 1002 tuam.o
1558 969 1650 1001 homo,
1659 973 1788 1004 tuamque
1797 969 1841 996 di-

1043 1015 1175 1051 gnitatem
1185 1024 1193 1042 :
1204 1023 1286 1050 quam
1302 1015 1439 1050 pretiosus
1454 1015 1502 1048 sis,
1511 1015 1597 1042 frater
1606 1014 1721 1046 Christi,
1735 1015 1842 1042 amicus

1044 1061 1128 1097 regis,
1141 1069 1242 1097 sponsa
1259 1061 1359 1098 Sponsi
1379 1061 1512 1090 celestis.
1528 1061 1693 1096 Quicunque
1709 1061 1782 1088 enim
1793 1068 1842 1096 po-

1044 1106 1129 1134 tuerit
1162 1113 1330 1142 cognoscere
1363 1106 1526 1142 dignitatem
1559 1105 1658 1133 animat
1693 1114 1760 1138 suae,
1794 1106 1840 1133 ille

1043 1152 1146 1187 poterit
1154 1159 1322 1187 cognoscere
1332 1152 1485 1187 potentiam
1492 1155 1521 1179 et
1529 1151 1660 1187 mysteria
1668 1151 1838 1185 divinitatis;

1044 1198 1169 1233 quinimo
1197 1197 1262 1225 inde
1287 1198 1427 1225 humiliari
1455 1198 1578 1233 poterit:
1613 1197 1839 1232 quandoquidem

1044 1242 1180 1270 beneﬁcio
1192 1243 1305 1271 virtutis
1315 1243 1416 1270 divina:
1429 1243 1529 1278 aliquis
1541 1250 1621 1270 suum
1636 1243 1723 1278 ipsius
1732 1243 1840 1277 lapsum

1045 1288 1177 1316 intuetur.
1192 1288 1329 1316 Caeterum
1345 1296 1400 1323 quo
1416 1292 1496 1323 pacto
1515 1288 1573 1323 ipse
1591 1295 1640 1323 per
1657 1288 1800 1323 passiones
1811 1292 1840 1315 et

1045 1342 1154 1362 crucem
1170 1334 1290 1367 transiit,
1308 1338 1337 1361 et
1354 1334 1392 1362 ita
1407 1334 1577 1369 gloriﬁcatus
1593 1337 1635 1361 est
1658 1341 1691 1361 ac
1719 1334 1791 1361 sedit
1804 1333 1839 1360 ad

1045 1380 1168 1408 dextram
1184 1380 1293 1413 Patris;
1308 1379 1349 1406 sic
1362 1387 1473 1414 quoque
1486 1383 1512 1407 te
1526 1379 1647 1412 compati
1662 1387 1775 1406 necesse
1785 1383 1838 1411 est,

1047 1425 1126 1461 103
1146 1425 1283 1460 simulque
1310 1424 1445 1460 cruciﬁgi,
1460 1429 1489 1452 et
1512 1420 1552 1452 sic
1568 1427 1729 1460 resurgere:
1743 1429 1772 1452 et
1786 1432 1841 1451 una

1045 1471 1141 1499 sedere
1160 1475 1189 1498 et
1211 1470 1341 1505 conjungi
1358 1469 1469 1504 corpori
1480 1468 1597 1502 Christi,
1609 1474 1638 1496 et
1652 1474 1788 1504 perpetuo
1804 1468 1841 1496 si-

1045 1517 1102 1545 mul
1117 1523 1230 1551 regnare
1258 1516 1287 1543 in
1314 1515 1362 1542 illo
1381 1515 1492 1546 saeculo.
1517 1515 1647 1550 siquidem
1678 1514 1760 1542 simul
1781 1523 1841 1542 cum

203 1555 302 1590 ἐκεινῳ
315 1555 355 1590 τῷ
368 1556 460 1589 αἰῶνι,
483 1557 563 1592 εἰπερ
583 1558 794 1594 συμπάσχομεν,
810 1559 856 1586 ἵνα
867 1560 916 1586 καὶ
933 1567 995 1586 συν.

1047 1570 1075 1589 ρο
1092 1562 1219 1597 patimur,
1235 1564 1264 1588 ut
1275 1564 1300 1588 et
1316 1568 1371 1587 una
1382 1568 1442 1587 cum
1454 1559 1502 1586 illo
1514 1559 1695 1595 gloriﬁcemur
1708 1560 1743 1587 ".

205 1600 393 1637 δοξασθῶμεν.

239 1647 278 1674 B’.
287 1647 366 1674 Ὅσοι
375 1648 430 1683 γὰρ
439 1647 578 1682 δυνηθῶσι
591 1649 785 1685 περιγενέσθαι
795 1650 843 1678 καὶ⁸
851 1651 995 1687 παρελθεῖν

204 1693 267 1724 τοὺς
277 1691 410 1728 θριγκοὺς
425 1693 477 1728 τῆς
493 1694 604 1728 κακίας,
617 1695 787 1731 εἰσέρχονται
803 1697 842 1728 εἰς
852 1697 902 1732 τὴν
915 1697 998 1723 ἐπου-

206 1739 298 1773 ράνιον
314 1740 403 1772 πόλιν,
432 1740 482 1776 τὴν
505 1741 723 1778 εἰρηνευομένην
748 1742 795 1769 καὶ
809 1742 914 1778 μεστὴν
929 1742 996 1769 πολ-

204 1785 260 1812 λῶν
275 1785 395 1819 ἀγαθῶν,
411 1786 478 1812 ὅπου
493 1786 527 1813 τὰ
543 1787 688 1822 πνεύματα
710 1787 765 1814 τῶν
789 1787 903 1815 δικαίων
928 1789 996 1815 ἀνα-

205 1830 349 1858 παύονται.
369 1833 415 1858 Δεῖ
426 1829 478 1858 οὖν¹
489 1832 560 1868 ὑπὲρ
572 1831 669 1859 τούτου
680 1832 806 1868 μεγάλως
820 1834 938 1869 πονῆσαι
950 1834 998 1861 καὶ

204 1877 405 1911 ἀγωνίσασθαι·
420 1878 451 1904 οὗ
466 1878 521 1914 γάρ
539 1879 598 1906 ἐστι
622 1879 728 1906 δίκαιον
746 1880 792 1907 τὸν
813 1880 940 1915 Νυμφίον
953 1881 998 1908 διὰ

207 1923 237 1950 σὲ
252 1923 366 1950 ἐλθόντα
392 1923 488 1951 παθεῖν
505 1925 553 1952 καὶ
569 1925 772 1961 σταυρωθῆναι,
793 1927 842 1952 καὶ
857 1926 907 1962 τὴν
932 1927 999 1962 νύμ-

205 1976 270 2003 φην,
286 1968 321 1994 δι’
338 1968 372 2004 ἢν
386 1970 400 1996 ὁ
411 1969 538 2004 Νυμφίας
551 1971 729 2006 παρεγένετο,
747 1971 795 1999 καὶ
807 1973 998 2009 καυχουμένην

204 2011 276 2042 εἶναι
291 2015 338 2041 καὶ
350 2015 501 2050 ῥέμϐεσθαι
509 2025 516 2032 ·
528 2016 624 2053 ὥσπερ
632 2017 687 2053 γάρ
702 2018 731 2046 ἐν
742 2019 799 2050 τοῖς
810 2019 997 2054 φαινομένοις,

205 2058 281 2095 ἐὰνῇ
297 2068 340 2091 τις
352 2060 451 2096 πόρνη,
468 2061 552 2089 πᾶσιν
568 2063 726 2090 ιπιδίδωσιν
740 2063 841 2099 ἑαυτὴν
855 2065 997 2095 ἀτάκτως·

205 2104 276 2132 οὕτω
288 2107 336 2133 καὶ
354 2107 370 2142 ἡ
387 2106 462 2142 ψυχὴ
482 2109 565 2135 παντὶ
586 2109 749 2136 ἐπιδέδωκεν
766 2110 867 2146 ἑαυτὴν
879 2110 997 2146 δαίμονι,

205 2151 252 2178 καὶ
268 2151 410 2187 φθείρεται
420 2153 473 2179 ὑπὸ
485 2154 540 2180 ¹ιῶν
550 2154 724 2189 πνευμάτων.
741 2155 801 2182 Εἰσὶ
816 2157 870 2192 γὰρ
889 2157 913 2183 οι
923 2156 999 2192 ἔχον-

204 2204 250 2228 τες
263 2196 313 2232 τὴν
334 2198 484 2234 ἁμαρτίαν,
499 2200 548 2227 καὶ
569 2199 600 2226 τὸ
615 2200 699 2227 κακὸν
721 2201 793 2228 κατὰ
816 2203 977 2238 προαίρεσιν
988 2211 996 2219 ⁸

203 2243 276 2274 τινὲς
291 2243 320 2270 δὲ
336 2245 412 2279 παρὰ
427 2245 599 2281 προαίρεσιν.
615 2247 671 2273 Καὶ
687 2247 714 2273 τί
725 2247 899 2282 inimica;
912 2249 996 2285 οἱμὲν

204 2288 276 2314 κατὰ
287 2288 448 2324 προαιρεσιν
466 2289 573 2324 ἔχοντες
586 2291 618 2318 τὸ
632 2291 727 2325 κακὸν,
743 2290 818 2320 οὗτοί
834 2293 904 2320 εἰσιν
922 2295 947 2321 οι
965 2295 996 2321 τὸ

204 2332 310 2360 ἑαυτῶν
334 2333 442 2370 θέλημα
464 2335 630 2367 ἐπιδιδόντες
653 2338 688 2372 τῇ
703 2337 798 2373 κακίᾳ,
815 2338 863 2366 καὶ
883 2339 996 2374 συνηδό-

205 2387 292 2413 μενοι,
309 2380 357 2407 καὶ
385 2381 564 2415 φιλιάςοντες,
581 2378 654 2409 οὗτοι
677 2383 790 2419 εἰρήνην
816 2384 908 2420 έχουσι
927 2385 998 2421 μετὰ

205 2423 253 2450 τοῦ
264 2424 384 2455 Σατανᾶ,
392 2425 440 2452 καὶ
455 2425 486 2451 οὐ
497 2425 604 2453 ποιοῦσι
616 2426 734 2463 πόλεμον
744 2429 772 2455 ἐν
787 2430 842 2460 τοῖς
857 2429 997 2466 λογισμοῖς

206 2469 275 2504 μετὰ
293 2470 342 2496 τοῦ
367 2470 500 2497 διοϐόλυυ.
530 2472 561 2498 Οἱ
582 2472 611 2499 δὲ
630 2474 706 2508 παρὰ
729 2475 907 2510 προαίρεσιν,
921 2473 996 2504 οὗτοι

204 2515 296 2550 ἔχουσι
324 2515 373 2550 τὴν
391 2517 498 2547 ἑαυτοῖς
521 2518 661 2553 ἁμαρτίαν
685 2519 997 2556 ἀντιστρατευομένην

203 2560 238 2586 ἐν
249 2559 312 2594 τοῖς
331 2561 460 2596 μέλεσιν
476 2563 587 2597 αὐτῶν,
603 2565 675 2591 κατὰ
690 2566 736 2592 τὸν
749 2566 920 2596 ’Δπόστολον.
941 2569 997 2596 Καὶ

204 2605 280 2632 ἐστιν
304 2606 321 2641 ἡ
347 2607 502 2642 ὁμιχλώδης
516 2608 641 2643 δύναμις,
656 2609 704 2636 καὶ
727 2609 758 2636 τὸ
774 2611 907 2646 κάλυμμα
922 2613 998 2648 παρὰ

204 2652 376 2687 προαίρεσιν,
392 2654 440 2680 καὶ
455 2655 486 2681 οὺ
505 2655 697 2689 συμφωνοῦσιν
714 2657 743 2683 ἐν
763 2658 820 2689 τοῖς
846 2658 997 2693 λογισμοῖς,

204 2697 266 2725 οὕτε
283 2699 453 2734 συνήδονται,
477 2700 494 2736 ἢ
521 2701 716 2736 ὑπακούουσιν,
739 2703 796 2729 ἀλλ’
813 2704 995 2739 ἀντιλέγουσι,

205 2743 252 2770 καὶ
261 2744 500 2780 ἀντιπράττουσιν,
514 2746 670 2782 ὀργίζονται
687 2749 805 2780 ἑαυτοῖς.
830 2746 911 2776 Οὗτοι
926 2750 995 2777 πολύ

205 2789 258 2816 είσι
272 2789 416 2823 καλλίονες
429 2792 476 2819 καὶ
492 2794 652 2830 τιμιώτεροι
663 2795 739 2830 παρὰ
753 2794 824 2831 Θεῷ,
838 2795 909 2830 ὑπὲρ
923 2796 995 2823 ὲκεί-

242 2875 264 2892 ⁶⁷
286 2876 368 2905 Rom.
384 2885 439 2912 nu,
458 2879 498 2907 l7.
543 2881 564 2896 "‘
580 2881 659 2909 llom.
676 2890 720 2916 \‘ll,
734 2883 778 2910 '25.

1083 1652 1116 1679 ll.
1131 1651 1297 1686 Quicunque
1324 1650 1399 1678 enim
1426 1656 1559 1684 superare
1575 1657 1608 1677 ac
1638 1649 1776 1677 transilire
1791 1656 1842 1684 po-

1047 1697 1152 1725 tuerint
1166 1701 1243 1732 septa
1270 1696 1410 1731 nequitia,
1434 1695 1627 1730 ingrediuntur
1652 1695 1679 1722 in
1701 1694 1843 1722 caelestem

1047 1744 1197 1776 civitatem,
1224 1744 1301 1778 pacis
1324 1751 1357 1770 ac
1372 1743 1523 1770 multorum
1545 1741 1682 1769 bonorum
1710 1741 1838 1776 plenam,

1047 1790 1096 1817 ubi
1107 1790 1222 1824 spiritus
1231 1789 1369 1824 iustorum
1384 1788 1571 1823 requiescunt.
1588 1787 1677 1822 Super
1688 1787 1742 1813 hoc
1760 1786 1844 1820 igitur

1048 1835 1166 1862 maxime
1191 1834 1371 1861 laborandum
1398 1841 1430 1861 ac
1454 1832 1674 1860 decertandum:
1704 1831 1842 1866 siquidem

1048 1889 1103 1908 non
1125 1885 1168 1908 est
1191 1887 1313 1915 aequum,
1341 1879 1479 1914 Sponsum
1507 1878 1548 1905 tui
1575 1877 1662 1912 gratia
1674 1877 1841 1908 venientem,

1048 1932 1158 1961 passum
1173 1932 1205 1952 ac
1219 1925 1382 1952 cruciﬁxum
1398 1931 1475 1956 esse;
1488 1930 1617 1958 sponsam
1631 1930 1708 1953 vero,
1729 1927 1843 1956 propter

1048 1979 1131 2007 quam
1159 1971 1283 2006 Sponsus
1297 1970 1385 2002 venit,
1414 1970 1443 1997 in
1461 1968 1577 1996 mollitie
1591 1968 1697 1996 versari
1712 1971 1740 1995 et
1754 1966 1841 2001 negli-

1049 2017 1140 2052 gentia
1152 2016 1281 2044 distrahi.
1295 2015 1532 2049 Quemadmodum
1547 2014 1622 2042 enim
1639 2014 1667 2041 in
1683 2013 1767 2040 rebus
1775 2020 1843 2040 ocu-

1049 2064 1140 2091 lorum
1155 2063 1225 2090 aciei
1238 2062 1383 2098 subjectis,
1397 2062 1420 2089 si
1432 2061 1468 2089 sit
1481 2061 1611 2089 meretrix
1622 2059 1768 2096 quaepiam,
1780 2066 1843 2094 qua:

1052 2109 1183 2137 omnibus
1197 2117 1227 2137 se
1251 2109 1338 2144 ipsam
1364 2108 1483 2143 turpiter
1498 2108 1658 2143 prostituat,
1681 2106 1721 2134 sic
1740 2110 1768 2134 et
1780 2105 1840 2132 ani-

1050 2162 1105 2186 ma,
1121 2154 1278 2188 cuicunque
1291 2161 1320 2181 se
1331 2153 1445 2180 tradidit
1461 2153 1590 2184 dacmoni,
1608 2155 1636 2179 rt
1651 2150 1841 2185 corrumpitur

1049 2207 1065 2227 a
1093 2199 1249 2235 spiritibus.
1273 2199 1334 2226 Non
1363 2198 1465 2226 desunt
1491 2198 1577 2229 enim,
1602 2197 1649 2233 qui
1679 2201 1791 2232 peccato
1813 2201 1843 2224 et

1050 2247 1161 2274 malitiae
1187 2246 1300 2274 obnoxii
1325 2250 1392 2273 sunt
1406 2253 1439 2272 ex
1456 2244 1609 2280 proposito,
1640 2243 1754 2279 quidam
1775 2250 1842 2271 vero

1045 2299 1146 2330 praeter
1159 2293 1345 2329 propositum.
1360 2292 1432 2325 Quid
1445 2299 1510 2319 vero
1534 2291 1588 2319 sibi
1603 2290 1702 2317 volunt
1717 2289 1790 2316 ista?
1803 2289 1843 2318 Ex

1045 2340 1188 2375 proposito
1209 2338 1322 2374 quidem
1348 2337 1461 2365 malitia:
1486 2336 1601 2364 obnoxii
1627 2339 1693 2362 sunt
1725 2334 1766 2365 hi,
1794 2333 1842 2368 qui

1046 2386 1218 2413 voluntatem
1242 2392 1320 2412 suam
1343 2383 1456 2411 malitiae
1471 2382 1658 2413 tradiderunt,
1679 2381 1779 2414 illaque
1795 2380 1845 2406 dea

1046 2429 1152 2462 lectati,
1180 2428 1330 2456 amicitiam
1344 2436 1407 2455 cum
1425 2435 1459 2455 ea
1482 2427 1598 2454 ineunt:
1620 2423 1777 2459 hujusmodi
1795 2422 1844 2457 qui

1050 2478 1125 2507 sunt,
1144 2481 1240 2509 pacem
1257 2473 1352 2500 colunt
1379 2480 1442 2499 cum
1458 2472 1570 2503 Satana,
1589 2477 1640 2497 nec
1655 2469 1757 2497 bellum
1774 2468 1845 2495 infe-e

1050 2524 1116 2546 runt
1138 2518 1364 2554 cogitationibus.
1380 2517 1432 2550 Qui
1449 2524 1515 2545 vero
1538 2521 1639 2552 praeter
1659 2515 1843 2550 propositum,

1050 2565 1079 2592 hi
1095 2565 1199 2592 [tabent
1214 2564 1325 2599 quidem
1344 2563 1416 2599 apud
1433 2571 1462 2590 se
1486 2566 1630 2598 peccatum
1645 2569 1797 2596 repugnans
1815 2561 1844 2587 in

1051 2611 1174 2637 membris
1197 2610 1331 2642 eorum“,
1358 2609 1511 2637 secundum
1537 2607 1721 2641 Apostolum:
1744 2611 1842 2640 estque

1051 2656 1186 2684 nebulosa
1201 2657 1244 2684 vis
1257 2661 1286 2684 et
1303 2656 1390 2692 caligo
1415 2660 1515 2692 praeter
1528 2654 1718 2690 propositum:
1735 2660 1788 2680 non
1804 2656 1844 2679 ta-

1052 2710 1116 2730 men
1142 2703 1322 2730 consentiunt
1340 2703 1367 2730 in
1383 2701 1606 2738 cogitationibus,
1624 2707 1677 2727 nec
1699 2707 1754 2726 una
1768 2698 1843 2726 dele.

1051 2753 1162 2776 ctantur
1178 2753 1225 2776 aut
1236 2749 1440 2784 obtemperant.
1457 2748 1506 2776 sed
1519 2746 1715 2775 contradicunt
1728 2749 1757 2773 et
1772 2752 1841 2772 con-

1052 2797 1213 2830 tral‘aciunt,
1229 2797 1389 2825 irascuntur
1403 2796 1457 2824 sibi
1478 2795 1529 2832 ipsi
1543 2803 1549 2822 :
1564 2793 1591 2821 hi
1609 2793 1690 2828 longe
1707 2796 1843 2830 praestan-
