2078 3151
232 172 285 205 695

857 175 887 206 S.
907 175 1068 205 MACARII
1087 173 1249 204 IEGYPTII

1809 173 1863 205 696

233 227 318 254 tiores
336 234 368 255 ac
378 226 518 263 digniores
529 231 594 254 sunt
607 227 680 263 apud
692 228 790 262 Deum,
807 237 888 264 quam
904 229 955 262 illi,
973 229 1020 264 qui

1074 237 1133 260 νους
1149 228 1212 260 τοὺς
1229 227 1282 264 ίδιᾳ
1305 226 1465 263 προαιρέσει
1490 226 1521 254 τὸ
1546 226 1651 262 θέλημα
1672 226 1762 255 αὐτῶν
1781 227 1862 256 ἐπιδι-

231 272 266 299 de
281 272 418 300 industria
440 280 472 300 ac
495 273 620 301 consulto
632 274 802 303 voluntatem
812 282 890 303 suam
909 275 1021 302 malitia:

232 318 417 349 tradiderunt,
434 322 462 345 et
476 326 530 346 una
546 319 731 347 delectantur.

270 362 313 389 lll.
327 362 563 395 Quemadmodum
574 363 595 390 si
611 363 647 391 sit
661 372 719 396 rex,
731 364 777 399 qui
789 364 931 394 inveniens
942 365 1021 401 puel-

234 407 286 434 lam
300 408 445 442 quamdam
460 416 619 443 pauperem,
639 410 738 444 pannis
750 410 879 443 obsitam,
892 419 947 438 non
957 419 1022 438 cru-

234 451 338 483 bescat.
351 452 449 480 ablatis
459 453 578 480 sordidis
590 454 650 488 ejus
664 454 1021 490 indumentis,nigredinem

234 497 329 524 eluere
349 505 466 532 eamque
487 504 605 526 exornet
620 499 772 533 splendidis
793 500 926 533 vestibus,
951 501 1022 528 asci-

234 546 348 576 scatque
368 550 429 570 eam
442 543 493 570 sibi
508 544 611 571 sociam
625 545 706 580 regis,
716 549 799 579 atque
813 553 916 573 mensze
927 553 984 573 suae
994 550 1021 573 et

235 588 355 615 convivii
380 590 543 624 participem
566 590 667 622 faciat,
695 591 736 618 sic
751 599 861 626 quoque
888 593 1022 621 Dominus

235 633 352 661 offendit
373 634 492 662 animam
518 636 688 663 vulneratam
710 644 743 664 ac
757 645 926 672 percussam,
941 638 1021 665 adhi-

235 679 349 715 buitque
375 681 401 708 ei
431 682 621 716 pharmacum,
641 686 669 709 et
683 683 759 710 exuit
771 691 832 710 eam
848 684 916 711 atris
941 683 1022 712 indu-

234 726 345 759 mentis,
361 730 389 753 et
414 727 586 762 turpitudine
609 729 729 760 malitias.
747 734 829 763 atque
857 729 947 756 induit
959 737 1020 757 eam

234 772 408 800 vestimentis
428 773 521 807 regiis,
541 773 711 807 caelestibus,
731 773 844 806 divinis,
866 774 978 810 fulgidis
992 779 1021 802 et

233 817 377 853 gloriosis:
405 817 591 854 imposuitque
626 819 664 847 illi
693 827 835 854 coronam,
862 821 1020 856 sociamque

234 863 379 891 constituit
402 864 483 900 regiae
496 873 597 892 mensa:
621 865 655 892 ad
673 866 803 901 gaudium
817 870 846 894 et
860 866 1021 894 exsultatio-

235 917 309 936 nem.
323 909 357 936 Et
372 910 602 944 quemadmodum
625 911 648 938 si
663 911 698 938 sit
717 911 825 943 hortus,
839 912 886 946 qui
899 912 1022 939 consitus
1037 909 1058 936 Β

235 954 272 982 sit
295 955 443 983 arboribus
461 956 614 984 fructiferis
639 956 761 991 undique
781 957 850 985 bene
865 957 1020 985 olentibus:

235 1001 294 1028 sint
320 1009 431 1036 quoque
458 1000 496 1029 ibi
513 1003 572 1029 loca
605 1003 690 1030 multa
717 1003 874 1031 amoenitate
891 1004 1020 1039 jucunda,

235 1047 316 1081 plane
335 1047 450 1082 pulchra
474 1056 507 1075 ac
523 1049 603 1083 plena
628 1049 786 1084 fragrantia:
808 1054 837 1077 et
861 1050 979 1084 quietis;
994 1055 1023 1078 et

235 1092 395 1127 quicunque
420 1093 590 1129 ingrediatur
607 1095 683 1126 illuc,
705 1095 812 1122 laetetur
825 1100 854 1122 et
877 1095 1020 1130 quiescat:

234 1138 275 1165 sic
286 1146 317 1166 se
340 1138 445 1166 habent
457 1140 555 1167 anima:
571 1140 600 1167 in
616 1148 699 1175 regno
720 1141 789 1173 hoc;
814 1145 877 1168 tota;
893 1141 1023 1168 fruuntur

234 1184 346 1219 gaudio,
357 1185 449 1212 laetitia
462 1191 490 1213 et
507 1194 591 1220 pace;
609 1194 686 1221 reges
696 1190 724 1214 et
738 1186 843 1214 domini
855 1191 920 1214 sunt
931 1191 960 1214 et
971 1187 1023 1214 dii.

235 1229 375 1264 Scriptum
394 1231 467 1258 enim
488 1236 546 1259 est:
572 1231 627 1259 Rex
651 1233 832 1268 regnantium,
850 1237 875 1259 et
894 1232 1022 1260 Dominus

234 1275 427 1304 dominantium
435 1277 469 1304 ".

270 1365 316 1394 IV.
336 1367 396 1394 Non
406 1375 471 1403 ergo
480 1368 700 1396 Christianorum
718 1369 809 1396 cultus
824 1373 866 1397 est
880 1369 1022 1404 quippiam

234 1413 368 1447 vulgare:
385 1414 546 1448 mysterium
566 1414 641 1441 enim
666 1415 719 1442 hoc
737 1422 866 1450 magnum
887 1419 940 1443 est.
959 1416 1024 1443 Per-

235 1458 325 1493 pende
348 1466 413 1494 ει·εο
440 1459 614 1487 nobilitatem
627 1465 713 1493 tuam,
725 1461 799 1495 quod
816 1461 850 1488 ad
867 1462 968 1496 regiam
979 1461 1022 1489 di-

235 1503 368 1537 gnitatem
385 1508 498 1531 vocatus
527 1505 583 1531 sis:
610 1504 696 1533 Genus
712 1505 832 1537 electum,
845 1506 1024 1533 sacerdotium

235 1552 260 1574 et
273 1556 336 1583 gen:
349 1552 442 1575 sancta
454 1549 489 1575 ".
506 1549 663 1584 blysterium
674 1550 746 1576 cnim
758 1550 961 1577 Christianismi
974 1558 1023 1585 pe-

1073 273 1169 305 δόντας
1178 274 1212 309 τῇ
1229 272 1324 308 κακίᾳ,
1343 272 1391 299 καὶ
1407 271 1615 307 συνηδομένους.

1110 365 1149 392 Γ¹.
1168 364 1275 399 Ὠσπερ
1287 363 1334 390 ἐὰν
1344 361 1360 400 ᾖ
1377 363 1513 398 βασιλεὺς,
1525 362 1572 390 καὶ
1582 362 1649 398 εὕρῃ
1659 363 1791 398 πενιχράν
1800 371 1862 390 τινα

1073 410 1159 445 κόρην
1170 410 1240 445 ῥάκη
1255 409 1442 444 ἐνδεδύμένην,
1473 407 1570 443 καὶμὴ
1596 408 1775 444 ἐπαισχυνθῇ,
1794 408 1862 435 ἀλλὰ

1074 455 1128 492 ἄρῃ
1141 456 1225 490 αὐτῆς
1233 455 1266 481 τὰ
1274 454 1384 490 ῥυπαρὰ
1394 454 1539 489 ἐνδύματα,
1549 453 1743 488 καὶιάποπλύνῃ
1754 453 1802 488 τὴν
1811 462 1861 488 με·

1074 502 1176 534 λανίαν,
1194 501 1242 528 καὶ
1260 501 1386 536 κοσμήσῃ
1396 499 1480 535 αὐτὴν
1503 499 1635 534 ἐνδύμασι
1651 498 1798 534 λαμπροῖς,
1813 499 1860 526 καὶ

1074 549 1176 584 ποιήσῃ
1195 547 1279 583 αὐτὴν
1294 546 1422 574 κοινωνὸν
1437 545 1579 581 βασιλέως,
1597 545 1707 580 καὶτῆς
1720 545 1860 581 τραπέζης

1075 594 1170 625 αὑτοῦ,
1183 593 1231 619 καὶ
1247 593 1297 627 τῆς
1312 591 1429 626 εὐωχίας
1450 590 1558 626 μεταδῷ
1576 591 1645 626 αὐτῇ
1658 598 1665 605 ⁸
1683 590 1770 622 οὕτως
1787 591 1834 617 καὶ
1846 591 1860 617 ό

1074 640 1176 676 Κύριος
1190 636 1253 674 εὗρε
1275 639 1324 674 τὴν
1340 638 1429 673 ψυχήν
1447 636 1729 673 τετραυματισμένην,
1743 637 1790 663 καὶ¹
1813 645 1860 663 πε-

1073 686 1244 721 πληγμένην,
1259 685 1306 711 καὶ
1317 683 1417 710 ἔδωκεν
1429 683 1497 718 αύτῇ
1512 683 1668 718 φάρμακον,
1678 683 1724 708 καὶ
1736 682 1860 716 ἑξέδυσεν

1074 731 1159 765 αὐτὴν
1176 730 1210 757 τὰ
1224 731 1328 765 μέλανα
1341 729 1487 764 ἐνδύματα,
1504 729 1551 755 καὶ
1566 728 1615 764 τὴν
1630 727 1794 763 αἰσχρότητα
1812 729 1861 764 τῆς

1074 777 1185 810 κακίας,
1212 776 1262 803 καὶ
1287 775 1413 802 ἐνέδυσεν
1442 774 1528 810 αὒτὴν
1556 774 1695 810 ἐνδύματα
1721 773 1859 808 βασιλικὰ,

1075 822 1240 857 ἐπουράνια,
1255 821 1306 854 τῆς
1322 821 1461 855 θεότητος,
1477 819 1607 854 φωτεινὰ,
1621 818 1669 846 καὶ
1686 818 1779 851 ἔνδοξα
1791 827 1798 835 ”
1814 819 1862 846 καὶ

1074 868 1210 903 ἐπέθηκεν
1228 867 1297 903 αὐτῇ
1314 866 1457 901 στέφανον,
1474 865 1520 892 καὶ
1531 865 1660 900 ἐποίησεν
1671 864 1757 899 αὐτὴν
1767 873 1861 891 κοινω-

1072 914 1116 940 νὸν
1128 913 1269 949 τραπέζης
1297 912 1439 948 βασιλικῆς
1462 912 1501 942 εἰς
1528 910 1615 946 χαρὰν
1628 911 1674 937 καὶ
1689 910 1859 945 ἁγαλλίασιν.

1071 959 1127 987 Καὶ
1151 959 1246 994 ὥσπερ
1267 958 1316 985 ἐὰν
1377 957 1551 993 παράδεισος,
1567 957 1615 984 καὶ
1629 956 1680 992 ἔχῃ
1694 957 1751 983 ἐκεῖ
1765 956 1861 991 δένδρα

1071 1005 1245 1041 καρποφόρα,
1262 1003 1310 1031 καὶ
1322 1004 1371 1030 ὅλα
1386 1003 1483 1038 εὐώδη,
1498 1003 1548 1030 καὶ
1562 1000 1628 1030 ὦσιν
1639 1004 1698 1029 ἐκεῖ
1708 1003 1785 1029 τόποι
1800 1001 1862 1028 πολ-

1071 1051 1112 1078 λοὶ⁸
1126 1051 1295 1086 ἐπιτερπεῖς,
1310 1050 1366 1076 ὅλοι
1381 1049 1479 1084 ὡραῖοι
1508 1049 1556 1075 καὶ
1585 1047 1796 1083 πεπληρωμένοι
1817 1047 1861 1073 εύ-

1071 1097 1154 1129 ωδίας
1164 1097 1213 1124 καὶ
1222 1095 1400 1128 ἀναπαύσεως
1409 1104 1416 1111 ·
1426 1095 1473 1122 καὶ
1489 1095 1562 1127 ὅστις
1577 1094 1610 1122 ἂν
1620 1094 1723 1130 ἀπέλθῃ
1735 1095 1802 1126 ἐκεῖ,
1815 1093 1860 1120 εύ-

1072 1144 1217 1180 φραίνεται
1229 1143 1277 1170 καὶ
1283 1141 1461 1169 ἀναπαύεται·
1471 1141 1559 1173 οὕτως
1567 1141 1687 1176 γίνονται
1699 1140 1728 1167 αι
1735 1139 1820 1175 ψυχαὶ
1831 1139 1861 1166 ἐν

1071 1193 1105 1225 τῇ
1123 1189 1260 1225 βασιλείᾳ,
1275 1188 1335 1216 ὅλαι
1346 1188 1415 1215 εἰσιν
1430 1189 1460 1214 ἐν
1476 1188 1559 1223 χαρᾷ,
1575 1187 1624 1213 καὶ
1638 1186 1801 1221 εὐφροσύνῃ,
1813 1185 1861 1212 καὶ

1072 1236 1169 1271 εἰρήνῃ
1178 1244 1185 1251 ·
1205 1235 1323 1269 βασιλεῖς
1338 1234 1385 1260 καὶ
1399 1233 1489 1268 κύριοί
1500 1233 1553 1259 εἱσι
1564 1232 1611 1259 καὶ
1625 1231 1691 1258 θεοί.
1704 1231 1861 1266 Γέγραπται

1072 1282 1137 1316 γὰρ,
1161 1280 1310 1312 Βασιλεὺς
1333 1279 1392 1306 τῶν
1412 1277 1653 1312 βασιλευόντων,
1677 1276 1728 1304 καί
1754 1276 1861 1311 Κύριος

1072 1324 1133 1352 τῶν
1148 1324 1359 1358 κυριευόντων.

1108 1370 1146 1397 Δ’.
1163 1370 1219 1396 υὺκ
1235 1368 1308 1394 ἔστιν
1319 1367 1365 1394 οὖν
1375 1366 1405 1394 τὸ
1416 1366 1496 1401 τυχδν
1507 1367 1521 1392 ὸ
1531 1363 1757 1400 Χριστιανισμόςθ
1766 1362 1796 1390 τὸ
1806 1362 1860 1397 γὰρ

1075 1415 1226 1450 μυστήριον
1239 1413 1318 1440 τοῦτο
1333 1413 1405 1448 μέγα
1427 1411 1511 1438 ἐστίν.
1532 1410 1677 1444 Ἑπίγνωθι
1689 1409 1736 1436 οὖν
1751 1417 1798 1435 σου
1810 1409 1861 1444 τὴν

1074 1461 1224 1495 εὐγένειαν,
1240 1460 1280 1486 ὅτι
1295 1460 1335 1491 είς
1353 1458 1492 1493 βασιλικὸν
1507 1457 1617 1491 ἀξίωμα
1632 1455 1760 1491 ἐκλήθης,
1773 1455 1862 1489 γένος

1073 1506 1227 1539 ἐκλεκτὸν,
1236 1505 1391 1539 Ιεράτευμα
1399 1505 1448 1531 καὶ
1457 1504 1544 1536 ἔθνος
1553 1503 1649 1537 ἅγιον⁴
1659 1501 1690 1528 τὺ
1698 1501 1753 1536 γὰρ
1765 1501 1862 1536 μυστή-

1076 1561 1132 1588 ριον
1144 1552 1191 1579 τοῦ
1201 1550 1416 1586 Χριστιανισμοῦ
1429 1549 1571 1582 ξένονεὲστὶ
1579 1547 1627 1574 τοῦ
1641 1547 1744 1582 κόσμου
1754 1546 1860 1574 τούτου.

236 1594 376 1628 regrinum
392 1598 433 1621 est
456 1594 489 1621 ab
509 1595 562 1622 hoc
578 1595 692 1622 mundo.
720 1595 813 1623 Gloria
827 1596 900 1631 regis
910 1595 1023 1631 quidem

1077 1585 1113 1625 Ἦ
1130 1598 1179 1633 μὲν
1193 1585 1343 1632 φαινομένη
1357 1596 1420 1629 δόξα
1435 1594 1482 1622 τοῦ
1494 1594 1638 1629 βασιλέως,
1651 1593 1699 1620 καὶ
1710 1593 1724 1619 ὁ
1735 1591 1860 1624 πλοῦτος,

235 1638 396 1673 conspicua,
414 1647 447 1667 ac
459 1640 562 1667 divitiae
585 1645 693 1667 terrena
719 1646 794 1672 sunt,
823 1641 1023 1675 corruptibilia,

235 1684 308 1711 fluxa
319 1690 348 1712 et
364 1684 478 1712 caduca.
505 1687 629 1721 Regnum
651 1690 743 1713 autem
761 1686 840 1719 illud,
866 1691 895 1714 et
911 1687 1024 1720 divitiae,

236 1734 301 1757 sunt
322 1738 367 1758 res
381 1731 492 1765 divinas,
510 1740 554 1759 res
568 1732 695 1760 cmlestes
705 1738 787 1767 atque
804 1733 941 1768 gloriosae,
954 1741 1026 1760 nun-

236 1783 318 1810 quam
334 1777 523 1812 praeteriturae,
541 1786 681 1812 nunquam
699 1778 1027 1814 dissolvendeeJlegnant

236 1823 310 1849 enim
326 1830 388 1849 cum
404 1822 510 1850 cmlesti
526 1831 587 1858 rege
607 1823 634 1849 in
648 1823 752 1850 ctelesti
766 1824 902 1856 Ecclesia;
914 1824 1026 1858 ipseque

236 1869 427 1903 primogenita:
441 1874 480 1896 est
499 1877 530 1896 ea:
546 1872 654 1896 mortuis
665 1871 700 1901 ⁷³,
726 1870 899 1905 primogeniti
916 1878 1026 1905 quoque

237 1912 299 1948 ipsi.
312 1913 447 1941 Caeterum
462 1915 527 1942 licet
535 1915 604 1942 tales
626 1915 685 1942 sint
695 1915 775 1943 electi
790 1920 818 1943 et
832 1916 941 1951 probati
953 1915 1025 1950 apud

236 1957 338 1991 Deum;
352 1960 424 1994 apud
437 1967 467 1987 se
481 1964 573 1987 tamen
588 1964 653 1988 sunt
667 1960 785 1993 minimi,
797 1965 825 1988 et
838 1961 916 1989 valde
931 1969 1027 1996 repro-

237 2003 309 2036 bati;
329 2004 409 2040 104
430 2005 505 2039 quod
533 2005 589 2031 illis
601 2008 644 2032 est
669 2005 744 2032 velut
770 2005 898 2033 naturale
913 2009 942 2032 et
960 2012 1028 2033 con-

237 2055 355 2082 cretum,
374 2055 404 2077 ul.
419 2050 454 2078 de
469 2058 499 2078 se
512 2050 656 2078 humiliter
674 2055 723 2078 aut
735 2051 805 2079 nihil
823 2052 954 2079 sentiant.

274 2137 307 2165 ν.
332 2137 520 2173 Interrogatio.
540 2139 704 2174 Ignoranme
724 2147 785 2175 ergo
808 2148 836 2167 se
854 2141 1026 2167 accessionem

237 2185 534 2219 consecutos,ac,fquad
555 2193 607 2212 non
628 2185 768 2218 habebant,
792 2186 924 2221 possidere
945 2195 962 2213 α
976 2195 1026 2214 na-

237 2234 300 2257 tura
313 2239 362 2257 sua
380 2230 514 2265 quidpiam
525 2229 660 2257 alienum?

273 2276 424 2312 Responsio.
440 2277 496 2312 Ego
514 2284 579 2304 vero
593 2277 641 2304 tibi
654 2277 715 2304 dico
744 2277 806 2305 illos
820 2285 874 2304 non
889 2285 951 2305 esse
961 2285 1025 2312 pro-

237 2322 327 2355 batos,
354 2330 405 2349 nec
427 2329 488 2349 esse
512 2323 541 2349 in
556 2330 713 2358 progressu,
730 2327 812 2357 atque
825 2323 951 2358 ignorare
982 2331 1023 2356 se,

236 2367 311 2403 quod
329 2375 383 2395 non
399 2367 546 2400 habebant,
568 2368 721 2403 possidere.
732 2368 878 2401 Caeterum,
895 2368 942 2403 qui
958 2369 1026 2396 tales

237 2417 312 2446 sunt,
350 2421 398 2440 eos
423 2414 479 2448 ipsa
503 2414 590 2449 gratia
605 2414 740 2441 accedens
766 2414 857 2446 docet,
874 2423 908 2441 ne
922 2414 977 2442 ullo
995 2415 1025 2442 in

238 2460 328 2494 pretio
344 2459 464 2487 habeant
483 2461 589 2487 animas
608 2468 682 2491 suas,
705 2461 771 2487 dum
791 2468 966 2496 progressum
983 2460 1025 2488 fa-

237 2506 324 2537 ciunt,
341 2505 388 2532 sed
407 2511 504 2532 natura
527 2505 649 2541 abjeclos
663 2510 691 2533 et
708 2506 824 2533 infames
843 2514 872 2534 se
888 2506 962 2541 ipsos
979 2513 1024 2534 re-

236 2555 344 2586 putent.
360 2551 452 2585 ltaque
465 2559 530 2578 cum
545 2552 617 2586 apud
634 2552 718 2579 Deum
734 2553 858 2587 praeclari
871 2553 937 2583 sint,
951 2551 1024 2587 apud

236 2604 266 2624 se
285 2597 359 2631 ipsos
375 2604 429 2624 non
451 2602 534 2625 sunt:
559 2605 681 2633 cumque
702 2599 759 2626 sint
778 2598 806 2626 in
832 2607 977 2634 progressu
997 2603 1026 2626 et

236 2643 335 2670 notitia
353 2642 412 2676 Dei,
424 2643 539 2677 perinde
554 2648 628 2676 sunt,
643 2652 676 2672 ac
689 2645 711 2672 si
724 2645 779 2672 sint
795 2646 919 2672 omnium
932 2653 1024 2673 rerum

237 2687 344 2722 ignari:
360 2692 388 2715 et
404 2688 476 2723 apud
503 2689 589 2716 Deum
614 2697 676 2717 cum
701 2690 757 2717 sint
771 2690 931 2725 locupletes.
952 2690 1024 2725 apud

237 2741 268 2761 se
281 2739 345 2762 sunt
363 2742 508 2770 pauperes.
524 2735 760 2769 Quemadmodum
776 2741 867 2764 autem
887 2737 1024 2770 Christus,

237 2784 344 2815 sumpta
356 2782 425 2808 servi
442 2781 529 2816 forma
540 2782 575 2816 τ’,
590 2790 639 2818 per
654 2783 836 2810 humilitatem
849 2783 916 2810 vicit
930 2782 1026 2810 diabo-

1075 1643 1186 1676 ἐπίγειά
1205 1643 1273 1676 ἐστι,
1299 1642 1346 1668 καὶ
1361 1641 1481 1676 φθαρτὰ,
1497 1640 1545 1667 καὶ
1558 1638 1769 1673 παρερχόμενα·
1787 1638 1862 1664 ὲκεί-

1075 1698 1107 1724 νη
1124 1689 1152 1716 δὲ
1173 1689 1189 1723 ἡ
1218 1688 1352 1723 βασιλεία,
1382 1687 1428 1714 καὶ
1452 1687 1467 1713 ὁ
1486 1685 1614 1718 πλοῦτος,
1630 1683 1782 1720 πράγματά
1804 1683 1861 1710 ἐστι

1075 1731 1300 1775 θεῖα,πρ“άγμπιτα
1313 1730 1462 1765 ἐπουράνια
1476 1730 1523 1757 καί
1529 1730 1632 1763 ἔνδοξα,
1638 1729 1772 1775 μηδέποτε
1782 1736 1858 1775 γπαρ-

1075 1773 1210 1812 ερχόμενα
1235 1777 1251 1812 ἢ
1278 1777 1407 1812 λυόμενα.
1425 1775 1657 1815 Ξξυμὸασιλεύουσι
1672 1773 1861 1809 γὰρτῷὲπου-

1076 1823 1161 1859 ρανίῳ
1194 1823 1315 1858 βασιλεῖ,
1332 1824 1361 1849 ἐν
1384 1824 1418 1858 τῇ
1445 1821 1600 1857 ἐπουρανίῳ
1630 1820 1794 1854 Ἐκκλησία·
1816 1818 1863 1845 καὶ

1076 1869 1262 1903 πρωτότοκος
1267 1868 1326 1903 μέν
1331 1868 1417 1894 ἐστιν
1423 1867 1515 1899 αὐτὸς
1522 1866 1556 1893 ἐκ
1564 1864 1687 1899 νεκρῶν,
1696 1863 1863 1900 πρωτότοκοι

1076 1914 1105 1940 δὲ
1121 1915 1168 1940 καὶ
1182 1913 1269 1940 αὐτοι.
1290 1913 1372 1940 Ἀλλὰ
1391 1913 1494 1948 καίπερ
1516 1912 1632 1939 τοιοῦτοι
1647 1911 1724 1943 ὄντες
1740 1910 1864 1938 ἐκλεκτοὶ

1075 1959 1123 1986 καὶ
1135 1959 1241 1995 δόκιμοι
1256 1959 1331 1993 παρὰ
1351 1958 1421 1993 Θεῷ,
1436 1958 1501 1993 παρ’
1513 1958 1620 1989 ἑαυτοῖς
1633 1957 1702 1983 είσιν
1715 1955 1862 1991 ἐλάχιστοι,

1076 2005 1125 2031 καὶ
1147 2004 1208 2032 λίαν
1230 2004 1528 2039 άποδεδοκιμασμένοι·
1557 2002 1694 2029 καὶτοῦτο
1709 2002 1800 2034 αὐτοῖς
1825 2001 1863 2033 ὡς

1077 2050 1192 2085 φυσικὸν
1205 2049 1252 2076 καὶ
1269 2049 1373 2085 πηκτόν
1391 2050 1451 2076 ἐστι
1464 2048 1610 2081 ταπεινοὺς
1624 2048 1641 2084 ἢ
1661 2048 1691 2075 τὸ
1704 2048 1787 2083 μηδὲν
1800 2048 1861 2074 ἐαυ-

1075 2096 1139 2126 τοὺς
1152 2094 1287 2130 ἡγεῖσθαι.

1112 2140 1149 2168 E’.
1161 2140 1333 2174 Ἐρώτησις.
1344 2141 1404 2168 οὐκ
1419 2140 1540 2167 οἴδασιν
1548 2138 1616 2174 οὖν,
1632 2140 1676 2167 ὅτι
1687 2140 1864 2174 προσθήκην

1077 2186 1199 2218 ἔλαϐον,
1211 2185 1260 2213 καί
1279 2186 1296 2213 ὃ
1316 2187 1371 2214 οὐκ
1385 2184 1480 2220 εἶχον,
1497 2186 1677 2222 ἐκτήσαντο,
1700 2185 1791 2218 ξένον
1808 2185 1864 2220 τῆς

1079 2233 1199 2267 φύσεως
1214 2231 1323 2260 αὐτῶν.

1119 2278 1302 2312 Ἀπόκρισις.
1315 2277 1387 2313 Ἐγὼ
1396 2277 1449 2314 γάρ
1466 2286 1507 2304 σοι
1519 2277 1600 2312 λέγω,
1615 2277 1656 2304 ὅτι
1670 2277 1720 2304 οὐκ
1730 2277 1783 2304 εἰσὶ
1791 2276 1863 2303 δεδοα

1076 2324 1252 2360 κιμασμένοι,
1264 2324 1311 2352 καὶ
1322 2325 1373 2351 οὐκ
1381 2324 1454 2351 εἰσὶν
1460 2325 1490 2351 ἐν
1500 2325 1637 2360 προκοπῇ,
1649 2323 1696 2350 καὶ
1708 2323 1862 2358 ἀγνοοῦσιν,

1077 2370 1114 2402 ὡς
1130 2370 1144 2397 ὃ
1161 2371 1212 2397 οὐκ
1231 2367 1304 2405 εἶχον
1328 2370 1487 2405 ἐκτήσαντο.
1513 2369 1594 2397 Ἀλλὰ
1615 2369 1751 2401 τοιούτους
1772 2369 1860 2401 ὄντας,

1077 2416 1146 2452 αὑτὴ
1159 2417 1175 2451 ἡ
1189 2415 1268 2451 χάρις
1281 2415 1396 2442 ἐλθοῦσα
1414 2415 1545 2447 διδάσκει,
1570 2415 1607 2451 μὴ
1621 2414 1692 2450 ἔχειν
1706 2415 1756 2450 τὴν
1774 2413 1864 2449 ψυχὴν

1078 2461 1168 2489 αὐτῶν
1193 2462 1298 2497 τιμίαν,
1333 2461 1412 2493 δντας
1432 2462 1462 2488 ὲν
1489 2463 1626 2497 προκοπῇ,
1650 2461 1718 2488 ἀλλὰ
1741 2460 1862 2495 φυσικῶς

1077 2508 1192 2543 ἀτίμους
1205 2508 1318 2538 ἑαυτοὺς
1335 2507 1476 2542 ήγεῑσθαιο
1494 2507 1541 2534 καὶ
1561 2507 1637 2541 παρὰ
1653 2506 1712 2542 Θεῷ
1726 2506 1809 2541 τίμιοι
1821 2505 1865 2532 ὕν-

1076 2562 1122 2586 τες
1137 2554 1202 2589 παρ’
1219 2554 1325 2584 ἑαυτοῖς
1340 2553 1390 2579 οὑκ
1404 2553 1467 2580 εἰσι.
1479 2553 1533 2580 Καὶ
1546 2553 1575 2578 ἐν
1588 2553 1713 2587 προκοπῇ
1731 2551 1778 2578 καὶ
1792 2549 1863 2585 γνώ-

1078 2608 1119 2626 σει
1136 2599 1204 2625 Θεοῦ
1224 2598 1311 2631 ὅντες,
1337 2598 1374 2630 ὡς
1390 2599 1473 2634 μηδὲν
1502 2598 1602 2630 εἰδότες
1625 2598 1696 2625 εἰσί·
1715 2599 1762 2624 καὶ
1790 2597 1866 2633 παρὰ

1077 2645 1138 2680 Θεῷ
1161 2644 1283 2671 πλούσιοι
1296 2644 1383 2676 ὄντες,
1398 2645 1463 2680 παρ’
1486 2644 1594 2674 ἑαυτοῖς
1608 2645 1661 2670 εισι
1673 2651 1680 2659 '
1696 2643 1791 2678 ὥσπερ
1803 2643 1832 2669 δὲ
1850 2643 1865 2669 ὁ

1078 2690 1195 2726 Χριστὸς
1201 2689 1325 2725 μορφὴν
1335 2689 1448 2716 δούλου
1456 2688 1567 2722 λαϐὼν,
1575 2688 1619 2715 διὰ
1630 2688 1680 2723 τῆς
1692 2696 1822 2721 ταπεινοφ
1827 2695 1867 2722 ρο-

1079 2737 1161 2771 σύνης
1179 2736 1290 2771 ἐνίκησε
1304 2735 1349 2761 τὸν
1365 2734 1489 2762 διάὸολον
1500 2742 1507 2750 '
1526 2734 1613 2766 οὕτως
1631 2734 1661 2767 ἐξ
1680 2734 1766 2769 ἀρχῆς
1779 2734 1793 2760 ὁ
1804 2734 1866 2768 ὃφις

1077 2783 1122 2810 διὰ
1136 2783 1187 2818 τῆς
1208 2781 1430 2818 ὑψηλοφροσύνης
1457 2781 1505 2808 καὶ
1527 2780 1673 2816 τυφώσεως
1696 2781 1865 2815 κατέστρεψε

276 2867 299 2883 "
311 2867 396 2903 Apoc.
412 2876 486 2902 xvui,
507 2870 538 2897 u
587 2872 611 2887 "
636 2870 646 2898 l
664 2871 723 2899 Pet.
738 2879 767 2904 ll,
782 2872 807 2900 9.
847 2871 867 2888 "'
881 2871 987 2899 Coloss.
1009 2879 1028 2903 ι,
1049 2871 1089 2898 18.
1127 2871 1150 2886 "
1168 2869 1286 2905 Philipp.
1304 2877 1333 2902 ιι,
1355 2869 1380 2897 7.
