2078 3151
263 170 317 202 699

900 166 930 196 S.
951 165 1112 196 MACARII
1132 163 1294 194 AZGYPTII

1843 163 1897 194 700

262 228 380 265 quadam
394 227 477 255 animi
486 227 584 259 elatus,
594 225 715 254 calcibus
725 229 818 261 petere
833 224 927 259 erepit,
941 229 1053 250 omnes~

1111 220 1282 251 Ξιπελάκτισε,
1298 219 1346 246 καὶ
1361 217 1463 254 ἡρξατο
1477 217 1581 250 πάντας
1596 217 1732 253 ὑϐρίζειν,
1747 218 1794 245 καὶ
1811 219 1898 255 ὑπερ-

263 283 318 310 que
336 273 500 301 contumelia
513 273 636 304 allicere,
650 277 678 299 et
690 280 774 307 super
793 270 924 305 quosdam
939 268 1033 297 ell'erri
1046 275 1052 300 ;

264 327 319 355 quo
330 319 423 346 audito
434 327 480 346 rex
494 319 553 354 ejus
569 318 719 353 publicavit
735 317 806 344 bona
820 325 826 342 :
843 316 882 343 sic
902 323 931 343 se
948 322 993 342 res
1007 315 1055 341 ha-

265 366 312 393 bet
329 366 355 392 in
376 373 406 393 re
422 365 570 400 spirituali.
601 365 745 392 Paululum
763 363 864 398 quietis
881 361 927 388 ubi
941 360 1054 396 quidam

265 411 446 446 dcgustarint,
467 411 661 438 administrare
677 409 704 436 id
718 409 856 440 nesciunt,
874 407 922 434 sed
937 406 1056 441 perdunt

265 457 291 484 id
306 465 415 492 quoque
430 457 504 492 quod
519 460 696 491 acceperunt.
715 456 814 482 Tentat
834 455 907 481 enim
925 462 973 482 eos
991 461 1055 489 pec-

264 509 367 535 catum,
386 508 414 530 et
428 507 545 530 occaecat
560 503 669 529 illorum
683 505 815 528 mentem.

299 549 346 576 IX.
363 549 550 584 Interrogatio.
571 548 635 575 Post
647 548 825 575 visitationem
837 546 929 581 gratia:
945 545 1054 580 factum,

265 603 316 630 quo
331 599 408 630 pacto
426 594 550 620 labuntur
566 592 688 619 nonnulli
702 592 714 618 ?
734 591 826 618 Nonne
839 589 955 618 Satanas
970 591 1056 616 mani-

266 642 330 676 feste
343 641 417 676 longe
428 641 582 667 imbecillior
596 644 633 666 est
647 639 659 666 7
673 647 736 666 nam
750 638 792 665 ubi
805 638 870 670 dies,
884 646 938 672 qua
954 637 1057 663 ratione

266 690 348 720 potest
363 694 414 713 non;
428 687 501 713 esse?

301 732 454 767 Responsio.
477 732 534 759 Non
545 731 618 766 quod
627 731 818 766 exstinguatur
831 729 930 765 gratia,
943 733 990 756 aut
1005 728 1056 755 im-

267 778 392 805 becillior
405 778 548 811 reddatur,
576 777 624 804 sed
639 781 668 804 ut
685 777 803 804 liberum
818 775 963 802 arbitrium
979 778 1057 801 tuum

267 831 300 850 ac
313 823 427 850 libertas
439 823 582 858 probetur,
600 830 656 857 quo
670 826 774 857 vergat.
789 820 926 856 permittit
938 824 965 846 te
980 819 1058 846 mali-

268 869 313 896 tia:
330 877 337 895 :
355 874 438 903 tuque
455 876 551 896 rursus
564 869 706 895 voluntate
726 867 949 902 appropinquans
965 864 1055 892 Domi-

267 921 320 944 no,
339 913 514 945 admoneris,
528 917 559 940 ut
579 913 684 940 revisas
703 912 829 947 gratiam.
853 911 889 938 At
904 917 958 945 quo
978 914 1057 944 pacto

267 959 400 994 scriptum
419 963 462 986 est
480 968 486 985 :
504 958 633 994 Spiritum
654 966 686 985 ne
702 957 877 992 cxstinguatis
896 957 919 972 "
936 965 942 982 :
960 957 982 983 si
1000 955 1059 990 ipse

268 1004 500 1039 iuexstinguibilis
508 1008 583 1031 estet
591 1003 718 1030 lucidus?
732 1003 773 1030 Tu
789 1011 856 1030 vero
863 1002 1003 1029 voluntate
1013 1006 1059 1028 tua

268 1050 418 1085 negligens,
434 1054 462 1077 et
477 1057 531 1077 non
544 1049 728 1079 consentiens.
741 1048 925 1083 exstingueris
942 1055 957 1074 a
971 1047 1059 1081 Spiri-

269 1101 310 1123 tu.
332 1096 435 1123 Eodem
461 1096 543 1123 modo
566 1095 634 1123 dicit
654 1104 661 1121 :
680 1094 720 1122 Ne
744 1094 903 1121 routristetis
930 1092 1059 1128 Spiritum

267 1145 399 1173 sanctum,
413 1149 461 1176 per
475 1149 550 1176 quem
563 1141 695 1176 obsignati
709 1141 769 1167 estis
784 1141 811 1166 in
824 1140 891 1166 diem
901 1140 1060 1173 redemptio-

268 1185 310 1211 nis
327 1185 361 1211 ⁷⁵.
379 1184 461 1211 Vides
475 1185 503 1211 in
518 1189 565 1212 tua
585 1185 725 1211 voluntate
742 1185 824 1211 silum
840 1192 900 1211 esse
913 1204 920 1215 ,
935 1187 964 1211 et
981 1183 1009 1210 iu
1026 1183 1060 1210 li-

268 1230 335 1257 hero
350 1230 466 1257 arbitrio
482 1234 544 1262 tuo,
561 1235 592 1257 ut
610 1230 715 1258 honore
733 1230 835 1257 allicias
851 1230 984 1265 Spiritum
997 1237 1061 1257 san-

268 1281 342 1304 ctum
353 1297 360 1308 ,
377 1280 405 1303 et
419 1284 474 1304 non
491 1276 649 1304 contristes.
671 1276 727 1312 Ego
741 1285 807 1304 vero
831 1277 880 1304 tibi
896 1276 975 1308 dico,
996 1284 1061 1311 per-

268 1319 348 1348 fectis
361 1327 471 1355 quoque
484 1320 664 1352 Christianis,
679 1325 708 1347 et
731 1320 844 1355 quidem
875 1319 1020 1355 captivatis
1034 1324 1062 1347 et

269 1365 413 1394 inebrialis
429 1373 523 1393 amore
536 1373 600 1401 erga
617 1365 731 1397 bonum,
744 1366 837 1393 inesse
853 1365 971 1393 liberum
989 1365 1062 1393 arbi-

269 1413 364 1442 trium,
380 1411 454 1439 unde
473 1411 588 1439 inﬁnitis
602 1411 682 1439 malis
691 1411 851 1445 examinati,
863 1415 1062 1439 convertuntur

269 1457 304 1484 ad
320 1457 432 1484 bonum.

304 1509 338 1537 Χ.
360 1509 478 1536 Perinde
493 1516 526 1537 ac
542 1509 563 1536 si
583 1510 638 1537 sint
653 1510 786 1544 primates
804 1509 917 1545 quidam
930 1530 938 1543 ,
961 1509 1062 1538 divites

1108 265 1234 300 αίρεσθαί
1251 273 1344 297 τινων,
1372 264 1434 291 ὅθεν
1463 264 1584 295 ἀκούσας
1599 264 1614 289 ὸ
1630 264 1759 299 βασιλεὺς
1779 265 1897 300 ἐδήμευ-

1107 320 1154 338 σεν
1168 311 1251 338 αὑτοῦ
1267 311 1300 337 τὰ
1317 310 1476 345 ὑπάρχοντα
1486 318 1493 325 ·
1511 310 1598 342 οὕτως
1612 310 1661 336 καὶ
1675 311 1715 342 εις
1727 310 1759 336 τὸ
1773 318 1898 346 πνευμα-

1106 357 1182 384 τικόν
1204 364 1210 371 ·
1242 357 1343 391 μικρᾶς
1370 355 1551 387 ἀναπαύσεως
1577 355 1625 382 ἐὰν
1643 355 1796 389 γεύσωνται
1815 365 1897 389 τινες,

1106 403 1157 430 οὐκ
1173 402 1258 429 οἴδασι
1274 402 1422 437 διοικῆσαι,
1438 402 1496 428 ἀλλ’
1512 401 1646 428 ἀπολοῦσι
1660 402 1707 428 καὶ
1721 401 1797 434 αὐτὸ,
1811 402 1825 428 ὃ
1837 402 1899 429 ἐλα-

1107 449 1164 476 6ον.
1182 448 1311 484 Πειράζει
1327 448 1382 484 γὰρ
1400 447 1498 480 αὐτοὺς
1520 448 1538 482 ἡ
1561 447 1695 483 ἁμαρτία,
1716 447 1764 473 καὶ
1779 448 1899 480 σκοτίζεί

1107 494 1199 522 αὐτῶν
1216 493 1261 520 τὸν
1279 493 1352 520 νοῦν.

1142 537 1180 565 Θ’.
1203 538 1370 572 Ἐρώτησις.
1387 537 1468 565 Μετὰ
1484 537 1518 563 τὸ
1529 537 1693 571 ἐπίσκεψιν
1706 536 1762 571 τῆς
1778 537 1897 572 χάριτος

1108 585 1258 619 γενέσθαι.
1281 583 1344 618 πῶς
1364 583 1513 610 πίπτουσι
1523 591 1621 616 τινες;
1637 584 1710 618 οὐχὶ
1726 585 1743 610 ό
1763 583 1899 616 Σατανᾶς

1108 629 1327 663 ἀσθενέστερος
1351 629 1567 657 ἀποδείκνυται
1596 629 1697 662 πολύ;
1717 628 1811 656 Ὅπου
1842 629 1899 665 γὰρ

1108 675 1212 710 ἡμέρα,
1229 675 1292 708 πῶς
1305 675 1430 702 δύναται
1446 675 1505 707 νὺξ
1522 673 1617 704 eli-ai:

1149 721 1325 754 Ἀπόκρισις.
1351 721 1406 755 Οὐχ
1431 721 1501 756 ὁτιή
1520 720 1599 755 χάρις
1615 720 1767 752 σϐέννυται,
1785 720 1801 755 ἥ
1817 720 1897 746 ἀσθε-

1109 768 1158 799 νεῖ,
1176 767 1234 792 ἀλλ’
1259 767 1301 793 ῐνα
1319 767 1350 792 τὸ
1383 766 1558 799 αὐτεξούσιον
1582 775 1639 798 σου,
1664 766 1712 793 καὶ
1725 767 1741 800 ἡ
1759 766 1899 801 ἐλευθερία

1109 812 1272 847 δοκιμασθῇ,
1297 812 1348 838 ποῦ
1373 812 1461 847 ῥέπει,
1487 813 1648 848 παραχωρεῖ
1669 814 1702 847 τῇ
1724 812 1823 847 κακίᾳ·
1851 813 1898 839 καὶ

1110 858 1190 885 πάλιν
1207 858 1240 884 σὺ
1256 857 1296 894 τῷ
1317 857 1449 892 θελήματι
1465 857 1653 892 προσεγγίζων
1667 857 1706 893 τῷ
1721 857 1815 893 Κυρίῳ
1829 866 1898 893 προ-

1109 905 1197 939 τρέπῃ
1220 904 1266 930 τοῦ
1292 903 1493 938 ἐπισκέψασοαί
1513 912 1542 930 σε
1558 904 1607 939 τὴν
1629 904 1721 940 χάριν.
1747 904 1823 930 Ἐπεὶ
1840 903 1898 934 πῶς

1109 949 1276 986 γέγραπται,
1307 950 1342 977 Τὸ
1373 950 1496 984 Πνεῦμα
1522 950 1565 985 μὴ
1595 950 1750 980 σϐέννυτε.
1764 950 1787 976 ει
1811 950 1900 976 ἐκεῖνο

1109 995 1240 1022 ἄσϐεστον
1253 996 1322 1027 ἐστι,
1337 995 1386 1022 καὶ
1400 995 1550 1030 φωτεινόν;
1565 995 1647 1022 Ἀλλὰ
1662 996 1693 1022 σὺ
1710 995 1748 1030 τῷ
1764 995 1803 1031 σῷ
1818 995 1898 1030 θελή-

1111 1049 1177 1076 ματι
1197 1040 1317 1076 ἀμελῶν,
1333 1041 1381 1068 καὶ
1404 1041 1441 1076 μὴ
1457 1041 1611 1076 συμφωνῶν
1628 1041 1846 1068 κατασϐέννυσαι
1866 1043 1899 1068 ὲκ

1110 1086 1158 1113 τοῦ
1176 1086 1347 1122 Πνεύματος.
1381 1087 1498 1122 Ὁμοίως
1525 1086 1620 1122 λέγει,
1649 1086 1697 1121 Μὴ
1717 1086 1842 1114 λυπεῖτε
1865 1087 1899 1114 τὸ

1110 1132 1231 1167 Πνεῦμα
1244 1133 1276 1159 τὸ
1293 1133 1387 1167 ἅγιον,
1402 1133 1437 1160 ἐν
1449 1130 1473 1166 ᾦ
1485 1133 1705 1168 ἐσφραγίσθητε
1725 1134 1768 1166 εἰς
1785 1132 1899 1167 ἡμέραν

1110 1177 1358 1210 ἀπολυτρώσεως.
1381 1177 1464 1213 Ὁρᾷς
1479 1177 1522 1204 ὅτι
1537 1179 1566 1204 ὲν
1580 1177 1618 1213 τῷ
1635 1178 1767 1212 θελήματι
1780 1186 1826 1204 σου
1842 1178 1899 1204 κεῖ-

1111 1230 1166 1253 ·ιαι,
1185 1222 1232 1248 xui.
1254 1223 1283 1249 ὲν
1311 1224 1344 1258 τῇ
1365 1223 1586 1258 αὑτεξουσιότητι
1605 1232 1662 1257 σου,
1684 1223 1715 1250 τὸ
1734 1223 1848 1258 τιμῆσαι
1869 1223 1900 1249 τὸ

1111 1268 1224 1304 Πνεῦμα
1248 1269 1278 1295 τδ
1307 1269 1396 1304 ἅγιον,
1418 1271 1465 1296 καὶ
1491 1270 1530 1306 μὴ
1551 1270 1681 1306 λυπῆσαι.
1711 1269 1784 1304 Ἐγὼ
1804 1269 1833 1297 δέ
1859 1277 1900 1296 σοι

1111 1314 1192 1349 λέγω,
1214 1315 1255 1342 ὅτι
1278 1315 1396 1347 καὶτοῖς
1419 1315 1534 1348 τελείοις
1554 1317 1725 1352 Χριστιανοῖς
1741 1317 1796 1348 τοῖς
1809 1317 1901 1352 ᾐχμα-

1111 1360 1301 1396 λωτισμένοις,
1347 1362 1395 1389 καὶ
1428 1362 1649 1398 μεμεθυσμένοις
1677 1363 1716 1394 εἰς
1733 1363 1764 1389 τὸ
1788 1362 1900 1397 ἀγαθὸν,

1113 1407 1222 1434 σύνεστι
1238 1407 1268 1434 τὸ
1290 1407 1475 1440 αὐτεξούσιον,
1489 1408 1550 1435 ὅθεν
1567 1409 1676 1444 μυρίοις
1697 1410 1793 1440 κακοῖς
1807 1408 1900 1440 ἐξετα-

1113 1453 1224 1485 σθέντες
1239 1453 1387 1489 τρέπονται
1402 1453 1449 1480 ἐπὶ
1462 1454 1493 1480 τὸ
1504 1454 1619 1489 ἀγαθόν.

1147 1501 1177 1528 1¹.
1192 1500 1296 1536 Ὥσπερ
1310 1501 1375 1528 ὅταν
1389 1497 1442 1527 ὦσι
1458 1509 1531 1533 τινες
1552 1500 1746 1536 ἀξιωματικοὶ,
1763 1505 1810 1528 καὶ
1822 1499 1903 1528 πλού-

270 1561 302 1581 ac
324 1552 446 1584 nobiles,
465 1553 512 1587 qui
530 1553 642 1588 propria
664 1554 805 1581 voluntate
814 1544 849 1581 iet
868 1554 1000 1582 instinctu
1017 1562 1060 1582 re-

1115 1555 1179 1578 σιοι,
1207 1548 1255 1573 καὶ
1279 1547 1410 1581 εὐγενεῖς,
1440 1547 1489 1574 καὶ
1517 1544 1591 1574 οὗτοι
1621 1547 1678 1581 ἰδίῳ
1702 1547 1834 1584 θελήματι
1855 1547 1904 1574 καὶ

270 1597 517 1632 linquanldivitias
528 1603 557 1626 et
570 1598 742 1626 nobilitatem
758 1607 835 1626 suam
855 1607 888 1628 ac
904 1599 1060 1635 dignitates,

270 1648 298 1671 et
313 1644 432 1676 abeant,
448 1652 480 1671 ac
494 1644 611 1671 induant
630 1645 741 1672 sordida
756 1650 784 1672 et
798 1645 862 1673 vilia
878 1646 1042 1673 vestimenta
1053 1667 1061 1679 ,

270 1695 298 1718 et
313 1691 490 1725 ignominiam
507 1699 557 1726 pro
571 1691 657 1726 gloria
668 1712 675 1722 ,
698 1692 807 1726 sintque
829 1692 924 1720 miseri
941 1697 970 1720 et
988 1693 1063 1728 abje—

271 1736 325 1769 cti;
357 1736 409 1764 hoc
428 1737 511 1763 situm
525 1742 569 1764 est
593 1738 620 1764 in
645 1745 742 1764 eorum
768 1738 880 1772 propria
909 1738 1062 1765 voluntate-

270 1781 328 1817 Ego
350 1791 415 1810 vero
435 1783 484 1810 tibi
502 1783 576 1815 dico,
589 1783 663 1818 quod
687 1783 760 1819 ipsos
775 1791 887 1819 quoque
911 1785 1061 1819 apostolos,

270 1829 314 1856 vcl
325 1834 530 1857 consummatos
547 1830 574 1857 in
588 1830 676 1865 gratia
687 1851 694 1863 ,
711 1838 766 1857 non
780 1831 952 1865 prohibuerit
963 1831 1061 1865 gratia,

270 1881 326 1908 quo
344 1874 448 1907 minus,
463 1882 525 1909 quae
547 1875 665 1906 vellent.
682 1874 866 1910 perﬁcerent:
887 1875 994 1902 etiamsi
1012 1883 1062 1902 vo-

269 1919 385 1947 luissent
401 1919 464 1954 ipsi,
479 1927 521 1952 ea,
538 1928 599 1955 qua:
609 1920 794 1955 displicebant
806 1922 910 1956 gratiae,
922 1929 1061 1956 peragere.

269 1966 372 1994 Natura
398 1966 472 1993 enim
499 1971 592 1993 nostra
617 1973 702 2001 capax
729 1971 792 1998 est,
824 1971 881 1993 tum
908 1967 974 1994 boni
1005 1971 1062 1994 tum

269 2013 334 2039 mali
351 2021 357 2039 :
376 2020 407 2040 ac
423 2017 545 2047 potestas
567 2013 725 2040 adversaria
742 2013 920 2046 exhortandi,
940 2022 995 2041 non
1017 2023 1064 2042 co-

269 2059 350 2094 gendi
365 2058 420 2085 vim
440 2058 543 2085 habet:
562 2059 653 2093 quoad
674 2063 774 2086 cmtcra
790 2065 820 2086 tu
841 2059 926 2087 habes
945 2060 1062 2088 liberum

269 2104 415 2130 arbitrium
445 2103 577 2139 vergendi
608 2111 774 2139 quocunque
804 2105 936 2132 volueris.
966 2105 1062 2133 Nonne

269 2147 428 2182 pcrpendis,
440 2147 549 2175 Petrum
567 2148 646 2183 fuisse
658 2149 843 2183 reprehensum
855 2150 890 2181 ⁷⁵,
906 2155 933 2177 et
947 2151 1063 2178 Paulum

268 2194 415 2221 abeuntem
430 2193 552 2229 arguisse
569 2194 646 2221 illum
660 2203 668 2228 ;
685 2195 744 2229 qui,
755 2197 882 2230 quamvis
899 2197 960 2224 talis
976 2201 1061 2229 esset,

1113 1593 1272 1628 προαιρέσει
1289 1593 1461 1621 καταλίπωσι
1492 1594 1537 1621 τδν
1555 1593 1680 1626 πλοῦτον,
1694 1593 1742 1621 καὶ
1755 1593 1804 1630 τὴν
1823 1594 1904 1629 εὐγέ-

1113 1647 1188 1665 νειαν
1208 1638 1308 1672 αὐτῶν,
1329 1640 1377 1666 καὶ
1400 1639 1434 1666 τὰ
1458 1639 1614 1674 ἀξιώματα,
1635 1641 1682 1667 καὶ
1697 1640 1836 1667 ἀπέλθωσι
1855 1640 1904 1667 καὶ

1113 1684 1276 1713 ὲνδύσωνται
1292 1685 1402 1720 ῥυπαρὰ
1418 1686 1466 1712 καὶ
1483 1686 1600 1722 πενιχρὰ
1613 1686 1762 1722 ἐνδύματα,
1779 1686 1827 1713 καὶ
1843 1686 1904 1712 ἀτι-

1114 1729 1179 1765 μίαν
1193 1730 1254 1757 ἀντὶ
1268 1730 1358 1766 δόξης,
1375 1732 1423 1758 καὶ
1436 1729 1487 1759 ὦσι
1500 1731 1748 1768 ταλαιπωροῦντες,
1762 1732 1809 1759 καὶ
1826 1731 1904 1764 ἐξου-

1113 1777 1278 1812 δενούμενοι,
1293 1777 1373 1805 τοῦτο
1383 1779 1593 1807 καταλέλειπται
1605 1779 1644 1815 τῷ
1660 1780 1716 1814 ἰδίῳ
1727 1779 1815 1807 αὐτῶν
1826 1779 1905 1814 θελή-

1114 1832 1190 1857 ματι.
1200 1823 1271 1859 Ἐγὼ
1283 1824 1311 1851 δέ
1323 1833 1365 1851 σοι
1376 1825 1458 1859 λέγω,
1470 1826 1511 1853 ὅτι
1522 1826 1569 1853 καὶ
1583 1826 1646 1856 τοὺς
1662 1825 1827 1857 ἀποστόλους
1841 1826 1904 1857 τοὺς

1112 1869 1340 1905 τετελειωμένους
1355 1872 1386 1898 ὲν
1399 1873 1431 1907 τῇ
1444 1871 1546 1906 χάριτι,
1561 1872 1590 1898 οὐ
1603 1872 1761 1899 κεκώλυκεν
1776 1866 1903 1907 “om,

1112 1914 1130 1942 ἃ
1153 1915 1295 1943 ἐϐούλοντο
1317 1916 1431 1952 πρᾶξαι,
1452 1918 1509 1952 εἴγε
1524 1918 1621 1953 ἠθελον
1636 1917 1715 1945 αὐτοὶ
1734 1919 1845 1948 ἐκεῖνοι,
1864 1917 1901 1952 μὴ

1112 1961 1266 1996 ἁρέσκοντά
1281 1971 1343 1990 τινα
1356 1965 1389 1999 τῇ
1407 1964 1498 2000 χάριτι
1513 1963 1736 1999 διαπράττεσθαι.
1754 1964 1810 1991 Καὶ
1820 1964 1873 1999 γὰρ
1886 1963 1903 1998 ἠ

1113 2007 1194 2041 φύσις
1209 2008 1290 2043 ἡμῶν
1314 2008 1427 2044 δεκτικὴ
1447 2010 1531 2037 κοιλοῦ
1556 2011 1603 2037 καὶ
1625 2009 1712 2037 κακοῦ
1735 2010 1810 2036 ἐστι·
1827 2011 1872 2036 καὶ
1886 2011 1903 2044 ἡ

1113 2053 1222 2079 ἐναντία
1245 2054 1360 2089 δύναμις
1386 2056 1592 2092 προτρεπτικὴ,
1621 2057 1671 2083 οὐκ
1701 2056 1901 2090 ἀναγκαστική.

1112 2098 1215 2126 Λοιπὸν
1233 2100 1264 2126 σὺ
1282 2099 1355 2135 ἔχεις
1369 2101 1399 2128 τὸ
1411 2101 1586 2134 αὐτεξούσιον
1601 2102 1692 2137 ῥέψαι,
1708 2102 1776 2128 ὅπου
1803 2101 1902 2137 βούλει.

1113 2144 1169 2179 Οὐχ
1195 2145 1272 2181 ὁρᾷς,
1296 2146 1338 2173 ὅτι
1367 2147 1480 2182 Πέτρος
1501 2148 1750 2183 κατεγνωσμένος
1778 2145 1827 2183 ἦν,
1855 2147 1903 2173 καὶ

1113 2190 1239 2217 ἀπελθὼν
1257 2192 1364 2225 Παῦλος
1382 2193 1495 2229 ἡλεγξεν
1510 2195 1602 2227 αὑτὸν,
1617 2194 1664 2221 καὶ
1680 2195 1695 2220 ὁ
1715 2193 1836 2225 τοιοῦτος
1853 2193 1898 2220 dx-

267 2239 360 2266 adliuc
373 2239 597 2274 reprehensibilis
610 2241 688 2268 erat?
702 2241 804 2270 Paulus
815 2250 936 2278 quoque,
947 2243 993 2278 qui
1002 2248 1060 2271 erat

1114 2238 1167 2272 μὴν
1185 2239 1410 2273 κατεγνωσμένος
1429 2238 1483 2275 ἦν;
1506 2241 1553 2267 καὶ
1565 2241 1580 2267 ὁ
1597 2240 1701 2272 Παῦλος
1720 2239 1916 2274 πνευματικὸς.

267 2285 430 2320 spiritualis,
439 2285 550 2320 propria
561 2286 704 2314 voluntate
716 2286 932 2321 disputationem
944 2289 1065 2323 suscepit

267 2339 329 2359 cum
338 2331 474 2364 Barnaba,
483 2336 526 2359 et:
539 2332 585 2360 Ira
597 2333 749 2360 exacerbati
758 2333 933 2361 discesserunt
943 2334 975 2361 ab
985 2335 1066 2370 106

267 2380 377 2406 invicem
393 2380 426 2405 ".
440 2379 534 2415 Itaque
556 2380 648 2415 inquit
669 2381 741 2408 idem
757 2390 763 2407 ε
784 2381 832 2408 Vos
849 2382 894 2416 qui
912 2382 1065 2417 spirituales

267 2425 347 2457 estis,
373 2425 524 2452 instaurate
549 2426 700 2460 Itujusmodi
726 2427 823 2461 spiritu
853 2428 1066 2458 mansuetudinis

267 2469 437 2497 considerem
454 2471 637 2506 temetipsum,
664 2479 695 2498 ne
707 2475 732 2497 et
751 2475 779 2498 tu
806 2472 912 2498 temeri:
933 2472 965 2498 ⁷³.
989 2472 1060 2500 Ecce

268 2515 426 2550 spirituales
441 2521 593 2550 tentantur,
606 2517 670 2552 quia
680 2517 903 2552 superestadhuc
912 2517 1059 2545 arbitrium

267 2558 403 2593 liberum;
423 2563 451 2587 et
472 2560 567 2588 hostes
589 2561 703 2593 instant,
718 2561 842 2595 quandiu
864 2565 1010 2589 versantur
1031 2562 1059 2589 in

267 2604 322 2632 hoc
341 2605 450 2632 saeculo.

303 2650 348 2677 XI.
368 2650 556 2687 Interrogatio.
576 2651 635 2679 Non
661 2657 785 2687 pateram
806 2660 913 2686 peccare
929 2653 1058 2687 apostoli,

267 2696 291 2722 si
303 2695 456 2729 voluissent,
478 2705 514 2724 an
532 2705 593 2724 vero
615 2698 673 2733 ipsa
692 2697 829 2725 voluntate
847 2699 981 2733 potentior
1002 2703 1061 2725 erat

267 2742 356 2776 gratia
368 2742 381 2768 ?

305 2786 455 2821 Responsio.
475 2787 594 2816 Peccare
616 2788 727 2823 quidem
751 2796 806 2816 non
829 2793 976 2824 poterant;
1004 2796 1059 2816 non

303 2872 326 2890 "
346 2873 355 2901 Ι
373 2871 469 2903 Thess.
488 2884 520 2909 v,
548 2877 589 2904 l9.

1113 2282 1162 2315 ὢν,
1179 2284 1211 2310 ὲκ
1237 2284 1287 2311 τοῦ
1315 2285 1381 2312 [δίου
1408 2286 1561 2321 θελήματος
1589 2287 1729 2314 διάλεκτον
1754 2286 1904 2320 ἐποιήσατο

1115 2329 1184 2363 μετὰ
1203 2329 1342 2366 Βαρνάϐα,
1355 2332 1413 2364 καὶ,
1438 2332 1682 2367 Πειροξυνθέντες
1706 2331 1904 2366 ἀνεχώρησαν

1114 2374 1165 2400 ἀπ’
1183 2376 1337 2410 ἀλλήλων.
1357 2378 1412 2405 Καὶ
1428 2378 1509 2405 πάλιν
1527 2379 1542 2404 ὁ
1558 2377 1640 2410 αὐτὸς
1658 2377 1745 2412 λέγει,
1766 2376 1865 2412 Ὑμεῖς
1876 2377 1904 2403 οὶ

1116 2423 1309 2456 πνευματικοὶ
1329 2423 1516 2459 καταρτίζετε
1540 2426 1593 2451 τὸν
1616 2424 1762 2455 τοιοῦτον,
1778 2421 1904 2450 σκοπῶν
1959 2428 1964 2433 ’

1114 2469 1255 2502 σεαυτὸν,
1273 2469 1316 2504 μὴ
1330 2470 1379 2496 καὶ
1398 2470 1439 2497 σὺ
1456 2470 1632 2505 πειρασθῇς.
1655 2470 1723 2497 Ἰδοὺ
1736 2470 1760 2496 οἱ
1780 2477 1901 2504 πνευμα-

1113 2515 1184 2540 τικοὶ
1198 2516 1386 2550 πειράζονται,
1402 2516 1446 2543 διὰ
1468 2518 1499 2543 τὸ
1522 2517 1694 2552 παραμένειν
1707 2515 1748 2542 ἐτι
1763 2515 1794 2541 τὸ
1809 2513 1895 2548 uinei-

1113 2559 1204 2586 ούσιον
1215 2568 1222 2574 ·
1242 2562 1289 2588 καὶ
1303 2562 1327 2588 οε
1341 2562 1434 2598 ἐχθροὶ
1457 2563 1621 2596 ἐπίκεινται,
1635 2562 1689 2594 ἓως
1704 2562 1765 2588 ὅτου
1791 2561 1859 2588 εεσὶν
1874 2561 1903 2587 ὲν

1112 2605 1151 2641 τῷ
1164 2607 1242 2633 αῑῶνι
1259 2607 1355 2643 τούτῳ.

1147 2652 1198 2678 lA'.
1226 2652 1395 2687 Ἐρώτησις.
1420 2655 1481 2681 οὐκ
1506 2654 1658 2688 ἠδύναντο
1684 2652 1865 2688 ἁμαρτάνειν
1876 2653 1904 2680 οἱ

1109 2696 1286 2732 ἀπόστολοι,
1298 2700 1324 2725 εὶ
1336 2699 1456 2733 ἤθελον,
1471 2700 1491 2734 ἢ
1505 2699 1554 2726 καὶ
1567 2699 1661 2727 αὑτοῦ
1674 2699 1726 2726 τοῦ
1739 2699 1905 2734 θελήματος

1113 2741 1296 2780 ἰσχυροτέρα
1311 2742 1351 2780 ἦν
1365 2745 1384 2778 ἠ
1401 2745 1507 2781 lapte;

1151 2787 1330 2825 Ἀπόκρισις.
1347 2792 1529 2829 Ἀμαρτάνειν
1547 2793 1596 2828 μὲν
1613 2793 1664 2819 οὐκ
1677 2792 1807 2827 ἠδύναντο
1818 2799 1826 2807 ’
1841 2790 1904 2819 οὔτε

637 2878 659 2894 ⁷³
679 2878 781 2913 Ephes.
805 2886 848 2911 Iv,
866 2878 911 2907 '50.
950 2880 972 2895 "
991 2878 1051 2906 Gal.
1065 2887 1094 2911 ιι,
1117 2879 1161 2907 Η.
1200 2881 1293 2910 "Act.
1312 2889 1356 2914 xv,
1371 2882 1413 2908 lo.
1445 2882 1474 2922 7⁷⁸
1491 2881 1550 2909 Gal.
1566 2889 1601 2914 vl,
1616 2881 1638 2908 i.
