2078 3151
198 170 248 204 ’101

795 169 1129 201 HOMlLI/E.—IIOM.
1148 169 1269 200 XXVII.

1787 171 1840 204 ’102

199 229 255 264 γὰρ
279 226 395 264 ᾑροῦντο
420 227 450 253 ὲν
477 226 548 261 φωτὶ
565 226 641 258 ὄντες
664 226 712 253 καὶ
726 226 756 253 ὲν
769 226 861 261 χάριτι
874 224 996 261 τοιαύτῃ.

1054 224 1123 252 enim
1148 225 1368 258 extollebantur,
1390 226 1493 261 quippe
1517 223 1665 261 qui"erant
1686 226 1791 255 lumine
1809 235 1841 255 ac

199 273 276 309 Πλὴν
298 273 330 299 οὺ
356 272 473 307 λέγομεν
498 272 540 299 δτι
565 272 583 307 ἡ
608 271 690 307 χάρις
715 272 744 298 ὲν
759 272 852 302 αὐτοῖς
874 271 995 306 ⁴ιγσθένει,

201 317 272 346 ἀλλὰ
294 317 422 353 λέγομεν,
435 317 479 345 ὅτι
502 318 665 354 παραχωρεῖ
688 318 706 353 ἡ
721 318 801 353 χάρις
816 316 863 344 καὶ
887 317 942 348 τοῖς
956 324 998 342 τε-

201 364 286 396 λείοις
312 364 510 400 πνευματικοῖς
538 363 611 399 ἔχειν
632 362 669 391 τὰ
692 363 845 399 θελήματα,
874 362 922 390 καὶ
948 361 998 396 τὴν

203 410 330 444 ἐξουσίαν
344 410 390 437 τοῦ
415 411 503 436 ποιεῖν
524 409 542 437 ἃ
558 409 675 442 θέλουσι,
697 410 745 436 καὶ
766 408 917 443 τρέπεσθαι
929 408 997 434 ὅπου

206 455 358 491 βούλονται,
374 456 430 482 Kal.
454 456 524 490 αὐτὴ
540 455 568 482 δὲ
581 456 597 490 ἡ
611 455 693 490 φύσις
707 456 724 490 ὴ
745 454 902 490 ἀνθρωπίνη
917 453 999 480 ἀσθε-

204 501 252 537 νὴς
265 499 333 528 οὖσα
362 501 420 537 ἔχει
450 501 586 534 ἐξουσίαν,
613 501 662 527 καὶ
691 500 817 532 συνόντος
831 500 878 526 τοῦ
893 499 997 534 ἀγαθοῦ

205 547 366 583 τρέπεσθαι.
382 547 496 582 Ὠσπερ
509 547 557 574 ἐὰν
580 544 630 573 ὧσί
647 555 718 578 τινες
734 546 903 581 ἐνδεδυμένοι
931 554 998 571 παν-

207 593 319 624 οπλίαν,
344 592 465 628 θώρακα,
489 593 536 619 καὶ
559 593 639 626 ὅπλα,
664 593 695 620 τὸ
706 593 798 619 λοιπὸν
811 592 911 619 ἑσωθέν
931 593 999 618 εἰσιν

206 640 417 675 ἡσφαλισμένοι,
432 640 478 666 καὶ
495 640 586 675 ὲχθροὶ
602 640 653 666 οὐκ
676 639 839 675 ἐπέρχονται
854 639 946 670 αὐτοῖς
958 647 964 653 ’
981 639 998 674 ἦ

207 686 370 722 ἐπέρχονται
392 687 453 722 μὲν,
470 687 565 714 λοιπὸν
587 687 616 713 δὲ
635 687 665 712 ὲν
688 686 728 722 τῷ
752 686 886 721 θελήματι
910 685 1000 712 αὐτῶν

207 732 299 765 saw,"
317 733 333 768 ἢ
360 732 516 768 χρήσασθαι
538 734 595 764 τοῖς
614 732 719 764 ὅπλοις,
741 732 789 758 καὶ
811 731 999 766 ἀνταγωνίσα-

209 777 282 809 σθαι,
311 778 360 805 καὶ
383 777 576 804 ἁντιπαλαῖσαι
594 778 650 807 τοῖς
664 777 782 812 ἐχθροῖς,
798 776 846 803 καὶ
870 776 904 803 τὰ
929 783 1002 810 νικη-

208 823 291 858 τήρια
302 822 519 857 ἀπενέγκασθαι,
535 823 551 857 ἢ
570 822 768 857 συνηδυνθῆναι
783 823 830 849 καὶ
842 821 1000 858 εἰρηνεῦσαι

210 869 280 904 μετὰ
297 869 352 895 τῶν
373 869 490 905 ἐχθρῶν,
506 870 552 895 καὶ
569 869 605 904 μὴ
623 869 789 903 πολεμῆσαι,
818 868 906 895 καίτοι
925 868 1000 904 ἔχον-

208 923 254 946 τες
272 914 358 941 ὃπλα’
385 914 457 942 οὕτω
476 915 524 941 καὶ
540 916 563 941 οἱ
580 915 738 949 Χριστιανοὶ
758 914 926 949 ἐνδεδυμένοι
951 914 1000 950 τὴν

208 960 313 988 τελείαν
330 960 455 996 δύναμιν,
480 961 527 987 καὶ
555 960 661 996 ἔχοντες
685 961 720 988 τὰ
743 960 813 987 ὅπλα
827 960 861 987 τὰ
883 962 1001 996 ἐπουρά-

209 1013 264 1038 νια,
275 1005 299 1031 εί
314 1005 431 1037 θέλουσι,
452 1006 609 1041 συνήδονται
622 1005 663 1041 τῷ
677 1005 795 1040 Σατανᾷ,
813 1005 861 1032 καὶ
874 1005 999 1040 εἰρηνεύ-

208 1059 269 1077 ουσι
297 1051 355 1085 μετ’
380 1051 474 1083 αὐτοῦ,
499 1051 546 1077 καὶ
567 1053 597 1077 οὐ
624 1049 783 1086 πολεμοῦσι.
810 1050 921 1086 Τρεπτὴ
946 1051 1000 1085 γάρ

208 1095 283 1121 ἐστιν
301 1096 317 1127 ἡ
337 1094 426 1129 φύσις,
451 1097 499 1123 καὶ
521 1097 545 1123 εἱ
568 1096 640 1122 θέλει
664 1104 717 1130 τις,
743 1096 848 1130 γίνεται
867 1097 925 1128 υίὸς
953 1096 999 1123 τοῦ

208 1139 287 1171 Θεοῦ,
306 1139 361 1166 εἴτε
382 1140 463 1167 πάλιν
490 1141 547 1173 υίὸς
563 1140 712 1174 ἀπωλείας,
729 1141 773 1169 διὰ
787 1142 818 1168 τδ
832 1141 1000 1177 παραμένειν

208 1185 239 1212 τὸ
251 1186 434 1219 αὐτεξούσιον.

245 1232 295 1259 1Β¹.
318 1232 401 1259 Ἀλλο
427 1233 485 1259 ἐστὶ
503 1233 533 1259 τὺ
558 1234 622 1269 περὶ
642 1235 725 1270 ἄρτου
748 1234 931 1270 διηγήσασθαι
954 1236 1001 1262 καὶ

208 1278 359 1312 τραπέζης,
385 1279 432 1305 καὶ
459 1279 523 1306 ἄλλο
544 1280 606 1306 ἐστὶ
627 1281 723 1315 φαγεῖν
737 1281 783 1307 καὶ
797 1280 889 1308 λαὸεῖν
899 1281 944 1307 τὸν
958 1282 999 1308 νό-

209 1330 272 1349 στον
293 1323 340 1349 τοῦ
365 1323 461 1358 ἄρτου,
483 1324 529 1351 καὶ
546 1324 770 1360 ὲνδυναμωθῆναι
790 1326 839 1352 ὅλα
858 1326 894 1352 τὰ
920 1326 998 1361 μέλη.

210 1367 292 1395 Ἀλλο
306 1369 380 1396 ἐστὶν
397 1370 484 1396 εἰπεῖν
505 1372 570 1407 περὶ
584 1371 666 1398 ποτοῦ
683 1372 817 1407 ἡδυτάτου
837 1372 936 1407 λόγοις,
954 1374 1001 1399 καὶ

208 1414 273 1442 ἄλλο
298 1414 372 1442 ἐστὶν
391 1415 520 1442 ἀπελθεῖν
561 1417 609 1444 καὶ
631 1417 781 1453 δράξασθαι
802 1418 831 1452 ὲξ
853 1418 938 1453 αὐτῆς
952 1419 1001 1453 τῆς

209 1461 313 1496 πηγῆς,
325 1462 372 1488 καὶ
385 1462 576 1498 ἐμπλησθῆναι
588 1463 673 1499 αὐτῆς
684 1464 733 1499 τῆς
745 1464 865 1498 γεύσεως
876 1465 923 1491 τοῦ
938 1465 1001 1500 ἠδυ-

208 1508 291 1534 τὰτου
316 1507 409 1536 ποτοῦ,
421 1508 503 1535 Ἄλλο
517 1509 577 1536 ἐστὶ
589 1510 771 1545 διηγήσασθαι
788 1511 854 1547 περὶ
870 1511 999 1547 πολέμου,

209 1553 258 1580 καὶ
267 1553 399 1587 γενναίων
409 1554 544 1589 ἀθλητῶν,
556 1555 602 1582 καὶ
613 1556 796 1591 πολεμιστῶν,
807 1557 855 1583 καὶ
867 1557 931 1584 ἄλλο
942 1558 1001 1584 ἐστὶ

209 1599 241 1625 τὸ
253 1599 382 1626 ἀπελθεῖν
395 1609 455 1627 τινα
467 1601 508 1632 είς
522 1601 676 1637 παράταξιν
692 1603 821 1638 πολέμου,
836 1604 883 1630 καὶ
897 1604 1002 1639 conﬁa-

210 1643 265 1671 λεῖν
275 1645 331 1676 τοῖς
341 1644 509 1681 ὲχθροῖς,καὶ
517 1646 648 1673 εἰσελθεῖν
656 1647 701 1674 καὶ
711 1648 838 1681 ἐξελθεῖν,
849 1650 894 1676 καὶ
902 1649 1003 1682 λαῦεῖν,

211 1691 258 1716 καὶ
276 1691 378 1725 δοῦναι,
400 1692 448 1718 καὶ
468 1690 673 1723 ἀπενέγκασθαι
690 1693 725 1720 τὰ
743 1695 900 1729 νικητήρια.
926 1695 1004 1722 Οὕτω

210 1736 263 1763 κάν
278 1738 333 1768 τοῖς
349 1739 554 1773 πνευματικοῖς.
571 1739 652 1766 Ἀλλο
669 1740 727 1767 ἐστὶ
737 1740 766 1767 τὺ
774 1740 873 1774 γνώσει
890 1742 942 1768 τινὶ
957 1741 1004 1768 καὶ

212 1782 252 1808 vo?
267 1782 397 1817 διηγῆσαι
415 1783 522 1818 λόγους,
538 1786 585 1811 καὶ
607 1785 671 1812 ἄλλο
687 1787 745 1812 ἐστὶ
766 1786 795 1813 τὸ
813 1788 842 1813 ὲν
857 1788 1004 1815 ὑποστάσει

211 1828 258 1854 καὶ.
278 1828 361 1864 ἔργῳ,
385 1830 434 1856 καὶ
456 1831 485 1856 ὲν
506 1830 688 1867 πληροφορίᾳ,
710 1832 757 1858 χαί
772 1834 800 1859 ὲν
822 1832 860 1868 τῷ
874 1833 947 1860 ἔνδον
962 1835 1005 1861 ἁν-

213 1874 325 1910 θρώπῳ,
350 1876 397 1902 καὶ
418 1875 458 1911 τῷ
482 1876 520 1912 νῷ
544 1877 617 1912 ἔχειν
640 1878 686 1905 τὸν
707 1878 854 1914 θησαυρὸν,
882 1880 929 1907 καὶ
955 1880 1003 1916 τὴν

212 1921 304 1955 χάριν,
320 1922 367 1948 καὶ
382 1923 431 1956 τὴν
449 1922 554 1956 γεῦσιν,
569 1924 616 1950 καὶ
635 1925 684 1959 τὴν
700 1925 844 1960 ἐνέργειαν
860 1926 907 1953 τοῦ
924 1927 1002 1961 ἁγίου

213 1966 384 2002 Πνεῦματος.
399 1968 431 1994 Οἱ
443 1968 497 2003 γὰρ
520 1969 614 2004 ψιλοὺς
635 1970 730 2004 λόγους
748 1970 883 2006 λέγοντες,
901 1973 1004 2007 φαντά-

213 2013 317 2044 Caveat,
334 2014 380 2039 καὶ
398 2014 556 2047 φυσιοῦνται
571 2016 624 2042 ὑπὸ
638 2016 686 2042 τοῦ
701 2017 761 2048 νοὸς
782 2016 884 2044 αὐτῶν.
907 2017 938 2044 '0
950 2018 1004 2052 γὰρ

212 2058 314 2091 λόγος,
332 2058 424 2093 φησὶν,
441 2058 525 2092 ἡμῶν
546 2060 596 2086 καί
614 2062 648 2087 τὸ
670 2062 808 2096 κήρυγμα
822 2062 878 2089 οὐκ
893 2062 928 2089 ἐν
943 2069 1006 2089 πει-

213 2103 315 2136 tiara/'4'
327 2104 517 2138 ἀνθρωπίνης
534 2106 646 2140 σοφίας
667 2107 779 2142 λόγοις,
796 2108 865 2135 ἀλλ’
880 2108 915 2135 ἐν
931 2109 1005 2135 ἀπο-

212 2147 304 2180 δείξει
323 2150 499 2183 Πνεύματος
527 2152 578 2178 καὶ
605 2152 777 2187 δυνάμεως·
798 2153 845 2179 καὶ
861 2153 943 2180 πάλιν
956 2154 1005 2180 ἀλ-

213 2194 296 2230 λαχοῦ
311 2195 396 2229 λέγει,
414 2195 448 2223 Τὸ
466 2196 500 2222 δὲ
515 2196 602 2230 τέλος
622 2197 677 2231 τῆς
702 2200 902 2234 παραγγελίας
920 2200 1006 2227 ἔστιν

1048 270 1136 306 gratia
1152 270 1271 305 praediti.
1293 270 1353 298 Non
1370 276 1461 298 tamen
1490 271 1610 300 dicimus
1630 272 1797 300 imbecillem
1812 273 1841 301 in

1048 317 1084 345 iis
1098 317 1184 345 fuisse
1197 318 1330 353 gratiam;
1343 317 1392 345 sed
1405 318 1526 346 dicimus
1550 319 1664 354 gratiam
1678 318 1841 354 permittere

1047 363 1091 390 vel
1112 362 1179 398 ipsis
1202 363 1393 398 spiritualibus
1419 363 1564 398 perfectis,
1584 369 1615 392 ut
1636 364 1756 392 habeant
1776 370 1841 392 suas

1047 410 1205 438 voluntates
1218 431 1225 443 ,
1246 418 1278 437 ac
1294 414 1458 446 potestatem
1481 410 1598 438 faciendi
1615 418 1787 446 quaecunque
1808 410 1841 438 li-

1048 456 1180 490 buerint,
1196 462 1223 484 et
1241 457 1394 485 inclinandi
1412 465 1467 492 quo
1487 458 1643 485 voluerint.
1660 458 1713 492 lpsi
1731 465 1841 493 quoque

1050 508 1155 531 naturae
1175 504 1321 536 humanae,
1339 508 1368 531 ιιι
1392 504 1540 531 imbecillis
1559 508 1611 537 est,
1632 504 1694 531 licet
1708 524 1714 535 ,
1733 504 1841 531 etiamsi

1049 550 1154 577 bonum
1180 549 1220 577 illi
1241 550 1393 583 inhaereat,
1423 551 1546 578 converti
1573 555 1600 577 et
1615 550 1727 578 mutari.
1743 550 1844 583 Quom-

1050 595 1201 622 admodum
1218 595 1241 622 si
1269 595 1381 630 quidam
1399 596 1558 623 universam
1578 600 1762 628 armaturam,
1782 596 1844 623 tho-

1051 649 1152 674 racem,
1168 645 1195 668 et
1207 650 1282 669 arma
1291 642 1394 669 fuerint
1404 642 1505 673 induti,
1518 642 1591 676 quod
1605 642 1639 669 ad
1651 646 1759 674 caetera,
1769 643 1845 669 intus

1051 691 1116 715 sunt
1128 687 1238 720 muniti,
1255 696 1306 715 nec
1318 688 1411 715 hostes
1421 688 1555 715 insultant
1571 688 1625 715 illis
1639 697 1646 714 :
1661 691 1708 715 aut
1725 689 1746 715 si
1759 688 1845 714 insul-

1052 735 1146 767 tarint,
1161 735 1294 762 ineorum
1310 734 1450 761 voluntate
1465 734 1549 761 situm
1565 738 1618 766 est,
1633 737 1680 761 aut
1692 734 1732 761 uti
1749 734 1843 765 armis,

1052 788 1204 815 repugnare
1225 788 1257 807 ac
1280 780 1410 807 reluctari
1435 780 1579 812 hostibus,
1597 783 1626 806 et
1639 779 1783 806 victoriam
1801 787 1845 805 re-

1052 827 1125 854 ferre
1139 836 1146 859 ;
1164 831 1212 854 aut
1228 826 1351 854 deliciari
1363 831 1391 853 et
1401 834 1496 861 pacem
1510 826 1580 853 inire
1592 834 1655 853 cum
1671 826 1807 857 hostibus,
1818 829 1846 852 ct

1054 880 1110 899 non
1125 872 1278 903 decertare,
1298 871 1423 907 quamvis
1435 871 1555 898 habeant
1570 879 1645 898 arma
1661 880 1667 897 ε
1684 871 1724 898 sic
1736 879 1845 905 quoque

1053 917 1202 945 Christiani
1221 918 1372 953 perfectam
1386 918 1515 945 virtutem
1535 917 1636 948 induti,
1653 921 1681 944 et
1700 925 1774 943 arma
1791 924 1847 944 cm-

1053 964 1132 991 lestia
1148 964 1316 996 obtinentes,
1331 955 1355 990 si
1369 964 1463 993 velint,
1475 963 1649 990 obiectantur
1661 970 1722 989 cum
1735 962 1845 993 Satana,

1054 1015 1083 1038 et
1101 1018 1196 1045 pacem
1211 1017 1274 1037 cum
1287 1017 1320 1036 eo
1334 1009 1510 1041 contrahunt,
1525 1016 1576 1036 nec
1597 1008 1700 1035 bellum
1714 1007 1846 1034 inferunt.

1054 1057 1194 1084 Mutabilis
1203 1056 1277 1084 enim
1288 1061 1331 1084 est
1342 1061 1457 1088 natura,
1474 1060 1501 1083 et
1519 1055 1541 1082 si
1557 1055 1622 1094 velit
1642 1054 1714 1089 quis.
1731 1053 1761 1080 ﬁt
1775 1053 1848 1081 filius

1054 1103 1116 1136 Dei;
1141 1103 1183 1130 sin
1202 1107 1298 1130 contra
1309 1123 1316 1135 ,
1337 1102 1408 1130 filius
1423 1102 1550 1130 interitus
1565 1110 1572 1128 :
1588 1108 1622 1128 co
1639 1100 1714 1136 quod
1729 1100 1849 1135 supersit

1054 1149 1174 1177 liberum
1189 1149 1346 1176 arbitrium.

1090 1237 1148 1264 ΧΠ.
1168 1236 1249 1263 Aliud
1269 1241 1311 1263 est
1330 1236 1364 1263 de
1387 1244 1456 1271 pane
1479 1240 1506 1263 et
1522 1243 1615 1263 mensa
1638 1234 1792 1267 disserere;
1820 1237 1848 1260 et

1059 1282 1133 1310 aliud
1150 1283 1232 1310 edere
1248 1291 1280 1310 ac
1296 1290 1406 1309 sumere
1429 1283 1590 1309 suavitatem
1606 1282 1694 1316 panis,
1711 1286 1740 1309 ut
1756 1289 1848 1308 corro-

1055 1330 1190 1357 borentur
1203 1329 1267 1357 inde
1282 1330 1373 1356 omnia
1390 1329 1525 1356 membra.
1548 1328 1629 1355 Aliud
1645 1334 1687 1356 est
1704 1329 1848 1363 disputare

1054 1375 1147 1403 verbis
1165 1375 1198 1402 de
1218 1382 1286 1410 potu
1304 1375 1468 1402 suavissimo
1481 1395 1488 1406 ,
1516 1379 1544 1402 et
1563 1375 1637 1402 aliud
1661 1374 1749 1406 abire,
1770 1379 1799 1401 ct
1814 1382 1848 1401 ex

1055 1418 1115 1454 ipso
1131 1419 1206 1446 fonte
1225 1427 1341 1454 capere,
1362 1419 1477 1453 ipsoque
1496 1423 1577 1454 gustu
1598 1418 1753 1446 suavissimi
1768 1423 1849 1453 polus

1055 1465 1167 1500 repleri.
1182 1464 1262 1492 Aliud
1279 1469 1322 1492 est
1337 1465 1474 1492 disserere
1488 1464 1521 1491 de
1535 1464 1619 1497 bello,
1634 1464 1754 1491 strenuis
1764 1464 1851 1490 athle—

1056 1510 1091 1537 tis
1114 1514 1142 1537 et
1166 1510 1373 1537 bellatoribus:
1394 1514 1422 1537 et
1445 1509 1520 1536 aliud
1543 1509 1620 1537 abire
1637 1508 1796 1544 quempiam
1822 1509 1850 1536 in

1056 1557 1145 1584 aciem
1164 1556 1317 1584 militarem
1331 1578 1337 1589 ,
1352 1564 1413 1584 cum
1430 1556 1557 1583 hostibus
1572 1551 1670 1583 manus
1682 1563 1829 1583 conserere
1839 1575 1847 1589 ,

1058 1602 1184 1638 ingredi,
1208 1601 1319 1637 egredi,
1337 1601 1460 1636 accipere
1472 1622 1479 1634 ,
1495 1601 1561 1628 dare
1574 1622 1580 1634 ,
1599 1606 1627 1628 et
1646 1600 1850 1628 vicwriam're-

1058 1652 1179 1682 portare.
1195 1645 1241 1674 Sic
1263 1654 1374 1681 quoque
1390 1654 1419 1673 se
1432 1654 1477 1673 res
1497 1646 1581 1673 habet
1601 1645 1628 1672 in
1648 1644 1848 1680 spiritualibus.

1057 1693 1140 1720 Aliud
1161 1697 1204 1720 est
1226 1692 1326 1719 notitia
1347 1691 1465 1726 quadam
1490 1695 1518 1718 et
1546 1690 1689 1717 intellectu
1712 1689 1850 1724 explicare

1058 1746 1212 1771 sermones,
1245 1743 1273 1766 et
1290 1738 1363 1765 aliud
1379 1738 1406 1765 in
1418 1737 1556 1773 hypostasi
1571 1742 1598 1764 et
1611 1744 1705 1771 opere,
1721 1743 1753 1763 ac
1769 1736 1851 1763 certi-

1059 1785 1154 1812 tudine
1178 1784 1253 1816 fidei,
1271 1788 1299 1811 et
1316 1785 1343 1811 in
1358 1783 1484 1811 interiori
1502 1783 1613 1810 homine
1629 1787 1658 1811 et
1680 1783 1772 1809 animo
1789 1790 1851 1817 pos-

1058 1831 1148 1859 sidere
1166 1831 1327 1858 thesaurum
1339 1851 1346 1862 ,
1363 1831 1494 1865 gratiam,
1510 1835 1635 1865 gustum,
1651 1835 1679 1857 et
1699 1828 1849 1857 efficaciam

1059 1877 1179 1912 Spiritus
1198 1877 1297 1904 sancti.
1321 1876 1373 1909 Qui
1396 1876 1469 1903 enim
1490 1876 1563 1902 nuda
1585 1875 1670 1901 verba
1688 1875 1849 1909 proferunt,

1058 1923 1252 1958 imaginatione
1267 1923 1370 1958 iactant
1386 1930 1415 1949 se
1437 1925 1466 1948 et
1478 1922 1666 1948 intumescunt
1682 1920 1774 1947 animo
1788 1928 1848 1947 suo.

1058 1969 1149 1996 Sermo
1165 1969 1235 1995 enim
1250 1977 1322 1995 meus
1335 1989 1342 2000 ,
1366 1967 1472 2002 inquit,
1495 1971 1519 1993 et
1538 1966 1690 2001 praedicatio
1706 1973 1779 1997 mea,
1797 1974 1848 1992 non

1058 2020 1115 2042 erat
1130 2016 1157 2042 in
1172 2014 1348 2050 persuasoriis
1361 2013 1485 2040 humanis
1500 2012 1637 2048 sapientia:
1651 2010 1746 2042 verbis,
1762 2010 1808 2037 sed
1822 2011 1849 2037 in

1058 2061 1204 2088 ostensione
1225 2059 1339 2095 Spiritus
1365 2068 1397 2086 ac
1418 2059 1542 2094 potentia:
1556 2058 1589 2084 τ’.
1611 2058 1645 2085 Εῑ
1657 2065 1763 2084 rursum
1783 2056 1850 2084 alibi

1058 2107 1125 2134 dicit
1141 2115 1147 2133 :
1167 2106 1238 2133 Finis
1253 2107 1375 2141 praecepti
1395 2110 1432 2133 est
1449 2105 1576 2136 charitas,
1598 2112 1629 2131 ex
1645 2111 1712 2139 puro
1727 2103 1850 2135 carde,et

1058 2154 1218 2181 conscientia
1235 2153 1303 2180 bona
1316 2158 1340 2179 et
1353 2153 1405 2187 ﬁde
1426 2161 1478 2179 non
1493 2151 1620 2179 simulata
1637 2151 1670 2177 ⁸⁰.
1687 2149 1850 2186 Hujusmodi

1058 2198 1105 2233 qui
1125 2203 1168 2225 est
1190 2206 1245 2225 non
1268 2197 1351 2225 cadit.
1374 2197 1467 2224 Multis
1485 2196 1577 2228 enim,
1595 2195 1642 2230 qui
1665 2194 1751 2222 Deum
1773 2202 1850 2229 quac-

213 2239 313 2274 ἀγάπη
335 2241 370 2267 ἐκ
392 2241 518 2275 καρδίας
554 2243 696 2277 καθαρᾶς,
724 2244 775 2270 καὶ
800 2245 1001 2280 συνειδήσεως

1058 2246 1173 2277 sierant,
1192 2251 1287 2280 aperta
1309 2249 1352 2273 est
1369 2245 1466 2280 ianua,
1487 2251 1520 2271 ac
1538 2243 1668 2270 viderunt
1689 2243 1849 2269 thesaurum

212 2285 338 2319 ἀγαθῆς,
359 2286 407 2313 καὶ
429 2287 560 2320 πίστεως
585 2288 799 2323 ἀνυποκρίτου.
831 2289 861 2317 '0
886 2291 1006 2323 τοιοῦτος

212 2332 243 2357 οὺ
260 2331 368 2358 πίπτει.
383 2332 495 2364 Πολλοῖς
509 2334 564 2368 γὰρ
580 2334 751 2370 ὲκζητήσασι
763 2336 808 2362 τὸν
822 2336 889 2362 Θεὸν
901 2336 1005 2371 ἠνοίγει

213 2376 293 2412 θύρα,
309 2377 355 2404 καὶ
377 2376 445 2404 εἶδον
470 2378 618 2414 θησαυρὸν,
637 2381 682 2407 καὶ
707 2382 833 2416 εἰσῆλθον
857 2383 897 2413 εἰς
913 2383 1006 2409 αὐτόν.

212 2422 268 2449 Καὶ
281 2422 319 2453 ὡς
332 2421 402 2458 ἦσαν
415 2424 443 2450 ὲν
459 2426 531 2460 χαρᾷ
545 2425 679 2459 λέγοντες,
696 2426 830 2462 Εὕρομεν
842 2428 1007 2462 θησαυρὸν,

212 2467 374 2494 ἀπέκλεισεν
389 2469 479 2501 αὐτοῖς
491 2470 540 2500 τὰς
556 2471 651 2505 θύρας,
666 2472 785 2507 ἤρξαντο
798 2472 863 2508 βοᾷν
879 2474 926 2500 καὶ
940 2482 1006 2499 πεν-

212 2513 281 2545 θεῖν,
298 2514 346 2540 καὶ
369 2514 519 2549 ἐπιζητεῖν,
538 2517 698 2551 Θησαυρὸν
720 2519 857 2554 εὕρομεν,
876 2520 924 2546 καί
947 2520 1005 2547 ἀπ-

211 2557 382 2592 ωλέσαμεν.
396 2560 582 2595 Οἰκονομιχῶς
607 2562 660 2596 γὰρ
693 2564 853 2590 ὑποστέλλει
873 2565 890 2599 ή
913 2565 1004 2600 χάρις,

212 2601 256 2629 ῐνα
279 2604 412 2637 μειζόνως
433 2605 661 2641 ὲπιζητήςωμεν·
689 2609 703 2634 ὁ
723 2608 778 2644 γὰρ
795 2608 930 2645 θησαυρὸς
952 2610 1006 2635 δεί-

211 2657 307 2676 κνυται
322 2651 390 2685 πρὸς
406 2651 505 2686 τρόπον
517 2653 566 2687 τῆς
580 2653 731 2688 ζητήσεως.

246 2695 296 2723 ll".
337 2697 503 2733 Ἐρώτησις.
537 2699 653 2733 Ἔπειὸιῇ
669 2708 749 2733 τινες
769 2701 931 2737 λέγουσιν,
959 2702 1005 2729 ὅτι

211 2742 285 2776 μετὰ
305 2742 364 2777 τὴν
383 2743 472 2778 χάριν
484 2745 593 2780 μετέϐη
609 2755 654 2779 τις
673 2747 732 2774 ἀπὸ
748 2747 802 2774 τοῦ
814 2748 946 2776 θανάτου
960 2750 1004 2781 εὶς

212 2787 269 2820 τὴν
290 2787 368 2823 ζωὴν
378 2808 385 2821 ,
413 2791 439 2817 εὶ
461 2790 586 2818 δύναταί
601 2800 645 2824 τις
659 2792 694 2818 ἐν
707 2793 779 2826 φωτί
794 2793 838 2820 ὢν
852 2793 936 2828 ἔχειν
946 2795 1003 2829 ῥυ-

212 2833 327 2866 παροὺς
342 2835 508 2869 λογισμούς
516 2845 525 2869 ;

247 2891 270 2907 ⁷¹
289 2892 374 2920 lCor.
394 2902 423 2926 ιι,
437 2894 464 2921 ό.
503 2895 524 2911 ¹⁸
546 2895 554 2922 ι
571 2895 640 2922 Tim.
662 2905 686 2929 I,
705 2897 730 2923 5.

1057 2301 1089 2320 ac
1105 2292 1220 2328 ingressi
1240 2296 1305 2319 sunt
1319 2291 1346 2318 in
1362 2299 1436 2318 eum.
1449 2290 1484 2318 Et
1502 2298 1565 2317 eum
1582 2289 1683 2325 gaudio
1701 2288 1850 2323 perfunde-

1058 2342 1155 2365 rentur
1184 2337 1309 2365 dicentes
1326 2345 1333 2363 :
1350 2336 1502 2363 Invenimus
1532 2336 1705 2366 thesaurum,
1733 2333 1849 2361 occlusit

1057 2384 1114 2411 illis
1126 2384 1198 2411 fores
1212 2392 1219 2410 :
1235 2387 1380 2418 coeperunt
1389 2383 1519 2412 clamare,
1534 2381 1640 2416 lugere,
1652 2384 1680 2407 et
1694 2379 1846 2414 inquirere,

1032 2438 1040 2446 ν
1059 2431 1213 2457 thesaurum
1232 2429 1380 2456 invenimus
1403 2433 1427 2454 et
1447 2427 1619 2462 perdidimus.
1636 2424 1849 2460 Dispensatione

1059 2475 1132 2501 enim
1153 2474 1286 2509 singulari
1305 2473 1435 2500 subducit
1461 2480 1491 2499 se
1511 2471 1613 2507 gratia,
1633 2473 1665 2498 ut
1689 2469 1849 2505 diligentius

1061 2519 1247 2554 inquiramus.
1263 2518 1423 2545 Thesaurus
1434 2517 1508 2544 enim
1523 2520 1692 2544 monstratur
1706 2523 1756 2550 pro
1767 2514 1849 2542 modo

1062 2563 1254 2599 indagationis.

1093 2702 1164 2730 Xlll.
1186 2701 1263 2737 107
1283 2700 1472 2737 Interrogatio.
1493 2699 1560 2728 Cum
1581 2700 1695 2736 afferant
1712 2697 1845 2730 nonnulli,

1057 2748 1127 2783 quod
1149 2752 1257 2782 accepta
1274 2747 1363 2782 gratia
1384 2750 1503 2773 transeat
1524 2746 1656 2782 quispiam
1677 2754 1693 2773 a
1716 2748 1799 2772 morte
1818 2743 1845 2771 in

1056 2795 1149 2826 vitam,
1179 2801 1242 2821 num
1268 2796 1351 2827 potest
1375 2792 1470 2827 aliquis
1495 2791 1595 2819 lumine
1615 2792 1728 2820 donatus
1753 2789 1848 2817 habere

1057 2841 1176 2867 sordidas
1190 2840 1358 2875 cogitationes
1372 2839 1381 2845 ⁸
