2078 3151
248 155 303 187 703

247 258 324 290 ritis,
346 265 415 284 nunc
430 265 510 283 carne
533 257 754 283 consummamini
769 256 804 282 ".
822 256 923 283 lterum
942 260 1035 283 autem

248 303 359 338 inquit:
375 303 481 330 Induite
499 303 649 329 uniuersam
670 306 837 329 armaturam
860 303 985 336 spiritus,
1008 305 1036 327 ut

248 347 352 382 possitis
366 350 438 372 stare
463 346 589 373 adversus
609 346 726 373 assultus
742 346 841 373 diaboli
856 346 888 372 ⁸².
905 346 957 373 Per
972 352 1036 372 eum

248 398 402 418 sermonem
417 391 472 417 duo
488 395 552 417 sunt
567 390 637 423 loca,
654 396 711 418 tum
726 391 772 418 ubi
786 395 855 422 erat,
868 397 930 418 cum
948 388 1038 416 induit

248 444 341 469 arma,
367 441 425 464 tum
451 436 497 464 ubi
518 441 577 470 est,
603 445 665 464 cum
691 437 792 464 bellum
817 437 888 471 gerit
906 436 1038 464 adversus

248 481 420 517 principatus
437 485 465 508 et
482 485 653 516 potestates:
672 481 699 508 in
711 481 815 508 lumine
831 489 930 516 nempe
945 485 993 508 aut
1009 481 1037 508 in

249 526 381 554 tenebris.
400 526 432 553 Et
449 535 455 552 :
472 526 504 553 Ut
519 527 622 561 possitis
645 527 734 553 omnia
753 526 848 562 jacula
872 525 944 553 mala
964 526 1038 552 illius

248 571 331 606 ignita
355 571 522 605 exstinguere
544 569 578 597 ⁸³.
604 570 639 597 Et
666 578 774 597 rursum
793 579 799 597 :
822 569 858 597 Ne
880 571 1038 597 contristetis

252 615 382 652 Spiritum
395 621 514 644 sanctum
527 616 574 643 Dei
588 616 622 643 ⁸⁸.
636 617 668 644 Et
681 617 780 644 iterum
794 626 799 643 :
814 617 883 644 Fieri
891 625 943 644 non
955 620 1038 652 potest

250 667 278 688 ut
291 662 334 696 qui
349 661 430 688 semel
451 662 547 696 fuerint
560 661 715 692 illuminati,
729 666 753 687 et
765 663 925 696 gustaverint
941 664 1038 688 donum

249 707 308 739 Dei,
327 716 358 734 ac
374 708 513 742 participes
528 707 590 742 {acti
601 707 698 742 fuerint
712 706 826 742 Spiritus
843 708 937 739 sancti.
950 708 972 734 si
983 715 1041 742 pro-

249 751 385 783 labantur.
400 758 558 779 renoventur
573 752 608 780 ".
624 752 710 784 Ecce,
730 752 777 788 qui
798 757 862 780 sunt
881 753 1038 785 illuminati,

248 802 276 825 et
287 801 477 832 gustaverunt,
492 798 635 825 labuntur.
651 798 744 830 Vides,
757 798 830 833 quod
846 798 928 825 immo
941 798 1040 825 habeat

249 844 418 871 voluntatem
436 843 626 871 consentiendi
647 843 772 878 Spiritui,
786 848 813 870 et
827 843 926 870 habeat
940 844 1039 870 volun-

250 895 332 918 tatem
349 898 412 917 eum
431 889 622 917 contristandi.
643 889 761 917 Omnino
778 889 851 916 enim
864 889 978 916 assumit
993 898 1038 916 ar-
1055 884 1075 911 Β

249 943 308 967 ma,
324 935 356 962 ad
380 934 573 969 prodeundum
597 935 623 961 in
647 934 767 966 bellum,
790 938 818 961 et
837 933 1037 969 conﬂigendum

249 987 312 1008 cum
330 980 456 1007 hostibus
472 987 478 1006 :
498 979 611 1007 omnino
625 978 797 1006 illuminatus
816 983 872 1011 est,
893 983 922 1006 ut
940 978 1039 1005 militet

250 1024 383 1052 adversus
404 1024 542 1051 tenebras.

285 1071 354 1098 XIV.
375 1071 563 1106 Interrogatio.
586 1069 645 1103 Qua
664 1069 768 1097 ratione
785 1070 848 1096 dicit
872 1068 1012 1104 Apostolus
1029 1076 1039 1096 :

253 1126 263 1142 ι
283 1117 312 1144 Si
328 1117 444 1144 habuero
462 1125 565 1143 omnem
585 1117 740 1148 scientiam.
761 1121 785 1143 et
805 1124 908 1143 omnem
929 1115 1041 1151 prophe-

250 1163 327 1195 tiam,
339 1171 370 1189 ac
382 1162 476 1197 loquar
493 1161 589 1197 linguis
601 1162 767 1198 angelorum,
778 1161 844 1188 nihil
862 1170 920 1188 sum
928 1161 951 1177 “
966 1161 977 1187 ?
994 1170 1003 1186 ι

287 1249 440 1285 Responsio.
461 1250 520 1277 Non
537 1249 574 1276 ita
587 1249 721 1276 debemus
740 1249 859 1284 opinari,
873 1248 951 1284 quasi
969 1248 1039 1275 nihil

251 1295 288 1322 sit
301 1295 466 1330 Apostolus;
485 1294 533 1321 sed
545 1294 636 1329 quoad
648 1294 723 1321 illam
735 1294 911 1326 charitatem,
923 1301 984 1329 quas
997 1297 1040 1320 est

250 1341 382 1376 perlecta,
398 1341 456 1367 haec
469 1347 530 1367 esse
548 1340 646 1375 exigua
661 1348 668 1366 :
681 1345 708 1367 et
720 1347 794 1372 eum,
816 1339 864 1374 qui
883 1339 966 1366 hosce
980 1346 1041 1374 gra-

250 1387 303 1413 dus
319 1387 436 1422 adeptus
454 1391 510 1418 est,
532 1386 589 1413 labi
606 1393 686 1420 posse
705 1395 711 1413 :
727 1386 775 1420 qui
794 1393 861 1413 vero
878 1385 1040 1413 charitatem

251 1432 389 1464 habuerit,
412 1431 511 1459 cadere
531 1432 638 1466 nequit.
659 1431 716 1466 Ego
737 1439 802 1458 vero
825 1430 875 1458 tibi
901 1430 963 1457 dico
997 1437 1041 1457 me

252 1477 354 1504 vidisse
367 1477 443 1503 viros
453 1476 583 1503 omnibus
594 1475 674 1504 donis
692 1476 890 1507 accumulatos,
910 1481 943 1501 ac
953 1473 1042 1509 Spiri-

253 1525 300 1548 tus
312 1514 461 1556 participes
476 1520 571 1551 l‘actos.
588 1520 635 1555 qui
649 1528 712 1547 cum
729 1527 783 1547 non
799 1519 991 1554 pervenissent
1007 1518 1041 1545 ad

252 1568 404 1603 perfectam
423 1567 584 1594 cbaritatem
597 1586 604 1597 .
627 1566 695 1601 lapsi
717 1570 791 1593 sunt.
807 1565 922 1599 Quidam
940 1565 1014 1593 enim
1026 1573 1042 1592 e

253 1614 406 1645 nobilibus,
420 1620 483 1640 cum
499 1612 684 1640 renuntiasset
696 1612 822 1643 terrenis.
835 1611 960 1639 vendidit
970 1612 1043 1639 bona

253 1668 316 1693 sua,
331 1667 426 1688 servos
440 1659 566 1686 libertate
582 1658 694 1685 donavit
706 1679 713 1691 ,
730 1658 852 1693 prudens
866 1658 977 1693 quidem
989 1678 997 1691 ,
1011 1665 1044 1684 ac

253 1706 353 1734 sobria:
367 1705 477 1738 mentis,
498 1704 665 1740 percelehris
678 1704 779 1740 alioqui
793 1704 829 1732 ob
844 1703 988 1731 honestam
999 1703 1043 1730 vi-

254 1755 310 1779 tam
324 1759 331 1778 :
347 1751 452 1778 interea
466 1757 495 1777 sc
510 1750 600 1784 ipsum
612 1749 817 1784 magnifaciens,
832 1747 988 1783 arrogantia
1000 1746 1043 1774 in-

254 1797 372 1830 tumuit,
393 1805 425 1824 ac
439 1796 548 1824 tandem
561 1795 595 1823 ad
613 1795 717 1823 scelera
729 1799 757 1822 et
768 1794 874 1822 inﬁnita
891 1794 962 1821 mala
977 1801 1043 1829 pro-

253 1845 347 1880 lapsus
361 1847 412 1871 est.

288 1890 345 1918 XV.
365 1890 443 1916 Alius
465 1893 589 1923 tempore
614 1886 817 1923 persecutionis
839 1894 941 1922 corpus
961 1893 1042 1914 suum

219 1929 222 1932 ’
254 1935 378 1967 tradidit,
392 1939 419 1962 et
437 1941 499 1961 cum
513 1938 586 1961 esset
603 1933 759 1964 confessor,
777 1937 870 1967 postea
888 1939 954 1967 pace
972 1931 1042 1959 facta

253 1982 361 2010 solutus
372 1985 423 2012 est,
433 1984 546 2015 eratque
560 1979 650 2014 magni
662 1978 783 2006 nominis
798 1986 804 2004 :
821 1977 957 2013 palpebra:
968 1977 1043 2005 enim

255 2029 316 2063 ejus
330 2027 401 2055 lassa;
418 2031 493 2058 sunt,
514 2025 644 2060 quoniam
661 2024 737 2051 fumo
749 2028 828 2051 erant
846 2028 975 2058 perustae.
993 2023 1043 2051 Hic

255 2073 430 2110 postmodum
446 2072 532 2107 gloria
547 2071 711 2101 illustratus,
727 2077 790 2097 cum
805 2069 839 2096 ad
854 2077 951 2104 preces
962 2077 1043 2096 voca-

255 2124 343 2151 retur,
360 2118 530 2145 l'rumentum
545 2116 665 2150 accepit,
681 2115 811 2150 deditque
829 2115 856 2142 id
875 2123 962 2150 puero
980 2122 1040 2146 suo,

255 2171 343 2198 eoque
358 2161 469 2189 devenit
482 2162 541 2196 ejus
557 2168 635 2187 mens
647 2179 653 2191 ,
674 2167 706 2187 ac
721 2160 744 2187 si
764 2168 904 2195 nunquam
920 2159 1043 2187 audivis-

255 2212 298 2236 set
319 2207 433 2234 verbum
454 2206 511 2233 Dei.
533 2206 609 2233 Alius
625 2205 742 2240 przebuit
758 2213 859 2240 corpus
873 2213 953 2233 suum
972 2209 1041 2233 tem-

256 2259 323 2288 pore
337 2250 546 2287 persecutionis,
555 2253 582 2276 et
593 2257 743 2283 suspensus
753 2253 795 2276 est
809 2254 891 2284 atque
902 2249 1043 2281 ell'erbuit,

256 2305 289 2325 ac
302 2301 396 2332 postea
410 2296 551 2331 conjectus
566 2295 594 2321 in
610 2303 758 2322 carcerem.
776 2295 948 2323 Ministrabat
961 2296 1045 2330 igitur

257 2343 283 2370 ei
303 2343 380 2378 juxta
397 2341 478 2368 ﬁdem
493 2340 617 2375 quaedam
640 2339 771 2367 canonica
785 2360 792 2372 .
811 2347 873 2367 cum
891 2348 945 2375 qua
963 2340 1044 2367 fami-

257 2388 377 2416 liaritate
391 2391 543 2419 contracta,
560 2386 586 2413 in
600 2393 712 2413 carcere
729 2386 794 2413 dum
811 2390 901 2418 esset,
916 2386 1045 2420 delapsus

258 2440 301 2464 est
324 2434 352 2461 in
369 2438 504 2468 stuprum.
528 2432 612 2464 Vide,
629 2431 706 2459 dives
727 2431 774 2466 qui
791 2431 954 2459 vendiderat
974 2431 1046 2459 bona

259 2489 308 2509 sua
319 2501 326 2513 ,
343 2485 371 2508 et
382 2480 429 2515 qui
441 2479 593 2506 tradiderat
608 2485 708 2513 corpus
720 2485 800 2506 suum
815 2477 850 2505 ad
866 2477 1025 2513 martyrium
1037 2497 1045 2510 ,

261 2533 316 2561 quo
331 2530 411 2560 pacto
426 2524 566 2552 ceciderit.

298 2571 365 2598 XVI.
385 2571 461 2597 Alius
478 2569 588 2605 quidam
607 2568 709 2596 athleta
722 2575 821 2604 sagax,
836 2568 883 2603 qui
902 2575 1049 2596 conversa-

263 2617 345 2644 hatur
360 2623 467 2643 mecum
481 2616 508 2642 in
524 2615 617 2647 domo,
630 2622 795 2649 mecumque
813 2621 908 2649 preces
920 2613 1048 2647 faciebat,

265 2663 346 2698 108
359 2663 427 2690 adeo
441 2661 564 2696 locuples
581 2665 640 2688 erat
654 2661 741 2696 gratia
754 2680 761 2692 ,
784 2665 814 2687 ut
829 2661 902 2687 inter
916 2659 1050 2687 orandum

261 2709 337 2744 juxta
351 2715 394 2735 me
407 2710 648 2742 compungeretur.
661 2706 795 2733 Fervebat
806 2705 881 2732 enim
892 2705 918 2732 in
933 2705 979 2731 illo
988 2712 1051 2740 gra-

264 2754 312 2782 tia.
328 2753 464 2781 Donatum
479 2760 588 2788 quoque
604 2752 655 2787 ipsi
670 2756 730 2778 erat
745 2751 849 2779 donum
866 2750 1050 2781 sanationum,

300 2809 321 2827 "
348 2810 407 2838 Gal.
436 2818 486 2843 ιιι,
507 2811 532 2836 3.

266 2852 313 2872 xm
324 2865 332 2877 ,
346 2846 373 2872 2.

584 2810 607 2826 ⁸¹
627 2809 727 2844 Eplics.
755 2818 797 2842 γι,
815 2809 842 2836 2.

885 149 916 180 S.
935 147 1095 179 MACARII
1115 146 1275 176 IEGYPTII

283 211 436 246 Responsio.
457 209 595 245 Scriptum
614 213 658 237 est
673 218 680 237 :
698 209 765 237 Cum
782 210 906 246 spiritum
929 216 1036 244 accepe-
1052 209 1073 236 Α

1823 141 1877 173 704

1129 207 1310 240 Ἀπόκρισις.
1338 205 1511 239 Γέγραπται,
1531 203 1572 230 δτι
1589 201 1738 236 Πνεύματι
1752 200 1876 234 ἐναρξά-

1084 260 1170 286 [terat
1189 251 1224 278 ἐν
1241 250 1331 285 σαρκὶ
1352 251 1412 277 νῦν
1426 248 1622 276 ἐπιτελεῖσθε.
1641 247 1723 281 Λέγει
1736 246 1764 272 δὲ
1778 246 1875 273 πάλιν

1093 296 1276 323 Ἐνδύσασθε
1288 296 1346 329 τὴν·
1355 295 1529 322 πανοπλίαν
1541 293 1595 321 τοῦ
1608 293 1791 327 Πνεύματος,
1802 291 1877 327 πρὸς

1087 343 1120 369 τὸ
1132 342 1278 369 δύνασθαι
1292 340 1370 376 ὑμᾶς
1382 340 1561 374 ἀντιστῆναι
1573 339 1648 373 πρὸς
1660 340 1714 370 τὰς
1721 337 1878 372 μεθοδείας

1087 389 1141 416 τοῦ
1166 389 1319 416 διαϐόλου.
1350 388 1422 424 Πρὸς
1437 388 1518 422 λόγον
1540 387 1594 414 είσὶ
1607 386 1655 413 δύο
1669 387 1757 419 τόποι,
1774 385 1827 413 ποῦ
1839 385 1878 413 ὢν

1088 435 1233 462 ἐνεδύσατο
1256 434 1290 461 τὰ
1314 434 1385 461 ὅπλα
1396 453 1404 465 ,
1430 434 1478 461 καὶ
1493 432 1546 460 πηῦ
1561 433 1598 459 ὢν
1616 432 1732 467 πολεμεῖ
1746 431 1814 468 πρὸς
1827 431 1877 463 τὰς

1088 480 1176 515 ἀρχὰς
1201 480 1249 506 καὶ
1271 479 1322 511 τὰς
1344 479 1485 512 ἐξουσίας,
1509 479 1537 505 έν
1552 479 1621 512 φωτὶ
1636 477 1684 511 ὢν,
1700 478 1717 512 ἢ
1733 479 1762 504 ὲν
1775 477 1877 504 σκότει.

1089 526 1159 559 Καὶ,
1178 527 1256 560 Πρὸς
1272 526 1304 554 τὸ
1318 526 1467 553 δύνασθαι
1480 524 1558 560 ὑμᾶς
1572 524 1671 552 πάντα
1682 523 1720 550 τὰ
1728 523 1808 557 βέλη
1823 522 1877 550 τοῦ

1088 573 1223 607 πονηροῦ
1239 572 1276 599 τὰ
1291 571 1488 607 πεπυρωμένα
1502 570 1610 598 σϐέσαι
1620 578 1627 585 ο
1652 570 1700 596 καὶ
1714 569 1809 598 πάλιν.
1827 567 1876 602 Μὴ

1090 619 1215 646 λυπεῖτε
1227 618 1260 645 τὸ
1273 618 1397 653 Πνεῦμα
1411 618 1445 645 τὸ
1458 617 1542 651 ἄτιον
1556 616 1609 643 τοῦ
1623 615 1711 643 Θεοῦ’
1725 615 1772 642 καὶ
1786 614 1875 647 πάλιν,

1095 664 1260 691 Ἀδύνατον
1275 663 1346 697 τοὺς
1361 663 1442 695 ἅπαξ
1455 662 1657 697 φωτισθέντας
1671 660 1876 696 γευσαμένους

1090 719 1121 738 τε
1133 710 1189 744 τῆς
1199 709 1310 744 δωρεᾶς
1320 709 1373 737 τοῦ
1386 709 1470 741 Θεοῦ,
1480 709 1529 736 καὶ
1537 710 1686 742 μετόχους
1696 707 1876 742 γενομένους

1089 757 1264 790 Πνεύματος
1279 756 1365 790 ἁγίου
1377 775 1385 788 ,
1404 755 1453 782 καὶ
1467 755 1696 788 παραπεσόντας
1710 753 1876 780 ἁναικαινί-

1090 801 1160 832 ζειν.
1184 801 1250 828 Ἰδοὺ
1267 801 1292 827 οί
1305 800 1487 835 φωτισθέντες
1502 800 1550 826 καὶ
1563 799 1728 834 γευσάμενοι
1741 792 1877 834 παραῤῥί-

1091 855 1214 873 πτουσιν.
1239 846 1339 882 Ὁρᾷς,
1365 846 1407 873 ὅτι
1430 845 1487 880 ἔχει
1509 845 1616 880 θέλημα
1634 844 1681 871 τοῦ
1696 843 1876 880 συμφωνῆσαι

1089 893 1128 928 τῷ
1142 892 1292 927 Πνεύματι,
1309 892 1355 918 καὶ
1370 891 1427 926 ἔχει
1440 891 1547 926 θέλημα
1562 891 1609 918 τοῦ
1621 890 1751 925 λυπῆσαι.
1764 889 1876 921 Πάντως

1089 936 1144 972 γὰρ
1158 935 1345 971 ἀναλαμϐάνει
1358 935 1429 963 ὅπλα
1439 935 1487 962 τοῦ
1499 935 1628 963 ἀπελθεῖν
1639 937 1679 967 εἰς
1691 935 1817 970 πόλεμον,
1830 932 1877 961 καὶ

1090 980 1279 1015 ἀγωνίσασθαι
1296 980 1368 1007 κατὰ
1382 980 1437 1007 τῶν
1452 980 1557 1016 ἐχθρῶν
1568 989 1575 995 ·
1605 980 1713 1012 πάντως
1728 979 1876 1014 ἐφωτίσθη,

1062 1043 1066 1047 -
1091 1027 1134 1054 ἳνα
1149 1026 1351 1062 στρατεύσηται
1367 1026 1437 1054 κατὰ
1450 1026 1498 1053 τοῦ
1514 1026 1637 1058 σκότους.

1054 1549 1076 1580 C

952 2808 1018 2836 ibid.
1049 2808 1090 2835 l6.

1128 1073 1174 1099 1Δ’.
1192 1072 1361 1106 Ἐρώτησις.
1377 1071 1444 1105 Πῶς
1454 1071 1535 1106 λέγει
1546 1073 1563 1098 ό
1576 1072 1774 1104 ’Δπόστολος-
1790 1080 1799 1097 ι
1809 1070 1878 1097 Ἐὰν

1089 1117 1148 1153 ἔχω
1163 1117 1266 1145 πᾶσαν
1279 1116 1337 1151 τὴν
1349 1116 1463 1152 γνῶσιν
1473 1136 1481 1148 ,
1499 1117 1549 1144 καὶ
1563 1116 1668 1145 πᾶσαν
1681 1116 1876 1151 προφητείαν.

1090 1163 1138 1190 καὶ
1162 1161 1247 1189 λαλῶ
1271 1160 1336 1195 ταῖς
1355 1161 1510 1196 γλώσσαις
1534 1160 1595 1188 τῶν
1615 1160 1771 1196 ἀγγέλων,
1788 1158 1878 1186 οὐδέν

1089 1209 1158 1243 ειμι.
1177 1217 1186 1234 ι

1132 1253 1312 1286 Ἀπόκρισις.
1330 1250 1386 1286 υῦχ
1399 1249 1485 1281 οὕτως
1498 1248 1643 1283 ὀφείλομεν
1656 1248 1736 1280 νοεῖν,
1748 1247 1790 1274 δτι
1801 1245 1878 1273 οὐδέν

1091 1299 1164 1325 ἐστιν
1179 1298 1193 1324 6
1209 1296 1384 1328 Ἀπόστολος,
1403 1295 1472 1322 ἀλλά
1489 1294 1558 1329 πρὸς
1573 1294 1682 1327 ἐκείνην
1695 1293 1744 1327 τὴν
1757 1292 1877 1326 ἀγάπην,

1090 1345 1151 1379 ἥτις
1165 1343 1224 1370 ἐστὶ
1236 1342 1339 1374 τελεία,
1355 1341 1443 1368 ταῦτα
1460 1341 1548 1376 μικρά
1560 1339 1628 1371 ἐστι,
1646 1339 1693 1365 καὶ
1707 1338 1721 1364 6
1736 1339 1764 1364 ὲν
1775 1337 1880 1368 τούτοις

1091 1389 1128 1416 ὢν
1155 1391 1211 1421 τοῖς
1235 1388 1362 1424 μέτροις,
1388 1387 1503 1413 πίπτει·
1531 1386 1546 1412 6
1566 1385 1594 1411 δὲ
1612 1383 1681 1419 ἔχων
1695 1383 1744 1418 τὴν
1756 1383 1879 1417 ἀγάπην,

1091 1435 1216 1466 ἁπτωτός
1238 1435 1322 1461 ἐστιν.
1342 1432 1414 1467 Ἐγὼ
1428 1432 1456 1459 δέ
1472 1440 1513 1458 σοι
1527 1431 1598 1465 λέγω
1608 1451 1615 1464 ,
1637 1429 1674 1461 ὡς
1691 1427 1759 1456 εἶδον
1771 1427 1880 1463 ἀνθρώ-

1092 1490 1158 1511 πους
1175 1481 1214 1512 εἰς
1229 1480 1278 1506 ὅλα
1293 1480 1326 1506 τὰ
1337 1479 1496 1514 χαρίσματα
1510 1476 1674 1512 γενομένους
1689 1475 1734 1502 καὶ
1751 1474 1881 1510 μετόχους

1093 1525 1250 1560 Πνεύματοξ
1263 1532 1271 1539 ⁸
1287 1524 1334 1551 καὶ
1348 1520 1422 1550 οὗτοι
1439 1522 1476 1558 μὴ
1490 1522 1644 1557 φθάσαντες
1660 1521 1699 1552 εἰς
1712 1519 1761 1555 τὴν
1773 1518 1881 1545 τελείαν

1096 1572 1215 1606 ἀγάπην,
1234 1569 1341 1597 ἔπεσον.
1358 1567 1407 1600 Εἷς
1421 1569 1475 1604 γάρ
1490 1576 1532 1599 τις
1548 1566 1602 1594 τῶν
1616 1565 1735 1600 εὐγενῶν
1746 1563 1883 1597 ἀποταξά-

1097 1625 1176 1652 μενος
1204 1616 1345 1650 ἐπώλησεν
1368 1614 1451 1641 αὐτοῦ
1471 1613 1505 1640 τὰ
1521 1613 1696 1648 ὑπάρχοντα,
1712 1610 1882 1646 ἠλευθέρωσε

1095 1663 1205 1694 δούλους
1215 1683 1222 1694 ,
1240 1660 1277 1688 ὣν
1293 1661 1423 1697 φρόνιμος
1437 1660 1485 1687 καὶ
1498 1659 1607 1690 συνετὸς
1617 1678 1625 1690 ,
1643 1658 1737 1684 λοιπὸν
1752 1656 1883 1692 περι66η‹

1095 1716 1140 1739 τος
1160 1705 1194 1741 ἦν
1220 1706 1267 1733 ἐπὶ
1290 1705 1382 1741 σεμνῷ
1405 1705 1473 1741 βίῳ⁹
1501 1705 1550 1732 καὶ
1565 1705 1594 1730 ἐν
1607 1703 1647 1737 τῷ
1663 1702 1764 1738 μεταξὺ
1779 1701 1884 1737 οἰηθεὶς

1096 1753 1161 1789 περὶ
1186 1752 1283 1780 ἑαυτοῦ
1297 1772 1305 1785 ,
1332 1752 1379 1779 καὶ
1403 1750 1554 1785 τυφωθεὶς,
1574 1749 1650 1781 τέλος
1667 1748 1817 1776 κατέπεσεν
1842 1747 1884 1779 είς

1095 1797 1251 1832 ἀσελγείας,
1271 1797 1318 1823 καὶ
1332 1796 1417 1833 μυρία
1430 1795 1513 1823 κακά.

1130 1883 1181 1910 ΙΕ’.
1200 1883 1296 1915 ’Δλλος
1319 1882 1366 1909 ἐπὶ
1384 1881 1505 1917 διωγμοῦ
1520 1881 1620 1908 ἔδωκεν
1636 1879 1732 1907 ἑαυτοῦ
1746 1879 1777 1907 τὸ
1791 1879 1882 1915 σῶμα,

1095 1929 1143 1956 καὶ
1158 1928 1194 1955 ὢν
1208 1928 1395 1963 όμολογητὴς,
1421 1927 1490 1963 μετὰ
1504 1927 1592 1953 ταῦτα
1607 1927 1717 1962 είρήνης
1732 1926 1883 1961 γενομένης

1095 1974 1218 2010 ἀπελύθη
1231 1994 1238 2005 ,
1257 1974 1304 2001 καὶ
1319 1971 1353 2009 ἦν
1366 1972 1526 2008 ὀνομαστός.
1544 1971 1584 1998 Τὰ
1595 1971 1650 2006 γὰρ
1665 1971 1787 2007 βλέφαρα
1799 1971 1881 2009 αὑτοῦ

1094 2018 1128 2055 ἦν
1144 2019 1287 2054 βλαϐέντα,
1307 2018 1401 2054 ἐπειδὴ
1417 2017 1618 2052 ὑπεκαπνίσθη.
1637 2014 1720 2048 Οὗτος
1735 2017 1828 2043 λοιπὸν
1840 2017 1884 2044 δο-

1096 2065 1254 2099 ξαζόμενος,
1270 2064 1317 2091 καὶ
1331 2064 1500 2099 καλούμενος
1515 2063 1554 2094 είς
1567 2063 1617 2094 τὰς
1630 2063 1723 2098 εὐχὰς,
1736 2062 1883 2098 ita.dero

1097 2112 1181 2137 σιτίον
1192 2131 1199 2143 ,
1217 2111 1301 2137 ἐδίδου
1317 2109 1357 2145 τῷ
1369 2109 1446 2136 παιδὶ
1458 2108 1542 2136 αὑτοῦ
1555 2116 1563 2124 ·
1582 2109 1630 2135 καὶ
1643 2108 1729 2140 οὕτως
1742 2105 1776 2144 ἦν
1791 2109 1806 2135 6
1819 2108 1882 2140 νοῦς

1096 2156 1178 2184 αὑτοῦ
1191 2177 1199 2189 ,
1226 2157 1265 2188 ὼς
1289 2155 1423 2191 μηδέποτε
1444 2154 1566 2186 ἀκούσας
1592 2154 1671 2188 λόγον
1686 2154 1765 2182 Θεοῦ.
1784 2154 1881 2186 Ἀλλος

1095 2203 1179 2230 ἔδωκε
1195 2202 1225 2229 τδ
1239 2202 1318 2238 σῶμα
1331 2200 1413 2228 αὐτοῦ
1433 2201 1480 2226 ἐπὶ
1494 2198 1628 2234 διωγμοῦ.
1646 2199 1693 2226 καὶ
1707 2199 1877 2235 ἐκρεμάσθη,

1098 2249 1144 2275 καὶ
1161 2247 1267 2283 ἐξέστη,
1283 2245 1342 2274 εἶτα
1356 2245 1457 2281 ὲὸλήθη
1475 2246 1515 2277 εις
1527 2245 1577 2280 τὴν
1590 2244 1881 2281 φυλακήν.”ι”πηρέτει

1097 2293 1143 2320 οὖν
1169 2292 1244 2328 αὑτῷ
1267 2292 1339 2319 κατὰ
1360 2291 1452 2318 πίστιν
1477 2291 1610 2326 κακονική
1626 2299 1687 2324 τις,
1703 2291 1750 2317 καὶ
1766 2291 1882 2325 ποιήσας

1099 2339 1243 2374 συνήθειαν
1270 2338 1335 2372 μετ’
1357 2337 1453 2372 αὐτῆς,
1471 2336 1510 2363 ὢν
1526 2338 1555 2364 ὲν
1569 2338 1602 2372 τῇ
1618 2337 1735 2372 φυλακῇ,
1754 2336 1882 2370 ἐξέπεσεν

1097 2385 1137 2416 εἰς
1159 2383 1297 2419 πορνείαν.
1316 2383 1370 2410 Ἴδε
1391 2383 1406 2410 6
1427 2382 1555 2414 πλούσιος
1572 2383 1587 2409 6
1601 2382 1731 2416 πωλήσας
1745 2382 1778 2409 τὰ
1793 2382 1882 2417 ὑπάρ-

1099 2439 1181 2466 χοντα
1205 2429 1305 2460 αὑτοῦ.
1326 2429 1376 2456 καὶ
1392 2430 1406 2456 6
1421 2429 1482 2461 δοὺς
1495 2429 1526 2456 τδ
1539 2429 1618 2464 σῶμα
1630 2428 1713 2455 αὑτοῦ
1728 2429 1768 2460 εἰς
1781 2427 1884 2465 μαρτύ-

1101 2485 1167 2512 ριον,
1185 2476 1244 2507 πῶς
1259 2475 1366 2502 ἔπεσεν.

1135 2566 1194 2600 ιτ.
1216 2566 1312 2597 Ἄλλος
1334 2565 1363 2592 δι
1385 2574 1428 2598 τις
1449 2566 1582 2601 φρόνιμος
1599 2565 1723 2601 ἀσκητὴς
1738 2565 1826 2593 συνών
1841 2575 1887 2601 μοι

1099 2613 1128 2638 ὲν
1140 2613 1174 2648 τῇ
1187 2612 1270 2646 οἰκίᾳ,
1284 2611 1332 2638 καὶ
1346 2612 1404 2647 μετ’
1417 2611 1485 2647 ἐμοῦ
1498 2612 1654 2647 εὐχόμενος,
1667 2611 1753 2642 οὕτως
1763 2609 1797 2647 ἦν
1808 2611 1888 2638 πλού-

1100 2665 1156 2686 σιος
1172 2657 1201 2682 ὲν
1215 2657 1247 2690 τῇ
1260 2656 1363 2691 χάριτι,
1378 2656 1416 2688 ὡς
1430 2656 1576 2690 εὐχόμενος
1591 2656 1674 2690 ἐγγύς
1689 2664 1740 2690 μου
1753 2652 1887 2683 κατανύτ-

1099 2702 1203 2729 τεσθαι.
1226 2702 1365 2738 Ἐὃρασσε
1386 2702 1441 2738 γὰρ
1465 2703 1494 2728 ἔν
1517 2701 1592 2737 αὺτῷ
1610 2703 1627 2737 ἠ
1647 2702 1745 2738 χάρις·
1763 2702 1842 2736 ἐδόθη
1858 2702 1887 2729 δὲ

1101 2748 1174 2783 αὐτῷ
1197 2748 1244 2774 καὶ
1267 2748 1297 2774 τὺ
1317 2747 1439 2782 χάρισμα
1464 2747 1518 2774 τῶν
1541 2747 1677 2782 ἰαμάτων,
1701 2747 1747 2774 καὶ
1761 2747 1791 2774 οὐ
1807 2749 1886 2782 μόνον

1144 2807 1167 2823 ⁸⁵
1193 2807 1296 2842 Epltcs.
1321 2814 1357 2838 IV,
1378 2806 1421 2834 50.
1466 2807 1488 2823 ⁸⁸
1509 2807 1592 2834 llehr.
1610 2815 1646 2839 Vl,
1663 2807 1688 2835 ι.
1751 2807 1774 2823 ⁸⁸
1792 2806 1803 2834 l
1822 2805 1885 2834 Cor.
