2078 3151
195 158 246 189 705

779 156 963 187 HOMILIIE.
977 167 1012 175 -’
1026 154 1119 186 HOM.
1140 154 1260 185 XXVII.

1761 154 1814 186 766

197 213 255 244 τοὺς
268 211 397 247 δαίμονας
411 211 581 248 ἀπήλαυνεν,
600 210 668 239 ἀλλὰ
681 211 728 239 καὶ
744 212 806 243 τοὺς
818 212 976 248 δεδεμένους

1033 217 1077 237 nec
1086 209 1173 237 solum
1185 209 1324 237 dtemones
1335 209 1498 244 expellebat,
1508 216 1604 237 verum
1616 209 1697 237 etiam
1706 211 1814 239 vinctos

195 257 287 291 χεῖρας
303 256 351 283 καὶ
367 256 465 288 πόδας,
488 256 535 283 καὶ
551 256 662 291 ἔχοντας
676 257 749 292 πάθη
763 257 851 290 δεινὰ,
868 258 912 284 διὰ
925 257 977 292 τῆς

196 301 342 333 ἐπιθέσεως
360 301 414 328 τῶν
428 301 527 337 χειρῶν
544 301 737 336 ἐθεράπευσεν,
755 301 821 329 Εἶτα
838 303 978 339 ἀμελήσας

196 346 241 372 καὶ
264 346 442 381 δοξαζόμενος
461 347 513 374 ὑπὸ
527 347 573 373 τοῦ
587 348 690 381 κόσμου
702 368 709 380 ,
733 348 780 375 καὶ
800 348 978 384 συνηδόμενος

195 391 278 427 αὐτῷ,
299 391 436 427 ὲτυφώοη,
452 393 499 419 καὶ
515 392 643 426 ἐξέπεσεν
657 394 697 424 εἰς
711 393 780 420 αὺτά
794 393 828 420 τὰ
841 393 979 428 βαθύτατα

197 438 242 473 τῆς
264 437 411 473 ἁμαρτίας.
438 438 490 464 Ἴδε
515 439 561 464 καὶ
585 438 599 464 ὁ
620 438 688 474 ἔχων
710 438 833 474 χάρισμα
856 440 979 475 ἰαμάτων

195 483 300 510 ἔπεσεν.
318 483 410 518 Ὁρᾷς,
424 483 483 515 πῶς
496 484 548 518 πρὸ
559 483 605 510 τοῦ
617 484 744 519 ἔρχεσθαι
757 486 797 516 εἰς
807 485 918 520 ἀγάπης
932 485 980 520 μέ-

196 537 246 565 τρα
262 528 414 556 πίπτουσιν.
433 530 480 561 ⁸ος
493 530 548 565 γὰρ
563 530 668 565 φθάσας
684 531 725 562 εἰς
736 531 786 566 τὴν
798 531 921 567 ἀγάπην,
937 532 980 558 δέ-

196 574 269 601 δεται
293 575 340 601 καὶ
361 575 542 610 μεμέθυσται,
560 573 635 608 οὗτος
651 577 914 610 καταπεπόντισται,
933 578 981 605 καὶ

195 620 365 654 αἰχμάλωτός
378 620 452 646 ἐστιν
467 621 508 652 είς
522 620 601 648 ἄλλον
615 621 725 657 κόσμον,
740 621 778 654 ὡς
791 621 841 657 τῆς
855 622 923 655 ιδίας
934 623 981 658 φύ-

197 673 265 697 σεως
279 666 329 692 οὐκ
342 666 548 701 αἰσθανόμενος.

231 753 279 780 ΙΖ’.
307 753 472 789 Ἐρώτησις.
504 756 535 784 Τί
556 756 659 783 ἐστιν·
681 766 690 784 ι
707 758 742 785 Ἀ
760 758 912 794 ὀφθαλμὸς
926 760 982 787 οὐκ

196 796 265 832 εἶδε,
280 800 329 826 καὶ
343 797 396 833 οὖς
411 801 466 827 οὐκ
478 800 603 835 ἤκουσε,
617 801 667 829 καὶ
678 802 728 829 ἐπὶ
740 803 865 838 καρδίαν
876 804 983 838 ἀνθρώ-

196 853 254 873 που
268 846 323 872 οὐκ
334 846 446 880 ἁνέϐη;
465 856 475 873 ι

1029 255 1156 283 manibus
1173 263 1206 283 ac
1223 254 1357 290 pedibus,
1375 262 1406 283 ac
1421 256 1549 290 gravibus
1565 255 1669 283 morbis
1689 256 1816 283 laboran-

1029 304 1080 332 tes,
1093 301 1354 335 perimposi-tionem
1368 308 1498 328 manuum
1507 301 1631 328 curabat.
1644 302 1741 329 Postea
1752 309 1815 329 cum

1029 346 1194 380 negligentia
1209 345 1354 378 difﬂueret,
1371 349 1453 380 atque
1468 346 1583 381 gloriam
1600 351 1696 374 nactus
1708 354 1723 374 a
1736 354 1829 379 muna

1029 390 1076 423 do,
1092 391 1134 418 sui
1146 391 1232 425 ipsius
1245 391 1426 419 delectatione
1436 395 1588 424 teneretur,
1600 392 1730 426 superbia
1743 391 1817 419 intu—

1029 435 1109 468 muit,
1124 440 1205 471 atque
1217 436 1345 471 delapsus
1355 440 1398 464 est
1409 436 1437 463 in
1455 436 1513 471 ipsa
1527 436 1739 471 profundissima
1750 444 1816 472 pec-

1030 481 1094 507 cati.
1117 480 1202 513 Vide,
1224 481 1298 515 quod
1320 481 1403 508 etiam
1426 480 1489 513 ille,
1511 481 1557 515 qui
1574 481 1675 508 donum
1699 482 1818 509 sanatio-

1029 534 1095 554 num
1108 527 1237 560 habebat,
1254 527 1396 555 ceciderit.
1411 527 1494 555 Vides
1506 528 1654 563 quomodo,
1671 530 1817 563 antequam

1029 572 1192 606 perveniam
1208 573 1242 600 ad
1260 581 1416 601 mensuram
1432 573 1593 610 charitatis,
1611 573 1749 601 labantur.
1763 573 1816 607 Qui

1030 618 1103 645 enim
1124 619 1285 646 charitatem
1302 624 1444 647 assecutus
1460 620 1580 647 vincitur
1599 624 1627 647 et
1646 619 1817 652 inebriatur,

1030 663 1076 691 hic
1089 663 1258 699 demergitur
1271 669 1299 692 et
1315 666 1469 700 captivatur
1485 665 1512 692 in
1525 665 1609 693 alium
1626 666 1770 698 mundum,
1786 672 1819 693 ac

1031 708 1054 736 si
1070 710 1208 744 propriam
1221 715 1346 738 naturam
1361 718 1414 738 non
1433 712 1542 739 sentiat.

1067 754 1148 783 XVII.
1163 755 1354 791 Interrogatio.
1376 757 1445 789 Quid
1463 761 1502 784 est
1517 758 1529 784 ’ἒ
1553 767 1562 783 ι
1580 757 1644 790 Quae
1658 756 1747 784 oculus
1764 765 1818 785 non

1032 800 1107 833 vidit,
1123 809 1169 828 nec
1185 802 1257 829 auris
1271 803 1371 829 audivit
1383 822 1390 835 ,
1407 811 1453 829 nec
1468 803 1496 830 in
1512 811 1557 830 cor
1564 803 1676 830 hominis
1694 803 1819 830 ascende-

1035 850 1097 872 runt
1114 846 1157 873 '7?
1175 856 1184 872 ι

237 891 415 925 Ἀπόκρισις.
444 892 511 919 Κατ’
526 892 630 920 ἐκεῖνον
647 894 694 921 τδν
707 894 802 930 καιρὸν
817 895 842 921 οἱ
857 895 979 931 μεγάλοι,

1034 891 1039 898 “
1076 891 1227 926 Responsio.
1246 892 1294 920 Illo
1307 897 1428 927 tempore
1440 898 1588 928 magnetes,
1601 894 1679 929 justi,
1693 901 1770 929 reges
1790 898 1819 922 et

196 936 244 963 καὶ
255 937 364 970 δίκαιοι,
382 938 429 964 καὶ
442 938 573 973 βασιλεῖς,
591 939 638 967 καὶ
652 941 800 975 προφῆται,
819 941 860 969 ὅτι
875 942 924 977 μὲν
936 942 982 978 ἐρ-

197 989 272 1016 χεται
287 983 301 1009 ὁ
311 983 468 1019 Λυτρωτὴς,
485 984 604 1020 ᾔδεισανο
621 985 661 1012 ὃτι
674 985 703 1012 δὲ
717 986 827 1021 πάσχει,
842 988 889 1014 καὶ
901 996 982 1015 σταυ-

197 1027 308 1063 ροῦται,
333 1030 380 1056 καὶ
401 1028 471 1065 αἷμα
494 1031 616 1066 ἐκχεῖται
638 1031 683 1058 ἐπὶ
702 1031 749 1058 τοῦ
768 1032 899 1068 σταυροῦ,
919 1033 981 1060 οὔτε

197 1072 305 1108 ᾔδεισαν
315 1092 323 1106 ,
349 1073 411 1100 οὔτε
433 1074 552 1110 ἥκουσαν
563 1095 571 1108 ,
595 1075 657 1102 οὔτε
672 1077 756 1112 ἀνέϐη
769 1077 858 1104 αὐτῶν
873 1078 921 1104 ἐπὶ
933 1078 981 1114 τὴν

197 1119 309 1153 καρδίαν
321 1137 330 1152 ,
354 1119 396 1146 ὃτι
420 1119 496 1147 ἔσται
511 1120 651 1157 βάπτισμα
667 1122 751 1158 πυρὸς
764 1124 811 1150 καὶ
823 1123 981 1159 Πνεύματος

197 1164 275 1199 ἁγίου
286 1173 294 1181 ·
321 1165 368 1192 καὶ
390 1166 431 1192 ὄτι
448 1166 478 1193 ὲν
491 1167 523 1202 τῇ
540 1167 688 1203 Ἐκκλησία
701 1168 885 1204 προσφέρεται
899 1169 981 1204 ἄρτος

197 1210 245 1237 καὶ
262 1207 333 1242 οἶνος
344 1230 353 1243 ,
378 1211 524 1239 ἀντίτυπον
538 1213 586 1247 τῆς
603 1213 705 1249 σαρκὸς
720 1214 803 1241 αὑτοῦ
818 1215 865 1242 καὶ
877 1215 924 1242 τοῦ
937 1215 980 1242 αῖ-

199 1254 283 1290 μὰτος
294 1264 302 1272 ο
328 1256 378 1283 καὶ
396 1257 420 1284 οι
438 1258 690 1294 μεταλαμϐάνοντες
707 1260 740 1286 ὲκ
754 1260 800 1287 τοῦ
817 1261 980 1296 φαινομένου

197 1302 292 1338 ἄρτου,
307 1305 500 1340 πνευματικῶς
512 1305 561 1342 τὴν
575 1306 664 1341 σάρκα
674 1307 722 1334 τοῦ
735 1308 838 1343 Κυρίου
849 1308 979 1336 ὲσθίουσι’

197 1347 245 1375 καὶ
265 1350 306 1376 ὅτι
329 1350 352 1376 οἱ
368 1350 511 1378 ἀπόστολοι
529 1353 575 1378 καὶ
589 1353 612 1378 oi
626 1352 785 1387 Χριστιανοὶ
799 1353 920 1388 δέχονται
935 1354 980 1381 τὸν

199 1394 375 1431 Παράκλητον
387 1416 394 1429 ,
421 1396 467 1423 καὶ
489 1396 626 1424 ἐνδύονται
647 1397 762 1433 δύναμιν
777 1398 806 1431 ἐξ
822 1397 915 1432 ὕψους,
934 1399 981 1426 καὶ

198 1439 363 1476 πληροῦνται
386 1442 436 1477 τῆς
457 1441 598 1477 θεότητοςσ
618 1442 666 1469 καὶ
682 1443 723 1470 ὅτι
738 1444 936 1479 συγκιρνῶνται
953 1445 981 1471 αἱ

198 1486 282 1522 ψυχαὶ
294 1487 333 1522 τῷ
346 1487 416 1523 ἁγίῳ
430 1488 577 1523 Πνεύματι.
596 1488 682 1516 Τοῦτο
695 1489 745 1516 οὒκ
756 1489 865 1525 ᾔδεισαν
879 1490 904 1517 οἰ
915 1498 981 1526 προ-

199 1534 283 1569 φῆται
298 1535 345 1561 καὶ
357 1535 474 1570 βασιλεῖς
483 1556 491 1568 ,
509 1535 572 1563 οὗτε
585 1537 670 1573 ἀνέϐη
684 1537 773 1564 αὐτῶν
789 1538 836 1565 ἐπὶ
850 1537 898 1574 τὴν
912 1547 981 1574 καρ-
995 1553 1017 1582 c

199 1580 269 1608 δίαν.
299 1581 357 1608 Νῦν
372 1581 426 1618 γὰρ
441 1582 467 1609 οι
483 1583 641 1617 Χριστιανοὶ
657 1583 745 1616 ἄλλως
760 1584 916 1618 πλουτοῦσι,
934 1585 983 1611 καὶ

200 1626 375 1653 ὲπιποθοῦσιν
403 1628 443 1659 εις
465 1628 514 1663 τὴν
536 1628 671 1663 θεότητα·
697 1629 767 1656 ἀλλὰ
787 1629 834 1657 καὶ
854 1630 984 1666 τοιαύτην

200 1672 286 1708 χαρὰν
300 1673 348 1700 καὶ
362 1673 534 1709 παράκλησιν
546 1674 653 1710 ἔχοντες
666 1675 719 1702 ὑπὸ
732 1676 813 1711 φόϐον
827 1676 874 1704 καὶ
883 1676 984 1712 τρόμον

201 1717 278 1745 εἰσιν.

237 1763 288 1791 lH'.
311 1764 481 1800 Ἐρώτησις.
506 1766 573 1793 Ὑπὸ
587 1767 674 1794 ποῖον
685 1767 779 1802 φόϐον
793 1768 841 1795 καὶ
855 1769 983 1803 τρόμον;

242 1810 423 1845 Ἀπόκρισις.
441 1811 493 1838 Τοῦ
508 1812 545 1848 μὴ
559 1812 693 1847 σφαλῆναι
707 1813 735 1839 ἓν
748 1822 811 1845 τινι,
829 1813 897 1840 ἀλλὰ
913 1822 983 1849 συμ-

202 1858 300 1890 φωνεῖν
315 1859 347 1893 τῇ
363 1857 463 1893 χάριτι.
475 1858 579 1894 Ὥσπερ
596 1859 643 1886 ἐὰν
686 1868 727 1890 τις
739 1859 807 1894 ἔχων
819 1860 982 1897 θησαυροὺς,

201 1901 249 1927 καὶ
260 1901 339 1936 ὀδεύῃ
354 1904 391 1933 εἰς
405 1902 503 1934 τόπους
518 1902 582 1929 ἔνθα
592 1904 645 1930 εἰσὶ
658 1903 769 1939 λῃσταὶ,
784 1904 876 1931 λοιπὸν
895 1905 983 1939 χαίρει

203 1946 253 1981 μὲν
267 1946 311 1972 διά
325 1947 439 1974 πλοῦτον
453 1947 500 1974 καὶ
511 1949 556 1975 τὴν
569 1948 714 1985 θησαυρδν,
723 1950 775 1976 ὑπὸ
786 1950 867 1984 φόϐον
877 1950 905 1977 δέ
915 1952 982 1984 ἐστι,

204 1991 303 2026 μήπως
319 1992 479 2025 ἐπελθόντες
497 1991 522 2021 ιζ
537 1993 634 2029 λῃσταὶ
649 1994 800 2029 συλήσωσιν
813 1994 911 2028 αὑτὸν,
936 1995 984 2022 καὶ

202 2037 240 2068 ὼς
267 2037 407 2072 βαστάζων
431 2039 470 2070 εἰς
493 2039 542 2070 τὰς
562 2040 655 2074 χεῖρας
674 2040 756 2066 αὐτοῦ
776 2040 807 2066 τὸ
823 2040 888 2067 ἴδιον
903 2041 984 2076 σῶμα

203 2083 288 2115 οὕτως
312 2084 394 2110 ἐστίν.
416 2084 480 2110 Ἰδοὺ
503 2085 556 2120 γὰρ
579 2086 607 2111 ἐν
622 2087 678 2117 τοῖς
695 2086 866 2121 φαινομένοις
883 2087 983 2119 πάντες

203 2129 397 2165 ἀπεταξάμεοα
407 2150 416 2164 ,
443 2131 490 2158 καὶ
512 2131 594 2166 ὲσμὲν
612 2131 684 2164 ξένοι
699 2132 745 2159 καὶ
757 2132 920 2168 ἁκτήμονες,
935 2133 984 2160 καὶ

204 2174 344 2207 κοινωνίας
358 2175 492 2210 σαρκικῆς
506 2176 692 2211 ἐστερημένοι.
712 2177 821 2209 Λοιπδν,
836 2178 874 2204 ι’δε
886 2178 916 2204 τὸ
928 2178 982 2204 σῶ-

1034 936 1191 971 prophctm,
1213 941 1360 965 venturum
1376 946 1436 966 esse
1456 938 1640 972 Salvatorcm,
1661 943 1795 967 noverant
1809 948 1817 966 :

1034 989 1180 1016 passurum
1192 987 1283 1010 autem
1293 991 1364 1016 esse,
1377 984 1602 1019 cruciﬁgendum,
1614 992 1647 1012 ac
1657 985 1817 1020 sanguinem

1034 1027 1211 1062 profusurum
1232 1029 1260 1056 in
1274 1037 1367 1063 cruce,
1387 1037 1443 1057 non
1460 1035 1604 1064 noverant,
1617 1039 1707 1066 neque
1720 1031 1818 1059 audie-

1034 1078 1114 1105 rant;
1141 1081 1231 1109 ncque
1267 1075 1393 1103 ascendit
1429 1076 1458 1103 in
1486 1084 1582 1104 eorum
1610 1084 1658 1104 cor
1693 1077 1818 1105 futurum

1034 1117 1168 1153 baptisma
1184 1120 1254 1155 ignis
1267 1128 1299 1148 ac
1313 1120 1434 1156 Spiritus
1442 1123 1546 1156 sancti;
1560 1123 1637 1154 item,
1654 1124 1681 1150 in
1694 1124 1817 1152 Ecclesia

1033 1163 1205 1192 otl‘erendum
1219 1172 1280 1194 esse
1295 1174 1393 1201 panem
1409 1171 1437 1194 et
1449 1168 1554 1201 vinum,
1575 1172 1668 1204 typum
1684 1176 1732 1196 seu
1747 1169 1819 1204 ﬁgu-

1033 1217 1092 1236 ram
1105 1211 1196 1238 carnis
1209 1212 1268 1247 ejus
1284 1219 1316 1240 ac
1330 1213 1469 1248 sanguinis
1486 1223 1492 1241 :
1505 1218 1587 1250 atque
1595 1223 1652 1248 eos,
1668 1216 1716 1250 qui
1730 1216 1818 1251 parti-

1034 1253 1128 1288 cipant
1153 1254 1188 1282 de
1218 1263 1289 1290 pane
1310 1256 1412 1284 visibili
1428 1258 1477 1292 (1),
1504 1258 1684 1293 spiritualiter
1706 1267 1818 1288 carnem

1033 1299 1142 1327 Domini
1173 1308 1272 1329 esuros
1291 1310 1298 1329 :
1324 1302 1409 1336 item,
1434 1304 1572 1338 apostolos
1595 1308 1624 1332 et
1646 1304 1819 1333 Christianos

1033 1351 1212 1381 suscepturos
1233 1347 1423 1381 Paracletum,
1445 1353 1527 1384 atque
1548 1350 1702 1379 induendos
1715 1352 1820 1380 virtute

1034 1399 1067 1418 ex
1087 1391 1154 1424 alto,
1177 1400 1210 1420 ac
1238 1393 1383 1428 replendos
1407 1394 1550 1423 divinitate
1572 1404 1579 1423 :
1603 1397 1820 1426 commiscendas

1033 1444 1143 1473 quoque
1159 1438 1265 1466 animas
1277 1446 1340 1467 eum
1352 1440 1456 1475 Spiritu
1467 1446 1572 1470 sancto.
1587 1443 1645 1470 Hoc
1657 1443 1820 1478 ignorabant

1034 1485 1175 1520 prophetae
1196 1494 1228 1514 ae
1244 1495 1339 1523 reges,
1360 1496 1448 1523 neque
1463 1489 1624 1518 ascenderat
1643 1491 1671 1518 in
1694 1499 1742 1518 cor
1758 1491 1821 1520 illo-

1034 1538 1105 1557 rum.
1118 1531 1196 1559 Nunc
1209 1532 1283 1560 enim
1299 1533 1446 1561 Christiani
1462 1534 1514 1562 alio
1534 1540 1614 1570 pacto
1629 1535 1776 1570 ditescunt,
1787 1545 1821 1566 ac

1034 1575 1172 1604 desiderio
1194 1578 1341 1613 rapiuntur
1359 1578 1393 1606 ad
1418 1579 1608 1614 divinitatem;
1634 1585 1662 1608 at
1683 1582 1748 1610 licet
1766 1583 1820 1612 hoc

1033 1622 1133 1657 gaudio
1151 1627 1179 1650 et
1193 1624 1382 1652 consolatione
1397 1625 1584 1662 perfruantur,
1608 1627 1706 1656 timore
1725 1633 1818 1658 tamen

1034 1674 1065 1696 ac
1079 1672 1196 1696 tremore
1215 1670 1421 1698 concutiuntur.

1069 1753 1160 1782 XVIII.
1176 1754 1364 1791 Interrogatio.
1386 1756 1443 1789 Quo
1456 1758 1549 1786 timore
1565 1768 1596 1787 ac
1614 1763 1729 1788 tremore
1741 1762 1754 1788 Ρ

1070 1798 1222 1834 Responsio.
1237 1800 1275 1827 Ne
1291 1801 1419 1829 aberrent
1434 1803 1461 1829 in
1473 1804 1574 1838 aliquo,
1588 1805 1634 1832 sed
1648 1806 1817 1834 concordent

1034 1844 1137 1878 gratiae.
1153 1845 1271 1873 Perinde
1282 1853 1315 1873 ac
1325 1847 1347 1873 si
1361 1847 1432 1882 quis,
1449 1849 1495 1882 qui
1505 1849 1604 1876 habeat
1619 1850 1772 1884 thesadros,
1788 1857 1817 1880 et

1034 1887 1224 1923 proﬁciscatur
1249 1890 1283 1917 ad
1305 1891 1375 1923 loca,
1398 1892 1445 1919 ubi
1469 1898 1533 1920 sunt
1559 1894 1690 1926 latrones.
1716 1897 1818 1931 gaudet

1033 1934 1143 1968 quidem
1154 1939 1266 1969 propter
1279 1943 1343 1970 opes
1351 1941 1378 1964 et
1391 1936 1558 1971 thesaurum,
1572 1939 1624 1966 sub
1635 1945 1709 1968 metu
1718 1941 1819 1970 nihilo-

1033 1981 1124 2010 minus
1141 1987 1193 2015 est,
1214 1989 1248 2009 ne
1269 1983 1496 2018 supervenientes
1516 1984 1637 2012 latrantes
1657 1986 1818 2021 depraeden-

1034 2031 1079 2054 tur
1092 2035 1137 2060 se,
1152 2031 1180 2055 et
1194 2028 1309 2063 perinde
1327 2034 1369 2056 est
1386 2037 1418 2057 ac
1440 2030 1463 2057 si
1484 2034 1572 2065 gestet
1593 2032 1721 2060 manibus
1736 2041 1818 2061 suum

1033 2074 1175 2109 proprium
1191 2082 1300 2109 corpus.
1315 2075 1385 2103 Ecce
1395 2076 1479 2109 enim,
1495 2077 1585 2111 quoad
1601 2085 1644 2108 ea.
1657 2086 1718 2113 qute
1731 2081 1819 2108 oculis

1034 2123 1139 2153 patent,
1156 2127 1251 2147 omnes
1271 2121 1500 2153 renuntiavimus,
1516 2129 1548 2149 ac
1562 2129 1656 2150 sumus
1669 2125 1818 2160 peregrini,

1034 2168 1118 2198 atque
1135 2165 1247 2200 inopes,
1263 2166 1421 2201 carnalique
1443 2167 1575 2195 societate
1590 2168 1709 2202 privati:
1726 2171 1818 2205 quoad

206 2228 244 2254 μα
268 2221 355 2247 κεῖται
376 2222 415 2252 εις
435 2221 534 2257 εὐχήν·
554 2221 705 2256 ὀφείλουσιν
723 2222 785 2248 ἰδεῖν
817 2223 842 2249 οἱ
858 2223 981 2257 ἀδελφοὶ,

1036 2215 1134 2238 caetera
1147 2212 1209 2239 vide
1220 2231 1227 2243 ,
1243 2219 1343 2247 corpus
1365 2212 1399 2240 ad
1417 2214 1571 2241 orationem
1586 2215 1758 2250 propendet;
1774 2216 1821 2244 de—

205 2266 228 2292 εἱ
243 2265 297 2301 ἀρα
313 2267 360 2293 σὺν
374 2266 413 2302 τῷ
428 2267 534 2302 σώματι
549 2268 596 2294 καὶ
609 2268 623 2294 ὁ
635 2268 697 2300 νοῦς
712 2270 861 2303 συμφωνεῖ.
879 2269 984 2305 Ὠσπερ

205 2311 250 2337 ἐπὶ
264 2311 293 2337 τδ
308 2312 433 2338 πλεῖστον
449 2312 473 2338 οἱ
488 2313 608 2347 τεχνῖται
624 2313 694 2348 μετὰ
706 2314 821 2348 κόσμον,
839 2314 885 2341 καὶ
899 2315 923 2340 οἱ
937 2314 983 2349 ὲρ-

204 2357 404 2393 γαστηριάρχαι
429 2358 520 2392 ἔχουσι
537 2358 567 2384 τὸ
582 2359 661 2394 σῶμα
675 2360 868 2394 ἀποδεδεμένον
884 2361 922 2392 εἰς
935 2359 985 2395 τὴν

204 2403 301 2438 τέχνην
314 2424 321 2436 ,
349 2405 449 2439 ὁμοίως
474 2405 520 2430 καὶ
543 2405 588 2430 τὸν
609 2405 670 2431 νοῦν
691 2405 787 2437 νυκτὸς
806 2405 852 2432 καὶ
869 2406 985 2441 ἡμέρας.

204 2449 305 2476 Λοιπὸν
327 2449 359 2475 σὺ
382 2449 527 2484 ἐπίσκεψαι
549 2451 660 2477 σεαυτὸν
670 2471 678 2484 ,
694 2451 763 2486 ἔχων
778 2452 808 2478 τὸ
821 2451 899 2486 σῶμα
913 2451 987 2483 ξένον

203 2495 251 2521 τοῦ
265 2495 367 2530 κόσμου
380 2495 488 2528 τούτου,
506 2494 560 2532 ἆρα
575 2496 647 2531 ἔχεις
659 2496 763 2523 καὶτὸν
775 2497 836 2524 νοῦν
848 2497 987 2532 ἀλλότριον

203 2541 298 2567 τούτου
324 2540 371 2567 τοῦ
393 2541 506 2573 αἰῶνος,
534 2541 581 2568 καὶ
605 2542 634 2568 οὐ
653 2542 740 2577 ῥέμϐῃ
756 2543 795 2574 εἰς
808 2542 853 2569 τδν
865 2543 985 2578 κόσμον;

205 2587 259 2613 Καὶ
272 2587 326 2622 γὰρ
339 2587 453 2618 ἕκαστος
467 2586 596 2622 κοσμικδς
609 2587 626 2622 ἢ
640 2586 817 2622 στρατιώτης,
829 2587 845 2622 ἦ
856 2587 986 2623 ἔμπορος,

204 2633 270 2659 ὅπου
285 2632 341 2668 ἔχει
356 2633 387 2659 τδ
400 2633 489 2668 σῶμα,
507 2633 566 2660 ἐκεῖ
580 2633 637 2668 ἔχει
649 2632 695 2660 τὸν
707 2632 768 2659 νοῦν
781 2633 984 2668 ἀπώεδεμένον,

205 2679 252 2706 καὶ
274 2680 331 2706 ἐκεῖ
354 2679 428 2715 αὐτῷ
450 2680 522 2706 ἐστιν
545 2680 559 2707 6
581 2678 724 2714 θησαυρός.
748 2678 904 2714 Γέγραπται
919 2678 983 2714 γὰρ,

205 2724 301 2753 ὀπου
313 2727 330 2753 ὁ
342 2726 504 2760 θησαυρὸς,
520 2726 584 2753 ἐκεῖ
593 2725 642 2752 καὶ
657 2725 676 2759 ἡ
689 2724 804 2758 καρδία.

238 2814 262 2831 ⁸⁷
281 2813 369 2842 ICor.
388 2822 419 2847 II,
436 2813 464 2842 9.
501 2814 524 2830 ⁸⁸
542 2812 640 2840 Matth.
655 2820 693 2844 vr,
707 2811 753 2840 21.

1037 2258 1102 2286 bent
1116 2257 1216 2286 fratres
1234 2259 1387 2292 attendere,
1402 2267 1467 2286 num
1490 2261 1599 2295 corpori
1616 2269 1693 2289 mens
1710 2270 1820 2297 quoque

1036 2308 1168 2331 consonet
1182 2313 1188 2330 :
1204 2304 1434 2338 quemadmodum
1454 2309 1485 2332 ut
1501 2306 1650 2339 plurimum
1667 2306 1695 2333 in
1717 2307 1820 2334 mundo

1036 2348 1165 2380 artiﬁces,
1178 2353 1260 2383 atque
1271 2349 1483 2376 architectorum
1493 2350 1631 2385 principes
1643 2350 1745 2378 habent.
1755 2358 1819 2378 cor-

1034 2401 1086 2428 pus
1102 2394 1258 2422 devinetum
1272 2394 1306 2421 ad
1324 2399 1422 2426 artem,
1439 2394 1533 2421 itidem
1548 2399 1576 2422 et
1592 2395 1712 2422 animum
1733 2400 1819 2424 noctu

1035 2440 1148 2475 diuque.
1162 2440 1202 2467 Tu
1218 2448 1283 2475 ergo
1297 2441 1436 2474 perpende
1450 2445 1475 2468 te
1488 2441 1588 2476 ipsum,
1604 2441 1649 2476 qui
1662 2441 1745 2468 habes
1758 2448 1820 2469 cor-

1035 2494 1087 2521 pus
1100 2485 1274 2520 peregrinum
1286 2485 1320 2512 ab
1333 2485 1386 2512 hoc
1402 2485 1516 2518 mundo,
1537 2494 1601 2513 num
1620 2486 1703 2513 etiam
1717 2485 1819 2514 habeas

1035 2535 1156 2559 mentem
1168 2531 1285 2558 alienam
1299 2531 1334 2558 ab
1348 2530 1401 2558 hoc
1417 2531 1527 2564 saeculo,
1546 2539 1578 2558 ac
1592 2539 1646 2558 non
1660 2532 1820 2566 occupatio—

1036 2578 1118 2605 nibus
1135 2576 1228 2604 mundi
1245 2576 1413 2604 detincaris?
1427 2577 1549 2610 Quilibet
1568 2577 1641 2604 enim
1659 2577 1797 2605 saecularis
1811 2597 1819 2609 ,

1039 2625 1097 2652 sive
1117 2624 1205 2655 miles,
1230 2623 1287 2651 sive
1307 2627 1453 2655 mercator,
1476 2622 1524 2650 ubi
1544 2631 1643 2658 corpus
1665 2623 1758 2655 habet,
1780 2623 1820 2652 ibi

1039 2679 1148 2707 quoque
1165 2670 1247 2698 habet
1258 2673 1376 2697 mentem
1391 2669 1556 2702 devinctam,
1568 2669 1661 2704 ibique
1676 2670 1821 2698 thesaurus

1038 2719 1098 2754 ejus
1120 2722 1171 2745 est.
1192 2716 1330 2751 Scriptum
1353 2716 1427 2743 enim
1453 2720 1518 2743 est:
1537 2715 1584 2743 Ubi
1606 2716 1763 2749 thesaum,
1785 2715 1821 2744 ibi

1040 2765 1121 2792 etiam
1132 2772 1176 2790 car
1192 2763 1224 2789 ⁸⁵.

242 2870 280 2905 (l)
299 2870 328 2897 ld
347 2873 401 2901 est,
419 2877 474 2897 non
495 2868 598 2896 visibili
620 2868 702 2895 modo
717 2872 746 2895 et
767 2874 815 2902 eo,
830 2874 884 2903 quo
902 2866 994 2895 editur
1013 2865 1065 2894 alia
1078 2872 1152 2898 caro,
1170 2864 1219 2893 sed
1235 2864 1370 2900 spirituali
1384 2868 1412 2893 ct
1430 2864 1573 2892 invisibili.

361 2915 495 2946 PATKOL.
515 2914 574 2945 Gn.
590 2914 734 2944 XXXIV.

1539 2908 1579 2940 23
