2079 3152
238 181 293 213 ἿθἾ

879 171 909 201 S.
930 168 1090 200 MACARII
1109 165 1272 198 EGYPTII

1822 163 1876 194 708

282 235 363 272 109
371 233 443 262 XIX.
458 231 607 266 Reliquum
624 232 676 261 est,
689 232 754 256 tuus
767 226 875 255 animus
887 226 961 262 quali
974 225 1033 253 the-

1121 223 1171 251 ιϐ’.
1198 223 1299 250 Λοιπὸν
1320 221 1335 248 ό
1359 220 1404 253 σδς
1423 220 1486 252 νοῦς
1506 220 1546 252 είς
1559 219 1635 247 ποῖόν
1651 219 1710 246 ἐστι
1726 218 1874 255 θησαυρὸν,

244 271 326 313 sauro
338 282 373 309 sit
386 282 519 309 intentus,
542 285 577 305 an
597 281 671 303 lotus
691 275 771 310 plane
788 274 844 301 Deo
859 280 912 300 nec
923 272 975 299 ne?
990 271 1032 299 sin

245 331 336 358 minus
349 332 400 359 est,
413 324 556 360 exportatis
566 322 646 356 mihi,
662 322 726 357 quid
741 319 893 355 impediat?
904 318 1032 346 Profecto

246 378 359 403 Satanas
373 377 403 400 et
414 372 552 399 daemones
564 368 750 403 suntspiritus
763 372 892 400 nequam,
907 363 954 398 qui
965 362 1034 390 deti-

246 425 312 449 nent
326 424 446 447 mentem
460 423 542 451 atque
564 415 683 443 animam
703 413 878 440 subvertunt.
900 409 1035 436 Versutus

246 469 318 496 enim
325 471 367 494 est
379 464 514 495 diabolus,
521 463 671 489 instructus
680 458 825 489 machinis,
834 456 939 484 foribus
947 460 1036 490 terge-

248 513 342 545 minis,
359 520 391 539 ac
404 510 513 538 vafritie
525 508 620 539 multa,
634 509 765 540 occupata
777 507 850 531 tenet
862 509 962 538 pascua
977 500 1036 528 ani-

248 568 300 588 ma:
315 563 397 593 atque
408 555 599 592 cogitationes,
612 561 663 580 nee
675 550 809 587 permittit
823 553 898 577 recte
922 545 1033 583 precari

249 611 277 634 et
295 604 427 632 accedere
448 602 481 628 ad
494 601 598 632 Deum;
615 597 745 634 quoniam
767 596 826 630 ipsa
839 599 937 622 natura
952 591 1038 627 parti—

251 659 316 687 ceps
331 654 374 678 est
388 649 541 676 dmmonum
567 653 599 673 ac
615 644 762 679 spirituum
773 640 905 676 nequitiae
918 648 926 672 ς
941 638 1037 665 itidem

251 685 409 731 angelorum
424 702 456 721 ac
474 692 594 728 Spiritus
608 690 696 718 sancti
706 698 712 716 :
723 687 854 729 templum
867 690 910 713 est
919 685 1037 715 Satanm,

251 729 300 771 ac”
316 743 447 777 templum
474 739 562 767 sancti
580 737 710 772 Spiritus.
727 735 862 762 Caeterum
891 729 1038 765 expandite

251 790 373 818 animum
387 792 519 818 vestrum,
529 785 636 814 fratres,
649 783 790 818 cujusnam
802 779 869 807 estis
880 776 1038 812 participes,

251 834 411 868 angelorum
427 839 462 858 an
476 827 740 861 daemonumicujus
756 823 888 858 templum
906 826 934 848 et
951 819 1039 848 domi-

253 879 347 906 cilium
371 877 448 908 estis,
477 875 526 902 Dei
555 881 588 900 an
605 871 728 899 diaboli?
748 877 795 896 cor
818 867 891 902 quali
910 865 1039 893 thesauro

255 924 291 951 sit
312 922 457 956 repletum,
472 918 566 954 gratia:
583 925 617 944 an
642 914 768 943 Satame?
787 912 870 940 Velut
891 910 975 945 igitur
991 908 1040 935 do-

255 975 318 996 mus
329 975 390 994 cum
403 966 503 993 referta
519 969 561 991 est
575 960 759 998 gravcolentia
780 966 813 985 ac
827 962 960 987 stercore,
975 962 1042 982 eon-

255 1014 332 1042 venit
346 1013 419 1040 illam
438 1011 547 1046 penitus
569 1007 679 1043 purgari
699 1009 780 1040 atque
795 1001 935 1032 exornari,
950 1008 982 1027 ac
998 1007 1043 1027 re-

257 1059 327 1096 pleri
339 1045 446 1094 quavis
462 1054 611 1091 fragrantia
637 1056 665 1080 et
688 1049 842 1081 thesauris;
867 1052 897 1074 ut
923 1045 1043 1080 Spiritus

258 1090 368 1132 sanctus
382 1102 474 1130 veniat
486 1108 535 1136 pro
547 1099 656 1130 Satana,
675 1104 707 1124 ac
727 1094 882 1130 requiescat
902 1091 930 1119 in
945 1090 1044 1118 animis

258 1150 489 1179 Christianorum.

295 1234 353 1263 XX.
367 1232 623 1262 Verumenimvero,
658 1236 713 1256 non
742 1227 834 1255 statim
849 1226 944 1254 audito
959 1225 1045 1253 verbo

261 1281 319 1312 Dei,
330 1278 428 1313 aliquis
443 1277 474 1304 ﬁt
489 1277 568 1303 bonae
578 1273 674 1310 partis.
690 1273 718 1300 Si
728 1273 802 1300 enim
817 1272 898 1300 simul
909 1269 1047 1298 audiendo

260 1326 414 1354 eiliceretur
446 1322 530 1358 partis
556 1321 654 1349 bonae.
681 1325 853 1354 nequaquam
880 1316 1048 1345 exstitissent

262 1371 422 1401 certamina,
440 1373 488 1395 aut
509 1367 668 1394 occasiones
693 1365 839 1396 bellorum,
869 1368 916 1390 aut
932 1368 1047 1394 cursus;

263 1418 311 1446 sed
337 1417 396 1443 sine
418 1415 524 1444 labore,
547 1412 630 1440 modo
655 1411 790 1443 audisset,
817 1409 989 1445 pervenisset
1015 1409 1049 1436 ad

264 1464 384 1499 quietem
398 1468 429 1488 ac
440 1459 553 1495 gradum
579 1457 741 1493 perfectum.
763 1456 940 1491 Nequaquam
957 1457 1050 1482 autem

264 1510 302 1537 ita
318 1515 362 1536 res
376 1515 405 1534 se
421 1506 512 1533 habet.
530 1504 616 1532 Tollis
637 1503 711 1531 enim
730 1502 901 1529 voluntatem
919 1500 1049 1533 hominis,

1085 269 1139 306 ἆρα
1160 270 1221 301 ὅλος
1240 269 1328 296 διόλου
1354 267 1422 302 πρὸς
1446 267 1492 294 τὸν
1511 266 1577 293 θεόν
1597 267 1688 298 ἐστιν,
1707 265 1724 302 ἢ
1742 264 1789 299 ob;
1807 267 1832 291 εί
1847 266 1875 291 δὲ

1084 318 1134 344 οὐκ
1148 317 1231 348 ἔστιν,
1248 315 1370 350 ὀφείλετέ
1387 323 1432 350 μοι
1447 314 1546 345 εἰπεῖν,
1562 312 1589 339 τί
1602 313 1658 339 ἐστι
1671 312 1702 338 τὸ
1714 311 1875 346 ὲμποδίζον;

1085 363 1198 393 Πάντως
1222 360 1365 396 πνεύματά
1387 360 1439 386 είσι
1460 358 1583 393 πονηρὰ,
1600 357 1615 384 ό
1628 357 1752 388 Σατανᾶς
1775 358 1822 383 καὶ
1852 357 1877 381 οἱ

1085 407 1211 442 δαίμονες
1221 426 1228 438 ,
1246 405 1409 440 κατέχοντες
1423 404 1469 430 τὸν
1484 403 1562 435 νοῦν,
1580 402 1627 429 καὶ
1641 401 1877 437 περισκελίζοντες

1086 453 1136 488 τὴν
1157 453 1259 489 ψυχήν.
1279 451 1308 479 'O
1326 452 1380 487 γὰρ
1404 450 1574 480 πολύπλοκος
1597 449 1718 480 διάϐολος
1737 448 1806 484 ἔχων
1823 449 1877 483 μά-

1087 508 1157 534 γανα
1170 519 1178 531 ,
1203 499 1252 525 καὶ
1271 497 1387 534 τρίθυρα
1410 497 1458 523 καὶ
1480 495 1617 522 ποικιλίαν
1636 494 1747 530 πολλὴν,
1765 495 1876 529 κατέχει

1088 544 1137 574 τὰς
1151 543 1237 578 νομὰς
1251 542 1301 578 τῆς
1314 542 1404 577 ψυχῆς
1419 541 1541 572 καὶτοὺς
1555 540 1713 574 λογισμοὺς,
1726 540 1772 567 καὶ
1784 539 1834 566 οὐκ
1846 541 1880 574 ἑᾷ

1088 590 1176 624 ὀρθῶς
1198 587 1398 624 προσεύχεσθαι
1421 586 1468 614 καὶ
1487 586 1681 621 προσεγγίζειν
1697 585 1766 620 Θεῷ,
1785 585 1879 620 ἐπειδὴ

1089 634 1159 669 αὑτὴ
1181 634 1197 669 ή
1213 633 1294 668 φύσις
1310 631 1455 667 κοινωνική
1472 631 1530 658 ἐστι
1546 630 1600 657 τῶν
1613 630 1749 664 δαιμόνων
1763 630 1811 656 καὶ
1825 630 1880 656 τῶν

1089 679 1253 714 πνευμάτων
1267 679 1317 713 τῆς
1330 677 1473 712 πονηρίας,
1500 676 1600 711 ὁμοίως
1623 676 1670 702 καὶ
1685 675 1819 709 ἀγγέλων,
1833 675 1880 701 καὶ

1091 725 1251 760 Πνεύματος
1277 724 1355 758 ἁγίου
1369 732 1376 739 ·
1395 723 1459 754 ναός
1476 723 1535 748 ἐστι
1551 722 1598 748 τοῦ
1615 721 1738 752 Σατανᾶ,
1756 721 1804 747 καὶ
1816 720 1881 751 ναὸς

1090 772 1136 799 τοῦ
1158 772 1235 806 ἁγίου
1251 770 1420 805 Πνεύματος,
1438 768 1538 796 Λοιπὸν
1559 766 1745 801 ἐπισκέψασθε
1760 767 1805 792 τὸν
1818 765 1882 792 νοῦν

1092 818 1179 853 ὑμῶν,
1197 817 1317 851 ἀδελφοὶ,
1335 815 1405 847 τίνος
1423 815 1483 842 ὲστὲ
1497 813 1631 844 κοινωνοὶ,
1645 812 1781 847 ἀγγέλων,
1795 813 1812 847 ἢ
1825 813 1884 838 δαι-

1094 864 1194 898 μόνων;
1206 862 1276 893 τίνος
1292 862 1352 888 ἐστὲ
1363 860 1435 893 ναὸς,
1446 860 1603 895 οἰκητήριον
1625 859 1704 891 Θεοῦ,
1716 858 1732 893 ἢ
1743 858 1883 891 ειαΰόλου;

1098 910 1132 936 Ἦ
1147 908 1244 944 καρδία
1258 907 1335 934 ποίου
1351 905 1489 940 θησαυροῦ
1506 905 1689 940 μεμέστωται,
1699 905 1748 938 τῆς
1761 904 1884 939 χάριτος,

1092 956 1109 990 ἦ
1135 955 1182 981 τοῦ
1206 954 1331 987 Σατανᾶ;
1352 953 1458 987 Ὥσπερ
1479 950 1526 978 οὖν
1553 950 1641 977 οίκίαν
1667 949 1884 985 μεμεστωμένην

1092 1002 1225 1033 δυσωδίας
1250 1001 1297 1028 καὶ
1320 1000 1457 1035 κοπρίας,
1483 997 1537 1034 χρὴ
1561 996 1664 1032 ταύτην
1685 995 1885 1031 καθαρισθῆναι

1093 1048 1124 1074 τδ
1139 1047 1208 1079 ὅλον,
1227 1047 1273 1073 καὶ
1286 1045 1469 1080 κοσμηθῆναι,
1487 1044 1534 1070 καὶ
1549 1041 1725 1078 πληρωθῆναι
1741 1042 1831 1076 πάσης
1841 1040 1886 1067 εὑ-

1094 1093 1177 1124 ωδίας
1203 1091 1251 1118 καὶ
1275 1090 1433 1126 θησαυρῶν,
1459 1089 1529 1115 ὥστε
1555 1087 1668 1122 Πνεῦμα
1696 1087 1773 1120 ἅγιον
1798 1086 1886 1112 ἐλθεῖν

1095 1139 1156 1167 ἀντὶ
1169 1138 1215 1165 τοῦ
1227 1138 1344 1170 Σατανᾶ,
1356 1137 1403 1163 καὶ
1417 1136 1610 1171 ὲπαναπαῆναι
1623 1134 1661 1166 είς
1675 1133 1723 1165 τὰς
1734 1133 1822 1168 ψυχὰς
1833 1131 1887 1158 τῶν

1097 1184 1279 1221 Χριστιανῶν.

1132 1232 1176 1258 ις’.
1197 1230 1269 1265 Πλὴν
1293 1229 1344 1256 οὐκ
1359 1228 1439 1260 εὐθύς
1453 1236 1494 1260 τις
1509 1227 1627 1258 ἀκούσας
1641 1226 1719 1260 λόγον
1732 1224 1800 1252 Θεοῦ
1810 1244 1817 1256 ,
1838 1224 1888 1260 ἤδη

1098 1279 1193 1314 γέγονε
1208 1277 1255 1304 τοῦ
1270 1277 1373 1311 ἀγαθοῦ
1390 1277 1500 1312 μέρους.
1518 1275 1550 1301 Εἰ
1566 1274 1619 1309 γὰρ
1636 1273 1694 1308 ἅμα
1709 1272 1747 1307 τῷ
1761 1271 1887 1302 ἀκοῦσαι,

1099 1325 1222 1360 ἐγίγνετο
1238 1323 1285 1350 τοῦ
1299 1322 1401 1357 ἀγαθοῦ
1416 1321 1527 1356 μέρους,
1539 1320 1632 1347 οὐκέτι
1645 1319 1678 1346 ἂν
1689 1316 1762 1354 ἦσαν
1772 1317 1889 1352 ἀγῶνες,

1099 1373 1116 1409 ἢ
1133 1371 1224 1407 καιροὶ
1239 1371 1377 1405 πολέμων,
1393 1369 1410 1405 ἢ
1426 1368 1540 1404 δρόμος*
1559 1366 1616 1397 ἀλλ’
1628 1366 1790 1402 ἀκαμάτως,
1803 1365 1827 1391 εἰ
1840 1363 1890 1399 μό-

1100 1426 1144 1444 νον
1159 1417 1284 1452 ἧκουσεν,
1301 1413 1382 1450 ἦλθεν
1398 1413 1430 1440 ἃν
1446 1413 1486 1445 είς
1501 1413 1673 1440 κατάπαυσιν
1697 1410 1745 1438 καὶ
1756 1409 1790 1436 τὰ
1800 1409 1891 1436 τέλεια.

1103 1463 1200 1498 μέτρα,
1215 1462 1271 1496 Οὐχ
1283 1460 1370 1492 οὕτως
1383 1459 1410 1486 δέ
1423 1460 1480 1485 ἐστι
1494 1457 1527 1485 τὰ
1557 1458 1718 1493 πράγματα.
1734 1454 1890 1490 Περιαιρεϊς

1101 1508 1155 1544 γὰρ
1170 1508 1201 1534 τὸ
1215 1507 1320 1542 θέλημα
1335 1505 1383 1532 τοῦ
1397 1504 1552 1540 ἀνθρώπου,
1571 1502 1649 1529 τοῦτο
1663 1501 1762 1535 λέγων,
1781 1500 1829 1527 καὶ
1843 1499 1892 1534 τὴν

264 1556 330 1583 dum
346 1553 400 1580 hoc
415 1551 527 1581 asseris,
555 1553 583 1576 et
608 1549 789 1575 reluctantem
813 1546 970 1573 facultatem
989 1553 1047 1573 esse

1102 1552 1248 1580 ἀντίπαλον
1260 1551 1373 1586 δύναμιν
1393 1550 1423 1576 οὐ
1437 1549 1526 1583 λέγεις
1539 1547 1606 1575 εἶναι
1620 1547 1785 1574 παλαίουσαν
1795 1545 1834 1580 τῷ
1842 1544 1890 1580 νῷ.

265 1607 359 1635 negas,
377 1605 438 1633 quae
453 1599 585 1631 repugnet
598 1595 700 1621 animo.
715 1593 770 1620 Nos
781 1597 870 1620 autem
887 1593 940 1619 hoe
952 1592 1051 1620 asseri-

266 1654 339 1678 inus,
352 1652 415 1672 eum
427 1643 474 1678 qui
486 1642 600 1669 verbum
615 1639 701 1672 audit,
713 1639 808 1666 venire
821 1638 848 1665 in
864 1638 1052 1673 compunctio—

266 1699 348 1724 nem;
363 1697 395 1717 ac
412 1692 517 1724 postea.
533 1685 703 1714 subducente
723 1692 751 1711 se
767 1684 863 1719 gratia,
878 1691 928 1718 per
941 1683 1053 1717 dispen-

268 1739 405 1767 sationem
435 1735 470 1762 ad
498 1733 714 1761 emolumentum
739 1730 870 1762 hominis,
899 1728 1005 1764 ingredi
1024 1728 1052 1755 in

268 1782 494 1813 exercitationem
513 1786 546 1806 ac
560 1777 734 1812 disciplinam
750 1775 916 1808 militarem;
932 1778 988 1801 tum
1009 1774 1053 1801 lu-

269 1835 340 1858 ctam
352 1827 533 1857 committere,
550 1831 582 1851 ac
593 1829 733 1850 certamen
749 1821 819 1848 inire
833 1820 964 1848 adversus
976 1819 1053 1846 Sata-

269 1883 344 1908 nam,
360 1882 392 1901 ac
402 1873 490 1900 multo
504 1877 587 1898 cursu
602 1874 631 1896 et
645 1868 795 1896 certamine
819 1870 956 1902 reportata
968 1867 1053 1894 victo-

269 1923 317 1950 ria:
331 1920 430 1956 palma,
444 1916 562 1945 evadere
582 1914 781 1942 Christianum.
800 1912 828 1940 Si
850 1912 913 1947 quis
925 1911 999 1939 enim
1020 1919 1053 1938 ex

269 1966 366 1994 auditu
380 1964 479 1995 solum,
496 1961 600 1995 absque
615 1959 672 1987 ullo
693 1959 787 1985 labore
806 1956 961 1984 efﬁceretur
976 1957 1054 1984 bona:

269 2011 367 2047 partis,
378 2009 462 2036 etiam
473 2006 520 2042 qui
533 2005 666 2032 lheatrica
677 2010 776 2039 pompa
793 2002 922 2038 gaudent,
938 2005 966 2028 et
981 2009 1055 2028 scor—

270 2061 373 2084 tatores
386 2061 492 2086 onmes,
507 2050 656 2086 ingressuri
666 2054 731 2077 sunt
742 2049 769 2076 in
782 2055 897 2083 regnum
912 2055 943 2075 ae
952 2048 1053 2075 vitam:

270 2105 300 2129 at
313 2107 394 2127 nemo
405 2098 446 2125 eis
456 2097 589 2132 largietur
605 2102 665 2122 eam
676 2095 780 2129 absque
798 2093 893 2120 labore
908 2100 940 2120 ac
953 2100 1054 2128 pugna,

271 2145 414 2180 siquidem,
431 2144 550 2178 Angusta
588 2146 624 2169 est
646 2149 677 2168 ac
703 2140 848 2176 aﬁlictionis
867 2139 946 2174 plena
964 2139 1008 2166 via
1033 2139 1055 2155 ”

270 2190 324 2218 Per
338 2191 423 2225 ipsam
432 2195 555 2223 asperam
568 2187 639 2214 viam
655 2185 785 2218 transire,
799 2185 918 2212 tolerare
932 2188 960 2211 et
975 2183 1056 2219 alliigi

271 2237 390 2270 Oportet,
406 2237 434 2261 et
452 2231 492 2259 sic
503 2231 608 2266 ingredi
619 2230 712 2258 vitam.

307 2290 377 2318 XXI.
394 2289 422 2317 Si
442 2289 516 2316 enim
544 2287 647 2322 absque
663 2285 757 2313 labore
778 2291 913 2320 prospero
928 2291 1056 2312 successu

271 2337 311 2364 uti
324 2335 458 2367 licuisset,
473 2341 528 2361 non
547 2333 664 2367 amplius
679 2331 750 2366 lapis
764 2330 926 2358 oﬂ‘ensionis
936 2338 967 2357 ac
982 2335 1058 2364 petra

272 2382 395 2411 seandali
412 2384 485 2409 esset
507 2378 751 2410 Christianismus;
776 2384 828 2404 nec
840 2376 907 2403 fides
919 2380 947 2403 et
961 2376 1056 2403 inﬁde-

271 2429 343 2456 litas.
356 2427 509 2455 Constituis
526 2425 638 2459 insuper
665 2431 774 2458 quoque
800 2423 940 2450 hominem
962 2422 1057 2449 devin-

271 2480 356 2506 ctum,
373 2471 571 2499 immutabilem
587 2475 645 2496 tum
664 2469 697 2495 ad
726 2468 829 2495 bonum
841 2488 848 2500 ,
862 2472 920 2494 tum
941 2467 975 2494 ad
999 2475 1057 2494 ma-

270 2521 338 2548 lum.
365 2518 474 2546 Etenim
499 2517 535 2548 ei,
554 2515 601 2550 qui
626 2513 726 2542 mutari
751 2518 841 2548 potest
860 2513 886 2540 in
911 2518 1057 2548 utramque

270 2568 389 2599 partem,
407 2562 451 2588 lex
465 2560 528 2587 data
545 2563 604 2592 est;
617 2559 643 2586 ei
663 2558 806 2591 nimirum,
821 2558 867 2592 qui
880 2557 998 2584 liberum
1011 2565 1057 2584 ar-

270 2609 386 2637 bitrium
410 2607 504 2639 habet,
524 2610 554 2633 ut
579 2605 682 2632 bellum
707 2608 784 2639 gerat
800 2603 934 2630 adversus
948 2607 1057 2630 contra-

270 2655 339 2682 riam
355 2657 534 2690 potestatem.
560 2651 699 2678 Devineta:
713 2650 786 2677 enim
806 2654 912 2676 naturae
935 2649 978 2675 lex
999 2655 1055 2675 non

271 2701 439 2737 imponitur:
453 2706 544 2734 neque
563 2698 636 2725 enim
650 2697 701 2727 sol.
714 2703 803 2730 neque
813 2695 913 2723 coelum
924 2698 972 2722 aut
983 2699 1057 2721 terra

270 2747 330 2782 lege
347 2749 494 2773 teneantur
508 2753 514 2772 :
529 2743 594 2778 quia
607 2747 740 2770 creatura:
755 2746 820 2768 sunt
833 2740 922 2776 ligatae
932 2743 1037 2767 natura:
1047 2761 1054 2773 ,

271 2792 343 2820 unde
363 2799 415 2818 nec
431 2790 555 2825 praemio,
570 2797 621 2816 nec
636 2787 771 2824 supplicio
789 2786 941 2821 subiacent.
962 2785 1056 2813 Honor

306 2881 328 2897 "
347 2881 443 2909 Matth.
460 2889 507 2914 vn,
531 2882 572 2909 14.

1112 1600 1206 1634 Ἡμεῖς
1220 1598 1249 1625 δὲ
1264 1597 1343 1624 τοῦτό
1356 1604 1456 1632 φαμεν,
1472 1596 1512 1622 ὅτι
1526 1595 1540 1622 ό
1555 1594 1662 1621 ἀκούων
1673 1592 1762 1626 λόγον,
1781 1591 1892 1626 ἔρχεται

1105 1646 1144 1677 εἰς
1158 1643 1314 1675 κατάνυξιν,
1327 1643 1374 1669 καὶ
1387 1641 1457 1677 μετὰ
1469 1641 1547 1667 τοῦτο
1559 1638 1776 1672 ὑποστελλούσης
1786 1637 1835 1672 τῆς
1845 1636 1893 1671 χά-

1107 1699 1180 1727 ριτος
1197 1689 1257 1716 κατ’
1272 1687 1428 1722 οἰκονομίαν
1439 1686 1508 1721 προς
1518 1684 1549 1712 τὺ
1560 1683 1698 1719 συμφέρον
1708 1682 1746 1717 τῷ
1757 1681 1892 1717 ἀνθρώπῳ

1106 1726 1259 1771 εἰσέρχεται
1274 1735 1314 1765 είς
1327 1733 1481 1768 γυμνασίαν
1497 1731 1544 1758 καὶ
1555 1730 1679 1757 παιδείαν
1695 1729 1826 1763 πολέμου,
1845 1726 1893 1754 καὶ

1107 1782 1180 1807 ποιεῖ
1197 1779 1283 1814 πάλην
1299 1778 1346 1805 καὶ
1359 1777 1452 1811 ἀγῶνα
1471 1776 1538 1811 πρὸς
1551 1776 1596 1802 τὸν
1610 1774 1743 1806 Σατανᾶν,
1759 1772 1808 1799 καὶ
1824 1772 1892 1805 μετὰ

1106 1825 1204 1853 πολλοῦ
1217 1824 1318 1860 δρόμου
1332 1823 1380 1850 καὶ
1391 1822 1496 1856 ἀγῶνος
1511 1821 1678 1855 ἀποφέρεται
1690 1818 1724 1845 τὰ
1733 1818 1891 1853 νικητήρια,

1107 1872 1154 1899 καὶ
1177 1871 1281 1905 γίνεται
1298 1868 1468 1905 Χριστιανός.
1494 1867 1526 1894 Et
1546 1867 1600 1901 γάρ
1624 1873 1666 1897 τις
1682 1863 1788 1891 ἁκούων
1803 1863 1892 1898 μόνον,

1107 1916 1254 1951 ἀκαμάτως
1266 1914 1368 1948 ἐγίνετο
1378 1913 1425 1940 τοῦ
1436 1911 1548 1947 ἀγαθοῦ,
1560 1912 1604 1938 καὶ
1617 1912 1641 1938 οί
1653 1910 1800 1946 θεατρικοὶ,
1813 1909 1859 1935 καὶ
1869 1908 1894 1934 at

1107 1962 1200 1996 πόρνοι
1218 1961 1317 1991 πάντες
1333 1959 1472 1994 μέλλουσιν
1486 1958 1612 1985 ἀπελθεῖν
1633 1958 1673 1988 είς
1691 1955 1827 1990 βασιλείαν
1848 1954 1895 1980 καὶ

1108 2008 1190 2043 ζωήν⁸
1209 2007 1267 2034 ἀλλ’
1279 2006 1366 2037 οὐδεὶς
1381 2006 1474 2036 αὐτοῖς
1487 2004 1567 2031 δώσει
1580 2003 1681 2038 ταύτην
1696 2002 1759 2029 ἄνευ
1771 2001 1894 2036 καμάτου

1110 2053 1156 2080 καὶ
1180 2052 1286 2085 ἀγῶνος
1298 2072 1306 2084 ,
1334 2050 1427 2085 ἐπειδὴ
1452 2049 1544 2082 στενή
1563 2048 1629 2075 ἐστι
1649 2048 1698 2074 καί
1715 2047 1894 2081 τεθλιμμένη

1109 2100 1129 2133 ἡ
1151 2098 1230 2130 ὁδός.
1258 2097 1298 2124 Δι’
1311 2097 1396 2131 αὐτῆς
1413 2096 1464 2131 τῆς
1478 2095 1608 2130 τραχείας
1623 2093 1682 2120 ὀδοῦ
1698 2093 1746 2120 καὶ
1760 2092 1895 2119 διοδεῦσαι

1110 2145 1163 2181 χρὴ
1174 2164 1181 2176 ,
1205 2143 1253 2170 καὶ
1275 2143 1439 2177 ὑπομεῖναι,
1460 2141 1508 2168 καὶ
1521 2140 1657 2175 θλισῆναι,
1674 2140 1723 2166 καὶ
1736 2138 1824 2170 οὕτως
1838 2139 1895 2165 εισ-

1111 2190 1197 2217 ελθεῖν
1214 2189 1253 2221 είς
1267 2189 1316 2224 τὴν
1329 2188 1413 2223 ζωήν.

1145 2284 1211 2312 KA'.
1229 2285 1260 2311 Et
1275 2284 1329 2320 γὰρ
1347 2285 1411 2312 ἄνευ
1425 2285 1548 2320 καμάτου
1562 2283 1595 2321 ἦν
1607 2286 1789 2322 κατορθῶσαι,
1804 2287 1895 2314 οὐκέτι

1111 2330 1184 2362 λίθος
1200 2331 1413 2366 προσκόμματος
1429 2331 1477 2357 καὶ
1492 2331 1580 2366 πέτρα
1595 2332 1742 2359 σκανδάλου
1757 2330 1790 2368 ἦν
1803 2334 1816 2359 ὁ
1827 2333 1895 2368 Χρι-

1112 2377 1280 2411 στιανισμδς,
1298 2377 1359 2403 οὔτε
1375 2376 1465 2408 πίστις
1477 2377 1524 2404 καὶ
1536 2378 1658 2409 ἀπιστία,
1671 2379 1756 2409 ποιεῖς
1766 2378 1794 2405 δὲ
1805 2378 1896 2405 λοιπὸν

1111 2423 1158 2449 καὶ
1174 2423 1219 2448 τὸν
1235 2422 1379 2457 ἄνθρωπον
1393 2422 1469 2449 δετὺν
1480 2444 1486 2455 ,
1505 2424 1640 2458 ἄτρεπτον
1655 2425 1695 2455 είς
1709 2423 1740 2450 τὸ
1753 2424 1855 2458 ἀγαθόν
1866 2432 1896 2449 τε

1111 2467 1158 2494 καὶ
1172 2467 1266 2494 κακόν.
1281 2467 1326 2502 Τῷ
1337 2467 1390 2503 γὰρ
1403 2467 1543 2503 δυναμένῳ
1555 2470 1691 2504 τραπῆναι
1705 2470 1744 2500 εἰς
1755 2469 1897 2504 ἀμφότερα

1108 2512 1143 2538 τὰ
1163 2511 1234 2546 μέρη
1245 2531 1253 2543 ,
1280 2512 1361 2546 νόμος
1377 2512 1498 2546 δέδοται,
1522 2513 1560 2548 τῷ
1578 2513 1666 2548 ἔχοντι
1681 2513 1711 2539 τὸ
1723 2514 1894 2545 αὐτεξούσιον

1109 2558 1221 2592 ποιῆσαι
1237 2557 1355 2592 πόλεμον
1379 2558 1447 2593 πρὸς
1467 2559 1517 2593 τὴν
1539 2559 1663 2585 ἐναντίαν
1681 2559 1805 2594 δύναμιν.
1826 2561 1894 2596 Δετῇ

1109 2603 1165 2638 γὰρ
1183 2603 1262 2637 φύσει
1279 2605 1361 2638 νόμος
1377 2604 1405 2630 οὺ
1422 2605 1529 2631 κεῖταισ
1555 2604 1616 2631 οὔτε
1632 2605 1687 2640 γὰρ
1705 2606 1718 2631 ό
1732 2605 1819 2640 ἥλιος,
1836 2605 1898 2632 οὕτε

1110 2650 1124 2676 ό
1138 2650 1251 2685 οὐρανὸς
1277 2651 1325 2677 καὶ
1346 2652 1362 2686 ὴ
1384 2650 1420 2685 γῆ
1438 2651 1663 2686 νενομοθέτηται,
1683 2652 1776 2687 ἐπειδὴ
1791 2653 1824 2678 τὰ
1837 2652 1898 2678 κτί-

1111 2704 1201 2730 σματα
1217 2697 1296 2732 δετῆς
1309 2698 1362 2723 είσι
1376 2697 1494 2731 φύσεωςτ
1508 2697 1568 2723 ὅθεν
1581 2697 1643 2724 οὕτε
1656 2699 1733 2733 τιμῇ,
1747 2697 1808 2724 οὔτε
1819 2699 1900 2725 κολά-

1111 2750 1152 2768 σει
1168 2742 1338 2770 ὒπόκεινται.
1361 2743 1393 2770 Ἦ
1408 2744 1462 2778 γὰρ
1478 2743 1544 2779 τιμὴ
1562 2743 1608 2770 καὶ
1625 2744 1641 2779 ἠ
1656 2743 1718 2777 δόξα
1734 2744 1898 2780 ἡτοίμασται

1110 2787 1150 2822 τῷ
1162 2789 1323 2824 τρεπομένῳ
1340 2789 1380 2820 είς
1394 2788 1424 2816 τὸ
1434 2788 1546 2823 ἀγαθόν·
1568 2788 1649 2816 πάλιν
1663 2788 1690 2815 δὲ
1708 2789 1724 2824 ἡ
1739 2788 1835 2823 γέεννα
1851 2790 1900 2816 καὶ
