2079 3152
182 177 235 209 ’109

772 179 956 211 ΗΟΜΙΙιῐιΕ.
973 194 1009 200 -
1027 181 1121 213 ΗΟΜ,
1136 182 1272 212 XXVIII.

1764 187 1816 221 ’110

181 234 199 269 ὴ
215 231 328 264 κόλασις
339 231 427 267 ταύτῃ
440 233 474 267 τῇ
487 232 590 268 τρεπτῇ
603 232 684 268 φύσει
695 233 872 269 ἡτοίμασται,
885 235 918 269 τῇ
929 234 960 261 δυ

1025 235 1099 262 enim
1112 240 1141 263 et
1153 236 1239 271 gloria
1251 244 1401 273 praeparata
1416 245 1459 268 est
1481 240 1518 274 ei,
1531 242 1606 276 quod
1624 244 1748 271 converti
1765 252 1817 279 νος

183 279 286 315 ναμένῃ
297 278 450 313 ἀποφυγεῖν
461 278 492 305 τὸ
502 278 589 305 κακὸν
597 299 604 312 ,
627 279 674 306 καὶ
687 279 769 314 ῥέψαι
781 279 822 312 εἰς
832 280 862 307 τὺ
871 279 973 314 ἀγαθὸν

184 325 232 353 καὶ
254 324 343 357 δεξιὸν
367 324 461 360 μέρος.
479 324 546 351 Ἰδοὺ
561 324 650 358 λέγεις
663 325 744 353 αὑτὸν
758 325 840 361 δετῆς
854 325 972 360 φύσεως.

183 370 291 402 Λοιπὸν.
302 370 347 397 τὸν
358 370 458 404 ἀγαθὸν
469 370 613 406 ἄνθρωπον
623 371 654 398 οὐ
665 373 752 404 ποιεῖς
762 372 837 404 ἄξιον
849 371 973 399 ἐπαίνου.

185 415 215 442 '0
222 415 277 451 γὰρ
285 416 338 442 ἀπὸ
348 415 454 450 φύσεως
464 417 581 452 χρηστὸς
592 417 639 444 καὶ
647 417 748 452 ἀγαθὸς
757 419 807 445 οὐκ
815 417 889 445 ἔστιν
897 417 975 444 ἐπαί-

179 469 226 488 νου
234 461 319 494 ἄξιος,
331 462 355 487 εἰ
368 462 415 488 καὶ
425 461 594 498 ἐπιθυμητός
608 464 692 490 ἐστιν.
704 464 742 490 Οὐ
754 464 808 499 γὰρ
818 464 971 497 ἐπαινετὸν,

179 507 204 533 εἰ
217 507 265 533 καὶ
281 506 462 542 ἐπιθυμητὸν,
479 508 509 535 τὸ
524 509 562 544 μὴ
575 510 733 545 προαιρέσει
748 510 861 544 ἀγαθόν.
879 510 967 537 Ἐκεῖ-

179 559 224 582 νος
238 551 292 586 γάρ
309 551 383 578 ἐστιν
404 552 516 579 ἐπαίνου
533 553 626 586 ἄξιος,
652 554 667 580 ὁ
693 553 746 590 ἰδίᾳ
770 555 872 590 σπουδῇ
899 554 968 590 μετά

179 597 283 629 ἀγῶνος
299 597 347 624 καὶ
360 597 450 632 πάλης
464 598 663 634 ἐπανελόμενος
679 599 710 626 τὸ
721 600 823 635 ἀγαθὸν
838 600 968 633 αὐτεξου-

178 643 236 669 σίου
249 645 448 679 προαιρέσεως.

1028 284 1081 308 test
1091 281 1125 308 ad
1149 281 1252 310 bonum
1270 291 1277 310 :
1301 291 1317 311 e
1333 284 1443 313 diverso
1451 293 1517 314 vero
1529 287 1655 321 gehenna
1668 292 1697 316 et
1711 289 1817 324 suppli-

1026 326 1100 353 cium
1113 327 1205 355 eidem
1223 330 1348 357 mutabili
1372 335 1476 360 natura
1494 338 1677 368 praeparatum
1691 339 1744 368 est,
1753 343 1816 370 quae

1027 379 1126 407 nempe
1137 378 1228 408 potest
1242 375 1348 403 evitare
1361 377 1462 404 malum
1472 397 1479 410 ,
1492 386 1524 406 ac
1536 387 1649 414 vergere
1665 380 1698 408 ad
1714 381 1814 409 bonam

1023 422 1051 445 et
1061 418 1185 447 dextram
1194 426 1311 455 partem.
1321 423 1392 450 Ecce
1404 425 1505 452 asseris
1514 433 1577 453 eum
1587 427 1677 462 ligatae
1688 432 1793 456 naturae
1805 437 1812 456 :

1026 463 1130 492 bonum
1158 473 1224 501 ergo
1238 467 1329 494 virum
1347 476 1404 496 non
1424 470 1570 499 constituis
1589 472 1671 500 laude
1688 472 1812 508 dignum.

1022 509 1075 542 Qui
1091 511 1165 539 enim
1188 520 1204 539 a
1223 518 1322 541 natura
1337 515 1416 550 110
1429 522 1589 546 mansuetus
1604 526 1636 546 ac
1651 519 1741 547 bonus
1760 526 1812 553 est,

1021 563 1076 583 non
1086 558 1139 585 erit
1147 558 1227 586 laude
1238 559 1346 595 dignus,
1367 562 1492 596 quamvis
1500 564 1535 591 sit
1543 564 1743 593 desiderabilis.
1753 566 1813 593 Non

1021 602 1094 630 enim
1111 603 1262 638 laudabile,
1278 605 1342 634 licet
1355 607 1552 642 desiderabile,
1569 610 1642 645 quod
1658 618 1713 638 non
1727 615 1812 638 estex

1021 649 1164 683 proposito
1187 651 1300 680 bonum.
1317 653 1364 681 Ille
1378 654 1452 682 enim
1474 655 1555 683 laude
1574 655 1674 691 dignus
1694 661 1746 689 est,
1764 657 1812 693 qui

177 691 288 726 ploprio
297 691 389 719 studio
402 699 457 718 non
476 691 580 727 absque
589 693 739 721 certamine
750 702 783 722 ac
792 703 882 730 pugna
893 696 1068 735 amplectitur
1081 697 1155 731 quod
1165 698 1267 727 bonum
1283 701 1428 734 est,|ibera
1434 702 1544 731 arbitrii
1553 705 1693 733 voluntate
1702 691 1811 733 ductus.

212 740 277 766 KB’.
309 739 415 774 ’Ὠσπερ
445 740 510 767 ὅταν
582 741 741 777 παρεμϐολὴ
765 743 899 776 Περσῶν,
925 752 960 770 κα

1061 743 1143 772 XXII.
1168 746 1287 775 Perinde
1311 756 1344 776 ac
1358 749 1380 776 si
1405 749 1441 777 sit
1464 750 1537 778 acies
1553 751 1700 779 Persarum
1728 757 1812 788 atque

177 785 338 821 παρεμϐολὴ
371 786 533 821 Ῥωμαίων,
560 788 607 815 καὶ
632 788 777 820 ὲξὲλθωοιν
805 790 857 816 ἀπ’
880 791 960 817 αὐτῶε

1020 789 1093 817 acies
1108 791 1305 826 Romanorum,
1329 800 1412 830 atque
1432 796 1568 831 prodeant
1592 804 1627 824 cx
1649 797 1684 825 iis
1699 799 1811 832 pennati

176 833 311 868 πτερωτοὶ
338 832 385 860 δύο
408 834 543 861 νεανίσκοι
569 835 739 870 ίσοδύναμοι,
765 837 813 863 καὶ
835 837 959 872 ποιήσωσ

1020 834 1210 865 adolescentes
1228 838 1293 872 duo,
1314 840 1421 868 viribus
1446 842 1576 876 aequales.
1590 844 1637 878 qui
1656 844 1731 872 lucta
1744 853 1812 873 con-

175 879 263 914 πάλην
279 887 287 895 ·
329 879 415 912 οὕτως
444 881 461 916 ἡ
484 881 630 913 ἀντίπαλος
657 882 771 917 δύναμις
795 884 842 910 καὶ
869 884 883 909 ό
906 883 960 915 νοῦς

1021 881 1152 916 tendant;
1169 883 1207 911 ita
1224 884 1379 913 adversaria
1396 892 1518 922 potestas
1531 893 1560 916 et
1573 898 1650 918 mens
1661 899 1756 926 aequas
1769 891 1811 919 vi-

174 925 266 960 ἕχουσι
288 925 320 952 τὸ
342 926 486 961 ἱοόρῤοπον
504 927 564 954 κατ’
584 928 720 963 ἀλλήλων·
746 928 792 955 καὶ
811 929 860 965 τὴν
879 929 960 956 ἰσοδυ-

1020 934 1065 954 res
1076 927 1205 957 obtinent
1218 930 1352 959 adversus
1366 940 1396 959 se
1415 933 1532 962 invicem
1549 944 1555 962 :
1569 943 1602 964 ac
1616 944 1709 971 parem
1724 937 1809 965 facul-

174 971 275 1006 ναμίαν
296 970 352 1006 ἔχει
377 972 391 998 6
411 972 533 1004 Σατανᾶς
559 973 605 999 τοῦ
633 974 833 1008 προτρέπεσθαι
856 974 902 1001 καὶ
920 983 966 1001 κο-

173 1016 298 1044 λακεύειν
316 1016 366 1051 τὴν
382 1016 471 1052 ψυχὴν
489 1017 530 1048 είς
548 1017 579 1044 τὺ
592 1017 656 1044 ἴδιον
669 1018 788 1054 θέλημα⁴
806 1019 853 1046 καὶ
866 1019 966 1056 ἡψυχὴ

174 1062 263 1098 πάλην
283 1063 339 1098 ἔχει
357 1063 404 1090 τοῦ
420 1063 586 1098 ἀντιλέγειν,
605 1065 652 1091 καὶ
669 1065 699 1091 ὲν
715 1065 810 1100 μηδενὶ
825 1066 899 1101 αὐτῷ
912 1067 965 1094 ὑπ-

172 1108 294 1135 ακούειν.
312 1110 516 1144 Προτρεπτικαὶ
529 1110 585 1145 γάρ
597 1111 666 1137 εἰσιν
681 1111 709 1137 αἱ
723 1111 876 1147 ἀμφότεραι
887 1112 966 1139 δυνά-

175 1163 234 1188 μεις
246 1154 293 1181 τοῦ
304 1163 334 1181 τε
349 1155 434 1182 κακοῦ
448 1155 553 1182 καὶτοῦ
566 1156 680 1190 ἀγαθοῦ,
693 1157 743 1183 οὐκ
755 1157 964 1191 ἁναγκαστικαί.

172 1201 212 1236 Τῇ
229 1199 276 1228 οὖν
298 1203 411 1237 τοιαύτῃ
434 1202 593 1238 προαιρέσει
615 1202 716 1230 δίδοται
739 1203 798 1229 θεία
813 1203 963 1240 ἀντίληψις,

172 1249 219 1275 καὶ
235 1248 346 1276 δύναται
361 1249 513 1276 παλαίουσα
529 1249 621 1276 λαὸεἴν
635 1251 705 1277 ὅπλα
721 1251 750 1284 ἐξ
764 1251 880 1286 οὐρανοῦ
890 1271 898 1284 ,
916 1253 965 1278 καὶ

170 1294 205 1321 δι’
218 1294 309 1321 αὐτῶν
333 1295 482 1329 ὲκριζῶσαι
499 1296 548 1322 καὶ
562 1296 674 1332 νικῆσαι
688 1296 738 1332 τὴν
751 1297 901 1332 ἁμαρτίαν.
927 1298 965 1324 Τὸ

172 1339 222 1375 μὲν
237 1340 290 1376 γὰρ
304 1340 453 1376 ἀντιλέγειν
467 1343 499 1376 τῇ
514 1342 636 1378 ἁμαρτίᾳ
649 1342 760 1370 δύναται
773 1344 789 1378 ὴ
801 1344 883 1380 ψυχὴ,
898 1345 963 1371 ἄνευ

169 1387 199 1412 δὲ
213 1386 281 1413 Θεοῦ
296 1388 404 1423 νικῆσαι
418 1387 434 1422 ἢ
447 1387 595 1422 ἐκριζῶσαι
609 1389 639 1414 τὺ
650 1389 734 1416 κακὸν
748 1390 778 1415 οὺ
793 1390 914 1417 δύναται.
930 1391 962 1417 0E

168 1431 198 1458 δὲ
212 1432 338 1467 λέγοντες
354 1434 404 1468 τὴν
419 1433 557 1468 ἁμαρτίαν
570 1432 641 1461 εἶναι
653 1434 691 1466 ὡς
702 1435 819 1469 γίγαντα
829 1437 961 1470 γενναῖον,

169 1479 216 1505 καὶ
231 1478 280 1514 τὴν
294 1479 383 1514 ψυχὴν
398 1479 436 1511 ὡς
451 1479 558 1506 παιδίον
569 1499 577 1512 ,
601 1480 693 1512 κακῶς
707 1481 842 1515 λέγουσιν.
862 1481 893 1508 Et
907 1481 963 1517 γὰρ

167 1523 255 1556 οὕτως
269 1525 330 1551 ἐστὶ
344 1524 379 1552 τὰ
392 1525 545 1561 πράγματα
559 1525 685 1561 ἀνόμοια,
699 1526 738 1558 ὡς
750 1527 832 1561 γίγας
846 1527 962 1563 ὴάμαρ-

167 1570 224 1602 τία,
242 1570 291 1597 καὶ
305 1571 342 1602 ὡς
358 1571 465 1598 παιδίον
480 1572 496 1606 ή
509 1571 593 1607 ψυχὴ,
609 1572 702 1604 ἄδικος
716 1573 730 1599 ὸ
744 1573 903 1609 νομοθέτης,
918 1575 961 1602 νό-

1020 976 1103 1000 tatem
1125 974 1208 1002 habet
1225 975 1340 1005 Satanas
1363 978 1531 1007 adhortandi
1546 986 1575 1008 et
1587 982 1727 1009 alliciendi
1749 983 1809 1010 ani-

1018 1026 1090 1046 mam
1106 1019 1139 1047 ad
1156 1020 1327 1050 voluntatem
1349 1030 1438 1056 suam,
1453 1029 1535 1060 atque
1554 1027 1645 1055 anima
1662 1036 1677 1056 e
1696 1028 1808 1057 diverso

1017 1072 1136 1100 pugnam
1152 1066 1245 1100 habet,
1263 1070 1483 1104 utcontradicat,
1497 1076 1525 1099 et
1536 1072 1564 1100 in
1578 1074 1653 1101 nulla
1670 1082 1701 1102 re
1717 1075 1742 1102 ei
1757 1075 1808 1104 ob-

1017 1112 1159 1142 sequatur.
1171 1110 1370 1141 Exhorlatione
1383 1115 1457 1142 enim
1465 1116 1580 1144 excitari
1591 1123 1708 1153 possunt
1719 1121 1807 1149 amba:

1015 1152 1170 1188 facultates,
1198 1161 1256 1184 tum
1277 1158 1312 1185 ad
1334 1159 1448 1194 bonum,
1467 1165 1525 1189 tum
1554 1163 1588 1190 ad
1606 1164 1728 1199 malum,
1748 1175 1804 1194 non

1017 1201 1257 1236 tamenjcompelli.
1279 1202 1350 1231 Huic
1363 1203 1447 1239 igitur
1462 1205 1558 1234 liberae
1570 1207 1699 1236 electioni
1722 1209 1804 1237 datur

1016 1242 1108 1271 divina
1133 1247 1320 1275 remuneratio
1331 1267 1338 1280 ,
1353 1253 1498 1284 potestque
1523 1250 1681 1280 dimicando
1694 1261 1804 1282 sumere

1014 1295 1089 1316 arma
1102 1289 1136 1317 de
1159 1291 1241 1324 cutio,
1255 1296 1338 1327 atque
1348 1301 1451 1322 eorum
1467 1295 1601 1325 beneﬁcio
1613 1298 1755 1327 eradicare
1771 1308 1804 1328 ac

1014 1341 1148 1369 superare
1164 1342 1320 1371 peccatum.
1336 1339 1533 1371 Contradicere
1543 1343 1618 1371 enim
1632 1350 1747 1380 peccato
1758 1355 1805 1382 po-

1014 1383 1068 1407 test
1083 1382 1196 1416 quidem
1223 1384 1335 1413 anima:
1360 1387 1419 1415 sine
1437 1387 1492 1416 Deo
1513 1397 1580 1417 vero
1602 1398 1734 1426 superare
1756 1397 1805 1421 aut

1013 1427 1166 1463 exstirpare
1195 1430 1293 1458 vitium
1327 1433 1432 1468 nequit.
1472 1435 1573 1463 Verum
1598 1438 1647 1473 qui
1676 1444 1804 1468 asserunt

1012 1478 1158 1508 peccatum
1174 1483 1236 1505 esse
1254 1478 1330 1505 velut
1351 1483 1494 1514 strenuum
1513 1482 1662 1518 gigantem,
1682 1486 1803 1514 animam

1012 1525 1078 1546 vero
1101 1519 1177 1548 velut
1206 1522 1349 1557 pusillum,
1375 1532 1522 1560 perperam
1549 1527 1657 1557 dicunt.
1675 1529 1704 1557 Si
1727 1531 1803 1559 enim

1012 1566 1082 1594 adeo
1095 1573 1188 1596 essent
1212 1577 1257 1598 res
1279 1570 1440 1605 dissimiles,
1462 1577 1494 1602 ut
1509 1581 1654 1610 peccatum
1672 1579 1709 1606 sit
1727 1580 1803 1609 velut

169 1625 219 1651 μον
239 1616 362 1650 δεδωκὼς
386 1617 426 1654 τῷ
448 1618 587 1655 ἀνθρώπῳ
610 1620 698 1647 ποιεῖν
718 1619 807 1656 πάλην
829 1621 897 1657 πρὸς
913 1622 959 1649 τὸν

1011 1614 1095 1650 gigas,
1115 1616 1207 1645 anima
1225 1626 1292 1646 vero
1304 1619 1381 1648 vclut
1393 1621 1520 1656 pusillus,
1542 1623 1655 1660 iniquus
1673 1632 1746 1655 esset
1761 1628 1803 1656 le-

166 1663 302 1691 Σοτανᾶν.

201 1762 265 1790 ΚΓ.
293 1759 378 1795 Οὗτος
401 1763 431 1791 δέ
455 1765 530 1791 ἐστιν
552 1764 567 1791 6
588 1764 713 1799 θεμέλιος
735 1765 784 1800 τῆς
805 1766 874 1802 πρὸς
891 1767 957 1795 Θεὸν

164 1809 237 1842 ὀδοῦ,
255 1810 286 1836 τὸ
305 1810 336 1837 ὲν
358 1811 481 1847 ὑπομονῇ
504 1811 601 1846 πολλῇ,
619 1812 647 1838 ὲν
662 1812 766 1844 ἐλπίδι,
784 1812 814 1839 ἐν
828 1821 956 1840 ταπεινο-

165 1855 288 1891 φροσύνῃ
299 1876 306 1888 ,
333 1856 363 1882 ὲν
388 1856 511 1892 πτωχείᾳ
533 1857 701 1892 πνεύματος,
719 1858 749 1884 ὲν
766 1857 900 1893 πραότητι
916 1859 956 1886 διο

163 1901 266 1928 οδεύειν
279 1901 329 1937 τὴν
341 1901 399 1928 ὀδδν
411 1902 464 1937 τῆς
477 1902 560 1938 ζωῆς,
573 1904 619 1930 καὶ
630 1903 675 1930 διὰ
685 1903 788 1931 τούτων
799 1904 954 1939 κτήσασθαι

163 1946 276 1974 δύναταί
299 1956 341 1979 τις
363 1948 413 1983 τὴν
434 1949 608 1984 δικαιοσύνην
627 1951 656 1976 ὲν
671 1950 769 1985 ἑαυτῷ.
786 1950 910 1985 Δέγομεν
925 1951 954 1978 δὲ

162 1993 338 2028 δικαιοσύνην
366 1994 447 2021 αὐτὸν
461 1994 506 2021 τὸν
517 1994 629 2030 Κύριον.
643 1991 729 2022 Λῦται
741 1996 796 2031 γὰρ
809 1996 837 2023 αἱ
848 1997 954 2024 ἐντολαὶ

162 2037 249 2070 οὕτως
272 2040 511 2074 προστάσσουσαι,
530 2040 624 2076 ὥσπερ
651 2041 727 2077 μιλιά
744 2042 797 2068 είσι
819 2042 953 2078 στήκοντα

162 2084 212 2110 καὶ
229 2085 331 2119 σημεῖα
348 2085 397 2120 τῆς
412 2085 556 2120 βασιλικῆς
569 2085 630 2113 ὁδοῦ
641 2107 648 2119 ,
674 2086 828 2122 ἀναγούσης
848 2088 888 2119 είς
902 2088 952 2123 τὴν

162 2130 323 2166 ἐπουράνιον
336 2130 413 2158 πόλιν
427 2131 490 2163 τοὺς
499 2131 678 2164 διοδεύοντας.
690 2132 771 2166 Λέγει
782 2133 951 2168 γὰρ,Μακά-

158 2184 220 2210 ριοι
239 2178 266 2203 οἱ
287 2177 398 2212 πτωχοὶ
419 2177 458 2210 τῷ
478 2178 633 2213 πνεύματι,
645 2178 783 2213 μακάριοι
797 2181 824 2207 ot
836 2180 949 2214 πραεῖς,

158 2220 297 2255 μακάριοι
313 2223 339 2249 ot
351 2222 515 2256 ἐλεήμονες
528 2243 536 2255 ,
560 2223 699 2257 μακάριοι
716 2225 743 2250 οι
757 2224 948 2258 εΙρηνοποιοι.

160 2268 182 2293 Τ
183 2268 261 2294 οὖτον
275 2265 335 2294 εἷπε
357 2268 580 2303 Χριστιανισμόν.
605 2269 636 2295 Et
654 2268 682 2295 δέ
698 2277 740 2300 τις
753 2269 837 2304 ταύτῃ
852 2271 884 2305 τῇ
897 2270 949 2305 ὁδῴ
964 2286 987 2314 D

159 2313 190 2339 οὐ
212 2313 341 2345 διοδεύει,
372 2313 465 2349 ἀνοδίᾳ.
484 2313 663 2349 πεπλάνηται,
680 2314 757 2349 κακῷ
773 2313 890 2351 θεμελίῳ
905 2316 950 2342 κέ.

158 2366 267 2393 χρηται.
286 2359 354 2391 Δόξα
370 2361 427 2392 τοῖς
442 2361 594 2395 οίκτιρμοῖς
611 2361 727 2396 Πατρὸς,
745 2361 791 2387 καὶ
808 2361 884 2394 Υίοῦ,
902 2363 949 2389 καὶ

157 2405 234 2439 ἁγίου
247 2405 414 2441 Πνεύματος,
432 2408 471 2438 εἰς
486 2408 548 2439 τοὺς
561 2407 671 2439 αἰῶνας.
690 2407 786 2442 Ἀμήν.

448 2464 570 2490 ΟΜῙΛΙΛ
588 2464 656 2491 KH'.

154 2508 312 2545 Διειγρᾴφει
323 2509 371 2545 κιαι
383 2509 562 2545 ἀποδύρεται
572 2509 651 2545 αὕτη
664 2510 683 2543 ἡ
694 2510 796 2544 ὁμιλία
808 2510 866 2544 τὴν
876 2511 946 2545 ξυμ-

190 2544 289 2578 φορὰν
303 2544 359 2577 τῆς
372 2544 485 2579 ψυχῆς,
503 2545 547 2570 ὅτι
565 2544 614 2571 διὰ
626 2546 682 2579 τὴν
695 2545 843 2579 ἁμαρτίαν
856 2548 873 2572 ὁ
886 2544 945 2573 Κύ-

185 2587 253 2619 ριος
268 2579 323 2606 ob):
338 2579 413 2606 οἰκεῖ
425 2579 462 2620 ἐν
476 2578 563 2621 α’ὺτῇ.
579 2580 640 2621 Ιξαιὶ
657 2578 722 2621 περὶ
738 2578 791 2608 τοῦ
805 2581 944 2621 Ἰωείννου

189 2614 243 2640 τοῦ
266 2614 440 2650 βαπτιστοῦ
451 2635 458 2646 ,
487 2615 531 2641 ὅτι
554 2615 655 2647 οὐδεὶς
671 2615 705 2642 ἐν
720 2616 875 2650 γεννητοῖς
891 2626 944 2650 γυ-

189 2648 301 2675 ναικῶν
316 2650 410 2676 αὐτοῦ
420 2650 527 2684 μείζων
540 2650 617 2676 ἐστι.

188 2707 228 2734 A’.
247 2707 354 2742 Ὥσπερ
369 2707 508 2742 ὀργισθεὶς
523 2707 537 2734 ὁ
550 2707 616 2738 Θεός
631 2715 696 2733 ποτε
711 2707 858 2739 Ἰουδαίοις,
875 2717 946 2744 παρ-

153 2752 164 2778 ί
171 2752 237 2778 Stoice
253 2752 303 2788 τὴν
320 2752 500 2788 Ἰερουσαλὴμ
514 2754 553 2786 είς
567 2753 598 2779 τὸ
614 2753 750 2789 προφανὲς
766 2753 884 2788 ἐχθροῖς,
897 2754 944 2781 καὶ

153 2797 295 2832 ἐκυρίευον
318 2798 408 2825 αὐτῶν
432 2799 458 2825 οι
482 2798 623 2834 μισοῦντες
646 2799 761 2831 αὐτοὺς,
785 2800 832 2825 καὶ
847 2799 897 2825 οὐκ
909 2797 943 2834 ἦν

153 2841 194 2870 In
216 2844 275 2870 ἐκεῖ
294 2843 392 2880 ἑορτὴ,
420 2843 483 2871 οὔτε
499 2844 656 2881 προσφορά·
676 2844 746 2872 οὕτω
761 2845 809 2873 καὶ
822 2845 854 2880 τῇ
869 2845 942 2880 ψυχῇ

185 2912 209 2928 '°
225 2912 323 2941 Matth.
335 2920 363 2946 ν,
373 2912 391 2940 2
402 2919 461 2948 seq.

1009 1660 1123 1695 gislator
1140 1662 1188 1697 qui
1210 1663 1298 1699 legem
1314 1666 1377 1694 tulit
1391 1666 1509 1701 homini,
1533 1674 1564 1697 ut
1587 1678 1707 1707 pugnam
1727 1674 1803 1702 ineat

1008 1705 1143 1735 adversus
1159 1707 1300 1737 Satanam.

1044 1750 1142 1780 XXIII.
1157 1753 1216 1781 Hoc
1229 1759 1322 1783 autem
1333 1757 1594 1788 estfundamentum
1605 1762 1656 1790 viae
1668 1766 1701 1791 ad
1713 1764 1799 1793 Deum

1007 1795 1182 1832 deducentis,
1207 1800 1236 1828 ln
1257 1801 1404 1831 tolerantia
1417 1805 1515 1838 multa,
1532 1806 1559 1834 in
1579 1815 1638 1842 spe,
1657 1809 1685 1836 in
1707 1810 1800 1839 humi-

1005 1841 1094 1876 litate,
1108 1843 1136 1871 in
1151 1851 1314 1881 paupertate
1323 1849 1446 1883 spiritus,
1460 1851 1488 1878 in
1503 1841 1716 1884 mansuetudine
1726 1859 1798 1886 viam

1006 1888 1068 1917 vitae
1083 1897 1246 1926 peragrare;
1269 1897 1296 1921 et
1312 1893 1413 1922 horum
1439 1896 1574 1926 beneﬁcio
1590 1900 1652 1934 quis
1672 1902 1798 1932 oblinere

1005 1938 1096 1969 potest
1107 1935 1245 1971 justitiam
1262 1937 1290 1966 in
1311 1947 1341 1967 se
1359 1940 1420 1975 ipso
1435 1949 1443 1968 :
1460 1941 1580 1971 dicimus
1603 1950 1695 1974 autem
1713 1949 1797 1983 justi-

1004 1980 1071 2008 tiam
1102 1981 1192 2017 ipsum
1208 1983 1365 2013 Dominum.
1387 1986 1451 2015 Haec
1477 1989 1550 2016 enim
1573 1980 1796 2029 mandata-quae

1003 2025 1079 2054 hunc
1093 2027 1121 2055 in
1136 2029 1249 2057 modum
1269 2031 1444 2066 pmcipiunt,
1466 2039 1531 2062 sunt
1544 2039 1672 2071 tanquam
1688 2025 1795 2074 lapillos

1002 2072 1123 2101 miliarcs
1138 2073 1194 2108 ﬁxi,
1215 2080 1242 2104 et
1252 2076 1329 2112 signa
1341 2077 1423 2113 regite
1437 2079 1487 2107 viae
1500 2100 1507 2112 ,
1518 2081 1682 2112 deducentis
1691 2072 1726 2113 ad
1739 2094 1794 2115 ca:-

1001 2118 1098 2146 lcstem
1118 2120 1258 2150 civitatem
1269 2123 1481 2154 inambulantes.
1496 2126 1588 2162 Inquit
1604 2130 1699 2158 enim:
1715 2132 1793 2161 Beati

1001 2173 1131 2200 pauperes
1151 2168 1262 2203 spiritu;
1285 2169 1362 2198 Beati
1383 2172 1476 2205 miles;
1493 2173 1570 2202 Beati
1592 2176 1791 2212 misericordes;

1000 2210 1077 2239 Beati
1091 2214 1196 2248 paciﬁci
1212 2215 1246 2243 °°.
1269 2215 1348 2244 Hunc
1360 2217 1446 2246 dicito
1459 2226 1520 2247 esse
1535 2210 1789 2254 Christianismum.

1001 2257 1029 2284 Si
1043 2266 1108 2287 vero
1120 2261 1183 2295 quis
1193 2261 1246 2289 hac
1260 2262 1303 2290 via
1315 2270 1370 2291 non
1382 2263 1545 2298 inambulet,
1556 2274 1606 2301 per
1618 2268 1696 2296 devia
1704 2275 1789 2304 errat,

1001 2305 1072 2332 malo
1092 2305 1274 2336 fundamento
1292 2317 1368 2337 usus.
1388 2310 1481 2339 Gloria
1505 2312 1730 2344 miserationibus
1739 2317 1790 2344 Pa-

1001 2350 1061 2384 tris,
1077 2357 1103 2380 et
1116 2353 1189 2387 Filii,
1206 2359 1235 2382 et
1245 2355 1364 2390 Spiritus
1379 2357 1467 2384 sancti
1484 2358 1513 2385 in
1529 2360 1638 2388 saecula.
1654 2363 1751 2390 Amen.

1251 2469 1394 2498 IIOMILIA
1418 2471 1537 2500 XXVIII.

997 2514 1125 2541 Describit
1146 2523 1177 2541 ac
1192 2514 1314 2550 deplorat
1328 2517 1382 2543 lucc
1397 2517 1506 2544 Itomilia
1521 2517 1702 2546 calamitatem
1725 2522 1786 2548 ani-

1032 2557 1098 2586 ημο,
1109 2551 1143 2586 iit
1152 2558 1205 2584 qua
1218 2555 1326 2586 propter
1337 2556 1473 2586 peccatum
1484 2561 1535 2579 non
1545 2553 1646 2580 habitat
1656 2554 1782 2583 Christus.

1033 2584 1113 2622 litae
1125 2584 1230 2612 Joanne
1245 2584 1377 2622 Baptista,
1386 2588 1454 2622 quod
1472 2588 1542 2614 inter
1556 2593 1632 2616 natos
1644 2589 1785 2618 mulierum

1032 2619 1121 2646 nullus
1137 2628 1167 2646 eo
1180 2621 1214 2647 sit
1230 2621 1326 2656 major.

1030 2707 1051 2735 Ι.
1077 2707 1315 2740 Quemadmodum
1336 2709 1416 2745 olim}
1429 2710 1502 2738 Deus
1525 2711 1650 2740 infensus
1681 2713 1784 2741 Judmis

997 2752 1110 2780 tradidit
1124 2753 1279 2781 Jerusalem
1295 2755 1324 2782 in
1336 2757 1524 2790 spectaculum
1538 2757 1674 2791 hostibus,
1693 2763 1722 2786 et
1735 2759 1784 2786 do-

996 2799 1093 2826 minati
1104 2804 1168 2827 sunt
1185 2799 1213 2827 in
1226 2807 1284 2834 eos,
1301 2801 1348 2836 qui
1364 2801 1478 2829 oderant
1494 2802 1566 2836 illos,
1580 2811 1632 2831 nec
1648 2809 1708 2832 erat
1724 2812 1785 2832 atu-

996 2844 1068 2880 plius
1096 2845 1134 2873 ibi
1150 2845 1261 2882 festum,
1278 2855 1369 2883 neque
1387 2847 1490 2876 oblatio
1505 2856 1511 2875 :
1535 2849 1575 2878 sic
1589 2850 1671 2878 etiam
1696 2850 1782 2880 iratus
