2078 3151
260 165 310 198 τί]

885 165 914 196 S.
936 164 1097 195 MACARII
1118 166 1279 197 ASGYI‘TII

1841 167 1895 200 712

260 222 369 253 animzc,
387 225 498 255 propter
524 219 773 255 transgressionem
790 220 923 252 mandati,
938 221 1045 248 tradidit

1103 222 1250 257 ὀργισθεὶς,
1263 223 1306 250 διὰ
1318 223 1366 258 τὴν
1378 223 1534 258 παράϐασιν
1546 223 1595 258 τῆς
1607 224 1634 250 ἐν
1644 224 1894 260 .ολῆ;,παρέδωκεν

260 274 320 294 eam
346 266 482 297 hostibus,
508 265 680 292 dminonibus
701 270 729 292 et
757 266 953 293 affectionibus
975 274 982 292 :
1003 266 1050 300 qui

260 320 322 340 cum
331 312 371 339 sic
383 312 557 339 seduxissent
568 319 640 343 eam,
653 312 764 346 penitus
771 319 832 339 eam
842 311 1049 339 deformarunt:

259 365 310 384 nec
329 357 448 392 amplius
467 357 525 383 illic
538 361 597 384 erat
612 357 723 388 festum,
738 364 790 384 nec
815 356 971 389 incensum,
997 364 1049 384 nec

257 404 361 431 oblatio
376 411 426 438 per
450 411 511 430 eam
540 404 596 430 Deo
610 403 791 435 ollerebatur,
810 403 923 438 repletis
947 403 973 430 in
996 403 1049 430 viis

257 449 413 484 insignibus
427 450 488 484 ejus
503 450 570 476 diris
583 449 647 477 feris
658 470 665 481 ,
676 457 708 477 ac
739 449 884 484 reptihbus
905 449 1049 485 spiritibus

257 495 285 522 in
301 503 332 522 ea
346 494 562 522 diversantibus.
587 495 620 522 Et
636 495 870 530 quemadmodum
891 495 1002 527 domus,
1024 495 1047 522 si

255 545 348 568 careat
365 541 480 568 domino
504 541 688 574 inhabitante,
713 541 851 573 tenebras,
867 541 998 576 probrum
1015 549 1048 569 ac

255 588 453 615 contumeliam
476 587 576 620 induit,
602 587 787 622 sordibusque
811 595 842 615 ac
865 593 989 615 stercore
1005 596 1049 615 re-

255 635 363 670 pletur;
380 635 419 662 sic
443 642 553 670 quoque
577 635 666 662 anima
682 635 814 662 destituta
845 635 962 662 Domino
985 643 1045 668 suo,

255 689 318 708 eum
345 681 450 715 angelis
477 681 503 707 in
529 681 754 714 setripudiante,
780 681 1044 716 tenebris'peccati,

256 727 429 761 turpitudine
449 726 626 754 all‘ectienum
643 733 727 762 atque
743 727 819 755 onmi
834 728 984 762 ignominia
1000 736 1045 756 re-

254 774 358 809 pietur.

288 821 322 848 ll.
338 821 384 848 Vae
398 820 460 852 viae,
477 820 499 847 si
514 827 597 848 nemo
620 819 648 847 in
673 827 706 848 ea
729 820 868 853 ambulet,
883 828 935 849 nec
951 821 1046 848 audiat

254 867 282 895 in
304 876 336 895 ea
353 875 447 894 vocem
470 866 607 894 hominisl
630 866 695 901 quia
712 867 918 901 receptaculum
932 870 975 894 est
997 866 1045 894 be-

254 914 380 940 stiarum.
402 913 447 940 Va:
466 913 575 944 animm,
589 913 612 939 si
631 920 686 939 non
712 912 834 939 ambulet
861 913 888 939 in
904 920 936 939 ea
951 913 1045 940 Domi-

254 968 318 992 nus,
330 964 414 994 atque
433 967 501 987 voce
518 967 567 986 sua
591 958 667 993 fuget
678 967 711 985 ex
723 966 756 986 ea
773 958 933 994 spirituales
948 958 1046 993 nequi-

254 1006 299 1033 tiae
314 1006 433 1033 bestias!
450 1005 496 1032 Va:
513 1005 620 1037 domui,
637 1004 661 1031 si
681 1012 736 1032 non
751 1004 882 1031 dominus
893 1012 953 1032 eam
967 1003 1045 1031 inha-

253 1052 337 1080 bitet!
350 1052 395 1079 Vae
407 1059 496 1084 terrae,
511 1051 532 1085 ι
539 1052 559 1086 1
566 1051 587 1085 1
601 1051 624 1078 si
636 1051 766 1084 caruerit,
777 1050 823 1086 qui
836 1054 964 1078 exerceat
972 1057 1043 1082 eam,

253 1097 371 1125 colono!
391 1097 436 1124 V29
451 1097 526 1129 navi,
544 1097 567 1124 si
583 1097 751 1124 destituatur
759 1097 958 1132 gubernatore,
972 1103 1044 1131 quo-

254 1144 328 1171 niam
353 1143 485 1170 tluetibus
500 1147 528 1170 et
550 1147 713 1178 tempestate
734 1143 818 1170 maris
837 1142 937 1178 iactata
957 1142 1042 1177 periti

255 1190 300 1217 Va:
314 1189 422 1221 animm,
437 1196 500 1216 cum
520 1196 616 1215 verum
630 1189 843 1224 gubernatorem
859 1187 1000 1215 Christum
1016 1188 1045 1215 in

253 1243 282 1263 se
297 1243 353 1262 non
371 1234 515 1262 imbuerit!
531 1233 662 1269 quoniam
690 1233 718 1260 in
744 1235 845 1261 acerbo
866 1233 1044 1261 tenebrarum

253 1282 321 1309 mari
332 1281 445 1316 degens,
462 1285 491 1308 et
509 1280 638 1308 fluctibus
654 1280 832 1307 aﬂ‘ectionum
850 1283 990 1315 quassata,
1004 1285 1045 1307 at-

252 1335 306 1362 que
321 1335 336 1354 a
349 1326 493 1362 spiritibus
510 1333 640 1360 nequam.
652 1326 729 1352 velut
753 1325 864 1352 hiemali
880 1329 1045 1360 tempestate

250 1374 362 1409 jactata,
380 1372 492 1400 tandem
503 1372 646 1399 interitum
663 1371 855 1406 consequitur.
868 1371 913 1399 Va:
933 1371 1043 1404 animae,

254 1421 276 1447 si
297 1420 428 1451 caruerit,
453 1419 502 1454 qui
526 1418 635 1446 excolat
651 1418 725 1444 illam
741 1417 899 1453 diligenter,
921 1417 1042 1450 Christo,

254 1469 284 1492 ut
300 1464 388 1491 bonos
402 1464 509 1491 fructus
523 1463 644 1498 Spiritus
658 1463 812 1497 producere
833 1463 937 1498 possit!
961 1463 1039 1498 quia,

253 1519 317 1539 eum
331 1511 368 1538 sit
394 1510 514 1542 deserta,
536 1509 624 1545 spinis
636 1517 668 1537 ac
687 1509 797 1536 tribulis
815 1510 908 1544 plena,
932 1509 1043 1536 tandem

253 1559 427 1586 exustionem
446 1558 517 1594 ignis
531 1566 582 1592 pro
597 1557 688 1585 fructu
703 1557 832 1592 producit
847 1564 880 1584 ac
900 1558 1044 1592 conscqui-
1058 1575 1079 1604 ο

254 1611 310 1632 tur.
331 1604 376 1631 Vae
387 1604 496 1635 anima,
522 1603 544 1630 si
566 1610 621 1629 non
637 1602 770 1629 habuerit
789 1602 937 1629 Dominum
960 1610 1040 1629 suum

252 1650 393 1678 Christum
408 1649 436 1676 in
450 1657 480 1676 se
497 1648 683 1676 habitantem!
701 1648 776 1683 quia,
788 1655 850 1674 cum
871 1648 906 1675 sit
921 1647 1040 1681 deserta,

252 1705 286 1725 ae
310 1697 398 1727 fetore
414 1695 592 1723 atl'ectionum
606 1698 718 1727 seatcat,
731 1694 915 1722 diversorium
935 1694 1043 1722 exsistit

252 1744 395 1771 vitiorum.

288 1836 332 1863 lll.
350 1834 586 1868 Quemadmodum
607 1834 682 1861 enim
703 1833 841 1865 colonum,
865 1833 887 1860 si
910 1832 1034 1868 accingat

253 1891 280 1910 se
293 1882 326 1909 ad
336 1881 513 1909 excolendam
524 1887 635 1913 terram,
646 1883 755 1914 oportet
768 1879 951 1906 instrumenta
962 1883 1045 1913 atque

254 1927 416 1955 indumenta
438 1926 471 1953 ad
495 1926 632 1953 culturam
657 1924 836 1952 accommoda
856 1931 989 1951 sumere:
1006 1924 1044 1950 ita

252 1974 389 2005 Christus,
412 1981 459 1999 rex
483 1972 529 1999 ille
552 1971 672 1999 cmlestis
689 1979 722 1998 ac
738 1978 821 1998 verus
842 1970 972 2005 agricola,
992 1978 1041 1998 ve-

254 2021 333 2047 niens
356 2019 389 2046 ad
407 2018 557 2045 desolatam
578 2025 627 2052 per
647 2017 744 2044 vitium
767 2016 978 2048 humanitatem,
1001 2023 1045 2044 as-

255 2069 364 2100 sumpto
387 2071 512 2098 corpore,
532 2071 564 2090 ac
589 2071 638 2098 pro
653 2063 836 2090 instrumento
854 2069 964 2089 crucem
978 2070 1045 2097 por-

256 2109 350 2142 tando,
360 2108 479 2136 excoluit
494 2108 613 2134 animam
625 2107 772 2138 desertam,
783 2110 810 2133 et
821 2114 853 2133 ex
863 2113 895 2133 ea
907 2105 1045 2140 decerpsit

256 2155 349 2190 spinas
373 2159 400 2181 et
427 2153 544 2180 tribulos
572 2160 718 2188 pravorum
743 2152 902 2186 spirituum,
929 2156 957 2179 et
981 2151 1044 2178 lolia

255 2201 360 2237 peccati
388 2200 508 2232 evulsit,
531 2204 614 2234 atque
635 2205 716 2226 omne
748 2197 842 2224 fenum
870 2201 1045 2232 peccatorum

1103 269 1188 304 αὐτὴν
1205 270 1260 302 τοῖς
1274 269 1392 305 ἐχθροῖς,
1408 269 1517 305 δαίμοσί
1530 278 1559 296 τε
1577 270 1622 296 καὶ
1637 270 1746 297 πάθεσιι
1763 270 1811 296 καὶ
1822 271 1895 298 οὕτω

1102 315 1291 349 πλανήσαντες
1313 315 1416 350 αὐτὴν,
1442 316 1553 347 τελείως
1573 317 1721 351 ἠφάνισαν,
1740 317 1787 343 καὶ
1802 317 1894 344 οὐκέτι

1101 357 1135 394 ἧν
1155 361 1215 387 ἐκεῖ
1240 360 1302 387 οὕτε
1321 361 1412 397 ἑορτὴ,
1433 361 1495 388 οὒτε
1513 361 1652 398 θυμίαμα,
1670 361 1732 388 οὕτε
1750 363 1894 398 προσφορὰ

1101 406 1133 433 δι’
1146 407 1232 441 αὐτῆς
1244 407 1283 443 τῷ
1295 407 1354 442 Θεῷ
1366 408 1598 443 ἀναπεμπομένη,
1610 408 1783 444 πλησθέντων
1795 410 1825 436 ἐν
1834 410 1894 442 ταῖς

1101 453 1170 485 ὁδοῖς
1185 454 1240 480 τῶν
1255 455 1454 490 γνωρισμάτων
1467 456 1551 490 αὐτῆς
1563 455 1666 490 θηρίων
1676 456 1782 488 δεινῶν,
1791 457 1839 483 καὶ
1849 457 1894 492 ἑρ-

1101 500 1192 527 πετῶν
1215 494 1379 536 πνευμάτων
1403 502 1537 537 πονηρίας
1559 503 1588 528 ἐν
1605 503 1672 538 αὐτῇ
1690 503 1892 531 καταλυόντων.

1100 546 1157 574 Καὶ
1181 546 1275 582 ὥσπερ
1299 545 1372 578 οἶκος
1387 567 1394 578 ,
1422 547 1469 574 ἐὰν
1495 547 1532 583 μὴ
1546 548 1594 584 ἔχῃ
1609 548 1655 574 τὸν
1668 549 1803 584 δεσπότην
1826 557 1892 576 κατ-

1100 592 1228 619 οικοῦντα
1240 612 1247 625 ,
1275 592 1381 624 σκότος,
1402 592 1449 619 καὶ
1465 592 1588 628 ἀτιμίαν,
1605 593 1652 620 καὶ
1667 593 1746 628 ὓϐριν
1757 593 1890 627 ἐνδύεται,

1099 639 1147 666 καὶ
1168 639 1305 674 ρυπαρίας
1328 640 1377 667 καὶ
1393 639 1516 675 κοπριῶν
1530 639 1739 675 ἐμπέπλησταν
1757 639 1829 667 οὓτω
1843 640 1892 667 καὶ

1098 684 1172 720 ψυχὴ
1197 685 1214 720 ἡ
1240 686 1278 720 μὴ
1302 684 1403 720 ἔχουσα
1425 685 1472 712 τὸν
1489 685 1629 720 Δεσπότην
1648 685 1734 720 αὐτῆς
1755 685 1824 720 μετὰ
1837 685 1892 712 τῶν

1098 730 1223 764 ἀγγέλων
1239 731 1268 757 ἐν
1280 731 1363 766 ἑαυτῇ
1377 731 1538 767 χορεύοντα,
1553 731 1665 762 σκότους
1677 731 1826 766 ἁμαρτίας,
1843 732 1891 759 καὶ

1099 775 1229 811 αἰσχύνης
1243 776 1348 808 παθῶν,
1366 776 1414 805 καὶ
1429 775 1520 811 πάσης
1535 776 1647 811 ἀτιμίας
1663 776 1866 811 ἐμπίμπλαται.

1134 821 1171 848 B'.
1191 822 1259 849 Οὐαὶ
1273 822 1335 858 ὁδῷ,
1352 822 1401 849 ἐὰν
1418 822 1513 857 μηδεὶς
1529 823 1558 849 ἐν
1571 822 1640 858 αὐτῇ
1655 824 1806 858 περιπατῇ,
1821 824 1889 859 μήτε

1098 866 1186 904 ἀκούῃ
1202 868 1231 894 ἐν
1245 867 1314 903 αὐτῇ
1330 868 1422 903 φωνῆς
1437 867 1582 903 ἀνθρώπου
1597 868 1604 894 i
1634 869 1675 895 ὃτι
1693 868 1889 903 καταλυτήριον

1097 913 1200 949 θηρίων
1225 913 1366 948 τυγχάνει.
1396 914 1465 940 Οὐαὶ
1489 913 1578 949 ψυχῇ,
1596 913 1696 940 ὁπόταν
1713 913 1750 949 μὴ
1764 913 1843 949 ὁδεύῃ
1860 914 1889 940 ἐν

1097 959 1166 994 αὐτῇ
1183 960 1197 986 ὁ
1210 959 1312 994 Κύριος
1322 980 1330 992 ,
1357 959 1405 986 καλ⁵
1419 961 1452 994 τῇ
1469 960 1545 995 φωνῇ
1559 959 1641 986 αὐτοῦ
1658 959 1747 995 φεύγῃ
1762 959 1792 992 ἐξ
1803 960 1889 996 αὐτῆς

1096 1005 1131 1032 τὰ
1157 1006 1330 1041 πνευματικὰ
1357 1005 1409 1040 τῆς
1431 1006 1565 1041 πονηρίας
1588 1005 1671 1041 θηρία
1688 1005 1777 1032 ίοὺαὶ
1796 1006 1887 1042 οἰκίᾳ,

1096 1051 1177 1078 ὁπότε
1192 1052 1206 1078 ὁ
1217 1052 1350 1088 δεσπότης
1365 1052 1415 1078 οὐκ
1428 1053 1499 1078 οίκεῖ
1513 1052 1542 1078 ὲν
1555 1052 1622 1088 αὐτῇ
1640 1052 1646 1079 !
1666 1052 1734 1080 Οὐαὶ
1749 1052 1888 1088 γῇ,ὸπότε

1098 1098 1136 1132 μὴ
1161 1097 1218 1133 ἔχει
1251 1098 1298 1124 τὸν
1328 1098 1513 1134 ἐργαζόμενον
1540 1098 1626 1134 αὐτὴν
1649 1099 1798 1134 γεωργόνί
1819 1099 1888 1126 οὐαὶ

1096 1142 1192 1177 πλοίῳ,
1208 1142 1309 1168 ὁπόταν
1327 1142 1365 1177 μὴ
1381 1141 1431 1178 ἔχῃ
1444 1141 1489 1169 τὸν
1502 1142 1693 1178 κυϐερνήτην,
1710 1143 1751 1170 ὅτι
1767 1143 1820 1171 ἀπὸ
1832 1143 1889 1170 τῶν

1096 1189 1226 1223 κυμάτων
1253 1188 1300 1215 καὶ
1323 1187 1371 1215 τοῦ
1395 1188 1476 1215 σάλου
1500 1188 1551 1223 τῆς
1572 1188 1711 1225 θαλάσσης
1736 1190 1887 1225 φερόμενον

1095 1233 1258 1261 ἀπόλλυται,
1284 1234 1354 1260 Οὐαὶ
1367 1233 1452 1268 ψυχῇ,
1469 1233 1571 1260 ὁπόταν
1590 1233 1627 1269 μὴ
1639 1233 1688 1269 ἔχῃ
1703 1234 1748 1261 τὸν
1761 1234 1887 1270 ἀληθινὸν

1096 1279 1268 1315 κυϐερνήτην
1292 1279 1409 1314 Χριστὸν
1436 1280 1464 1306 ἐν
1489 1279 1559 1315 αὐτῇ
1586 1280 1592 1306 l
1611 1279 1652 1306 ὅτι
1669 1280 1699 1306 ἐν
1715 1281 1748 1315 τῇ
1764 1279 1886 1315 θαλάσσῃ

1095 1324 1144 1359 τῆς
1163 1324 1274 1360 πικρίας
1297 1323 1344 1351 τοῦ
1364 1324 1477 1356 σκότους
1497 1324 1684 1359 τυγχάνουσα,
1704 1324 1753 1351 καὶ
1770 1324 1823 1351 ὑπὸ
1838 1325 1886 1352 τοῦ

1096 1370 1179 1397 σάλου
1205 1369 1260 1396 τῶν
1284 1369 1380 1397 παθῶν
1403 1370 1618 1405 κυματουμένη,
1636 1370 1683 1397 καὶ
1700 1370 1752 1397 ὑπῦ
1766 1370 1821 1398 τῶν
1835 1379 1887 1398 πο·

1096 1417 1187 1453 νηρῶν
1203 1417 1368 1452 πνευμάτων
1383 1417 1571 1453 χειμαζομένη
1582 1437 1590 1449 ,
1608 1417 1639 1444 τὸ
1653 1418 1730 1450 τέλος
1748 1418 1887 1446 ἀπώλειαν

1095 1464 1206 1490 κτᾶται.
1224 1463 1294 1490 Οὐαὶ
1308 1463 1394 1499 ψυχῇ,
1412 1463 1514 1490 ὁπόταν
1532 1463 1570 1498 μὴ
1585 1463 1635 1500 ἔχῃ
1648 1463 1694 1490 τὸν
1706 1463 1888 1500 ἐργαζόμενον

1095 1510 1181 1545 αὐτὴν
1201 1509 1340 1544 ἐπιμελῶς
1359 1510 1488 1544 Χριστὸν,
1505 1510 1549 1536 ἶνα
1566 1510 1690 1545 καρποὺς
1704 1511 1823 1544 ἀγαθοὺς
1839 1510 1887 1538 τοῦ

1095 1556 1255 1591 Πνεύματος
1280 1557 1403 1590 ἐνεγκεῖν
1426 1556 1548 1591 δυνηθῇί
1568 1557 1609 1583 ὅτι
1628 1556 1729 1591 ἔρημος
1746 1557 1822 1590 οὖσα,
1840 1558 1889 1585 καὶ

1094 1603 1221 1630 ἀκανθῶν
1235 1603 1282 1629 καὶ
1296 1602 1430 1638 τριϐόλων
1447 1602 1545 1637 μεστὴ,
1560 1602 1591 1628 τὸ
1602 1603 1679 1634 τέλος
1691 1602 1789 1629 καῦσιν
1801 1603 1889 1638 πυρὸς

1095 1649 1262 1684 καρποῦται.
1277 1649 1346 1676 Οὐαὶ
1359 1648 1444 1684 ψυχῇ,
1459 1647 1560 1675 ὁπόταν
1578 1648 1614 1684 μὴ
1629 1648 1679 1685 ἔχῃ
1693 1648 1738 1675 τὸν
1749 1649 1888 1684 Δεσπότην

1094 1695 1180 1730 αὐτῆς
1204 1695 1321 1730 Χριστὸν
1347 1695 1378 1721 ἐν
1401 1695 1484 1729 ἐαυτῇ
1500 1694 1680 1722 κατοικοῦντα
1704 1696 1710 1722 !
1729 1695 1770 1722 ὅτι
1786 1695 1888 1730 ἕρημος

1094 1738 1162 1765 οὖσα
1179 1739 1225 1766 καὶ
1239 1739 1372 1771 δυσωδίας
1384 1739 1480 1767 παθῶν
1489 1739 1718 1775 ἐμπεπλησμένη,
1734 1740 1888 1777 καταλυτὴ-

1097 1793 1153 1820 ριον
1167 1785 1267 1816 κακίας
1281 1785 1421 1820 τυγχάνει.

1131 1832 1168 1858 Γ¹.
1178 1832 1285 1867 Ὥσπερ
1300 1831 1354 1866 γὰρ
1362 1833 1376 1858 ὁ
1385 1833 1506 1867 γεωργὸς
1523 1832 1592 1859 ἐπὰν
1603 1831 1752 1868 πορεύηται
1763 1832 1886 1867 ἐργάσα-

1097 1877 1158 1904 σθαι
1174 1877 1223 1913 τὴν
1237 1878 1298 1912 γῆν,
1313 1878 1374 1904 δέον
1390 1879 1424 1904 τὰ
1439 1879 1575 1913 ἐργαλεῖα
1594 1887 1640 1905 και
1653 1879 1743 1913 άμφια
1757 1878 1824 1914 πρὸς
1837 1878 1887 1913 τὴν

1096 1923 1226 1959 ἐργασίαν
1242 1923 1403 1958 λαμϐάνειν,
1426 1923 1513 1956 οὕτως
1536 1924 1583 1950 καὶ
1603 1925 1617 1950 ὁ
1633 1924 1750 1960 Χριστὸς
1772 1923 1786 1949 ό
1805 1923 1883 1958 βασι-

1096 1968 1158 2000 λεὺς
1173 1968 1186 1994 ὁ
1201 1968 1362 2003 ἐπουράνιος
1377 1968 1424 1995 καὶ
1436 1969 1562 2004 ἀληθινὸς
1579 1969 1711 2004 γεωργὸς,
1724 1968 1810 1995 ἐλθὼν
1820 1968 1887 2003 πρὸς

1095 2014 1145 2050 τὴν
1161 2015 1351 2050 ἐρημωθεῖσαν
1370 2015 1422 2042 ὑπὸ
1437 2015 1488 2050 τῆς
1503 2016 1603 2047 κακίας
1621 2015 1830 2051 ἁνθρωπότητα,
1847 2015 1888 2040 ἐν-

1096 2059 1247 2095 δυσάμενος
1266 2060 1296 2087 τὸ
1318 2061 1397 2095 σῶμα
1418 2061 1465 2088 καὶ
1489 2061 1526 2093 ὡς
1546 2061 1685 2096 ἐργαλεῖον
1702 2061 1747 2087 τὸν
1770 2060 1886 2095 σταυρὸν

1097 2106 1247 2141 βαστάσας,
1265 2107 1411 2142 εἰργάσατο
1429 2108 1479 2142 τὴν
1494 2107 1596 2143 ἔρημον
1610 2107 1709 2143 ψυχὴν,
1728 2107 1775 2134 καὶ
1792 2107 1887 2134 ἔλαϐεν

1097 2151 1127 2184 ἐξ
1142 2153 1227 2188 αὐτῆς
1246 2152 1293 2184 τὰς
1315 2153 1437 2184 ἀκάνθας
1455 2153 1502 2180 καὶ
1523 2153 1665 2189 τριϐόλους
1685 2153 1739 2179 τῶν
1760 2153 1885 2188 πονηρῶν

1097 2198 1270 2233 πνευμάτων,
1295 2199 1341 2225 καὶ
1358 2199 1392 2225 τά
1409 2199 1517 2231 ζιζάνια
1533 2199 1582 2234 τῆς
1603 2199 1740 2234 ἁμαρτίας
1771 2198 1885 2231 ἑξέτιλε,

256 2248 318 2281 ejus
333 2246 388 2280 igni
402 2245 554 2273 combussit
571 2253 577 2271 :
597 2251 716 2279 eumque
732 2244 772 2271 sic
787 2243 957 2270 exercuisset
972 2243 1045 2270 illam

1099 2244 1147 2271 καὶ
1169 2245 1258 2271 πάντα
1274 2245 1370 2280 χόρτον
1393 2245 1600 2281 ἁμαρτημάτων
1618 2245 1704 2280 αὐτῆς
1735 2245 1804 2280 πυρὶ
1822 2253 1888 2272 κατ-

255 2295 330 2329 ligno
348 2293 450 2324 erucis,
460 2291 593 2328 plantavit
610 2290 638 2317 in
653 2298 685 2317 ea
700 2289 918 2325 pulcherrimum
932 2289 1044 2315 hortum

256 2339 388 2374 Spiritus,
411 2337 501 2364 omnis
520 2336 629 2372 generis
649 2335 842 2363 suavissimum
866 2339 894 2362 et
923 2333 1046 2369 gratissi—

255 2392 330 2412 mum
344 2384 464 2411 fructum
476 2383 532 2410 Deo
548 2381 622 2409 velut
639 2380 754 2408 Domino
766 2380 974 2416 producentem.

290 2476 334 2503 IV.
360 2475 395 2502 Et
413 2474 485 2502 sicut
510 2474 538 2500 in
551 2472 680 2509 [Egyptm
698 2471 798 2500 triduis
811 2471 934 2499 tenebris
956 2471 1045 2502 factis,

254 2529 310 2549 non
324 2521 435 2548 videbat
457 2520 530 2547 ﬁlius
550 2523 666 2554 patrem,
681 2526 731 2546 nec
747 2518 831 2545 frater
851 2517 974 2548 fratrem,
995 2525 1046 2544 nec

255 2567 360 2595 amicus
379 2567 518 2594 sincerum
544 2572 577 2592 ac
599 2572 759 2600 germanum
776 2563 907 2595 amicum,
924 2563 1047 2590 tenebris

256 2612 451 2642 obvelantibus
471 2619 520 2640 eos
547 2619 554 2638 :
583 2611 623 2638 sic
646 2613 792 2645 postquam
816 2609 938 2636 Adamus
955 2613 1046 2636 trans-

255 2667 365 2695 gressus
377 2662 419 2685 est
438 2657 608 2689 mandatum,
625 2660 653 2683 et
667 2664 682 2682 a
698 2655 814 2690 pristina
830 2655 915 2690 gloria
932 2654 1045 2685 excidit.

255 2713 287 2732 ac
305 2704 414 2739 spiritui
436 2703 531 2730 mundi
563 2702 699 2729 obnoxius
725 2706 768 2729 est
795 2701 893 2733 factus,
912 2701 1047 2727 velamine

255 2757 365 2784 quoque
379 2750 555 2777 tenebrarum
570 2748 697 2775 veniente
709 2747 736 2774 in
750 2747 868 2774 animam
879 2747 948 2782 ejus,
962 2746 1048 2781 ipsius

255 2795 347 2829 culpa,
372 2795 415 2823 vel
434 2802 521 2830 usque
540 2794 573 2821 ad
597 2798 766 2829 postremum
783 2793 928 2824 Adamum,
949 2800 1047 2827 nempe

257 2841 415 2874 Dominum,
437 2849 492 2868 non
507 2841 619 2868 videbat
641 2848 738 2867 verum
764 2840 874 2868 Patrem
895 2839 1045 2871 caelestem,

258 2885 358 2914 bonam
383 2895 414 2914 ac
439 2887 586 2922 benignam
611 2892 738 2920 matrem,
761 2886 876 2922 gratiam
907 2885 1045 2921 Spiritus;

1095 2291 1210 2318 έκαυσε·
1231 2292 1278 2319 καὶ
1293 2291 1379 2324 οὕτως
1395 2293 1583 2328 ἐργασάμενος
1601 2292 1687 2326 αὐτὴν
1701 2291 1739 2327 τῷ
1754 2291 1826 2327 ξύλῳ
1839 2290 1885 2318 τοῦ

1096 2336 1224 2372 σταυροῦ,
1236 2338 1384 2372 ἐφύτευσεν
1398 2338 1426 2364 ἐν
1441 2338 1510 2374 αὐτῇ
1523 2338 1568 2364 τὸν
1580 2338 1781 2372 παγκάλλιστον
1795 2338 1886 2372 παρά-

1095 2382 1184 2408 δεισον
1200 2382 1247 2409 τοῦ
1267 2382 1438 2418 Πνεύματος,
1455 2384 1545 2411 πάντα
1559 2383 1666 2419 καρπὸν
1679 2383 1747 2419 ἡδὺν
1764 2383 1812 2410 καὶ
1826 2384 1886 2410 ἐπι-

1096 2427 1216 2463 θυμητὸν
1232 2429 1350 2464 φέροντα
1362 2429 1400 2461 ὡς
1420 2430 1544 2466 Δεσπότῃ
1560 2430 1630 2466 Θεῷ.

1131 2475 1167 2501 Δ’.
1196 2474 1251 2501 Καὶ
1267 2474 1363 2510 ὥσπερ
1385 2476 1414 2502 ἐν
1437 2476 1568 2511 Αἰγύπτῳ
1595 2476 1748 2512 τριημέρου
1777 2475 1888 2506 σκότους

1096 2521 1253 2556 γενομένου,
1268 2522 1319 2549 οὐκ
1343 2521 1456 2548 ἐὸλεπεν
1473 2522 1530 2554 υίὸς
1549 2522 1667 2558 πατέρα,
1690 2522 1752 2549 οὕτε
1774 2521 1888 2555 ἀδελφὸς

1096 2566 1220 2601 ἀδελφὸν,
1234 2566 1296 2593 οὔτε
1317 2567 1393 2601 φίλος
1412 2567 1524 2602 γνήσιον
1539 2568 1632 2602 φίλον,
1648 2568 1696 2594 τοῦ
1714 2567 1826 2599 σκότους
1839 2576 1889 2594 κα-

1097 2612 1229 2648 λύψαντος
1247 2613 1345 2645 αὐτούς
1356 2622 1363 2629 ·
1381 2613 1452 2640 οὕτω
1473 2614 1520 2640 τοῦ
1548 2614 1634 2649 Ἀδὰμ
1653 2613 1827 2649 παραϐάντος
1839 2613 1890 2646 τὴν

1097 2657 1218 2693 ἐντολὴ-ι,
1234 2659 1280 2684 καὶ
1298 2659 1427 2690 πεσόντος
1444 2659 1498 2686 ἀπὸ
1517 2659 1568 2694 τῆς
1587 2659 1723 2695 προτέρας
1738 2659 1826 2694 δόξης,
1841 2659 1890 2685 καλ

1098 2704 1150 2731 ὑπὸ
1169 2704 1199 2730 τὸ
1217 2705 1327 2740 πνεῦμα
1342 2705 1388 2732 τοῦ
1405 2706 1507 2741 κόσμου
1529 2706 1682 2740 γεγονότος,
1702 2705 1750 2731 κα)⁸
1769 2704 1816 2731 τοῦ
1837 2713 1890 2731 κα-

1098 2750 1242 2785 λύμματος
1263 2751 1311 2778 τοῦ
1332 2752 1445 2784 σκότους
1467 2751 1590 2783 ἐλθόντος
1610 2753 1639 2778 ἐν
1659 2753 1692 2787 τῇ
1714 2751 1788 2786 ψυχῇ
1803 2751 1888 2777 αὑτοῦ

1098 2796 1145 2823 ἀπ’
1159 2796 1252 2829 αὑτοῦ,
1266 2797 1313 2824 καὶ
1327 2798 1409 2833 μέχρι
1421 2797 1468 2824 τοῦ
1482 2797 1597 2833 ἐσχάτου
1614 2797 1699 2833 ’Λδὰμ
1711 2797 1757 2824 τοῦ
1772 2797 1887 2832 Κυρίου,

1098 2843 1147 2869 οὐκ
1161 2842 1257 2869 ἔϐλεπε
1274 2843 1320 2870 τὸν
1330 2843 1456 2878 ἀληθινὸν
1470 2844 1581 2880 Πατέρα
1595 2844 1640 2870 τὸν
1653 2844 1823 2880 ἐπουράνιον,
1840 2842 1890 2869 καὶ

1098 2888 1146 2924 τὴν
1159 2888 1264 2925 ἀγαθὴν
1278 2888 1325 2915 καὶ
1334 2889 1456 2926 χρηστὴν
1471 2890 1578 2927 μητέρα
1591 2890 1640 2927 τὴν
1652 2891 1733 2927 χάριν
1745 2890 1790 2918 τοῦ
1802 2888 1890 2917 ΙΙνεύ-
