2078 3151
180 176 234 210 713

752 175 939 209 HOMILUE.
952 191 988 198 υ-
1003 167 1253 209 H0M.XXVIII.'

1763 178 1816 210 ’114

182 242 278 270 ματος,
295 232 343 260 καὶ
362 232 409 260 τὸν
424 231 527 268 γλυκὺν
543 232 590 260 καὶ
610 231 778 268 ποθούμενον
800 234 914 268 ἀδελφὺν
928 233 974 261 τὸν

1031 234 1133 262 iulcem
1150 243 1183 262 ac
1198 233 1385 262 desideratum
1398 234 1522 268 fratrem,
1537 234 1699 268 Dominum;
1712 235 1817 263 amicos

181 280 301 316 Κύριον,
333 279 382 306 καὶ
398 279 462 311 τοὺς
488 278 581 313 φίλους
611 279 658 306 καὶ
682 280 813 316 γνησίους
838 280 973 315 ἀγγέλους

179 327 285 363 ἁγίους,
303 326 363 362 μεθ’
385 322 424 353 ὧν
445 325 539 361 ἔχαιρε
561 325 683 362 χορεύων
705 327 753 353 καὶ
772 326 918 362 ἑορτάζων.
935 327 972 354 Οὐ

182 375 263 409 μόνον
275 373 304 399 δὲ
319 373 372 404 ἕως
384 371 431 399 τοῦ
447 372 563 407 ἐσχάτου
581 372 678 408 Ἀδὰμ,
692 372 749 399 ἀλλ’
759 373 856 400 ἐτικαὶ
872 373 919 400 νῦν
931 374 974 408 ἐφ’

179 420 227 451 οὒς
246 420 298 446 οὐκ
313 418 451 446 ἀνέτειλεν
467 418 482 444 6
497 418 573 454 ἥλιος
588 418 638 453 τῆς
653 418 828 454 δικαιοσύνης
845 418 972 454 Χριστὸς,

181 466 229 493 καὶ
246 461 284 492 ὧν
297 465 349 492 οὐκ
367 465 518 500 ἠνοίγησαν
541 465 565 491 οξ
581 464 631 499 τῆς
651 464 740 500 ψυχῆς
759 465 905 500 ὀφθαλμοὶ,
919 464 974 492 ἀπὸ

180 511 228 538 τοῦ
244 510 373 546 ἀληθινοῦ
387 510 477 544 φωτὸς
488 509 680 545 φωτισθέντες,
693 511 746 538 ὑπὸ
757 511 786 538 τὺ
802 511 868 538 αὐτὸ
879 511 974 543 σκότος

181 555 231 592 τῆς
245 556 387 592 ἁμαρτιας
396 556 437 583 ἔτι
450 556 626 591 τυγχάνουσι,
644 557 695 591 τὴν
709 557 793 592 αὐτὴν
803 557 857 583 τῶν
872 557 975 592 ἡδονῶν

182 602 325 638 ἐνέργειαν
335 601 455 637 ἔχοντες,
472 603 505 637 τῇ
520 603 590 637 αὐτῇ
603 603 636 637 τῇ
651 602 772 638 τιμωρίᾳ
784 602 973 637 ὑποκείμενοι,

182 648 337 684 ὀφθαλμοὺς
357 648 506 684 βλέποντας
518 648 564 675 τὸν
580 648 690 684 Πατέρα
707 648 820 683 μηδέπω
835 648 953 683 ἔχοντες.

220 694 260 722 Ε’.
278 694 364 722 Τοῦτο
375 695 429 729 γὰρ
444 695 548 729 ὀφείλει
560 695 705 728 γινώσκειν
717 695 843 726 ἕκαστος,
853 695 894 721 ὅτι
905 694 975 721 εἰσιν

183 740 319 776 ὀφθαλμοὶ
349 740 483 776 ὲνδότεροι
514 740 662 775 ὀφθαλμῶν
688 740 802 773 τούτων,
828 741 875 767 καὶ
902 740 975 767 ἔστιν

184 787 254 823 ἀκοὴ
277 787 404 822 ὲνδοτέρα
424 787 473 822 τῆς
489 787 575 822 ἀκοῆς
588 786 701 821 ταύτης.
725 786 780 813 Καὶ
794 786 888 821 ὥσπερ
903 782 975 813 οὗτοι

184 834 208 860 οι
223 832 358 868 ὀφθαλμοὶ
373 832 512 867 αἰσθητῶς
538 832 668 867 βλέπουσι
694 833 741 858 καὶ
762 832 922 859 κατανοοῦσι
946 832 976 859 τὸ

185 879 332 914 πρόσωπον
343 877 391 904 τοῦ
408 878 499 913 φίλου,
513 878 529 913 ᾖ
549 877 597 904 τοῦ
613 876 769 912 ἀγαπητοῦ,
784 876 870 909 οὕτως
890 877 937 904 καὶ
951 878 975 904 οἱ

185 913 236 961 τῆς
251 925 330 958 ἀξίας
346 925 393 951 καὶ
407 925 506 959 πιστῆς
523 923 614 959 ψυχῆς
631 923 766 959 ὀφθαλμοὶ
784 924 976 958 πνευματικῶς
993 913 1012 940 Β

187 971 367 1005 φωτισθέντες
384 971 454 1005 φωτὶ
472 970 567 1006 θεῖκῷ,
583 970 712 1005 βλέπουσι
738 970 785 996 καὶ
812 970 975 997 κατανοοῦσι

187 1018 232 1044 τὴν
247 1017 373 1052 ἀληθινὸν
393 1016 479 1051 φίλον,
499 1017 547 1044 καὶ
564 1016 742 1051 γλυκύτατον,
759 1016 807 1042 καὶ
824 1016 977 1050 πολυπόθη-

186 1072 233 1090 τον
246 1063 362 1099 νυμφίον
373 1063 419 1090 τὸν
433 1063 545 1097 Κύριον,
561 1062 812 1097 καταλαμπομένης
825 1062 874 1096 τῆς
888 1061 976 1096 ψυχῆς

187 1109 238 1136 ὑπο
252 1108 300 1135 τοῦ
326 1108 515 1144 προσκυνητοῦ
542 1107 716 1143 Πνεύματος·
743 1108 790 1134 καὶ
816 1108 888 1135 οὕτω
915 1108 976 1143 βλέ-

187 1163 276 1182 πουσα
287 1155 389 1190 νοερῶς
406 1155 436 1181 τὸ
452 1155 620 1190 ἐπιθυμητὸν
633 1154 680 1181 καὶ
698 1154 778 1190 μόνον
793 1155 975 1190 ἀνεκλάλητον

187 1201 284 1233 κάλλος
297 1201 338 1233 εις
358 1200 447 1236 ἔρωτα
465 1201 536 1228 θεῖον
550 1199 745 1236 τιτρώσκεται,
761 1202 807 1228 καὶ
825 1203 864 1233 είς
887 1202 976 1234 πάσας

186 1248 288 1283 ἀρετὰς
298 1247 345 1274 τοῦ
356 1247 515 1282 Πνεύματος
528 1247 733 1279 κατευθύνεται,
747 1247 793 1274 καὶ
806 1246 892 1279 οὕτως
901 1247 978 1283 ἀόρι-

187 1301 248 1320 στον
260 1294 308 1320 καὶ
321 1293 496 1320 ἀνέκλειπτον
512 1293 644 1328 κέκτηται
657 1293 778 1328 ἀγάπην,
793 1292 862 1328 πρὸς
875 1293 919 1319 τὸν
931 1292 978 1319 ὑπ’

187 1339 272 1375 αὐτῆς
288 1338 456 1374 ποθούμενον
478 1338 590 1374 Κύριον.
613 1338 645 1364 Τί
660 1337 750 1365 τοίνυν
771 1337 978 1373 μακαριώτερον

187 1386 234 1419 τῆς
247 1383 333 1411 ἀϊδίου
350 1384 442 1419 φωνῆς
457 1384 566 1419 ἐκείνης
585 1383 722 1416 Ἰωάννου,
744 1383 911 1416 δεικνύοντος
926 1384 979 1420 πρὸ

187 1428 333 1464 ὀφθαλμῶν
346 1429 391 1455 τὸν
411 1428 525 1463 Κύριον,
540 1429 676 1463 λέγοντος,
695 1429 756 1456 Ἴδε
779 1430 796 1456 ὁ
807 1429 903 1463 ἀμνὸς
924 1429 978 1457 τοῦ

188 1475 271 1506 Θεοῦ,
288 1476 305 1501 ὁ
320 1474 412 1509 αἴρων
427 1475 485 1510 τὴν
503 1475 650 1510 ἁμαρτίαν
663 1475 716 1502 τοῦ
730 1476 847 1510 κόσμου
863 1484 874 1508 ;

223 1519 270 1554 ς’.
277 1520 407 1556 Ἀληθῶς,
422 1521 470 1547 Ἐν
479 1520 634 1555 γεννητοῖς
648 1521 798 1555 γυναικῶν
807 1521 904 1555 οὐδεὶς
915 1521 980 1557 μει-

1025 286 1053 308 et
1067 289 1221 316 germanos,
1236 285 1346 308 sanctos
1361 282 1482 317 angelos,
1497 281 1662 316 quibuscum
1679 281 1817 317 gaudebat

1024 327 1180 362 tripudians
1204 330 1232 354 et
1256 326 1325 354 festa
1346 327 1500 355 celebrans.
1522 327 1582 355 Non
1615 328 1703 355 solum
1723 332 1816 355 autent

1026 379 1114 406 usque
1129 372 1162 399 ad
1184 376 1355 406 postremum
1369 371 1521 405 Adamum,
1540 372 1588 401 sed
1606 372 1756 400 etiamnum
1776 373 1816 405 hi,

1027 418 1130 452 quibus
1153 425 1208 445 non
1225 422 1267 445 est
1285 421 1399 445 exortus
1413 418 1454 446 sol
1468 418 1581 453 iustitia:
1595 418 1732 451 Christus,
1749 426 1818 453 quo-

1027 471 1143 498 rumque
1160 464 1233 491 oeuli
1256 464 1354 491 anima:
1370 471 1427 491 non
1449 467 1514 491 sunt
1536 465 1634 499 aperti,
1661 472 1676 492 a
1693 472 1760 491 vero
1777 464 1819 491 lu-

1027 511 1101 538 mine
1118 510 1264 538 illuminati
1291 510 1343 537 sub
1359 509 1456 537 iisdem
1470 509 1562 538 adhuc
1579 510 1685 537 luerent
1697 510 1819 537 tenebris

1026 556 1144 592 peccati,
1155 555 1435 591 eadem-voluptatum
1447 560 1544 591 agente
1558 556 1584 583 vi
1597 555 1715 590 prmditi,
1727 555 1818 583 eidem

1026 602 1163 637 supplicio
1174 602 1303 638 subjecti,
1319 602 1425 635 oculos,
1437 601 1483 638 qui
1496 602 1605 630 Patrem
1617 602 1738 634 videant,
1751 609 1820 629 non-

1028 648 1093 676 dum
1110 649 1263 676 consecuti.

1061 694 1094 722 γλ
1112 695 1169 723 Hoc
1185 695 1260 723 enim
1276 695 1394 730 quilibet
1409 698 1586 730 perspectum
1604 694 1708 721 habere
1725 694 1818 726 debet,

1025 748 1086 769 esse
1104 741 1200 769 oculos
1213 742 1365 770 'intcriorcs
1377 742 1475 769 horum
1489 741 1642 773 oculorum,
1660 745 1688 768 et
1703 741 1821 768 interio-

1026 796 1084 815 rem
1099 788 1224 815 auditum
1248 789 1331 824 hujus
1345 788 1469 816 auditus.
1491 788 1526 816 Et
1540 788 1772 823 quemadmodum
1791 787 1818 814 hi

1027 835 1098 862 oculi
1113 835 1282 863 sensibilitcr
1298 835 1476 870 conspiciunt
1496 843 1528 863 ac
1540 839 1709 870 cognoscunt
1722 834 1819 862 faciem

1028 879 1110 906 amici
1133 884 1181 906 aut
1198 879 1293 907 dilecti
1319 889 1325 905 :
1355 879 1395 907 sic
1410 887 1520 914 quoque
1537 880 1665 914 pretiosa:
1680 887 1711 906 ac
1732 879 1821 906 fidelis

1028 925 1126 952 anima:
1142 925 1215 953 oculi
1230 926 1412 961 spiritualiter
1430 926 1577 953 illuminati
1591 926 1686 953 divino
1701 925 1817 957 lumine,

1029 973 1173 999 intuentur
1192 979 1224 999 ac
1242 976 1412 1007 cognoscunt
1430 980 1528 999 verum
1541 972 1673 1004 amicum,
1688 971 1823 999 suavissi—

1029 1028 1117 1053 mum,
1130 1019 1283 1054 multisque
1299 1019 1373 1046 votis
1386 1018 1572 1046 desideratum
1587 1026 1718 1053 sponsum
1731 1018 1824 1046 Domi—

1028 1074 1106 1099 num,
1119 1072 1147 1094 et
1165 1065 1278 1101 quidem
1302 1065 1457 1092 illuminata
1481 1065 1571 1092 anima
1592 1072 1606 1091 a
1631 1064 1736 1100 Spiritu
1754 1064 1822 1092 ado-

1029 1113 1127 1140 rando.
1144 1111 1211 1145 Quae.
1228 1111 1268 1138 sic
1284 1111 1427 1138 intellectu
1445 1111 1619 1146 conspiciens
1634 1110 1821 1138 desideratam

1027 1167 1060 1186 ac
1074 1159 1160 1186 solam
1176 1156 1386 1185 inenarrabilem
1398 1156 1644 1191 pulchritudinem,
1666 1163 1759 1183 amore
1781 1156 1823 1182 di-

1027 1204 1093 1231 vino
1107 1203 1258 1234 sauciatur,
1284 1205 1367 1236 atque
1390 1201 1424 1228 ad
1447 1208 1543 1228 omnes
1561 1200 1678 1228 virtutes
1701 1201 1821 1235 Spiritus

1028 1247 1168 1283 dirigitur,
1193 1251 1275 1282 atque
1298 1245 1370 1273 adeo
1404 1245 1567 1272 immensam
1600 1249 1628 1272 et
1658 1250 1821 1280 perpetuam

1029 1294 1208 1328 consequitur
1225 1293 1415 1325 dilectionem,
1437 1300 1502 1327 erga
1518 1292 1621 1327 s:epius
1634 1299 1649 1319 a
1669 1299 1698 1319 se
1711 1291 1823 1319 deside-

1030 1342 1120 1366 ratum
1138 1345 1281 1373 sponsum.
1305 1337 1377 1370 Quid
1399 1336 1483 1372 igitur
1501 1337 1610 1364 beatius
1627 1342 1730 1364 acterna
1753 1344 1822 1364 voce

1030 1384 1076 1412 illa
1097 1383 1223 1416 Joannis,
1241 1382 1420 1410 monstrantis
1439 1382 1475 1410 ob
1494 1382 1596 1411 oculos
1613 1382 1773 1414 Dominum,
1789 1390 1822 1410 ac

1029 1430 1147 1458 dicentis
1185 1438 1192 1456 :
1225 1429 1292 1456 Ecce
1318 1424 1406 1464 agnus
1438 1427 1506 1462 Dei,
1540 1428 1585 1463 qui
1615 1427 1684 1455 tollit
1714 1433 1825 1462 peccata

1031 1475 1123 1503 mundi
1137 1475 1158 1492 ⁹¹
1168 1475 1180 1502 ?

1069 1521 1148 1557 112
1167 1520 1210 1549 Vl.
1234 1520 1340 1548 Revera
1365 1522 1435 1548 inter
1462 1525 1539 1548 natos
1569 1520 1710 1547 mulierum
1736 1520 1834 1549 nullus.

188 1566 242 1598 ζων
253 1568 394 1595 Ἰωάννου
402 1567 456 1595 τοῦ
470 1568 651 1595 Βαπτιστοῦ.
662 1568 802 1604 Πλήρωμα
811 1568 864 1604 γὰρ
872 1569 980 1596 πάντων

1033 1568 1122 1604 major
1134 1567 1238 1595 Joanne
1255 1567 1378 1603 Baptista
1389 1567 1423 1593 ".
1437 1566 1678 1602 Complementum
1694 1567 1768 1594 enim
1783 1571 1826 1595 est

189 1613 335 1649 προφητῶν
354 1613 498 1648 τυγχάνει·
521 1613 569 1641 καὶ
591 1614 692 1646 πάντες
720 1615 770 1650 μὲν
805 1615 979 1651 προεφήτευ-

188 1667 238 1685 σαν
261 1659 325 1693 περὶ
349 1658 397 1685 τοῦ
425 1659 538 1694 Κυρίου,
564 1659 684 1694 μήκοθεν
710 1659 878 1692 δεικνύοντες
903 1661 984 1687 αὐτὸν

189 1705 425 1739 παραγινόμενονζ·
437 1704 517 1736 αὐτὸς
531 1703 559 1730 δὲ
578 1704 757 1740 προφητεύων
766 1705 883 1741 περὶτοῦ
892 1706 984 1742 Σωτῆ-

189 1758 246 1785 ρος,
260 1750 380 1777 ἐδείκνυε
404 1751 467 1786 παρ’
483 1750 633 1786 ὀφθαλμοῖς
644 1751 722 1783 πᾶσι,
741 1751 810 1787 βοῶν
824 1753 871 1779 καὶ
884 1753 983 1787 λέγων,

191 1795 252 1823 Ἴδε
266 1797 282 1823 ὁ
296 1795 391 1831 ἀμνὸς
412 1796 464 1823 τοῦ
481 1796 566 1823 Θεοῦ.
584 1796 616 1822 Τί
634 1796 710 1831 ἡδεῖα
723 1797 770 1823 καὶ
783 1797 852 1832 καλὴ
870 1798 887 1832 ἡ
905 1798 981 1834 φωνὴ

189 1841 253 1868 εὐθὺ
262 1841 431 1872 δεικνύοντος
441 1841 471 1868 τὸ
482 1841 527 1869 ὑπ’
541 1840 624 1868 αὐτοῦ
637 1843 839 1877 κηρυσσόμενον
851 1844 857 1870 !
872 1843 984 1874 Μειζων

195 1886 331 1914 Ἰωάννου
357 1886 393 1914 ὲν
413 1887 568 1922 γεννητοῖς
597 1887 748 1922 γυναικῶν
774 1887 891 1922 οὐδείς·
915 1891 932 1916 ό
949 1888 984 1915 δὲ

186 1933 361 1967 μικρότερος
374 1932 410 1960 ὲν
425 1932 466 1967 τῇ
480 1933 625 1967 βασιλείᾳ
639 1933 701 1960 τῶν
715 1934 862 1968 οὐρανῶν,
876 1934 984 1969 μείζων

190 1978 285 2006 αὑτοῦ
307 1978 404 2006 ἐστιν.
429 1979 461 2006 Οἱ
483 1978 585 2006 ἄνωθεν
608 1980 642 2006 ὲκ
660 1979 707 2006 τοῦ
725 1979 791 2006 Θεοῦ
807 1980 983 2015 γεννηθέντες

193 2025 356 2053 ἀπόστολοι·
373 2026 397 2052 οι
414 2025 463 2061 τὴν
484 2025 613 2061 ἀπαρχὴν
635 2025 681 2052 τοῦ
703 2025 881 2061 παρακλήτου
898 2027 983 2053 Πνεῦ-

192 2081 276 2108 ματος
290 2072 418 2104 λαϐόντες
428 2078 437 2087 '
453 2069 528 2099 οὗτοι
548 2072 601 2106 γὰρ
614 2072 791 2099 συνδικασταὶ
805 2072 853 2100 καὶ
868 2073 983 2109 σύνθρο-

190 2128 229 2146 νοι
257 2119 467 2155 κατηξιώθησαν
494 2119 631 2154 γενέσθαι,
661 2115 735 2146 οὗτοι
762 2119 901 2156 λυτρωταὶ
927 2122 983 2148 τῶν

190 2165 340 2202 ἀνθρώπων
362 2165 516 2200 γεγόνασιν.
544 2165 691 2201 Εὑρίσκεις
716 2165 815 2198 αὐτοὺς
841 2166 982 2202 σχίζοντας

192 2211 328 2239 θάλασσαν
340 2211 484 2247 δυνάμεων
494 2212 632 2246 πονηρῶν,
645 2212 693 2238 καὶ
707 2212 887 2247 διαγαγόντας
895 2213 984 2249 ψυχὰς

1033 1614 1155 1642 omnium
1169 1613 1376 1649 prophetarum.
1393 1613 1427 1641 Et
1439 1621 1537 1641 omnes
1548 1613 1662 1648 quidem
1679 1614 1826 1642 vaticinati

1033 1663 1098 1688 sunt
1116 1659 1151 1686 de
1166 1659 1293 1691 Domino,
1317 1659 1413 1694 procul
1436 1663 1623 1686 monstrantes
1645 1667 1710 1686 eum
1729 1664 1828 1689 ventu-

1033 1714 1110 1736 rum.
1124 1706 1184 1741 [pse
1198 1713 1264 1733 vero
1279 1705 1314 1733 de
1325 1705 1467 1733 Salvatore
1483 1706 1663 1740 proplietans,
1681 1714 1828 1734 common-

1033 1753 1140 1781 strabat
1163 1756 1226 1780 ante
1250 1751 1375 1779 omnium
1391 1751 1498 1785 oculos,
1515 1752 1637 1779 clamans
1651 1760 1685 1780 ac
1698 1752 1802 1781 dicens.
1818 1762 1825 1780 :

1032 1798 1100 1826 Ecce
1111 1806 1196 1834 agnus
1210 1797 1258 1824 Dei
1272 1798 1306 1825 ".
1322 1796 1394 1830 Quid
1406 1802 1468 1825 erat
1479 1797 1574 1825 suavis
1587 1805 1619 1825 ac
1633 1798 1762 1832 praeclara
1774 1806 1827 1826 vox

1033 1849 1110 1872 recta
1133 1843 1313 1871 monstrantis
1334 1851 1410 1876 eum,
1429 1851 1512 1878 quem
1534 1844 1721 1878 praedicabat?
1738 1844 1826 1880 Major

1032 1890 1137 1918 Joanne
1153 1891 1222 1917 inter
1234 1898 1277 1917 eos
1296 1890 1341 1925 qui
1361 1894 1507 1917 nascuntur
1517 1898 1530 1917 e
1546 1889 1698 1917 mulieribus
1715 1890 1804 1917 nullus
1817 1900 1826 1923 ;

1033 1936 1078 1971 qui
1094 1939 1182 1962 autem
1207 1936 1292 1962 minor
1310 1939 1349 1962 est
1380 1935 1406 1962 in
1433 1943 1513 1971 regno
1534 1935 1670 1968 calorum,
1690 1936 1777 1971 major
1788 1941 1826 1963 est

1032 1980 1126 2009 illo".
1147 1981 1199 2014 Qui
1222 1981 1342 2016 desuper
1357 1989 1392 2009 ex
1419 1982 1476 2009 Deo
1494 1982 1552 2009 nati
1573 1986 1641 2009 sunt.
1663 1982 1780 2016 apostoli
1799 1988 1827 2010 ct

1033 2027 1173 2063 primitias
1190 2028 1311 2063 Spiritus
1326 2028 1470 2063 paracleti,
1484 2033 1651 2063 acceperunt
1668 2038 1674 2055 :
1696 2029 1723 2055 hi
1739 2029 1827 2063 siqui-

1038 2074 1113 2106 dem,
1139 2078 1169 2101 ut
1185 2081 1240 2100 una
1259 2073 1370 2108 judiees
1392 2077 1497 2105 essent,
1520 2080 1552 2100 ac
1569 2073 1596 2100 in
1616 2073 1713 2100 eodem
1728 2073 1828 2101 throno

1038 2119 1177 2153 sederent,
1189 2119 1266 2155 digni
1285 2119 1404 2154 reputati
1421 2123 1487 2146 sunt
1505 2128 1511 2145 :
1529 2119 1558 2146 hi
1577 2119 1765 2154 redemptores
1778 2119 1828 2146 ho-

1034 2166 1138 2194 minum
1151 2165 1215 2193 facti
1231 2169 1306 2193 sunt.
1324 2165 1436 2192 invenis
1452 2173 1500 2192 eos
1512 2165 1667 2193 dividentes
1680 2173 1755 2193 mare
1768 2173 1828 2201 pra-

1033 2219 1130 2239 varum
1145 2214 1325 2246 potestatum,
1341 2215 1425 2246 atque
1439 2209 1592 2238 educentes
1603 2210 1698 2238 ﬁdeles
1709 2211 1826 2238 animas.

191 2259 380 2291 πιστευούσας.
391 2259 428 2286 Εὐ
432 2259 536 2295 ρίσκεις
543 2258 641 2290 αὐτοὺς
651 2259 791 2293 γεωργοὺς
803 2259 851 2294 τὴν
860 2260 980 2295 ἄμπελον

1037 2257 1149 2286 Iuvenis
1162 2264 1211 2284 eos
1227 2257 1351 2289 colonos,
1368 2256 1478 2284 vineam
1493 2256 1592 2283 animae
1602 2256 1770 2284 excolentcs.
1785 2257 1828 2283 ln-

192 2305 240 2341 τῆς
256 2305 345 2341 ψυχῆς
366 2304 589 2340 ἐργαζομένουςν
611 2304 757 2340 Εὑρίσκεις
776 2305 875 2338 αὐτοὺς
891 2315 982 2342 πιρα-

192 2351 324 2387 νύμφους,
340 2350 528 2387 νυμφεύοντας
537 2350 626 2386 ψυχὰς
643 2351 768 2386 Χριστῷ·
790 2351 984 2387 Ἢρμοο-άμην

193 2397 259 2432 γὰρ,
287 2397 383 2433 φησὶν,
409 2395 500 2432 ὑμᾶς,
517 2396 562 2423 ἐνὶ
590 2396 688 2430 ἀνδρί.
723 2397 867 2433 Εὑρίσκεις
886 2399 984 2432 αὐτοὺς

195 2442 315 2475 διδόντας
330 2442 404 2479 ζωὴν
419 2441 654 2478 τοῖςιᾰνθρώποις·
669 2443 715 2469 καὶ
729 2443 898 2476 ἁπαξαπλῶς
911 2446 985 2481 εὑρί-

195 2497 271 2521 σκεις
287 2489 386 2520 αὐτοὺς
401 2488 566 2524 πολυμερῶς
581 2488 627 2514 καὶ
642 2488 819 2522 πολυτρόπως
832 2489 985 2517 διακονοῦν-

192 2544 242 2567 τας
255 2534 294 2570 τῷ
307 2534 459 2570 Πνεύματι.
480 2532 566 2566 Οὗτος
578 2533 624 2560 οὖν
641 2534 736 2561 ἐστινὸ
747 2536 844 2571 μικρὸς
855 2537 869 2563 ὸ
885 2536 987 2572 μείζων

200 2581 324 2608 Ἰωάννου
336 2580 384 2608 τοῦ
400 2580 566 2610 Βαπτιστοῦ,

228 2627 266 2656 Ζ’.
282 2628 386 2663 Ὠσπερ
416 2629 470 2664 γὰρ
483 2630 497 2655 ὀ
510 2631 632 2666 γεωργδς
662 2630 758 2664 ζεῦγος
774 2629 842 2665 βοῶν
854 2631 988 2666 κατέχων,

195 2673 339 2707 ἐργάζεται
361 2673 412 2708 τὴν
432 2674 483 2708 γῆν
494 2681 501 2688 ·
526 2674 664 2704 τὸναὺτὸν
678 2673 777 2709 τρόπον
799 2673 847 2700 καὶ
861 2673 876 2700 ὁ
889 2673 991 2709 Κύριος

201 2718 315 2754 Ἰησοῦς,
330 2719 344 2746 ό
359 2718 441 2751 καλὸς
456 2720 504 2746 καὶ
519 2720 646 2756 ἀληθινὸς
661 2719 793 2754 γεωργὸς,
809 2718 855 2746 δύο
870 2720 985 2746 ἀποστό-

195 2764 256 2797 λους
271 2765 379 2798 ζεύξας,
396 2766 556 2793 ἀπέστειλεν
572 2767 680 2798 αὐτοὺς,
698 2765 856 2801 μετάύτῶν
871 2764 986 2801 ἐργαζό-

197 2819 276 2846 μενος
284 2812 333 2847 τὴν
349 2812 400 2847 γῆν
411 2811 465 2838 τῶν
476 2813 630 2839 ἀκουόντων
654 2813 700 2838 καὶ
713 2812 742 2838 ἐν
753 2810 866 2846 ἀληθείᾳ
878 2819 986 2837 πιστευ-

196 2857 292 2886 όντων.
306 2857 379 2893 Πλὴν
395 2857 530 2885 καὶτοῦτο
544 2859 631 2885 εἰπεῖν
649 2857 733 2891 ἀξιον,
754 2857 792 2889 ὡς
804 2857 854 2883 οὐκ
869 2858 899 2883 ἐν
915 2857 986 2892 λόγῳ

1036 2302 1114 2329 venis
1149 2309 1198 2330 eos
1231 2301 1454 2337 paranymphos,
1484 2301 1686 2336 desponsantes
1713 2301 1821 2328 animas

1035 2347 1155 2376 Christo.
1178 2347 1309 2382 Despondi
1323 2348 1404 2380 enim,
1419 2347 1520 2382 inquit,
1537 2355 1579 2374 vos
1593 2347 1640 2373 uni
1660 2347 1715 2374 viro
1732 2347 1765 2373 ³⁸.
1783 2347 1827 2373 ln—

1036 2393 1116 2421 venis
1129 2401 1177 2421 eos
1194 2393 1341 2428 largientes
1364 2393 1448 2420 vitam
1469 2392 1642 2424 hominibus,
1658 2396 1686 2419 et
1703 2400 1826 2419 summa-

1038 2439 1087 2466 tim
1101 2438 1208 2466 invenis
1223 2445 1271 2465 eos
1284 2437 1367 2464 variis
1380 2445 1412 2464 ac
1425 2437 1544 2465 diversis
1558 2436 1647 2463 modis
1665 2436 1827 2463 ministran-

1040 2489 1082 2512 tes
1106 2483 1234 2518 Spiritui.
1261 2482 1310 2510 H‘ic
1324 2482 1409 2517 igitur
1427 2486 1470 2510 est
1492 2482 1538 2509 ille
1551 2489 1660 2516 parvus,
1679 2481 1728 2516 qui
1742 2481 1828 2516 major

1037 2535 1079 2559 est
1091 2531 1196 2558 Joanne
1213 2529 1344 2564 Baptista.

1072 2578 1129 2606 νη.
1149 2576 1387 2610 Quemadmodum
1409 2576 1483 2604 enim
1498 2576 1615 2611 agricola
1629 2576 1724 2611 jugum
1743 2575 1826 2602 boum

1039 2626 1161 2661 dirigens
1178 2624 1280 2652 excolit
1293 2627 1396 2650 terram
1415 2631 1422 2649 :
1444 2621 1540 2649 eodem
1555 2629 1665 2656 quoque
1680 2621 1760 2648 modo
1774 2621 1828 2647 Do-

1040 2672 1132 2700 minus
1152 2670 1241 2702 Jcsus,
1266 2669 1413 2704 praeclarus
1434 2676 1466 2696 ac
1488 2676 1569 2695 verus
1588 2667 1717 2702 agricola,
1747 2667 1828 2694 binos

1040 2719 1184 2754 apostolos
1195 2716 1337 2751 eopulans,
1363 2715 1455 2742 emisit
1475 2722 1535 2746 eos,
1550 2722 1612 2754 eum
1632 2713 1685 2740 illis
1700 2713 1829 2740 exeolcns

1039 2770 1141 2793 terram
1155 2763 1326 2792 audientium
1349 2769 1381 2789 ac
1405 2768 1468 2788 vere
1489 2760 1671 2788 credentium.
1693 2759 1828 2787 Caeterum

1041 2811 1094 2838 hoc
1114 2817 1224 2845 quoque
1243 2808 1317 2835 dictu
1341 2807 1454 2842 dignum
1473 2811 1526 2838 cst,
1550 2814 1604 2833 non
1621 2807 1647 2833 in
1663 2806 1722 2833 solo
1743 2806 1831 2833 verbo

1037 2857 1149 2884 auditus
1163 2862 1275 2891 regnent
1292 2853 1349 2885 Dei,
1360 2857 1388 2880 et
1402 2853 1589 2887 apostolorum
1606 2853 1831 2888 praedicationem

231 2905 256 2922 ἰ
272 2905 353 2935 Joan.
372 2906 448 2943 1,29.
485 2907 507 2924 θ’
525 2906 621 2935 Matth.
635 2914 672 2939 xx,
689 2906 732 2933 ll.
766 2905 788 2922 υ³
808 2905 887 2934 Joan.
905 2913 922 2939 ι,
939 2905 983 2933 29.
1024 2905 1046 2921 °"
1067 2905 1162 2932 Matth.
1178 2903 1270 2937 11,1].
1310 2902 1333 2918 ⁸⁸
1354 2901 1375 2929 ιι
1388 2900 1451 2928 Cor.
1467 2908 1505 2934 χι,
1519 2901 1546 2928 9..
