2078 3151
282 165 344 217 7:5

905 187 935 217 S.
954 187 1115 217 MACARII
1134 186 1192 217 A56
1198 187 1298 217 ΥΙἾἹῘ

1864 189 1919 221 716

280 250 358 272 esse.
375 241 458 268 veluti
475 241 498 268 si
516 240 579 274 quis
594 239 705 267 dicendi
722 240 851 269 facultate
864 242 975 276 polleat.
990 247 1073 276 atque

1126 241 1200 276 μόνῳ
1213 241 1299 276 ἀκοῆς
1322 242 1338 277 ὴ
1364 241 1486 277 βασιλεία
1503 241 1550 270 τοῦ
1572 242 1651 276 Θεοῦ,
1669 243 1716 271 καὶ
1735 244 1766 270 τὺ
1781 244 1834 271 τῶν
1848 246 1918 272 ἀπο-

281 287 354 322 apud
368 287 436 313 alios
456 290 582 320 peroret;
608 285 656 313 sed
673 286 701 313 in
726 286 829 314 virtute
853 291 936 322 atque
952 287 1072 313 elIicacia

281 333 402 368 Spiritus
425 339 539 366 regnum
552 331 714 358 consistere.
741 331 804 359 llaec
819 332 893 359 enim
913 332 1073 367 obtigerunt

280 385 392 413 quoque
416 377 601 404 lsraelitarum
618 377 692 409 ﬁliis,
719 378 852 405 continuo
874 377 1073 405 meditantibus

281 424 450 459 Scripturas,
475 427 570 458 utpote
597 423 644 458 qui
670 423 705 450 de
726 424 841 451 Domino
865 423 1072 451 meditationem

280 470 481 504 suscipiebant,
506 470 593 504 ipsam
614 477 679 496 vero
699 469 885 496 hrcreditatem
900 470 963 497 aliis
980 470 1072 498 trade-

280 516 364 543 bant:
382 515 418 542 ita
431 515 478 550 qui
490 523 631 542 sermones
645 515 765 550 Spiritus
777 515 839 542 aliis
851 520 993 547 enarrant,
1007 524 1071 543 cum

282 561 333 595 ipsi
350 561 463 588 verbum
479 560 506 587 in
521 561 622 588 virtute
635 569 689 588 non
704 561 875 595 possideant,
887 561 948 588 aliis
960 561 1072 589 tradunt

282 605 481 633 limreditatem.
498 605 589 632 Gloria
605 606 690 639 Patri,
702 610 730 633 et
746 606 825 639 Filio,
838 611 867 633 et
880 606 995 642 Spiritui
1009 614 1073 634 san-

286 657 331 679 cto
345 651 374 679 in
392 652 502 679 saecula.
520 651 618 679 Amen.

552 803 694 832 ilOMlLlA
713 803 810 833 XXIX.

282 863 389 899 Duplici
414 863 517 890 ratione
533 863 755 899 dispensationem
775 862 869 899 gratim
880 862 913 899 in
926 862 1072 899 genetiui-

1125 287 1227 314 στὸλων
1241 289 1382 323 κήρυγμα,
1397 288 1434 319 ὡς
1449 288 1482 316 ἄν
1495 297 1538 319 τις
1550 288 1628 321 εἰδὼς
1643 289 1741 324 λόγους
1753 290 1800 316 καὶ
1812 291 1918 326 ἑτέροις

1124 333 1348 368 ἐκδιηγούμενος,
1371 333 1429 360 ἀλλ’
1447 334 1476 360 ὲν
1493 334 1607 368 δυνάμει
1626 335 1673 361 καὶ
1689 334 1815 370 ἐνεργείᾳ
1833 335 1919 362 Πνεὺ-

1125 388 1211 414 ματος
1233 380 1250 414 ἡ
1273 378 1398 414 βασιλεία
1416 381 1557 414 τυγχάνει.
1574 379 1668 406 Ταῦτα
1686 381 1741 416 γὰρ
1765 381 1918 407 πεπόνθασι

1124 425 1172 452 καὶ
1190 425 1367 461 Ἰσραηλιτῶν
1376 425 1482 457 παῖδες,
1499 425 1668 460 μελετῶντες
1678 427 1727 458 τὰς
1742 427 1851 462 Γραφάς
1861 428 1916 461 ἀεὶ,

1123 473 1171 498 καὶ
1197 472 1264 507 περὶ
1289 471 1337 498 τοῦ
1356 472 1458 507 Κυρίου
1484 471 1565 507 δῆθεν
1584 472 1633 507 τὴν
1656 466 1772 508 μελέτην
1799 473 1915 508 ἔχοντες,

1123 520 1171 546 καὶ
1184 520 1234 555 τὴν
1249 519 1379 554 ἀλήθειαν
1400 520 1486 555 αὐτὴν
1507 520 1544 555 μὴ
1567 520 1721 555 δεξάμενοι,
1740 521 1845 556 ἑτέροις
1866 521 1917 556 τὴν

1123 565 1209 599 αὐτὴν
1224 565 1407 600 κληρονομίαν
1427 565 1575 593 ἀπέδοντο·
1592 566 1678 597 οὕτως
1700 565 1751 592 καὶ
1772 567 1797 592 οἰ
1820 566 1917 600 λόγους

1122 611 1170 638 τοῦ
1185 611 1344 646 Πνεύματος
1360 611 1535 647 διηγούμενοι
1549 612 1664 647 ἑτέροις,
1683 612 1760 639 αὐτοὶ
1772 613 1818 639 τὸν
1838 613 1917 647 λόγον

1123 658 1153 684 ὲν
1167 657 1282 693 δυνάμει
1302 659 1339 693 μὴ
1362 658 1540 693 κεκτημένοι,
1564 659 1657 690 ἄλλοις
1673 658 1845 686 ἀποδίδονται
1866 659 1916 693 τὴν

1123 702 1320 738 κληρονομίαν.
1335 703 1404 736 Δόξα
1420 704 1518 738 Πατρὶ,
1534 704 1581 731 καὶ
1596 702 1663 740 Υἰῷ,
1680 704 1728 731 καὶ
1745 704 1814 740 ἁγίῳ
1828 705 1916 731 Ilvati-

1125 757 1190 775 υατι
1200 769 1208 781 ,
1227 750 1266 781 εἰς
1278 749 1340 781 τοὺς
1354 749 1467 780 αἰῶνας.
1482 750 1577 785 Ἀμήν.

1418 817 1539 844 ΟΜῙΛΙΔ
1556 817 1621 845 KO'.

1123 871 1204 900 Κατὰ
1217 871 1329 908 δισσρν
1342 872 1522 908 τρόπονντὰς
1537 874 1709 908 οἰκονομίας
1723 873 1779 908 τῆς
1793 873 1914 908 χάριτος

318 896 428 926 ἠιαηωη
451 903 552 925 eIerret
577 897 656 930 Deus,
675 897 775 932 [ructus
798 896 854 931 ejus
871 897 945 932 justo
968 897 1071 932 judicio

319 935 413 948 ειη...,...
427 935 585 948 ..ι-..ηιὶιιι-υ-

1219 896 1260 934 ἷὸ
1271 896 1893 948 ἦιξξοᾳῖἱῆζἀῖὸὲὦέὲὂὲὶιὲἲῖξέἐὲγᾶξεῖἓζ
1898 896 1917 936 ἒ

317 935 414 961 iterum
427 935 596 969 repetiturus.

315 1036 338 1064 1.
359 1036 499 1072 Sapientia
515 1035 576 1068 Dei,
592 1042 656 1062 cum
676 1035 712 1062 sit
738 1034 845 1063 inﬁnita
866 1039 895 1062 et
916 1035 1072 1071 incompre-

283 1083 429 1111 hensibilis
444 1103 452 1116 ,
475 1080 749 1117 incomprehensibili
776 1085 805 1109 et
827 1081 1071 1117 impervestigabili

283 1130 366 1157 modo
381 1129 602 1164 dispensationes
619 1128 712 1164 gratia:
728 1135 795 1163 erga
816 1135 904 1163 genus
920 1128 1071 1156 humanum

281 1175 357 1203 varie
372 1179 493 1207 exercet,
510 1175 544 1202 ad
568 1175 684 1202 liberam
699 1174 808 1202 arbitrii
821 1175 990 1202 voluntatem
1007 1182 1072 1210 pro-

281 1221 412 1254 bandam,
423 1225 454 1248 ut
467 1220 687 1254 manifestentur,
703 1221 749 1256 qui
766 1229 799 1248 ex
815 1225 874 1248 toto
888 1221 971 1248 corde
984 1221 1071 1249 Deum

283 1267 413 1301 diligunt,
440 1271 522 1303 atque
549 1274 631 1294 omne
651 1267 803 1302 perieulum
818 1274 851 1294 ac
871 1267 993 1295 laborem
1012 1269 1072 1304 ejus

282 1321 365 1340 causa
389 1313 538 1340 sustinent.
555 1312 631 1345 Quos
655 1311 730 1339 enim
761 1317 955 1348 prteoccupant
978 1313 1071 1341 chari«

282 1363 385 1392 smata,
408 1366 440 1386 ac
468 1358 587 1393 Spiritus
612 1357 699 1385 sancti
725 1357 808 1391 dona,
827 1359 855 1386 hi
867 1359 1072 1394 quamprimum

283 1409 461 1432 accesserunt
486 1411 548 1431 cum
578 1404 631 1432 ﬁde
653 1408 681 1432 et
699 1405 895 1442 postulatione,
916 1405 1021 1441 absque
1033 1405 1073 1432 la-

236 1458 239 1461 ‘
281 1451 360 1482 bore,
376 1451 475 1478 sudore
489 1455 517 1478 et
534 1450 691 1487 fatigatione
709 1451 847 1479 interdum
865 1451 893 1478 in
906 1451 1009 1478 mundo
1023 1450 1073 1477 de-

282 1502 360 1533 gunt.
369 1497 482 1532 Insuper
493 1497 731 1533 largiturjgratiam
743 1498 816 1525 illam
825 1497 898 1524 Deus
906 1504 962 1523 non
973 1496 1071 1528 otiose,

283 1550 339 1570 non
355 1542 467 1574 frustra,
492 1550 584 1577 neque
609 1542 738 1575 fortuito;
761 1541 810 1569 sed
832 1549 932 1568 arcana
953 1541 1072 1576 quadam

1160 942 1243 978 Θεὸς,
1268 942 1388 978 μέλτλων
1409 942 1465 976 τῆς
1483 942 1579 978 αὐτῆς
1605 942 1794 978 καρποὺς-έν
1813 944 1917 976 δικαίῳ

1158 977 1275 1012 κρίματι
1291 977 1384 1004 πάλιν
1400 977 1573 1011 ἀπαιτῆσαι.

1157 1033 1197 1062 Α’.
1217 1034 1250 1061 Ἦ
1264 1033 1312 1060 τοῦ
1336 1034 1404 1061 Θεοῦ
1430 1035 1511 1069 σοφία
1538 1036 1651 1071 ἄπειρος
1663 1036 1711 1063 καὶ
1725 1036 1917 1072 άκατάληπτος

1122 1080 1199 1113 οὖσα,
1209 1081 1410 1116 ἀκαταλήπτως
1423 1082 1470 1108 καὶ
1485 1081 1694 1117 ἀνεξιχνιάστως
1704 1083 1753 1114 τὰς
1761 1082 1918 1118 οἰκονομίας

1121 1127 1173 1162 τῆς
1189 1127 1299 1164 χάριτος
1316 1129 1357 1160 εἰς
1371 1128 1400 1155 τὸ
1416 1129 1493 1162 γένος
1508 1128 1558 1163 τῆς
1582 1128 1791 1164 ἀνθρωπότητος
1809 1129 1918 1164 ἐξεργά-

1123 1174 1198 1206 ζεται
1215 1174 1360 1207 ποικίλως,
1375 1175 1444 1210 πρὸς
1458 1174 1506 1210 τὴν
1517 1174 1564 1201 τοῦ
1578 1174 1749 1207 αὑτεξουσίου
1766 1174 1917 1211 θελήματος

1121 1219 1286 1253 δοκιμασίαν
1295 1240 1302 1252 ,
1317 1219 1388 1246 ὥστε
1400 1221 1590 1255 φανερωθῆναι
1612 1221 1675 1252 τοὺς
1686 1221 1715 1253 ἐξ
1728 1221 1791 1256 ὅλης
1803 1222 1916 1257 καρδίας

1122 1265 1290 1299 ἀγαπῶντας
1303 1265 1395 1299 αὑτὸν,
1410 1266 1458 1292 καὶ
1474 1266 1564 1293 πάντα
1580 1266 1701 1293 κίνδυνον
1719 1267 1767 1294 καὶ
1778 1267 1858 1294 πόνον
1871 1267 1916 1294 διὰ

1122 1311 1169 1339 τὸν
1182 1312 1248 1339 Θεὸν
1264 1312 1459 1348 ὑπομένοντας.
1473 1310 1524 1345 Οἷς
1540 1313 1588 1348 μὲν
1600 1313 1654 1349 γὰρ
1670 1314 1867 1349 προαπαντῶσι
1881 1316 1916 1341 τὰ

1123 1359 1293 1395 χαρίσματα,
1311 1359 1358 1385 καὶ
1372 1359 1406 1386 τὰ
1421 1358 1468 1385 τοῦ
1487 1359 1565 1393 ἁγίου
1581 1359 1739 1394 Πνεύματος
1751 1359 1915 1395 δωρήματα,

1123 1405 1205 1437 εὐθὺς
1217 1404 1275 1439 ἃμα
1283 1404 1322 1439 τῷ
1331 1403 1489 1439 προσελθεῖν
1504 1405 1572 1440 μετά
1581 1404 1697 1436 πίστεως
1710 1406 1759 1431 καὶ
1769 1406 1914 1440 αἰτήσεως,

1125 1452 1195 1486 ἂνευκ
1206 1451 1338 1486 καμάτων
1356 1451 1404 1477 καὶ
1419 1451 1539 1486 ἱδρώτων
1557 1452 1604 1478 καὶ
1619 1452 1719 1485 πόνων,
1734 1451 1809 1478 ἔστιν
1823 1452 1866 1478 ὅτε
1887 1453 1916 1478 ὲν

1124 1496 1165 1531 τῷ
1177 1497 1272 1531 κόσμῳ
1283 1497 1479 1531 τυγχάνουσιν·
1497 1497 1537 1524 ἔτι
1548 1497 1640 1525 δίδωσι
1655 1498 1705 1532 τὴν
1716 1497 1796 1534 χάριν
1811 1499 1824 1525 ὁ
1838 1498 1916 1531 Θεὸς,

1125 1543 1174 1569 οὐκ
1187 1542 1290 1578 ἀργῶς,
1301 1543 1360 1569 οὐδὲ
1373 1543 1504 1579 ἀκαίρως,
1518 1543 1577 1570 οὐδὲ
1589 1543 1627 1576 ὼς
1640 1543 1746 1580 ἔτυχεν,
1756 1544 1823 1571 ἀλλά
1836 1544 1917 1579 σοφίᾳ.

282 1593 311 1616 et
322 1588 592 1623 incomprehensibili
610 1588 743 1622 sapientia
756 1587 788 1614 ad
802 1587 973 1622 probandum
983 1587 1073 1614 inten-

1124 1590 1177 1616 τινὶ
1192 1589 1305 1625 ἀρρήτῳ
1334 1590 1380 1616 καὶ
1395 1589 1590 1625 ἀκαταλήπτῳ,
1611 1590 1651 1621 εἰς
1667 1591 1698 1617 τὸ
1719 1590 1917 1626 δοκιμασθῆναι

284 1633 387 1660 tionem
402 1640 434 1660 ac
447 1633 562 1660 liberam
585 1632 694 1659 arbitrii
711 1632 880 1659 voluntatem
903 1639 1010 1665 eorum,
1025 1632 1073 1666 qui

283 1679 377 1707 statim
389 1678 510 1705 divinam
527 1678 642 1714 gratiam
658 1683 877 1713 consequuntur,
896 1686 929 1705 an
943 1686 1074 1713 percepe-

284 1726 341 1752 rint
357 1725 538 1757 beneﬁcium,
553 1730 582 1752 et
595 1724 648 1752 sibi
664 1724 812 1760 przestitam
830 1724 1027 1760 benignitatem
1043 1732 1074 1752 ac

284 1770 458 1798 dulcedinem
476 1770 536 1802 Dei,
552 1771 628 1806 juxta
644 1770 850 1804 proportionem
863 1769 957 1804 gratia:
969 1769 1073 1803 absque

284 1817 406 1852 propriis
418 1816 561 1844 laboribus
576 1816 691 1849 oblatae;
708 1823 762 1851 quo
773 1816 848 1850 digni
861 1815 957 1847 habiti,
971 1815 1074 1842 debent

285 1863 417 1896 studium,
444 1870 568 1894 cursum,
587 1867 715 1889 conatum
732 1870 764 1889 ac
779 1862 898 1889 fructum
918 1861 1074 1889 dilectionis

285 1919 301 1938 a
322 1911 464 1938 voluntate
479 1914 507 1937 et
519 1910 661 1945 proposito
685 1910 849 1944 perfectum,
871 1909 1072 1940 demonstrare,

285 1965 317 1984 ac
329 1957 542 1984 retributionem
560 1956 757 1984 charismatum
773 1955 936 1990 rependere,
953 1955 1006 1982 hoc
1020 1959 1072 1987 est,

285 2010 315 2029 se
335 2007 407 2029 totos
422 2001 564 2028 dilectioni
583 2000 691 2028 Domini
711 1999 837 2027 addictos
857 1999 970 2031 dedere,
987 1999 1074 2033 ipsius

287 2049 366 2083 113
379 2048 550 2075 voluntatem
564 2048 648 2074 solam
663 2054 804 2082 peragere,
823 2051 851 2073 et
867 2046 902 2073 ab
919 2046 994 2073 omni
1011 2053 1074 2073 car-

285 2094 341 2120 nali
357 2093 579 2128 concupiscentia
593 2093 704 2127 penitus
721 2091 862 2119 recedere.

320 2180 354 2207 }l.
371 2179 476 2212 Quibus
491 2187 569 2212 vero,
592 2181 717 2215 quamvis
734 2181 898 2208 secesserint
921 2190 935 2209 a
956 2182 1071 2215 mundo,

286 2230 316 2253 et
328 2226 510 2254 renuntiarint
522 2227 588 2254 huic
598 2227 699 2254 saeculo
716 2226 868 2254 secundum
883 2227 1072 2262 Evangelium,

287 2276 370 2306 atque
383 2271 493 2299 assidue
509 2271 535 2299 in
549 2272 757 2299 continuatione
773 2279 898 2306 precum,
909 2273 1017 2308 jejunii,
1033 2273 1076 2300 di~

287 2318 416 2353 ligentiae,
443 2319 665 2353 reliquarumque
696 2319 829 2346 virtutum
859 2319 1073 2354 perseverarint,

286 2374 342 2393 non
359 2366 451 2393 statim
472 2366 545 2393 Dens
559 2365 685 2393 concedit
701 2366 826 2400 gratiam,
844 2366 967 2400 requiem
983 2370 1011 2393 et
1025 2373 1075 2393 ex-

286 2412 463 2439 sultationem
487 2411 611 2446 spiritus,
635 2411 843 2446 longanimitate
857 2419 921 2446 erga
935 2419 983 2439 eos
996 2419 1073 2444 usus,

286 2458 445 2492 donumque
461 2458 583 2485 retinens
595 2466 602 2484 :
618 2465 669 2484 nec
683 2465 793 2492 quoque
807 2456 859 2484 hoc
872 2458 969 2489 otiose,
985 2465 1075 2492 neque

287 2503 489 2539 intempestive,
505 2512 594 2539 neque
607 2503 718 2531 fortuito
733 2503 808 2536 facit,
823 2503 870 2530 sed
886 2509 991 2531 secreta
1007 2512 1075 2538 qua-

287 2549 350 2576 dam
363 2550 496 2584 sapientia
517 2550 552 2577 ad
568 2550 737 2585 probandam
755 2549 835 2577 liberi
853 2550 960 2577 arbitrii
976 2551 1072 2577 volun»

288 2599 384 2626 tatem,
408 2599 440 2622 ut
460 2595 565 2626 videat,
579 2603 614 2622 an
627 2595 736 2622 ﬁdelem
753 2603 786 2622 ac
804 2603 928 2622 veracem
946 2600 1075 2630 reputent

286 2642 372 2669 Deum
390 2661 397 2673 ,
415 2636 462 2676 qui
484 2642 623 2676 pollicitus
648 2642 683 2668 sit
701 2649 730 2669 se
755 2642 883 2669 daturum
908 2642 1074 2677 petentibus,

288 2695 320 2714 ac
337 2687 511 2722 pulsantibus
523 2693 681 2722 aperturum
699 2688 811 2723 januam
826 2688 889 2715 vita:
902 2697 908 2714 :
927 2693 957 2715 ut
972 2689 1077 2723 perspi-

288 2733 343 2760 ciat
363 2741 484 2768 quoque,
497 2741 531 2760 an
553 2734 600 2768 qui
627 2740 691 2760 vere
713 2733 830 2761 credunt
853 2734 937 2761 verbo
954 2742 1016 2767 suo,
1042 2735 1076 2762 ad

289 2779 372 2805 tinent
386 2786 473 2813 usque
488 2779 660 2813 permansuri
679 2779 734 2806 sint
749 2779 776 2805 in
800 2780 880 2814 plena
899 2779 997 2807 ﬁducia
1013 2780 1075 2808 ﬁdei

290 2830 321 2849 ac
343 2823 496 2856 industriae,
524 2824 695 2859 postulantes
725 2832 757 2851 ac
775 2830 931 2859 quaerentes
953 2834 960 2852 ε
984 2833 1076 2853 annon

291 2865 395 2897 atllieti,
410 2871 439 2893 et
456 2868 628 2895 remissiores
642 2868 705 2895 facti
721 2872 892 2901 avertantur,
906 2877 937 2896 ac
950 2869 1076 2897 diﬂiden-

292 2912 335 2937 les
349 2916 378 2939 et
390 2912 567 2948 desperantes
578 2918 764 2948 contemnant,
781 2923 835 2943 non
849 2915 1029 2951 perdurantes
1042 2916 1077 2945 ad

1124 1634 1173 1670 τὴν
1189 1635 1359 1669 προαίρεσιν,
1376 1635 1423 1661 καὶ
1444 1635 1475 1661 τὸ
1492 1635 1666 1669 αὐτεξούσιον
1681 1635 1786 1670 θέλημα
1801 1637 1854 1662 τῶν
1866 1645 1916 1662 τα-

1124 1679 1193 1714 χέως
1210 1679 1391 1714 ἐπιτυχόντων
1408 1679 1458 1714 τῆς
1477 1679 1553 1711 θείας
1568 1680 1688 1715 χάριτος,
1701 1681 1725 1706 εἰ
1739 1681 1851 1715 ᾔσθοντο
1866 1681 1917 1714 τῆς

1124 1725 1297 1759 εὐεργεσίας,
1312 1726 1360 1752 καὶ
1378 1725 1429 1759 τῆς
1442 1726 1510 1760 προς
1523 1726 1621 1758 αὐτοὺς
1636 1727 1786 1761 γενομένης
1798 1727 1916 1762 χρηστῆ-

1123 1780 1204 1807 τητος
1230 1772 1276 1797 καὶ
1289 1771 1459 1807 γλυκύτητος
1472 1772 1518 1798 τοῦ
1531 1773 1611 1805 Θεοῦ,
1627 1773 1697 1799 κατὰ
1711 1773 1857 1807 ἀναλογίαν
1867 1773 1917 1807 τῆς

1124 1818 1189 1845 ἄνευ
1213 1817 1303 1844 πόνων
1328 1818 1399 1844 ἰδίων
1419 1819 1541 1853 χάριτος,
1563 1816 1597 1855 ἧς
1609 1820 1825 1852 καταξιωθέντες
1840 1820 1916 1854 ὀφεί-

1124 1862 1200 1888 λουσι
1226 1862 1352 1898 σπουδὴν,
1374 1863 1421 1889 καὶ
1434 1863 1544 1898 δρόμον,
1569 1865 1616 1891 καὶ
1639 1865 1740 1898 ἀγῶνα,
1755 1865 1802 1891 καὶ
1823 1865 1868 1891 τὸν
1884 1867 1916 1892 ὲκ

1124 1908 1278 1943 θελήματος
1298 1909 1345 1934 καὶ
1362 1910 1550 1944 προαιρέσεως
1567 1910 1677 1945 ἀγάπης
1695 1912 1802 1945 καρπὸν
1816 1911 1916 1937 ἐπιδεί-

1124 1954 1231 1986 ξασθαι,
1253 1954 1301 1980 καὶ
1321 1955 1369 1990 τὴν
1386 1955 1503 1990 ἀμοιϐὴν
1524 1956 1578 1982 τῶν
1599 1957 1777 1992 χαρισμάτων
1798 1958 1916 1983 ἀνταπο-

1123 1999 1226 2032 δοῦναι,
1243 2001 1383 2027 τουτέστιν
1396 2001 1473 2033 ὅλους
1486 2002 1599 2034 ἑαυτοὺς
1614 2003 1732 2035 διδόντες
1743 2004 1867 2035 ὲκδότους
1876 2005 1916 2035 εἰς

1123 2045 1172 2081 τὴν
1186 2046 1232 2072 τοῦ
1247 2047 1349 2081 Κυρίου
1367 2048 1487 2081 ἀγάπην,
1504 2048 1550 2075 καὶ
1566 2049 1596 2074 τὸ
1613 2049 1695 2076 αὑτοῦ
1712 2049 1819 2085 θέλημα
1836 2050 1916 2085 μόνον

1123 2091 1318 2126 ἐπιτελοῦντες,
1332 2093 1378 2119 καὶ
1394 2094 1483 2129 πάσης
1496 2095 1630 2130 σαρκικῆς
1648 2090 1796 2131 ἐπιθυμίας
1806 2096 1918 2128 τελείως

1123 2137 1330 2172 ἀναχωροῦντες
1336 2157 1342 2166 .

1159 2183 1196 2209 Β¹.
1211 2181 1257 2215 Οἷς
1272 2183 1299 2210 δὲ
1316 2185 1360 2210 καὶ
1374 2185 1567 2221 ἀναχωρήσασι
1578 2187 1625 2214 τοῦ
1641 2187 1753 2222 κόσμου,
1773 2189 1820 2214 καὶ
1831 2189 1915 2224 ἀρνη-

1124 2230 1251 2264 σαμένοις
1263 2230 1309 2256 τὸν
1324 2231 1409 2258 αἰῶνα
1420 2231 1513 2258 τοῦτον
1527 2234 1598 2260 κατά
1610 2234 1640 2260 τὺ
1648 2234 1824 2268 Εὑαγγέλιον,
1833 2235 1878 2260 καὶ
1887 2235 1917 2261 ἐν

1094 2281 1114 2306 ι)
1131 2276 1214 2311 πολλῇ
1226 2277 1462 2312 προσκαρτερήσει
1475 2278 1558 2314 εὐχῆς
1569 2279 1615 2305 καὶ
1629 2280 1765 2314 νηστείας,
1774 2280 1821 2306 καὶ
1833 2288 1916 2305 σπου-

1126 2321 1178 2356 δῆς
1188 2321 1235 2348 καὶ
1249 2321 1302 2348 τῶν
1310 2321 1412 2348 λοιπῶν
1421 2323 1527 2358 ἀρετῶν
1543 2324 1732 2359 τυγχάνουσιν,
1745 2325 1794 2351 οὐκ
1809 2325 1889 2355 εὐθὺς
1902 2326 1918 2352 ὁ

1126 2367 1192 2398 Θεὸς
1204 2367 1296 2393 δίδωσι
1310 2367 1360 2403 τὴν
1368 2368 1447 2403 χάριν
1467 2369 1514 2395 καὶ
1522 2369 1571 2404 τὴν
1587 2370 1751 2401 ἀνάπαυσιν,
1770 2370 1817 2397 καὶ
1832 2371 1917 2404 ἀγαλε

1125 2413 1214 2440 λίασιν
1223 2413 1269 2439 τοῦ
1277 2413 1345 2440 Πνεύ
1351 2423 1445 2448 ματος,
1458 2415 1644 2450 μακροθυμῶν
1652 2417 1695 2442 ἐπ’
1708 2417 1800 2448 αὐτοῖς
1813 2417 1859 2443 καὶ
1866 2417 1917 2451 τὴν

1125 2460 1229 2494 δωρεὰν
1244 2459 1360 2494 ἐπέχων,
1379 2460 1433 2486 Καὶ
1442 2460 1521 2487 τοῦτο
1531 2462 1581 2488 οὐκ
1595 2462 1700 2497 ἀργῶς,
1709 2462 1771 2489 οὐδὲ
1781 2463 1915 2497 ἀκαίρως,

1126 2506 1186 2532 οὐδὲ
1201 2506 1237 2537 ὡς
1253 2506 1357 2541 έτυχεν,
1371 2506 1439 2533 ἀλλὰ
1457 2507 1537 2542 σοφίᾳ
1553 2507 1607 2534 τινὶ
1624 2509 1736 2544 ἀρρήτῳ
1749 2509 1788 2541 εἰς
1803 2509 1917 2544 δοκιμα-

1128 2552 1189 2578 σίαν
1205 2551 1251 2578 τοῦ
1266 2552 1441 2584 αὐτεξουσὶου
1455 2553 1617 2589 θελήματος,
1632 2554 1679 2580 τοῦ
1692 2555 1766 2588 ἰδεῖν,
1782 2555 1806 2581 εἰ
1822 2555 1917 2581 πιστὸν

1128 2597 1175 2624 καὶ
1189 2597 1275 2632 ἀληθῆ
1288 2598 1407 2633 ἥγηνται
1420 2599 1465 2625 τὸν
1477 2599 1544 2626 Θεὸν
1557 2600 1603 2627 τὸν
1617 2601 1852 2635 ἐπαγγειλάμενον
1862 2603 1918 2633 τοῖς

1127 2643 1233 2670 αἰτοῦσι
1255 2644 1365 2677 διδόναι,
1387 2645 1435 2672 καὶ
1454 2647 1510 2678 τοῖς
1533 2646 1678 2681 κρούουσιν
1698 2647 1816 2681 ἀνοίγειν
1832 2647 1917 2682 θύραν

1128 2689 1212 2724 ζωῆς,
1232 2690 1278 2717 τοῦ
1298 2691 1361 2717 ἰδεῖν
1384 2692 1431 2718 καὶ
1456 2693 1656 2725 πιστεύσαντας
1683 2693 1711 2725 ἐξ
1725 2693 1852 2729 ἀληθείας
1877 2693 1918 2728 τῷ

1127 2734 1198 2770 λόγῳ
1211 2735 1305 2768 αὐτοῦ,
1321 2736 1346 2763 εἰ
1366 2736 1418 2768 ἕως
1439 2738 1532 2770 τέλους
1549 2739 1753 2774 παραμένουσιν
1769 2740 1798 2765 ὲν
1814 2740 1917 2775 πληρο-

1128 2780 1210 2816 φορίᾳ
1220 2781 1339 2814 πίστεως
1352 2783 1400 2808 καὶ
1414 2784 1544 2818 σπουδῆς,
1554 2785 1691 2817 αἰτοῦντες
1703 2786 1750 2811 καὶ
1761 2785 1916 2820 ζητοῦντες,

1128 2827 1152 2852 εἰ
1168 2827 1205 2862 μὴ
1219 2830 1456 2863 περικακήσαντες
1477 2831 1525 2856 καὶ
1548 2831 1756 2863 ὑποστείλαντες
1775 2833 1916 2866 ἀποστρα-

1129 2872 1211 2906 φῶσι,
1227 2873 1274 2900 καὶ
1291 2875 1491 2910 ἀπιστήσαντες
1508 2877 1554 2903 καὶ
1567 2877 1767 2909 ἀπελπίσαντες
1784 2877 1918 2911 ὀλιγωρή-

1131 2927 1208 2952 amet,
1223 2919 1260 2955 μὴ
1276 2920 1316 2952 εἰς
1330 2920 1405 2952 τέλος
1419 2920 1615 2956 ὑπομείναντες
1633 2923 1677 2950 διὰ
1692 2922 1743 2958 τὴν
1758 2922 1917 2958 παραϐολὴν
