2079 3152
196 171 247 203 717

788 173 971 204 HOMlLI/E.
987 185 1021 190 —
1037 173 1130 204 HOM.
1147 173 1255 203 XXIX.

1768 169 1829 203 718’

198 228 245 255 τοῦ
272 227 381 263 χρόνου,
399 226 491 253 καὶτὸ
510 227 656 263 δοκιμάσαι
681 227 711 254 τὸ
737 227 841 263 θέλημα
865 229 912 255 καὶ
938 229 987 264 τὴν

1040 229 1120 256 ﬁnem
1144 236 1232 263 usque
1259 233 1372 263 propter
1392 228 1610 264 interjectionem
1634 227 1776 263 temporis,
1790 237 1822 256 ac

198 274 369 309 προαίρεσιν.

233 319 270 345 Γ’.
293 318 322 345 Ὁ
338 317 392 354 γὰρ
410 318 446 354 μὴ
462 318 555 353 τάχιον
576 318 734 353 λαμϐάνων,
759 319 802 346 διὰ
823 320 873 354 τῆς
890 319 986 347 ἀναϐο-

198 366 248 400 λῆς
262 365 308 392 καὶ
325 364 516 400 μακροθυμίας
530 364 576 391 τοῦ
591 364 658 391 Θεοῦ
679 365 761 391 πλέον
775 365 926 397 ἑκκαίεται,
938 366 986 392 καὶ

198 412 280 439 πλέον
296 411 422 447 ὀρέγεται
446 412 500 437 τῶν
523 411 656 446 οὐρανίων
672 412 794 445 ἀγαθῶν,
812 413 859 438 καὶ
876 412 987 440 πλείονα

198 459 281 485 πόθον
294 459 342 484 καὶ
354 457 483 492 σπουδὴν,
495 457 542 484 καὶ
552 457 651 493 δρόμον
663 457 709 484 καὶΙ
721 457 825 492 ἀγῶνα,
837 458 884 484 καὶ
896 459 985 485 πᾶσαν

198 504 297 538 ἀρετῆς
319 503 497 535 κατάστασιν,
515 502 563 529 καὶ
587 504 692 535 πεῖναν,
717 503 765 530 καὶ
787 503 877 537 δίψαν,
892 504 932 535 είς
956 504 986 530 τὸ

199 550 300 584 ἀγαθὸν
315 549 451 584 ὁσημέραι
474 549 647 584 προστίθησι,
674 549 711 585 μὴ
729 550 913 585 χαυνούμενος
934 551 986 577 ὑπὸ

198 596 253 623 τῶν
269 597 317 630 τῆς
344 595 443 627 κακίας
460 595 598 630 λογισμῶν
617 595 671 622 τῶν
691 596 823 622 συνόντων
846 598 878 632 τῇ
900 596 985 632 ψυχῇ,

200 642 247 669 καὶ
262 643 300 673 είς
314 641 472 676 ὀλιγωρίαν,
495 641 542 667 καὶ
562 641 792 677 ἀνυπομονησίαν,
810 641 857 669 καὶ
871 642 987 669 ἀπελπι-

201 687 268 722 σμδν
283 686 494 721 ἐκτρεπόμενος,
511 686 527 721 ἢ
543 686 626 714 πάλιν
642 687 778 722 προφάσει
796 687 988 722 μακροθυμίας

200 734 240 764 εἰς
253 732 389 768 χαύνωσιν
406 731 503 758 ἑαυτὸν
512 732 642 768 ὲπιδώσῃ,
658 732 780 767 λογισμῷ
793 733 905 768 τοιούτῳ
915 733 987 768 χρώ-

202 778 330 814 μενος,ὠς
341 779 381 805 ὅτι
400 778 470 805 Ὅτε
484 778 596 811 δήποτε
607 779 748 812 λαμϐάνω
759 778 817 813 τὴν
831 779 919 813 χάριν
934 779 987 806 τοῦ

202 823 296 856 Θεοῦ;
309 823 458 850 κάντεῦθεν
471 824 512 855 εὶς
526 823 657 857 ἀμέλειαν
671 823 723 850 ὑπὸ
737 823 786 858 τῆς
803 825 903 855 κακίας
919 824 987 851 ὑπο-

201 871 394 906 κλεπτόμενος.
417 870 487 896 Ἀλλ’
504 870 547 904 ἐφ’
559 870 621 897 ὅσον
633 871 713 902 αὐτὸς
728 871 742 897 ὁ
762 870 863 905 Κύριος
879 871 923 897 διὰ
937 870 988 905 τῆς

200 916 337 950 ἀναϐολῆς
366 914 539 952 μακροθυμεῖ
566 917 609 943 ἐπ’
633 916 724 951 αὐτῷ,
753 916 907 951 δοκιμάζων
937 916 986 952 τὴν

201 962 292 988 πίστιν
309 962 357 988 καὶ
372 962 422 996 τὴν
439 962 554 996 ἀγάπην
563 960 609 988 τοῦ
628 960 782 996 θελήματος
798 961 891 992 αὑτοῦ,
907 962 988 993 αὐτὸς

200 1008 345 1043 ὀξυτέρως,
360 1008 406 1034 καὶ
418 1007 632 1041 ὲκτιονεστέρως,
646 1007 693 1033 καὶ
704 1006 846 1040 ἁνενδεῶς,
862 1007 907 1034 καὶ¹
919 1008 988 1033 ἀπε-

203 1054 360 1088 ρικακὴτως
385 1053 488 1087 ὀφείλει
507 1053 599 1087 ζητεῖν
626 1053 675 1088 τὴν
703 1053 808 1088 δωρεὰν
833 1053 880 1080 τοῦ
908 1053 987 1086 Θεοῦ,

201 1098 275 1132 ἅπαξ
302 1098 494 1129 πεπιστευκὼς
517 1099 564 1124 καὶ
590 1098 802 1133 πληροφορήσας
826 1099 931 1132 ἑαυτὸν,
947 1100 988 1126 ὅτι

204 1145 270 1175 est;
284 1144 402 1179 ἀψευδὴς
426 1145 473 1171 καὶ
494 1144 620 1179 ἀληθινός
646 1145 731 1177 ἐστιν,
755 1144 989 1180 ἐπαγγειλάμενος

204 1190 303 1217 διδόναι
318 1192 374 1222 τοῖς
391 1189 460 1224 μετά
479 1189 597 1221 πίστεως
613 1189 719 1216 αἰτοῦσι
739 1190 787 1225 τὴν
805 1190 886 1226 χάριν
905 1189 988 1217 αὐτοῦ

200 1235 254 1267 ῐως
265 1235 369 1268 τέλους,
385 1235 415 1261 ἐν
431 1235 506 1271 πάσῃ
521 1235 655 1270 ὑπομονῇ.

235 1282 272 1306 Δ¹.
296 1281 362 1311 Ταῖς
376 1281 430 1315 γὰρ
447 1282 558 1312 πισταῖς
578 1280 679 1315 ψυχαῖς
702 1281 798 1313 πιστὸς
819 1281 866 1308 καὶ
885 1281 987 1317 ἀληθὴς

205 1327 308 1361 ἡγεῖται
318 1327 332 1352 ό
348 1326 423 1359 Θεὸς,
439 1327 486 1352 καὶ
501 1327 671 1361 ὲσφράγισαν
684 1327 724 1353 ὅτι
740 1327 843 1362 ἀληθής
856 1328 924 1360 ἐστι,
937 1337 989 1355 και·

200 1372 234 1399 τὰ
247 1372 293 1398 τὸν
310 1372 396 1408 ἀληθῆ
413 1372 501 1406 λόγον.
511 1372 677 1404 Ἀκολούθως
692 1372 737 1399 οὖν
751 1375 783 1408 τῇ
801 1374 988 1410 προειρημένῃ

200 1421 251 1455 τῆς
271 1420 389 1450 πίστεως
409 1419 498 1454 ἐννοίᾳ
517 1419 711 1454 ἀνακρίνουσιν
733 1420 842 1452 ἑαυτὰς,
869 1421 898 1446 ἐν
917 1421 989 1447 τίσιν

201 1465 345 1499 ὒστεροῦσι
366 1465 397 1492 τὺ
423 1466 486 1491 ὅσον
509 1465 539 1498 ἐξ
553 1465 685 1500 αὐτῶν,ἢ
713 1466 828 1501 πόνῳνῆ
851 1467 948 1500 ἀγῶνι,
972 1467 987 1501 ἢ

202 1510 313 1546 σπουδῇ,
331 1510 348 1546 ἦ
363 1511 464 1543 πίστει,
480 1511 497 1546 ἢ
511 1511 615 1547 ἀγάπῃ,
632 1510 648 1545 ἢ
662 1512 694 1546 τῇ
716 1511 793 1547 λοιπῇ
813 1511 868 1538 τῶν
884 1512 989 1547 ἀρετῶν

1036 274 1227 310 probationem
1243 274 1395 302 voluntatis
1409 279 1438 301 et
1453 273 1596 309 propositi.

1071 321 1116 348 lll.
1145 320 1196 353 Qui
1220 321 1294 348 enim
1317 328 1373 347 non
1402 321 1546 348 confestim
1576 320 1685 355 accipit,
1710 324 1822 355 propter

1036 365 1195 393 dilationem
1220 373 1253 393 ac
1277 365 1510 400 longanitnitatem
1537 365 1596 398 Dei,
1615 365 1756 393 ardentius
1773 372 1821 392 ac-

1036 411 1172 443 cenditur,
1197 411 1443 446 vehementiusque
1462 412 1567 446 appetit
1588 411 1711 438 coelestia
1736 411 1820 444 bona,

1039 462 1121 492 atque
1135 458 1222 493 majus
1240 458 1418 490 desiderium,
1439 458 1574 490 studium,
1592 466 1713 490 cursum,
1731 463 1821 485 certa-

1036 511 1110 536 men,
1122 511 1230 531 omnetn
1246 504 1356 531 virtutis
1375 509 1487 537 statum,
1510 503 1628 530 esuriem
1644 508 1672 531 et
1692 503 1765 531 sitim
1787 502 1822 530 ad

1035 549 1138 576 bonum
1155 549 1277 583 quotidie
1301 549 1425 584 apponit,
1454 556 1511 576 non
1538 548 1628 576 factus
1649 549 1789 576 remissior
1805 556 1822 575 a

1037 594 1139 621 malitia
1148 594 1344 629 cogitationum
1355 593 1664 625 animaeinhaarentium,
1676 597 1704 621 et
1715 593 1744 620 in
1757 600 1823 620 con-

1038 645 1182 675 temptum,
1200 640 1397 675 impalicntiam
1415 648 1448 667 ac
1467 639 1687 674 desperationem
1707 646 1822 666 conver-

1037 693 1084 713 sus
1096 695 1103 713 :
1115 690 1163 712 aut
1179 689 1285 719 contra,
1301 690 1434 720 prwtextu
1449 684 1674 721 longanimitatis,
1689 684 1824 712 socordia:

1039 738 1068 758 se
1080 731 1169 766 ipsum
1177 731 1269 763 dedat,
1276 732 1328 759 hac
1337 732 1501 767 cogitatione
1510 739 1702 765 usus,nempe,
1712 730 1823 763 Quando

1038 785 1184 812 consequar
1200 778 1315 812 gratiam
1327 777 1394 804 Dei?
1408 777 1472 804 inde
1484 777 1518 804 ad
1533 776 1725 812 negligentiam
1735 784 1750 803 a
1764 784 1823 802 ma-

1038 823 1097 850 litia
1123 823 1283 858 subreptus.
1308 823 1344 850 At
1368 831 1434 850 vero
1459 827 1562 858 quanto
1582 822 1668 857 magis
1691 822 1824 849 Dominus

1039 871 1096 905 ipse
1109 869 1261 897 diﬁ‘erendo
1277 869 1463 904 longanimum
1481 877 1510 896 se
1531 872 1643 904 praestat
1663 875 1725 902 erga
1748 874 1823 899 eum,

1039 915 1198 943 examinans
1218 915 1298 942 ﬁdem
1319 923 1350 941 ac
1372 914 1548 941 dilectionem
1571 912 1721 940 voluntatis
1744 912 1824 946 ejus;

1039 965 1117 989 tanto
1133 962 1234 994 acrius,
1254 965 1331 988 tanto
1344 960 1514 996 diligentius,
1532 960 1672 987 irremisse
1697 966 1729 986 ac
1745 958 1824 985 inde-

1039 1008 1216 1043 fatigabiliter
1230 1008 1371 1042 inquirere
1384 1007 1466 1034 debet
1480 1006 1582 1033 donum
1597 1006 1656 1036 Dei,
1670 1005 1755 1032 semel
1766 1011 1827 1031 cre-

1038 1054 1116 1087 dens,
1131 1062 1163 1082 ac
1174 1059 1249 1082 certa
1264 1053 1362 1081 ﬁducia
1376 1053 1428 1080 sibi
1444 1052 1612 1088 persuadens
1636 1052 1720 1078 Deum
1747 1057 1826 1076 men-
1848 1043 1850 1049 ’

1039 1098 1111 1126 dacii
1133 1102 1274 1133 expertem
1291 1105 1323 1125 ac
1341 1104 1468 1124 veraeem
1487 1103 1559 1127 esse,
1581 1095 1627 1130 qui
1643 1095 1768 1130 promisit
1794 1101 1823 1120 se

1039 1144 1166 1172 datttrum
1195 1144 1309 1179 gratiam
1334 1151 1410 1171 suam
1437 1143 1466 1169 in
1494 1142 1546 1169 ﬁde
1569 1149 1630 1169 eam
1656 1141 1825 1176 petentibus,

1039 1197 1128 1225 usque
1139 1190 1174 1217 ad
1191 1190 1273 1218 tinem
1287 1197 1350 1216 cum
1368 1187 1443 1216 omni
1459 1187 1601 1223 patientia.

1074 1277 1118 1305 IV.
1141 1277 1249 1304 Fideles
1262 1276 1336 1304 cnim
1350 1275 1448 1303 anima:
1463 1275 1570 1302 ﬁdelem
1585 1281 1618 1302 ac
1632 1281 1755 1302 veracem
1769 1273 1828 1301 cxi-

1039 1324 1152 1351 stimant
1166 1323 1274 1355 Deum,.
1285 1326 1309 1349 et
1330 1322 1543 1357 obsignaverunt,
1560 1320 1628 1355 quod
1642 1327 1722 1347 vorax
1737 1320 1772 1346 sit
1790 1318 1825 1350 ’⁵,

1039 1374 1071 1397 ut
1082 1376 1164 1397 verus
1175 1376 1267 1396 sermo
1281 1367 1421 1403 perhibet.
1441 1367 1647 1401 Consequenter
1658 1365 1741 1401 igitur
1749 1365 1826 1400 juxta

1039 1415 1196 1450 praedictam
1218 1413 1281 1441 ﬁdei
1306 1413 1432 1440 notitiam
1445 1412 1597 1447 diiudicant
1615 1419 1644 1438 sc
1659 1411 1742 1445 ipsas,
1757 1418 1827 1445 qua-

1041 1469 1102 1488 rum
1119 1468 1211 1488 rerum
1237 1459 1358 1495 inopiam
1379 1459 1530 1494 patiantur,
1552 1462 1684 1493 quantum
1699 1461 1824 1491 possunt.

1041 1507 1098 1534 sive
1115 1506 1221 1538 labore,
1236 1507 1293 1533 sive
1317 1505 1478 1536 certamine,
1500 1503 1557 1531 sive
1572 1503 1673 1534 studio,
1688 1503 1745 1529 sive
1762 1502 1826 1532 lidc,

201 1557 367 1583 καταστάσει
377 1565 384 1572 ’
399 1557 446 1583 καὶ
456 1557 687 1592 ἀνακρίνουσαιέν
700 1557 774 1593 πάσῃ
795 1558 923 1594 ἀκριϐείᾳ
948 1558 988 1584 λε-

1042 1552 1099 1579 sive
1112 1551 1270 1581 dilectione,
1286 1551 1344 1578 sive
1357 1550 1462 1585 reliqua
1482 1549 1616 1577 virtutum
1631 1548 1689 1575 acie
1707 1557 1712 1574 :
1728 1551 1756 1574 ct
1779 1547 1825 1574 ubi

202 1603 343 1636 πτότητος,
361 1603 508 1637 βιάζονται,
533 1605 581 1639 ὅση
606 1604 731 1638 δύναμις.
743 1605 789 1630 καὶ
804 1604 935 1639 ἄγχουσιν
950 1606 990 1636 εἰς

200 1649 251 1683 τὴν
266 1649 444 1684 εὐαρέστησιν
461 1649 508 1676 τοῦ
522 1651 636 1686 Κυρίου,
653 1649 726 1682 ἅπαξ
742 1649 933 1682 πιστεύσασαι,
949 1650 990 1676 Ιῑτι

201 1696 215 1721 ὁ
232 1695 296 1726 Θεὸς
310 1695 412 1730 ἀληθὴς
434 1696 471 1722 ὢν
484 1696 514 1722 οὐ
538 1697 664 1731 στερήσει
691 1697 739 1729 τῆς
761 1696 807 1722 τοῦ
832 1694 989 1730 Πνεύματος

201 1741 306 1776 δωρεᾶς
322 1742 417 1774 αὐτὰς,
435 1743 458 1768 εί
475 1742 682 1777 παραμείνιιισιν
702 1742 755 1773 ἓως
771 1742 865 1773 τέλους
887 1741 927 1773 είς
941 1740 991 1777 τὴν

201 1790 270 1821 πρὸς
284 1788 366 1814 αὐτὸν
381 1787 424 1814 διὰ
438 1788 528 1823 πάσης
549 1788 667 1822 σπουδῆς
684 1787 811 1822 λατρείαν
828 1787 874 1814 καὶ
888 1787 990 1822 ἀναμο-

201 1834 260 1868 νὴν,
278 1833 346 1860 ἀλλά
366 1833 619 1868 καταξιωθήσονται
641 1834 691 1869 τῆς
714 1833 841 1869 οὐρανίου
867 1834 988 1868 χάριτος,

202 1879 240 1911 ὡς
255 1879 295 1905 ἔτι
310 1881 338 1906 ὲν
350 1880 431 1915 σαρκὶ
446 1880 639 1915 τυγχάνουσαι,
660 1880 708 1906 καὶ
724 1880 774 1914 τῆς
788 1880 898 1906 αἰωνίου
917 1878 990 1914 ζωῆς

201 1925 352 1958 τεύξονται.

237 2012 275 2041 E'.
293 2013 349 2041 Καὶ
372 2013 460 2046 οὕτως
481 2014 603 2041 κινοῦσιν
625 2015 689 2050 ὃλην
708 2013 757 2050 τῆν
774 2014 885 2049 ἀγάπην
899 2013 990 2040 αὐτῶν

202 2061 271 2097 ιπρὸς
287 2061 333 2087 τὸν
357 2060 469 2096 Κύριον,
496 2062 686 2097 ἀρνησάμεναι
710 2061 812 2092 πάντα,
837 2061 885 2087 καὶ
908 2060 991 2086 αὑτὸν

204 2107 284 2142 μόνον
300 2108 329 2133 ὲν
343 2107 426 2143 πολλῇ
443 2107 587 2142 ἐπιθυμίᾳ,
602 2107 649 2134 καὶ
664 2107 743 2141 πείνῃ
752 2107 798 2133 καὶ
814 2106 885 2140 δίψει
904 2114 991 2140 προσ-

201 2153 331 2185 δοκῶσαι,
355 2154 401 2180 καὶ
427 2154 477 2189 τὴν
502 2153 655 2180 ἀνάπαυσιν
677 2154 725 2180 καὶ
744 2152 919 2187 παράκλησιν
941 2152 991 2187 τῆς

202 2199 311 2235 χάριτος
328 2199 504 2235 ἐκδεχόμεναι
521 2200 636 2226 πάντοτε
655 2199 702 2225 καὶ
715 2199 761 2225 ἐπὶ
778 2199 872 2234 μηδενὶ
888 2199 985 2225 τούτου

202 2246 249 2273 τοῦ
262 2247 366 2280 κίσμου
382 2245 637 2281 παρακαλούμεναι,
650 2245 696 2272 καλ¹
711 2245 929 2279 ἀναπαυόμεναι,
943 2245 990 2271 καὶ

202 2292 385 2328 δεσμούμεναι
410 2292 556 2323 ἑκουσίως·
582 2291 649 2318 ἀλλά
665 2292 781 2318 πάντοτε
808 2292 865 2322 τοῖς
888 2291 990 2323 ὑλικοῖς

203 2339 343 2373 λογισμοῖς
369 2338 570 2372 ἀντιλέγουσαι,
592 2337 641 2373 τὴν
653 2337 700 2364 τοῦ
722 2336 790 2364 Θεοῦ
805 2336 930 2374 βοήθειαν
943 2337 990 2363 καὶ

202 2385 343 2420 ἀντίληψιν
367 2385 447 2420 μόνον
467 2383 665 2419 προσδοκῶσιν,
682 2383 763 2410 ὁπότε
781 2384 842 2414 ταῖς
863 2383 990 2418 τοιαύτην

179 2431 184 2437 “
204 2431 322 2467 σπουδὴν
333 2431 381 2458 καὶ
395 2431 556 2466 προαίρεσιν
569 2431 616 2457 καὶ
628 2429 766 2466 ὑπομονὴν
777 2429 991 2465 ἀναδεχομὲναις

202 2478 301 2513 ψυχαῖς
320 2477 402 2508 αὐτὸς
417 2477 432 2503 ὁ
455 2476 557 2511 Κύριος
568 2476 627 2511 ξῆδη
651 2475 780 2511 κρυπτῶς
801 2474 919 2506 σύνεστι,
942 2474 990 2500 καὶ

204 2524 306 2560 βοηθεῖ,
328 2523 375 2550 καὶ
398 2522 582 2557 διαφυλάττει,
606 2522 652 2548 κα)⁴
678 2520 853 2556 ὑποστηρίζει
873 2520 989 2547 ἕκαστον

201 2571 251 2605 τῆς
265 2569 366 2606 ἀρετῆς
380 2569 486 2605 καρπόν
496 2577 503 2584 ·
524 2568 576 2595 κᾶν
592 2569 620 2594 ὲν
636 2568 710 2602 πόνῳ
721 2567 768 2593 καὶ
781 2566 869 2602 θλίψει
886 2566 988 2601 τυγχά·

201 2625 280 2646 νωσι,
303 2616 355 2642 κᾶν
380 2615 409 2641 ὲν
429 2614 576 2649 ἐπιγνώσει
600 2613 738 2649 ἀληθείας,
766 2613 814 2639 καὶ
838 2612 991 2648 φανερώσει

201 2661 419 2697 ψυχῆς,ὀὺδέπω
429 2661 593 2696 ἐκομίσαντο
607 2659 656 2695 τὴν
667 2659 746 2694 χάριν
760 2659 806 2685 τοῦ
819 2658 989 2693 Πνεύματος,

201 2707 250 2735 καὶ
269 2707 320 2742 τὴν
342 2706 495 2733 ἀνάπαυσιν
512 2706 562 2740 τῆς
584 2704 745 2739 ἐπουρανίου
759 2703 872 2739 δωρεᾶς,
890 2703 936 2730 καὶ
961 2703 989 2729 ἐν

202 2752 376 2788 πληροφορίᾳ
392 2753 441 2779 οὐκ
464 2752 578 2788 ᾔσθοντο
596 2751 698 2784 ταύτης
719 2749 763 2776 διὰ
785 2749 833 2784 τὴν
850 2748 898 2775 τοῦ
921 2748 988 2775 Θεοῦ

203 2799 322 2834 ἄρρητον
340 2799 447 2833 σοφίαν,
459 2800 505 2826 καὶ
521 2798 554 2826 τὰ
572 2797 753 2833 ἁνεκδιήγητα
771 2795 903 2830 κρίματα,
917 2794 989 2821 δοκι-

234 2887 257 2903 ⁹⁸
275 2887 353 2915 Joau.
366 2896 406 2920 ut,
418 2887 460 2914 35.

1041 1605 1070 1626 se
1085 1597 1269 1625 examinarint
1284 1596 1396 1627 omnino
1411 1600 1539 1623 accurate
1554 1599 1582 1622 et
1594 1594 1743 1625 subtiliter,
1752 1600 1829 1619 com-

1040 1644 1157 1679 pellunt,
1171 1650 1220 1677 pro
1234 1642 1351 1672 viribus.
1361 1645 1442 1676 atque
1452 1640 1567 1676 adigunt
1580 1647 1609 1667 se
1623 1639 1696 1674 ipsas
1707 1638 1748 1665 ad‘
1756 1638 1827 1665 bene
1876 1638 1886 1646 '

1041 1688 1204 1724 placendum
1230 1687 1360 1719 Domino;
1388 1686 1491 1721 quippe
1513 1693 1574 1720 quae
1595 1684 1679 1712 semel
1699 1682 1828 1710 credide~

1041 1739 1106 1762 runt
1134 1735 1220 1762 Deum
1239 1754 1246 1766 ,
1274 1733 1320 1767 qui
1346 1740 1428 1759 verax
1443 1736 1496 1763 est,
1522 1738 1575 1757 non
1593 1730 1763 1765 privaturum
1781 1735 1829 1755 eas

1041 1781 1114 1808 dono
1127 1780 1255 1816 Spiritus,
1273 1779 1295 1807 si
1317 1777 1520 1813 permanserint
1543 1783 1630 1811 usque
1650 1775 1683 1803 ad
1703 1775 1784 1803 ﬁnem
1800 1775 1830 1802 in

1041 1827 1116 1855 cultu
1130 1831 1213 1861 atque
1226 1824 1432 1860 exspectatione
1443 1831 1505 1851 cum
1523 1823 1598 1850 omni
1614 1821 1766 1856 diligentia,
1780 1821 1828 1848 sed

1041 1874 1136 1908 dignas
1161 1880 1190 1899 se
1208 1876 1366 1906 reputatum
1389 1870 1422 1897 iri
1444 1869 1549 1897 cmlesti
1573 1868 1669 1903 gratia,
1685 1872 1716 1894 ut
1739 1866 1828 1894 adhuc

1041 1920 1070 1946 in
1085 1926 1168 1946 carne
1187 1917 1361 1948 exsistentes,
1385 1920 1467 1950 atque
1480 1915 1565 1942 vitam
1581 1917 1711 1941 aeternam
1730 1919 1828 1940 conse-

1041 1970 1163 1993 cuturos.
1562 1994 1573 1998 ι

1076 2012 1109 2039 ν.
1129 2011 1219 2045 Atque
1236 2009 1289 2036 hoc
1301 2012 1380 2043 pacto
1392 2011 1466 2034 mota
1480 2005 1555 2033 omni
1571 2004 1720 2032 dilectione
1733 2009 1782 2030 sua
1794 2001 1828 2028 ad

1041 2055 1206 2085 Dominum.
1234 2052 1439 2087 rcpudiatisque
1475 2049 1625 2081 omnibus,
1648 2055 1712 2075 eum
1740 2046 1828 2074 solum

1041 2108 1149 2129 summo
1167 2099 1316 2130 desiderio,
1332 2098 1423 2125 esurio
1438 2102 1466 2125 ct
1482 2096 1528 2123 siti
1542 2098 1718 2130 exspectant;
1735 2097 1763 2120 et
1781 2100 1828 2120 re-

1040 2146 1208 2174 ercationem
1227 2147 1256 2171 et
1272 2142 1487 2171 consolationem
1502 2140 1596 2176 gratia:
1609 2143 1743 2174 perpetuo
1756 2146 1828 2173 pra:-

1042 2193 1182 2224 stolantes,
1201 2191 1229 2218 in
1246 2190 1320 2217 nulla
1336 2196 1366 2216 re
1389 2188 1473 2223 hujus
1495 2187 1591 2214 mundi
1611 2185 1830 2214 consolationem

1042 2238 1183 2272 accipiunt
1199 2241 1226 2263 ct
1240 2234 1428 2270 requiescunt,
1444 2241 1476 2261 ac
1486 2233 1560 2261 ultro
1572 2233 1661 2268 ligata:
1681 2236 1744 2259 sunt
1759 2240 1766 2258 :
1782 2230 1830 2258 sed

1041 2284 1142 2313 crassis
1156 2290 1265 2318 semper
1285 2280 1500 2316 cogitationibus
1515 2277 1831 2309 contradicentes,auxi-

1041 2333 1108 2360 lium
1120 2337 1206 2366 atque
1220 2329 1473 2357 remunerationem
1484 2327 1532 2355 Dei
1547 2331 1652 2354 tantum
1659 2329 1828 2360 exspectant.

1044 2376 1123 2412 ιιά.
1133 2384 1195 2404 cum
1211 2375 1368 2410 huiusmodi
1377 2373 1480 2405 studio,
1491 2373 1645 2400 intentione
1656 2379 1687 2398 ac
1699 2370 1830 2405 patientia

1042 2421 1165 2457 praeditis
1172 2420 1272 2447 animis
1282 2419 1340 2454 ipse
1350 2418 1481 2446 Dominus
1490 2418 1545 2452 jam
1557 2416 1664 2444 occulte
1673 2415 1753 2447 adsit,
1765 2422 1795 2442 su
1802 2423 1830 2448 p-

1043 2468 1130 2503 petias
1144 2467 1223 2498 ferat,
1241 2469 1386 2493 conservet
1399 2469 1427 2492 et
1444 2463 1584 2491 suﬁ‘ulciat
1601 2469 1709 2489 omnem
1720 2461 1831 2488 virtutis

1043 2514 1162 2542 fructum
1183 2522 1189 2539 :
1215 2519 1246 2539 ac
1264 2512 1330 2539 licet
1352 2511 1379 2538 in
1402 2510 1497 2538 labore
1512 2513 1541 2536 et
1563 2507 1710 2536 alllictione
1725 2507 1790 2539 sint,
1803 2511 1831 2533 et

1043 2561 1071 2588 in
1087 2559 1244 2595 cognitione
1258 2557 1383 2586 veritatis
1399 2561 1427 2584 et
1441 2555 1625 2584 illustratione
1638 2554 1746 2586 animze,
1759 2561 1830 2580 non-

1045 2606 1110 2633 dum
1125 2609 1217 2632 tamen
1230 2608 1385 2631 consecutae
1395 2607 1460 2630 sunt
1471 2601 1584 2637 gratiam
1598 2600 1728 2636 Spiritus,
1741 2607 1773 2627 ac
1788 2607 1831 2626 rc-

1043 2652 1211 2681 ereationcm
1227 2649 1348 2678 cmlcstis
1362 2649 1439 2680 doni,
1458 2655 1508 2675 nec
1521 2647 1548 2674 in
1566 2647 1646 2682 plena
1661 2645 1714 2672 ﬁde
1729 2645 1830 2672 consti-

1044 2703 1110 2727 ιυιεε
1133 2700 1318 2733 perceperunt
1341 2703 1413 2728 eam,
1432 2698 1546 2729 propter
1569 2699 1698 2720 arcanam
1721 2691 1830 2726 sapien-

1044 2746 1120 2777 tiam,
1134 2748 1162 2771 ct
1176 2741 1372 2771 incnarrabilia
1385 2740 1488 2776 judicia
1506 2738 1566 2771 Dei,
1580 2738 1627 2774 qui
1642 2737 1725 2765 variis
1743 2736 1832 2766 modis

1044 2792 1138 2820 ﬁdeles
1154 2791 1260 2820 animas
1281 2789 1391 2825 probat,
1409 2791 1437 2816 ct
1454 2786 1628 2816 dilectionem
1644 2793 1677 2813 ex
1692 2785 1832 2812 voluntate
