2078 3151
251 159 305 192 719

867 165 898 195 S.
917 164 1077 195 MACARII
1097 165 1257 196 IEGYPTII

1820 163 1875 196 ’120

251 219 280 242 et
307 215 448 250 proposito
470 219 625 242 manantem
651 215 786 244 intuetur.
815 216 937 244 Termini
965 218 1035 245 enim

1091 219 1223 253 μάζοντος
1248 219 1384 253 διαφόρως
1399 219 1448 250 τὰς
1462 217 1642 249 mortuo-Jour.
1655 218 1754 254 ψυχὰς,
1772 220 1818 247 καὶ
1834 223 1876 254 είς

251 261 363 296 quidam
377 265 452 294 sunt,
470 268 606 288 mensura:
619 269 651 288 ac
663 262 783 295 trutinae,
794 263 887 290 liberae
901 264 1034 291 intentio-

252 307 306 339 nis,
319 311 348 334 et
359 307 521 334 voluntariae
536 307 704 340 dilectionis,
716 312 798 343 atque
809 308 962 336 all‘ectionis
974 316 1038 344 erga

252 352 345 380 omnia
363 357 455 380 sancta
478 353 540 388 ejus
564 353 703 386 mandata,
727 358 859 389 quantum
880 354 956 381 licet.
978 354 1038 387 Quo

252 397 293 430 ﬁt,
317 401 348 425 ut
372 398 481 431 animae,
509 407 569 434 quae
593 399 708 434 implent
730 400 831 428 amoris
845 401 937 435 ;atque
956 400 1037 428 cilicii

253 441 296 469 sui
313 449 482 476 mensuram,
495 451 580 479 regno
594 451 627 471 ac
642 443 698 471 vita
716 449 820 472 aeterna
843 444 949 472 idoneae
961 444 1037 480 judi-

252 492 362 516 cantur.

289 587 334 616 νι.
354 588 449 617 Justus
462 589 535 616 enim
553 589 626 616 Deus
642 594 694 622 est,
711 593 740 617 et
757 589 831 625 justa
850 589 952 625 judicia
965 590 1034 625 ejus,

252 641 343 669 neque
359 639 501 670 respectus
515 643 693 670 personarum
715 635 787 671 apud
803 643 866 662 eum
883 637 955 664 ullus
968 645 974 662 :
989 636 1037 664 sed

252 686 302 714 pro
314 679 395 707 modo
404 679 612 712 beneﬁciorum,
621 681 680 707 sive
696 681 892 715 corporalium,
914 681 972 708 sive
983 681 1038 715 spi-

252 724 405 758 ritualium,
422 725 480 753 sive
491 725 623 757 scientiae,
639 726 697 753 sive
709 725 866 753 intellectus
881 726 953 761 (qua:
964 726 1036 753 Deus

251 774 357 797 natura:
369 778 479 805 quoque
495 770 622 797 humanae
639 770 715 797 varie
732 771 843 805 indidit)
860 771 1037 806 judicaturus

251 822 486 850 unumquemque,
502 815 608 842 fructus
618 815 730 843 virtutis
744 815 878 850 requiret,
893 820 921 842 et
936 823 986 850 pro
997 816 1038 843 di-

251 860 354 894 gnitate
368 860 464 888 reddet
479 861 578 896 cuique
592 862 670 896 juxta
683 868 766 896 opera
778 862 856 896 ejus;
873 866 902 888 et
915 870 921 887 :
938 862 1036 888 Poten-

1090 265 1139 300 τὴν
1154 265 1186 291 ἐκ
1199 264 1350 299 θελήματος
1365 264 1413 291 καὶ
1431 264 1616 300 προαιρέσεως
1631 264 1742 301 ἀγάπην
1757 266 1876 293 ἀποσκο-

1090 311 1297 346 ποῦντος.”οροι
1309 311 1364 345 γὰρ
1383 310 1431 337 καὶ
1450 310 1538 346 μέτρα
1551 311 1600 337 καὶ
1616 311 1732 346 σταθμοὶ
1749 312 1798 346 τῆς
1812 313 1876 339 αὐτο

1089 356 1211 388 εξουσίου
1231 355 1418 391 προαιρέσεώς
1447 357 1511 388 εισι,
1533 356 1580 382 καὶ
1596 356 1642 383 τοῦ
1658 356 1808 391 θελήματος
1826 357 1876 392 τῆς

1089 403 1210 436 ἀγάπης,
1225 402 1272 428 καὶ
1283 402 1332 436 τῆς
1348 403 1388 433 εἰς
1400 402 1490 433 πάσας
1504 402 1553 434 τὰς
1567 402 1648 436 ἀγίας
1659 401 1741 429 αὐτοῦ
1754 402 1875 435 ἐντολὰς,

1088 448 1138 483 ὅση
1154 447 1269 482 δύναμις
1284 447 1440 479 διαθέσεως.
1455 449 1510 475 Καὶ
1528 448 1614 480 οὕτως
1629 448 1832 484 ἀναπληροῦσαι
1846 450 1876 476 αἱ

1088 494 1175 529 ψυχαὶ
1187 494 1217 520 τὸ
1232 494 1282 529 τῆς
1296 494 1406 528 ἀγάπης
1417 494 1505 521 αὐτῶν
1520 494 1568 521 καὶ
1579 495 1689 530 ὀφειλῆς
1705 495 1814 530 μέτρον,
1824 495 1876 530 τῆς

1089 540 1229 577 βασιλείας
1240 541 1286 568 καὶ
1301 542 1351 576 τῆς
1365 541 1474 568 αἰωνίου
1487 541 1560 576 ζωῆς
1576 541 1778 574 καταξιοῢνται.

1125 589 1171 622 ς’.
1187 587 1297 618 Δίκαιος
1311 586 1367 622 γάρ
1381 587 1457 613 ἐστιν
1469 587 1485 613 ὁ
1502 585 1578 618 Θεὸς,
1594 587 1641 613 καὶ
1658 586 1750 613 δίκαια
1770 586 1804 613 τὰ
1817 586 1876 622 κρί-

1091 643 1164 668 ματα
1176 633 1270 665 αῡτοῦ,
1283 633 1329 659 καὶ
1342 632 1556 668 προσωποληψία
1570 633 1634 667 παρ’
1642 632 1717 667 αὐτῷ
1728 633 1777 659 οὐκ
1791 632 1874 664 ἐστιν,

1089 679 1157 707 ἀλλὰ
1174 679 1245 706 κατὰ
1259 679 1405 713 ἀναλογίαν
1421 679 1475 706 τῶν
1490 678 1664 713 εὐεργεσιῶν,
1680 679 1739 714 ἦτοι
1756 687 1876 712 σωματι-

1089 728 1155 760 κῶν,
1170 727 1186 762 ἢ
1203 725 1406 761 πνευματικῶν,
1421 725 1480 760 ήτοι
1499 725 1635 759 γνώσεως,
1655 725 1714 759 ἦτοι
1730 725 1874 756 συνέσεως,

1089 773 1105 807 ἦ
1123 772 1295 806 διακρίσεως,
1319 770 1337 797 ἃ
1359 770 1406 796 καὶ
1421 771 1449 797 ἐν
1469 771 1502 805 τῇ
1524 770 1604 804 φύσει
1622 769 1676 795 τῶν
1691 768 1842 804 ἀνθρώπων
1861 769 1875 795 ὁ

1089 818 1156 849 Θεὸς
1168 817 1304 852 διαφόρως
1319 816 1458 850 ἐνέθηκεν,
1478 816 1592 842 ἕκαστον
1612 815 1713 850 κρίνων
1728 814 1790 845 τοὺς
1806 823 1874 849 καρ-

1089 865 1157 895 ποὺς
1173 864 1223 898 τῆς
1246 862 1348 898 ἀρετῆς
1364 862 1534 896 ἐπιζητήσει,
1546 862 1594 888 καὶ
1610 861 1668 887 κατ’
1679 860 1757 893 ἀξίαν
1768 860 1874 887 ἀποδώ-

252 910 289 932 tes
311 911 431 941 potenter
450 910 581 933 tormenta
615 907 751 941 patientur
765 907 799 933 "’.
817 907 946 934 Minimus
963 908 1035 934 enim

1092 919 1132 936 σει
1145 909 1252 943 ἑκάστῳ
1264 907 1332 935 κατὰ
1347 907 1381 934 τά
1397 908 1466 943 ἔργα
1479 907 1573 938 αὑτοῦ,
1585 906 1633 933 καί
1648 906 1768 933 δυνατοί
1781 905 1874 933 δυνα-

250 952 330 978 venia
342 959 374 979 ac
386 952 576 979 misericordia
591 952 699 987 dignus.
712 952 746 979 Et
757 952 890 980 Dominus
906 953 944 980 ait
956 961 963 980 :
976 953 1036 980 Ser-

250 1005 307 1029 vus,
323 998 368 1033 qui
389 999 507 1034 cognovit
523 998 684 1026 voluntatem
702 999 808 1026 Domini
830 1001 882 1032 sui,
903 1004 926 1027 et
944 1008 996 1027 non
1008 1008 1036 1027 se

249 1045 422 1078 preparavit,
454 1053 500 1071 nec
523 1045 584 1080 fecit
609 1046 753 1073 secundum
779 1046 943 1073 uoluntatem
967 1048 1034 1081 ejus,

249 1089 337 1124 plagis
355 1090 491 1125 vapulabit
511 1090 612 1117 multis.
632 1091 683 1123 Qui
698 1096 787 1118 autem
800 1100 852 1118 non
866 1093 994 1127 cognovit,
1010 1096 1035 1118 et

250 1135 310 1169 fecit
323 1135 403 1171 digna
417 1136 503 1171 plagis
517 1158 524 1170 ,
541 1137 677 1172 vapulabit
692 1138 794 1173 paucis.
818 1138 903 1165 Porro
926 1139 1034 1165 cuicun-

251 1189 301 1216 que
325 1181 439 1208 multum
451 1183 544 1209 datum
558 1188 607 1215 est,
627 1183 738 1210 multum
751 1189 885 1219 quwrelur
901 1185 933 1211 ab
947 1193 987 1217 eo,
1010 1188 1035 1211 et

248 1226 291 1253 cui
310 1227 557 1255 commendaverunt
579 1229 703 1262 multum,
721 1230 781 1266 plus
802 1236 890 1266 petent
907 1231 939 1258 ab
953 1239 983 1258 eo
999 1231 1033 1258 ".

249 1272 398 1300 Scientiam
411 1278 502 1301 autem
516 1279 544 1301 et
559 1274 729 1303 intellectum
745 1276 932 1304 diversimode
950 1277 1034 1304 intel-

247 1317 312 1353 lige,
333 1322 387 1346 tam
402 1320 555 1347 secundum
569 1321 684 1356 gratiam
698 1325 726 1348 et
740 1321 843 1348 donum
856 1322 968 1349 caeleste
979 1321 1036 1356 Spi-

247 1364 330 1397 ritus,
340 1373 422 1400 quam
437 1366 588 1394 secundum
603 1368 757 1395 naturalem
769 1375 943 1403 progressum
953 1368 1035 1396 intel-

247 1410 336 1438 lectus
346 1415 373 1439 et
392 1411 579 1444 discretionis,
593 1417 676 1448 atque
690 1421 705 1441 e
721 1414 809 1441 sacris
816 1414 930 1442 Litteris
945 1414 1036 1449 profe-

247 1461 300 1484 cta:
314 1457 509 1485 inslitutionis.
523 1458 565 1486 Ab
580 1467 746 1495 unoquoque
762 1460 836 1488 enim
853 1464 1036 1494 reposcentur

249 1502 356 1529 fructus
373 1503 495 1536 virtutis,
507 1511 556 1538 pro
570 1504 653 1532 modo
670 1513 685 1532 a
703 1505 758 1532 Deo
773 1506 801 1532 in
822 1513 851 1533 se
871 1505 1034 1533 collatorum

247 1547 462 1581 beneﬁciorum.
483 1550 541 1577 sive
559 1551 737 1583 naturalium,
758 1551 816 1578 sive
829 1559 844 1578 a
866 1551 959 1578 divina
973 1559 1034 1586 gra-

249 1593 288 1621 tia
321 1601 524 1622 concessorum.
554 1596 752 1624 lnexcusabilis
783 1605 850 1632 ergo
876 1602 918 1624 est
945 1598 1035 1625 omnis

249 1639 333 1667 homo
350 1640 422 1674 apud
439 1641 525 1668 Deum
549 1641 577 1668 in
592 1641 636 1668 die
648 1641 756 1675 judicii.
774 1642 797 1670 Α
811 1642 935 1676 quolibet
948 1642 1035 1675 enim,

249 1687 332 1719 prout
357 1683 445 1716 novit,
469 1684 576 1712 fructus
599 1684 674 1716 ﬁdei,
700 1689 728 1712 et
760 1685 926 1717 dilectionis,
954 1688 1036 1720 atque

249 1729 341 1756 omnis
355 1729 409 1756 sibi
424 1737 560 1757 concessa:
579 1730 701 1764 virtutis,
716 1730 877 1758 intentionis
891 1738 924 1758 ac
938 1730 1036 1758 volun-

249 1775 316 1803 tatis
338 1776 444 1804 ratione
463 1777 566 1809 habita,
591 1777 733 1804 restitutio
749 1777 883 1812 exigetur,
904 1776 962 1805 sive
985 1784 1036 1803 au-

250 1820 310 1848 ditu
335 1822 501 1857 perceperit,
522 1822 581 1850 sive
596 1830 737 1858 nunquam
753 1821 869 1850 verbum
892 1821 941 1850 Dei
955 1822 1036 1850 audi-

250 1865 333 1893 verit.

285 1919 343 1947 Vll.
361 1919 459 1947 Anima
474 1920 548 1948 enim
566 1921 666 1954 ﬁdelis,
688 1929 721 1949 ac
736 1921 860 1950 veritatis
873 1930 978 1955 amans,
995 1922 1037 1950 in-

251 1971 332 1994 tuens
342 1970 444 1994 aeterna
457 1966 529 1994 bona
549 1968 628 2003 justis
647 1968 780 2002 reposita,
800 1973 882 2003 atque
898 1969 1037 1997 inell‘abile

249 2018 374 2041 ventum
399 2014 492 2049 gratiae
512 2014 612 2041 divinae
633 2014 810 2047 beneficium,
831 2023 860 2042 se
884 2015 981 2050 ipsam,
1005 2022 1038 2042 ac

251 2059 374 2087 studium
396 2067 488 2093 suum,
504 2059 625 2087 laborem
646 2065 729 2095 atque
752 2060 940 2096 fatigationem
964 2061 1037 2088 indi-

249 2111 331 2140 gnam
349 2105 444 2132 statuit
464 2104 572 2132 arcanis
595 2106 824 2140 promissionibus
841 2106 969 2141 Spiritus.
987 2107 1038 2134 llic

249 2158 352 2185 pauper
359 2149 512 2185 estSpiritu,
520 2158 601 2185 quem
613 2151 745 2178 Domitius
752 2151 857 2178 beatum
867 2152 992 2187 prwdicat
999 2153 1036 2178 πε

250 2194 297 2222 bic
308 2194 395 2221 esurit
409 2199 437 2222 et
449 2194 507 2221 sitit
519 2194 672 2230 justitiam:
684 2195 729 2222 hic
742 2200 783 2222 est
794 2196 930 2223 contritus
944 2196 1035 2223 c0rde.

1086 956 1143 989 τῶς
1159 954 1392 987 ἐτασοήσονται.
1419 953 1449 980 '0
1471 953 1526 988 γὰρ
1541 953 1683 988 ἐλάχιστος
1702 952 1873 986 συγγνωστός

1085 1003 1160 1028 ἐστιν
1176 1001 1282 1032 ἐλέους⁶
1308 1000 1355 1027 καὶ
1370 1001 1384 1027 ὁ
1398 1000 1497 1034 Κύριος
1516 999 1600 1033 λέγει,
1624 999 1737 1031 Δοῦλος
1752 1000 1768 1024 ὀ
1783 997 1873 1033 γνοὺς

1085 1048 1119 1076 τὸ
1137 1049 1251 1082 θέλημα
1264 1047 1317 1074 τοῦ
1329 1047 1435 1081 κυρίου
1447 1045 1567 1077 ἑαυτοῦ,
1582 1045 1631 1072 καί
1642 1044 1684 1080 μὴ
1701 1044 1871 1078 ἑτοιμάσας,

1083 1094 1161 1130 μηδὲ
1176 1094 1304 1127 ποιήσας
1321 1093 1396 1127 πρὸς
1412 1092 1446 1119 τὸ
1458 1092 1572 1126 θέλημα
1593 1091 1696 1121 αὺτοῦ,
1710 1091 1872 1125 δαρήσεται

1086 1140 1213 1173 πολλάς.
1243 1140 1271 1166 '0
1284 1139 1318 1166 δὲ
1331 1139 1374 1174 μὴ
1398 1139 1499 1174 γνοὺς,
1521 1137 1651 1170 ποιήσας
1666 1137 1700 1163 δὲ
1715 1137 1785 1168 ἄξια
1797 1138 1873 1169 πλη-

1086 1186 1155 1222 γῶν,
1172 1187 1334 1221 δαρήσεται
1347 1186 1468 1220 ὀλίγαςν
1485 1184 1574 1211 παντὶ
1593 1184 1628 1210 δὲ
1640 1181 1664 1217 ᾧ
1679 1183 1766 1216 ἐδόθη
1782 1183 1871 1214 πολὺ,

1085 1232 1164 1259 πολὺ
1192 1231 1348 1265 ζητήσεται
1373 1231 1441 1265 παρ’
1467 1230 1569 1263 αὐτοῦ,
1588 1229 1637 1256 καί
1652 1226 1677 1263 ᾧ
1693 1229 1771 1256 πολὺ
1800 1237 1873 1262 παρ-

1085 1278 1197 1309 έθεντο,
1205 1278 1421 1311 περισσότερον
1431 1276 1656 1310 ἁπαιτήσουσιν
1669 1276 1771 1303 αὐτόν.
1779 1274 1833 1310 Τὴν
1843 1274 1872 1300 δὲ

1085 1325 1186 1359 γνῶσιν
1207 1324 1255 1350 καὶ
1273 1324 1380 1350 σύνεσιν
1392 1323 1528 1358 διαφόρως
1545 1323 1612 1354 νόει,
1627 1322 1686 1357 ἦτοι
1707 1323 1779 1348 κατά
1793 1321 1873 1356 χάριν

1085 1371 1133 1397 καὶ
1143 1371 1213 1405 δόμα
1227 1370 1387 1406 ἐπουράνιον
1398 1369 1444 1396 τοῦ
1459 1368 1628 1404 Πνεύματος,
1640 1367 1698 1403 ήτοι
1712 1367 1781 1394 κατὰ
1794 1375 1874 1401 φυσι-

1086 1417 1137 1452 κὴν
1152 1416 1314 1444 ἀκολουθίαν
1327 1414 1460 1445 συνέσεως
1477 1414 1494 1449 ἢ
1511 1413 1685 1448 διακρίσεως,
1699 1414 1745 1439 καὶ
1760 1412 1804 1438 διὰ.
1819 1412 1872 1438 τῶν

1086 1463 1166 1490 θείων
1180 1462 1296 1498 Γραφῶν
1311 1460 1478 1491 παιδεύσεως
1488 1468 1495 1475 ·
1510 1458 1626 1490 ἕκαστος
1646 1457 1702 1493 γάρ
1725 1458 1788 1488 τοὺς
1803 1466 1874 1492 καρ-

1085 1510 1153 1540 ποὺς
1166 1507 1383 1542 ἀπαιτηθήσεται
1398 1505 1448 1540 τῆς
1458 1505 1568 1540 ἀρετῆς,
1582 1505 1654 1531 κατὰ
1665 1503 1809 1537 ἀναλογίαν
1819 1502 1876 1529 τῶν

1086 1554 1161 1590 παρὰ
1178 1553 1245 1580 Θεοῦ
1270 1552 1424 1587 γενομένων
1447 1552 1487 1583 είς
1510 1551 1591 1578 αὑτὸν
1613 1549 1789 1585 εὐεργεσιῶν,
1811 1549 1874 1585 ἦτοι

1087 1599 1220 1634 φυσικῶν,
1239 1599 1299 1633 ἦτοι
1314 1599 1346 1624 ὲκ
1361 1596 1436 1628 θείας
1451 1596 1562 1631 χάριτος
1580 1595 1738 1630 δεδομένων.
1760 1595 1874 1621 ’Δναπο-

1086 1645 1200 1680 λόγητος
1226 1644 1317 1670 τοίνυν
1337 1643 1396 1670 ἐστὶ
1420 1643 1473 1674 πᾶς
1498 1641 1641 1676 ἄνθρωπος
1664 1639 1742 1676 παρὰ
1765 1639 1824 1675 Θεῷ
1845 1640 1877 1666 ὲν

1086 1689 1179 1725 ἡμέρᾳ
1188 1689 1320 1725 κρίσεως·
1334 1687 1449 1719 ἕκαστος
1463 1686 1517 1722 γὰρ
1530 1686 1593 1713 καθ’
1606 1685 1620 1712 δ
1637 1685 1708 1720 ἔγνω
1723 1685 1785 1716 τοὺς
1804 1693 1874 1720 καρ-

1087 1735 1156 1767 ποὺς
1179 1736 1228 1769 τῆς
1252 1734 1382 1765 πίστεως,
1406 1733 1455 1759 καὶ
1471 1732 1593 1767 ἀγάπης,
1608 1731 1654 1758 καὶ
1673 1731 1762 1765 πάσης
1776 1729 1876 1765 ἀρετῆς

1086 1781 1136 1816 τῆς
1151 1780 1219 1816 πρὸς
1229 1780 1321 1812 αὑτὸν,
1340 1780 1372 1806 ὲκ
1387 1778 1572 1815 προαιρέσεως
1585 1777 1631 1804 καὶ
1646 1777 1797 1812 θελήματος
1812 1776 1877 1803 ἀντ-

1089 1827 1218 1854 απόδοσιν
1248 1825 1478 1861 ἀπαιτηθήσεται,
1489 1825 1548 1860 ήτοι
1560 1824 1593 1851 δι’
1605 1823 1701 1859 ἀκοῆς,
1717 1823 1776 1858 ἦτοι
1794 1822 1876 1858 μηδέ-

1087 1881 1152 1900 ποτε
1169 1872 1248 1906 λόγον
1259 1871 1379 1902 ἀκούσας
1393 1870 1471 1897 Θεοῦ.

1123 1919 1160 1945 Z'.
1184 1917 1391 1945 Ἀποσκοποῦσα
1410 1916 1465 1951 γὰρ
1481 1916 1498 1951 ἡ
1521 1915 1595 1951 ψυχὴ
1615 1916 1631 1944 ἥ
1645 1915 1728 1942 πιστή
1747 1914 1794 1941 καὶ
1817 1913 1877 1949 φιλ-

1088 1964 1189 1999 αλήθης
1204 1964 1244 1995 είς
1253 1963 1286 1990 τὰ
1299 1962 1467 1997 ἀποκείμενα
1479 1961 1576 1988 αἰώνια
1587 1961 1739 1996 ἀγαθὰτυῖς
1749 1961 1875 1993 δικαίοις,

1088 2011 1135 2038 καὶ
1149 2011 1189 2042 εἰς
1202 2011 1254 2046 τὴν
1269 2010 1388 2046 ἄρρητον
1403 2009 1452 2044 τῆς
1475 2009 1625 2044 μελλούσης
1641 2008 1783 2043 ὲπιφοιτᾷν
1803 2007 1876 2038 θείας

1088 2057 1199 2092 χάριτος
1215 2056 1387 2092 εὐεργεσίαν,
1407 2048 1521 2088 ἀναξίαν
1543 2055 1652 2090 ἑαυτὴν,
1668 2055 1715 2081 καὶ
1731 2054 1780 2089 τὴν
1796 2062 1877 2080 σπου-

1088 2103 1136 2139 δὴν
1152 2103 1248 2139 αὐτῆς,
1265 2103 1312 2129 καὶ
1324 2102 1416 2135 πόνον,
1429 2102 1476 2129 καὶ
1488 2102 1612 2138 κάματον
1625 2102 1732 2137 ἡγεῖται
1745 2101 1813 2136 πρὸς
1826 2100 1877 2132 τὰς

1088 2149 1223 2185 ἀρρήτους
1240 2149 1403 2183 ἐπαγγελίας
1417 2148 1463 2175 τοῦ
1482 2148 1654 2183 Πνεὺματος.
1670 2143 1752 2178 Οὗτός
1767 2148 1840 2172 ἐστιν
1858 2146 1876 2172 ὁ

1090 2194 1208 2229 πτωχὸς
1223 2194 1264 2227 τῷ
1280 2195 1436 2227 πνεύματι,
1450 2194 1479 2221 ὃν
1488 2195 1502 2221 ό
1511 2195 1612 2230 Κύριος
1623 2192 1782 2228 μακαρίζέιε
1799 2189 1876 2224 οὗτός

249 2241 302 2274 Qui
323 2241 482 2276 hujusmodi
512 2241 691 2268 intentionem
715 2241 880 2276 suscipiunt,
903 2242 1034 2275 studium,

1088 2241 1163 2266 ἐστιν
1182 2241 1196 2267 ὀ
1211 2240 1310 2267 πεινῶν
1335 2241 1384 2267 καὶ
1405 2239 1488 2274 διψῶν
1513 2240 1562 2274 τὴν
1584 2238 1772 2274 δικαιοσύνην·
1798 2236 1875 2269 οὗτὸς

249 2286 373 2314 laborem
387 2293 418 2313 ac
437 2287 605 2314 desiderium
619 2287 740 2320 virtutis,
764 2291 792 2315 et
804 2287 838 2314 ad
860 2287 940 2315 linem
952 2296 1038 2323 usque

249 2333 277 2360 in
293 2340 326 2360 οο
343 2338 514 2367 permanent,
530 2334 613 2360 vitam
630 2340 658 2361 et
681 2341 796 2368 regnum
819 2338 951 2367 mteruum
972 2341 1038 2361 vere

250 2380 382 2414 consequi
398 2385 536 2414 poterunt.
560 2380 599 2407 Ne
616 2380 699 2415 igitur
717 2380 780 2415 quis
794 2380 907 2408 fratrum
921 2381 1036 2408 extolla-

250 2430 295 2452 tur
308 2425 439 2452 advcrsus
451 2425 575 2458 fratrem,
589 2433 639 2452 nec
654 2425 687 2452 ad
699 2430 872 2461 arrogantem
885 2427 928 2454 sui
941 2427 1037 2453 existi-

250 2471 398 2498 mationem
414 2471 555 2505 procedat,
570 2482 585 2499 ιι
601 2472 705 2499 malitia
722 2472 870 2506 subreptus
883 2492 890 2504 ,
909 2471 1036 2506 inquiens

249 2523 346 2551 nempe
364 2525 370 2542 :
388 2516 444 2551 Ego
461 2516 558 2543 donum
572 2516 711 2552 spirituale
725 2521 875 2543 consecutus
889 2525 957 2543 sum.
975 2518 1035 2545 Non

248 2562 321 2589 enim
336 2561 415 2589 decet
437 2562 609 2591 Christianos
628 2563 687 2590 haec
707 2564 837 2598 cogitare.
862 2563 934 2596 Quid
957 2563 1034 2590 cuitu

248 2609 366 2636 crastina
383 2609 430 2635 lux
450 2609 488 2636 illi
504 2610 618 2636 allatura
632 2610 677 2642 sit,
696 2610 806 2644 ignoras
825 2618 831 2636 ι
847 2614 874 2637 et
891 2610 953 2644 quis
973 2609 1034 2637 ﬁnis

248 2653 319 2687 ejus,
333 2652 428 2686 quisvv
445 2658 510 2680 tuus
528 2653 637 2680 futurus
654 2655 699 2686 sit,
716 2654 814 2681 nescis.
839 2653 939 2680 Verum
957 2654 1034 2688 quis-

247 2705 301 2732 que
315 2698 368 2725 sibi
381 2699 514 2732 attendat,
526 2704 553 2726 et
566 2700 704 2734 propriam
718 2700 912 2727 conscientiam
925 2700 1034 2727 assidue

249 2743 394 2778 dijudlcet,
417 2752 449 2772 ac
466 2745 564 2780 probet
583 2753 652 2780 opus
675 2746 767 2773 cordis
788 2746 841 2778 sui,
858 2753 912 2780 quo
928 2745 1031 2777 studio,

250 2797 340 2824 quove
356 2794 455 2817 conatu
471 2798 548 2818 meus
562 2799 610 2818 sua
627 2792 711 2818 Deum
727 2796 909 2826 prosequatur
925 2799 931 2817 :
950 2795 977 2818 ct
997 2791 1032 2818 ad

291 2876 313 2893 "
332 2876 394 2911 δίῳ.
413 2885 447 2910 vl,
463 2878 489 2904 7.
527 2879 548 2894 π
566 2878 633 2906 Luc.
653 2887 697 2910 Ml,
716 2879 758 2906 i7.
795 2879 817 2895 ‘39
839 2878 934 2906 Matth.
951 2887 977 2911 v,
993 2878 1020 2903 5.

1090 2287 1164 2313 ἔστιν
1190 2288 1204 2313 ὁ
1228 2286 1459 2322 συντετριμμένος
1478 2287 1528 2322 τὴν
1553 2286 1677 2320 καρδίαν.
1696 2285 1728 2311 Ol
1748 2284 1875 2319 τοιαύτην

1089 2334 1249 2369 προαίρεσιν
1260 2333 1508 2368 ἀναλαμϐάνοντες,
1522 2332 1568 2359 καὶ
1581 2332 1711 2366 σπουδὴν,
1726 2331 1774 2357 καὶ
1784 2331 1874 2362 πόνον,

1089 2381 1135 2408 καὶ
1151 2381 1232 2407 πόθον
1245 2381 1356 2416 ἀρετῆς,
1373 2381 1420 2406 καὶ
1434 2379 1487 2411 ἕως
1498 2379 1590 2410 τέλους
1602 2379 1631 2405 ὲν
1645 2378 1720 2413 αὐτῷ
1734 2373 1874 2412 διαμένον¹

1089 2436 1146 2458 τες.
1164 2427 1212 2461 τῆς
1228 2426 1300 2460 ζωῆς
1321 2426 1368 2452 καὶ¹
1392 2425 1442 2460 τῆς
1460 2425 1570 2451 αἰωνίου
1585 2423 1723 2458 βασιλείας
1738 2422 1874 2456 ἐπιτυχεῖν

1089 2472 1118 2505 ἐξ
1134 2471 1263 2506 ἀληθείας
1277 2471 1444 2506 δυνήσονται.
1460 2470 1506 2505 Μὴ
1521 2470 1611 2496 τοίνυν
1624 2477 1665 2500 τις
1679 2468 1733 2494 τῶν
1752 2467 1874 2500 ἀδελφῶν

1088 2516 1298 2551 κατεπαιρέσθω
1315 2515 1361 2542 τοῦ
1377 2515 1504 2550 ἀδελφοῦ,
1525 2515 1574 2542 καὶ
1604 2515 1644 2546 εἰς
1666 2515 1753 2549 οἴησιν
1763 2516 1873 2546 ,προκο-

1089 2563 1189 2594 πτέτω,
1207 2562 1259 2587 ὑπὸ
1268 2562 1317 2597 τῆς
1329 2562 1427 2592 κακίας
1442 2561 1688 2595 ὑποκλεπτόμενος,
1700 2559 1737 2590 ὡς
1747 2559 1787 2584 ὃτι
1796 2557 1872 2585 Ἰδοὺ

1088 2608 1144 2642 ἐγὼ
1159 2607 1289 2642 χάρισμα
1304 2606 1509 2642 πνευματικὸν
1517 2606 1660 2640 κέκτημαι
1670 2613 1676 2619 ·
1693 2605 1742 2630 οὑκ
1753 2603 1810 2630 ἐστι
1821 2602 1874 2637 γάρ

1088 2653 1161 2685 ἄξιον
1177 2652 1265 2680 ταῦτα
1284 2652 1465 2687 Χριστιανοὺς
1481 2652 1664 2686 ἐνθυμεῖσθαι.
1680 2650 1713 2676 Τί
1735 2650 1789 2684 γὰρ
1804 2650 1874 2674 ποιεῖ

1088 2699 1214 2735 ἠαῦριον
1242 2700 1282 2730 εἰς
1306 2699 1410 2726 ἐκεῖνον
1441 2699 1491 2725 οὐκ
1515 2695 1604 2730 οἶδας·
1632 2697 1679 2724 καὶ
1700 2697 1775 2722 ποῖον
1798 2694 1874 2725 τέλος

1087 2746 1202 2777 ἐκείνου,
1229 2745 1275 2771 καὶ
1305 2746 1379 2770 ποῖον
1403 2745 1434 2770 τὸ
1456 2744 1501 2770 σὺν
1527 2743 1645 2778 ἀγνοεῖς.
1664 2742 1732 2769 Ἀλλ’
1758 2741 1873 2772 ἕκαστος

1087 2791 1176 2826 ἑαυτῷ
1195 2791 1347 2826 προσέχων,
1372 2789 1540 2825 ἀνακρινέτω
1561 2791 1610 2824 τὴν
1629 2789 1696 2815 ἰδίαν
1723 2786 1874 2822 συνείδησιν
