2079 3152
258 155 310 188 723

876 159 907 190 S.
927 159 1089 190 MACARII
1107 159 1269 190 EGYP’I‘II

1837 159 1887 190 72$

255 220 285 243 ct
297 214 460 243 accedentes
474 214 644 241 nativitatem
671 213 743 242 hanc
763 216 905 243 consecuti
932 216 1047 246 fuerint.

1103 215 1206 251 Κυρέῳ,
1225 215 1272 242 καὶ
1291 214 1504 250 προσερχόμενοι
1520 213 1711 248 καταειοῦνται
1730 215 1778 250 τῆς
1791 218 1888 250 γεννή-

255 261 386 296 gaudium
410 260 558 287 conciliant
574 264 602 286 et
625 267 760 287 summam
789 260 1001 287 exsultationem
1019 260 1046 288 in

255 306 334 334 cmlis
356 305 527 340 parentibus,
544 305 592 340 qui
614 313 662 332 eos
687 312 887 340 procrearum.
901 307 934 334 Et
950 314 1047 334 omnes

255 352 343 387 angeli
367 355 523 385 sancta:un
541 351 657 378 virtutes
677 351 805 378 laetantur
818 351 852 379 de
868 352 968 383 anima,
985 360 1048 387 qua:

255 405 270 424 e
284 397 386 432 Spiritu
403 400 534 431 prognata
545 401 573 424 et
586 396 707 432 Spiritus
717 397 814 424 elfecta
831 401 886 424 cst.
902 397 959 424 Hoc
972 397 1047 424 enim

255 448 356 474 corpus
379 440 532 468 similitudo
554 444 597 468 est
621 441 734 474 animm;
751 441 842 468 anima
869 449 934 469 vero
957 442 1047 477 imago

255 486 376 521 Spiritus
389 485 507 514 exsistit.
524 486 558 513 Et
572 486 805 521 quemadmodum
819 495 920 522 corpus
942 487 1046 522 absque

255 534 346 561 anima
360 538 498 560 mortuum
518 538 570 566 est,
589 542 641 562 nec
655 534 722 569 quid
745 542 877 569 peragere
893 535 965 562 valet
982 543 988 561 ε
1006 537 1047 563 sic

255 579 359 614 absque
387 579 495 606 ccelesti
524 580 634 612 anima,
663 579 767 614 absque
800 580 896 608 divino
929 581 1044 615 Spiritu,

255 630 363 652 mortua
376 630 419 653 est
439 633 454 652 a
471 633 556 660 regno
579 626 682 657 anima,
703 633 754 652 nec
778 630 869 660 potest
894 626 1046 661 quidquam

256 679 386 706 peragere
408 679 515 703 eorum,
527 679 589 707 quae
611 672 645 699 ad
668 671 754 700 Deum
768 672 921 707 pertinent,
939 671 1047 708 absque

256 717 373 752 Spiritu.

295 763 374 798 116
386 763 430 791 IV.
448 763 685 797 Quemadmodum
701 763 774 791 enim
792 764 943 792 statuarius
955 768 1047 792 atten-

257 809 298 836 dit
309 809 341 836 ad
362 808 460 836 faciem
483 809 566 844 regis,
581 813 638 836 tum
653 809 742 844 pingit
762 818 768 836 :
783 817 824 841 ac,
842 810 864 837 si
884 818 919 837 ex
931 810 1046 838 adversa

258 860 337 891 parte
351 855 386 882 sit
402 855 487 882 facies
502 855 585 890 regis,
595 855 742 882 intendens
753 855 781 882 in
796 855 886 890 ipsum
900 855 1045 890 pictorem,

257 900 338 929 facile
353 905 435 934 atque
452 901 594 936 eleganter
615 901 662 928 ille
677 901 824 936 imaginem
836 901 871 928 ad
889 901 981 928 vivum
996 901 1046 929 de-

257 945 367 981 pingit:
384 946 428 973 sin
452 953 520 973 vero
544 945 644 973 faciem
666 950 784 979 avertat,
807 947 922 982 pingere
939 947 1046 982 nequit,

257 999 292 1018 eo
305 991 378 1026 quod
392 991 505 1019 intentis
519 991 608 1019 oculis
620 999 675 1019 non
692 992 852 1019 intuebatur
864 992 1023 1028 pingentem
1039 1002 1046 1020 :

258 1037 355 1064 eodem
374 1045 484 1072 quoque
506 1037 588 1064 modo
604 1037 722 1073 insignis
741 1039 787 1066 ille
804 1039 893 1074 pictor
909 1039 1048 1071 Christus,

258 1083 438 1110 credentibus
452 1083 490 1116 ei,
508 1088 535 1111 et
549 1083 610 1112 ﬁxis
627 1092 690 1111 eum
703 1084 791 1112 oculis
803 1092 913 1119 semper
937 1085 1049 1112 intuen-

259 1129 344 1160 tibus.
361 1128 507 1156 confestim
521 1129 645 1165 depingit
665 1130 699 1157 ad
724 1130 872 1165 imaginem
892 1138 970 1158 suam
996 1131 1049 1158 ho-

259 1174 362 1202 minem
387 1175 538 1207 caelcstem,
559 1183 594 1202 ex
617 1175 677 1210 ipso
699 1175 816 1211 Spiritu,
837 1184 870 1203 ex
896 1177 1051 1204 substantia

260 1220 347 1255 ipsius
361 1221 474 1248 luminis
488 1221 592 1254 arcani,
602 1221 844 1257 pingitimaginem
856 1222 1009 1255 caelestem,
1023 1227 1052 1250 et

259 1267 375 1301 largitur
386 1266 411 1293 ci
424 1267 586 1301 praeclarum
607 1271 636 1294 et
658 1267 761 1294 bonum
776 1267 850 1295 illius
861 1275 1003 1303 sponsum.
1022 1268 1052 1296 Si

260 1313 324 1348 quis
336 1320 401 1348 ergo
414 1313 535 1341 immotis
547 1313 636 1341 oculis
642 1321 705 1341 eum
717 1321 772 1340 non
780 1321 890 1349 semper
898 1315 1050 1348 intueatur,

260 1360 361 1394 spretis
379 1360 519 1392 omnibus,
534 1368 706 1395 nequaquam
721 1361 817 1396 pinget
831 1361 964 1388 Dominus
983 1361 1052 1388 ima-

261 1407 351 1441 ginem
367 1406 427 1441 ejus
446 1415 462 1434 e
482 1414 532 1434 suo
546 1406 632 1441 ipsius
647 1406 761 1434 lumine.
779 1407 895 1441 Oportet
912 1414 979 1442 ergo
992 1406 1054 1433 tixis

263 1451 351 1479 oculis
365 1451 467 1479 intueri
488 1459 540 1479 nos
555 1459 630 1483 eum,
647 1451 773 1483 credere,
786 1457 814 1479 et
834 1451 950 1486 diligere
962 1451 1051 1484 illum,

262 1497 353 1524 omnia
364 1497 498 1532 projicere
509 1498 591 1532 eique
601 1497 755 1529 attendere,
768 1502 798 1524 ut
806 1497 900 1532 pingat
911 1497 954 1525 sui
967 1497 1054 1532 ipsius

1063 886 1085 915 Β
1101 887 1106 915 ἶ

1099 269 1168 292 σεως
1189 260 1302 295 ταύτης.
1318 260 1406 295 χαράν
1428 259 1571 295 ἐμποιοῦσι
1595 261 1645 287 καὶ
1664 260 1785 295 μεγάλην
1808 261 1890 294 ἀγαλ-

1098 306 1187 332 λίασιν
1208 306 1237 332 ἐν
1256 307 1381 340 οὐρανοῖς
1402 306 1459 337 τοῖς
1481 306 1628 340 γεννήσασι
1650 305 1770 339 γονεῦσι·
1790 307 1890 338 πάντες

1097 360 1127 378 τε
1152 351 1274 385 ἄγγελοι,
1300 351 1348 378 καὶ
1368 351 1498 386 δυνάμεις
1526 351 1602 385 ἇγιαι
1623 351 1748 386 χαίρουσι
1770 353 1802 386 τῇ
1818 351 1890 387 ψυχῇ

1097 399 1130 433 τῇ
1146 399 1179 425 ὲκ
1200 398 1358 432 Πνεύματος
1372 397 1544 432 γεννηθείσῃ,
1557 398 1604 424 καὶ
1623 398 1758 433 γενομένῃ
1772 398 1890 434 πνεῦμα.

1097 444 1183 471 Τοῦτο
1196 443 1250 479 γὰρ
1268 443 1300 470 τδ
1315 443 1394 478 σῶμα
1412 443 1540 478 ὁμοίωμα
1552 443 1683 477 τυγχάνει
1694 444 1744 479 τῆς
1759 444 1858 478 ψυχῆς,
1874 445 1891 480 ἡ

1097 490 1126 517 δὲ
1142 489 1215 525 ψυχὴ
1234 488 1316 516 εἰκὼν
1334 489 1382 516 τοῦ
1410 489 1570 524 Πνεύματος
1585 490 1715 524 ὑπάρχει·
1733 490 1780 516 καὶ
1795 490 1892 525 ὥσπερ

1097 535 1129 562 τό
1145 535 1226 570 σῶμα
1243 535 1328 570 χωρὶς
1343 535 1394 570 τῆς
1406 534 1497 570 ψυχῆς
1513 535 1610 570 νεκρόν
1630 536 1699 568 ἐστι,
1719 535 1800 571 μηδὲν
1814 536 1894 563 δυνά-

1103 589 1184 616 μενον
1200 580 1414 615 διαπράξασθαι,
1439 580 1525 611 οὓτως
1552 581 1617 608 ἄνευ
1646 581 1697 616 τῆς
1728 581 1892 617 ἐπουρανίου

1097 626 1196 662 ψυχῆς,
1207 627 1291 662 χωρὶς
1302 625 1350 652 τοῦ
1367 625 1458 652 Θεῐκοῦ
1476 625 1646 661 Πνεύματος,
1659 626 1745 662 νεκρά
1760 627 1892 661 τυγχάνει

1097 672 1154 700 ἀπὸ
1165 672 1215 707 τῆς
1232 671 1370 707 βασιλείας
1384 672 1402 707 ἡ
1416 671 1501 706 ψυχὴ,
1519 672 1600 707 μηδὲν
1617 672 1752 707 δυναμένη
1773 672 1892 708 διαπρά-

1099 719 1195 752 ξασθαι
1209 720 1264 746 τῶν
1280 719 1328 746 τοῦ
1342 719 1422 751 Θεοῦ,
1437 720 1501 747 ἄνευ
1512 719 1561 746 τοῦ
1579 719 1750 755 Πνεύματος.

1133 767 1170 792 Δ¹.
1185 766 1196 775 '
1205 766 1297 800 Ωσπερ
1310 765 1366 800 γὰρ
1377 765 1391 792 6
1403 765 1597 801 εἰκονογράφος
1609 765 1740 800 προσέχει
1755 765 1794 800 τῷ
1809 773 1895 800 προσ·

1097 811 1166 847 ώπιρ
1181 811 1228 838 τοῦ
1241 811 1383 846 βασιλέως,
1398 811 1446 837 καὶ⁹
1456 813 1569 846 γράφει·
1579 810 1627 837 καὶ
1643 811 1712 837 ὲπάν
1725 811 1755 843 ἐξ
1767 812 1894 847 ὲνσυτίαρς

1097 855 1115 894 ᾗ
1139 857 1170 884 τὸ
1197 858 1342 892 πρόσωπον
1362 857 1409 884 τοῦ
1437 857 1568 892 βασιλέως
1584 857 1717 892 προσέχον
1737 857 1812 892 αὐτῷ
1841 861 1894 895 pd-

1099 913 1189 939 φοντι,
1205 904 1325 935 εὐκόλως
1340 904 1387 931 καὶ
1407 903 1497 935 καλῶς
1513 904 1616 935 ἐκεῖνος
1632 904 1774 940 ζωγραφεῖ
1787 903 1835 934 τὴν
1852 904 1893 929 εἰ-

1100 949 1167 976 κόνα
1179 958 1186 965 ·
1203 950 1273 977 ἐπὰν
1297 949 1326 976 δὲ
1341 949 1501 986 ἀποστρέψῃ
1511 949 1541 983 τὸ
1560 949 1718 984 πρόσωπον,
1734 950 1765 976 οὐ
1782 949 1895 976 δύναται

1099 995 1215 1031 γράψαι,
1246 995 1292 1022 διὰ
1313 995 1345 1022 τὸ
1366 995 1404 1031 μὴ
1433 995 1567 1026 ἀτενίζειν
1595 994 1669 1030 αὑτῷ
1687 995 1728 1029 τῷ
1748 995 1893 1029 γράψοντι·

1099 1041 1147 1067 τὸν
1165 1041 1248 1068 αὑτὸν
1261 1041 1362 1076 τρόπον
1382 1041 1430 1067 καὶ
1444 1041 1458 1067 6
1486 1040 1569 1071 καλὸς
1595 1039 1741 1074 ζωγράφος
1763 1039 1892 1074 Χριστὸς.

1100 1089 1158 1119 τοῖς
1174 1087 1347 1114 πιστεύουσιν
1373 1086 1447 1121 αὐτῷ
1465 1087 1512 1113 καὶ
1535 1086 1706 1118 ἁτενίζουσιν
1729 1086 1773 1113 διὰ
1792 1086 1896 1116 παντὸς

1101 1133 1171 1169 πρὸς
1194 1133 1287 1166 αὐτὸν,
1306 1131 1407 1164 εὐθέως
1427 1133 1569 1168 ζωγραφεῖ
1584 1133 1654 1159 κατὰ
1673 1132 1722 1168 τὴν
1737 1132 1828 1158 εἰκόνα
1846 1132 1898 1158 αὖ-

1100 1178 1149 1205 τοῦ
1164 1178 1327 1213 ἐπουράνιον
1341 1177 1497 1213 ἄνθρωπον,
1516 1178 1549 1204 ἐκ
1562 1177 1610 1204 τοῦ
1625 1177 1706 1205 αὑτοῦ
1723 1177 1895 1212 Πνεύματοξ.

1102 1225 1135 1251 ὲκ
1150 1225 1200 1260 τῆς
1217 1224 1394 1255 ὑποστάσεως
1416 1223 1498 1251 αὑτοῦ
1515 1223 1563 1250 τοῦ
1577 1223 1665 1258 φωτὸς
1685 1223 1731 1250 τοῦ
1748 1223 1899 1257 ἀνεκλαλή-

1101 1279 1161 1303 του,
1176 1270 1277 1306 γράφει
1299 1269 1391 1296 εἰκόνα
1412 1269 1549 1304 οὐράνιον,
1573 1269 1620 1296 καὶ
1643 1269 1751 1296 δίδωσιν
1766 1270 1835 1304 αὐτῇ
1851 1269 1899 1296 τὸν

1103 1317 1186 1344 καλὸν
1209 1316 1257 1344 καὶ
1275 1315 1378 1350 ἀγαθὸν
1401 1315 1488 1350 αὐτῆς
1507 1315 1636 1350 νυμφίον.
1665 1315 1698 1341 Εἰ
1710 1324 1752 1346 τις
1779 1314 1825 1341 οὖν
1846 1314 1899 1341 οὐκ

1103 1363 1221 1396 ἀτενίξει
1242 1363 1288 1389 διὰ
1303 1362 1405 1393 παντδς
1425 1361 1493 1396 πρὸς
1509 1361 1589 1387 αὺτδν
1606 1361 1660 1387 τῶν
1677 1361 1786 1387 πάντων
1810 1361 1899 1395 ὑπερ-

1105 1409 1168 1436 ιδὼν
1180 1429 1188 1441 ,
1200 1409 1230 1435 οὐ
1249 1408 1286 1443 μὴ
1304 1407 1417 1443 γράψῃό
1427 1406 1529 1441 Κύριος
1541 1406 1623 1433 αὑτοῦ
1640 1406 1688 1441 τὴν
1705 1406 1796 1432 εἰκόνα
1806 1407 1837 1432 ἐκ
1850 1405 1899 1432 τοῦ

1105 1454 1203 1482 ἑαυτοῦ
1221 1454 1320 1488 φωτός.
1337 1453 1397 1489 Χρὴ
1414 1452 1505 1479 τοίνυν
1522 1453 1656 1484 άτενίζειν
1668 1453 1743 1487 ἡμᾶς
1761 1452 1801 1483 εἰς
1817 1451 1900 1478 αὑτὸν

1105 1501 1292 1531 πιστεύοντας.
1312 1500 1360 1526 καὶ
1387 1499 1551 1534 ἀγαπῶντας
1574 1498 1674 1529 αὑτὸν,
1691 1498 1781 1524 πάντα
1802 1497 1900 1532 ῥίψαν-

263 1543 410 1578 imagincm
426 1543 568 1571 cmlestem
581 1547 610 1571 et
624 1543 754 1570 immittat
764 1543 864 1571 animis
880 1543 1000 1571 nostris:
1013 1547 1052 1570 at-

1104 1555 1163 1578 τας,
1180 1546 1227 1573 καὶ
1243 1545 1318 1581 αὐτῷ
1334 1546 1532 1581 προσέχοντας’
1551 1544 1595 1571 ἵνα
1611 1543 1722 1580 γράψας
1737 1543 1786 1579 τὴν
1801 1543 1900 1569 ἑαυτοῦ

265 1597 320 1623 que
339 1588 379 1616 sic
403 1597 453 1616 nos
479 1593 618 1624 gestantes
641 1588 794 1620 Christum,
814 1589 899 1616 vitam
922 1594 1053 1616 aeternam

263 1642 466 1670 consequamur
479 1640 521 1667 ,et
533 1635 599 1663 hinc
607 1635 719 1663 certiori
742 1635 842 1663 fiducia
861 1635 922 1663 fulti
943 1636 1054 1671 requie-

264 1687 383 1708 scamus.

301 1774 333 1802 V.
351 1774 470 1802 Perinde
486 1781 518 1802 ac
529 1779 638 1802 moneta
655 1783 748 1808 aurea,
760 1775 814 1803 nisi
831 1775 992 1811 impressam
1003 1777 1054 1804 ha-

264 1821 357 1848 buerit
377 1821 480 1856 regiam
498 1821 657 1856 imaginem,
676 1829 730 1849 non
750 1822 777 1849 in
799 1823 967 1850 commercio
990 1830 1054 1849 ver—

264 1867 319 1895 sari
335 1871 437 1902 potest,
457 1875 509 1895 nec
526 1868 554 1894 in
570 1867 644 1902 regis
660 1867 805 1895 thesauros
822 1868 992 1900 reconditur,
1007 1868 1055 1895 sed

265 1912 389 1948 rejicitur
408 1922 416 1941 :
436 1913 476 1940 sic
492 1921 602 1948 quoque
614 1913 715 1945 anima,
739 1913 792 1940 nisi
812 1913 941 1941 habuerit
957 1914 1055 1949 imagi-

265 1967 329 1986 nem
343 1959 464 1986 coelestis
487 1959 608 1994 Spiritus
621 1959 648 1986 in
663 1960 768 1987 lumine
783 1967 895 1992 arcano,
913 1960 1054 1988 Christum

267 2004 294 2031 in
316 2012 346 2032 se
370 2005 548 2039 insculptum,
563 2013 617 2032 non
637 2009 678 2032 est
695 2005 841 2032 commoda
867 2005 900 2032 ad
921 2013 1056 2040 supernos

267 2048 423 2081 thesauros,
436 2055 464 2076 et
483 2057 498 2075 a
513 2049 717 2077 mercatoribus
730 2050 819 2085 regni,
837 2050 976 2084 praeclaris
991 2058 1056 2085 apo-

267 2094 355 2125 stolis,
369 2094 518 2128 respuitur.
541 2094 593 2128 Qui
619 2095 694 2122 enim
721 2096 854 2122 invitatus
876 2095 975 2128 fuerat,
1000 2104 1055 2123 non

268 2143 419 2165 exornatus
435 2143 511 2166 veste
534 2139 662 2174 nuptiali,
678 2145 809 2175 tanquam
834 2141 940 2168 alienus
952 2141 1057 2176 (-jcctus

269 2187 312 2211 est
328 2183 354 2210 in
371 2186 523 2212 exteriores
547 2185 686 2217 tenebras,
712 2193 745 2213 eo
763 2186 836 2220 quod
859 2195 913 2214 non
935 2191 1055 2222 gestaret

1105 1593 1198 1620 εἰκόνα
1224 1594 1273 1628 τὴν
1294 1592 1467 1626 ἐπουράνιον,
1489 1591 1639 1626 ἀποστείλῃ
1668 1591 1698 1616 ὲν
1719 1591 1779 1622 ταῖς
1797 1589 1900 1624 ψυχαῖς

1105 1639 1193 1675 ἡμῶν·
1219 1639 1265 1666 καὶ
1287 1638 1373 1670 οὕτως
1402 1638 1570 1672 φορέσαντες
1599 1636 1645 1662 τὸν
1679 1636 1796 1672 Χριστὸν
1823 1635 1898 1669 ζωὴν

1105 1685 1215 1712 αἰώνιον
1241 1684 1380 1720 λάὸωμεν,
1398 1684 1447 1710 καὶ
1464 1682 1630 1710 ἀπεντεῦθεν
1644 1682 1900 1719 πληροφορηϐἐντες

1105 1730 1220 1756 ἀναπαῶ
1224 1738 1283 1765 μεν.

1141 1777 1178 1803 E'.
1196 1776 1302 1811 Ὥσπερ
1321 1777 1350 1802 τὺ
1365 1776 1485 1812 νόμισμα
1507 1775 1555 1802 τοῦ
1570 1774 1694 1810 χρυσίου,
1713 1774 1759 1800 ἐὰν
1774 1773 1811 1809 μὴ
1827 1773 1898 1809 λάϐῃ

1105 1823 1153 1850 καὶ
1176 1823 1318 1858 ὲντυπωΘῇ
1333 1822 1381 1857 τὴν
1409 1821 1551 1857 βασιλικὴν
1569 1821 1678 1854 εἰκόνα,
1695 1820 1757 1847 οὔτε
1781 1822 1820 1852 εἰς
1849 1821 1900 1855 ἐμ-

1107 1869 1204 1904 πορίαν
1236 1869 1395 1904 ἀπέρχεται,
1424 1867 1485 1894 οὕτε
1517 1868 1557 1899 εἰς
1589 1867 1721 1902 βασιλέως
1739 1866 1895 1901 θησαυροὺς

1106 1912 1279 1944 ἀποτίθεται,
1292 1911 1374 1938 μάλλά
1396 1912 1550 1945 ἀπόϐλητον
1579 1912 1720 1946 τυγχάνει*
1750 1910 1836 1941 οὕτως
1851 1911 1900 1937 καί⁵

1106 1957 1123 1992 ὴ
1135 1957 1219 1992 ψυχὴ,
1237 1957 1284 1983 ἐὰν
1301 1957 1338 1992 μὴ
1354 1957 1402 1992 ἔχῃ
1421 1957 1513 1983 εἰκόνα
1525 1956 1570 1983 τοῦ
1589 1955 1750 1991 ἐπουρανίου
1773 1956 1900 1990 Πνεῦμα-

1106 2011 1152 2034 τος
1179 2003 1208 2029 ὲν
1227 2004 1297 2037 φωτὶ
1325 2003 1449 2039 ἀρρήτῳ,
1475 2003 1593 2038 Χριστὸν
1621 2001 1842 2037 ἐντετυπωμένον
1871 2003 1900 2027 ἐν

1107 2049 1188 2084 αὐτῇ,
1207 2048 1237 2074 οὐ
1263 2048 1426 2083 χρησιμεύει
1444 2049 1484 2079 εἰς
1507 2048 1570 2079 τοὺς
1589 2048 1644 2074 ἄνω
1672 2047 1835 2082 θησαυροὺς,
1851 2047 1899 2072 καὶ

1108 2094 1160 2120 ὑπὸ
1173 2094 1225 2120 τῶν
1240 2094 1368 2129 ἐμπόρων
1379 2094 1428 2127 τῆς
1441 2093 1578 2128 βασιλείας
1591 2093 1644 2119 τῶν
1662 2092 1753 2119 καλῶν
1782 2091 1900 2118 ἀποστό-

1107 2140 1160 2167 λων
1177 2140 1328 2174 ἁπὸελητος
1343 2141 1456 2174 γίνεται.
1467 2140 1521 2166 Καὶ
1543 2139 1597 2174 γάρ
1621 2140 1635 2165 6
1650 2138 1773 2174 κληθεὶς,
1792 2137 1839 2164 καὶ
1861 2137 1899 2172 μὴ

1109 2186 1199 2221 φορῶν
1216 2186 1246 2212 τὸ
1258 2185 1359 2220 ἔνδυμα
1380 2185 1426 2212 τοῦ
1439 2186 1540 2220 γάμου,
1558 2185 1595 2216 ὠς
1611 2185 1750 2220 ἀλλότριος
1767 2183 1898 2218 ἐξεϐλήθη

269 2229 415 2264 imaginem
428 2230 578 2258 caelestem.
593 2230 651 2258 Hoc
664 2231 737 2258 enim
755 2237 797 2259 est
811 2232 918 2267 signum
935 2241 967 2260 ac
981 2233 1052 2269 sigil‘

1111 2233 1149 2263 εἰς
1162 2232 1191 2258 τὸ
1208 2231 1348 2266 ἀλλότριον
1374 2231 1479 2262 σκότος,
1506 2230 1544 2265 μὴ
1561 2230 1652 2265 φορῶν
1665 2230 1715 2264 τὴν
1739 2229 1830 2255 εἰκόνα
1849 2228 1900 2263 τὴν

267 2274 324 2302 lum
341 2275 449 2302 Domini
461 2276 560 2304 animis
578 2277 752 2311 impressum,
779 2278 899 2313 Spiritus
921 2279 1054 2306 nimirum

268 2321 381 2355 luminis
392 2322 497 2349 arcani.
514 2322 547 2349 Et
561 2323 793 2357 quemadmodum
812 2329 937 2352 mortuus
952 2326 1058 2353 inutilis

267 2370 322 2400 est,
340 2375 391 2395 nec
409 2368 522 2396 omnino
547 2369 612 2403 quid
639 2370 795 2397 commodat
818 2371 863 2402 iis,
887 2371 934 2406 qui
951 2372 995 2398 hic
1015 2372 1058 2399 vi-

268 2417 353 2446 vunt;
370 2418 540 2448 quapropter
555 2419 699 2449 exportant
721 2423 831 2450 quoque
851 2423 913 2443 eum
929 2425 961 2443 ex
979 2417 1057 2449 urbe,

268 2462 298 2486 et
322 2459 397 2486 humi
426 2459 589 2495 deponunt:
607 2461 647 2488 sic
661 2469 771 2496 quoque
790 2462 891 2494 anima,
916 2471 978 2498 quae
1002 2471 1058 2490 non

269 2508 358 2539 gestat
377 2505 518 2533 caelestem
544 2506 631 2533 divini
656 2507 768 2534 luminis
783 2507 949 2541 imaginem,
974 2509 1058 2536 vitam

270 2550 378 2578 scilicet
401 2551 512 2583 animas,
531 2552 607 2579 velut
631 2553 747 2587 reproba
768 2561 801 2580 ac
817 2554 898 2588 plane
925 2555 1060 2589 rejectitia

270 2595 373 2623 evadit.
386 2595 448 2623 Non
465 2597 539 2623 enim
555 2598 714 2624 commodat
731 2598 769 2625 illi
781 2598 885 2626 civitati
900 2605 1059 2627 sanctorum

270 2641 362 2668 anima
377 2646 496 2674 mortua,
509 2650 571 2677 qua:
591 2651 647 2670 non
669 2644 741 2679 gerit
756 2645 878 2672 lucidum
892 2653 924 2672 ac
936 2646 1059 2673 divinum

271 2687 659 2722 Spiritum.Quemadmodum
674 2690 747 2717 enim
761 2690 788 2718 in
800 2691 903 2719 mundo
922 2692 978 2720 vita
997 2700 1060 2719 cor-

272 2732 348 2767 poris
362 2737 404 2760 est
419 2734 511 2761 anima
530 2743 536 2760 :
551 2734 591 2762 sic
608 2743 718 2770 quoque
734 2736 763 2762 in
784 2740 889 2764 aeterno
909 2745 941 2764 ac
955 2737 1059 2765 caelesti

273 2776 378 2805 mundo
394 2777 494 2805 anima:
506 2779 562 2806 vita
575 2784 617 2808 cst
629 2780 750 2814 Spiritus
761 2780 882 2809 divinus.

1108 2276 1277 2312 ἐπουράνιον.
1293 2275 1379 2301 Τοῦτο
1393 2275 1447 2310 γὰρ
1463 2276 1574 2309 σημεῖον
1599 2274 1646 2300 καὶ
1669 2274 1760 2308 σίγνον
1779 2273 1898 2308 ὑπάρχει

1108 2321 1155 2348 τοῦ
1175 2322 1277 2356 Κυρίου
1295 2321 1492 2355 ἐντυπούμενον
1505 2322 1565 2352 ταῖς
1586 2320 1696 2355 ψυχαῖς,
1717 2319 1826 2354 πνεῦμα
1846 2327 1900 2352 φω-

1108 2367 1153 2399 τὸς
1167 2367 1287 2402 ἀρρήτου
1304 2366 1435 2401 ὑπάρχον.
1452 2365 1507 2391 Καὶ
1526 2365 1621 2400 ὥσπερ
1640 2366 1653 2391 6
1666 2364 1762 2399 νεκρὸς
1779 2364 1899 2398 ἀχρεῖος,

1109 2413 1157 2440 καὶ
1177 2413 1246 2442 ὅλως
1269 2412 1306 2447 μὴ
1325 2411 1500 2446 χρησιμεύων
1521 2411 1577 2442 τοῖς
1602 2411 1662 2437 ἐκεῖ
1680 2411 1737 2436 ἐστι
1750 2418 1757 2425 ·
1784 2410 1823 2436 διὸ
1853 2410 1901 2435 καὶ

1110 2458 1300 2493 ἐκκομίζουσιν
1312 2458 1392 2483 αὐτὸν
1403 2457 1455 2489 ἔξω
1466 2458 1513 2491 τῆς
1528 2456 1633 2487 πόλεως
1645 2457 1691 2483 καὶ
1699 2455 1899 2482 κατατίθενται·

1110 2504 1196 2535 οὕτως
1209 2503 1257 2530 καὶ
1275 2504 1291 2538 ἡ
1305 2503 1377 2538 ψυχὴ
1390 2504 1406 2538 ἡ
1424 2503 1461 2538 μὴ
1478 2503 1598 2537 φέρουσα
1616 2502 1666 2536 τὴν
1680 2501 1838 2535 ἐπουράνιον
1852 2500 1900 2526 τοῦ

1111 2549 1201 2575 οεῖκοῡ
1219 2549 1307 2583 φωτός
1325 2549 1428 2580 εἰκόνα,
1451 2548 1501 2583 τὴν
1528 2548 1600 2583 ζωὴν
1624 2547 1675 2582 τῆς
1691 2547 1790 2583 ψυχῆς,
1806 2547 1901 2582 ὥσπερ

1110 2595 1238 2630 ἀδόκιμος
1263 2595 1309 2621 καὶ
1328 2595 1416 2631 πάντη
1434 2595 1587 2630 ἀπόϐλητος
1601 2595 1739 2630 τυγχάνει·
1758 2595 1788 2621 οὺ
1803 2603 1901 2630 χρησι-

1112 2641 1190 2677 μεύει
1212 2641 1266 2676 γὰρ
1286 2641 1326 2672 εἰς
1340 2640 1448 2676 ἐκείνην
1464 2640 1513 2676 τὴν
1538 2641 1615 2667 πόλιν
1638 2641 1692 2667 τῶν
1716 2640 1800 2675 ἁγίων
1817 2640 1902 2675 νεκρὰ

1109 2686 1194 2721 ψυχὴ,
1219 2686 1257 2722 μὴ
1277 2687 1397 2721 φέρουσα
1427 2687 1556 2721 φωτεινὸν
1580 2687 1626 2713 καὶ
1653 2687 1743 2713 ϐεῖκὸν
1776 2686 1900 2720 Πνεῦμα.

1112 2732 1217 2767 Ὥσπερ
1243 2734 1298 2768 γάρ
1323 2733 1359 2759 ἐνΔ
1372 2733 1469 2768 κόσμῳ
1497 2733 1553 2769 ζωὴ
1578 2732 1625 2759 τοῦ
1646 2733 1772 2767 σώματος
1796 2733 1901 2767 ἡψυχὴ

1110 2778 1195 2809 ἐστιν,
1206 2777 1294 2809 οὕτως
1307 2779 1354 2804 καὶ
1364 2779 1393 2805 ὲν
1407 2778 1446 2813 τῷ
1459 2779 1560 2813 αἰωνίῳ
1574 2778 1622 2804 καὶ
1636 2778 1790 2813 ἐπουρανίῳ
1805 2779 1903 2812 κόσμῳ

1111 2824 1160 2859 τῆς
1175 2823 1263 2859 ψυχῆς
1277 2824 1294 2858 ἡ
1309 2823 1376 2859 ζωὴ,
1393 2825 1424 2850 τὸ
1442 2824 1553 2859 Πνεῦμα
1566 2825 1615 2859 τῆς
1629 2824 1754 2859 θεότητος
1771 2824 1900 2860 ὑπάρχει.

309 2866 354 2894 Π.
370 2867 484 2902 Oportet
498 2868 581 2904 igitur
604 2874 773 2905 quaerentem
792 2871 918 2905 crcdcrc,
933 2876 962 2900 ct
982 2879 1046 2900 accc

1148 2869 1254 2906 ς’.)ἆρὴ
1264 2869 1353 2897 τοίνυν
1365 2870 1410 2897 τὸν
1420 2870 1552 2906 ζητοῦντα
1564 2869 1706 2897 πιστεῦσαι
1721 2870 1768 2898 καὶ
1785 2871 1901 2905 προσελ-
