2078 3151
231 165 285 198 725

818 164 1004 196 HOMILIE.
1019 177 1055 184 ·-
1065 166 1160 197 ΗΟΜ.
1181 166 1272 196 ΧΧΧ.

1808 165 1863 199 726

231 221 289 247 θεῖν
298 218 338 255 τῷ
353 218 460 255 Κυρίῳ,
470 218 640 254 παρακαλεῖν
652 217 778 246 ιντεῦθεν
791 219 884 246 λαϐεῖν
895 219 927 246 τὸ
935 219 1016 246 θεῑκὺῖ

1076 219 1142 248 dere
1156 221 1192 248 ad
1213 220 1371 254 Dominum,
1387 220 1534 249 obsecrare
1547 224 1580 248 ut
1592 220 1659 248 hinc
1678 227 1863 257 consequatur

231 265 354 301 Πνεῦμαο
368 265 436 292 αὐτὸ
459 265 513 300 γάρ
525 266 599 292 ἔστιν
622 266 638 301 ἠ
655 266 712 301 ζωὴ
732 266 782 300 τῆς
802 266 903 301 ψυχῆς,
919 266 966 292 καὶ
978 265 1023 292 διὰ

230 313 309 340 τοῦτο
323 313 470 348 ιποιήσατο
487 311 537 347 τὴν
549 311 655 338 ἐλευσιν
666 313 681 339 ό
696 312 809 347 Κύριος,
826 313 870 339 ἵνα
887 311 960 348 ζωὴν
977 313 1021 339 ὲν-

229 357 325 385 τεῦθεν
341 357 380 393 δῷ
399 358 433 393 τῇ
461 356 546 393 ψυχῇ,
562 357 594 384 τὸ
613 357 724 392 Πνεῦμα
738 356 821 384 αὑτοῦ
833 364 841 373 ⁸
853 356 932 390 Ἕως
953 357 1021 391 γὰρ,

230 403 308 438 φησὶ,
322 403 408 438 ἔχετε
427 404 460 430 τὸ
473 402 547 437 φῶς,
565 403 722 430 πιστεύετε
734 403 779 435 εὶς
797 402 830 429 τὸ
844 402 918 437 φῶς·
939 402 1023 437 ἔρχε-

229 457 278 476 ται
302 449 372 482 νὺξ,
395 450 445 477 ὅτε
469 450 570 477 οὐκέτι
586 450 719 477 δύνασθε
732 448 914 484 ἐργάζεσθαι.
932 449 967 475 Εἴ
981 457 1024 479 τις

229 495 320 522 τοίνυν
334 495 384 522 οὐκ
409 495 542 531 ἐζήτησεν
563 495 689 523 ἐντεῦθεν
717 495 766 522 καὶ
790 494 870 521 ἔλασε
901 494 974 529 ζωὴν
987 495 1020 529 τῇ

229 541 302 576 ψυχῇ
317 541 347 568 τὸ
364 541 454 568 θεῖκὺν
471 542 529 575 φῶς
550 542 598 568 τοῦ
624 541 792 576 Πνεύματος,
815 541 844 566 ὲν
862 540 901 575 τῷ
914 540 1022 576 ἐξερχε-

230 587 293 613 σθαι
320 587 367 614 τοῦ
397 587 532 622 σώματος,
557 589 586 614 ἐν
611 589 667 619 τοῖς
696 588 850 623 ἀριστεροῖς
864 587 958 617 τόποις
971 586 1019 612 τοῦ

230 633 342 663 σκότους
358 632 408 667 ἠδη
429 632 589 667 ἀφορίζεται
601 653 609 664 ,
630 633 670 664 είς
688 633 826 668 βασιλείαν
840 632 963 668 οὐρανῶν
982 633 1018 667 μὴ

230 677 431 713 εἰσερχόμενος,
458 679 486 704 ὲν
512 678 609 714 γεέννῃ
628 677 658 705 τὸ
685 678 761 709 τέλος
788 678 858 712 ἔχων
880 677 949 712 μετὰ
971 676 1018 703 τοῦ

230 722 352 749 διαϐόλου
367 723 415 749 καὶ
432 722 485 749 τῶν
499 723 622 757 ἀγγέλων
637 723 729 750 αὐτοῦ.
746 723 779 748 "H
798 723 892 757 ὥσπερ
908 722 1019 757 χρυσίον

229 770 247 804 ἢ
267 769 410 804 ἀργύριον,
437 769 505 795 ὲπᾶν
531 768 655 804 ὶμΰληθῇ
671 768 711 804 τῷ
727 769 804 804 πυρὶ,
827 768 1019 804 καθαρώτερον

229 816 276 842 καὶ
295 815 479 851 δοκιμώτερον
493 815 608 849 γίνεται,
626 815 674 841 καὶ
689 815 766 841 οὐδὲν
779 814 889 841 δύναται
905 814 1019 840 ἀλλοιῶ-

229 870 274 889 σαι
289 857 367 895 αὖτὺ,
382 859 437 888 οἷον
458 861 533 894 ξύλα,
547 862 563 897 ἢ
580 862 675 896 χόρτος
690 871 696 877 ·
711 861 800 888 πάντα
819 862 873 896 γὰρ
887 860 971 887 ἐσθίει
984 861 1017 887 τὰ

1073 264 1208 299 Spiritum
1233 266 1378 294 divinum:
1394 267 1451 302 ipse
1466 266 1541 295 enim
1557 271 1600 294 est
1613 267 1670 294 vita
1699 266 1797 294 animae
1808 286 1817 298 ,
1835 272 1864 294 ω.

1072 315 1220 346 propterea
1247 312 1360 340 advenit
1382 313 1525 346 Dominus,
1540 317 1570 340 ut
1591 313 1657 340 hinc
1681 312 1767 340 vitam
1782 312 1865 348 largi-

1073 361 1150 384 retur
1163 357 1271 390 animae,
1294 358 1429 393 Spiritum
1451 366 1550 393 nempe
1562 366 1643 385 suum
1661 367 1668 384 :
1688 358 1758 385 Dum
1780 359 1862 391 enim,

1073 402 1175 436 inquit,
1191 402 1276 430 lucem
1289 403 1402 437 habetis,
1425 404 1522 430 credite
1540 405 1568 430 in
1586 404 1669 431 lucem
1682 412 1691 430 :
1706 404 1777 430 venit
1798 412 1862 436 nor,

1071 447 1180 481 quando
1196 457 1273 475 nemo
1283 454 1368 484 potest
1378 450 1486 485 operari
1494 450 1515 477 '.
1532 450 1561 476 Si
1571 449 1633 484 quis
1643 457 1710 485 ergo
1721 457 1776 476 non
1788 457 1863 483 qmc-

1071 492 1151 520 sierit
1168 494 1243 527 hinc,
1265 499 1294 522 et
1314 500 1481 523 consecutus
1499 495 1585 522 fuerit
1598 495 1683 522 vitam
1696 495 1805 527 animae,
1820 495 1862 522 di-

1071 539 1166 566 vinum
1180 540 1273 567 lumen
1291 540 1423 575 Spiritus,
1438 541 1482 568 ille
1495 541 1541 567 ubi
1561 541 1689 575 migrabit
1702 549 1717 567 e
1731 548 1859 573 corpore,

1071 585 1100 612 in
1126 586 1238 613 sinistra
1262 586 1322 613 loca
1353 587 1531 614 tenebrarum
1556 587 1611 621 jam
1636 591 1807 621 segregatur,
1833 587 1861 613 in

1073 636 1190 664 regnum
1220 630 1353 657 emlornm
1385 638 1440 657 non
1466 630 1635 665 ingrediens,
1659 635 1757 657 nactus
1779 630 1860 657 ﬁnem

1071 675 1099 701 in
1119 674 1245 709 gebenna
1261 683 1324 702 cum
1338 675 1447 703 diabolo
1460 681 1488 703 et
1504 676 1609 711 angelis
1619 677 1688 711 ejus.
1698 677 1752 704 Aut
1764 684 1862 711 quem-

1070 719 1218 746 admodum
1229 728 1327 747 aurum
1345 721 1386 748 vel
1396 726 1550 756 argentum,
1558 722 1714 757 conjectum
1723 722 1749 749 in
1759 722 1861 757 ignem,

1071 766 1168 801 purius
1190 771 1217 794 et
1238 768 1382 801 probatius
1411 767 1540 800 edicitur,
1564 776 1616 795 nec
1642 768 1792 803 quidquam
1814 776 1860 803 po-

1071 816 1124 838 test
1147 812 1213 839 illud
1239 818 1357 844 mutare,
1375 820 1473 847 nempe
1498 813 1540 840 vel
1556 813 1661 847 lignum
1682 813 1725 839 vel
1755 813 1860 839 herba:

1069 859 1162 886 omnia
1177 859 1251 886 enim
1269 859 1321 886 sibi
1341 859 1447 894 adjecta
1463 860 1612 891 consumit,
1631 868 1692 894 qua:
1706 860 1818 894 quidem
1835 860 1861 886 in

228 909 437 944 προσερχόμενα
453 907 538 943 αὐτῷ,
555 907 611 943 πῦρ
630 908 686 943 γὰρ
698 908 849 942 γίγνονταιο
866 906 953 938 οὓτως
971 906 1016 932 καὶ

1069 905 1159 940 ignem
1185 905 1306 932 evadunt
1328 914 1334 932 :
1351 906 1391 933 sic
1422 914 1533 941 quoque
1553 906 1646 933 anima
1670 906 1698 933 in
1716 906 1778 941 igne
1799 906 1862 940 Spi-

228 955 244 990 ἡ
262 954 335 989 ψυχὴ
355 955 384 980 ὲν
396 953 436 989 τῷ
455 954 522 989 πυρὶ
539 954 586 980 τοῦ
619 953 779 988 Πνεύματος
796 952 1019 988 ἀναστρεφομένη

228 1001 275 1027 καὶ
298 1000 337 1035 τῷ
353 999 435 1035 θεῖχῷ
453 1000 532 1034 φωτὶ,
558 1000 603 1026 ὑπ’
622 999 728 1030 οὐδενός
747 1007 773 1025 τι
793 998 877 1026 κακὸν
897 999 1020 1025 πείσεται

226 1046 281 1072 τῶν
299 1046 427 1081 πονηρῶν
445 1046 619 1080 πνευμάτων.
637 1046 668 1072 Εἰ
687 1045 716 1072 δὲ
736 1044 783 1071 καὶ
804 1044 978 1080 προσεγγίσει
994 1052 1020 1070 τι

227 1093 306 1128 αὐτῇ,
323 1092 499 1119 ἀναλίσκεται
518 1092 570 1118 ὑπὸ
595 1091 642 1118 τοῦ
671 1091 833 1126 ἐπουρανίου
859 1091 945 1125 πυρὸς
972 1090 1019 1117 τοῦ

228 1139 397 1174 Πνεύματος.
417 1139 452 1165 Ἢ
474 1138 569 1173 ὥσπερ
588 1138 722 1168 πετεινὶιν,
741 1137 812 1164 ἐπὰν
832 1138 861 1164 ὲν
883 1136 944 1171 ὕψει
970 1145 1020 1163 πε-

226 1185 322 1220 τασϐῇ,
338 1185 490 1220 ἀμέριμνόν
513 1185 597 1217 ἐστιν,
616 1184 653 1216 ὡς
671 1184 753 1219 μηδὲν
774 1183 902 1215 δεδοικὸς,
919 1183 1018 1218 θηρευ-

226 1231 286 1262 τὰς,
304 1231 321 1266 ἢ
339 1230 422 1266 θηρία
444 1230 561 1266 πονηρά·
590 1230 646 1257 ἄνω
673 1230 727 1265 γάρ
754 1237 804 1256 που
828 1228 859 1255 ὃν
880 1223 1019 1264 καταγελᾷ

227 1278 347 1304 πάντωψ
360 1277 432 1304 οὕτω
451 1277 497 1304 καὶ
521 1277 594 1312 ψυχὴ
611 1276 731 1303 λαϐοῦσα
749 1276 800 1307 τὰς
815 1275 955 1310 πτέρυγας
971 1274 1018 1301 τοῦ

227 1323 395 1358 Πνεύματος,
416 1324 464 1350 καὶ
488 1324 528 1355 είς
549 1323 582 1350 τὰ
610 1323 700 1357 ὑψηλὰ
725 1322 772 1349 τοῦ
798 1320 913 1357 οὐρανοῦ
939 1330 1018 1348 πετο-

228 1370 306 1405 μένη,
323 1370 432 1397 πάντων
456 1370 581 1405 ἁνωτέρα
596 1369 674 1401 οὖσα,
689 1369 797 1396 πάντων
814 1367 963 1402 καταγελᾷ.
1010 1383 1012 1385 ι

260 1416 299 1443 Z'.
318 1416 373 1442 Καὶ
395 1416 409 1441 ὁ
425 1415 474 1449 μὲν
490 1416 559 1442 κατὰ
576 1415 665 1450 σάρκα
687 1414 806 1450 Ἰσραὴλ,
828 1414 888 1440 τότε
905 1413 1017 1448 σχίσαν-

225 1470 270 1493 τος
286 1461 406 1492 Μωσέως
416 1460 465 1496 τὴν
481 1461 630 1493 θάλασσαν,
643 1461 784 1495 διήρχοντο
797 1460 883 1486 κάτω·
900 1457 973 1486 οὗτοι
988 1458 1017 1484 δὲ

225 1507 307 1533 τέκνα
328 1506 396 1533 Θεοῦ
413 1506 489 1538 ὄντες
503 1506 595 1532 ἐπάνω
610 1506 807 1541 περιπατοῦσιν
826 1505 873 1531 ἐπὶ
896 1504 945 1540 τὴν
968 1503 1017 1531 θά-

227 1553 330 1580 λασσαν
353 1553 402 1587 τῆς
430 1552 543 1586 πικρίας
568 1551 622 1579 τῶν
649 1551 775 1586 πονηρῶν
800 1551 952 1586 δυνάμεων.
968 1549 1017 1582 ᾖΤὺ

227 1600 306 1634 σῶμα
322 1599 376 1635 γὰρ
394 1599 440 1626 καὶ
456 1600 472 1634 ἡ
488 1598 562 1633 ψυχὴ
577 1597 668 1624 αὐτῶν
686 1597 758 1629 οἶκος
778 1597 846 1624 Θεοῦ
862 1597 1015 1631 γεγόνασιν·

169 1644 172 1647 ’
225 1646 254 1672 ὲν
270 1645 362 1682 ὲκείνῃ
386 1647 419 1681 τῇ
443 1645 545 1681 ἡμέρᾳ,
563 1645 608 1671 ὅτε
632 1644 730 1670 ἔπεσεν
744 1645 757 1671 ὀ
780 1644 875 1679 Ἀδὰμ.
898 1641 980 1679 ἦλθεν
1004 1643 1018 1669 ὁ

225 1692 290 1724 Θεὸς
306 1692 465 1728 περιπατῶν
486 1694 514 1718 ἐν
533 1691 572 1726 τῷ
591 1691 759 1726 παραδείσῳ,
775 1691 917 1721 ἔκλαυσεν,
931 1691 969 1721 ὡς
980 1691 1018 1716 εί-

226 1738 297 1767 πείν,
314 1737 374 1763 ἰδὼν
386 1737 431 1763 τὸν
454 1737 551 1771 Ἀδὰμ,
570 1736 618 1762 καὶ
632 1736 753 1771 εἴρηκεν
775 1736 826 1762 Ἐκ
837 1735 930 1762 ποίων
945 1735 1018 1768 ἀγα-

225 1782 286 1810 θῶν
303 1784 373 1811 ποῖα
402 1784 530 1818 ᾐρετίσω
545 1783 623 1810 κακά
644 1783 653 1810 .'
663 1783 697 1809 ἐκ
715 1783 801 1815 ποίας
821 1782 914 1814 δόξης
928 1782 1018 1808 ποίαν

225 1830 377 1862 αἰσχύνην
392 1829 506 1863 φορεῖς]
520 1829 548 1855 τί
565 1828 722 1860 σκοτεινὸς
736 1828 764 1854 εἴ
774 1828 848 1854 νῦν]
871 1829 899 1854 τί
916 1827 1017 1854 δυσει-

226 1874 303 1908 δής]
336 1875 365 1901 τί
388 1875 504 1908 σαπρός
520 1875 574 1902 Ιὲκ
593 1875 681 1901 ποίου
701 1874 797 1909 φωτὸς
819 1872 884 1900 οἷον
907 1874 1017 1906 σκότος

226 1920 363 1954 ἐκάλυψέ
384 1929 419 1947 σε
439 1921 448 1947 !
464 1922 510 1947 καὶ
533 1921 660 1951 πεσόντος
675 1920 722 1946 τοῦ
742 1920 827 1954 Ἀδὰμ
842 1920 889 1946 καὶ
911 1918 1016 1944 ἀποθα-

226 1965 317 1996 νόντος
341 1966 395 1992 ἀπὸ
421 1965 468 1992 τοῦ
488 1966 567 1998 Θεοῦ,
588 1966 720 1992 ἔκλαυσεν
745 1965 825 1991 αὑτὸν
843 1965 857 1991 ὁ
885 1965 1015 1999 Ποιητὴς,

225 2011 346 2044 ἄγγελοι,
361 2011 446 2038 πᾶσαι
467 2011 495 2037 at
510 2011 650 2046 δυνάμεις,
667 2010 788 2045 οὐρανοὶ¹
806 2009 854 2044 γῆ,
865 2009 911 2035 καὶ
928 2010 1016 2035 πάντα

225 2058 259 2084 τὰ
273 2058 408 2092 κτίσματα
420 2058 573 2093 ἐπένθησαν
587 2058 633 2084 ἐπὶ
645 2057 684 2092 τῷ
700 2056 808 2092 θανάτῳ
833 2057 880 2082 καὶ
895 2057 927 2091 τῇ
944 2054 1016 2081 πτώ-

225 2112 266 2130 σει
283 2103 376 2130 αὑτοῦ·
397 2103 443 2130 τὸν
457 2104 512 2139 γὰρ
531 2104 642 2130 δοθέντα
670 2104 763 2133 αὐτοῖς
789 2102 901 2137 βασιλέα
922 2101 1015 2128 δοῦλον

224 2148 293 2176 εἶδον
323 2150 453 2184 γεγονότα
485 2150 609 2181 ἐναντίας
641 2149 688 2176 καὶ
717 2149 839 2183 πονηρᾶς
862 2148 1012 2182 δυνάμεως.

223 2193 322 2225 Σκότος
343 2194 432 2221 τοίνυν
449 2194 592 2221 ἐνεδύσατο
609 2194 638 2220 ἐν
657 2195 690 2228 τῇ
707 2194 803 2220 ἑαυτοῦ
818 2193 903 2227 ψυχῇ,
921 2193 1015 2223 σκότος

1071 951 1152 982 ritus,
1169 956 1198 978 et
1213 951 1242 978 in
1260 951 1364 978 lumine
1379 951 1473 978 divino
1487 959 1664 982 conversaris,
1679 951 1748 978 nihil
1768 959 1783 978 a
1794 959 1863 985 quo-

1071 1004 1153 1031 quam
1178 1004 1325 1031 pravorum
1346 997 1494 1031 spirituum
1507 997 1609 1031 patitur
1625 1005 1632 1025 :
1646 1001 1674 1024 et
1691 997 1754 1024 licet
1764 1005 1863 1032 appro-

1070 1043 1187 1077 pinquet
1206 1042 1348 1077 quidpiam
1360 1042 1410 1075 illi,
1422 1043 1594 1070 consumitur
1609 1043 1636 1070 id
1649 1051 1664 1070 a
1683 1042 1787 1070 caelesti
1802 1043 1863 1078 igne

1071 1089 1200 1124 Spiritus.
1210 1089 1267 1117 Aut
1283 1089 1369 1117 veluti
1385 1090 1516 1123 volucris,
1535 1090 1557 1117 si
1579 1090 1608 1117 in
1624 1090 1710 1117 altum
1733 1089 1862 1120 evolarit.

1070 1143 1167 1163 secura
1181 1140 1234 1168 est,
1246 1136 1322 1163 velut
1333 1136 1402 1163 nihil
1417 1141 1544 1164 metuens
1562 1144 1693 1171 aucupes,
1705 1140 1753 1163 aut
1768 1136 1864 1163 noxias

1070 1181 1189 1214 bestias;
1203 1182 1339 1216 siquidem
1361 1190 1444 1216 supra
1463 1182 1528 1209 dum
1553 1187 1606 1214 est,
1620 1182 1728 1209 deridet
1748 1190 1861 1209 omnes:

1069 1219 1116 1254 sic"
1124 1235 1234 1262 quoque
1247 1228 1348 1260 anima,
1362 1228 1483 1262 acceptis
1509 1228 1559 1255 alis
1581 1228 1712 1263 Spiritus,
1728 1228 1756 1254 in
1777 1227 1863 1254 subli-

1070 1281 1128 1300 mes
1145 1274 1224 1308 117
1239 1274 1302 1301 caeli
1318 1273 1444 1308 regiones
1461 1273 1584 1306 evolans,
1597 1281 1660 1301 cum
1680 1273 1717 1301 sit
1733 1273 1862 1300 omnibus

1069 1319 1227 1352 sublimior,
1246 1319 1338 1347 omnia
1354 1320 1420 1347 risui
1433 1320 1527 1347 habet.

1104 1408 1210 1435 Vll.Et
1234 1408 1346 1443 quidem
1370 1409 1491 1444 populus
1515 1409 1600 1437 Israel
1626 1409 1778 1437 secundum
1800 1416 1861 1436 car-

1070 1460 1147 1484 nem,
1157 1461 1219 1480 cum
1232 1458 1296 1481 tunc
1306 1454 1443 1482 divideret
1458 1454 1547 1482 Moses
1559 1463 1646 1487 mare.
1659 1455 1788 1482 dcorsutn
1804 1460 1859 1482 tra-

1065 1499 1197 1534 jecit:hi
1221 1507 1298 1531 vero,
1312 1508 1374 1527 cum
1399 1501 1455 1528 sint
1479 1501 1528 1528 lilii
1552 1501 1612 1533 Dei,
1634 1508 1744 1528 sursum
1767 1501 1861 1528 deam-

1069 1544 1166 1572 bulant
1180 1553 1263 1580 super
1278 1554 1352 1573 mare
1370 1546 1579 1573 acerbissimum
1595 1554 1792 1580 perversurum
1811 1554 1861 1581 po—

1045 1590 1051 1600 ‘
1070 1594 1210 1618 testatum.
1224 1591 1330 1626 Corpus
1341 1592 1416 1619 enim
1440 1596 1469 1619 et
1503 1592 1594 1619 anima
1632 1592 1742 1619 illorum
1763 1592 1863 1620 domus

1069 1637 1117 1664 Dei
1129 1637 1199 1664 facta
1208 1643 1284 1665 sunt.
1294 1638 1342 1665 Die
1350 1638 1406 1670 illa,
1414 1646 1466 1673 qua
1478 1638 1571 1673 lapsus
1584 1642 1626 1665 est
1640 1638 1736 1671 Adam,
1745 1639 1863 1666 accessit

1069 1681 1154 1714 Deus,
1171 1682 1316 1709 ambulans
1328 1682 1354 1708 in
1372 1681 1509 1717 paradiso,
1528 1682 1694 1709 lamentatus
1706 1687 1759 1715 est,
1777 1687 1807 1709 ut
1824 1682 1862 1710 ita

1069 1726 1171 1760 dicam,
1193 1732 1342 1762 conspecto
1366 1728 1435 1760 Ada,
1460 1735 1492 1755 ac
1521 1728 1589 1756 dixit
1608 1736 1613 1754 :
1636 1727 1735 1760 Quibus
1750 1737 1764 1755 ε
1788 1728 1862 1755 bonis

1067 1773 1160 1807 qualia
1179 1773 1300 1800 excitusli
1317 1773 1389 1800 mala
1402 1774 1414 1800 ."
1427 1773 1451 1800 E
1467 1782 1519 1809 qua
1539 1775 1625 1809 gloria
1648 1774 1727 1809 quale
1749 1774 1861 1801 dedecus

1067 1820 1137 1854 geris
1150 1818 1162 1845 ἰ)
1178 1819 1232 1845 Cur
1253 1819 1406 1846 tenebrosus
1419 1827 1446 1846 es
1466 1820 1564 1846 iuoda?
1583 1828 1631 1846 cur
1645 1820 1769 1854 deformis
1782 1821 1794 1847 ?
1813 1828 1861 1846 cur

1067 1865 1189 1900 putrida;
1200 1865 1294 1900 ?quali
1309 1874 1340 1892 ea:
1356 1865 1453 1892 lumine
1470 1866 1535 1892 tales
1551 1866 1662 1893 tenebrw
1676 1866 1860 1893 obvelaverunt

1068 1912 1117 1938 te?
1133 1912 1167 1938 Et
1181 1911 1304 1946 quidem,
1322 1920 1383 1939 cum
1409 1912 1555 1939 cecidisset
1581 1912 1679 1944 Adam,
1703 1917 1732 1939 et
1754 1920 1769 1939 a
1788 1912 1858 1939 facie

1066 1957 1114 1985 Dei
1126 1962 1255 1984 mortuus
1267 1961 1352 1989 esset,
1373 1957 1442 1983 luxit
1466 1965 1528 1984 eum
1545 1956 1670 1989 Creator,
1687 1956 1788 1991 angeli,
1799 1957 1858 1983 vir-

1068 2007 1140 2029 tutes
1155 2010 1263 2035 omnes,
1278 2002 1351 2034 cceli,
1367 2006 1450 2034 terra,
1471 2006 1499 2029 et
1522 2009 1618 2029 omnes
1638 2006 1771 2029 creaturae
1782 2002 1859 2030 luxe-

1067 2052 1131 2074 runt
1151 2052 1266 2074 mortem
1284 2052 1312 2075 el.
1327 2055 1420 2074 casum
1435 2048 1495 2082 ejus
1509 2056 1516 2074 :
1537 2056 1599 2075 eum
1619 2048 1705 2080 enim,
1717 2048 1764 2083 qui
1777 2048 1858 2076 datus

1066 2098 1125 2122 erat
1142 2094 1196 2121 illis
1213 2102 1271 2126 rex,
1287 2102 1398 2121 servum
1416 2094 1547 2121 videbant
1567 2094 1668 2121 factum
1683 2102 1744 2122 esse
1756 2094 1856 2122 adver-

1067 2139 1145 2167 saria:
1162 2144 1190 2166 et
1216 2147 1306 2174 prava:
1322 2139 1476 2174 potestatis.
1505 2139 1640 2167 Tenebris
1668 2140 1752 2175 igitur
1768 2141 1858 2169 induit

1066 2193 1143 2213 suam
1158 2186 1289 2217 animam,
1306 2189 1334 2213 et
1359 2185 1471 2220 quidem
1487 2185 1609 2213 tenebris
1624 2186 1732 2213 acerbis
1746 2194 1779 2213 ac
1794 2195 1857 2221 pra-

224 2239 331 2275 πικρὺν,
346 2240 393 2266 καὶ
403 2240 531 2275 πονηρόν·
545 2239 706 2275 ὲΰασιλεύθη
720 2239 774 2273 γὰρ
791 2239 843 2265 om
854 2238 900 2264 τοῦ
915 2238 1012 2273 ἄρχον-

1067 2232 1107 2259 vis
1126 2241 1132 2258 :
1148 2232 1288 2266 siquidem
1303 2232 1431 2259 redactus
1446 2236 1487 2259 est
1501 2232 1552 2259 sub
1565 2232 1710 2267 imperium
1723 2233 1857 2267 principis

223 2294 268 2317 τος
281 2285 328 2312 τοῦ
346 2286 470 2317 σκότους.
486 2283 569 2316 Οὗτος
589 2284 622 2320 ἦν
635 2286 649 2311 ὁ
668 2284 879 2320 τραυματισθεὶς
896 2283 948 2309 ὑπὸ
959 2282 1013 2309 τῶν

223 2332 339 2369 λῃστῶν,
368 2333 414 2360 καὶ
439 2333 573 2368 ἡμιθανὴς
588 2332 721 2368 γεγονὼς,
739 2331 941 2367 κατερχόμενος
960 2330 1014 2357 ἀπὸ

232 2378 408 2414 Ἰερουσαλὴμ
422 2380 462 2410 εἰς
485 2379 601 2414 Ὶεριχώ.

260 2424 302 2450 Η’.
319 2424 373 2450 Καὶ
388 2424 442 2459 γὰρ
458 2424 505 2451 καὶ
526 2424 661 2459 Λάζαρος,
685 2423 715 2451 ὃν
735 2424 749 2450 6
772 2423 875 2459 Κύριος
898 2422 1013 2457 ἀνέστη-

224 2479 280 2503 σεν,
299 2472 314 2497 ὁ
334 2471 434 2505 πολλῆς
448 2470 581 2502 δυσωδίας
599 2471 703 2505 γέμων,
727 2469 799 2496 ὥστε
817 2469 918 2504 μηδένα
933 2468 1012 2495 δύνα-

224 2516 286 2543 σθαι
302 2515 340 2551 τῷ
367 2517 488 2552 μνήματι
520 2516 712 2550 προσεγγίσαι,
741 2515 875 2549 σὺμδολον
903 2512 937 2549 ἦν
965 2513 1012 2540 τοῦ

228 2562 323 2597 Ἀδὰμ,
340 2562 388 2589 τοῦ
416 2562 517 2597 πολλὴν
540 2562 672 2588 δυσωδίαν
697 2562 726 2588 ἐν
739 2563 772 2596 τῇ
795 2561 868 2596 ψυχῇ
893 2560 1012 2596 προσλα-

221 2608 333 2641 6ὀντος,
364 2608 413 2635 καὶ
444 2608 573 2643 μελανίας
598 2609 645 2634 καὶ
676 2609 788 2639 σκότους
814 2607 1013 2642 πληρωθέντος.

228 2655 308 2682 Ἀλλὰ
324 2656 369 2686 σὺ.
387 2656 451 2682 ὅταν
466 2655 587 2690 ἀκούσῃς
614 2655 678 2690 περὶ
698 2654 793 2689 Ἅδὰμ,
817 2654 865 2680 καὶ
886 2654 950 2688 περὶ
966 2653 1014 2680 τοῦ

222 2701 503 2737 τετραυματισμένου,
527 2701 637 2727 καὶτοῦ
661 2699 800 2735 Λαζάρου.
818 2700 854 2735 μὴ
873 2700 1011 2735 ἀπολύσῃς

224 2755 270 2774 σου
292 2747 338 2774 τὸν
349 2747 412 2774 νοῦν
427 2747 521 2783 ὥσπερ
537 2747 576 2778 εις
591 2747 652 2782 δρη,
674 2746 731 2773 ἀλλ’
755 2746 828 2773 ἔνδον
842 2747 870 2773 ἑν
892 2747 925 2782 τῇ
938 2747 1010 2782 ψυχῇ

224 2801 271 2819 σου
296 2793 402 2828 γίγνου,
415 2794 457 2820 ὃτι
481 2793 530 2820 καὶ
550 2794 582 2821 σὺ
597 2794 631 2820 τὰ
647 2793 716 2820 αὐτὰ
729 2792 887 2828 τραύματα,
902 2794 950 2821 καὶ
962 2793 1012 2829 τὴν

264 2882 410 2916 'Joan.tx,
422 2883 449 2911 ι.
493 2883 581 2912 'Luc.
598 2892 625 2912 ι.
663 2882 759 2913 ‘Joan.
776 2891 813 2918 Ix,
832 2883 878 2912 59.

1064 2279 1252 2306 tenebrarum.
1270 2279 1296 2305 Is
1311 2283 1380 2310 erat,
1402 2278 1449 2313 qui
1477 2278 1637 2306 vulneratus
1652 2287 1667 2305 a
1689 2279 1855 2310 latronibus,

1064 2327 1263 2354 semimortuus
1276 2325 1388 2353 relictus
1410 2330 1461 2358 est,
1478 2334 1542 2353 cum
1561 2325 1745 2353 descenderet
1762 2326 1796 2353 ab
1812 2326 1856 2353 Jc-

1063 2373 1183 2399 rusalem
1199 2379 1295 2398 versus
1307 2371 1445 2399 Jericbo'.

1097 2417 1168 2444 Vill.
1183 2416 1312 2450 Quinimo
1334 2416 1455 2443 Lazarus
1465 2423 1575 2451 quoque
1585 2415 1606 2449 ⁸,
1627 2422 1710 2450 quem
1723 2415 1855 2442 Dominus

1061 2465 1202 2497 excitavit,
1216 2464 1285 2492 adeo
1302 2464 1389 2490 multo
1399 2463 1488 2490 fetore
1499 2463 1608 2497 plenus,
1629 2466 1660 2488 ut
1685 2469 1767 2488 nemo
1789 2469 1855 2496 pos-

1061 2515 1104 2538 set
1129 2515 1308 2537 monumento
1331 2509 1565 2544 appropinquare.
1593 2512 1673 2543 typus
1697 2512 1756 2534 erat
1778 2507 1852 2539 Adae,

1062 2557 1109 2593 qui
1133 2557 1248 2584 multutn
1275 2556 1370 2583 fetoris
1400 2559 1428 2582 et
1455 2554 1649 2590 gravcolentite
1676 2554 1704 2580 in
1731 2553 1851 2580 animam

1063 2603 1171 2635 ascivit,
1188 2606 1216 2630 et
1235 2602 1352 2636 caligine
1363 2608 1396 2628 ac
1411 2600 1533 2628 tenebris
1550 2600 1672 2634 repletus
1688 2599 1749 2626 fuit.
1764 2599 1853 2626 Catie-

1064 2659 1124 2679 rmn
1138 2655 1178 2683 tu,
1195 2657 1258 2677 cum
1275 2648 1397 2676 audieris
1410 2648 1445 2674 de
1465 2647 1581 2679 Adamo,
1599 2645 1634 2673 de
1655 2645 1811 2676 vulnerato,
1824 2647 1853 2671 et

1065 2700 1180 2731 Lazaro,
1196 2705 1230 2724 ne
1246 2697 1368 2724 dimittas
1391 2698 1510 2721 mentem
1533 2697 1607 2719 tuam
1629 2692 1704 2718 velut
1727 2690 1756 2716 in
1775 2697 1854 2716 mon-

1064 2751 1129 2778 tem,
1138 2744 1186 2772 scd
1199 2744 1275 2771 intus
1284 2743 1310 2770 in
1322 2741 1413 2768 anima
1424 2745 1516 2767 tecum
1529 2737 1622 2765 habita
1633 2756 1640 2769 ,
1653 2736 1718 2772 quia
1738 2739 1766 2763 tu
1781 2743 1853 2770 quo.

1063 2800 1117 2829 que
1133 2791 1229 2820 eadem
1255 2789 1380 2822 vulnera,
1392 2786 1520 2816 eutndem
1538 2781 1852 2827 fetorem,jeasdcmquo
