2079 3152
205 177 258 209 729

801 176 986 207 HOMILI/E.
1002 189 1036 194 —
1052 176 1144 206 llOM.
1162 177 1270 206 XXXI.

1793 180 1844 212 730

205 235 265 269 γετν
281 233 327 260 τὸν
340 232 404 260 νοῦν
429 233 477 260 καὶ
497 232 560 264 τοὺς
586 232 742 268 λογισμοὺς,
772 233 819 260 καὶ
840 233 924 268 μηδὲν
939 232 997 260 ἄλλι

1056 232 1127 259 Deus
1155 233 1229 260 enim
1253 240 1391 259 summum
1414 233 1518 261 bonum
1543 238 1595 267 est,
1605 235 1632 262 in
1657 243 1739 270 quem
1760 236 1845 265 debts

205 280 318 311 ἐννοεῖν,
334 279 351 314 ἢ
372 279 423 314 τὴν
439 279 605 314 προσδοκίαν
621 278 704 306 αὑτοῦ
728 278 858 314 καθορᾷν.

240 414 371 450 Β’.1Ἴῐτω
387 412 435 441 οὖν
451 415 469 449 ὴ
485 414 557 450 ψυχὴ
585 414 624 446 ὡς
649 415 733 442 τέκνα
762 415 920 451 ρεμϐόμενα
938 424 1001 443 συν-

207 461 323 495 άγουσα,
349 460 397 486 καὶ
424 460 590 488 νουθετοῦσαι
615 461 679 492 τοὺς
697 461 751 488 ἀπὸ
781 461 840 496 τῆς
864 462 1002 497 ἁμαρτίας

206 506 442 542 ἐσκορπισμένους
465 507 624 541 λογισμοὺς,
649 508 781 541 εξσαγέτω
801 509 841 540 είς
862 509 908 536 τὸν
928 506 1002 536 οἷκον

206 551 254 579 τοῦ
270 551 397 586 σώματος
414 553 510 587 αὐτῆς,
533 552 577 578 ἀεὶ
595 553 774 587 προσδοκῶσα
793 553 839 580 τὸν
856 553 960 588 Κύριον
972 555 1001 581 ἐν

206 597 319 632 νηστείᾳ
333 597 380 624 καὶ
395 597 500 633 ἀγάπῃ,
515 597 580 624 πότε
600 597 684 625 ἐλθὼν
696 598 726 631 ἐξ
739 598 868 639 ἀληθείας
884 599 1002 633 συναγά-

206 651 249 678 γοι
264 643 360 679 αὐτὴν.
384 643 496 678 Ἀδήλου
510 643 538 670 δέ
553 643 601 670 τοῦ
616 644 757 679 μέλλοντος
769 645 856 677 ὄντος,
867 645 1001 677 ἐλπιζέτω

206 689 288 716 πλέον
307 689 348 716 ἔτι
362 689 402 724 τῷ
423 689 579 726 κυϐερνήτῃ
610 690 700 722 καλῶς
729 690 924 723 ἐπελπίζουσα,
953 692 1001 718 καὶ

208 735 416 771 μνημονευέτω,
431 735 489 767 πῶς
508 735 556 762 καὶ
576 736 660 763 Ῥαάὃ
670 735 737 763 οὖσα
759 737 828 772 μετὰ
844 737 1001 772 ἀλλοφύλων

206 781 366 808 ἐπίστευσεν
384 781 575 817 Ἰσραηλίταις,
591 782 637 809 καὶ
653 783 714 817 μετ’
726 783 816 809 αὐτῶν
829 782 997 819 κατηξιώθη·

206 826 230 853 οί
245 826 274 853 δὲ
295 827 462 862 Ἰσραηλῖται
478 829 511 863 τῇ
527 828 620 864 ἀγάπῃ
637 829 677 861 είς
695 829 832 862 Αἴγυπτον
849 831 1000 865 μετεστρά-

207 881 305 907 φησαν.
325 872 369 904 Ὧς
383 871 430 900 οὖν
441 873 517 900 οὐδὲν
527 873 628 908 ἔσλαψε
651 874 700 910 τὴν
719 875 833 910 Ῥαὰϐἡ
852 875 922 911 μετά
940 875 995 903 τῶν

206 917 361 952 ἀλλοφύλων
377 918 494 954 οἴκησις,
519 919 577 946 ἀλλ’
597 920 614 955 ὴ
637 920 729 951 πίστις
749 920 871 956 ᾠκείωσε
890 921 924 956 τῇ
950 930 999 956 με-

208 963 261 999 ρίδι
280 964 335 1001 τῷν
359 965 544 1000 Ἰσραηλιτῶν
558 965 645 998 οὕτως
671 966 747 992 οὐδὲν
764 966 860 1002 βλάψει
879 966 1002 1003 ἁμαρτία

206 1011 268 1041 τοὺς
281 1010 310 1037 ἐν
322 1010 409 1037 ἐλπίδι
420 1011 466 1038 καὶ
482 1011 570 1038 πίστει
583 1012 629 1039 τὸν
639 1012 786 1048 Λυτρωτὴν
798 1013 1000 1048 ἐκδεχομένους,

206 1054 236 1086 ὃς
244 1056 465 1091 παραγενόμενος
474 1056 635 1091 μεταϐάλλει
643 1057 706 1089 τοὺς
718 1057 865 1093 λογισμοὺς
884 1059 934 1093 τῆς
951 1057 1002 1093 ψυ-

206 1100 268 1137 χῆς,
280 1101 327 1127 καὶ
340 1103 412 1129 ποιεῖ
424 1102 522 1134 αὐτοὺς
531 1102 648 1135 θεῖκοὺς,
657 1103 930 1138 οὐρανίους,ἀγαθοὺς
939 1104 1002 1136 ,καὶ

205 1147 326 1174 διδάσκει
342 1147 390 1183 τὴν
401 1147 490 1183 ψυχὴν
509 1148 591 1184 εὐχὴν
623 1148 764 1184 ἀληθινὴν,
784 1149 1000 1185 ἀπερίσπαστον,

207 1191 408 1228 ἀρῤέμδαστον.
419 1193 466 1227 Μὴ
477 1193 582 1228 φοϐοῦ,
597 1195 689 1229 φησιν,
697 1194 754 1229 ἐγὼ
763 1194 935 1229 ἔμπροσθέν
942 1202 1001 1222 σου

207 1237 380 1271 πορεύομαι,
397 1237 445 1264 καί
458 1238 513 1272 ὅρη
542 1238 665 1273 όμιιλιῶ,
681 1239 772 1274 θύρας
795 1239 911 1274 χαλκᾶς
925 1248 1001 1266 συν-

207 1283 313 1317 τρίψω,
345 1283 395 1310 καί
414 1283 551 1318 μοχλοὺς
579 1284 724 1318 σιδηροῦς
749 1285 922 1312 συνθλάσω.
946 1285 1000 1312 Καὶ

209 1328 299 1360 πάλιν,
306 1328 451 1363 Πρόσεχε,
459 1330 537 1364 φησὶ,
545 1329 663 1362 σεαυτῷ
670 1329 786 1364 μήποτε
792 1330 912 1365 γένηται
918 1329 1001 1365 ῥῆμα

208 1373 429 1408 κρυπτὸνέντῇ
445 1374 550 1408 καρδίῃ
559 1383 618 1402 σου
637 1375 842 1410 ἀνόμημα·μὴ
860 1375 951 1409 εἴπῃς
967 1375 1002 1401 ἐν

208 1419 246 1455 τῇ
258 1420 363 1455 καρδίᾳ
374 1428 432 1448 σου
443 1428 451 1435 ·
466 1421 557 1448 Τοῦτο
567 1421 600 1447 τὸ
611 1421 700 1454 ἔθνος
711 1421 792 1448 πολὺ
806 1421 854 1448 καί
863 1422 998 1456 ἰσχυρόν.

243 1466 281 1494 Γ’.
303 1466 366 1493 Ἐὰν
383 1467 420 1502 μὴ
440 1467 522 1501 ἡμεῖς
547 1465 751 1501 χαυνωοῶμεν,
767 1467 815 1493 καὶ
835 1467 1001 1501 παραδῶμεν

206 1511 256 1543 τὰς
271 1512 355 1546 νομὰς
365 1513 421 1543 τοῖς
433 1512 561 1542 ἀτάκτοις
576 1512 714 1547 λογισμοῖς
728 1512 777 1546 τῆς
798 1512 897 1543 κακίας
909 1533 916 1545 ,
933 1511 1001 1539 ἀλλά

206 1558 246 1594 τῷ
269 1557 401 1594 θελήματι
426 1557 505 1593 ἡμῶν
527 1557 651 1593 ἕλκωμεν
681 1557 727 1584 τδν
746 1557 819 1590 νοῦν,
846 1557 1000 1593 βιαζόμενοι

206 1604 269 1636 τοὺς
283 1604 430 1639 λογισμοὺς
449 1603 517 1639 πρὸς
533 1603 578 1630 τὸν
596 1604 710 1640 Κύριοψ
732 1604 841 1635 πάντως
863 1604 877 1630 ὁ
896 1604 999 1640 Κύριος

206 1651 244 1686 τῷ
261 1651 394 1687 Θελὴματι
421 1650 503 1678 αὐτοῦ
525 1650 666 1677 ἐλεύσεται
693 1651 761 1686 πρὸς
787 1652 872 1687 ἡμᾶς,
900 1652 948 1678 καὶ
969 1651 998 1686 ἐξ

205 1697 335 1732 ἀληθείας
351 1698 498 1731 συναγάγοι
520 1698 594 1732 ἡμᾶς
612 1697 681 1732 πρὸς
697 1697 804 1725 ἑαυτόν.
819 1698 898 1724 Πᾶσα
917 1697 970 1733 γὰρ
981 1699 998 1734 ή

205 1744 386 1780 εὐαρέστησις
413 1745 460 1770 καὶ
487 1745 503 1779 ἡ
531 1743 654 1770 διακονία
678 1744 707 1769 ὲν
731 1745 788 1775 τοῖς
814 1743 999 1778 διαλογισμοῖς

205 1791 289 1816 ἐστιν·
304 1789 374 1816 ὥστε
393 1789 543 1816 σπούδασον
560 1790 657 1824 ἀρέσαι
672 1789 712 1824 τῷ
724 1789 830 1824 Κυρίῳ,
842 1789 998 1824 προσδοκῶν

205 1835 286 1862 αὑτὸν
301 1835 344 1861 ἀεὶ
360 1835 471 1868 ἔσωθεν,
489 1835 577 1871 ζητῶν
593 1835 675 1862 αὑτὸν
689 1836 718 1861 ἐν
733 1836 789 1866 τοῖς
801 1834 996 1869 διαλογισμοῖς,

205 1882 252 1908 καὶ
267 1881 428 1917 βιαζόμενος
448 1882 496 1909 καὶ
522 1882 686 1916 ἀναγκάζων
711 1881 742 1908 τὸ
770 1881 866 1909 ἑαυτοῦ
893 1881 997 1917 θέλημα

205 1928 252 1955 καὶ
268 1928 317 1963 τὴν
335 1928 494 1964 προαίρεσιν
509 1948 516 1961 ,
533 1928 601 1963 πρὸς
622 1927 703 1954 αὐτὸν
729 1928 774 1954 ἀεὶ
798 1927 996 1955 ἀνατείνεσθαι.

205 1974 259 2000 Καὶ
277 1974 327 2008 ὅρα
352 1973 410 2005 πῶς
428 1973 537 2008 ἔρχεται
561 1973 630 2009 πρὸς
644 1974 685 2006 σέ,
703 1974 749 1999 καὶ
769 1973 852 2009 μονὴν
881 1974 997 2000 ποιεῖται

205 2020 280 2054 παρὰ
303 2019 354 2047 σοί.
372 2020 455 2046 Ὅσον
470 2020 524 2055 γὰρ
547 2019 673 2054 συνάγεις
687 2020 732 2046 τὸν
748 2020 810 2047 νοῦν
834 2029 880 2046 σου
895 2020 935 2052 είς
948 2020 997 2056 τὴν

205 2065 319 2102 ζήτησιν
341 2065 436 2097 αὑτοῦ,
459 2065 526 2092 πολὺ
549 2066 631 2092 πλέον
649 2066 730 2097 αὐτὸς
746 2065 930 2100 ἀναγκάζεται
945 2066 998 2092 ὑπὸ

203 2114 253 2148 τῆς
271 2113 338 2144 ιδίας
349 2112 551 2147 εὐσπλαγχνίας
563 2112 611 2138 καὶ
624 2113 808 2148 χρηστότητος
823 2112 913 2138 ἐλθεῖν
928 2114 998 2148 πρὸς

205 2159 245 2190 σὲ,
263 2159 309 2186 καὶ
324 2159 481 2186 ἀναπαῦσαι
499 2167 539 2185 σε.
556 2159 676 2193 Ἔστηκε
696 2158 750 2194 γὰρ
763 2157 873 2194 θεωρῶν
890 2166 936 2184 σου
951 2158 996 2184 τὸν

203 2204 276 2236 νοῦν,
295 2205 357 2236 τοὺς
370 2204 573 2239 διαλογισμοὺς,
585 2203 634 2236 τὰς
647 2203 822 2238 ἐνθυμήσεις·
839 2203 996 2230 ἐπισκοπῶν

1054 278 1183 312 colligere
1201 282 1323 305 mentem
1351 283 1378 306 et
1402 280 1594 315 cogitationes.
1609 289 1661 308 nec
1682 281 1749 316 quid
1769 283 1844 310 aliud

1055 325 1148 352 animo
1167 325 1325 360 concipere,
1349 333 1431 360 quam
1456 327 1692 362 exspectationem
1718 329 1779 364 ejus
1804 329 1846 356 in-

1053 370 1136 397 tueri.

1090 415 1122 443 ll.
1140 415 1181 443 Sit
1201 415 1285 450 igitur
1296 415 1397 447 anima,
1411 415 1526 450 perinde
1541 423 1573 443 ac
1585 423 1647 451 quae
1660 416 1730 443 ﬁlios
1744 423 1845 451 vagan-

1053 465 1095 487 tes
1110 460 1226 495 colligit,
1243 465 1271 488 et
1295 462 1432 496 castigans
1449 460 1588 495 dispersas
1607 468 1622 488 a
1641 467 1754 496 peccato
1771 461 1845 496 cogi-

1051 505 1181 539 tationes,
1192 506 1358 541 inducatque
1373 506 1401 533 in
1412 506 1524 533 domum
1533 506 1661 540 corporis
1672 507 1725 538 sui,
1736 514 1845 541 semper

1052 555 1214 586 exspectans
1241 552 1389 579 Dominum
1422 553 1449 578 in
1487 551 1593 587 jejunio
1620 556 1648 578 et
1669 552 1843 584 .dilcctione,

1052 597 1162 632 quando
1179 597 1293 625 veniens
1307 605 1372 626 vere
1391 605 1452 625 eam
1464 597 1583 633 colligat.
1599 598 1733 625 Futurum
1752 603 1844 626 autem

1052 650 1114 670 cum
1131 644 1166 670 sit
1178 643 1326 675 incertum,
1343 651 1377 671 eo
1395 643 1514 678 amplius
1535 648 1638 678 speret,
1660 644 1687 671 in
1706 644 1844 679 guberna-

1053 693 1113 717 tore
1130 695 1271 724 spe‘recte
1285 690 1438 723 collocata;
1455 695 1482 718 et
1500 694 1611 718 revocet
1625 690 1652 716 in
1669 690 1841 723 memoriam,

1051 736 1190 770 quomodo
1210 736 1285 764 Raab
1307 745 1370 764 cum
1394 736 1556 772 alienigenis
1583 744 1760 767 conversaris,
1780 744 1842 764 cre-

1051 781 1123 809 didit
1146 782 1288 815 lsraelitis,
1311 790 1463 817 eorumque
1487 783 1621 810 societate
1647 783 1728 818 digna
1751 782 1843 810 habita

1050 831 1104 855 est.
1120 827 1250 855 lsraelita:
1265 832 1356 856 autem
1373 836 1406 856 ex
1419 836 1513 856 amore
1533 829 1561 856 in
1579 829 1726 864 IEgyptum
1740 829 1844 857 reversi

1052 877 1127 900 sunt.
1139 873 1377 906 Quemadmodum
1390 882 1455 909 ergo
1472 874 1541 901 nihil
1556 875 1651 902 nocuit
1671 875 1747 903 Raab
1766 875 1845 903 habi-

1012 912 1036 942 Β
1051 918 1120 946 tatio
1137 926 1200 946 cum
1223 919 1396 954 alienigenis,
1417 919 1465 946 sed
1487 919 1556 947 ﬁdes
1581 928 1642 947 cam
1664 920 1844 948 domesticam

1053 964 1175 992 reddidit
1190 964 1317 999 partibus
1337 965 1524 992 lsraelilarum
1538 974 1545 992 ε
1561 965 1598 992 ita
1611 971 1754 1000 peccatum
1773 967 1843 994 nihil

1052 1009 1127 1037 lzedit
1140 1017 1198 1041 eos,
1214 1009 1262 1044 qui
1283 1010 1311 1036 in
1328 1017 1376 1044 spe
1397 1014 1426 1037 et
1441 1009 1493 1037 lide
1518 1010 1720 1045 redemptorem
1745 1018 1846 1046 exspe—
1875 1049 1881 1052 μ

1052 1059 1139 1087 clant,
1154 1055 1202 1090 qui
1214 1055 1369 1082 adveniens
1391 1055 1518 1082 immutat
1537 1055 1718 1091 cogitationes
1734 1057 1844 1090 anime},

1052 1101 1198 1136 redditque
1219 1109 1267 1128 cas
1288 1101 1407 1134 divinas,
1428 1101 1566 1134 caalestes,
1589 1102 1694 1134 bonas;
1711 1106 1739 1129 et
1764 1103 1845 1131 docet

1053 1148 1172 1175 animam
1195 1155 1291 1175 verum
1313 1147 1447 1182 precandi
1467 1148 1591 1180 modum,
1606 1155 1662 1175 non
1680 1148 1844 1176 distractum

1052 1202 1104 1222 nec
1114 1194 1318 1229 vagabundum.
1335 1195 1374 1221 Nc
1387 1196 1492 1227 timeas,
1510 1194 1609 1229 inquit,
1621 1203 1667 1230 ego
1680 1200 1743 1222 ante
1756 1201 1780 1222 te
1790 1196 1843 1229 ibo,

1052 1244 1078 1268 et
1109 1245 1210 1267 montes
1233 1240 1390 1275 adwquabo,
1409 1244 1500 1275 portas
1530 1248 1619 1267 wneas
1653 1245 1800 1274 conteram,
1819 1245 1844 1268 et

1052 1292 1135 1315 vectes
1158 1288 1256 1323 ferreos
1279 1287 1446 1322 confringam
1467 1287 1488 1313 '.
1518 1287 1553 1314 Et
1571 1294 1706 1314 rursum:
1731 1287 1844 1314 Altem’e

1053 1334 1098 1361 tibi
1135 1334 1196 1369 ipsi,
1225 1334 1273 1367 ait,
1306 1333 1446 1368 nequando
1467 1333 1573 1360 verbum
1608 1332 1789 1360 absconditum
1814 1334 1843 1360 in

1051 1380 1129 1407 corde
1144 1384 1187 1406 tuo
1207 1379 1257 1414 ﬁat
1272 1379 1411 1414 iniquitas,
1432 1387 1466 1406 ne
1482 1379 1554 1406 dicas
1566 1379 1594 1406 in
1606 1379 1684 1406 corde
1699 1384 1742 1406 tuo
1753 1388 1762 1407 .'
1775 1379 1844 1408 Gens

1051 1424 1105 1450 Ιιαιε
1120 1431 1260 1450 numerosa
1279 1427 1317 1450 est
1334 1427 1359 1449 et
1381 1428 1472 1458 potens
1485 1423 1517 1449 η.

1087 1469 1131 1497 lll.
1149 1469 1177 1496 Si
1194 1477 1245 1496 nos
1256 1469 1382 1496 socordia
1396 1476 1451 1496 non
1465 1468 1662 1501 dissolvamur,
1675 1477 1727 1497 nec
1744 1469 1845 1504 pabula

1051 1516 1224 1551 prmbeamus
1233 1514 1422 1550 incompositis
1431 1514 1646 1550 cogitationibus
1658 1514 1769 1542 malitia;
1777 1535 1784 1547 ,
1795 1515 1843 1542 σενι

1054 1562 1196 1589 voluntate
1216 1565 1310 1589 nostra
1334 1561 1477 1589 trahamus
1502 1561 1636 1594 animum,
1649 1565 1678 1588 et
1695 1561 1844 1596 compella-

1052 1616 1114 1636 mus
1130 1608 1312 1644 cogitationes
1331 1607 1364 1634 ad
1389 1607 1554 1640 Dominum;
1574 1607 1659 1634 dubio
1679 1607 1776 1642 procul
1792 1607 1845 1635 Ito-

1052 1655 1146 1683 minus
1156 1660 1254 1691 sponte
1269 1662 1319 1682 sua
1331 1654 1424 1681 veniet
1437 1653 1470 1680 ad
1486 1660 1547 1686 nos,
1567 1657 1596 1680 et
1612 1660 1709 1680 revera
1724 1661 1842 1688 congre-

1049 1702 1125 1738 gabit
1139 1710 1190 1729 nos
1202 1701 1234 1729 ad
1250 1709 1279 1728 se
1303 1701 1402 1736 ipsum.
1425 1699 1522 1727 Omnis
1545 1699 1619 1726 enim
1642 1700 1843 1735 complaceutia

1054 1753 1083 1776 ct
1102 1748 1287 1775 ministerium
1300 1747 1326 1774 in
1339 1746 1554 1782 cogitationibus
1565 1746 1843 1779 consistit.Quocirca

1049 1792 1186 1821 contende
1210 1797 1239 1820 ut
1263 1792 1372 1827 placeas
1386 1791 1513 1824 Domino,
1526 1796 1688 1826 cxspertans
1699 1799 1762 1818 eum
1777 1799 1843 1826 per.

1049 1842 1133 1873 petuo
1155 1838 1280 1869 interius,
1313 1844 1439 1872 quierens
1458 1844 1521 1863 eum
1555 1837 1581 1863 iu
1609 1837 1841 1872 cogitationibus,

1049 1887 1077 1910 et
1091 1882 1258 1917 compellens
1265 1886 1347 1916 atque
1362 1881 1475 1916 adigens
1489 1886 1561 1908 tuam
1574 1881 1660 1916 ipsius
1670 1881 1840 1909 voluntatem

1048 1933 1131 1963 atque
1146 1928 1381 1960 intentionem,ut
1397 1927 1424 1954 in
1440 1935 1504 1955 eum
1520 1932 1655 1962 perpetuo
1669 1927 1814 1955 intendant
1831 1937 1839 1956 :

1048 1978 1076 2001 et
1093 1974 1216 2009 expende
1232 1981 1287 2008 qua
1314 1973 1419 2001 ratione
1433 1973 1508 2000 venit
1528 1973 1562 1999 ad
1576 1977 1612 2004 te,
1629 1978 1656 2000 et
1669 1973 1841 2001 mansionem

1048 2018 1114 2046 facit
1129 2018 1201 2053 apud
1222 2022 1258 2046 te.
1280 2018 1388 2052 Quanto
1400 2018 1473 2046 enim
1495 2018 1581 2053 magis
1595 2018 1702 2054 colligis
1717 2018 1841 2046 animum

1047 2069 1127 2092 tuum
1137 2065 1170 2091 ad
1185 2072 1249 2091 eum
1275 2063 1465 2099 quiereudum,
1486 2068 1563 2091 tanto
1581 2064 1668 2099 magis
1690 2065 1748 2099 ipse
1766 2072 1841 2092 com-

1049 2110 1168 2145 pclletur
1183 2118 1198 2137 a
1215 2110 1326 2145 propria
1339 2109 1531 2137 misericordia
1553 2113 1636 2145 atque
1659 2109 1840 2146 benignitate,

1048 2161 1078 2184 ut
1094 2156 1186 2183 veniat
1201 2156 1235 2183 ad
1253 2160 1290 2188 te,
1307 2161 1335 2184 et
1350 2161 1376 2184 te
1387 2156 1533 2183 refocillet.
1554 2156 1637 2183 Fixus
1659 2157 1732 2184 enim
1749 2157 1841 2185 intue-

1048 2206 1094 2230 tur
1120 2208 1241 2230 mentem
1265 2206 1350 2234 luam,
1366 2203 1549 2238 cogitationes
1575 2206 1603 2229 et
1631 2203 1841 2236 meditationes;

204 2250 263 2282 πῶς
286 2250 378 2286 ζητεῖς
393 2251 485 2283 αὑτὸν,
502 2250 549 2277 καὶ
565 2251 587 2277 εἰ
603 2250 633 2283 ἐξ
643 2249 707 2286 ὅλης
728 2250 777 2286 τῆς
794 2249 883 2285 ψυχῆς
898 2251 995 2296 acuti!

1050 2250 1130 2285 119
1142 2249 1320 2278 considerans
1335 2249 1474 2284 quomodo
1503 2257 1611 2284 qua-ras
1629 2257 1692 2276 eum
1704 2271 1710 2283 ,
1720 2254 1748 2278 et
1761 2258 1794 2277 an
1808 2259 1843 2278 ex

204 2296 242 2332 μὴ
256 2296 377 2332 νωθρῶς,
394 2298 418 2324 εί
435 2297 472 2333 μὴ
491 2296 611 2332 ἀμελῶς.

238 2389 274 2414 A'.
289 2387 344 2414 Καὶ
356 2388 420 2415 ὅταν
433 2387 474 2424 ἴδῃ
494 2387 544 2423 τὴν
569 2388 688 2423 σπουδήν
706 2396 752 2414 σου
767 2387 834 2423 πρὸς
851 2386 900 2422 τὴν
912 2386 994 2414 αὐτοῦ

204 2434 327 2469 ζήτησιν,
357 2434 420 2461 τότε
447 2433 614 2470 φανεροῦται
645 2434 693 2461 καὶ
734 2433 909 2468 ἐπιφαίνεταί
939 2442 992 2465 σοι,

203 2479 251 2506 καὶ
265 2480 314 2514 τῆς
325 2479 409 2506 αὑτοῦ
436 2479 563 2515 βοηθείας
582 2480 756 2515 μεταδίδωσι,
775 2480 823 2506 καὶ
840 2479 892 2515 τὴν
908 2479 989 2514 νίκην

203 2533 244 2551 σοι
264 2525 346 2557 ποιεῖ,
363 2525 494 2560 ῥυόμενος
507 2533 536 2551 σε
553 2526 586 2551 ἐκ
603 2525 656 2551 τῶν
682 2525 787 2560 ἐχθρῶν
806 2533 864 2552 σου.
880 2525 990 2560 Θεωρή-

203 2579 253 2602 σας
269 2571 326 2607 γὰρ
343 2572 475 2608 πρότερον
487 2571 538 2607 τὴν
560 2571 609 2607 σὴν
623 2571 691 2606 πρὸς
702 2571 784 2599 αὑτὸν
800 2572 924 2608 ζήτησιν,
944 2571 991 2599 καὶ

201 2617 239 2649 ὡς
252 2618 317 2653 ὃλην
329 2626 376 2644 σου
389 2618 439 2653 τὴν
455 2618 620 2653 προσδοκίαν
628 2618 809 2651 ἀδιαλείπτως
826 2619 894 2655 πρὸς
908 2618 990 2646 αὑτὸν

201 2662 273 2697 ἔχεις
285 2670 292 2677 ·
305 2659 383 2695 οὗτος
399 2663 531 2694 διδάσκει,
554 2664 601 2690 καὶ
623 2663 715 2690 δίδωσί
734 2672 774 2690 σοι
796 2663 880 2699 εὐχὴν
900 2663 994 2700 ἀληθι-

201 2708 260 2744 νὴν,
293 2709 405 2744 ἀγάπην
437 2709 579 2745 ἀληθινὴν,
607 2710 670 2744 ἥτις
684 2709 758 2736 ἐστὶν
783 2710 865 2742 αὐτὸς
894 2711 924 2737 ἐν
950 2709 993 2736 σοὶ

202 2755 292 2781 πάντα
308 2755 481 2790 γιγνόμενος,
499 2755 676 2790 παράδεισος,
693 2755 772 2788 ξύλον
785 2755 869 2789 ζωῆς,
887 2764 991 2791 μαργα-

201 2801 291 2837 ρίτης,
322 2802 466 2836 στέφανος,
504 2802 655 2836 οἰκοδόμος,
692 2801 825 2838 γεωργὸς,
858 2801 989 2836 παθητὸς,

238 2891 311 2920 'lsa.
324 2899 380 2926 xw,
399 2891 424 2919 l.
465 2891 485 2908 ιο
497 2892 575 2920 Deut.
591 2899 639 2919 vn.
662 2891 706 2918 ‘27.

1048 2301 1104 2324 tota
1137 2295 1228 2324 anima
1259 2300 1325 2329 tua,
1345 2303 1438 2323 annon
1463 2296 1603 2331 segniter,
1629 2303 1721 2323 annon
1754 2296 1842 2331 negli-

1048 2346 1155 2378 genter.

1078 2389 1124 2417 IV.
1143 2389 1178 2417 Et
1192 2388 1239 2415 ubi
1254 2387 1357 2416 viderit
1371 2389 1544 2424 diligentiam
1560 2392 1646 2420 tuam,
1667 2388 1695 2415 in
1711 2395 1745 2415 eo
1761 2393 1839 2422 quas;

1043 2434 1130 2462 rendo
1146 2435 1309 2466 adhibitam,
1325 2438 1390 2461 tunc
1404 2434 1598 2461 manifestatur
1609 2438 1636 2461 ct
1653 2433 1840 2468 apparcttihi,

1042 2481 1231 2516 auxiliumque
1256 2488 1338 2508 suum
1360 2480 1540 2516 impertitur,
1567 2488 1598 2508 ac
1624 2480 1770 2507 victoriam
1787 2480 1839 2508 tibi
1886 2494 1888 2496 -

1044 2531 1189 2562 praeparat,
1202 2526 1324 2554 liberans
1343 2531 1369 2554 te
1383 2526 1417 2553 ab
1433 2526 1562 2554 hostibus
1578 2526 1643 2554 tuis.
1660 2525 1842 2561 Conspiciens

1044 2573 1117 2600 enim
1134 2573 1210 2608 prius
1225 2577 1301 2600 tuum
1320 2572 1461 2608 quaerendi
1487 2579 1551 2599 eum
1575 2572 1703 2600 ardorem
1715 2593 1723 2605 ,
1743 2576 1771 2600 et
1786 2580 1841 2607 quo

1043 2623 1124 2653 pacto
1138 2626 1248 2646 omnem
1264 2622 1339 2645 tuam
1354 2625 1430 2652 spem
1444 2617 1667 2645 iudcsinenterin
1682 2625 1714 2645 eo
1723 2618 1840 2645 locatam

1045 2663 1157 2696 habeas,
1179 2663 1225 2690 hic
1247 2663 1329 2690 docet
1355 2671 1426 2698 aque
1451 2663 1567 2698 largitur
1586 2672 1682 2691 verum
1708 2664 1840 2699 precandi

1043 2708 1166 2742 modum,
1197 2709 1375 2736 dilectionem
1407 2716 1512 2741 veram,
1525 2717 1588 2744 quae
1618 2713 1662 2737 est
1684 2709 1761 2744 ipse,
1792 2709 1840 2744 qui

1044 2755 1136 2782 omnia
1148 2755 1221 2790 apud
1241 2759 1268 2783 te
1280 2755 1320 2788 lit,
1336 2755 1482 2790 paradisus
1493 2776 1500 2787 ,
1519 2755 1624 2791 lignum
1644 2756 1718 2788 vitae,
1731 2763 1840 2791 marga-
1869 2784 1877 2794 ρ

1043 2801 1105 2836 rita,
1127 2808 1240 2835 corona,
1263 2801 1443 2835 architectus,
1456 2800 1588 2837 agricola,
1600 2801 1732 2838 patibilis,
1753 2801 1839 2837 impa-
1864 2826 1874 2838 ί

1863 2836 1873 2852 τ
