2079 3152
250 178 303 213 731

862 179 894 210 S.
913 177 1076 208 MACARII
1096 175 1258 208 IEGYPTII

1827 174 1879 206 732

252 235 351 268 tibilis,
366 235 459 266 homo,
474 234 556 266 Deus,
573 233 667 260 vinum
679 253 687 266 ,
701 240 771 268 aqua
787 233 859 266 viva,
873 233 944 265 ovis,
959 240 1044 268 spon-

1101 231 1213 267 ὶπαοὴς.
1227 230 1380 266 ἄνθρωπος,
1393 229 1469 262 Θεδς,
1487 227 1569 262 οἶνος,
1594 229 1667 265 ὕδωρ
1689 229 1757 263 ζῶν,
1774 231 1881 267 1:966»-

252 289 312 316 sus,
324 282 451 315 bellator,
477 288 563 312 artua,
588 280 680 307 omnia
707 280 735 306 in
762 279 891 308 omnibus
903 279 1041 308 Christus.

253 326 487 360 Quemadmodum
498 333 563 353 vero
577 325 667 353 infans
683 333 738 352 non
754 325 831 353 novit
846 333 875 353 se
892 325 981 361 ipsum
992 333 1042 353 cu-

253 378 313 398 rare
327 371 370 398 vel
387 378 497 402 ornare,
514 370 563 398 sed
579 370 668 397 solum
684 370 780 398 oculos
791 371 930 398 convertit
941 371 974 398 ad
984 378 1043 398 ma-

253 420 332 447 trem,
356 415 445 448 llens,
466 415 556 443 donec
578 415 769 443 misericordia
795 420 931 443 commota
964 416 1042 443 illum

252 461 384 496 suscipiat
404 469 411 488 :
425 462 466 489 sic
488 461 584 488 ﬁdeles
598 462 697 489 animae
708 461 736 488 in
751 462 810 488 solo
824 461 940 488 Domino
965 469 1044 496 spem

252 507 355 535 habent
372 512 506 542 perpetuo
517 528 524 540 ,
545 515 655 535 omnem
671 508 807 543 justitiam
821 508 848 535 ei
873 508 1041 541 tribuentes,

251 554 317 588 quia
333 553 405 580 sicut
415 553 474 581 sine
489 554 544 580 vite
560 554 665 588 palmes
688 553 799 586 arescit,
817 553 858 581 sic
874 561 983 588 quoque
996 554 1044 589 qui

252 599 355 632 absque
378 597 490 625 Christo
505 598 732 633 vultjustilicari.
758 599 791 626 Et
811 599 1043 634 quemadmodum

253 644 324 671 latro
338 648 381 671 est
404 648 431 670 et
452 644 495 671 fur
512 664 519 675 ,
535 645 579 679 qui
593 652 640 679 per
658 645 805 679 ingressum
827 653 878 671 non
891 645 985 676 intrat,
999 645 1044 671 sed

254 688 361 715 aliunde
383 689 500 716 ascendit
513 690 533 704 “
548 697 555 716 :
571 689 608 716 ita
624 689 670 724 qui
693 689 752 716 sine
776 689 943 724 justitlcaute
959 697 988 717 se
1005 690 1046 725 ip-

253 740 314 760 sum
330 733 472 768 iustiﬁcat.
507 758 513 766 ,

290 825 324 853 ν.
356 826 497 854 Tollamus
529 835 594 862 ergo
623 835 725 862 corpus
753 833 902 861 nostrum,
929 832 958 855 et
983 835 1046 856 con-

254 876 394 899 struantus
421 872 506 900 altare
530 878 558 900 et
583 874 844 908 superimponatnus
861 881 959 901 omnes
990 882 1042 901 n0-

1093 285 1150 310 τον,
1168 276 1295 311 νυμφίος,
1320 275 1498 312 πολεμιστὴς,
1521 276 1615 308 ὅπλον,
1640 276 1731 303 πάντα
1754 277 1785 303 tv
1811 278 1880 304 πᾶσι

1093 321 1221 357 Χριστός.
1242 321 1297 348 Καὶ
1308 320 1404 356 ὥσπερ
1420 322 1452 348 τὸ
1469 322 1566 356 νήπιον
1579 321 1630 348 οὐκ
1652 319 1723 348 οἶδεν
1740 321 1822 349 ἑαυτὸ
1834 322 1881 348 οε-

1095 365 1243 402 ραπεῦσαι,
1256 366 1273 401 ἢ
1285 365 1451 401 ⁴ιειιμελῆσειι,
1469 366 1538 393 ἀλλὰ
1554 366 1634 401 μόνον
1648 366 1800 394 ἀποϐλέπει
1812 367 1881 402 πρὸς

1093 411 1144 447 τὴν
1169 412 1287 448 μητέρα,
1324 412 1418 439 κλαῖον
1443 412 1509 439 πότε
1537 412 1769 448 σπλαγχνισθεῖσα
1802 412 1882 440 τοῦτο

1094 458 1264 494 ἀναλάσηται
1276 467 1283 474 ·
1293 459 1381 490 οὕτως
1395 460 1423 486 αι
1437 459 1532 486 πισταὶ
1539 459 1625 494 ψυχαὶ
1643 460 1717 495 μόνῳ
1731 459 1772 495 τῷ
1787 460 1882 495 Κυρίῳ

1095 504 1253 536 ἐλπίζουσιν
1272 505 1327 538 ἀεὶ,
1342 506 1433 533 πᾶσαν
1448 505 1622 540 δικαιοσύνην
1635 505 1710 540 αὐτῷ
1728 506 1882 540 ἀπονέμουο

1096 559 1154 577 σαι.
1173 551 1278 586 Ὥσπερ
1292 550 1346 586 γὰρ
1365 552 1450 586 χωρὶς
1463 551 1510 585 τῆς
1522 551 1647 585 ἀμπέλου
1674 551 1705 578 τὸ
1718 551 1813 586 κλῆμα
1827 552 1880 586 ψύ-

1095 605 1182 631 χεται,
1196 596 1283 628 οὕτως
1297 597 1344 623 καὶ
1358 598 1372 624 6
1386 598 1450 624 ἀνευ
1466 597 1585 631 Χριστοῦ
1598 597 1769 625 δικαιοῦσθαι
1785 597 1881 624 θέλων.

1101 643 1145 675 Ὠς
1162 645 1176 671 6
1192 643 1293 680 λῃστὴς
1316 644 1365 670 καὶ
1377 644 1391 670 6
1417 643 1537 678 κλέπτης
1549 645 1644 675 ιὲστὶν,
1660 645 1676 671 ό
1695 644 1739 678 μὴ
1761 643 1809 670 διὰ
1827 643 1883 677 τῆς

1096 689 1219 716 εἰσόδου
1231 690 1456 724 εισερχόμενος,
1476 689 1557 716 ἀλλὰ
1573 689 1746 724 ἀλλαχόθεν
1761 690 1884 717 ἀναϐαί-

1095 742 1157 761 νων
1168 743 1174 750 ·
1191 734 1277 766 οὕτως
1294 736 1309 762 6
1322 736 1387 762 ἄνευ
1401 734 1450 760 τοῦ
1467 734 1636 766 δικαιοῦντος
1657 735 1746 770 ἑαυτῷ
1761 735 1882 762 δικαιού-

1098 788 1189 814 μενος.

1133 825 1170 852 E'.
1193 827 1322 862 ’Λρωμεν
1336 824 1384 854 οὖν
1395 827 1425 854 τὸ
1441 827 1522 862 σῶμα
1536 828 1625 862 τοῦτο,
1649 828 1696 854 καὶ
1721 828 1884 863 ποιήσωμεν

1098 871 1305 908 ουσιαστήριον,
1319 874 1366 900 καὶ
1381 873 1520 908 ἐπιθῶμεν
1537 875 1629 901 ἐπάνω
1642 875 1733 901 πᾶσαν
1744 875 1824 910 ἡμῶν
1833 874 1884 909 τὴν

255 923 328 945 stras
341 918 541 953 cogitationes,
561 927 594 946 ac
616 919 798 954 deprecemur
817 920 962 947 Dominum
977 939 984 951 ,
1015 923 1046 946 ut

1101 917 1260 953 ἐνθύμησιν,
1279 919 1325 945 καὶ
1356 919 1497 954 δεηοῶμεν
1518 918 1565 946 τοῦ
1591 920 1706 954 Κυρίου,
1729 920 1772 946 ἵνα
1787 919 1884 955 πέμψῃ

255 962 347 988 mittat
365 971 380 990 e
400 963 469 990 ctrlo
491 963 657 990 invisibilem
679 968 707 990 et
735 972 862 999 magnum
885 964 974 999 ignem
999 964 1047 999 qui

255 1013 401 1036 consumat
424 1009 530 1040 altare,
556 1015 584 1036 et
621 1010 712 1037 omnia
744 1018 805 1044 qua:
833 1010 860 1037 in
892 1017 925 1037 eo
959 1014 1045 1037 sunt:

256 1061 406 1088 omnesque
432 1055 592 1082 sacerdotes
620 1056 681 1082 Baal
706 1055 816 1087 cadant,
841 1063 902 1090 qua
917 1060 982 1083 sunt
996 1055 1044 1082 ad-

255 1099 385 1126 versarize
399 1103 550 1134 potestates
565 1105 697 1135 :tumque
713 1101 772 1127 visu
793 1100 979 1135 pcrcipiemus
993 1100 1048 1135 spi-

255 1143 383 1171 ritualem
398 1145 531 1178 pluviam,
542 1145 617 1172 velut
628 1146 773 1180 vestigium
789 1145 920 1176 hominis,
933 1145 1048 1172 venien-

257 1192 311 1216 tem
327 1189 355 1216 in
379 1189 508 1221 animam,
525 1195 554 1218 ut
575 1190 722 1225 impleatur
736 1191 763 1218 in
781 1190 862 1218 nobis
877 1190 970 1217 divina
982 1198 1048 1225 pro—

256 1234 361 1266 missio,
383 1235 616 1270 qucmadmodum
629 1236 734 1263 dictum
764 1241 807 1264 est
837 1237 910 1272 apud
927 1236 1049 1272 prophe-

257 1284 310 1308 tam
328 1289 335 1307 :
353 1280 462 1315 Erigam
485 1285 509 1308 et
536 1282 700 1317 rewdiﬁcabo
732 1282 935 1310 tabernaculum
952 1282 1048 1316 David,

256 1326 326 1361 quod
338 1325 487 1361 collapsum
503 1331 552 1360 eu,
573 1332 597 1354 et
611 1328 701 1354 diruta
717 1328 774 1362 ejus
790 1327 956 1362 recedi/icabo
968 1329 1001 1361 ";
1015 1332 1046 1355 ut

256 1373 376 1399 animam
391 1372 419 1399 in
434 1377 514 1400 nocte
529 1380 562 1400 ac
575 1373 698 1400 tenebris
718 1378 856 1408 agentem,
874 1375 900 1401 in
912 1374 1049 1402 ebrietate

258 1426 357 1453 nempe
382 1418 553 1453 ignorantiae,
579 1427 628 1446 sua
643 1419 814 1455 benignitate
830 1419 964 1446 Dominus
981 1419 1045 1446 illu-

258 1467 338 1496 stret,
356 1471 417 1498 quae
443 1468 538 1498 postea
566 1463 600 1491 ad
611 1465 790 1492 sobrietatem
818 1465 929 1493 rediens
945 1465 1049 1500 absque

259 1509 428 1536 oﬂ'cndiculo
438 1509 570 1542 ambulet,
583 1509 638 1537 dici
654 1510 772 1545 vitaeque
793 1518 877 1546 opera
902 1519 1048 1549 peragens.

259 1556 317 1583 lllic
328 1556 402 1584 enim
419 1555 502 1583 alitur
522 1557 624 1589 anima,
651 1557 699 1584 ubi
718 1565 828 1593 quoque
847 1558 916 1591 edit,
940 1559 999 1586 sive
1016 1558 1050 1586 de

260 1602 313 1630 hoc
330 1602 441 1636 saeculo,
468 1603 526 1630 sive
548 1603 582 1630 de
607 1603 711 1639 Spiritu
726 1604 821 1631 divino
840 1613 847 1631 :
863 1609 891 1632 et
909 1605 966 1633 illic
978 1606 1051 1633 Deus

260 1650 392 1682 nutritur,
409 1649 490 1683 vivit,
503 1649 656 1685 requiescit
671 1653 699 1677 et
716 1654 855 1678 versatur.

294 1746 340 1774 Vl.
355 1746 492 1774 Caeterum
506 1745 636 1780 quisque,
648 1745 671 1773 si
686 1745 763 1778 velit,
778 1746 897 1781 probare
919 1754 948 1774 se
961 1746 1052 1782 ipsum

260 1795 361 1826 potest,
391 1790 464 1818 unde
489 1790 640 1824 nutriatur,
665 1790 713 1818 ubi
735 1791 820 1823 vivat,
837 1795 867 1819 et
894 1792 966 1827 apud
983 1800 1054 1827 quos

261 1837 352 1871 degat,
372 1840 413 1869 ut,
429 1836 476 1863 ubi
493 1836 546 1863 hoc
563 1840 642 1870 pacto
657 1836 835 1870 intellexerit,
851 1842 880 1864 et
892 1843 1052 1866 accuratam

260 1880 437 1908 discernendi
451 1881 608 1909 facultatem
633 1886 802 1909 consecutus
824 1882 918 1916 fuerit,
937 1887 1006 1915 toto,
1017 1882 1052 1910 ad

261 1927 289 1954 id
302 1927 375 1962 quod
390 1927 492 1955 bonum
507 1931 559 1960 cst,
573 1927 676 1962 impetu
690 1928 770 1963 plene
790 1935 820 1956 se
842 1929 933 1964 ipsum
949 1929 1051 1956 tradat.

262 1974 376 2009 Insuper
407 1973 480 2001 inter
519 1975 687 2009 precandum
723 1979 807 2010 atque
842 1975 977 2003 orandum
1011 1980 1054 2003 at-

263 2019 344 2047 tende
379 2019 429 2046 tibi
461 2019 533 2054 ipsi,
569 2020 720 2048 observans
757 2021 938 2057 cogitationes
971 2026 1053 2057 atque

261 2065 438 2100 operationes
466 2065 539 2093 unde
573 2066 630 2093 sint
644 2087 652 2099 ,
685 2075 701 2094 a
718 2067 774 2095 Deo
787 2088 795 2101 ,
822 2076 858 2095 an
874 2069 908 2096 ab
922 2069 1053 2096 adversa-

263 2111 325 2138 rio?
349 2116 377 2138 et
401 2111 464 2146 quis
480 2112 601 2146 praebeat
616 2113 778 2140 alimentum
794 2114 883 2146 cordi,
910 2115 1052 2146 Dominus,

262 2162 297 2182 an
310 2155 449 2190 principes
459 2156 554 2182 mundi
569 2161 598 2184 et
612 2157 705 2184 steculi
722 2157 825 2192 hujus?
839 2157 917 2190 Quod
933 2157 978 2184 ubi
991 2165 1055 2192 pro-

264 2200 373 2228 baveris
399 2204 427 2228 et.
446 2202 619 2236 cognoveris,
645 2210 662 2230 o
685 2203 775 2230 anima
788 2223 795 2236 ,
815 2208 878 2238 pete
898 2211 913 2230 a
938 2203 1054 2234 Domino

1099 964 1128 996 ἐξ
1143 964 1259 1000 οὐρανοῦ
1274 965 1305 992 τὸ
1317 966 1432 1002 ἀόρατον
1449 966 1496 992 καὶ
1511 966 1582 1001 μέγα
1598 966 1665 1000 πῦρ,
1678 967 1725 993 καὶ
1736 967 1885 1001 καταφάγῃ

1098 1011 1128 1036 τὸ
1142 1011 1347 1046 θυσιαστήριον,
1363 1011 1409 1038 καὶ
1423 1011 1512 1038 πάντα
1525 1012 1559 1038 τὰ
1574 1011 1603 1037 tv
1618 1011 1703 1046 αὐτῷ.
1716 1011 1771 1038 Καὶ
1783 1011 1882 1043 πάντες

1097 1056 1123 1082 οι
1136 1057 1218 1090 ἱερεῖς
1231 1057 1277 1082 τοῦ
1303 1057 1377 1084 Βαὰλ
1392 1057 1520 1088 πέσωσιν,
1545 1057 1647 1088 αἵτινές
1674 1058 1742 1084 εισιν
1763 1058 1884 1084 ἀντικείο

1100 1110 1179 1136 μεναι
1195 1102 1344 1137 ἐνέργειαι·
1360 1103 1408 1129 καὶ
1422 1103 1482 1130 τότε
1497 1102 1620 1137 ὀψόμεθα
1634 1103 1680 1129 τὸν
1697 1103 1884 1138 πνευματικὸν

1099 1146 1186 1178 ὑετὸν,
1202 1147 1240 1178 ὡς
1255 1148 1326 1182 ίχνος
1341 1147 1485 1183 ἀνθρώπου
1498 1149 1645 1183 ἐρχόμενον
1666 1150 1695 1176 tv
1711 1149 1796 1185 ψυχῇ,
1813 1149 1885 1176 ὥστε

1098 1192 1224 1226 γενέσθαι
1240 1193 1269 1219 tv
1291 1194 1358 1228 ἡμῖν
1379 1194 1429 1228 τὴν
1442 1193 1490 1220 τοῦ
1513 1193 1581 1220 Θεοῦ
1597 1195 1773 1229 ἐπαγγελίαν,
1795 1195 1886 1226 καθὼς

1099 1239 1206 1274 εἴρηται
1225 1240 1254 1265 tv
1265 1239 1303 1274 τῷ
1319 1240 1457 1275 προφήτῃ,
1477 1240 1654 1274 Ἀνορθώσω,
1670 1241 1719 1268 καὶ
1733 1241 1888 1268 ἀνοικοδο-

1095 1284 1186 1319 μήσω
1204 1284 1262 1318 τὴν
1281 1285 1403 1319 σκηνὴν
1417 1285 1506 1312 Δασὶδ
1528 1286 1585 1320 τὴν
1613 1286 1814 1318 πεπτωκυῖαν,
1836 1286 1887 1313 καὶ

1099 1331 1135 1358 τὰ
1150 1330 1380 1365 κατεσκαμμένα
1403 1331 1498 1365 αὐτῆς
1513 1331 1741 1366 ἀνοικοδομήσω
1753 1340 1760 1348 ⁸
1780 1332 1825 1360 ἵνα
1837 1332 1888 1366 τὴν

1099 1376 1128 1402 tv
1147 1376 1225 1403 νυκτὶ
1251 1377 1299 1403 καὶ
1324 1376 1415 1403 σκότει
1437 1376 1621 1412 διαιτωμένην
1647 1377 1736 1411 ψυχὴν
1762 1378 1793 1404 tv
1817 1377 1888 1412 μέθῃ

1099 1421 1222 1455 ἀγνοίας,
1238 1423 1271 1457 τῇ
1289 1422 1343 1458 ίδίᾳ
1357 1423 1522 1457 χρηστότητι
1534 1423 1548 1449 ὸ
1560 1423 1660 1457 Κύριος
1671 1422 1826 1459 ἐπιλάμψῃ,
1840 1423 1890 1449 καὶ

1099 1465 1192 1493 λοιπὸν
1207 1467 1370 1502 ἁνανήψασα
1387 1468 1480 1503 ἐκείνη
1494 1468 1677 1503 ἀπροσκόπως
1696 1468 1776 1503 ὀδεύῃ
1792 1467 1827 1494 τὰ
1837 1467 1890 1502 τῆς

1100 1512 1208 1548 ἡμέρας
1227 1512 1273 1539 καὶ
1304 1512 1377 1548 ζωῆς
1402 1514 1471 1549 ἔργα
1491 1513 1675 1540 ἐπιτελοῦσαν
1699 1514 1804 1540 ἐκεῖθεν
1833 1513 1890 1549 γὰρ

1100 1558 1230 1592 τρέφεται
1242 1558 1326 1594 ψυχὴ,
1341 1559 1406 1586 ἐνοα
1429 1559 1476 1585 καὶ
1489 1559 1585 1591 ἐσθίει,
1597 1560 1657 1595 ἦτοι
1670 1560 1702 1586 ἐκ
1719 1560 1767 1585 τοῦ
1788 1559 1889 1591 αἰῶνος

1102 1603 1208 1635 τούτου,
1222 1604 1282 1639 ἦτοι
1299 1605 1331 1631 ὲκ
1343 1604 1390 1631 τοῦ
1409 1605 1568 1639 Πνεύματος
1582 1605 1629 1631 τοῦ
1642 1605 1710 1631 Θεοῦ
1721 1612 1728 1619 ·
1742 1605 1789 1632 καὶ
1798 1606 1812 1631 6
1823 1605 1890 1636 Θεὸς

1102 1650 1161 1676 ἐκεῖ
1177 1650 1318 1687 τρέφεται,
1338 1651 1385 1678 καὶ
1405 1651 1452 1687 ζῇ,
1481 1651 1529 1678 καὶ
1550 1651 1733 1684 ἀναπαύεται,
1761 1651 1808 1678 καὶ
1822 1652 1890 1678 ἀνα-

1103 1695 1261 1731 στρέφεται.

1139 1741 1184 1775 C.".
1209 1742 1246 1769 Τὸ
1271 1743 1364 1770 λοιπὸν
1392 1743 1520 1776 ἕκαστος,
1543 1744 1568 1770 εί
1583 1743 1719 1779 βούλεται,
1742 1743 1890 1779 δοκιμάσαι

1103 1787 1200 1815 ἑαυτὸν
1218 1788 1340 1822 δύναται,
1354 1789 1436 1816 πόθεν
1448 1790 1590 1826 τρέφεται,
1605 1790 1652 1816 καὶ
1667 1789 1719 1816 ποῦ
1735 1790 1780 1825 ζῇ,
1801 1790 1849 1816 καὶ
1859 1790 1890 1816 tv

1103 1831 1144 1866 οἷς
1160 1835 1234 1861 ἔστιν
1247 1843 1256 1851 ο
1279 1835 1314 1862 ἶν’
1329 1835 1416 1868 οὕτως
1435 1837 1546 1871 νοήσας,
1560 1835 1607 1862 καὶ
1625 1835 1674 1871 τὴν
1701 1835 1804 1870 ἀκριϐῆ
1831 1835 1891 1861 διά.-

1104 1888 1195 1915 κρισιν
1211 1881 1393 1916 κτησάμενος,
1405 1882 1440 1915 τῇ
1451 1881 1518 1917 πρὸς
1529 1881 1560 1908 τὸ
1575 1881 1679 1915 ἀγαθον
1694 1882 1768 1916 ὁρμῇ
1779 1881 1892 1912 τελείως

1104 1925 1200 1953 ἑαυτὸν
1228 1927 1324 1962 ἐπιδῷ.
1348 1928 1448 1954 Λοιπὸν
1471 1928 1691 1963 προσευχόμενος
1710 1928 1739 1954 ὲν
1767 1928 1800 1962 τῇ
1823 1927 1891 1962 εὐχῇ

1104 1972 1222 2007 πρόσεχε
1233 1973 1348 2007 σεαυτῷ,
1362 1973 1469 2008 ἐπέχων
1479 1974 1535 2005 τοῖς
1543 1973 1682 2008 λογισμοῖς
1692 1973 1739 1999 καὶ
1747 1973 1806 2003 ταῖς
1814 1972 1892 2006 ἐνερ-

1104 2018 1195 2052 γείαις
1209 2018 1292 2044 πόθεν
1305 2018 1385 2051 εἰσὶν,
1398 2019 1430 2044 ὲκ
1448 2018 1496 2044 τοῦ
1518 2018 1598 2051 Θεοῦ,
1612 2018 1628 2053 ἢ
1640 2018 1672 2044 ἐκ
1684 2017 1731 2043 τοῦ
1749 2017 1870 2044 ἐναντίου
1882 2037 1892 2051 ,

1105 2067 1154 2092 καὶ
1170 2066 1211 2098 τίς
1222 2067 1372 2103 προσφέρει
1386 2066 1491 2102 τροφὴν
1502 2067 1535 2101 τῇ
1553 2065 1662 2101 καρδίᾳ,
1676 2066 1691 2092 6
1705 2066 1817 2100 Κύριος,
1831 2065 1848 2100 ἢ
1868 2065 1893 2091 οι

1105 2112 1330 2147 κοσμοκράτορες
1351 2112 1398 2139 τοῦ
1407 2112 1506 2143 αἰῶνος
1522 2111 1628 2138 τούτου.
1645 2111 1700 2138 Καὶ
1721 2111 1894 2146 δοκιμάσασα

1106 2158 1154 2184 καὶ
1164 2157 1325 2192 ἐπιγνοῦσα,
1342 2155 1364 2184 ὦ
1375 2158 1459 2194 ψυχὴ,
1471 2157 1547 2184 αἰτοῦ
1562 2157 1607 2184 τὸν
1616 2157 1718 2192 Κύριον
1730 2158 1758 2183 tv
1767 2157 1841 2192 πόνῳ
1848 2157 1894 2183 καὶ

1106 2204 1181 2240 πόθῳ
1208 2205 1310 2240 τροφὴν
1331 2205 1465 2240 οὐράνιον,
1490 2204 1536 2230 καὶ
1557 2203 1683 2239 αὔξησιν,
1699 2203 1747 2230 καὶ
1763 2203 1894 2238 ἐργασίαν

264 2255 328 2274 cum
345 2247 440 2274 labore
454 2252 481 2275 et
495 2248 634 2276 desiderio
649 2248 742 2276 cibum
758 2249 910 2280 caelestem.
921 2254 949 2277 et
961 2250 1049 2278 incre-

1107 2250 1310 2286 Χριστοῠ,κατὰ
1319 2251 1349 2277 τὸ
1363 2251 1519 2286 εἰρημένον*
1529 2250 1624 2284 Ἠμῶν
1637 2249 1671 2276 δὲ
1681 2249 1715 2276 τὸ
1730 2250 1894 2284 πολίτευμα

265 2298 387 2321 mentum
403 2299 485 2329 atque
500 2295 688 2329 operationem
716 2295 830 2329 Christi,
848 2297 926 2332 juxta
937 2297 963 2324 id
980 2297 1053 2332 quod

264 2341 369 2368 dictum
385 2345 443 2368 est:
458 2341 556 2369 Nostra
569 2346 658 2369 autent
673 2344 836 2370 conversatio
851 2344 878 2370 in
893 2344 963 2372 t‘trlis
972 2345 1052 2372 est":

264 2393 319 2412 non
334 2390 425 2412 autem
444 2386 470 2413 in
485 2392 548 2422 typo
559 2392 587 2414 et
603 2387 700 2423 ﬁgura,
714 2393 744 2416 ut
758 2389 870 2424 quidam
885 2391 1054 2418 existimant.

265 2431 334 2460 Ecce
347 2432 422 2459 enim
437 2441 544 2465 corum,
563 2434 609 2469 qui
629 2435 748 2469 speciem
766 2435 877 2470 pietatis
890 2437 980 2464 solum
1005 2437 1052 2464 ha-

265 2478 342 2511 bent,
357 2479 465 2506 animus
483 2484 564 2515 atque
580 2481 738 2508 intellectus
753 2482 852 2510 similis
866 2487 909 2510 est
923 2483 1027 2510 mundo
1045 2491 1053 2510 τ

265 2531 330 2551 ecce
361 2525 510 2552 commotio
544 2530 573 2554 ct
598 2527 742 2555 fluctuatio
770 2528 920 2556 voluntatis
947 2537 1054 2562 eorum,

266 2569 425 2598 inconstans
440 2571 558 2604 animus,
575 2572 709 2599 timiditas
720 2593 727 2605 ,
743 2578 772 2600 ct
786 2579 886 2604 metus,
903 2574 1055 2601 secundum

266 2615 340 2649 quod
356 2615 460 2643 dictum
474 2620 516 2643 est
531 2625 537 2643 :
555 2616 587 2643 In
603 2618 725 2653 angustia
743 2622 767 2644 ει
786 2622 899 2644 trcntore
913 2619 964 2645 eris
978 2627 1058 2653 super

267 2666 366 2688 terram
382 2661 404 2677 “
420 2671 427 2688 :
444 2662 605 2690 inﬁdelitate
617 2668 645 2690 et
654 2663 816 2691 confusione
833 2665 966 2691 ﬂuvarutn
984 2665 1057 2699 cogi—

268 2705 402 2733 tationum
432 2711 536 2742 quanto
564 2712 686 2743 tcmporc
724 2708 880 2743 agitantur,
909 2713 937 2736 ut
957 2709 1056 2743 reliqui

267 2758 364 2779 onmes
396 2752 539 2785 homines;
567 2754 660 2788 specie
677 2754 778 2787 solum,
796 2762 851 2782 non
872 2754 954 2781 etiam
972 2754 1057 2781 animi

269 2798 410 2825 sententia
421 2797 559 2826 dissident
583 2799 611 2826 hi
630 2808 645 2827 a
665 2800 784 2832 mundo;
802 2805 830 2827 et
847 2807 980 2834 corporea
995 2807 1060 2834 pro-

1104 2297 1139 2324 ἐν
1153 2296 1290 2331 οὐρανοῖς
1298 2297 1434 2331 ὑπᾶρχεν
1447 2297 1493 2323 καὶ
1504 2296 1555 2323 οὐκ
1568 2297 1596 2323 tv
1610 2296 1729 2331 σχήματι
1745 2296 1791 2322 καὶ
1807 2295 1893 2330 τύπῳ,

1107 2343 1144 2374 ὣς
1155 2352 1227 2374 τινες
1242 2343 1410 2377 νομίζουσιν.
1434 2342 1499 2368 Ἰδοὺ
1516 2343 1581 2376 γὰρ,
1598 2341 1653 2368 τῶν
1666 2341 1806 2376 μόρφωσιν
1817 2341 1895 2367 εὐσε-

1108 2390 1182 2421 ϐείας
1199 2390 1277 2425 μόνον
1293 2389 1409 2424 ἐχόντων
1429 2389 1443 2416 6
1457 2388 1520 2419 νοῦς
1549 2387 1596 2414 καὶ
1618 2389 1635 2422 ὴ
1651 2388 1757 2414 διάνοια
1771 2387 1843 2413 ἔοικε
1856 2386 1896 2421 τῷ

1109 2436 1214 2472 κόσμῳ.
1230 2436 1295 2462 Ἰδοὺ
1310 2437 1323 2462 ὀ
1338 2435 1450 2470 σεισμὸς
1467 2436 1514 2461 καὶ
1527 2436 1541 2461 ό
1552 2434 1632 2466 σάλος
1646 2434 1697 2468 τῆς
1709 2434 1895 2469 προαιρέσεως

1109 2481 1209 2514 αὐτῶν,
1221 2482 1237 2515 ἡ
1254 2482 1370 2512 ἄστατος
1382 2479 1491 2516 γνώμη,
1503 2481 1519 2516 ή
1532 2479 1618 2506 δειλία
1635 2480 1682 2506 καὶ
1691 2479 1706 2505 6
1717 2478 1808 2512 φόϐος,
1825 2477 1895 2504 κατὰ

1109 2528 1140 2554 τὸ
1154 2528 1308 2563 εἰρημένον,
1318 2527 1435 2554 Στένων
1443 2526 1493 2554 καὶ
1504 2527 1617 2560 τρέμων
1629 2525 1686 2560 ἔσῃ
1700 2525 1749 2552 ἐπὶ
1760 2524 1816 2558 τῆς
1828 2524 1896 2559 τῆς,

1110 2573 1180 2599 κατὰ
1195 2573 1242 2608 τὴν
1258 2573 1390 2600 ἀπιστίαν
1415 2573 1463 2600 καὶ
1489 2573 1620 2608 σύγχυσιν
1637 2572 1692 2598 τῶν
1709 2571 1833 2598 ἀστάτων
1851 2570 1895 2596 λο-

1110 2618 1229 2652 γισμῶν,
1242 2618 1306 2647 ὅσας
1319 2618 1395 2652 ὧρας
1404 2618 1590 2652 σαλευόμενοι,
1604 2617 1641 2648 ὡς
1654 2617 1679 2643 οἱ
1694 2616 1782 2643 λοιποὶ
1797 2615 1896 2645 πάντες

1111 2663 1249 2699 ἄνθρωποι
1261 2672 1268 2679 ·
1291 2665 1410 2699 σχήματι
1422 2664 1449 2690 δὲ
1464 2665 1538 2699 μόνῳ
1560 2664 1590 2690 οὺ
1608 2663 1656 2689 καὶ
1675 2663 1792 2697 νοήματι
1805 2660 1898 2694 διαφέ-

1111 2717 1203 2744 ρουσιν
1221 2710 1246 2735 οἱ
1261 2710 1377 2736 τοιοῦτοι
1390 2709 1438 2736 τοῦ
1459 2710 1575 2744 κόσμου,
1589 2710 1636 2736 καὶ
1652 2708 1818 2743 σωματικοῖς
1835 2714 1898 2733 κατ-

1114 2754 1255 2789 ορθώμασι
1268 2755 1315 2782 τοῦ
1343 2756 1396 2788 ἔξω
1418 2755 1576 2789 ἀνθρώπου,
1599 2756 1632 2790 τῇ
1645 2754 1674 2782 δὲ
1690 2753 1788 2789 καρδίᾳ
1799 2753 1848 2780 καὶ
1860 2751 1900 2788 τῷ

1114 2801 1209 2836 κόσμῳ
1221 2801 1358 2836 σύρονται,
1373 2802 1421 2828 καὶ
1441 2802 1551 2837 δεσμοῖς
1568 2802 1684 2837 γηῖνοις,
1698 2800 1746 2828 καὶ
1760 2798 1900 2836 μεριμνῶν

305 2885 321 2902 ¹¹
336 2886 418 2915 Joan.
439 2895 466 2921 ι,
494 2887 520 2915 1.
559 2887 674 2918 "Amos
690 2897 728 2922 Ix,
742 2889 784 2916 ll.
823 2888 979 2926 "_Philipp.
999 2897 1042 2924 ιιι,

1102 2911 1108 2918 .
1147 2889 1166 2906 ⁸⁵
1181 2890 1249 2918 Gcn.
1266 2899 1304 2925 tv,
1321 2891 1363 2918 12.
