2079 3152
202 180 256 212 733

785 179 970 210 IIOMILI/E-
987 192 1023 198 —
1034 180 1128 211 HOM.
1145 180 1270 213 XXXII.

1778 180 1830 213 ’134

204 237 351 272 ἀνωφελῶν
382 237 592 273 ἐμπεριέχονται
619 238 668 273 τὴν
684 237 714 270 ἐξ
741 238 859 273 οὐρανοῦ
879 238 987 273 εἰρήνην

1043 238 1175 273 speritate
1199 237 1346 266 exterioris
1368 238 1504 271 hominis;
1520 237 1604 266 corde
1619 244 1686 265 vero
1699 242 1728 266 et
1741 238 1833 266 animo

201 286 231 312 ἐν
239 284 338 320 καρδίᾳ.
349 284 386 319 μὴ
396 283 573 319 κτησάμενοι,
587 284 679 316 καθώς
691 293 772 318 φησιν
787 285 802 310 ὁ
818 284 989 317 Ἀπόστολος,

207 331 248 357 ὅτι
261 330 297 357 Ἦ
307 329 413 363 εἰρήνη
425 329 479 355 τοῦ
509 329 583 356 Θεοῦ
590 330 761 363 βραϐευέτω
775 330 810 356 ἑν
840 329 906 362 ταῖς
922 338 987 364 acap-

201 375 277 408 δίαις
292 374 386 410 ὑμῶν,
398 374 459 409 ἣτις
471 375 528 401 ἐστὶ
545 374 724 410 βασιλεύουσα
739 375 788 402 καὶ
801 374 991 407 ἀνακαινίζου-

203 431 238 449 σα
251 422 301 454 τὰς
320 421 375 448 τῶν
396 420 502 447 πιστῶν
523 420 652 453 διανοίας,
677 422 706 448 ἐν
730 421 825 458 ἀγάπῃ
839 420 919 453 Θεοῦ,
945 422 992 448 καὶ

202 468 293 502 πάσης
322 467 372 502 τῆς
409 466 598 501 ἀδελφότητος.
633 467 702 501 Δόξα
727 468 992 503 καὶνπροσκύνησις

201 513 299 549 Πατρὶ,
317 514 364 540 καὶ
385 513 452 549 Υίῷ,
470 514 518 541 καὶ
535 514 605 548 ἁγίῳ
627 502 834 549 Πνεύματι,ἐὶς
845 514 909 546 τοὺς
924 514 991 541 αίῶ-

201 567 258 591 νας.
280 559 379 595 ’Δμήν.

497 661 619 688 ΟΜΙΛῘΔ
636 661 698 689 AB'.

207 704 244 732 Ἡ
257 705 332 738 δόξα
351 706 411 733 τῶν
429 706 616 740 Χριστιανῶν
639 706 699 734 ἀπὸ
719 706 773 734 τοῦ
797 707 856 734 νῦν
874 707 910 733 ἐν
925 707 991 740 ταῖς

236 741 337 768 αὐτῶν
346 742 461 775 ψυχαῖς
474 741 604 776 ἐμμένει,
618 741 780 776 μέλλουσα
798 742 832 768 ὲν
845 741 885 774 τῷ
900 742 990 776 καιρῷ

239 776 296 809 τῆς
323 776 519 809 ἀναστάσεως
548 776 768 811 φανερωθῆναι,
795 777 844 803 καὶ
863 776 990 809 δοξάσαι

234 812 280 873 ἓὰί
288 812 410 846 σώματα
429 812 493 838 κατ’
524 811 690 846 ἀναλογίαν
717 811 772 847 τῆς
785 811 884 839 αὐτῶν
898 814 989 840 εὐσε-

253 855 268 873 ε
280 855 326 873 ac.

236 848 326 880 ϐείας.

1043 283 1070 311 in
1086 283 1191 310 mundo
1206 283 1409 315 distrahuntur,
1424 289 1452 311 et
1468 283 1575 318 laqueis
1586 283 1716 315 terrenis,
1732 287 1761 310 et
1773 283 1835 310 inu-

1042 329 1132 356 tilium
1151 337 1281 356 curarum
1309 329 1497 364 implicantur,
1521 337 1616 364 pacem
1639 329 1781 357 caelestem
1807 330 1835 357 in

1042 376 1126 403 corde
1149 383 1205 403 non
1220 375 1362 403 consecuti
1376 396 1383 407 ,
1399 375 1630 410 quemadmodum
1652 375 1742 410 inquit
1760 376 1836 411 Apo-

1042 422 1129 448 stolus
1143 429 1150 448 ;
1169 421 1229 448 Pax
1245 421 1291 448 Dei
1310 421 1427 456 palmam
1439 421 1510 455 ferat
1526 422 1554 448 in
1567 421 1688 448 cordibus
1701 422 1834 454 vestris”,

1042 473 1103 500 quae
1129 468 1242 501 regnat,’
1256 473 1289 492 ac
1304 470 1420 492 renovat
1446 465 1569 493 ﬁdelium
1587 466 1694 493 animos
1716 466 1743 493 in
1762 465 1834 493 dile-

1042 511 1134 538 ctione
1148 510 1197 537 Dei
1223 514 1251 537 et
1266 510 1341 537 omni
1353 510 1536 537 fraternitate.
1554 510 1645 538 Gloria
1661 515 1689 538 et
1710 510 1834 537 adoratio

1043 559 1130 591 Patri,
1149 559 1228 594 120
1242 562 1270 585 et
1286 558 1366 592 Filio,
1386 562 1415 586 et
1440 558 1555 593 Spiritui
1570 563 1664 586 sancto
1682 557 1710 585 in
1723 558 1833 585 saecula.

1042 605 1140 634 Amen.

1298 664 1442 692 HOMILIA
1464 663 1574 691 XXXII.

1042 708 1132 737 Gloria
1149 708 1359 737 Christianorum
1377 711 1488 737 nuncin
1511 710 1620 737 illorum
1640 709 1735 736 am'mt's
1750 709 1832 739 lam.

1076 753 1135 779 qmc
1151 750 1267 780 tempore
1284 746 1483 772 resurrectionis
1505 748 1629 780 emerget,
1644 749 1668 771 ιιι
1689 743 1833 771 illustrabit

1076 788 1187 815 corpora
1200 789 1248 816 pro
1263 781 1340 807 modo
1351 789 1441 808 eorum
1455 781 1571 816 pietatis.

235 902 274 928 A’.
301 901 332 928 Δί
350 900 397 927 τοῦ
411 900 513 936 κόσμου
524 900 618 927 τούτου
633 901 755 935 γλῶσσαι
768 902 892 937 διάφοροί
908 903 960 929 είσι
978 910 985 917 ·

1074 901 1095 928 Ι.
1114 900 1226 937 Lingua:
1244 902 1326 937 hujus
1340 902 1435 930 mundi
1447 902 1529 930 varia:
1539 907 1614 930 sunt.
1625 903 1747 936 Quilibet
1758 903 1832 930 enim

199 948 300 978 παντὸς
313 947 367 982 γὰρ
380 946 482 979 ,ἔθνους
510 947 562 974 ίδία
590 947 701 981 γλῶσσά
726 949 802 975 ἐστιν
813 957 820 964 ·
837 949 861 975 οἱ
878 949 906 975 δὲ
921 949 989 985 Χρι-

201 994 303 1020 στιανοὶ
332 993 397 1029 μίαν
435 994 482 1021 καὶ
507 994 555 1021 νῦν
580 994 706 1027 γλῶσσαν
740 994 918 1029 μανθάνουσι,
941 994 988 1021 καὶ

199 1040 255 1066 ὅλοι
265 1040 318 1067 ὑπὸ
333 1040 397 1076 μίαν
415 1041 511 1075 σοφίαν
534 1041 706 1068 παιδεύονται
724 1041 772 1068 τοῦ
795 1042 874 1074 Θεοῦ,
892 1043 989 1076 σοφίαν

199 1085 230 1111 οὐ
240 1085 288 1112 τοῦ
300 1086 403 1120 κόσμου
420 1086 528 1117 τούτου.
550 1086 612 1113 οὔτε
632 1087 680 1114 τοῦ
701 1087 799 1120 αἰῶνος
818 1088 864 1114 τοῦ
881 1097 988 1124 παρερ-

200 1131 326 1166 χομένου.
343 1131 398 1158 Kal
411 1131 449 1162 ὡς
470 1132 670 1167 περιπατοῦσιν
697 1134 737 1165 είς
752 1134 800 1168 τὴν
815 1134 905 1160 κτίσιν
921 1134 989 1161 ταύ-

199 1185 249 1211 την
265 1177 290 1203 οἱ
312 1178 482 1212 Χριστιανοὶ,
515 1179 555 1210 είς
578 1179 741 1214 καινοτέρας
758 1179 822 1210 Οέας
845 1180 988 1215 οὐρανίους

200 1222 378 1257 ἐμπίπτουσι,
399 1223 445 1250 καὶ
457 1223 497 1255 είς
512 1223 601 1256 δόξας,
618 1225 666 1251 καὶ
690 1226 839 1261 μυστήρια.
856 1226 910 1252 ἀπὸ
935 1226 988 1253 τῶν

200 1268 372 1304 φαινομένων
381 1269 567 1304 λαμϐάνοντες
582 1270 632 1302 τὰς
661 1272 799 1307 ἀφορμάς.
819 1272 897 1298 Ἔστι
910 1272 988 1304 ζώων

199 1316 311 1350 ἡμέρων
328 1315 406 1350 γένη,
422 1313 478 1342 οἷον
507 1316 589 1348 ἵππος
610 1317 656 1343 καὶ
673 1317 751 1352 βοῦς·
767 1317 882 1344 ἕκαστον
899 1318 989 1345 αὐτῶν

201 1361 266 1388 ίδιον
281 1361 362 1396 σῶμα
384 1361 442 1396 ἔχει
479 1363 527 1388 καὶ
548 1362 615 1389 ἰδίαν
639 1364 741 1398 φωνήν.
759 1363 795 1389 Τὸ
809 1363 877 1390 αὐτὸ
900 1364 947 1390 καὶ
959 1365 989 1390 ἐν

199 1407 255 1437 τοῖς
266 1405 372 1441 θηρίοις
387 1413 394 1421 ³
407 1407 420 1432 ὁ
434 1405 503 1433 λέων
513 1406 580 1433 ἴδιον
602 1407 683 1442 σῶμα
702 1407 758 1442 ἐχει
785 1407 832 1434 καὶ
848 1407 915 1435 ίδίαν
933 1417 989 1442 φω-

199 1452 260 1486 νὴν,
283 1452 297 1477 ὁ
317 1451 415 1486 ἔλαφος
437 1451 538 1487 ὁμοίως
551 1460 557 1467 ·
575 1452 622 1479 καὶ
637 1454 666 1480 ἐν
688 1455 744 1485 τοῖς
757 1453 881 1488 ἑρπετοῖς
894 1453 988 1489 διαφο-

201 1497 236 1533 ρὰ
263 1497 360 1533 πολλὴ,
391 1497 439 1525 καὶ
464 1499 493 1525 ἐν
519 1499 575 1531 τοῖς
603 1500 736 1531 πετεινοῖς
751 1499 836 1526 πολλὰ
850 1499 964 1534 σώματα
979 1508 986 1515 ·

198 1542 263 1569 ἄλλο
280 1542 360 1577 σῶμα
393 1543 442 1570 καὶ
472 1542 548 1578 φωνὴ
571 1542 663 1576 ἀετοῦ,
679 1544 726 1570 καὶ
747 1543 811 1570 ἄλλο
833 1544 914 1579 σῶμα
940 1544 988 1571 καὶ

1040 947 1160 981 populus
1184 948 1323 982 propriam
1347 948 1467 982 linguam
1486 949 1578 976 habet.
1600 949 1750 976 Christiani
1766 957 1833 976 vero

1039 996 1149 1019 etnunc
1163 1000 1244 1019 unam
1262 992 1390 1020 ediscunt
1406 993 1538 1028 linguam,
1551 998 1578 1020 ct
1593 1001 1690 1021 omnes
1709 994 1761 1021 sub
1779 1001 1835 1022 una

1040 1038 1174 1072 sapientia
1192 1038 1378 1071 erudiuntur,
1396 1039 1532 1074 sapientia
1558 1039 1688 1066 nimirum
1719 1039 1811 1067 ("Villa
1825 1060 1832 1071 ,

1039 1091 1094 1110 non
1111 1084 1193 1119 hujus
1222 1084 1328 1118 mundi,
1349 1092 1440 1119 neque
1462 1084 1555 1112 saeculi
1571 1085 1774 1119 prmtercuntis.
1797 1084 1833 1111 Et

1038 1128 1103 1156 licet
1120 1128 1147 1155 in
1165 1129 1208 1156 his
1223 1129 1322 1157 creatis
1349 1129 1432 1156 rebus
1453 1129 1596 1156 ambulent
1616 1129 1779 1162 Christiani,
1803 1130 1832 1156 in

1039 1182 1125 1201 novas
1142 1179 1232 1201 tamen
1261 1175 1412 1202 divisiones
1434 1175 1560 1202 caelestes
1575 1175 1712 1206 incidunt,
1729 1175 1757 1201 in
1772 1175 1831 1210 glo-

1040 1219 1118 1251 riam,
1135 1224 1163 1246 et
1187 1220 1214 1246 in
1231 1221 1371 1256 mysteria,
1398 1228 1413 1247 a
1431 1221 1588 1255 conspicuis
1615 1221 1698 1248 rebus
1721 1227 1831 1256 sumpta

1039 1265 1195 1303 Occasione.
1211 1265 1379 1292 Animalium
1402 1270 1611 1294 mansuetorum
1635 1274 1735 1301 genera
1754 1272 1831 1299 sunt.

1038 1318 1129 1345 equus
1142 1315 1170 1338 et
1184 1311 1234 1339 bos
1255 1320 1261 1338 :
1283 1312 1499 1346 unumquodque
1515 1312 1612 1339 horum
1625 1313 1767 1347 proprium
1783 1313 1832 1340 ha-

1040 1357 1086 1385 bet
1113 1366 1215 1393 corpus
1237 1363 1266 1386 et
1290 1359 1430 1393 propriam
1448 1366 1554 1386 vocem.
1572 1359 1646 1386 idem
1671 1359 1699 1386 in
1719 1360 1830 1394 bestiis;

1038 1402 1081 1429 leo
1097 1403 1239 1437 proprium
1263 1403 1346 1430 habet
1365 1411 1476 1438 corpus,
1498 1411 1594 1431 vocem
1614 1404 1773 1438 propriam:
1788 1405 1833 1432 iti-

1039 1448 1101 1475 dem
1115 1452 1143 1476 et
1154 1457 1260 1476 cervus.
1271 1449 1301 1476 ln
1316 1449 1462 1484 reptilibus
1478 1458 1589 1485 quoque
1604 1449 1762 1478 dill‘erentia
1776 1459 1832 1479 non

1038 1494 1147 1530 exigua,
1165 1499 1248 1529 atque
1273 1495 1302 1522 in
1321 1495 1484 1523 volucribus
1499 1496 1665 1531 multiplicia
1684 1500 1748 1524 sunt
1771 1505 1833 1525 cor-

1039 1547 1107 1574 pora
1125 1548 1131 1566 :
1148 1540 1223 1567 aliud
1243 1548 1344 1576 corpus
1356 1545 1385 1568 et
1401 1549 1453 1568 vox
1470 1542 1580 1576 aquilm,
1598 1546 1626 1569 et
1639 1542 1713 1570 aliud
1731 1551 1832 1577 corpus

201 1587 277 1623 φωνὴ
292 1588 453 1623 ὀξυπτέρου.
472 1589 512 1616 Τὰ
525 1589 595 1616 αὐτὰ
611 1589 657 1616 καὶ
675 1590 704 1616 ἐν
724 1591 757 1626 τῇ
773 1590 896 1626 θαλάσσῃ
907 1591 965 1617 ἐστι
979 1598 987 1606 ο

1039 1590 1066 1614 et
1085 1594 1139 1614 vox
1153 1587 1290 1622 oxypteri.
1306 1587 1408 1615 Eadem
1421 1596 1531 1624 quoque
1547 1588 1649 1616 suntin
1669 1590 1757 1623 mari;
1772 1597 1833 1617 cor-

200 1632 316 1668 σώματα
332 1633 418 1660 πολλὰ
433 1635 471 1670 μὴ
493 1635 600 1661 ἐοικότα
629 1636 767 1672 ἀλλήλοις,
783 1638 830 1664 καὶ
847 1638 876 1664 ἐν
897 1639 930 1673 τῇ
951 1640 986 1674 γῇ

200 1678 347 1714 σπέρματά
369 1680 421 1706 εἱσι
452 1680 548 1714 πολλὰ,
574 1681 631 1708 ἀλλ’
647 1682 762 1710 ’ἑκαστον
791 1683 903 1719 σπέρμα
922 1684 988 1712 ῐδιον

200 1724 258 1760 ἔχει
282 1726 398 1761 καρπόν.
439 1727 494 1754 Kal
515 1727 612 1763 δένδρα
636 1729 722 1756 πολλά
741 1730 809 1756 εἰσιν
823 1738 830 1746 ο
855 1730 914 1756 ἀλλ’
933 1731 988 1757 εἰσ)⁸

198 1771 296 1807 δένδρα
322 1773 444 1807 μείζονα,
463 1774 510 1800 καὶ
534 1774 601 1808 είσὶῑ
613 1775 708 1811 δένδρα
737 1777 898 1812 μικρότερα.
933 1777 988 1804 Kal

199 1818 280 1844 αὐταὶ
295 1818 323 1845 αἱ
340 1819 448 1854 ὀπῶραι
460 1820 594 1856 διαφορὰν
620 1821 714 1856 ἔχουσι
735 1823 854 1857 πολλὴν
872 1823 987 1850 ἕκαστον

199 1863 254 1899 γὰρ
271 1864 359 1891 αὐτῶν
373 1865 441 1892 ἰδίαν
465 1866 570 1900 γεῦσιν.
590 1868 646 1894 Καὶ
670 1868 739 1894 εἰσὶν
757 1867 879 1903 βοτάναι,
895 1869 942 1896 καὶ
958 1870 987 1896 ἐν

201 1908 297 1941 αὐταῖς
319 1909 447 1944 διαφοραὶ
472 1911 580 1943 πολλαὶ.
598 1913 626 1938 αἱ
646 1912 697 1947 μὲν
707 1914 747 1945 εἰς
770 1913 865 1948 ὑγείαν
881 1922 988 1949 προχω-

201 1953 307 1989 ροῦσαι,
323 1955 352 1981 al
380 1955 408 1982 δὲ
433 1957 473 1989 εἰς
491 1957 606 1984 εὐωδίαν
621 1958 711 1994 μόνον.
731 1958 867 1986 Ἕκαστον
888 1959 916 1986 δὲ
931 1960 986 1987 τῶν

199 1999 316 2035 δένδρων
346 2001 452 2029 ἔνδοθεν
477 2003 586 2039 ἐκφέρει
613 2003 647 2031 τὰ
675 2004 812 2040 ἐνδύματα
837 2005 987 2040 φαινόμενα

200 2046 299 2081 φύλλα,
329 2048 377 2074 καλ¹
397 2048 477 2083 ἄνθη,
495 2049 543 2076 καὶ
570 2050 703 2086 καρπούς.
735 2051 853 2086 Ὁμοίως
878 2051 926 2079 καὶ
952 2052 988 2079 τὰ

200 2090 347 2125 σπέρματα
365 2092 470 2119 ἐνδοθεν
493 2093 630 2129 ἐνδύματα
645 2095 723 2132 φέρει
749 2097 901 2132 φαινόμενα
913 2105 920 2112 ’
938 2097 987 2124 καὶ

200 2135 270 2163 αὐτὰ
291 2137 326 2164 τὰ
340 2137 422 2172 κρίνα
442 2138 547 2166 ἔνδοθεν
563 2141 675 2177 ἐκφέρει
685 2141 834 2177 ἐνδύματα,
856 2142 904 2170 καὶ
919 2143 986 2170 καλ-

198 2181 312 2214 λωπίζει
325 2183 375 2219 τὴν
386 2184 478 2220 χλόην.

235 2273 274 2300 B’.
293 2272 372 2300 Οὕτω
388 2274 436 2301 καὶ
449 2275 504 2301 τῶν
517 2276 689 2311 Χριστιανῶν
704 2278 761 2304 ὅσοι
776 2278 986 2314 κατηξιώθησαν

201 2319 367 2346 ἁπεντεῦοεν
386 2320 541 2355 κτήσασθαι
559 2322 590 2348 τὸ
611 2323 773 2359 ἐπουράνιον
788 2325 901 2360 ἔνδυμα,
919 2325 986 2352 αὐτὸ

198 2365 285 2392 ἐκεῖνο
299 2365 392 2400 ἔχουσι
405 2368 464 2399 ταῖς
476 2368 576 2403 ψυχαῖς
587 2369 676 2396 αὐτῶν
692 2371 822 2406 ἐμμένον,
838 2372 893 2398 Καὶ
908 2372 985 2398 ἐπει-

198 2410 230 2446 δὴ
246 2412 300 2438 ἀπὸ
313 2412 379 2439 Θεοῦ
396 2413 565 2448 προώρισται
579 2415 738 2452 διαλυθῆναι
754 2418 804 2452 τὴν
816 2418 906 2445 κτίσιν
919 2418 985 2445 ταύ-

199 2464 259 2490 την,
289 2457 337 2484 καὶ
362 2458 508 2493 παρελθεῖν
521 2460 566 2487 τὸν
584 2461 698 2497 οὐρανὸν
716 2463 763 2490 καὶ
785 2464 835 2498 τὴν
861 2464 924 2498 γῆν,
953 2465 985 2491 τὺ

197 2501 322 2533 ἐνδύσαν,
343 2503 390 2530 xal
406 2504 522 2537 δοξάσαν
533 2505 586 2532 ἀπὸ
606 2506 652 2532 τοῦ
677 2507 724 2533 νῦν
739 2507 841 2543 ἔνδυμα
858 2509 983 2544 οὐράνιον

197 2549 360 2585 τὴνψυχὴν,
383 2550 451 2585 ὅπερ
480 2551 630 2586 ἐκτήσαντο
659 2553 687 2578 ὲν
704 2555 736 2588 τῇ
767 2553 877 2589 καρδίᾳ,
896 2555 984 2581 ἐκεῖνο

199 2594 245 2620 καὶ
273 2596 307 2621 τὰ
333 2595 425 2630 γυμνὰ
450 2595 576 2631 σώματα,
591 2596 663 2632 ἇπερ
686 2598 846 2625 ἀνίστανται
875 2599 908 2625 ἐκ
928 2599 983 2625 τῶν

197 2638 302 2673 τάφων,
322 2640 351 2665 ἐν
366 2639 460 2675 ἐκείνῃ
477 2641 510 2674 τῇ
527 2641 618 2676 ἡμέρᾳ
630 2642 664 2667 τὰ
679 2642 842 2677 ἐγειρόμενα
855 2643 981 2678 σώματα⁸

199 2683 267 2710 ἀλλὰ
283 2684 362 2719 δῆλον
387 2685 429 2712 ὃτι
453 2686 597 2722 περιῦαλετ
615 2686 700 2713 ταῦτα
716 2686 809 2719 δόξαν·
828 2687 842 2714 ὂ
865 2688 920 2714 ἀπὸ
937 2687 984 2715 τοῦ

198 2727 246 2755 νῦν
266 2728 450 2764 λαμϐάνουσιν
473 2732 497 2758 οί
517 2732 678 2767 Χριστιανοὶ
704 2732 774 2767 δόμα
804 2733 852 2759 καὶ
881 2733 984 2769 ἔνδυμα

198 2773 324 2809 ἀόρατον,
346 2776 393 2802 καὶ
413 2777 547 2812 οὐράνιον.
570 2778 676 2813 Ὥσπερ
694 2778 723 2804 δὲ
749 2778 784 2804 τὰ
807 2779 942 2814 πρόϐατα,
967 2780 983 2815 ῆ

199 2819 228 2845 αἱ
241 2820 365 2855 ¹κάμηλοι
392 2822 487 2857 χόρτον
517 2823 688 2859 εὑρίσκοντα,
707 2823 815 2859 λάϐρως
836 2826 882 2852 καὶ
901 2824 984 2857 ὀξέως

235 2897 255 2914 ¹¹
271 2897 375 2929 Coloss.
397 2908 436 2935 Ill,
452 2899 496 2928 15.

1038 1640 1104 1667 pora
1119 1634 1205 1660 multa
1220 1633 1295 1661 inter
1317 1641 1347 1661 se
1361 1634 1506 1661 dissimilia
1524 1643 1530 1661 :
1546 1640 1574 1662 et
1591 1635 1620 1662 in
1637 1639 1710 1662 terra
1724 1636 1831 1664 semina

1038 1683 1104 1705 sunt
1121 1679 1217 1712 multa,
1236 1687 1332 1707 verum
1350 1681 1569 1716 unumquodque
1597 1689 1692 1709 semen
1711 1683 1833 1717 peculia-

1038 1732 1095 1752 rem
1121 1725 1205 1753 habet
1226 1726 1358 1754 fructum.
1380 1727 1478 1754 Itidem
1505 1718 1599 1755 milita:
1617 1733 1682 1756 sunt
1704 1729 1830 1761 arbores,

1037 1779 1134 1798 verum
1147 1777 1211 1799 sunt
1225 1773 1338 1801 arbores
1349 1793 1356 1806 ,
1372 1775 1496 1808 quaedam
1512 1775 1637 1807 altiores,
1652 1775 1776 1810 quredam
1789 1783 1832 1802 ar-

1037 1817 1120 1846 bores
1131 1818 1304 1846 humiliores.
1318 1819 1371 1854 Ipsi
1387 1827 1496 1854 quoque
1511 1822 1637 1847 autumni
1651 1821 1758 1848 fructus
1772 1830 1832 1848 ma-

1037 1871 1120 1899 gnum
1143 1863 1216 1891 inter
1235 1871 1263 1891 se
1280 1864 1407 1892 obtinent
1426 1865 1593 1898 discrimen;
1620 1866 1737 1900 quilibet
1757 1867 1830 1894 enim

1037 1917 1134 1938 eorum
1159 1910 1326 1944 peculiarem
1354 1911 1437 1938 habet
1471 1917 1593 1946 gustum.
1624 1911 1695 1938 Sunt
1721 1920 1831 1947 quoque

1037 1955 1110 1984 inter
1126 1957 1226 1984 herbas
1243 1957 1402 1984 discrimina
1415 1958 1500 1985 multa
1522 1966 1528 1984 :
1543 1958 1586 1985 hat
1602 1957 1713 1993 quidem
1729 1959 1763 1985 ad
1788 1966 1831 1986 sa-

1037 2001 1152 2029 nitatem
1164 2001 1334 2036 conducunt,
1344 2002 1396 2030 illa:
1409 2011 1475 2030 vero
1488 2003 1522 2030 ad
1539 2002 1717 2038 ﬂagrantiam
1731 2004 1830 2030 dunta—

1037 2051 1094 2074 xat.
1110 2047 1286 2083 Unaqumque
1299 2055 1365 2076 vero
1380 2048 1510 2075 arborum
1524 2048 1598 2076 intus
1611 2049 1741 2084 producit
1755 2049 1831 2076 indu-

1037 2098 1130 2120 menta
1140 2114 1148 2126 ,
1163 2102 1224 2129 quae
1235 2094 1362 2121 videmus
1379 2094 1455 2126 folia,
1477 2094 1559 2122 ﬂores
1574 2099 1603 2122 et
1618 2095 1726 2123 fructus
1740 2104 1746 2122 :
1763 2096 1830 2123 item

1037 2139 1141 2166 semina
1154 2140 1227 2167 intus
1242 2140 1399 2174 producunt
1416 2141 1576 2168 indumenta
1587 2163 1594 2174 ,
1609 2149 1670 2176 quae
1687 2141 1828 2169 videntur.

1037 2182 1098 2218 lpsa
1112 2185 1288 2219 quoquelilia
1301 2185 1376 2213 intus
1387 2186 1533 2221 proferunt
1547 2186 1665 2221 tegmina
1675 2206 1683 2219 ,
1700 2190 1728 2213 et
1748 2194 1830 2213 exor-

1038 2234 1105 2256 nant
1116 2234 1229 2257 terram.

1073 2275 1106 2302 ll.
1120 2275 1165 2303 Sic
1175 2284 1285 2311 quoque
1301 2280 1440 2311 quotquot
1454 2277 1676 2304 Christianorum
1697 2276 1763 2304 hinc
1783 2277 1828 2304 di-

1037 2321 1084 2356 gni
1100 2325 1165 2348 sunt
1178 2322 1267 2349 habiti
1281 2323 1415 2357 consequi
1431 2323 1570 2350 cmlestem
1587 2323 1734 2354 amictum,
1750 2323 1827 2349 illum

1037 2367 1129 2401 ipsum
1155 2367 1259 2395 habent
1283 2368 1312 2394 in
1339 2368 1439 2395 animis
1462 2369 1520 2396 suis
1546 2373 1771 2396 commorantcm.
1792 2368 1827 2396 Et

1037 2415 1168 2450 quoniam
1193 2423 1209 2442 a
1236 2415 1292 2442 Deo
1326 2415 1491 2450 praeﬁnitum
1520 2420 1577 2448 est,
1608 2420 1638 2442 ut
1660 2415 1826 2443 dissolvatur

1036 2465 1165 2488 creatura
1175 2460 1242 2493 haec,
1259 2464 1340 2496 atque
1355 2462 1456 2489 cmlum
1471 2465 1499 2489 et
1517 2465 1589 2488 terra
1606 2464 1762 2493 transoant,
1787 2461 1827 2488 in-

1038 2507 1201 2536 dumentum
1217 2508 1329 2535 cmleste
1343 2516 1417 2535 nunc
1437 2514 1532 2543 tegens
1551 2512 1579 2534 et
1598 2507 1741 2534 illustraus
1762 2507 1823 2533 ani-

1037 2561 1120 2586 mam,
1133 2553 1207 2588 quod
1228 2553 1353 2580 obtinent
1371 2553 1399 2580 in
1414 2553 1507 2585 corde,
1530 2552 1595 2579 illud
1612 2552 1685 2579 nuda
1713 2560 1824 2587 quoque

1037 2607 1162 2634 corpora,
1175 2607 1235 2634 qua:
1246 2604 1388 2634 resurgent
1399 2608 1432 2626 ex
1444 2599 1589 2634 sepulcris,
1601 2597 1629 2624 in
1646 2598 1691 2625 illa
1702 2598 1758 2631 die,
1770 2605 1824 2632 qua

1036 2652 1152 2680 corpora
1163 2645 1358 2672 excitabuntur
1370 2665 1377 2678 ,
1394 2645 1439 2671 illa
1457 2644 1587 2671 videlicet
1604 2643 1701 2670 induet
1722 2642 1822 2677 gloria;

1037 2690 1110 2725 quod
1127 2690 1229 2718 donum
1243 2695 1270 2717 et
1285 2690 1476 2718 indumentum
1503 2689 1641 2717 invisibile
1661 2696 1693 2716 ac
1712 2688 1824 2715 cmleste

1036 2743 1110 2762 nunc
1121 2739 1329 2770 consequuntur
1343 2735 1501 2763 Christiani.
1517 2733 1753 2768 Quemadmodum
1775 2741 1824 2759 au—

1036 2784 1092 2807 tem
1105 2788 1171 2808 oves
1193 2786 1241 2808 aut
1253 2781 1349 2808 camcli
1361 2780 1388 2807 in
1409 2780 1502 2808 fenum
1519 2779 1684 2812 incidentes,
1706 2778 1824 2806 inconti-

1037 2831 1136 2855 nenter
1149 2831 1178 2855 et
1194 2827 1321 2855 celeriter
1339 2826 1475 2856 accedunt
1487 2825 1521 2854 ad
1532 2825 1675 2862 pabulum,
1687 2829 1769 2860 atque
1780 2824 1822 2851 in-
1848 2819 1860 2850 ἓ
