2079 3152
273 165 326 197 ’135

943 163 1104 193 MACARII
1125 163 1287 195 )EGYPTII

1848 166 1902 198 736

273 223 389 251 cludunt
413 222 465 250 sibi
479 222 659 253 alimentum;
683 219 751 246 hora
779 223 871 246 autem
887 219 966 247 famis
995 220 1060 247 illud

1115 221 1312 256 προσέρχονται
1324 221 1380 253 τοῖς
1405 219 1543 256 βρώμασι,
1563 221 1610 249 καὶ
1624 221 1779 256 έγκλείουσι
1798 223 1903 258 τροφὴν

274 269 363 304 ipsum
390 276 406 295 e
432 267 586 295 ventriculo
609 266 747 293 reducunt
771 270 800 292 ct
825 265 986 297 ruminant,
1013 265 1062 292 ha-

274 314 394 348 bentque
410 314 486 341 velut
500 312 673 344 alimentum,
698 319 759 346 qua:
776 316 839 338 ante
859 315 1038 345 reposuerant
1053 319 1059 337 :

273 357 315 385 sic
324 365 437 392 quoque
453 357 611 392 quicunque
629 364 703 384 nunc
721 364 836 391 regnum
856 357 990 383 caelorum
1017 364 1062 383 ra-

273 408 402 438 puerunt,
416 408 444 430 et
455 403 594 430 caelestem
611 402 702 429 cibum
715 402 742 429 in
758 402 858 437 spiritu
876 402 1001 430 viventes
1015 401 1063 429 de—

271 454 552 484 gustarunt,tempore
577 448 792 477 resurrectionis
815 456 881 475 eum
906 448 998 483 ipsum
1013 449 1062 475 ha.

275 495 341 522 bent
360 499 498 529 tegentem
514 499 542 522 et
557 494 693 522 foventem
708 494 801 522 omnia
813 501 910 522 eorum
926 494 1060 522 membra.

307 604 351 631 lll.
371 603 606 636 Quemadmodum
619 611 685 638 ergo
698 602 819 629 diximus
831 601 981 629 discrimen
1001 609 1061 629 esse

273 649 344 676 inter
370 649 485 681 semina,
515 648 580 683 quia
606 648 768 682 multiplicia
802 648 829 674 in
851 655 934 674 unam
958 652 1060 674 terram

274 695 350 729 121
369 694 502 722 seminata
517 695 640 721 diversos
656 693 815 729 producunt
838 693 963 725 fructus,
990 693 1062 720 inter

272 747 301 766 se
313 740 461 767 dissimiles
474 749 480 766 :
500 740 592 767 itidem
604 739 637 766 de
649 739 796 767 arboribus
815 739 855 766 sic
865 747 894 766 se
907 746 951 766 res
967 738 1060 772 habet,

271 786 402 813 videlicet
426 785 559 821 quasdam
571 793 665 812 earum
695 793 756 812 esse
780 784 1060 819 majores,quasdam

272 831 404 864 minores,
433 840 516 859 unam
541 835 634 859 autem
667 835 768 858 terram
798 830 907 858 radices
936 830 1059 857 onmium

271 878 414 905 continere
429 878 485 905 :sic
511 885 621 912 quoque
646 876 769 904 caelestis
796 876 920 903 Ecclesia
947 883 1009 902 cum
1025 875 1061 903 sit

272 932 338 956 una,
364 924 538 951 innumerata
557 927 610 956 est,
635 923 752 957 quisque
778 926 870 949 autem
884 921 1062 956 peculiariter

271 975 421 998 exornatur
435 978 450 997 a
461 969 552 1004 gloria
572 969 703 1004 Spiritus.
720 967 839 995 Perinde
855 967 928 995 enim
944 975 977 994 ac
986 967 1064 994 volu-

271 1023 332 1044 cres
345 1023 487 1050 ecorpore
511 1015 672 1042 indumenta
694 1015 800 1041 alarum
821 1013 988 1049 producunt,
1005 1013 1064 1041 dis-

271 1059 376 1086 crimen
393 1064 484 1086 autem
498 1058 626 1086 intereas
645 1066 701 1085 non
717 1062 759 1085 est
776 1058 922 1093 exiguum;
937 1058 1061 1092 quaedam

271 1105 345 1132 enim
360 1104 474 1139 propius
491 1108 592 1131 terram
612 1103 714 1134 volant.
730 1103 854 1138 quaedam
869 1111 936 1131 vero
949 1103 977 1130 in
998 1111 1062 1132 aere

271 1151 382 1179 evolant
397 1159 403 1176 :
417 1153 464 1177 aut
485 1149 721 1184 quemadmodum
738 1149 839 1176 ccelum
857 1157 943 1177 unum
967 1153 1018 1181 est,
1034 1155 1063 1178 et

272 1195 372 1222 multas
388 1195 415 1221 in
431 1202 460 1221 se
479 1194 574 1221 stellas
595 1195 729 1227 continet,
749 1194 799 1221 has
812 1195 923 1228 quidem
937 1194 1062 1230 splendi-

271 1240 380 1273 diores,
398 1240 459 1267 illas
476 1240 604 1275 majores,
616 1239 675 1266 illas
683 1247 749 1266 vero
763 1239 886 1267 minores
903 1248 910 1272 ;
927 1240 1063 1268 universa}

270 1293 338 1314 vero
351 1286 378 1312 in
396 1285 464 1313 cmlo
486 1285 546 1312 lixa:
569 1289 634 1312 sunt
648 1294 655 1312 :
669 1285 709 1312 sic
723 1292 835 1320 quoque
852 1285 939 1312 sancti
962 1285 990 1313 in
1006 1293 1062 1313 uno

270 1332 342 1360 cmlo
356 1331 461 1364 divino,
477 1335 506 1358 et
527 1330 555 1358 in
571 1330 703 1358 invisibili
721 1335 793 1358 terra
815 1331 1002 1358 diversimode
1018 1339 1062 1359 ra-

270 1378 347 1406 dices
361 1382 487 1413 egeruut.
504 1377 601 1405 Itidem
618 1385 679 1412 qua:
701 1376 767 1404 Adae
788 1376 942 1404 obveniunt
956 1377 1062 1412 cogita-

272 1423 374 1455 tiones,
391 1422 507 1449 diversaa
523 1426 589 1449 sunt
607 1431 613 1450 :
633 1427 660 1449 at
674 1421 795 1456 Spiritus
812 1422 841 1449 in
861 1429 910 1450 cor
935 1422 1060 1455 veniens,

271 1475 354 1495 unam
377 1467 507 1502 producit
521 1467 714 1502 cogitationem
743 1471 772 1494 et
796 1475 881 1494 unum
895 1475 942 1494 cor
956 1476 962 1494 :
978 1467 1062 1503 siqui-

271 1513 334 1541 dem
346 1513 394 1548 qui
412 1513 542 1540 deorsum
558 1517 633 1545 sunt,
650 1516 678 1539 et
691 1512 738 1547 qui
749 1519 869 1546 sursum,
883 1513 918 1540 ab
928 1521 984 1540 uno
1010 1521 1061 1549 gu-

270 1559 424 1587 bernantur
438 1558 554 1593 Spiritu.

1077 905 1098 933 Β

1114 267 1219 298 ἒαυτοίς
1231 274 1238 281 '
1265 267 1295 293 ὲν
1313 266 1342 293 δὲ
1361 266 1451 302 καιρῷ
1469 267 1575 302 πείνης,
1595 267 1662 294 αὐτὸ
1681 268 1771 294 έκεῖνο
1798 268 1830 294 ὲκ
1850 268 1902 303 τῆς

1114 313 1218 344 κοιλίας
1225 312 1403 348 ἀναφέρουσι,
1419 313 1467 339 καὶ
1477 313 1721 349 ἁναμηρυκῶνται,
1737 313 1785 340 καὶ
1799 313 1903 349 ἔχειὼς

1113 360 1226 395 τροφὴν,
1240 359 1312 395 ἅπερ
1328 359 1488 394 ὲνεθηκίασε
1510 359 1653 394 πρότερον,
1669 359 1756 392 οὕτως
1775 361 1823 387 καὶ
1843 360 1903 387 ὅσοι

1113 405 1160 433 νῦν
1175 406 1305 441 ἥρπασαν
1319 405 1368 441 τὴν
1382 405 1522 441 βασιλείαν
1537 406 1590 432 τῶν
1609 406 1743 441 οὐρανῶν,
1759 407 1804 434 καὶ
1821 407 1903 441 ἐγεύ-

1115 461 1196 478 σαντο
1207 452 1257 487 τῆς
1276 452 1438 487 ἐπουρανίου
1459 451 1588 487 βρώσεως
1602 452 1632 478 ἐν
1651 452 1787 486 πνεύματι
1800 453 1903 488 ζήσαν-

1113 507 1170 529 τες,
1181 499 1210 524 ἐν
1217 498 1257 533 τῷ
1273 498 1362 534 καιρῷ
1375 499 1425 533 τῆς
1439 499 1615 530 ἀναστάσεως
1631 499 1698 526 αὐτὸ
1713 499 1801 526 έκεῖνο
1810 500 1903 534 έχουσι

1115 544 1251 576 σκεπάζον
1269 544 1315 570 καὶ
1335 544 1437 572 θάλπον
1451 545 1541 572 αὐτῶν
1555 536 1649 572 ὂλατεὰ
1661 545 1742 580 μέλη.

1148 591 1186 617 Γ’.
1200 589 1299 622 Καθὼς
1312 590 1359 617 οὖν
1373 591 1487 626 εἴπομεν
1500 592 1550 626 τὴν
1559 591 1691 626 διαφορὰν
1705 591 1760 618 τῶν
1776 592 1903 628 σπερμά-

1114 645 1179 670 των,
1196 638 1237 664 δτι
1258 638 1343 664 πολλὰ
1359 639 1388 664 ἐν
1404 639 1453 674 μιᾷ
1463 639 1498 673 γῇ
1520 638 1674 674 σπείρεται,
1692 639 1739 666 καὶ
1756 639 1903 675 διαφόρους

1113 685 1236 718 καρποὺς
1253 684 1357 717 δίδωσι,
1381 686 1417 720 μὴ
1437 685 1562 716 ἐοικότας
1585 685 1724 721 ἀλλήλοις·
1740 686 1840 721 ὁμοίως
1854 685 1904 712 καὶ

1114 730 1179 765 περὶ
1191 730 1245 757 τῶν
1258 730 1386 766 δένδρων,
1401 731 1442 757 ὅτι
1453 731 1487 758 τὰ
1507 731 1557 765 μὲν
1574 731 1663 758 αὐτῶν
1680 732 1734 758 εισι
1752 731 1849 766 μείζω,
1866 731 1904 758 τὰ

1112 776 1140 803 δὲ
1169 776 1330 812 μικρότερα,
1351 776 1400 812 μία
1425 777 1505 812 δὲγῆ
1520 777 1569 809 τὰς
1589 777 1668 812 ῥίζας
1684 777 1753 804 ὅλων
1774 778 1901 813 κατέχει¹

1112 821 1198 853 οὕτως
1215 822 1292 857 καὶὴ
1322 822 1483 857 ἐπουράνιος
1505 822 1654 856 Ἐκκλησία
1685 822 1735 858 μία
1751 820 1830 855 οὖσα,
1854 823 1903 849 ἀν-

1115 867 1269 903 αρίθμητος
1294 869 1379 900 ἐστιν,
1400 868 1514 900 ἕκαστος
1529 868 1558 895 δὲ
1577 868 1650 900 ἰδίως
1663 869 1833 905 κεκόσμηται
1849 869 1903 896 ὑπὸ

1112 913 1161 948 τῆς
1178 913 1258 949 δόξης
1276 913 1323 940 τοῦ
1349 913 1518 950 Πνεύματος.
1532 914 1636 950 Ὠσπερ
1663 915 1717 950 γὰρ
1737 914 1772 942 τὰ
1792 915 1904 942 πετεινὰ

1112 959 1167 986 ἀπὸ
1181 960 1227 986 τοῦ
1244 960 1370 996 σώματος
1385 960 1418 988 τὰ
1435 961 1573 996 ἐνδύματα
1588 961 1641 988 τῶν
1656 962 1766 997 πτερῶν
1777 962 1902 996 ἐκφέρει,

1111 1006 1228 1042 διαφορὰ
1243 1007 1272 1034 δέ
1297 1008 1372 1034 ἐστιν
1405 1009 1435 1035 ἐν
1456 1009 1548 1040 αὐτοῖς
1578 1008 1663 1044 πολλή
1678 1016 1685 1024 ·
1710 1008 1745 1035 τὰ
1766 1007 1817 1044 μὲν
1846 1008 1902 1042 γὰρ

1112 1053 1323 1089 προσγειότερον
1344 1054 1486 1087 πέτανται,
1499 1054 1533 1081 τὰ
1553 1054 1580 1081 δὲ
1599 1055 1628 1081 ὲν
1642 1055 1703 1090 ἀέρι
1719 1055 1846 1082 ἵπτανται
1859 1063 1866 1071 ·
1883 1055 1901 1090 ἦ

1111 1098 1206 1134 ὥσπερ
1220 1099 1235 1125 ὁ
1256 1099 1370 1134 οὐρανὸς
1386 1096 1427 1132 εἷς
1439 1100 1508 1132 ἐστι,
1522 1100 1569 1127 καὶ
1583 1099 1640 1135 ἔχει
1654 1100 1767 1131 πολλοὺς
1781 1101 1902 1136 ἀστέρας

1111 1146 1141 1172 ὲν
1158 1145 1258 1181 ἑαυτῷ,
1275 1146 1337 1178 τοὺς
1348 1146 1399 1181 μὲν
1408 1146 1626 1182 λαμπροτέρους,
1641 1147 1704 1179 τοὺς
1718 1147 1746 1174 δὲ
1760 1147 1901 1183 μείζονας,

1111 1192 1176 1224 τοὺς
1193 1191 1221 1218 δὲ
1242 1193 1433 1228 μικροτέρους,
1448 1193 1504 1220 ὅλοι
1519 1193 1547 1220 δὲ
1564 1194 1594 1220 ὲν
1608 1193 1715 1229 οὐρανῷ
1729 1194 1902 1228 πεπηγμένα.

1112 1236 1182 1263 εἰσίν
1194 1244 1201 1252 ο
1214 1236 1300 1268 οὕτως
1316 1237 1363 1263 καὶ
1381 1237 1406 1263 ot
1427 1236 1502 1272 ἅγιοι
1517 1238 1547 1264 ὲν
1563 1237 1604 1264 ἐνὶ
1621 1238 1729 1273 οὐρανῷ
1743 1238 1793 1274 τῆς
1806 1238 1902 1273 θεότη-

1111 1290 1169 1314 τος,
1191 1283 1238 1309 καὶ
1260 1284 1290 1309 ὲν
1313 1284 1347 1318 τῇ
1361 1283 1471 1318 ἀοράτῳ
1495 1284 1530 1319 γῇ
1555 1283 1692 1319 διαφόρως
1721 1283 1901 1319 ἐρριζωμένοι

1112 1328 1192 1355 εἰσίν.
1216 1328 1333 1364 Ὁμοίως
1345 1329 1374 1355 δὲ
1393 1329 1440 1356 καὶ
1454 1330 1478 1356 ol
1491 1330 1531 1361 είς
1546 1329 1628 1356 αὑτὸν
1655 1329 1701 1356 τὸν
1723 1329 1809 1365 ’Λδὰμ
1826 1328 1903 1363 λογι-

1113 1375 1178 1410 σμοὶ
1190 1375 1346 1411 ἐρχόμενοι,
1365 1375 1490 1412 διάφοροί
1512 1377 1565 1402 εἱσι
1575 1382 1583 1390 ·
1608 1376 1638 1402 τδ
1653 1376 1681 1402 δὲ
1695 1375 1808 1411 Πνεῦμα
1820 1376 1849 1403 ἐν
1866 1377 1900 1410 τῇ

1112 1419 1212 1456 καρδίᾳ
1238 1420 1397 1455 ἐρχόμενον,
1427 1421 1476 1447 ἕνα
1501 1420 1631 1456 λογισμὸν
1658 1421 1731 1447 ποιεῖ
1770 1421 1818 1448 καὶ
1834 1421 1901 1456 μίαν

1113 1466 1228 1501 καρδίαν
1241 1475 1248 1482 ·
1267 1467 1291 1493 οἱ
1307 1467 1383 1493 κάτω
1395 1467 1450 1502 γὰρ
1464 1467 1512 1494 καὶ⁷
1525 1468 1550 1494 οι
1564 1467 1620 1494 ἄνω
1636 1467 1688 1495 ὐπὸ
1702 1467 1761 1499 ἑνὸς
1773 1467 1902 1504 Πνεύμα-

1111 1519 1158 1543 τος
1174 1511 1238 1538 κυὸε
1244 1512 1370 1547 ρνῶνται.

613 1602 709 1630 volunt
723 1602 851 1630 animalia
870 1602 954 1630 biﬁda
964 1602 975 1629 ?
987 1603 1060 1636 Quo-

1148 1600 1185 1626 A'.
1207 1599 1241 1626 Τί
1270 1599 1299 1626 δέ
1317 1601 1375 1627 ἐστι
1392 1600 1427 1628 τὰ
1451 1601 1610 1636 διχηλοῦντα
1625 1601 1702 1635 (diu;
1720 1602 1830 1638 Ἐπειδὴ
1843 1603 1901 1636 τοῖς

272 1649 344 1676 niam
356 1647 465 1676 duobus
484 1648 623 1683 unguibus
633 1648 760 1675 celeriter
772 1648 845 1674 viam
855 1648 1017 1681 coniiciunt,
1031 1648 1060 1675 in

272 1696 386 1730 ﬁguram
399 1695 492 1729 posita
516 1698 580 1729 ειυι
595 1701 704 1726 eorum,
720 1694 766 1728 qui
783 1694 810 1721 in
829 1694 889 1729 lege
906 1699 980 1721 recte
1000 1702 1060 1721 am-

271 1741 379 1768 bulant.
395 1739 631 1773 Quemadmodum
654 1744 746 1767 autem
769 1740 866 1767 umbra
886 1740 1012 1774 corporis
1031 1740 1060 1767 im

270 1786 368 1815 eodem
381 1793 496 1820 corpore
514 1790 567 1818 est,
593 1789 620 1812 at
635 1785 753 1812 cilicium
769 1785 860 1812 carnis
876 1785 991 1820 implere
1011 1793 1060 1812 ne-

270 1833 330 1868 quit
348 1832 466 1859 :umbra
492 1831 567 1858 enim
591 1831 705 1858 vulnera
729 1831 842 1866 alligare
865 1831 981 1866 nequit,
1008 1838 1060 1858 nec

270 1879 363 1906 cibum
385 1878 508 1913 praebere
530 1882 578 1904 aut
604 1878 679 1912 loqui
704 1878 763 1904 :ab
790 1878 850 1912 ipso
878 1878 1060 1905 nihilominus

270 1932 386 1959 corpore
398 1928 500 1956 manat,
517 1929 545 1951 et
560 1923 718 1958 praecedens
740 1923 915 1958 prmsentiam
936 1924 1060 1958 corporis

271 1971 394 1998 declarat
408 1979 414 1997 :
428 1970 461 1997 ad
475 1969 604 1997 eumdem
620 1969 732 1996 modum
745 1969 788 1996 lex
805 1974 887 1996 vetus
900 1968 999 1996 umbra
1018 1973 1061 1996 est

271 2016 335 2042 novi
353 2015 509 2042 testamenti
521 2015 552 2040 ‘°.
571 2015 765 2042 Pratmonstrat
779 2018 871 2041 autem
895 2014 992 2040 umbra
1011 2021 1059 2040 ve-

270 2060 391 2092 ritatem,
405 2065 434 2087 at
450 2059 634 2086 ministerium
652 2059 771 2093 Spiritus
786 2066 841 2085 non
855 2059 984 2085 obtinuit.
1000 2058 1060 2085 Non

270 2107 345 2133 enim
361 2105 456 2140 potuit‘
463 2104 552 2130 Moses
568 2111 652 2130 carne
664 2103 783 2130 amictus
798 2108 945 2137 penetrare
962 2111 1020 2133 cor,
1032 2106 1061 2130 et

271 2149 381 2177 auferre
397 2148 506 2176 sordida
520 2148 683 2175 vestimenta
695 2148 873 2174 tenebrarum
888 2157 894 2174 :
912 2147 958 2174 sed
971 2148 1060 2175 solum

271 2194 387 2230 spiritus
415 2202 430 2220 a
453 2193 570 2228 spiritu,
597 2198 625 2220 et
653 2193 723 2228 ignis
737 2192 772 2219 ab
793 2193 848 2227 igni
868 2193 993 2220 dissolvit
1004 2193 1060 2220 vim

270 2248 462 2276 perversarum
486 2239 674 2266 tenebrarum.
697 2238 880 2266 Circumcisio
902 2247 978 2274 ergo,
999 2247 1060 2274 quae

271 2291 330 2314 erat
342 2286 369 2313 in
386 2286 455 2320 lege.
465 2285 601 2320 signiﬁcat
619 2284 887 2320 appropinquantem
900 2292 993 2312 veram
1006 2285 1059 2312 cir-

271 2331 466 2360 culncisioncm
488 2330 596 2362 cordis,
614 2336 642 2357 et
665 2330 802 2364 baptisma
824 2330 892 2365 legis
909 2330 1004 2357 umbra
1017 2335 1060 2357 est

269 2385 398 2405 verarum
425 2383 529 2403 rerum.
557 2375 615 2402 lIlic
636 2375 709 2402 enim
726 2375 857 2402 abluebat
877 2383 978 2410 corpus
994 2384 1000 2402 :
1015 2375 1060 2403 hic

269 2431 336 2452 vero
351 2424 473 2450 animum
487 2430 566 2450 emno
579 2422 786 2457 coinquinatum
803 2421 938 2456 baptisma
951 2421 1022 2457 ignis
1032 2425 1060 2449 et

270 2469 389 2505 Spiritus
402 2472 498 2503 purgat
513 2471 542 2495 et
555 2467 652 2494 abluit.

308 2572 338 2601 ιτ.
354 2572 413 2608 illic
427 2571 556 2600 sacerdos
568 2570 756 2598 imbecillitate
772 2569 960 2597 circumdatus
972 2570 1060 2605 ingre-

268 2618 395 2645 diebatur
412 2618 440 2645 in
454 2623 558 2650 sancta,
572 2622 600 2645 et
611 2625 661 2652 pro
673 2625 703 2644 se
716 2621 744 2644 et
755 2624 805 2651 pro
819 2617 921 2651 populo
938 2616 1060 2643 oﬂ‘erens

268 2664 426 2696 victimam;
444 2664 493 2690 hic
509 2670 576 2690 vero
590 2670 674 2690 verus
690 2662 814 2697 pontifex
826 2662 952 2689 Christus
974 2662 1060 2689 semel

269 2709 411 2744 ingressus
421 2709 502 2736 estin
516 2716 570 2736 non
587 2708 774 2736 manufactum
787 2707 995 2734 tabernaculum
1011 2734 1018 2740 ,
1033 2711 1062 2734 et

269 2762 420 2789 supernum
434 2755 530 2786 altare,
543 2758 687 2789 promptus
697 2753 731 2780 ad
752 2753 926 2788 purgandum
939 2759 997 2784 eos,
1012 2752 1061 2786 qui

268 2800 408 2834 postulant
415 2800 449 2827 ab
461 2807 505 2832 eo,
520 2805 549 2827 et
563 2800 733 2835 inquinatam
745 2798 953 2826 conscientiam.
968 2798 1062 2833 lnquit

305 2891 328 2907 "
339 2890 443 2920 Coloss.
461 2899 491 2927 ιι,
506 2894 555 2927 l7;
567 2892 652 2921 llebr.
672 2901 697 2926 Χ,
713 2894 738 2922 l.

1112 1645 1189 1672 δυσὶν
1213 1645 1303 1678 ὄνυξιν
1321 1645 1422 1678 εὐθέως
1441 1649 1587 1682 περιπατεῖ
1598 1647 1648 1682 τὴν
1665 1647 1735 1681 ὁδὸν,
1752 1649 1791 1680 είς
1815 1648 1902 1676 τύπον

1113 1691 1201 1717 κεῖται
1214 1691 1268 1718 τῶν
1281 1692 1311 1717 ἐν
1325 1691 1365 1726 τῷ
1378 1692 1453 1727 νόμῳ
1467 1693 1660 1728 πορευομένων
1677 1694 1775 1730 ὀρθῶς.
1793 1694 1900 1730 Ὠσπερ

1111 1737 1139 1763 δὲ
1153 1737 1170 1772 ὴ
1186 1737 1250 1764 σκιὰ
1265 1738 1312 1764 τοῦ
1326 1737 1451 1773 σώματος
1462 1739 1492 1772 ὲξ
1507 1739 1591 1766 αὑτοῦ
1608 1739 1654 1766 τοῦ
1672 1739 1798 1775 σώματός
1813 1741 1899 1774 ἐστιν,

1112 1783 1179 1810 ἀλλὰ
1204 1783 1342 1810 διακονίαν
1372 1785 1506 1820 σαρκικὴν
1534 1785 1677 1820 πληρῶσαι
1705 1787 1734 1812 ού
1766 1786 1900 1813 δύναται⁵

1113 1831 1177 1856 σκιὰ
1197 1831 1251 1865 γὰρ
1272 1831 1416 1866 τραύματα
1440 1832 1569 1866 ἐπιδῆσαι
1591 1832 1622 1859 οὐ
1647 1832 1777 1866 δύναται,
1797 1832 1901 1868 τροφὴν

1111 1876 1212 1908 δοῦναι,
1229 1877 1374 1912 ἣλαλῆτται
1387 1886 1395 1894 ο
1412 1878 1441 1910 ἐξ
1469 1879 1551 1905 αὐτοῦ
1576 1878 1603 1905 δέ
1626 1879 1683 1905 ἐστι
1700 1878 1746 1905 τοῦ
1763 1878 1899 1914 σώματος,

1112 1921 1159 1948 καὶ
1175 1922 1405 1957 προλαμϐάνουσα
1422 1923 1497 1958 δηλοῖ
1511 1924 1560 1958 τὴν
1572 1925 1725 1960 παρουσίαν
1742 1924 1788 1951 τοῦ
1804 1924 1900 1960 σώμα-

1111 1977 1175 2000 τος·
1196 1969 1283 2001 οὕτως
1306 1970 1353 1996 καὶ
1367 1971 1381 1997 ὁ
1409 1970 1491 2006 νόμος
1515 1971 1529 1996 ὁ
1546 1971 1659 2003 παλαιὸς
1683 1972 1749 1998 σκιά
1769 1973 1828 1998 ἐστι
1850 1973 1901 2007 τῆς

1111 2014 1208 2048 καινῆς
1222 2015 1371 2051 διαθήκης·
1389 2017 1519 2051 προεηλοί
1532 2017 1558 2043 δὲ
1575 2018 1590 2052 ή
1610 2017 1673 2044 σκιὰ
1694 2017 1742 2053 τὴν
1759 2018 1899 2053 ἀλήθειαν,

1111 2060 1178 2086 ἀλλᾶ
1193 2060 1332 2087 διακονίαν
1348 2061 1507 2096 Πνεῦματος
1518 2062 1567 2088 οὐκ
1578 2060 1662 2097 εἶχεν.
1677 2063 1715 2088 Οὐ
1732 2062 1786 2097 γὰρ
1800 2062 1900 2097 ἠδύνα-

1111 2114 1142 2132 το
1155 2106 1274 2141 Μωῡσῆς
1290 2107 1378 2141 σάρκα
1393 2107 1628 2142 περιϐεϐλημένος
1647 2108 1778 2134 εἰσελθεῖν
1794 2109 1834 2140 εἰς
1850 2109 1900 2144 τὴν

1112 2153 1235 2188 καρδίαν,
1257 2153 1305 2180 καὶ
1327 2153 1474 2188 ἀφελέσθαι
1493 2154 1528 2180 τὰ
1549 2154 1661 2189 ῥυπαρὰ
1687 2154 1824 2189 ἐνδύματα
1852 2156 1900 2181 τοῦ

1114 2200 1238 2231 σκότους,
1256 2200 1281 2226 εἰ
1299 2199 1337 2234 μὴ
1353 2199 1462 2235 πνεῦμα
1481 2201 1512 2227 ἐκ
1539 2200 1704 2236 πνεύματος,
1730 2200 1778 2227 καὶ
1800 2201 1856 2236 πῦρ
1868 2202 1900 2228 ἐκ

1113 2245 1197 2280 πυρὸς
1211 2244 1268 2271 λύει
1279 2246 1328 2281 τὴν
1338 2246 1451 2281 δύναμιν
1469 2246 1515 2273 τοῦ
1537 2246 1657 2282 πονηροῦ
1675 2246 1798 2278 σκότους.
1814 2247 1898 2282 Περι-

1111 2292 1181 2326 τομὴ
1196 2292 1280 2328 γὰρὴ
1297 2293 1325 2319 ἐν
1352 2294 1384 2328 τῇ
1406 2293 1468 2328 σκιᾷ
1487 2292 1534 2319 τοῦ
1550 2293 1633 2328 νόμου
1659 2293 1736 2328 δηλοῖ
1749 2293 1898 2328 προσεγγί-

1112 2338 1211 2369 ζουσαν
1228 2337 1276 2373 τὴν
1290 2338 1419 2374 ἀληθινὴν
1434 2339 1586 2374 περιτομὴν
1599 2338 1650 2373 τῆς
1670 2338 1794 2373 καρδίας,
1809 2339 1856 2365 καὶ
1869 2338 1900 2365 τδ

1113 2382 1255 2419 βάπτισμα
1285 2383 1332 2409 τοῦ
1347 2384 1428 2418 νόμου
1450 2384 1514 2411 σκιά
1529 2385 1586 2410 ἐστι
1608 2383 1662 2409 τῶν
1677 2383 1813 2420 ἀληθινῶν
1829 2391 1900 2418 πρα-

1112 2430 1236 2464 γμάτων.
1269 2429 1342 2456 Ἐκεῖ
1378 2431 1432 2466 γὰρ
1450 2429 1530 2465 σῶμα
1547 2430 1713 2461 ἁπέπλυνεν,
1728 2427 1780 2456 ὦδε
1803 2430 1832 2456 δὲ
1851 2429 1898 2456 τὸν

1111 2476 1306 2511 έρρυπωμένον
1329 2475 1392 2502 νοῦν
1414 2476 1556 2511 βάπτισμα
1572 2476 1657 2512 πυρὸς
1672 2476 1719 2502 καὶ
1743 2475 1898 2510 Πνεύματος

1111 2521 1255 2556 καθαρίζει
1275 2521 1322 2548 καὶ
1335 2521 1496 2548 ἀποπλύνει.

1149 2568 1188 2595 ιιι.
1210 2568 1282 2594 Ἐκεί
1299 2568 1388 2602 ἱερεὺς
1407 2568 1551 2594 ἀσθένειαν
1563 2566 1798 2602 περιϐεϐλημένος
1812 2565 1897 2600 εἰσῄει

1110 2614 1151 2645 εἰς
1166 2613 1200 2640 τὰ
1215 2613 1291 2647 ἅγια,
1307 2613 1376 2648 ὺπέρ
1390 2621 1420 2639 τε
1436 2612 1533 2639 ἑαυτοῦ
1550 2613 1596 2639 καὶ
1610 2611 1658 2639 τοῦ
1686 2610 1752 2638 λαοῦ
1777 2610 1897 2646 προσφέ-

1111 2668 1165 2694 ρων
1182 2659 1301 2690 Θυσίανς
1324 2656 1375 2686 ὦδε
1394 2659 1539 2695 ἀρχιερεὺς
1567 2658 1695 2694 ἀληθινὸς
1724 2657 1738 2682 ὁ
1770 2655 1896 2692 Χριστὸς,

1110 2703 1183 2737 ἅπαξ
1199 2704 1323 2739 εἰσῆλθεν
1336 2704 1376 2735 εἰς
1389 2704 1439 2739 τὴν
1450 2703 1657 2739 ἀχειροποίητον
1676 2700 1778 2736 σκηνὴν
1808 2700 1855 2726 καὶ
1867 2700 1896 2725 τὸ

1110 2751 1168 2778 ἄνω
1196 2750 1401 2786 θυσιαστήριον,
1427 2750 1492 2782 τοὺς
1509 2749 1651 2780 αἰτοῦντας
1677 2747 1758 2774 αὑτὸν
1787 2745 1896 2780 ἕτοιμος

1111 2796 1269 2832 καθαρίσαι,
1287 2796 1336 2824 καὶ
1345 2796 1393 2831 τὴν
1409 2794 1618 2831 μεμολυσμένην
1634 2792 1798 2828 συνείδησιν.
1813 2790 1895 2824 Λέχτι
