2076 3151
169 161 219 193 ’13⁵1

740 159 922 191 ΗΟΜΙΙᾸᾸΕ.
937 173 972 178 -
984 160 1079 191 HOM.
1096 158 1220 191 XXXII.

1734 161 1787 193 738

170 216 234 250 γὰρ.
253 214 323 242 Μεθ’
336 214 421 249 ὑμῶν
434 213 542 249 ἔσομαι
554 213 611 247 ειυς
627 212 684 248 τῆς
702 215 884 247 συντελείας
897 214 952 241 τοῦ

1011 215 1076 242 enim
1100 223 1108 242 :
1132 214 1268 242 Vobiscum
1294 221 1354 242 sum
1382 222 1464 251 usqu
1486 215 1521 242 ad
1534 217 1788 244 consummationem

169 260 283 293 αιῶνος.
297 258 377 294 Εἶχεν
389 260 403 286 ὁ
416 260 560 296 ἀρχιερεὺς
577 260 623 286 ἐπὶ
646 260 694 286 τοῦ
716 259 831 295 στήθους
851 260 898 286 δύο
911 269 953 287 τι-

172 304 248 340 μίους
275 300 378 336 λίθους,
407 305 455 331 καὶ
473 302 547 339 εἶχον
572 304 607 332 τὰ
633 304 754 339 ὀνόματα
777 305 833 331 τῶν
848 305 954 332 δώδεκα

171 349 356 384 πατριαρχῶν.
373 349 409 376 Τὸ
416 350 563 384 γενόμενον
581 349 648 382 ἐκεῖ,
663 349 748 381 τύπος
759 350 833 376 ἐστίν
845 358 853 366 ·
868 351 954 383 οὕτως

171 396 222 430 γὰρ
237 396 284 422 καὶ
297 397 311 422 ὁ
324 395 425 430 Κύριος
437 396 619 430 ἐνδυσάμενος
632 397 695 428 τοὺς
711 397 817 423 δώδεκα
836 398 953 424 ἀποστό-

171 442 239 471 λους,
251 441 410 469 ἀπέστειλεν
427 443 525 473 αὐτοὺς
542 443 748 476 εὐαγγελιστὰς,
768 444 814 469 καὶ
830 444 954 478 κήρυκας

170 488 227 513 ὅλου
239 487 285 513 τοῦ
300 488 413 520 κόσμου.
434 487 516 522 ὐρᾷς
529 488 588 519 πῶς
603 489 619 523 ἠ
645 488 708 515 σκιά
733 489 952 523 προσεγγὲςουσοι

171 532 217 568 τὴν
235 533 362 567 ἀλήθειαν
379 533 526 559 δείκνυσιν.
553 534 601 559 Ὃν
622 533 763 568 δὲτρόπον
782 535 798 568 ἡ
814 535 877 560 σκιὰ
894 534 953 560 δια-

171 578 261 605 κονίαν
282 579 333 604 οὑκ
348 578 414 613 ἔχει,
442 578 504 605 οὗτε
524 579 620 610 πόνους
642 579 714 606 ίᾶται
727 587 734 594 ·
752 579 839 610 οὕτως
853 579 913 605 οὐδὲ
940 580 954 605 ἧ

171 623 283 654 παλαιὸς
309 623 390 658 νόμος
415 624 448 650 τὰ
474 623 619 658 τραύματα
641 624 690 658 τῆς
713 624 802 659 ψυχῆς
823 624 869 650 καὶ
891 624 954 656 τοὺς

172 669 265 701 πόνους
285 670 412 696 ἰάσασθαι
423 669 542 704 ἠδυνήθη
556 678 563 684 ·
576 670 636 696 οὐδὲ
654 671 707 705 γὰρ
722 669 794 704 εἶχεν
810 670 893 704 ζωήν.

205 715 242 746 ς’.
261 714 313 741 Δύο
330 716 383 750 γὰρ
404 715 539 749 πρόσωπα
567 717 769 750 συναπτόμενα,
799 716 901 742 τέλειόν
928 724 954 741 τι

171 761 285 795 πρᾶγμα
300 760 498 795 ἀπεργάζεται,
510 757 566 786 οἷον
580 760 627 786 δύο
642 761 769 795 διαθῆκαι
780 769 787 776 ο
805 761 865 787 κατ’
878 761 952 787 είκό-

170 814 201 831 να
227 806 274 831 καὶ
296 806 425 840 ὁμοίωσιν
451 806 518 831 Θεοῦ
547 806 659 839 γέγονεν
690 807 704 832 ὸ
729 806 882 841 ἄνθρωπος,
909 806 955 832 δύο

169 851 325 886 ὀφθαλμοὺς
340 851 407 885 ἔχει,
423 851 469 876 δύο
482 850 597 885 ὀφρύας,
615 851 662 877 δύο
677 853 780 886 χεῖρας,
798 851 844 877 δύο
860 851 953 882 πόδας,

171 896 215 922 καὶ
228 897 274 923 ἐὰν
290 896 380 931 συμϐῇ
398 895 589 930 μονόφθαλμον
613 894 693 929 εἶναι,
709 897 724 931 ἢ
756 897 911 932 μονόχειρα,
938 898 953 932 ἧ
974 889 991 916 Β

172 943 315 977 μονόπουν,
335 942 429 976 ὥσπερ
442 942 588 977 ὲπίμωμός
607 943 681 969 ἐστιν
694 943 731 977 ’ἢ
752 943 847 977 ὥσπερ
866 952 956 969 πετει-

171 988 214 1014 νὸν
239 988 287 1013 ἐὰν
310 988 359 1022 ἔχῃ
375 988 474 1022 πτερὸν
500 988 539 1020 ἓν,
569 989 598 1015 ὲν
622 988 660 1023 τῷ
680 989 720 1014 ἐνὶ
742 989 909 1023 πετασθῆναι
924 990 954 1016 οὐ

172 1033 284 1060 δύναται
299 1041 306 1048 ⁸
326 1033 398 1059 οὕτω
415 1035 489 1070 καὶὴ
506 1034 587 1068 φύσις
603 1035 652 1069 τῆς
670 1034 890 1070 ἀνθρωπὸτητος,
907 1037 956 1062 ἐὰν

171 1079 232 1105 καθ’
245 1078 346 1111 ἑαυτὴν
363 1079 454 1113 γυμνὴ
480 1079 626 1114 ἁπομείνῃ,
649 1080 695 1105 καὶ
710 1080 747 1114 μὴ
762 1079 831 1116 λάϐῃ
845 1080 895 1115 τὴν
911 1081 958 1115 μί-

172 1124 212 1156 ξιν
226 1125 274 1150 καὶ
287 1124 336 1159 τὴν
348 1125 493 1151 κοινωνίαν
507 1126 557 1159 τῆς
573 1125 738 1159 ἐπουρανίου
751 1125 867 1159 φύσεως,
880 1127 957 1153 οὐδὲν

171 1170 313 1206 διωρθώθη
326 1178 333 1185 '
345 1171 402 1197 ἀλλ’
413 1170 504 1205 ἔμεινε
515 1172 616 1205 γυμνὴ,
632 1171 680 1197 καὶ
695 1172 838 1206 ὲπίμωμος
855 1173 894 1204 εἰς
908 1173 957 1208 τὴν

172 1215 252 1250 φύσιν
265 1216 350 1251 αὐτῆς
371 1217 400 1243 ὲν
422 1216 546 1252 ῥυπαρία
560 1217 656 1250 πολλῇ.
682 1217 754 1251 Αὐτὴ
774 1218 829 1252 γὰρ
842 1220 858 1253 ἡ
871 1218 955 1253 ψυχὴ,

172 1262 235 1294 ναὸς
248 1262 315 1288 Θεοῦ
329 1262 377 1289 καὶ
390 1263 548 1298 οἰκητήριον
567 1263 716 1297 ἐπεκλήθη,
735 1264 782 1290 καὶ
798 1264 890 1300 νύμφη
908 1265 957 1300 βα-

173 1307 287 1339 σιλέως·
321 1308 394 1342 λέγει
420 1308 486 1343 γὰρ,
523 1308 689 1342 Ἐνοικήσω
712 1311 746 1336 ἐν
774 1311 888 1344 αὐτοῖς,
908 1311 957 1338 καὶ

172 1354 412 1389 ἐμπεριπατήσω.
429 1353 521 1385 Οὕτως
539 1355 684 1389 εὐδόκησεν
698 1357 713 1382 ὁ
737 1356 812 1388 Θεὸς,
830 1357 870 1383 ὅτι
894 1366 958 1384 κατ-

172 1399 257 1426 ελθὼν
270 1400 299 1433 ἐξ
326 1400 411 1433 ἁγίων
439 1400 571 1434 οὐρανῶν,
586 1402 789 1436 συμπεριέλαὸε
809 1402 857 1437 τὴν
877 1403 958 1437 φύσιν

173 1453 220 1471 σου
234 1445 284 1479 τὴν
310 1445 433 1480 λογικὴν,
455 1446 505 1482 τὴν
521 1446 610 1481 σάρκα
630 1446 679 1482 τὴν
700 1448 733 1473 ὲκ
756 1448 805 1482 τῆς
824 1448 884 1482 γῆς,
911 1449 959 1475 καὶ

173 1492 338 1526 συνεκέρασε
357 1491 395 1526 τῷ
412 1491 476 1527 θείῳ
502 1492 584 1518 αὑτοῦ
599 1492 750 1528 Πνεύματι,
769 1494 811 1519 ἵνα
834 1495 881 1521 καὶ
895 1495 927 1521 σὺ
945 1496 959 1521 ὁ

173 1538 263 1571 χοϊκὺς
275 1536 338 1573 δέξῃ
353 1538 403 1572 τὴν
421 1538 581 1573 ἐπουράνιον
592 1538 691 1573 ψυχήν.
710 1539 763 1565 Καὶ
777 1540 841 1566 ὅταν
859 1539 958 1575 ήψυχή

177 1591 223 1609 σου
236 1584 389 1618 κοινωνήσῃ
398 1584 438 1619 τῷ
450 1584 600 1618 Πνεύματι,
613 1585 659 1611 καὶ
672 1585 780 1620 εἰσέλθῃ
793 1584 866 1621 ψυχή
882 1587 962 1612 ὲπου-

175 1628 268 1664 ράνιος
285 1629 324 1659 είς
340 1629 389 1664 τὴν
401 1629 491 1664 ψυχήν
520 1638 577 1662 σου,
591 1631 652 1656 τότε
667 1628 692 1656 εἶ
703 1630 805 1662 τέλειος
818 1631 962 1666 ἄνθρωπος

174 1675 204 1700 ὲν
221 1674 291 1709 Θεῷ,
309 1675 357 1701 καὶ
368 1675 545 1711 κληρονόμος,
563 1676 609 1702 καὶ
620 1676 687 1707 υίὸς.

211 1721 248 1747 Z'.
267 1721 372 1757 Ὥσπερ
386 1721 413 1747 δὲ
436 1721 466 1747 τὸ
486 1721 601 1755 μέγεθος
618 1722 665 1748 τοῦ
679 1721 758 1754 Θεοῦ,
773 1722 820 1749 καὶ
846 1722 877 1748 τὺ
891 1723 963 1749 ἀκα-

175 1766 314 1801 τάληπτον
333 1767 427 1800 αὑτοῦ,
444 1766 505 1793 οὔτε
515 1768 538 1794 ot
553 1767 609 1794 ἅνω
623 1767 722 1799 αἰῶνες
733 1769 880 1804 χωροῦσιν,
901 1769 963 1796 οὒτε

175 1811 202 1838 οῖ
218 1812 292 1839 κάτω
302 1820 310 1826 '
325 1812 412 1844 οὕτως
424 1813 505 1840 πάλιν
519 1813 548 1839 τὺ
563 1812 660 1839 λεπτὸν
675 1813 722 1840 τοῦ
738 1814 815 1844 Θεοῦ,
830 1815 878 1841 καὶ
888 1815 964 1846 ὅπως

177 1859 392 1892 συσμικρύνεται
418 1859 527 1890 λεπτοῖς
554 1861 601 1886 καὶ
620 1860 739 1894 μικροῖς,
774 1859 835 1886 οὔτε
857 1861 882 1887 οι
907 1861 963 1888 ἄνω

177 1903 287 1938 κόσμοι,
315 1903 378 1930 οὒτε
415 1904 440 1930 οἱ
469 1905 583 1938 ἐπίγειοι
614 1905 780 1932 καταλαϐεῖν
824 1905 962 1934 δύνανται.

177 1948 285 1984 Ὠσπερ
300 1949 354 1984 γὰρ
368 1950 399 1976 τὸ
422 1950 536 1984 μέγεθος
554 1951 636 1977 αὐτοῦ
657 1952 861 1987 ἀκατάληπτον,
877 1952 964 1984 οὕτως

177 1995 226 2021 καὶ
240 1995 271 2020 τὸ
285 1994 384 2021 λεπτὸν
399 1995 482 2021 αὑτοῦ
497 2004 505 2011 ·
524 1996 570 2022 καὶ⁸
587 1997 742 2031 συμϐαίνει,
756 1998 797 2024 ὅτι
813 1999 964 2033 οἰκονομεῖ-

177 2048 223 2067 ται
236 2042 276 2072 είς
290 2040 394 2075 θλίψεις
407 2039 487 2074 εῖναι,
508 2044 555 2069 καὶ
574 2043 659 2077 πάθη,
686 2044 733 2070 καὶ
756 2044 904 2079 στίγματα,
917 2045 964 2071 καὶ

177 2085 196 2111 ἃ
225 2086 344 2121 νομίζεις
374 2087 495 2121 ἐναντία,
522 2088 608 2114 ταῦτα
632 2089 702 2123 ὑπὲρ
719 2090 768 2124 τῆς
794 2089 883 2125 ψυχῆς
917 2099 963 2116 σου

177 2130 292 2163 γίνεται.
311 2132 344 2159 Ei.
361 2132 389 2159 ἐν
405 2132 445 2167 τῷ
460 2133 555 2168 κόσμῳ
567 2133 653 2164 θέλεις
672 2132 742 2160 εἶναι
758 2135 804 2160 καὶ
825 2135 962 2168 πλουτεῖν,

177 2176 286 2214 ἀπαντᾷ
309 2187 350 2205 σοι
364 2179 439 2205 πᾶσα
452 2179 560 2214 ἀτυχία·
575 2179 647 2216 ἄρχῃ
667 2180 729 2206 καθ’
745 2181 842 2207 ἑαυτὸν
858 2180 963 2215 λογίζε-

180 2221 253 2255 σθαι,
271 2224 343 2258 Παρ’
354 2225 370 2251 ὃ
384 2226 440 2252 οὐκ
452 2226 604 2260 εὐτύχηκα
612 2227 655 2259 είς
670 2227 724 2253 τὸν
735 2228 861 2262 κόσμον,
870 2228 964 2255 daal-
980 2239 1001 2265 ι)

178 2265 238 2292 θὼν
252 2266 290 2294 ἂν
303 2269 524 2304 ἀποτάσσομαι,
535 2271 584 2298 καί
598 2271 638 2304 τῷ
655 2271 716 2304 Θεῷ
738 2272 881 2300 δουλεύω.
902 2274 965 2300 Λοι-

179 2312 229 2338 πὸν
249 2314 395 2348 ἐρχόμενος
408 2312 471 2347 ὧδε,
488 2317 598 2349 ἀκούεις
614 2318 664 2352 τῆς
686 2318 795 2353 ἐντολῆς
820 2319 963 2355 λεγούσης·

178 2358 328 2391 Πώλησόν
353 2369 413 2388 σου
439 2361 475 2389 τὰ
491 2362 676 2398 ὑπάρχοντα,
707 2365 848 2399 μίσησον
863 2374 966 2393 κοινω-

177 2404 250 2430 νίαν
276 2406 444 2440 σαρκικὴν,
466 2408 637 2436 ϐούλευσον
658 2409 699 2443 τῷ
723 2410 794 2443 Θεῷ,
815 2411 882 2438 Τότε
897 2411 968 2447 ἄρχῃ

179 2450 351 2485 εὐχαριστεῖν
372 2454 405 2488 τῇ
437 2454 537 2490 ἀτυχίᾳ
560 2463 608 2482 σου
627 2456 660 2491 τῇ
687 2456 716 2482 ὲν
740 2456 778 2491 τῷ
796 2457 901 2491 κόσμῳ,
924 2456 965 2482 ὅτι

179 2494 224 2521 διὰ
241 2496 404 2530 προφάσεως
418 2497 582 2534 εὑρίσκομαι
600 2501 722 2535 ὑπήκοος
736 2502 786 2537 τῆς
795 2501 905 2536 ἐντολῆς
918 2501 966 2528 τοῦ

180 2540 312 2574 Χριστοῦ.
338 2541 440 2567 Λοιπὸν
464 2544 489 2568 εί
507 2544 536 2569 ὲν
554 2544 633 2581 μέρει
659 2545 689 2571 ὲν
716 2546 772 2576 τοῖς
795 2545 967 2580 φαινομένοις

180 2584 299 2619 ἤλλαξας
314 2593 361 2612 σου
373 2586 417 2613 τὸν
428 2586 500 2620 νοῦν,
519 2588 566 2615 καὶ
591 2588 771 2624 ἁνεχώρησας
791 2589 893 2624 κόσμου
919 2589 966 2616 καὶ

181 2630 323 2662 κοινωνίας
337 2632 475 2666 σαρκικῆς
490 2641 498 2649 ⁸
518 2633 605 2665 οὕτως
623 2633 670 2660 οὖν
683 2634 734 2669 χρή
747 2642 777 2660 σε
792 2635 838 2661 καὶ
859 2636 898 2666 εἰς
920 2635 966 2661 τὸν

179 2674 243 2701 νοῦν
261 2675 412 2710 ἀλλαγῆναι
423 2677 478 2703 ἀπὸ
494 2677 628 2713 σαρκικοῦ
652 2679 827 2714 φρονήματος
843 2680 883 2710 εἰς
899 2680 965 2715 φρό-

179 2728 255 2755 νημα
268 2721 403 2756 οὐράνιον.
427 2721 528 2749 Λοιπὸν
551 2723 591 2754 είς
614 2723 699 2759 αὐτὴν
718 2723 768 2760 τὴν
789 2723 874 2759 ἀκοὴν
895 2725 967 2760 ἄρχῃ

178 2766 340 2801 διακρίνειν,
370 2766 418 2794 καὶ
441 2768 491 2794 οὐκ
507 2768 547 2795 ἔτι
573 2769 646 2804 ἔχεις
670 2770 867 2806 ἀνάπαυσιν,ἢ
888 2771 968 2806 μόνον

1003 260 1092 287 τιταιιί
1106 261 1139 287 ".
1153 260 1278 288 Habebat
1295 260 1418 295 pontifex
1434 260 1462 288 in
1476 265 1585 296 pectore
1599 260 1669 289 duos
1682 260 1791 296 lapides

1004 307 1152 342 pretiosos,
1178 306 1225 342 qui
1245 306 1424 334 continebant
1444 306 1556 333 nomina
1573 306 1719 334 duodecim
1742 314 1791 342 pa-

1004 352 1201 380 triarcharum.
1216 352 1274 380 lllie
1288 352 1361 387 quod
1373 352 1467 384 ﬁebat,
1478 356 1521 379 est
1535 351 1620 387 figura
1635 362 1643 380 :
1660 352 1700 380 sic
1714 353 1788 380 enim

1004 404 1114 432 quoque
1131 398 1260 425 Dominus
1277 398 1391 425 indutus
1402 397 1548 425 duodecim
1561 398 1701 432 apostolis,
1713 398 1791 426 misit

1005 451 1053 471 eos
1071 445 1252 479 evangelistas
1275 448 1303 471 et
1317 451 1457 478 przeeones
1475 444 1595 470 universi
1620 445 1726 471 mundi.
1743 444 1791 472 Vi-

1005 489 1054 516 des
1072 490 1209 524 quomodo
1224 490 1321 517 umbra
1335 489 1559 524 appropinquans
1583 490 1726 516 veritatem
1748 490 1791 517 in-

1005 535 1078 562 dicet
1094 535 1345 569 :quemadmodum
1363 540 1454 562 autem
1469 535 1565 561 umbra
1579 535 1647 561 nihil
1670 535 1790 567 confert,

1005 587 1057 607 nec
1083 581 1223 607 laboribus
1247 581 1374 607 medetur
1394 589 1400 606 :
1421 581 1461 607 sic
1486 587 1575 614 neque
1607 580 1721 614 antiqua
1746 580 1791 606 lex

1005 625 1118 652 vulnera
1140 626 1237 652 anima:
1251 633 1283 652 ac
1297 625 1437 652 molestias
1453 632 1551 652 sanare
1568 625 1657 659 potuit
1678 632 1684 650 :
1703 624 1790 658 siqui-

1006 671 1066 698 dem
1078 671 1161 698 vitam
1177 679 1232 698 non
1248 672 1377 698 habebat.

1041 716 1085 742 Vl.
1102 717 1166 743 Dure
1178 717 1252 743 enim
1263 724 1388 751 persona:
1405 717 1560 751 conjuncta:
1570 715 1719 750 perfectam
1733 722 1793 742 rem

1006 762 1163 796 quampiam
1184 762 1321 793 efficiunt,
1337 761 1476 793 videlicet,
1490 761 1544 787 duo
1562 764 1734 787 testamenta.
1751 759 1793 786 Ad

1007 807 1152 842 imaginem
1174 812 1203 835 et
1227 808 1436 834 similitudinem
1455 806 1502 833 Dei
1523 807 1605 833 homo
1631 806 1720 833 factus
1739 809 1792 837 est,

1007 851 1076 878 duos
1092 852 1187 878 oculos
1206 852 1302 884 habet,
1318 852 1388 878 duas
1406 852 1497 882 nares,
1516 851 1585 877 duas
1603 858 1710 883 manus,
1724 851 1795 877 duos

1009 896 1092 930 pedes
1113 904 1216 931 :quem
1234 897 1257 923 si
1286 897 1428 930 contingat
1443 896 1592 923 unoculum
1614 901 1664 923 aut
1689 896 1796 922 unima-

1009 949 1074 968 num
1090 949 1160 974 esse,
1183 944 1231 969 au't
1242 942 1329 968 altero
1344 941 1414 976 pede
1432 949 1537 973 carere,
1553 941 1628 968 velut
1646 942 1798 975 reprehen—

1009 987 1116 1014 dendus
1126 993 1177 1014 est.
1192 988 1246 1014 Aut
1256 988 1485 1022 quemadmodum
1500 987 1568 1018 avis,
1586 988 1608 1014 si
1623 987 1733 1014 unicam
1748 987 1799 1014 ha—

1010 1034 1102 1060 buerit
1124 1034 1205 1064 alam.
1229 1041 1261 1060 ea
1283 1034 1341 1060 sola
1361 1034 1454 1060 volare
1476 1033 1585 1067 nequit;
1626 1033 1666 1060 sic
1687 1041 1798 1068 quoque

1010 1079 1129 1106 humana
1144 1084 1251 1112 natura,
1279 1080 1301 1107 si
1317 1079 1391 1107 nuda
1406 1079 1495 1115 quoad
1512 1087 1540 1107 se
1556 1084 1674 1111 maneat,
1693 1084 1721 1106 et
1742 1086 1798 1106 non

1010 1125 1125 1160 recipiat
1142 1126 1299 1152 mistionem
1322 1130 1351 1153 et
1366 1125 1590 1153 communionem
1613 1126 1734 1152 cmlestis
1748 1133 1798 1152 na—

1011 1176 1096 1203 turae,
1119 1171 1189 1198 nihil
1216 1172 1296 1198 laude
1313 1172 1391 1206 122
1405 1172 1519 1207 dignum
1532 1171 1629 1204 elllcit;
1649 1171 1697 1198 sed
1724 1172 1798 1198 nuda

1010 1220 1119 1248 manet,
1147 1220 1175 1242 et
1201 1216 1336 1250 culpanda
1361 1216 1389 1242 in
1410 1223 1460 1243 sua
1487 1221 1596 1247 natura,
1617 1219 1645 1242 ct
1670 1215 1800 1242 sordibus

1011 1262 1113 1289 multis.
1124 1263 1183 1296 Ipsa
1193 1263 1266 1289 enim
1277 1262 1367 1289 anima
1384 1262 1514 1296 templum
1526 1261 1573 1288 Dei
1585 1265 1613 1288 et
1629 1261 1799 1288 domicilium

1011 1308 1144 1342 appellata
1161 1313 1213 1340 est,
1235 1315 1333 1342 sponsa
1357 1308 1437 1342 regis.
1464 1308 1555 1342 lnquit
1571 1307 1647 1334 enim
1667 1307 1799 1334 :lnlmbi-

1012 1352 1071 1379 tabo
1097 1353 1125 1378 in
1140 1352 1205 1384 illis,
1231 1360 1253 1379 et
1276 1352 1444 1379 inambulabo
1458 1353 1490 1379 ”.
1510 1353 1548 1379 Ita
1568 1353 1624 1380 Deo
1641 1353 1752 1387 placuit,
1770 1357 1801 1379 ut

1012 1396 1183 1424 descendens
1203 1405 1218 1424 e
1245 1398 1347 1425 sanctis
1376 1398 1470 1431 coriis,
1494 1403 1646 1426 assumeret
1674 1404 1801 1426 naturam

1013 1447 1089 1470 tuam
1112 1443 1285 1475 rationalem,
1311 1451 1422 1471 carnem
1438 1451 1536 1479 nempe
1551 1449 1700 1477 terrenam,
1718 1452 1802 1479 quam

1013 1491 1177 1525 temperavit
1191 1499 1253 1518 cum
1273 1491 1368 1519 divino
1383 1500 1433 1518 suo
1457 1492 1571 1526 Spiritu.
1598 1498 1627 1519 ut
1650 1501 1760 1527 quoque
1772 1498 1802 1520 tu

987 1564 996 1574 η
1015 1542 1145 1564 terrenus
1171 1537 1311 1564 caelestem
1342 1538 1497 1571 susciperes
1526 1538 1655 1564 animam.
1688 1538 1722 1565 Et
1754 1538 1803 1565 ubi

1012 1584 1103 1610 anima
1118 1587 1165 1611 tua
1176 1591 1238 1611 cum
1252 1583 1356 1618 Spiritu
1370 1583 1624 1616 communicaverit,
1639 1589 1666 1611 et
1681 1584 1802 1619 ingressa

1014 1630 1097 1657 fuerit
1112 1630 1202 1656 anima
1219 1628 1342 1656 emlestis
1358 1629 1477 1655 animant
1494 1633 1578 1661 tuam,
1594 1634 1651 1656 tum
1665 1629 1804 1664 perfectus

1013 1676 1096 1702 homo
1114 1676 1141 1702 in
1154 1676 1210 1702 Deo
1226 1679 1278 1707 est,
1290 1679 1317 1701 et
1337 1674 1436 1706 haeres,
1447 1679 1476 1701 et
1491 1674 1573 1701 lilius.

1049 1719 1105 1747 \‘ll.
1131 1719 1368 1753 Quemadmodum
1401 1727 1467 1745 vero
1491 1719 1661 1753 Innjestatem
1688 1719 1748 1751 Dei,
1775 1724 1805 1747 et

1014 1765 1321 1799 ineomprehensibilem
1334 1765 1394 1799 ejus
1409 1768 1547 1796 naturam,
1559 1771 1647 1799 neque
1659 1765 1804 1799 superiora

1015 1811 1112 1838 szecula
1135 1811 1258 1845 capiunt,
1284 1817 1374 1845 neque
1398 1809 1551 1836 inferiora:
1568 1809 1608 1836 sic
1629 1819 1644 1837 e
1669 1817 1804 1837 converso
1840 1818 1845 1822 ·

1016 1855 1200 1882 humilitatem
1225 1855 1285 1887 Dei,
1310 1860 1339 1882 et
1358 1862 1413 1889 quo
1430 1859 1509 1889 pacto
1531 1854 1672 1881 exinanint
1686 1862 1715 1881 se
1739 1862 1804 1882 cum

1015 1901 1166 1928 humilibus
1176 1905 1203 1927 et
1225 1901 1316 1936 parvis
1328 1921 1335 1932 ,
1353 1909 1404 1928 nec
1422 1901 1534 1935 superni
1551 1900 1663 1932 mundi,
1677 1908 1727 1928 nec
1747 1905 1803 1927 ter-

1015 1950 1075 1976 reni
1087 1949 1218 1984 consequi
1236 1953 1359 1983 possunt.
1376 1946 1612 1980 Quemadmodum
1629 1947 1702 1975 enim
1718 1947 1805 1983 maje-

1015 1999 1071 2022 slns
1094 1996 1154 2030 ejus
1168 2003 1222 2022 non
1238 1994 1495 2029 comprehenditur,
1520 1994 1560 2021 sic
1578 2001 1668 2028 neque
1679 1994 1740 2029 ejus
1756 1993 1805 2021 hu-

1015 2041 1126 2068 militas.
1141 2041 1235 2075 Itaque
1253 2039 1386 2075 contingit
1410 2045 1465 2071 ut,
1491 2040 1514 2067 si
1540 2047 1573 2067 ex
1598 2039 1806 2074 dispensatione

1015 2086 1172 2121 subjiciaris
1193 2085 1388 2113 aﬂectionihus
1401 2105 1408 2117 ,
1434 2085 1608 2120 passionibus
1624 2089 1652 2111 et
1670 2085 1808 2121 stigmati-

1016 2133 1078 2163 bus,
1094 2136 1142 2159 aut
1165 2132 1238 2164 aliis,
1250 2139 1311 2166 quae
1327 2131 1377 2158 tibi
1394 2130 1509 2158 adversa
1527 2130 1667 2163 videntur,
1684 2139 1715 2158 ea
1731 2135 1808 2166 grata

1016 2177 1114 2204 anima:
1131 2181 1184 2205 tuae
1203 2176 1339 2204 accidant.
1367 2175 1395 2204 Si
1422 2175 1449 2203 in
1472 2175 1577 2203 mundo
1599 2177 1705 2203 versari
1727 2176 1806 2209 velis.

1015 2228 1044 2251 et
1062 2223 1208 2256 ditescere,
1235 2227 1384 2250 occurrunt
1412 2222 1462 2249 tibi
1492 2222 1663 2250 infortunata
1688 2222 1806 2250 omnia:

1017 2270 1116 2305 incipis
1132 2273 1221 2297 tecum
1236 2268 1395 2296 ratiocinari
1408 2268 1557 2301 :Quoniam
1567 2269 1680 2304 feliciter
1692 2276 1733 2296 res
1745 2277 1809 2296 metu

1016 2324 1068 2342 non
1088 2318 1265 2342 successerunt
1278 2316 1305 2341 in
1322 2314 1437 2345 mundo,
1461 2314 1555 2341 decedo
1571 2323 1602 2341 ac
1634 2315 1768 2347 renuntio,
1784 2318 1808 2341 et

1017 2362 1072 2389 Dea
1086 2362 1207 2388 inservio.
1221 2360 1398 2388 Postmodum
1412 2360 1458 2388 ubi
1471 2360 1526 2388 huc
1537 2360 1709 2396 perveneris.
1728 2359 1808 2388 audis

1019 2407 1177 2434 mandatum
1187 2406 1261 2441 quod
1275 2405 1362 2434 dicit:
1391 2404 1477 2432 Vende
1494 2405 1636 2440 facultates
1652 2409 1723 2437 tuas,
1749 2404 1808 2431 odio

1020 2452 1184 2488 prosequitur
1207 2451 1344 2478 carnalem
1368 2452 1539 2483 societatem,
1575 2451 1672 2478 inserui
1696 2447 1806 2477 Deo":

1020 2503 1079 2525 tum
1096 2497 1195 2533 incipis
1207 2501 1316 2533 gratum
1340 2501 1366 2524 te
1386 2496 1519 2524 exhibere
1536 2496 1659 2524 adversus
1680 2496 1808 2528 fortuna.

1021 2553 1075 2580 qua
1092 2544 1120 2571 in
1145 2542 1248 2571 mundo
1268 2542 1443 2575 obruebaris,
1470 2542 1625 2577 inquiens:
1642 2541 1720 2570 Illius
1745 2546 1811 2568 rm
1835 2568 1837 2570 τ

1020 2591 1155 2617 occasione
1168 2587 1347 2624 deprehendor
1360 2588 1480 2615 obedienc
1492 2586 1620 2615 mandato
1633 2585 1740 2615 Christi.
1750 2584 1810 2614 Ce-

1020 2642 1109 2664 terum
1124 2635 1147 2663 si
1167 2643 1202 2662 ex
1226 2639 1323 2671 parte,
1339 2635 1429 2670 quoad
1455 2642 1500 2662 res
1524 2639 1670 2667 externas,
1699 2631 1811 2660 mutasti

1019 2682 1152 2714 animum,
1168 2685 1195 2709 et
1216 2690 1230 2709 a
1249 2680 1353 2709 mundo
1369 2689 1400 2709 ac
1420 2681 1523 2709 carnali
1537 2679 1703 2708 commercio
1717 2685 1810 2705 seces-

1020 2726 1079 2754 sisti
1094 2735 1100 2753 :
1120 2726 1160 2753 sic
1177 2726 1263 2761 igitur
1277 2729 1386 2761 oportet
1407 2730 1433 2752 te
1453 2732 1564 2760 quoque
1578 2722 1670 2758 quoad
1688 2721 1811 2749 animum

1022 2772 1173 2805 immutari,
1193 2772 1354 2807 asapientia
1369 2770 1471 2798 carnali
1496 2771 1524 2798 in
1543 2769 1684 2797 cmiestcm
1698 2765 1812 2803 sapien-

216 2855 235 2870 "
249 2856 343 2884 Matth.
357 2863 453 2888 xxvul,
468 2857 513 2885 20.
554 2857 575 2874 "
590 2857 612 2885 11
624 2858 688 2886 Cor.
701 2866 738 2891 vi,
752 2858 796 2886 l6.
835 2857 854 2874 "
866 2857 962 2886 Matth.
977 2866 1034 2893 xu,
1048 2859 1095 2887 2i.

342 2903 477 2933 Ριτιιοι..
491 2904 548 2935 Gn.
574 2905 724 2935 XXXIV.

1555 2902 1594 2932 2i
