  <div class='ocr_page' id='page_1' title='image "/cluster/home/n/w/nwhite01/storage/ocr_20150623/34/njp.32101077772547/397.png"; bbox 0 0 2079 3152; ppageno 0'>
   <div class='ocr_carea' id='block_1_1' title="bbox 280 168 334 200">
    <p class='ocr_par' dir='ltr' id='par_1_1' title="bbox 280 168 334 200">
     <span class='ocr_line' id='line_1_1' title="bbox 280 168 334 200; baseline 0.019 -1"><span class='ocrx_word' id='word_1_1' title='bbox 280 168 334 200; x_wconf 73' lang='lat' dir='ltr'><strong>&quot;I39</strong></span> 
     </span>
    </p>
   </div>
   <div class='ocr_carea' id='block_1_2' title="bbox 900 161 1294 194">
    <p class='ocr_par' dir='ltr' id='par_1_2' title="bbox 900 161 1294 194">
     <span class='ocr_line' id='line_1_2' title="bbox 900 161 1294 194; baseline -0.005 0"><span class='ocrx_word' id='word_1_2' title='bbox 900 165 929 194; x_wconf 85' lang='lat' dir='ltr'><strong>S-</strong></span> <span class='ocrx_word' id='word_1_3' title='bbox 950 163 1110 194; x_wconf 80' lang='lat' dir='ltr'>MACARII</span> <span class='ocrx_word' id='word_1_4' title='bbox 1133 161 1294 192; x_wconf 72' lang='lat' dir='ltr'><strong>{EGYPTII</strong></span> 
     </span>
    </p>
   </div>
   <div class='ocr_carea' id='block_1_3' title="bbox 1854 164 1907 196">
    <p class='ocr_par' dir='ltr' id='par_1_3' title="bbox 1854 164 1907 196">
     <span class='ocr_line' id='line_1_3' title="bbox 1854 164 1907 196; baseline 0.038 -2"><span class='ocrx_word' id='word_1_5' title='bbox 1854 164 1907 196; x_wconf 76' lang='lat' dir='ltr'><strong>7i0</strong></span> 
     </span>
    </p>
   </div>
   <div class='ocr_carea' id='block_1_4' title="bbox 271 216 1058 254">
    <p class='ocr_par' dir='ltr' id='par_1_4' title="bbox 271 217 1058 251">
     <span class='ocr_line' id='line_1_4' title="bbox 271 217 1058 251; baseline -0.009 0"><span class='ocrx_word' id='word_1_6' title='bbox 271 225 355 251; x_wconf 64' lang='lat' dir='ltr'><strong>‘tiam.</strong></span> <span class='ocrx_word' id='word_1_7' title='bbox 371 221 547 251; x_wconf 84' lang='lat' dir='ltr'><strong>Postmodum</strong></span> <span class='ocrx_word' id='word_1_8' title='bbox 561 228 594 247; x_wconf 78' lang='lat' dir='ltr'><strong>ex</strong></span> <span class='ocrx_word' id='word_1_9' title='bbox 609 220 705 247; x_wconf 87' lang='lat' dir='ltr'><strong>eodem</strong></span> <span class='ocrx_word' id='word_1_10' title='bbox 718 219 812 247; x_wconf 84' lang='lat' dir='ltr'><strong>auditu</strong></span> <span class='ocrx_word' id='word_1_11' title='bbox 829 219 986 246; x_wconf 88' lang='lat' dir='ltr'><strong>discernere</strong></span> <span class='ocrx_word' id='word_1_12' title='bbox 1000 217 1058 245; x_wconf 41' lang='lat' dir='ltr'><strong>inci.</strong></span> 
     </span>
    </p>
   </div>
   <div class='ocr_carea' id='block_1_5' title="bbox 1109 216 1906 254">
    <p class='ocr_par' dir='ltr' id='par_1_5' title="bbox 1119 216 1906 254">
     <span class='ocr_line' id='line_1_5' title="bbox 1119 216 1906 254; baseline 0.004 -12"><span class='ocrx_word' id='word_1_13' title='bbox 1119 216 1168 250; x_wconf 83' lang='grc' dir='ltr'><strong>τὴν</strong></span> <span class='ocrx_word' id='word_1_14' title='bbox 1189 217 1335 252; x_wconf 79' lang='grc' dir='ltr'>μέριμναν,</span> <span class='ocrx_word' id='word_1_15' title='bbox 1350 217 1397 243; x_wconf 71' lang='grc' dir='ltr'><strong>καὶ</strong></span> <span class='ocrx_word' id='word_1_16' title='bbox 1419 217 1465 244; x_wconf 81' lang='grc' dir='ltr'>τὸν</span> <span class='ocrx_word' id='word_1_17' title='bbox 1493 217 1583 250; x_wconf 73' lang='grc' dir='ltr'>πὸνον,</span> <span class='ocrx_word' id='word_1_18' title='bbox 1602 217 1646 244; x_wconf 74' lang='grc' dir='ltr'>ἵνα</span> <span class='ocrx_word' id='word_1_19' title='bbox 1672 218 1761 254; x_wconf 78' lang='grc' dir='ltr'><strong>κτήσῃ</strong></span> <span class='ocrx_word' id='word_1_20' title='bbox 1783 218 1797 244; x_wconf 70' lang='grc' dir='ltr'><strong>ὃ</strong></span> <span class='ocrx_word' id='word_1_21' title='bbox 1823 219 1906 253; x_wconf 71' lang='grc' dir='ltr'>ἥκου-</span> 
     </span>
    </p>
   </div>
   <div class='ocr_carea' id='block_1_6' title="bbox 279 263 1065 304">
    <p class='ocr_par' dir='ltr' id='par_1_6' title="bbox 279 263 1065 304">
     <span class='ocr_line' id='line_1_6' title="bbox 279 263 1065 304; baseline -0.01 -8"><span class='ocrx_word' id='word_1_22' title='bbox 279 269 349 304; x_wconf 85' lang='lat' dir='ltr'><strong>pies,</strong></span> <span class='ocrx_word' id='word_1_23' title='bbox 373 275 424 294; x_wconf 85' lang='lat' dir='ltr'><strong>nec</strong></span> <span class='ocrx_word' id='word_1_24' title='bbox 441 266 559 301; x_wconf 78' lang='lat' dir='ltr'><strong>amplius</strong></span> <span class='ocrx_word' id='word_1_25' title='bbox 580 265 663 292; x_wconf 93' lang='lat' dir='ltr'><strong>habet</strong></span> <span class='ocrx_word' id='word_1_26' title='bbox 680 265 814 300; x_wconf 85' lang='lat' dir='ltr'><strong>requiem,</strong></span> <span class='ocrx_word' id='word_1_27' title='bbox 836 263 885 291; x_wconf 88' lang='lat' dir='ltr'><strong>sed</strong></span> <span class='ocrx_word' id='word_1_28' title='bbox 908 264 993 291; x_wconf 87' lang='lat' dir='ltr'><strong>solam</strong></span> <span class='ocrx_word' id='word_1_29' title='bbox 1015 269 1065 290; x_wconf 89' lang='lat' dir='ltr'><strong>cu—</strong></span> 
     </span>
    </p>
   </div>
   <div class='ocr_carea' id='block_1_7' title="bbox 279 310 999 346">
    <p class='ocr_par' dir='ltr' id='par_1_7' title="bbox 279 310 999 346">
     <span class='ocr_line' id='line_1_7' title="bbox 279 310 999 346; baseline -0.007 -5"><span class='ocrx_word' id='word_1_30' title='bbox 279 322 336 341; x_wconf 92' lang='lat' dir='ltr'><strong>ram</strong></span> <span class='ocrx_word' id='word_1_31' title='bbox 351 318 380 341; x_wconf 88' lang='lat' dir='ltr'><strong>et</strong></span> <span class='ocrx_word' id='word_1_32' title='bbox 396 312 517 340; x_wconf 76' lang='lat' dir='ltr'><strong>laborem</strong></span> <span class='ocrx_word' id='word_1_33' title='bbox 527 332 534 344; x_wconf 91' lang='lat'><strong>,</strong></span> <span class='ocrx_word' id='word_1_34' title='bbox 551 316 582 339; x_wconf 89' lang='lat' dir='ltr'><strong>ut</strong></span> <span class='ocrx_word' id='word_1_35' title='bbox 598 311 768 339; x_wconf 85' lang='lat' dir='ltr'><strong>nanciscaris</strong></span> <span class='ocrx_word' id='word_1_36' title='bbox 783 311 856 346; x_wconf 91' lang='lat' dir='ltr'><strong>quod</strong></span> <span class='ocrx_word' id='word_1_37' title='bbox 868 310 999 338; x_wconf 83' lang='lat' dir='ltr'><strong>audieris.</strong></span> 
     </span>
    </p>
   </div>
   <div class='ocr_carea' id='block_1_8' title="bbox 312 353 1066 392">
    <p class='ocr_par' dir='ltr' id='par_1_8' title="bbox 312 353 1066 392">
     <span class='ocr_line' id='line_1_8' title="bbox 312 353 1066 392; baseline -0.007 -7"><span class='ocrx_word' id='word_1_38' title='bbox 312 358 381 386; x_wconf 76' lang='lat' dir='ltr'>VIII.</span> <span class='ocrx_word' id='word_1_39' title='bbox 399 358 450 385; x_wconf 85' lang='lat' dir='ltr'><strong>Ubi</strong></span> <span class='ocrx_word' id='word_1_40' title='bbox 467 357 606 392; x_wconf 72' lang='lat' dir='ltr'><strong>putaveris</strong></span> <span class='ocrx_word' id='word_1_41' title='bbox 623 361 648 384; x_wconf 89' lang='lat' dir='ltr'><strong>te</strong></span> <span class='ocrx_word' id='word_1_42' title='bbox 663 357 812 392; x_wconf 81' lang='lat' dir='ltr'><strong>perfecisse</strong></span> <span class='ocrx_word' id='word_1_43' title='bbox 825 355 928 388; x_wconf 80' lang='lat' dir='ltr'><strong>omnia,</strong></span> <span class='ocrx_word' id='word_1_44' title='bbox 942 362 976 382; x_wconf 90' lang='lat' dir='ltr'><strong>eo</strong></span> <span class='ocrx_word' id='word_1_45' title='bbox 992 353 1066 388; x_wconf 91' lang='lat' dir='ltr'><strong>quod</strong></span> 
     </span>
    </p>
   </div>
   <div class='ocr_carea' id='block_1_9' title="bbox 278 400 1065 435">
    <p class='ocr_par' dir='ltr' id='par_1_9' title="bbox 278 400 1065 435">
     <span class='ocr_line' id='line_1_9' title="bbox 278 400 1065 435; baseline -0.005 -5"><span class='ocrx_word' id='word_1_46' title='bbox 278 403 457 435; x_wconf 87' lang='lat' dir='ltr'><strong>renuntiaris,</strong></span> <span class='ocrx_word' id='word_1_47' title='bbox 481 409 635 430; x_wconf 90' lang='lat' dir='ltr'><strong>sermonem</strong></span> <span class='ocrx_word' id='word_1_48' title='bbox 651 402 757 429; x_wconf 84' lang='lat' dir='ltr'><strong>confert</strong></span> <span class='ocrx_word' id='word_1_49' title='bbox 791 407 880 429; x_wconf 89' lang='lat' dir='ltr'><strong>tecum</strong></span> <span class='ocrx_word' id='word_1_50' title='bbox 912 400 1065 428; x_wconf 83' lang='lat' dir='ltr'><strong>Dominus:</strong></span> 
     </span>
    </p>
   </div>
   <div class='ocr_carea' id='block_1_10' title="bbox 277 448 1066 483">
    <p class='ocr_par' dir='ltr' id='par_1_10' title="bbox 277 448 1066 483">
     <span class='ocr_line' id='line_1_10' title="bbox 277 448 1066 483; baseline -0.003 -9"><span class='ocrx_word' id='word_1_51' title='bbox 277 448 346 480; x_wconf 83' lang='lat' dir='ltr'><strong>Quid</strong></span> <span class='ocrx_word' id='word_1_52' title='bbox 360 448 485 483; x_wconf 73' lang='lat' dir='ltr'><strong>glorirm&#39;s</strong></span> <span class='ocrx_word' id='word_1_53' title='bbox 497 448 510 475; x_wconf 75' lang='lat'><em>7</em></span> <span class='ocrx_word' id='word_1_54' title='bbox 523 456 609 474; x_wconf 84' lang='lat' dir='ltr'><strong>nonne</strong></span> <span class='ocrx_word' id='word_1_55' title='bbox 625 456 719 483; x_wconf 81' lang='lat' dir='ltr'><strong>corpus</strong></span> <span class='ocrx_word' id='word_1_56' title='bbox 733 453 807 475; x_wconf 84' lang='lat' dir='ltr'><strong>tuum</strong></span> <span class='ocrx_word' id='word_1_57' title='bbox 822 451 845 474; x_wconf 77' lang='lat' dir='ltr'><strong>et</strong></span> <span class='ocrx_word' id='word_1_58' title='bbox 861 449 981 474; x_wconf 87' lang='lat' dir='ltr'><strong>animam</strong></span> <span class='ocrx_word' id='word_1_59' title='bbox 992 450 1066 473; x_wconf 82' lang='lat' dir='ltr'><strong>tuam</strong></span> 
     </span>
    </p>
   </div>
   <div class='ocr_carea' id='block_1_11' title="bbox 273 486 1066 528">
    <p class='ocr_par' dir='ltr' id='par_1_11' title="bbox 273 486 1066 528">
     <span class='ocr_line' id='line_1_11' title="bbox 273 486 1066 528; baseline -0.001 -9"><span class='ocrx_word' id='word_1_60' title='bbox 273 486 323 527; x_wconf 47' lang='lat' dir='ltr'><strong>lego</strong></span> <span class='ocrx_word' id='word_1_61' title='bbox 337 493 423 519; x_wconf 75' lang='lat' dir='ltr'><strong>creavi</strong></span> <span class='ocrx_word' id='word_1_62' title='bbox 432 494 444 520; x_wconf 71' lang='grc' dir='ltr'><strong>ἶ)</strong></span> <span class='ocrx_word' id='word_1_63' title='bbox 457 493 519 528; x_wconf 84' lang='lat' dir='ltr'><strong>quid</strong></span> <span class='ocrx_word' id='word_1_64' title='bbox 527 493 610 527; x_wconf 73' lang='lat' dir='ltr'><strong>fecisti</strong></span> <span class='ocrx_word' id='word_1_65' title='bbox 624 496 652 520; x_wconf 86' lang='lat' dir='ltr'><strong>tu</strong></span> <span class='ocrx_word' id='word_1_66' title='bbox 669 493 681 520; x_wconf 78' lang='grc'><em>7</em></span> <span class='ocrx_word' id='word_1_67' title='bbox 694 493 792 527; x_wconf 87' lang='lat' dir='ltr'><strong>Incipit</strong></span> <span class='ocrx_word' id='word_1_68' title='bbox 803 493 894 520; x_wconf 89' lang='lat' dir='ltr'><strong>anima</strong></span> <span class='ocrx_word' id='word_1_69' title='bbox 910 491 1066 520; x_wconf 81' lang='lat' dir='ltr'><strong>conﬁtendo</strong></span> 
     </span>
    </p>
   </div>
   <div class='ocr_carea' id='block_1_12' title="bbox 276 538 1066 574">
    <p class='ocr_par' dir='ltr' id='par_1_12' title="bbox 276 538 1066 574">
     <span class='ocr_line' id='line_1_12' title="bbox 276 538 1066 574; baseline -0.003 -8"><span class='ocrx_word' id='word_1_70' title='bbox 276 546 374 574; x_wconf 81' lang='lat' dir='ltr'><strong>rogare</strong></span> <span class='ocrx_word' id='word_1_71' title='bbox 386 538 544 571; x_wconf 86' lang='lat' dir='ltr'><strong>Dominum,</strong></span> <span class='ocrx_word' id='word_1_72' title='bbox 553 543 581 566; x_wconf 87' lang='lat' dir='ltr'><strong>et</strong></span> <span class='ocrx_word' id='word_1_73' title='bbox 591 539 695 572; x_wconf 86' lang='lat' dir='ltr'><strong>dicere,</strong></span> <span class='ocrx_word' id='word_1_74' title='bbox 708 539 835 567; x_wconf 73' lang='lat' dir='ltr'><strong>videlicet</strong></span> <span class='ocrx_word' id='word_1_75' title='bbox 850 547 857 565; x_wconf 85' lang='lat'><strong><em>:</em></strong></span> <span class='ocrx_word' id='word_1_76' title='bbox 868 538 923 565; x_wconf 87' lang='lat' dir='ltr'><strong>Tua</strong></span> <span class='ocrx_word' id='word_1_77' title='bbox 935 542 995 565; x_wconf 81' lang='lat' dir='ltr'><strong>sunt</strong></span> <span class='ocrx_word' id='word_1_78' title='bbox 1009 545 1066 564; x_wconf 80' lang='lat' dir='ltr'><strong>om-</strong></span> 
     </span>
    </p>
   </div>
   <div class='ocr_carea' id='block_1_13' title="bbox 275 585 1065 620">
    <p class='ocr_par' dir='ltr' id='par_1_13' title="bbox 275 585 1065 620">
     <span class='ocr_line' id='line_1_13' title="bbox 275 585 1065 620; baseline -0.003 -8"><span class='ocrx_word' id='word_1_79' title='bbox 275 585 332 618; x_wconf 78' lang='lat' dir='ltr'><strong>nia,</strong></span> <span class='ocrx_word' id='word_1_80' title='bbox 347 586 449 617; x_wconf 80' lang='lat' dir='ltr'><strong>domus,</strong></span> <span class='ocrx_word' id='word_1_81' title='bbox 469 585 497 612; x_wconf 87' lang='lat' dir='ltr'><strong>in</strong></span> <span class='ocrx_word' id='word_1_82' title='bbox 518 593 571 620; x_wconf 83' lang='lat' dir='ltr'><strong>qua</strong></span> <span class='ocrx_word' id='word_1_83' title='bbox 589 585 663 620; x_wconf 81' lang='lat' dir='ltr'><strong>dego,</strong></span> <span class='ocrx_word' id='word_1_84' title='bbox 688 589 734 612; x_wconf 87' lang='lat' dir='ltr'><strong>tua</strong></span> <span class='ocrx_word' id='word_1_85' title='bbox 759 588 818 612; x_wconf 77' lang='lat' dir='ltr'><strong>est:</strong></span> <span class='ocrx_word' id='word_1_86' title='bbox 835 585 990 611; x_wconf 79' lang='lat' dir='ltr'><strong>indumenta</strong></span> <span class='ocrx_word' id='word_1_87' title='bbox 1008 591 1065 610; x_wconf 87' lang='lat' dir='ltr'><strong>mea</strong></span> 
     </span>
    </p>
   </div>
   <div class='ocr_carea' id='block_1_14' title="bbox 275 631 1064 666">
    <p class='ocr_par' dir='ltr' id='par_1_14' title="bbox 275 631 1064 666">
     <span class='ocr_line' id='line_1_14' title="bbox 275 631 1064 666; baseline -0.003 -8"><span class='ocrx_word' id='word_1_88' title='bbox 275 636 322 658; x_wconf 85' lang='lat' dir='ltr'><strong>tua</strong></span> <span class='ocrx_word' id='word_1_89' title='bbox 334 636 394 658; x_wconf 81' lang='lat' dir='ltr'><strong>sunt</strong></span> <span class='ocrx_word' id='word_1_90' title='bbox 412 639 448 658; x_wconf 89' lang='lat' dir='ltr'><strong>:a</strong></span> <span class='ocrx_word' id='word_1_91' title='bbox 462 635 486 657; x_wconf 84' lang='lat' dir='ltr'><strong>te</strong></span> <span class='ocrx_word' id='word_1_92' title='bbox 498 632 612 663; x_wconf 84' lang='lat' dir='ltr'><strong>nutrior,</strong></span> <span class='ocrx_word' id='word_1_93' title='bbox 632 635 657 658; x_wconf 85' lang='lat' dir='ltr'><strong>et</strong></span> <span class='ocrx_word' id='word_1_94' title='bbox 673 639 688 658; x_wconf 81' lang='grc' dir='ltr'><strong>α</strong></span> <span class='ocrx_word' id='word_1_95' title='bbox 701 635 725 658; x_wconf 85' lang='lat' dir='ltr'><strong>te</strong></span> <span class='ocrx_word' id='word_1_96' title='bbox 738 631 839 666; x_wconf 85' lang='lat' dir='ltr'><strong>dirigor</strong></span> <span class='ocrx_word' id='word_1_97' title='bbox 850 631 884 658; x_wconf 88' lang='lat' dir='ltr'><strong>ad</strong></span> <span class='ocrx_word' id='word_1_98' title='bbox 897 638 973 657; x_wconf 85' lang='lat' dir='ltr'><strong>omne</strong></span> <span class='ocrx_word' id='word_1_99' title='bbox 992 638 1064 656; x_wconf 70' lang='lat' dir='ltr'><strong>eruo-</strong></span> 
     </span>
    </p>
   </div>
   <div class='ocr_carea' id='block_1_15' title="bbox 276 673 1063 710">
    <p class='ocr_par' dir='ltr' id='par_1_15' title="bbox 276 673 1063 710">
     <span class='ocr_line' id='line_1_15' title="bbox 276 673 1063 710; baseline -0.003 -8"><span class='ocrx_word' id='word_1_100' title='bbox 276 676 430 703; x_wconf 81' lang='lat' dir='ltr'><strong>Iumentum.</strong></span> <span class='ocrx_word' id='word_1_101' title='bbox 457 675 527 702; x_wconf 89' lang='lat' dir='ltr'><strong>Tum</strong></span> <span class='ocrx_word' id='word_1_102' title='bbox 550 675 647 710; x_wconf 88' lang='lat' dir='ltr'><strong>incipit</strong></span> <span class='ocrx_word' id='word_1_103' title='bbox 661 675 794 702; x_wconf 89' lang='lat' dir='ltr'><strong>Dominus</strong></span> <span class='ocrx_word' id='word_1_104' title='bbox 819 675 853 702; x_wconf 94' lang='lat' dir='ltr'><strong>ad</strong></span> <span class='ocrx_word' id='word_1_105' title='bbox 869 675 928 702; x_wconf 68' lang='lat' dir='ltr'><strong>limc</strong></span> <span class='ocrx_word' id='word_1_106' title='bbox 947 673 1039 701; x_wconf 77' lang='lat' dir='ltr'><strong>dicere</strong></span> <span class='ocrx_word' id='word_1_107' title='bbox 1056 681 1063 700; x_wconf 71' lang='grc' dir='ltr'><strong>ε</strong></span> 
     </span>
    </p>
   </div>
   <div class='ocr_carea' id='block_1_16' title="bbox 274 718 1064 755">
    <p class='ocr_par' dir='ltr' id='par_1_16' title="bbox 274 718 1064 755">
     <span class='ocr_line' id='line_1_16' title="bbox 274 718 1064 755; baseline -0.004 -7"><span class='ocrx_word' id='word_1_108' title='bbox 274 721 364 748; x_wconf 82' lang='lat' dir='ltr'><strong>Habeo</strong></span> <span class='ocrx_word' id='word_1_109' title='bbox 372 721 418 748; x_wconf 87' lang='lat' dir='ltr'><strong>tibi</strong></span> <span class='ocrx_word' id='word_1_110' title='bbox 434 721 559 755; x_wconf 79' lang='lat' dir='ltr'><strong>gratiam,</strong></span> <span class='ocrx_word' id='word_1_111' title='bbox 572 720 710 755; x_wconf 75' lang='lat' dir='ltr'><strong>facultates</strong></span> <span class='ocrx_word' id='word_1_112' title='bbox 727 725 779 747; x_wconf 72' lang='lat' dir='ltr'><strong>tua:</strong></span> <span class='ocrx_word' id='word_1_113' title='bbox 792 724 853 747; x_wconf 86' lang='lat' dir='ltr'><strong>sunt</strong></span> <span class='ocrx_word' id='word_1_114' title='bbox 866 728 874 746; x_wconf 98' lang='lat'><em>:</em></span> <span class='ocrx_word' id='word_1_115' title='bbox 891 719 959 746; x_wconf 85' lang='lat' dir='ltr'><strong>bona</strong></span> <span class='ocrx_word' id='word_1_116' title='bbox 969 718 1064 746; x_wconf 82' lang='lat' dir='ltr'><strong>volun-</strong></span> 
     </span>
    </p>
   </div>
   <div class='ocr_carea' id='block_1_17' title="bbox 275 766 1064 801">
    <p class='ocr_par' dir='ltr' id='par_1_17' title="bbox 275 766 1064 801">
     <span class='ocr_line' id='line_1_17' title="bbox 275 766 1064 801; baseline -0.003 -8"><span class='ocrx_word' id='word_1_117' title='bbox 275 771 316 793; x_wconf 83' lang='lat' dir='ltr'><strong>tas</strong></span> <span class='ocrx_word' id='word_1_118' title='bbox 332 770 377 793; x_wconf 87' lang='lat' dir='ltr'><strong>tua</strong></span> <span class='ocrx_word' id='word_1_119' title='bbox 404 771 440 793; x_wconf 83' lang='lat' dir='ltr'><strong>est</strong></span> <span class='ocrx_word' id='word_1_120' title='bbox 459 776 468 793; x_wconf 88' lang='lat'><em>:</em></span> <span class='ocrx_word' id='word_1_121' title='bbox 482 770 505 793; x_wconf 84' lang='lat' dir='ltr'><strong>ct</strong></span> <span class='ocrx_word' id='word_1_122' title='bbox 519 766 549 793; x_wconf 88' lang='lat' dir='ltr'><strong>ob</strong></span> <span class='ocrx_word' id='word_1_123' title='bbox 576 770 651 793; x_wconf 86' lang='lat' dir='ltr'><strong>tuum</strong></span> <span class='ocrx_word' id='word_1_124' title='bbox 674 767 702 794; x_wconf 82' lang='lat' dir='ltr'><strong>in</strong></span> <span class='ocrx_word' id='word_1_125' title='bbox 727 774 768 794; x_wconf 90' lang='lat' dir='ltr'><strong>me</strong></span> <span class='ocrx_word' id='word_1_126' title='bbox 788 774 917 798; x_wconf 84' lang='lat' dir='ltr'><strong>amorem,</strong></span> <span class='ocrx_word' id='word_1_127' title='bbox 939 766 1064 801; x_wconf 83' lang='lat' dir='ltr'><strong>quoniam</strong></span> 
     </span>
    </p>
   </div>
   <div class='ocr_carea' id='block_1_18' title="bbox 273 811 1065 846">
    <p class='ocr_par' dir='ltr' id='par_1_18' title="bbox 273 811 1065 846">
     <span class='ocr_line' id='line_1_18' title="bbox 273 811 1065 846; baseline -0.003 -8"><span class='ocrx_word' id='word_1_128' title='bbox 273 811 414 846; x_wconf 78' lang='lat' dir='ltr'><strong>confugisti</strong></span> <span class='ocrx_word' id='word_1_129' title='bbox 425 811 459 838; x_wconf 90' lang='lat' dir='ltr'><strong>ad</strong></span> <span class='ocrx_word' id='word_1_130' title='bbox 477 819 527 843; x_wconf 88' lang='lat' dir='ltr'><strong>me,</strong></span> <span class='ocrx_word' id='word_1_131' title='bbox 539 811 600 838; x_wconf 76' lang='lat' dir='ltr'><strong>cedo</strong></span> <span class='ocrx_word' id='word_1_132' title='bbox 613 819 622 838; x_wconf 87' lang='lat'><strong><em>:</em></strong></span> <span class='ocrx_word' id='word_1_133' title='bbox 637 811 744 846; x_wconf 80' lang='lat' dir='ltr'><strong>insuper</strong></span> <span class='ocrx_word' id='word_1_134' title='bbox 756 811 822 838; x_wconf 80' lang='lat' dir='ltr'><strong>dabo</strong></span> <span class='ocrx_word' id='word_1_135' title='bbox 833 811 889 842; x_wconf 88' lang='lat' dir='ltr'><strong>tibi,</strong></span> <span class='ocrx_word' id='word_1_136' title='bbox 903 817 961 843; x_wconf 80' lang='lat' dir='ltr'><strong>qua:</strong></span> <span class='ocrx_word' id='word_1_137' title='bbox 982 817 1065 844; x_wconf 86' lang='lat' dir='ltr'><strong>neque</strong></span> 
     </span>
    </p>
   </div>
   <div class='ocr_carea' id='block_1_19' title="bbox 275 856 1063 891">
    <p class='ocr_par' dir='ltr' id='par_1_19' title="bbox 275 856 1063 891">
     <span class='ocr_line' id='line_1_19' title="bbox 275 856 1063 891; baseline -0.004 -8"><span class='ocrx_word' id='word_1_138' title='bbox 275 861 302 882; x_wconf 81' lang='lat' dir='ltr'><strong>tu</strong></span> <span class='ocrx_word' id='word_1_139' title='bbox 316 858 441 883; x_wconf 78' lang='lat' dir='ltr'><strong>hactenus</strong></span> <span class='ocrx_word' id='word_1_140' title='bbox 467 856 620 891; x_wconf 73' lang='lat' dir='ltr'><strong>possedisti,</strong></span> <span class='ocrx_word' id='word_1_141' title='bbox 648 864 694 883; x_wconf 84' lang='lat' dir='ltr'><strong>nec</strong></span> <span class='ocrx_word' id='word_1_142' title='bbox 712 857 758 891; x_wconf 87' lang='lat' dir='ltr'><strong>qui</strong></span> <span class='ocrx_word' id='word_1_143' title='bbox 782 864 862 891; x_wconf 72' lang='lat' dir='ltr'><strong>super</strong></span> <span class='ocrx_word' id='word_1_144' title='bbox 887 859 986 882; x_wconf 86' lang='lat' dir='ltr'><strong>terram</strong></span> <span class='ocrx_word' id='word_1_145' title='bbox 1001 858 1063 882; x_wconf 85' lang='lat' dir='ltr'><strong>sunt</strong></span> 
     </span>
    </p>
   </div>
   <div class='ocr_carea' id='block_1_20' title="bbox 1119 271 1177 293">
    <p class='ocr_par' dir='ltr' id='par_1_20' title="bbox 1119 271 1177 293">
     <span class='ocr_line' id='line_1_20' title="bbox 1119 271 1177 293; baseline 0 -5"><span class='ocrx_word' id='word_1_146' title='bbox 1119 271 1177 293; x_wconf 74' lang='lat'><strong>6.7.&quot;.</strong></span> 
     </span>
    </p>
   </div>
   <div class='ocr_carea' id='block_1_21' title="bbox 1155 348 1907 384">
    <p class='ocr_par' dir='ltr' id='par_1_21' title="bbox 1155 348 1907 384">
     <span class='ocr_line' id='line_1_21' title="bbox 1155 348 1907 384; baseline -0.001 -8"><span class='ocrx_word' id='word_1_147' title='bbox 1155 351 1194 376; x_wconf 85' lang='lat' dir='ltr'>II&#39;.</span> <span class='ocrx_word' id='word_1_148' title='bbox 1213 350 1274 376; x_wconf 83' lang='grc' dir='ltr'>Ὅτι</span> <span class='ocrx_word' id='word_1_149' title='bbox 1294 349 1415 384; x_wconf 70' lang='grc' dir='ltr'>νομίζεις</span> <span class='ocrx_word' id='word_1_150' title='bbox 1428 348 1469 375; x_wconf 81' lang='grc' dir='ltr'>ὅτι</span> <span class='ocrx_word' id='word_1_151' title='bbox 1489 348 1620 383; x_wconf 69' lang='grc' dir='ltr'>ὲποίηπας</span> <span class='ocrx_word' id='word_1_152' title='bbox 1633 349 1721 375; x_wconf 83' lang='grc' dir='ltr'>πάντα</span> <span class='ocrx_word' id='word_1_153' title='bbox 1734 348 1907 384; x_wconf 77' lang='grc' dir='ltr'>ἀποταξάμε-</span> 
     </span>
    </p>
   </div>
   <div class='ocr_carea' id='block_1_22' title="bbox 1117 393 1904 429">
    <p class='ocr_par' dir='ltr' id='par_1_22' title="bbox 1117 393 1904 429">
     <span class='ocr_line' id='line_1_22' title="bbox 1117 393 1904 429; baseline -0.003 -7"><span class='ocrx_word' id='word_1_154' title='bbox 1117 404 1171 427; x_wconf 85' lang='grc' dir='ltr'>νος,</span> <span class='ocrx_word' id='word_1_155' title='bbox 1189 395 1346 429; x_wconf 59' lang='grc' dir='ltr'>Μιείλόγον</span> <span class='ocrx_word' id='word_1_156' title='bbox 1365 394 1435 428; x_wconf 76' lang='grc' dir='ltr'>μετὰ</span> <span class='ocrx_word' id='word_1_157' title='bbox 1452 393 1498 420; x_wconf 78' lang='grc' dir='ltr'><strong>σοῦ</strong></span> <span class='ocrx_word' id='word_1_158' title='bbox 1515 395 1529 421; x_wconf 81' lang='grc' dir='ltr'>ὁ</span> <span class='ocrx_word' id='word_1_159' title='bbox 1553 393 1671 429; x_wconf 76' lang='grc' dir='ltr'>Κύριος·</span> <span class='ocrx_word' id='word_1_160' title='bbox 1687 395 1717 421; x_wconf 84' lang='lat' dir='ltr'><strong>Tl</strong></span> <span class='ocrx_word' id='word_1_161' title='bbox 1728 394 1880 429; x_wconf 78' lang='grc' dir='ltr'><strong>καυχᾶσαι</strong></span> <span class='ocrx_word' id='word_1_162' title='bbox 1893 403 1904 426; x_wconf 84' lang='grc'><strong><em>;</em></strong></span> 
     </span>
    </p>
   </div>
   <div class='ocr_carea' id='block_1_23' title="bbox 1117 439 1906 475">
    <p class='ocr_par' dir='ltr' id='par_1_23' title="bbox 1117 439 1906 475">
     <span class='ocr_line' id='line_1_23' title="bbox 1117 439 1906 475; baseline -0.001 -8"><span class='ocrx_word' id='word_1_163' title='bbox 1117 441 1187 475; x_wconf 79' lang='grc' dir='ltr'><strong>οὐχὶ</strong></span> <span class='ocrx_word' id='word_1_164' title='bbox 1200 441 1232 467; x_wconf 82' lang='grc' dir='ltr'><strong>τὸ</strong></span> <span class='ocrx_word' id='word_1_165' title='bbox 1250 440 1337 475; x_wconf 80' lang='grc' dir='ltr'><em>σῶμά</em></span> <span class='ocrx_word' id='word_1_166' title='bbox 1351 448 1410 467; x_wconf 85' lang='grc' dir='ltr'>σου</span> <span class='ocrx_word' id='word_1_167' title='bbox 1424 439 1474 466; x_wconf 75' lang='grc' dir='ltr'><strong>καὶ</strong></span> <span class='ocrx_word' id='word_1_168' title='bbox 1487 439 1545 474; x_wconf 77' lang='grc' dir='ltr'><strong>τὴν</strong></span> <span class='ocrx_word' id='word_1_169' title='bbox 1565 439 1672 474; x_wconf 69' lang='grc' dir='ltr'>ψυχὴν</span> <span class='ocrx_word' id='word_1_170' title='bbox 1692 439 1749 474; x_wconf 74' lang='grc' dir='ltr'><strong>ἐγὼ</strong></span> <span class='ocrx_word' id='word_1_171' title='bbox 1776 439 1906 472; x_wconf 72' lang='grc' dir='ltr'><strong>ἓκτισα;</strong></span> 
     </span>
    </p>
   </div>
   <div class='ocr_carea' id='block_1_24' title="bbox 1116 485 1903 522">
    <p class='ocr_par' dir='ltr' id='par_1_24' title="bbox 1116 485 1903 522">
     <span class='ocr_line' id='line_1_24' title="bbox 1116 485 1903 522; baseline -0.003 -9"><span class='ocrx_word' id='word_1_172' title='bbox 1116 487 1145 514; x_wconf 83' lang='grc' dir='ltr'>τι</span> <span class='ocrx_word' id='word_1_173' title='bbox 1154 486 1303 519; x_wconf 80' lang='grc' dir='ltr'>ἐποίησας</span> <span class='ocrx_word' id='word_1_174' title='bbox 1322 485 1382 518; x_wconf 67' lang='lat' dir='ltr'><strong>mi;</strong></span> <span class='ocrx_word' id='word_1_175' title='bbox 1397 485 1509 522; x_wconf 80' lang='grc' dir='ltr'>ἄρχεται</span> <span class='ocrx_word' id='word_1_176' title='bbox 1533 485 1550 520; x_wconf 86' lang='grc' dir='ltr'><strong>ἠ</strong></span> <span class='ocrx_word' id='word_1_177' title='bbox 1577 485 1649 520; x_wconf 76' lang='grc' dir='ltr'>ψυχὴ</span> <span class='ocrx_word' id='word_1_178' title='bbox 1667 485 1903 520; x_wconf 69' lang='grc' dir='ltr'><strong>ἐξομολογουμένη</strong></span> 
     </span>
    </p>
   </div>
   <div class='ocr_carea' id='block_1_25' title="bbox 1116 530 1902 567">
    <p class='ocr_par' dir='ltr' id='par_1_25' title="bbox 1116 530 1902 567">
     <span class='ocr_line' id='line_1_25' title="bbox 1116 530 1902 567; baseline -0.001 -9"><span class='ocrx_word' id='word_1_179' title='bbox 1116 532 1224 558; x_wconf 83' lang='grc' dir='ltr'>δέεσθαι</span> <span class='ocrx_word' id='word_1_180' title='bbox 1239 531 1285 558; x_wconf 82' lang='grc' dir='ltr'>τοῦ</span> <span class='ocrx_word' id='word_1_181' title='bbox 1297 531 1401 567; x_wconf 77' lang='grc' dir='ltr'>Κυρίου</span> <span class='ocrx_word' id='word_1_182' title='bbox 1415 531 1462 558; x_wconf 76' lang='grc' dir='ltr'><strong>καὶ</strong></span> <span class='ocrx_word' id='word_1_183' title='bbox 1472 530 1573 564; x_wconf 86' lang='grc' dir='ltr'>λέγειν,</span> <span class='ocrx_word' id='word_1_184' title='bbox 1584 531 1625 557; x_wconf 83' lang='grc' dir='ltr'><strong>ὅτι</strong></span> <span class='ocrx_word' id='word_1_185' title='bbox 1637 531 1738 558; x_wconf 81' lang='grc' dir='ltr'><em>Πάντα</em></span> <span class='ocrx_word' id='word_1_186' title='bbox 1754 531 1795 558; x_wconf 77' lang='grc' dir='ltr'><em>σά</em></span> <span class='ocrx_word' id='word_1_187' title='bbox 1808 531 1902 563; x_wconf 81' lang='grc' dir='ltr'><strong>ἐστιν,</strong></span> 
     </span>
    </p>
   </div>
   <div class='ocr_carea' id='block_1_26' title="bbox 1117 575 1903 611">
    <p class='ocr_par' dir='ltr' id='par_1_26' title="bbox 1117 575 1903 611">
     <span class='ocr_line' id='line_1_26' title="bbox 1117 575 1903 611; baseline -0.003 -7"><span class='ocrx_word' id='word_1_188' title='bbox 1117 578 1133 604; x_wconf 83' lang='grc' dir='ltr'><em>ό</em></span> <span class='ocrx_word' id='word_1_189' title='bbox 1148 575 1231 609; x_wconf 76' lang='grc' dir='ltr'>οἶκος</span> <span class='ocrx_word' id='word_1_190' title='bbox 1246 578 1290 610; x_wconf 81' lang='grc' dir='ltr'><strong>εις</strong></span> <span class='ocrx_word' id='word_1_191' title='bbox 1305 577 1341 603; x_wconf 83' lang='grc' dir='ltr'><strong>ὅν</strong></span> <span class='ocrx_word' id='word_1_192' title='bbox 1354 579 1422 611; x_wconf 76' lang='grc' dir='ltr'>ειμι,</span> <span class='ocrx_word' id='word_1_193' title='bbox 1440 577 1496 609; x_wconf 86' lang='grc' dir='ltr'><strong>σός</strong></span> <span class='ocrx_word' id='word_1_194' title='bbox 1514 577 1592 603; x_wconf 82' lang='grc' dir='ltr'><strong>ἐστι·</strong></span> <span class='ocrx_word' id='word_1_195' title='bbox 1608 576 1645 603; x_wconf 84' lang='grc' dir='ltr'><em>τὰ</em></span> <span class='ocrx_word' id='word_1_196' title='bbox 1662 576 1814 610; x_wconf 79' lang='grc' dir='ltr'><strong>ἐνδύματὰ</strong></span> <span class='ocrx_word' id='word_1_197' title='bbox 1833 585 1903 610; x_wconf 82' lang='grc' dir='ltr'>μου,</span> 
     </span>
    </p>
   </div>
   <div class='ocr_carea' id='block_1_27' title="bbox 1116 622 1904 656">
    <p class='ocr_par' dir='ltr' id='par_1_27' title="bbox 1116 622 1904 656">
     <span class='ocr_line' id='line_1_27' title="bbox 1116 622 1904 656; baseline -0.001 -7"><span class='ocrx_word' id='word_1_198' title='bbox 1116 622 1158 650; x_wconf 83' lang='grc' dir='ltr'><strong>σά</strong></span> <span class='ocrx_word' id='word_1_199' title='bbox 1177 623 1272 650; x_wconf 83' lang='grc' dir='ltr'><strong>ἐστιν.</strong></span> <span class='ocrx_word' id='word_1_200' title='bbox 1292 623 1343 649; x_wconf 79' lang='grc' dir='ltr'><strong>Ἐκ</strong></span> <span class='ocrx_word' id='word_1_201' title='bbox 1358 622 1417 649; x_wconf 80' lang='grc' dir='ltr'><strong>σοῦ</strong></span> <span class='ocrx_word' id='word_1_202' title='bbox 1432 622 1584 656; x_wconf 58' lang='grc' dir='ltr'>τρέψομαι,</span> <span class='ocrx_word' id='word_1_203' title='bbox 1606 622 1655 649; x_wconf 80' lang='grc' dir='ltr'><strong>καὶ</strong></span> <span class='ocrx_word' id='word_1_204' title='bbox 1676 622 1735 649; x_wconf 78' lang='grc' dir='ltr'><strong>ἀπὸ</strong></span> <span class='ocrx_word' id='word_1_205' title='bbox 1747 622 1805 648; x_wconf 85' lang='grc' dir='ltr'><strong>σοῦ</strong></span> <span class='ocrx_word' id='word_1_206' title='bbox 1825 623 1904 648; x_wconf 78' lang='grc' dir='ltr'>οἱκο-</span> 
     </span>
    </p>
   </div>
   <div class='ocr_carea' id='block_1_28' title="bbox 1115 666 1904 702">
    <p class='ocr_par' dir='ltr' id='par_1_28' title="bbox 1115 666 1904 702">
     <span class='ocr_line' id='line_1_28' title="bbox 1115 666 1904 702; baseline -0.003 -8"><span class='ocrx_word' id='word_1_207' title='bbox 1115 668 1263 702; x_wconf 82' lang='grc' dir='ltr'>νομοῦμαι</span> <span class='ocrx_word' id='word_1_208' title='bbox 1282 668 1326 700; x_wconf 71' lang='grc' dir='ltr'><strong>εις</strong></span> <span class='ocrx_word' id='word_1_209' title='bbox 1341 666 1446 694; x_wconf 82' lang='grc' dir='ltr'>πᾶσαν</span> <span class='ocrx_word' id='word_1_210' title='bbox 1460 667 1576 701; x_wconf 70' lang='grc' dir='ltr'>χρείαν.</span> <span class='ocrx_word' id='word_1_211' title='bbox 1594 667 1661 693; x_wconf 80' lang='grc' dir='ltr'>Τότε</span> <span class='ocrx_word' id='word_1_212' title='bbox 1680 667 1794 702; x_wconf 78' lang='grc' dir='ltr'>ἄρχεται</span> <span class='ocrx_word' id='word_1_213' title='bbox 1815 668 1829 692; x_wconf 82' lang='grc' dir='ltr'><strong>ὁ</strong></span> <span class='ocrx_word' id='word_1_214' title='bbox 1846 666 1904 692; x_wconf 85' lang='grc' dir='ltr'><strong>Κύ-</strong></span> 
     </span>
    </p>
   </div>
   <div class='ocr_carea' id='block_1_29' title="bbox 1117 711 1904 750">
    <p class='ocr_par' dir='ltr' id='par_1_29' title="bbox 1117 711 1904 750">
     <span class='ocr_line' id='line_1_29' title="bbox 1117 711 1904 750; baseline -0.003 -10"><span class='ocrx_word' id='word_1_215' title='bbox 1117 723 1174 749; x_wconf 82' lang='grc' dir='ltr'>ριος</span> <span class='ocrx_word' id='word_1_216' title='bbox 1187 713 1255 750; x_wconf 77' lang='grc' dir='ltr'>πρὸς</span> <span class='ocrx_word' id='word_1_217' title='bbox 1278 713 1365 740; x_wconf 73' lang='grc' dir='ltr'>ταῦτα</span> <span class='ocrx_word' id='word_1_218' title='bbox 1381 713 1481 746; x_wconf 85' lang='grc' dir='ltr'>λέγειν,</span> <span class='ocrx_word' id='word_1_219' title='bbox 1498 713 1592 746; x_wconf 81' lang='grc' dir='ltr'><em>Χάριν</em></span> <span class='ocrx_word' id='word_1_220' title='bbox 1606 721 1654 739; x_wconf 77' lang='grc' dir='ltr'>σοι</span> <span class='ocrx_word' id='word_1_221' title='bbox 1669 712 1738 747; x_wconf 81' lang='grc' dir='ltr'><strong>ἔχω,</strong></span> <span class='ocrx_word' id='word_1_222' title='bbox 1755 712 1792 738; x_wconf 83' lang='grc' dir='ltr'><strong>τὰ</strong></span> <span class='ocrx_word' id='word_1_223' title='bbox 1810 711 1904 745; x_wconf 74' lang='grc' dir='ltr'>ὑπείρ-</span> 
     </span>
    </p>
   </div>
   <div class='ocr_carea' id='block_1_30' title="bbox 1115 758 1901 794">
    <p class='ocr_par' dir='ltr' id='par_1_30' title="bbox 1115 758 1901 794">
     <span class='ocr_line' id='line_1_30' title="bbox 1115 758 1901 794; baseline -0.003 -8"><span class='ocrx_word' id='word_1_224' title='bbox 1115 767 1211 794; x_wconf 81' lang='grc' dir='ltr'><strong>χσντα</strong></span> <span class='ocrx_word' id='word_1_225' title='bbox 1228 759 1270 786; x_wconf 81' lang='grc' dir='ltr'><em>σά</em></span> <span class='ocrx_word' id='word_1_226' title='bbox 1289 759 1354 786; x_wconf 76' lang='grc' dir='ltr'><strong>ἐστι</strong></span> <span class='ocrx_word' id='word_1_227' title='bbox 1367 766 1374 774; x_wconf 93' lang='grc'><strong>·</strong></span> <span class='ocrx_word' id='word_1_228' title='bbox 1391 759 1423 785; x_wconf 80' lang='grc' dir='ltr'><strong>τὸ</strong></span> <span class='ocrx_word' id='word_1_229' title='bbox 1436 758 1548 792; x_wconf 79' lang='grc' dir='ltr'>θέλημα</span> <span class='ocrx_word' id='word_1_230' title='bbox 1562 758 1595 784; x_wconf 74' lang='grc' dir='ltr'><em>τὸ</em></span> <span class='ocrx_word' id='word_1_231' title='bbox 1605 759 1728 792; x_wconf 75' lang='grc' dir='ltr'>ἀγαθὸν,</span> <span class='ocrx_word' id='word_1_232' title='bbox 1749 758 1807 785; x_wconf 81' lang='grc' dir='ltr'><strong>σόν</strong></span> <span class='ocrx_word' id='word_1_233' title='bbox 1817 758 1881 785; x_wconf 82' lang='grc' dir='ltr'><strong>ἐστι</strong></span> <span class='ocrx_word' id='word_1_234' title='bbox 1894 764 1901 771; x_wconf 91' lang='grc'><strong>·</strong></span> 
     </span>
    </p>
   </div>
   <div class='ocr_carea' id='block_1_31' title="bbox 1115 804 1902 839">
    <p class='ocr_par' dir='ltr' id='par_1_31' title="bbox 1115 804 1902 839">
     <span class='ocr_line' id='line_1_31' title="bbox 1115 804 1902 839; baseline -0.004 -6"><span class='ocrx_word' id='word_1_235' title='bbox 1115 806 1164 833; x_wconf 75' lang='grc' dir='ltr'><strong>καὶ</strong></span> <span class='ocrx_word' id='word_1_236' title='bbox 1182 806 1231 833; x_wconf 80' lang='grc' dir='ltr'><strong>διὰ</strong></span> <span class='ocrx_word' id='word_1_237' title='bbox 1256 804 1313 839; x_wconf 77' lang='grc' dir='ltr'><strong>τὴν</strong></span> <span class='ocrx_word' id='word_1_238' title='bbox 1328 805 1403 839; x_wconf 79' lang='grc' dir='ltr'>πρός</span> <span class='ocrx_word' id='word_1_239' title='bbox 1423 805 1462 838; x_wconf 86' lang='grc' dir='ltr'><strong>μέ</strong></span> <span class='ocrx_word' id='word_1_240' title='bbox 1485 813 1543 831; x_wconf 84' lang='grc' dir='ltr'>σου</span> <span class='ocrx_word' id='word_1_241' title='bbox 1567 804 1699 839; x_wconf 75' lang='grc' dir='ltr'>ἀγάπην,</span> <span class='ocrx_word' id='word_1_242' title='bbox 1723 804 1788 831; x_wconf 78' lang='grc' dir='ltr'>ἐπεὶ</span> <span class='ocrx_word' id='word_1_243' title='bbox 1807 811 1902 837; x_wconf 80' lang='grc' dir='ltr'>προσ-</span> 
     </span>
    </p>
   </div>
   <div class='ocr_carea' id='block_1_32' title="bbox 1113 847 1901 885">
    <p class='ocr_par' dir='ltr' id='par_1_32' title="bbox 1113 847 1901 885">
     <span class='ocr_line' id='line_1_32' title="bbox 1113 847 1901 885; baseline -0.004 -7"><span class='ocrx_word' id='word_1_244' title='bbox 1113 849 1225 885; x_wconf 64' lang='grc' dir='ltr'>έφυτές</span> <span class='ocrx_word' id='word_1_245' title='bbox 1241 859 1302 884; x_wconf 86' lang='grc' dir='ltr'>μοι,</span> <span class='ocrx_word' id='word_1_246' title='bbox 1321 849 1409 884; x_wconf 78' lang='grc' dir='ltr'>δεῦρο</span> <span class='ocrx_word' id='word_1_247' title='bbox 1421 849 1530 876; x_wconf 74' lang='grc' dir='ltr'>λοιπὸν</span> <span class='ocrx_word' id='word_1_248' title='bbox 1551 848 1636 876; x_wconf 77' lang='grc' dir='ltr'><strong>δώσω</strong></span> <span class='ocrx_word' id='word_1_249' title='bbox 1659 857 1720 880; x_wconf 81' lang='grc' dir='ltr'>σοι,</span> <span class='ocrx_word' id='word_1_250' title='bbox 1745 848 1764 875; x_wconf 79' lang='grc' dir='ltr'><em>ἁ</em></span> <span class='ocrx_word' id='word_1_251' title='bbox 1777 849 1845 876; x_wconf 80' lang='grc' dir='ltr'>οὔτε</span> <span class='ocrx_word' id='word_1_252' title='bbox 1859 847 1901 874; x_wconf 86' lang='grc' dir='ltr'><strong>σὺ</strong></span> 
     </span>
    </p>
   </div>
   <div class='ocr_carea' id='block_1_33' title="bbox 272 885 1058 937">
    <p class='ocr_par' dir='ltr' id='par_1_33' title="bbox 272 901 1058 937">
     <span class='ocr_line' id='line_1_33' title="bbox 272 901 1058 937; baseline -0.001 -9"><span class='ocrx_word' id='word_1_253' title='bbox 272 902 406 934; x_wconf 78' lang='lat' dir='ltr'><strong>homines,</strong></span> <span class='ocrx_word' id='word_1_254' title='bbox 423 901 527 928; x_wconf 79' lang='lat' dir='ltr'><strong>habent.</strong></span> <span class='ocrx_word' id='word_1_255' title='bbox 549 902 642 937; x_wconf 82' lang='lat' dir='ltr'><strong>Accipe</strong></span> <span class='ocrx_word' id='word_1_256' title='bbox 667 909 708 928; x_wconf 88' lang='lat' dir='ltr'><strong>me</strong></span> <span class='ocrx_word' id='word_1_257' title='bbox 723 901 865 928; x_wconf 82' lang='lat' dir='ltr'><strong>Dominum</strong></span> <span class='ocrx_word' id='word_1_258' title='bbox 887 909 946 927; x_wconf 88' lang='lat' dir='ltr'><strong>cum</strong></span> <span class='ocrx_word' id='word_1_259' title='bbox 972 901 1058 927; x_wconf 86' lang='lat' dir='ltr'><strong>anima</strong></span> 
     </span>
    </p>
   </div>
   <div class='ocr_carea' id='block_1_34' title="bbox 1109 885 1900 937">
    <p class='ocr_par' dir='ltr' id='par_1_34' title="bbox 1113 894 1900 930">
     <span class='ocr_line' id='line_1_34' title="bbox 1113 894 1900 930; baseline -0.005 -7"><span class='ocrx_word' id='word_1_260' title='bbox 1113 896 1168 929; x_wconf 72' lang='grc' dir='ltr'><strong>ἕως</strong></span> <span class='ocrx_word' id='word_1_261' title='bbox 1184 895 1252 930; x_wconf 75' lang='grc' dir='ltr'>ἄρτι</span> <span class='ocrx_word' id='word_1_262' title='bbox 1275 895 1403 928; x_wconf 80' lang='grc' dir='ltr'><strong>ἐκτήσω,</strong></span> <span class='ocrx_word' id='word_1_263' title='bbox 1424 895 1492 921; x_wconf 82' lang='grc' dir='ltr'>οὔτε</span> <span class='ocrx_word' id='word_1_264' title='bbox 1506 894 1555 921; x_wconf 78' lang='grc' dir='ltr'><strong>ἐπὶ</strong></span> <span class='ocrx_word' id='word_1_265' title='bbox 1574 895 1630 929; x_wconf 79' lang='grc' dir='ltr'>γῆς</span> <span class='ocrx_word' id='word_1_266' title='bbox 1648 895 1795 928; x_wconf 79' lang='grc' dir='ltr'>ἅνθρωποι</span> <span class='ocrx_word' id='word_1_267' title='bbox 1812 894 1900 928; x_wconf 80' lang='grc' dir='ltr'>ἐχου-</span> 
     </span>
    </p>
   </div>
   <div class='ocr_carea' id='block_1_35' title="bbox 272 945 1061 982">
    <p class='ocr_par' dir='ltr' id='par_1_35' title="bbox 272 945 1061 982">
     <span class='ocr_line' id='line_1_35' title="bbox 272 945 1061 982; baseline 0 -10"><span class='ocrx_word' id='word_1_268' title='bbox 272 950 367 979; x_wconf 86' lang='lat' dir='ltr'><strong>tua,ut</strong></span> <span class='ocrx_word' id='word_1_269' title='bbox 379 947 415 974; x_wconf 82' lang='lat' dir='ltr'><strong>sis</strong></span> <span class='ocrx_word' id='word_1_270' title='bbox 427 951 553 982; x_wconf 81' lang='lat' dir='ltr'><strong>perpetuo</strong></span> <span class='ocrx_word' id='word_1_271' title='bbox 570 955 671 974; x_wconf 85' lang='lat' dir='ltr'><strong>mecum</strong></span> <span class='ocrx_word' id='word_1_272' title='bbox 682 948 710 974; x_wconf 87' lang='lat' dir='ltr'><strong>in</strong></span> <span class='ocrx_word' id='word_1_273' title='bbox 724 945 817 974; x_wconf 65' lang='lat' dir='ltr'><strong>latitia</strong></span> <span class='ocrx_word' id='word_1_274' title='bbox 833 950 858 972; x_wconf 87' lang='lat' dir='ltr'><strong>et</strong></span> <span class='ocrx_word' id='word_1_275' title='bbox 875 945 1061 973; x_wconf 67' lang='lat' dir='ltr'><strong>exsultatione.</strong></span> 
     </span>
    </p>
   </div>
   <div class='ocr_carea' id='block_1_36' title="bbox 306 1076 1060 1111">
    <p class='ocr_par' dir='ltr' id='par_1_36' title="bbox 306 1076 1060 1111">
     <span class='ocr_line' id='line_1_36' title="bbox 306 1076 1060 1111; baseline -0.003 -7"><span class='ocrx_word' id='word_1_276' title='bbox 306 1076 354 1104; x_wconf 81' lang='lat' dir='ltr'><strong>IX.</strong></span> <span class='ocrx_word' id='word_1_277' title='bbox 369 1076 485 1104; x_wconf 89' lang='lat' dir='ltr'><strong>Perinde</strong></span> <span class='ocrx_word' id='word_1_278' title='bbox 496 1076 568 1104; x_wconf 90' lang='lat' dir='ltr'><strong>enim</strong></span> <span class='ocrx_word' id='word_1_279' title='bbox 583 1084 615 1103; x_wconf 89' lang='lat' dir='ltr'><strong>ac</strong></span> <span class='ocrx_word' id='word_1_280' title='bbox 627 1076 726 1104; x_wconf 89' lang='lat' dir='ltr'><strong>mulier</strong></span> <span class='ocrx_word' id='word_1_281' title='bbox 738 1076 798 1103; x_wconf 88' lang='lat' dir='ltr'><strong>viro</strong></span> <span class='ocrx_word' id='word_1_282' title='bbox 811 1076 985 1111; x_wconf 86' lang='lat' dir='ltr'><strong>desponsata,</strong></span> <span class='ocrx_word' id='word_1_283' title='bbox 1000 1081 1060 1102; x_wconf 92' lang='lat' dir='ltr'><strong>om-</strong></span> 
     </span>
    </p>
   </div>
   <div class='ocr_carea' id='block_1_37' title="bbox 270 1121 1062 1156">
    <p class='ocr_par' dir='ltr' id='par_1_37' title="bbox 270 1121 1062 1156">
     <span class='ocr_line' id='line_1_37' title="bbox 270 1121 1062 1156; baseline -0.005 -6"><span class='ocrx_word' id='word_1_284' title='bbox 270 1122 317 1150; x_wconf 89' lang='lat' dir='ltr'><strong>nia</strong></span> <span class='ocrx_word' id='word_1_285' title='bbox 329 1122 401 1150; x_wconf 88' lang='lat' dir='ltr'><strong>bona</strong></span> <span class='ocrx_word' id='word_1_286' title='bbox 422 1130 482 1156; x_wconf 89' lang='lat' dir='ltr'><strong>sua,</strong></span> <span class='ocrx_word' id='word_1_287' title='bbox 505 1127 534 1150; x_wconf 90' lang='lat' dir='ltr'><strong>et</strong></span> <span class='ocrx_word' id='word_1_288' title='bbox 550 1126 634 1149; x_wconf 87' lang='lat' dir='ltr'><strong>totam</strong></span> <span class='ocrx_word' id='word_1_289' title='bbox 653 1121 746 1150; x_wconf 88' lang='lat' dir='ltr'><strong>dotem</strong></span> <span class='ocrx_word' id='word_1_290' title='bbox 769 1121 851 1150; x_wconf 76' lang='lat' dir='ltr'><strong>oﬂ‘ert</strong></span> <span class='ocrx_word' id='word_1_291' title='bbox 867 1128 924 1156; x_wconf 65' lang='lat' dir='ltr'><strong>prae</strong></span> <span class='ocrx_word' id='word_1_292' title='bbox 954 1127 1062 1149; x_wconf 89' lang='lat' dir='ltr'><strong>summo</strong></span> 
     </span>
    </p>
   </div>
   <div class='ocr_carea' id='block_1_38' title="bbox 271 1166 1059 1203">
    <p class='ocr_par' dir='ltr' id='par_1_38' title="bbox 271 1166 1059 1203">
     <span class='ocr_line' id='line_1_38' title="bbox 271 1166 1059 1203; baseline -0.004 -7"><span class='ocrx_word' id='word_1_293' title='bbox 271 1176 375 1201; x_wconf 86' lang='lat' dir='ltr'><strong>amore,</strong></span> <span class='ocrx_word' id='word_1_294' title='bbox 390 1172 418 1196; x_wconf 92' lang='lat' dir='ltr'><strong>et</strong></span> <span class='ocrx_word' id='word_1_295' title='bbox 441 1168 470 1196; x_wconf 91' lang='lat' dir='ltr'><strong>in</strong></span> <span class='ocrx_word' id='word_1_296' title='bbox 487 1175 586 1196; x_wconf 87' lang='lat' dir='ltr'><strong>manus</strong></span> <span class='ocrx_word' id='word_1_297' title='bbox 610 1168 663 1195; x_wconf 89' lang='lat' dir='ltr'><strong>viri</strong></span> <span class='ocrx_word' id='word_1_298' title='bbox 680 1167 803 1203; x_wconf 89' lang='lat' dir='ltr'><strong>projicit,</strong></span> <span class='ocrx_word' id='word_1_299' title='bbox 827 1172 910 1202; x_wconf 84' lang='lat' dir='ltr'><strong>atque</strong></span> <span class='ocrx_word' id='word_1_300' title='bbox 927 1167 981 1194; x_wconf 86' lang='lat' dir='ltr'><strong>hoc</strong></span> <span class='ocrx_word' id='word_1_301' title='bbox 997 1166 1035 1194; x_wconf 88' lang='lat' dir='ltr'><strong>ait</strong></span> <span class='ocrx_word' id='word_1_302' title='bbox 1053 1176 1059 1193; x_wconf 86' lang='lat'><strong>:</strong></span> 
     </span>
    </p>
   </div>
   <div class='ocr_carea' id='block_1_39' title="bbox 271 1204 1061 1249">
    <p class='ocr_par' dir='ltr' id='par_1_39' title="bbox 271 1204 1061 1249">
     <span class='ocr_line' id='line_1_39' title="bbox 271 1204 1061 1249; baseline -0.005 -9"><span class='ocrx_word' id='word_1_303' title='bbox 271 1204 361 1240; x_wconf 66' lang='lat' dir='ltr'><strong><em>Méum</em></strong></span> <span class='ocrx_word' id='word_1_304' title='bbox 376 1213 445 1249; x_wconf 85' lang='lat' dir='ltr'><strong>quod</strong></span> <span class='ocrx_word' id='word_1_305' title='bbox 461 1214 505 1245; x_wconf 68' lang='lat' dir='ltr'><strong>sit,</strong></span> <span class='ocrx_word' id='word_1_306' title='bbox 521 1212 586 1240; x_wconf 80' lang='lat' dir='ltr'><strong>nihil</strong></span> <span class='ocrx_word' id='word_1_307' title='bbox 598 1213 688 1244; x_wconf 79' lang='lat' dir='ltr'><strong>habeo,</strong></span> <span class='ocrx_word' id='word_1_308' title='bbox 708 1212 777 1239; x_wconf 85' lang='lat' dir='ltr'><strong>bona</strong></span> <span class='ocrx_word' id='word_1_309' title='bbox 792 1220 850 1239; x_wconf 80' lang='lat' dir='ltr'><strong>mea</strong></span> <span class='ocrx_word' id='word_1_310' title='bbox 864 1216 909 1238; x_wconf 83' lang='lat' dir='ltr'><strong>tua</strong></span> <span class='ocrx_word' id='word_1_311' title='bbox 921 1216 981 1238; x_wconf 79' lang='lat' dir='ltr'><strong>sunt</strong></span> <span class='ocrx_word' id='word_1_312' title='bbox 997 1211 1061 1237; x_wconf 80' lang='lat' dir='ltr'><strong>:dos</strong></span> 
     </span>
    </p>
   </div>
   <div class='ocr_carea' id='block_1_40' title="bbox 270 1259 1059 1294">
    <p class='ocr_par' dir='ltr' id='par_1_40' title="bbox 270 1259 1059 1294">
     <span class='ocr_line' id='line_1_40' title="bbox 270 1259 1059 1294; baseline -0.004 -9"><span class='ocrx_word' id='word_1_313' title='bbox 270 1267 372 1294; x_wconf 82' lang='lat' dir='ltr'><strong><em>quoque</em></strong></span> <span class='ocrx_word' id='word_1_314' title='bbox 398 1262 442 1285; x_wconf 84' lang='lat' dir='ltr'><strong>tua</strong></span> <span class='ocrx_word' id='word_1_315' title='bbox 459 1262 508 1290; x_wconf 79' lang='lat' dir='ltr'><strong>est,</strong></span> <span class='ocrx_word' id='word_1_316' title='bbox 528 1262 553 1284; x_wconf 80' lang='lat' dir='ltr'><strong>et</strong></span> <span class='ocrx_word' id='word_1_317' title='bbox 584 1259 674 1284; x_wconf 86' lang='lat' dir='ltr'><strong>anima</strong></span> <span class='ocrx_word' id='word_1_318' title='bbox 699 1265 777 1290; x_wconf 83' lang='lat' dir='ltr'><strong>mea,</strong></span> <span class='ocrx_word' id='word_1_319' title='bbox 802 1261 827 1284; x_wconf 82' lang='lat' dir='ltr'><strong>et</strong></span> <span class='ocrx_word' id='word_1_320' title='bbox 849 1264 942 1292; x_wconf 79' lang='lat' dir='ltr'><strong>corpus</strong></span> <span class='ocrx_word' id='word_1_321' title='bbox 963 1264 1059 1286; x_wconf 83' lang='lat' dir='ltr'><strong>meum.</strong></span> 
     </span>
    </p>
   </div>
   <div class='ocr_carea' id='block_1_41' title="bbox 270 1302 1060 1339">
    <p class='ocr_par' dir='ltr' id='par_1_41' title="bbox 270 1302 1060 1339">
     <span class='ocr_line' id='line_1_41' title="bbox 270 1302 1060 1339; baseline -0.004 -9"><span class='ocrx_word' id='word_1_322' title='bbox 270 1308 344 1331; x_wconf 82' lang='lat' dir='ltr'><strong>tuum</strong></span> <span class='ocrx_word' id='word_1_323' title='bbox 362 1308 420 1331; x_wconf 77' lang='lat' dir='ltr'><strong>est:</strong></span> <span class='ocrx_word' id='word_1_324' title='bbox 436 1304 477 1332; x_wconf 89' lang='lat' dir='ltr'><strong>sic</strong></span> <span class='ocrx_word' id='word_1_325' title='bbox 495 1311 605 1339; x_wconf 88' lang='lat' dir='ltr'><strong>quoque</strong></span> <span class='ocrx_word' id='word_1_326' title='bbox 623 1309 781 1338; x_wconf 81' lang='lat' dir='ltr'><strong>temperans</strong></span> <span class='ocrx_word' id='word_1_327' title='bbox 805 1303 896 1330; x_wconf 86' lang='lat' dir='ltr'><strong>anima</strong></span> <span class='ocrx_word' id='word_1_328' title='bbox 917 1307 959 1330; x_wconf 84' lang='lat' dir='ltr'><strong>est</strong></span> <span class='ocrx_word' id='word_1_329' title='bbox 983 1302 1060 1336; x_wconf 81' lang='lat' dir='ltr'><strong>virgo</strong></span> 
     </span>
    </p>
   </div>
   <div class='ocr_carea' id='block_1_42' title="bbox 269 1349 1059 1384">
    <p class='ocr_par' dir='ltr' id='par_1_42' title="bbox 269 1349 1059 1384">
     <span class='ocr_line' id='line_1_42' title="bbox 269 1349 1059 1384; baseline -0.003 -8"><span class='ocrx_word' id='word_1_330' title='bbox 269 1349 399 1382; x_wconf 81' lang='lat' dir='ltr'><strong>Domini,</strong></span> <span class='ocrx_word' id='word_1_331' title='bbox 433 1349 603 1384; x_wconf 83' lang='lat' dir='ltr'><strong>participans</strong></span> <span class='ocrx_word' id='word_1_332' title='bbox 633 1357 696 1377; x_wconf 92' lang='lat' dir='ltr'><strong>cum</strong></span> <span class='ocrx_word' id='word_1_333' title='bbox 729 1349 835 1384; x_wconf 87' lang='lat' dir='ltr'><strong>Spiritu</strong></span> <span class='ocrx_word' id='word_1_334' title='bbox 863 1349 922 1383; x_wconf 86' lang='lat' dir='ltr'><strong>ejus</strong></span> <span class='ocrx_word' id='word_1_335' title='bbox 953 1351 1059 1375; x_wconf 89' lang='lat' dir='ltr'><strong>sancto.</strong></span> 
     </span>
    </p>
   </div>
   <div class='ocr_carea' id='block_1_43' title="bbox 269 1393 1060 1430">
    <p class='ocr_par' dir='ltr' id='par_1_43' title="bbox 269 1393 1060 1430">
     <span class='ocr_line' id='line_1_43' title="bbox 269 1393 1060 1430; baseline -0.003 -8"><span class='ocrx_word' id='word_1_336' title='bbox 269 1394 383 1430; x_wconf 89' lang='lat' dir='ltr'><strong>Oportet</strong></span> <span class='ocrx_word' id='word_1_337' title='bbox 396 1399 498 1427; x_wconf 87' lang='lat' dir='ltr'><strong>autem,</strong></span> <span class='ocrx_word' id='word_1_338' title='bbox 509 1394 624 1429; x_wconf 90' lang='lat' dir='ltr'><strong>perinde</strong></span> <span class='ocrx_word' id='word_1_339' title='bbox 638 1402 670 1422; x_wconf 88' lang='lat' dir='ltr'><strong>ac</strong></span> <span class='ocrx_word' id='word_1_340' title='bbox 682 1394 750 1429; x_wconf 86' lang='lat' dir='ltr'><strong>ipse,</strong></span> <span class='ocrx_word' id='word_1_341' title='bbox 764 1401 826 1422; x_wconf 91' lang='lat' dir='ltr'><strong>cum</strong></span> <span class='ocrx_word' id='word_1_342' title='bbox 842 1393 963 1421; x_wconf 84' lang='lat' dir='ltr'><strong>venisset</strong></span> <span class='ocrx_word' id='word_1_343' title='bbox 976 1401 1060 1427; x_wconf 82' lang='lat' dir='ltr'><strong>supra</strong></span> 
     </span>
    </p>
   </div>
   <div class='ocr_carea' id='block_1_44' title="bbox 270 1438 1059 1474">
    <p class='ocr_par' dir='ltr' id='par_1_44' title="bbox 270 1438 1059 1474">
     <span class='ocr_line' id='line_1_44' title="bbox 270 1438 1059 1474; baseline -0.004 -7"><span class='ocrx_word' id='word_1_344' title='bbox 270 1444 383 1472; x_wconf 88' lang='lat' dir='ltr'><strong>terram,</strong></span> <span class='ocrx_word' id='word_1_345' title='bbox 411 1447 508 1474; x_wconf 74' lang='lat' dir='ltr'><strong>paSsus</strong></span> <span class='ocrx_word' id='word_1_346' title='bbox 523 1444 552 1467; x_wconf 86' lang='lat' dir='ltr'><strong>et</strong></span> <span class='ocrx_word' id='word_1_347' title='bbox 573 1439 722 1467; x_wconf 74' lang='lat' dir='ltr'><strong>cruciﬁxus</strong></span> <span class='ocrx_word' id='word_1_348' title='bbox 737 1443 790 1471; x_wconf 89' lang='lat' dir='ltr'><strong>est,</strong></span> <span class='ocrx_word' id='word_1_349' title='bbox 816 1443 843 1466; x_wconf 85' lang='lat' dir='ltr'><strong>te</strong></span> <span class='ocrx_word' id='word_1_350' title='bbox 855 1447 965 1474; x_wconf 86' lang='lat' dir='ltr'><strong>quoque</strong></span> <span class='ocrx_word' id='word_1_351' title='bbox 977 1438 1059 1465; x_wconf 92' lang='lat' dir='ltr'><strong>simul</strong></span> 
     </span>
    </p>
   </div>
   <div class='ocr_carea' id='block_1_45' title="bbox 268 1484 1061 1521">
    <p class='ocr_par' dir='ltr' id='par_1_45' title="bbox 268 1484 1061 1521">
     <span class='ocr_line' id='line_1_45' title="bbox 268 1484 1061 1521; baseline -0.003 -9"><span class='ocrx_word' id='word_1_352' title='bbox 268 1485 335 1521; x_wconf 87' lang='lat' dir='ltr'><strong>pati.</strong></span> <span class='ocrx_word' id='word_1_353' title='bbox 350 1485 402 1513; x_wconf 85' lang='lat' dir='ltr'><strong>Ubi</strong></span> <span class='ocrx_word' id='word_1_354' title='bbox 421 1485 495 1512; x_wconf 88' lang='lat' dir='ltr'><strong>enim</strong></span> <span class='ocrx_word' id='word_1_355' title='bbox 514 1484 661 1512; x_wconf 83' lang='lat' dir='ltr'><strong>recesseris</strong></span> <span class='ocrx_word' id='word_1_356' title='bbox 673 1492 688 1511; x_wconf 88' lang='lat' dir='ltr'><strong>a</strong></span> <span class='ocrx_word' id='word_1_357' title='bbox 706 1484 820 1517; x_wconf 91' lang='lat' dir='ltr'><strong>mundo,</strong></span> <span class='ocrx_word' id='word_1_358' title='bbox 839 1492 871 1511; x_wconf 90' lang='lat' dir='ltr'><strong>ac</strong></span> <span class='ocrx_word' id='word_1_359' title='bbox 886 1484 972 1511; x_wconf 88' lang='lat' dir='ltr'><strong>Deum</strong></span> <span class='ocrx_word' id='word_1_360' title='bbox 986 1491 1061 1519; x_wconf 68' lang='lat' dir='ltr'><strong>quaa-</strong></span> 
     </span>
    </p>
   </div>
   <div class='ocr_carea' id='block_1_46' title="bbox 268 1530 1056 1565">
    <p class='ocr_par' dir='ltr' id='par_1_46' title="bbox 268 1530 1056 1565">
     <span class='ocr_line' id='line_1_46' title="bbox 268 1530 1056 1565; baseline -0.003 -7"><span class='ocrx_word' id='word_1_361' title='bbox 268 1539 330 1558; x_wconf 89' lang='lat' dir='ltr'><strong>rere</strong></span> <span class='ocrx_word' id='word_1_362' title='bbox 344 1530 471 1565; x_wconf 78' lang='lat' dir='ltr'><strong>coeperis,</strong></span> <span class='ocrx_word' id='word_1_363' title='bbox 499 1534 527 1558; x_wconf 88' lang='lat' dir='ltr'><strong>et</strong></span> <span class='ocrx_word' id='word_1_364' title='bbox 546 1530 714 1562; x_wconf 83' lang='lat' dir='ltr'><strong>discernere,</strong></span> <span class='ocrx_word' id='word_1_365' title='bbox 738 1533 875 1564; x_wconf 85' lang='lat' dir='ltr'><strong>superest,</strong></span> <span class='ocrx_word' id='word_1_366' title='bbox 893 1533 924 1556; x_wconf 92' lang='lat' dir='ltr'><strong>ut</strong></span> <span class='ocrx_word' id='word_1_367' title='bbox 938 1537 1056 1565; x_wconf 76' lang='lat' dir='ltr'><strong>pugnam</strong></span> 
     </span>
    </p>
   </div>
   <div class='ocr_carea' id='block_1_47' title="bbox 269 1573 1055 1608">
    <p class='ocr_par' dir='ltr' id='par_1_47' title="bbox 269 1573 1055 1608">
     <span class='ocr_line' id='line_1_47' title="bbox 269 1573 1055 1608; baseline -0.003 -6"><span class='ocrx_word' id='word_1_368' title='bbox 269 1576 346 1603; x_wconf 90' lang='lat' dir='ltr'><strong>ineas</strong></span> <span class='ocrx_word' id='word_1_369' title='bbox 362 1583 424 1602; x_wconf 92' lang='lat' dir='ltr'><strong>cum</strong></span> <span class='ocrx_word' id='word_1_370' title='bbox 436 1579 535 1602; x_wconf 89' lang='lat' dir='ltr'><strong>natura</strong></span> <span class='ocrx_word' id='word_1_371' title='bbox 558 1579 615 1606; x_wconf 88' lang='lat' dir='ltr'><strong>tua,</strong></span> <span class='ocrx_word' id='word_1_372' title='bbox 634 1573 756 1608; x_wconf 84' lang='lat' dir='ltr'><strong>antiquis</strong></span> <span class='ocrx_word' id='word_1_373' title='bbox 774 1573 904 1601; x_wconf 89' lang='lat' dir='ltr'><strong>nimirum</strong></span> <span class='ocrx_word' id='word_1_374' title='bbox 920 1573 1055 1606; x_wconf 89' lang='lat' dir='ltr'><strong>moribus,</strong></span> 
     </span>
    </p>
   </div>
   <div class='ocr_carea' id='block_1_48' title="bbox 268 1618 1056 1653">
    <p class='ocr_par' dir='ltr' id='par_1_48' title="bbox 268 1618 1056 1653">
     <span class='ocr_line' id='line_1_48' title="bbox 268 1618 1056 1653; baseline -0.005 -5"><span class='ocrx_word' id='word_1_375' title='bbox 268 1620 468 1648; x_wconf 81' lang='lat' dir='ltr'><strong>consuetudine</strong></span> <span class='ocrx_word' id='word_1_376' title='bbox 480 1619 529 1646; x_wconf 89' lang='lat' dir='ltr'><strong>tibi</strong></span> <span class='ocrx_word' id='word_1_377' title='bbox 542 1619 645 1646; x_wconf 88' lang='lat' dir='ltr'><strong>innata.</strong></span> <span class='ocrx_word' id='word_1_378' title='bbox 664 1618 698 1645; x_wconf 83' lang='lat' dir='ltr'><strong>Et</strong></span> <span class='ocrx_word' id='word_1_379' title='bbox 714 1618 786 1645; x_wconf 91' lang='lat' dir='ltr'><strong>inter</strong></span> <span class='ocrx_word' id='word_1_380' title='bbox 801 1618 977 1653; x_wconf 77' lang='lat' dir='ltr'><strong>pugnandum</strong></span> <span class='ocrx_word' id='word_1_381' title='bbox 994 1626 1056 1645; x_wconf 88' lang='lat' dir='ltr'><strong>cum</strong></span> 
     </span>
    </p>
   </div>
   <div class='ocr_carea' id='block_1_49' title="bbox 268 1664 1056 1699">
    <p class='ocr_par' dir='ltr' id='par_1_49' title="bbox 268 1664 1056 1699">
     <span class='ocr_line' id='line_1_49' title="bbox 268 1664 1056 1699; baseline -0.004 -6"><span class='ocrx_word' id='word_1_382' title='bbox 268 1666 481 1698; x_wconf 82' lang='lat' dir='ltr'><strong>consuetudine,</strong></span> <span class='ocrx_word' id='word_1_383' title='bbox 496 1665 602 1699; x_wconf 89' lang='lat' dir='ltr'><strong>reperis</strong></span> <span class='ocrx_word' id='word_1_384' title='bbox 613 1664 793 1699; x_wconf 74' lang='lat' dir='ltr'><strong>cogitationes</strong></span> <span class='ocrx_word' id='word_1_385' title='bbox 812 1664 979 1691; x_wconf 85' lang='lat' dir='ltr'><strong>reluctantes</strong></span> <span class='ocrx_word' id='word_1_386' title='bbox 995 1664 1056 1695; x_wconf 88' lang='lat' dir='ltr'><strong>tibi,</strong></span> 
     </span>
    </p>
   </div>
   <div class='ocr_carea' id='block_1_50' title="bbox 267 1710 1057 1747">
    <p class='ocr_par' dir='ltr' id='par_1_50' title="bbox 267 1710 1057 1747">
     <span class='ocr_line' id='line_1_50' title="bbox 267 1710 1057 1747; baseline -0.004 -8"><span class='ocrx_word' id='word_1_387' title='bbox 267 1717 297 1740; x_wconf 85' lang='lat' dir='ltr'><strong>et</strong></span> <span class='ocrx_word' id='word_1_388' title='bbox 309 1717 493 1747; x_wconf 81' lang='lat' dir='ltr'><strong>repugnantes</strong></span> <span class='ocrx_word' id='word_1_389' title='bbox 508 1711 601 1738; x_wconf 90' lang='lat' dir='ltr'><strong>animo</strong></span> <span class='ocrx_word' id='word_1_390' title='bbox 613 1715 660 1737; x_wconf 87' lang='lat' dir='ltr'><strong>tuo</strong></span> <span class='ocrx_word' id='word_1_391' title='bbox 673 1719 679 1737; x_wconf 94' lang='lat'>:</span> <span class='ocrx_word' id='word_1_392' title='bbox 696 1718 756 1745; x_wconf 64' lang='lat' dir='ltr'><strong>quae</strong></span> <span class='ocrx_word' id='word_1_393' title='bbox 765 1710 945 1745; x_wconf 71' lang='lat' dir='ltr'><strong>cogitationes</strong></span> <span class='ocrx_word' id='word_1_394' title='bbox 963 1714 988 1737; x_wconf 88' lang='lat' dir='ltr'><strong>te</strong></span> <span class='ocrx_word' id='word_1_395' title='bbox 1003 1715 1057 1736; x_wconf 82' lang='lat' dir='ltr'><strong>tra-</strong></span> 
     </span>
    </p>
   </div>
   <div class='ocr_carea' id='block_1_51' title="bbox 268 1755 1057 1792">
    <p class='ocr_par' dir='ltr' id='par_1_51' title="bbox 268 1755 1057 1792">
     <span class='ocr_line' id='line_1_51' title="bbox 268 1755 1057 1792; baseline -0.004 -7"><span class='ocrx_word' id='word_1_396' title='bbox 268 1758 350 1791; x_wconf 88' lang='lat' dir='ltr'><strong>hunt,</strong></span> <span class='ocrx_word' id='word_1_397' title='bbox 377 1762 406 1785; x_wconf 92' lang='lat' dir='ltr'><strong>et</strong></span> <span class='ocrx_word' id='word_1_398' title='bbox 430 1757 508 1792; x_wconf 82' lang='lat'><strong>123</strong></span> <span class='ocrx_word' id='word_1_399' title='bbox 524 1762 689 1792; x_wconf 86' lang='lat' dir='ltr'><strong>occupatum</strong></span> <span class='ocrx_word' id='word_1_400' title='bbox 714 1756 835 1783; x_wconf 91' lang='lat' dir='ltr'><strong>reddunt</strong></span> <span class='ocrx_word' id='word_1_401' title='bbox 863 1755 956 1787; x_wconf 87' lang='lat' dir='ltr'><strong>rebus,</strong></span> <span class='ocrx_word' id='word_1_402' title='bbox 984 1756 1057 1783; x_wconf 86' lang='lat' dir='ltr'><strong>unde</strong></span> 
     </span>
    </p>
   </div>
   <div class='ocr_carea' id='block_1_52' title="bbox 266 1801 1057 1837">
    <p class='ocr_par' dir='ltr' id='par_1_52' title="bbox 266 1801 1057 1837">
     <span class='ocr_line' id='line_1_52' title="bbox 266 1801 1057 1837; baseline -0.004 -6"><span class='ocrx_word' id='word_1_403' title='bbox 266 1803 394 1836; x_wconf 78' lang='lat' dir='ltr'><strong>exivisti,</strong></span> <span class='ocrx_word' id='word_1_404' title='bbox 415 1804 502 1831; x_wconf 82' lang='lat' dir='ltr'><strong>oculis</strong></span> <span class='ocrx_word' id='word_1_405' title='bbox 532 1803 673 1837; x_wconf 89' lang='lat' dir='ltr'><strong>subjectis.</strong></span> <span class='ocrx_word' id='word_1_406' title='bbox 703 1802 838 1837; x_wconf 88' lang='lat' dir='ltr'><strong>Deinceps</strong></span> <span class='ocrx_word' id='word_1_407' title='bbox 861 1801 960 1836; x_wconf 85' lang='lat' dir='ltr'><strong>incipis</strong></span> <span class='ocrx_word' id='word_1_408' title='bbox 987 1809 1057 1836; x_wconf 80' lang='lat' dir='ltr'><strong>prae-</strong></span> 
     </span>
    </p>
   </div>
   <div class='ocr_carea' id='block_1_53' title="bbox 268 1844 1057 1882">
    <p class='ocr_par' dir='ltr' id='par_1_53' title="bbox 268 1844 1057 1882">
     <span class='ocr_line' id='line_1_53' title="bbox 268 1844 1057 1882; baseline -0.004 -7"><span class='ocrx_word' id='word_1_409' title='bbox 268 1848 335 1876; x_wconf 86' lang='lat' dir='ltr'><strong>Iium</strong></span> <span class='ocrx_word' id='word_1_410' title='bbox 355 1855 501 1875; x_wconf 89' lang='lat' dir='ltr'><strong>conserere</strong></span> <span class='ocrx_word' id='word_1_411' title='bbox 513 1855 545 1874; x_wconf 90' lang='lat' dir='ltr'><strong>ac</strong></span> <span class='ocrx_word' id='word_1_412' title='bbox 557 1847 670 1879; x_wconf 89' lang='lat' dir='ltr'><strong>bellum,</strong></span> <span class='ocrx_word' id='word_1_413' title='bbox 690 1846 870 1882; x_wconf 76' lang='lat' dir='ltr'><strong>cogitationes</strong></span> <span class='ocrx_word' id='word_1_414' title='bbox 885 1853 997 1873; x_wconf 89' lang='lat' dir='ltr'><strong>movens</strong></span> <span class='ocrx_word' id='word_1_415' title='bbox 1009 1844 1057 1872; x_wconf 79' lang='lat' dir='ltr'><strong>ad-</strong></span> 
     </span>
    </p>
   </div>
   <div class='ocr_carea' id='block_1_54' title="bbox 266 1892 1056 1928">
    <p class='ocr_par' dir='ltr' id='par_1_54' title="bbox 266 1892 1056 1928">
     <span class='ocr_line' id='line_1_54' title="bbox 266 1892 1056 1928; baseline -0.004 -7"><span class='ocrx_word' id='word_1_416' title='bbox 266 1900 364 1922; x_wconf 73' lang='lat' dir='ltr'><strong>versus</strong></span> <span class='ocrx_word' id='word_1_417' title='bbox 394 1893 593 1928; x_wconf 76' lang='lat' dir='ltr'><strong>cegitationes,</strong></span> <span class='ocrx_word' id='word_1_418' title='bbox 622 1897 741 1919; x_wconf 89' lang='lat' dir='ltr'><strong>mentem</strong></span> <span class='ocrx_word' id='word_1_419' title='bbox 769 1892 901 1919; x_wconf 88' lang='lat' dir='ltr'><strong>adversus</strong></span> <span class='ocrx_word' id='word_1_420' title='bbox 924 1895 1056 1924; x_wconf 84' lang='lat' dir='ltr'><strong>mentem,</strong></span> 
     </span>
    </p>
   </div>
   <div class='ocr_carea' id='block_1_55' title="bbox 268 1936 1056 1972">
    <p class='ocr_par' dir='ltr' id='par_1_55' title="bbox 268 1936 1056 1972">
     <span class='ocr_line' id='line_1_55' title="bbox 268 1936 1056 1972; baseline -0.004 -6"><span class='ocrx_word' id='word_1_421' title='bbox 268 1939 388 1967; x_wconf 86' lang='lat' dir='ltr'><strong>animam</strong></span> <span class='ocrx_word' id='word_1_422' title='bbox 402 1938 535 1965; x_wconf 81' lang='lat' dir='ltr'><strong>adversus</strong></span> <span class='ocrx_word' id='word_1_423' title='bbox 546 1938 664 1964; x_wconf 88' lang='lat' dir='ltr'><strong>animam</strong></span> <span class='ocrx_word' id='word_1_424' title='bbox 674 1957 681 1970; x_wconf 91' lang='lat'><strong>,</strong></span> <span class='ocrx_word' id='word_1_425' title='bbox 696 1937 827 1972; x_wconf 87' lang='lat' dir='ltr'><strong>Spiritum</strong></span> <span class='ocrx_word' id='word_1_426' title='bbox 846 1937 978 1964; x_wconf 79' lang='lat' dir='ltr'><strong>adversus</strong></span> <span class='ocrx_word' id='word_1_427' title='bbox 993 1936 1056 1971; x_wconf 86' lang='lat' dir='ltr'><strong>Spi-</strong></span> 
     </span>
    </p>
   </div>
   <div class='ocr_carea' id='block_1_56' title="bbox 267 1983 1055 2019">
    <p class='ocr_par' dir='ltr' id='par_1_56' title="bbox 267 1983 1055 2019">
     <span class='ocr_line' id='line_1_56' title="bbox 267 1983 1055 2019; baseline -0.004 -7"><span class='ocrx_word' id='word_1_428' title='bbox 267 1986 351 2012; x_wconf 87' lang='lat' dir='ltr'><strong>ritum</strong></span> <span class='ocrx_word' id='word_1_429' title='bbox 369 1994 376 2012; x_wconf 88' lang='lat'><strong>:</strong></span> <span class='ocrx_word' id='word_1_430' title='bbox 390 1989 520 2011; x_wconf 62' lang='lat' dir='ltr'><strong>ueterum</strong></span> <span class='ocrx_word' id='word_1_431' title='bbox 533 1983 588 2011; x_wconf 90' lang='lat' dir='ltr'><strong>illic</strong></span> <span class='ocrx_word' id='word_1_432' title='bbox 602 1989 705 2011; x_wconf 63' lang='lat' dir='ltr'><strong>(eterna</strong></span> <span class='ocrx_word' id='word_1_433' title='bbox 721 1992 830 2019; x_wconf 84' lang='lat' dir='ltr'><strong>quoque</strong></span> <span class='ocrx_word' id='word_1_434' title='bbox 850 1984 941 2010; x_wconf 81' lang='lat' dir='ltr'><strong>anima</strong></span> <span class='ocrx_word' id='word_1_435' title='bbox 955 1987 1055 2018; x_wconf 75' lang='lat' dir='ltr'><strong>praesto</strong></span> 
     </span>
    </p>
   </div>
   <div class='ocr_carea' id='block_1_57' title="bbox 265 2034 317 2059">
    <p class='ocr_par' dir='ltr' id='par_1_57' title="bbox 265 2034 317 2059">
     <span class='ocr_line' id='line_1_57' title="bbox 265 2034 317 2059; baseline -0.019 0"><span class='ocrx_word' id='word_1_436' title='bbox 265 2034 317 2059; x_wconf 85' lang='lat' dir='ltr'><strong>est.</strong></span> 
     </span>
    </p>
   </div>
   <div class='ocr_carea' id='block_1_58' title="bbox 302 2076 1055 2112">
    <p class='ocr_par' dir='ltr' id='par_1_58' title="bbox 302 2076 1055 2112">
     <span class='ocr_line' id='line_1_58' title="bbox 302 2076 1055 2112; baseline 0 -8"><span class='ocrx_word' id='word_1_437' title='bbox 302 2077 336 2104; x_wconf 82' lang='lat' dir='ltr'><strong>X.</strong></span> <span class='ocrx_word' id='word_1_438' title='bbox 352 2077 431 2104; x_wconf 85' lang='lat' dir='ltr'><strong>Latet</strong></span> <span class='ocrx_word' id='word_1_439' title='bbox 445 2076 518 2104; x_wconf 88' lang='lat' dir='ltr'><strong>enim</strong></span> <span class='ocrx_word' id='word_1_440' title='bbox 531 2077 638 2104; x_wconf 86' lang='lat' dir='ltr'><strong>occulta</strong></span> <span class='ocrx_word' id='word_1_441' title='bbox 655 2077 779 2112; x_wconf 72' lang='lat' dir='ltr'><strong>quaedam</strong></span> <span class='ocrx_word' id='word_1_442' title='bbox 794 2081 822 2104; x_wconf 90' lang='lat' dir='ltr'><strong>et</strong></span> <span class='ocrx_word' id='word_1_443' title='bbox 839 2077 949 2106; x_wconf 89' lang='lat' dir='ltr'><strong>subtilis</strong></span> <span class='ocrx_word' id='word_1_444' title='bbox 969 2077 1055 2105; x_wconf 80' lang='lat' dir='ltr'><strong>facul-</strong></span> 
     </span>
    </p>
   </div>
   <div class='ocr_carea' id='block_1_59' title="bbox 267 2121 1056 2157">
    <p class='ocr_par' dir='ltr' id='par_1_59' title="bbox 267 2121 1056 2157">
     <span class='ocr_line' id='line_1_59' title="bbox 267 2121 1056 2157; baseline 0 -8"><span class='ocrx_word' id='word_1_445' title='bbox 267 2127 309 2150; x_wconf 85' lang='lat' dir='ltr'><strong>tas</strong></span> <span class='ocrx_word' id='word_1_446' title='bbox 334 2122 521 2155; x_wconf 87' lang='lat' dir='ltr'><strong>tenebrarum,</strong></span> <span class='ocrx_word' id='word_1_447' title='bbox 545 2121 667 2150; x_wconf 91' lang='lat' dir='ltr'><strong>insidens</strong></span> <span class='ocrx_word' id='word_1_448' title='bbox 690 2122 778 2150; x_wconf 90' lang='lat' dir='ltr'><strong>cordi.</strong></span> <span class='ocrx_word' id='word_1_449' title='bbox 799 2123 930 2150; x_wconf 86' lang='lat' dir='ltr'><strong>Dominus</strong></span> <span class='ocrx_word' id='word_1_450' title='bbox 947 2131 1056 2157; x_wconf 87' lang='lat' dir='ltr'><strong>quoque</strong></span> 
     </span>
    </p>
   </div>
   <div class='ocr_carea' id='block_1_60' title="bbox 267 2168 1056 2204">
    <p class='ocr_par' dir='ltr' id='par_1_60' title="bbox 267 2168 1056 2204">
     <span class='ocr_line' id='line_1_60' title="bbox 267 2168 1056 2204; baseline -0.001 -8"><span class='ocrx_word' id='word_1_451' title='bbox 267 2176 354 2204; x_wconf 90' lang='lat' dir='ltr'><strong>prope</strong></span> <span class='ocrx_word' id='word_1_452' title='bbox 376 2168 496 2195; x_wconf 85' lang='lat' dir='ltr'><strong>animam</strong></span> <span class='ocrx_word' id='word_1_453' title='bbox 518 2172 547 2195; x_wconf 88' lang='lat' dir='ltr'><strong>et</strong></span> <span class='ocrx_word' id='word_1_454' title='bbox 563 2175 664 2203; x_wconf 89' lang='lat' dir='ltr'><strong>corpus</strong></span> <span class='ocrx_word' id='word_1_455' title='bbox 679 2173 755 2195; x_wconf 89' lang='lat' dir='ltr'><strong>tuum</strong></span> <span class='ocrx_word' id='word_1_456' title='bbox 777 2172 832 2200; x_wconf 84' lang='lat' dir='ltr'><strong>est,</strong></span> <span class='ocrx_word' id='word_1_457' title='bbox 856 2173 982 2204; x_wconf 86' lang='lat' dir='ltr'><strong>spectans</strong></span> <span class='ocrx_word' id='word_1_458' title='bbox 1006 2176 1056 2203; x_wconf 90' lang='lat' dir='ltr'><strong>pu—</strong></span> 
     </span>
    </p>
   </div>
   <div class='ocr_carea' id='block_1_61' title="bbox 1113 937 1902 976">
    <p class='ocr_par' dir='ltr' id='par_1_61' title="bbox 1113 937 1902 976">
     <span class='ocr_line' id='line_1_61' title="bbox 1113 937 1902 976; baseline -0.005 -7"><span class='ocrx_word' id='word_1_459' title='bbox 1113 950 1176 970; x_wconf 80' lang='grc' dir='ltr'>σιν.</span> <span class='ocrx_word' id='word_1_460' title='bbox 1199 941 1264 976; x_wconf 75' lang='grc' dir='ltr'><strong>Ἐμὲ</strong></span> <span class='ocrx_word' id='word_1_461' title='bbox 1276 941 1351 968; x_wconf 74' lang='grc' dir='ltr'><strong>λαΕὲ</strong></span> <span class='ocrx_word' id='word_1_462' title='bbox 1364 942 1416 967; x_wconf 78' lang='grc' dir='ltr'><strong>τὸν</strong></span> <span class='ocrx_word' id='word_1_463' title='bbox 1432 941 1541 974; x_wconf 79' lang='grc' dir='ltr'><strong>Κύριόν</strong></span> <span class='ocrx_word' id='word_1_464' title='bbox 1554 947 1613 967; x_wconf 85' lang='grc' dir='ltr'>σου</span> <span class='ocrx_word' id='word_1_465' title='bbox 1632 940 1708 974; x_wconf 80' lang='grc' dir='ltr'>μετὰ</span> <span class='ocrx_word' id='word_1_466' title='bbox 1727 939 1782 973; x_wconf 83' lang='grc' dir='ltr'><strong>τῆς</strong></span> <span class='ocrx_word' id='word_1_467' title='bbox 1798 937 1902 973; x_wconf 70' lang='grc' dir='ltr'><strong>ψυχῆς</strong></span> 
     </span>
    </p>
   </div>
   <div class='ocr_carea' id='block_1_62' title="bbox 1112 984 1898 1022">
    <p class='ocr_par' dir='ltr' id='par_1_62' title="bbox 1112 984 1898 1022">
     <span class='ocr_line' id='line_1_62' title="bbox 1112 984 1898 1022; baseline -0.004 -8"><span class='ocrx_word' id='word_1_468' title='bbox 1112 995 1183 1020; x_wconf 84' lang='grc' dir='ltr'>σου,</span> <span class='ocrx_word' id='word_1_469' title='bbox 1197 988 1247 1014; x_wconf 76' lang='grc' dir='ltr'><strong>ἵνα</strong></span> <span class='ocrx_word' id='word_1_470' title='bbox 1264 985 1302 1022; x_wconf 77' lang='grc' dir='ltr'>ᾖς</span> <span class='ocrx_word' id='word_1_471' title='bbox 1315 987 1444 1014; x_wconf 75' lang='grc' dir='ltr'>πάντοτε</span> <span class='ocrx_word' id='word_1_472' title='bbox 1451 987 1515 1022; x_wconf 81' lang='grc' dir='ltr'>μετ’</span> <span class='ocrx_word' id='word_1_473' title='bbox 1526 986 1601 1021; x_wconf 84' lang='grc' dir='ltr'><strong>ἐμοῦ</strong></span> <span class='ocrx_word' id='word_1_474' title='bbox 1616 985 1834 1020; x_wconf 56' lang='grc' dir='ltr'>εὐφραινομένη</span> <span class='ocrx_word' id='word_1_475' title='bbox 1849 984 1898 1011; x_wconf 69' lang='grc' dir='ltr'><strong>καὶ</strong></span> 
     </span>
    </p>
   </div>
   <div class='ocr_carea' id='block_1_63' title="bbox 1112 1032 1316 1068">
    <p class='ocr_par' dir='ltr' id='par_1_63' title="bbox 1112 1032 1316 1068">
     <span class='ocr_line' id='line_1_63' title="bbox 1112 1032 1316 1068; baseline -0.01 -7"><span class='ocrx_word' id='word_1_476' title='bbox 1112 1032 1316 1068; x_wconf 64' lang='lat' dir='ltr'><strong>«inuuidiam</strong></span> 
     </span>
    </p>
   </div>
   <div class='ocr_carea' id='block_1_64' title="bbox 1147 1076 1898 1114">
    <p class='ocr_par' dir='ltr' id='par_1_64' title="bbox 1147 1076 1898 1114">
     <span class='ocr_line' id='line_1_64' title="bbox 1147 1076 1898 1114; baseline -0.004 -9"><span class='ocrx_word' id='word_1_477' title='bbox 1147 1079 1186 1106; x_wconf 87' lang='grc' dir='ltr'><strong>Θ¹.</strong></span> <span class='ocrx_word' id='word_1_478' title='bbox 1203 1079 1309 1113; x_wconf 79' lang='grc' dir='ltr'>’Ὠσπερ</span> <span class='ocrx_word' id='word_1_479' title='bbox 1324 1078 1378 1114; x_wconf 86' lang='grc' dir='ltr'>γὰρ</span> <span class='ocrx_word' id='word_1_480' title='bbox 1390 1078 1458 1112; x_wconf 81' lang='grc' dir='ltr'>γυνὴ</span> <span class='ocrx_word' id='word_1_481' title='bbox 1480 1076 1706 1112; x_wconf 82' lang='grc' dir='ltr'>μεμνηστευμένη</span> <span class='ocrx_word' id='word_1_482' title='bbox 1724 1077 1812 1113; x_wconf 76' lang='grc' dir='ltr'><strong>ἀνδρὶ,</strong></span> <span class='ocrx_word' id='word_1_483' title='bbox 1829 1076 1898 1103; x_wconf 81' lang='grc' dir='ltr'>πάν-</span> 
     </span>
    </p>
   </div>
   <div class='ocr_carea' id='block_1_65' title="bbox 1112 1121 1899 1159">
    <p class='ocr_par' dir='ltr' id='par_1_65' title="bbox 1112 1121 1899 1159">
     <span class='ocr_line' id='line_1_65' title="bbox 1112 1121 1899 1159; baseline -0.005 -8"><span class='ocrx_word' id='word_1_484' title='bbox 1112 1133 1146 1151; x_wconf 83' lang='grc' dir='ltr'>τα</span> <span class='ocrx_word' id='word_1_485' title='bbox 1161 1124 1195 1150; x_wconf 78' lang='grc' dir='ltr'><strong>τὰ</strong></span> <span class='ocrx_word' id='word_1_486' title='bbox 1211 1124 1368 1159; x_wconf 66' lang='grc' dir='ltr'>ὑπάρχοντα</span> <span class='ocrx_word' id='word_1_487' title='bbox 1382 1123 1477 1158; x_wconf 81' lang='grc' dir='ltr'>αὐτῆς,</span> <span class='ocrx_word' id='word_1_488' title='bbox 1502 1121 1550 1148; x_wconf 73' lang='grc' dir='ltr'>καὶ</span> <span class='ocrx_word' id='word_1_489' title='bbox 1564 1122 1629 1157; x_wconf 83' lang='grc' dir='ltr'>ὅλην</span> <span class='ocrx_word' id='word_1_490' title='bbox 1641 1122 1690 1156; x_wconf 79' lang='grc' dir='ltr'><strong>τὴν</strong></span> <span class='ocrx_word' id='word_1_491' title='bbox 1716 1123 1816 1156; x_wconf 81' lang='grc' dir='ltr'>προῖκα</span> <span class='ocrx_word' id='word_1_492' title='bbox 1831 1123 1899 1148; x_wconf 80' lang='grc' dir='ltr'>ἁπο-</span> 
     </span>
    </p>
   </div>
   <div class='ocr_carea' id='block_1_66' title="bbox 1112 1166 1897 1206">
    <p class='ocr_par' dir='ltr' id='par_1_66' title="bbox 1112 1166 1897 1206">
     <span class='ocr_line' id='line_1_66' title="bbox 1112 1166 1897 1206; baseline -0.005 -10"><span class='ocrx_word' id='word_1_493' title='bbox 1112 1170 1191 1206; x_wconf 78' lang='grc' dir='ltr'>φέρει</span> <span class='ocrx_word' id='word_1_494' title='bbox 1205 1170 1236 1196; x_wconf 74' lang='grc' dir='ltr'><strong>ἐκ</strong></span> <span class='ocrx_word' id='word_1_495' title='bbox 1254 1169 1352 1203; x_wconf 81' lang='grc' dir='ltr'>πολλῆς</span> <span class='ocrx_word' id='word_1_496' title='bbox 1369 1169 1479 1203; x_wconf 82' lang='grc' dir='ltr'><strong>ἀγάπης</strong></span> <span class='ocrx_word' id='word_1_497' title='bbox 1500 1169 1540 1200; x_wconf 79' lang='grc' dir='ltr'>εἰς</span> <span class='ocrx_word' id='word_1_498' title='bbox 1555 1168 1605 1200; x_wconf 80' lang='grc' dir='ltr'><strong>τὰς</strong></span> <span class='ocrx_word' id='word_1_499' title='bbox 1624 1168 1717 1202; x_wconf 85' lang='grc' dir='ltr'>χεῖρας</span> <span class='ocrx_word' id='word_1_500' title='bbox 1733 1167 1835 1202; x_wconf 73' lang='grc' dir='ltr'><strong>ῥίψασα.</strong></span> <span class='ocrx_word' id='word_1_501' title='bbox 1849 1166 1897 1193; x_wconf 79' lang='grc' dir='ltr'>τοῦ</span> 
     </span>
    </p>
   </div>
   <div class='ocr_carea' id='block_1_67' title="bbox 1112 1211 1899 1251">
    <p class='ocr_par' dir='ltr' id='par_1_67' title="bbox 1112 1211 1899 1251">
     <span class='ocr_line' id='line_1_67' title="bbox 1112 1211 1899 1251; baseline -0.006 -8"><span class='ocrx_word' id='word_1_502' title='bbox 1112 1216 1218 1251; x_wconf 73' lang='grc' dir='ltr'>ἀνδρδς,</span> <span class='ocrx_word' id='word_1_503' title='bbox 1236 1216 1282 1242; x_wconf 65' lang='grc' dir='ltr'>καὶ</span> <span class='ocrx_word' id='word_1_504' title='bbox 1297 1214 1376 1241; x_wconf 80' lang='grc' dir='ltr'>τοῦτο</span> <span class='ocrx_word' id='word_1_505' title='bbox 1391 1214 1475 1249; x_wconf 83' lang='grc' dir='ltr'><strong>λέγει,</strong></span> <span class='ocrx_word' id='word_1_506' title='bbox 1497 1214 1587 1248; x_wconf 83' lang='grc' dir='ltr'><strong>Ἐμὸν</strong></span> <span class='ocrx_word' id='word_1_507' title='bbox 1600 1213 1692 1240; x_wconf 79' lang='grc' dir='ltr'><em>οὐδὲν</em></span> <span class='ocrx_word' id='word_1_508' title='bbox 1700 1212 1770 1246; x_wconf 75' lang='grc' dir='ltr'><strong>ἔχω,</strong></span> <span class='ocrx_word' id='word_1_509' title='bbox 1785 1213 1822 1239; x_wconf 75' lang='grc' dir='ltr'><em>τὰ</em></span> <span class='ocrx_word' id='word_1_510' title='bbox 1836 1211 1899 1246; x_wconf 74' lang='grc' dir='ltr'>ἐμοὶ</span> 
     </span>
    </p>
   </div>
   <div class='ocr_carea' id='block_1_68' title="bbox 1111 1257 1899 1296">
    <p class='ocr_par' dir='ltr' id='par_1_68' title="bbox 1111 1257 1899 1296">
     <span class='ocr_line' id='line_1_68' title="bbox 1111 1257 1899 1296; baseline -0.005 -8"><span class='ocrx_word' id='word_1_511' title='bbox 1111 1261 1287 1296; x_wconf 78' lang='grc' dir='ltr'>ὑπάρχοντα</span> <span class='ocrx_word' id='word_1_512' title='bbox 1309 1260 1351 1287; x_wconf 81' lang='grc' dir='ltr'><em>σά</em></span> <span class='ocrx_word' id='word_1_513' title='bbox 1363 1261 1428 1287; x_wconf 82' lang='grc' dir='ltr'><strong>ἐστι</strong></span> <span class='ocrx_word' id='word_1_514' title='bbox 1440 1268 1447 1276; x_wconf 90' lang='grc'><strong>·</strong></span> <span class='ocrx_word' id='word_1_515' title='bbox 1476 1259 1526 1286; x_wconf 77' lang='grc' dir='ltr'><strong>καὶ</strong></span> <span class='ocrx_word' id='word_1_516' title='bbox 1546 1258 1633 1293; x_wconf 76' lang='grc' dir='ltr'>προὶξ</span> <span class='ocrx_word' id='word_1_517' title='bbox 1646 1258 1687 1292; x_wconf 81' lang='grc' dir='ltr'><strong>σή</strong></span> <span class='ocrx_word' id='word_1_518' title='bbox 1715 1259 1792 1290; x_wconf 84' lang='grc' dir='ltr'><strong>ἐστι,</strong></span> <span class='ocrx_word' id='word_1_519' title='bbox 1809 1257 1858 1284; x_wconf 74' lang='grc' dir='ltr'><strong>καὶ</strong></span> <span class='ocrx_word' id='word_1_520' title='bbox 1879 1258 1899 1291; x_wconf 78' lang='grc' dir='ltr'><strong><em>ἠ</em></strong></span> 
     </span>
    </p>
   </div>
   <div class='ocr_carea' id='block_1_69' title="bbox 1111 1303 1900 1342">
    <p class='ocr_par' dir='ltr' id='par_1_69' title="bbox 1111 1303 1900 1342">
     <span class='ocr_line' id='line_1_69' title="bbox 1111 1303 1900 1342; baseline -0.005 -8"><span class='ocrx_word' id='word_1_521' title='bbox 1111 1307 1166 1342; x_wconf 77' lang='grc' dir='ltr'><strong>ἐμὴ</strong></span> <span class='ocrx_word' id='word_1_522' title='bbox 1183 1307 1268 1341; x_wconf 79' lang='grc' dir='ltr'><strong>ψυχὴ</strong></span> <span class='ocrx_word' id='word_1_523' title='bbox 1288 1305 1338 1333; x_wconf 75' lang='grc' dir='ltr'><strong>καὶ</strong></span> <span class='ocrx_word' id='word_1_524' title='bbox 1352 1306 1384 1333; x_wconf 83' lang='grc' dir='ltr'><strong>τὸ</strong></span> <span class='ocrx_word' id='word_1_525' title='bbox 1401 1306 1486 1340; x_wconf 82' lang='grc' dir='ltr'>σῶμα</span> <span class='ocrx_word' id='word_1_526' title='bbox 1494 1305 1527 1332; x_wconf 83' lang='grc' dir='ltr'><strong>τὸ</strong></span> <span class='ocrx_word' id='word_1_527' title='bbox 1538 1306 1623 1340; x_wconf 82' lang='grc' dir='ltr'><strong>ἐμὸν,</strong></span> <span class='ocrx_word' id='word_1_528' title='bbox 1637 1306 1695 1332; x_wconf 83' lang='grc' dir='ltr'><strong>σόν</strong></span> <span class='ocrx_word' id='word_1_529' title='bbox 1709 1305 1811 1331; x_wconf 75' lang='grc' dir='ltr'><strong>ἐστιν·</strong></span> <span class='ocrx_word' id='word_1_530' title='bbox 1828 1303 1900 1330; x_wconf 76' lang='grc' dir='ltr'><strong>οὕτω</strong></span> 
     </span>
    </p>
   </div>
   <div class='ocr_carea' id='block_1_70' title="bbox 1111 1350 1898 1388">
    <p class='ocr_par' dir='ltr' id='par_1_70' title="bbox 1111 1350 1898 1388">
     <span class='ocr_line' id='line_1_70' title="bbox 1111 1350 1898 1388; baseline -0.004 -9"><span class='ocrx_word' id='word_1_531' title='bbox 1111 1354 1158 1380; x_wconf 80' lang='grc' dir='ltr'><strong>καὶ</strong></span> <span class='ocrx_word' id='word_1_532' title='bbox 1174 1353 1190 1388; x_wconf 89' lang='grc' dir='ltr'>ὴ</span> <span class='ocrx_word' id='word_1_533' title='bbox 1209 1352 1326 1387; x_wconf 78' lang='grc' dir='ltr'><strong>σώφρων</strong></span> <span class='ocrx_word' id='word_1_534' title='bbox 1341 1352 1414 1387; x_wconf 75' lang='grc' dir='ltr'>ψυχὴ</span> <span class='ocrx_word' id='word_1_535' title='bbox 1429 1352 1562 1387; x_wconf 76' lang='grc' dir='ltr'><strong>παρθένος</strong></span> <span class='ocrx_word' id='word_1_536' title='bbox 1577 1352 1636 1378; x_wconf 76' lang='grc' dir='ltr'><strong>ἐστὶ</strong></span> <span class='ocrx_word' id='word_1_537' title='bbox 1655 1351 1693 1386; x_wconf 84' lang='grc' dir='ltr'>τῷ</span> <span class='ocrx_word' id='word_1_538' title='bbox 1717 1350 1822 1386; x_wconf 80' lang='grc' dir='ltr'><strong>Κυρίῳ,</strong></span> <span class='ocrx_word' id='word_1_539' title='bbox 1841 1359 1898 1376; x_wconf 80' lang='grc' dir='ltr'>κοι-</span> 
     </span>
    </p>
   </div>
   <div class='ocr_carea' id='block_1_71' title="bbox 1111 1395 1901 1433">
    <p class='ocr_par' dir='ltr' id='par_1_71' title="bbox 1111 1395 1901 1433">
     <span class='ocr_line' id='line_1_71' title="bbox 1111 1395 1901 1433; baseline -0.005 -8"><span class='ocrx_word' id='word_1_540' title='bbox 1111 1398 1233 1425; x_wconf 77' lang='grc' dir='ltr'>νωνοῦσα</span> <span class='ocrx_word' id='word_1_541' title='bbox 1243 1398 1282 1433; x_wconf 80' lang='grc' dir='ltr'><strong>τῷ</strong></span> <span class='ocrx_word' id='word_1_542' title='bbox 1294 1397 1364 1433; x_wconf 84' lang='grc' dir='ltr'>ἁγίῳ</span> <span class='ocrx_word' id='word_1_543' title='bbox 1381 1397 1462 1424; x_wconf 84' lang='grc' dir='ltr'><strong>αὺτοῦ</strong></span> <span class='ocrx_word' id='word_1_544' title='bbox 1478 1396 1628 1431; x_wconf 86' lang='grc' dir='ltr'>Πνεὺματι.</span> <span class='ocrx_word' id='word_1_545' title='bbox 1645 1397 1706 1432; x_wconf 84' lang='grc' dir='ltr'><strong>Χρὴ</strong></span> <span class='ocrx_word' id='word_1_546' title='bbox 1721 1396 1750 1423; x_wconf 81' lang='grc' dir='ltr'>δέ</span> <span class='ocrx_word' id='word_1_547' title='bbox 1763 1405 1792 1422; x_wconf 83' lang='grc' dir='ltr'>σε</span> <span class='ocrx_word' id='word_1_548' title='bbox 1804 1395 1901 1431; x_wconf 79' lang='grc' dir='ltr'>ὥσπερ</span> 
     </span>
    </p>
   </div>
   <div class='ocr_carea' id='block_1_72' title="bbox 1111 1441 1898 1477">
    <p class='ocr_par' dir='ltr' id='par_1_72' title="bbox 1111 1441 1898 1477">
     <span class='ocr_line' id='line_1_72' title="bbox 1111 1441 1898 1477; baseline -0.004 -7"><span class='ocrx_word' id='word_1_549' title='bbox 1111 1443 1191 1474; x_wconf 78' lang='grc' dir='ltr'>αὐτὸς</span> <span class='ocrx_word' id='word_1_550' title='bbox 1208 1443 1255 1469; x_wconf 72' lang='grc' dir='ltr'><strong>ἐπὶ</strong></span> <span class='ocrx_word' id='word_1_551' title='bbox 1270 1443 1321 1477; x_wconf 85' lang='grc' dir='ltr'>γῆς</span> <span class='ocrx_word' id='word_1_552' title='bbox 1335 1442 1419 1468; x_wconf 76' lang='grc' dir='ltr'>ἐλθὼν</span> <span class='ocrx_word' id='word_1_553' title='bbox 1434 1442 1530 1474; x_wconf 69' lang='grc' dir='ltr'>ἔπαθε,</span> <span class='ocrx_word' id='word_1_554' title='bbox 1551 1442 1598 1468; x_wconf 78' lang='grc' dir='ltr'><strong>καὶ</strong></span> <span class='ocrx_word' id='word_1_555' title='bbox 1613 1441 1786 1476; x_wconf 71' lang='grc' dir='ltr'>ἐσταυρώθη,</span> <span class='ocrx_word' id='word_1_556' title='bbox 1806 1441 1855 1468; x_wconf 73' lang='grc' dir='ltr'><strong>καὶ</strong></span> <span class='ocrx_word' id='word_1_557' title='bbox 1867 1441 1898 1467; x_wconf 79' lang='grc' dir='ltr'>σὲ</span> 
     </span>
    </p>
   </div>
   <div class='ocr_carea' id='block_1_73' title="bbox 1111 1487 1901 1525">
    <p class='ocr_par' dir='ltr' id='par_1_73' title="bbox 1111 1487 1901 1525">
     <span class='ocr_line' id='line_1_73' title="bbox 1111 1487 1901 1525; baseline -0.003 -9"><span class='ocrx_word' id='word_1_558' title='bbox 1111 1489 1278 1525; x_wconf 81' lang='grc' dir='ltr'><strong>συμπαθεῖν.</strong></span> <span class='ocrx_word' id='word_1_559' title='bbox 1291 1489 1376 1516; x_wconf 74' lang='grc' dir='ltr'>ὀταν</span> <span class='ocrx_word' id='word_1_560' title='bbox 1391 1488 1445 1523; x_wconf 85' lang='grc' dir='ltr'>γὰρ</span> <span class='ocrx_word' id='word_1_561' title='bbox 1459 1488 1641 1523; x_wconf 80' lang='grc' dir='ltr'>ἀναχωρήσῃς</span> <span class='ocrx_word' id='word_1_562' title='bbox 1654 1487 1702 1514; x_wconf 80' lang='grc' dir='ltr'><strong>τοῦ</strong></span> <span class='ocrx_word' id='word_1_563' title='bbox 1718 1487 1832 1523; x_wconf 74' lang='grc' dir='ltr'>κόσμου,</span> <span class='ocrx_word' id='word_1_564' title='bbox 1851 1487 1901 1514; x_wconf 82' lang='grc' dir='ltr'><strong>καὶ</strong></span> 
     </span>
    </p>
   </div>
   <div class='ocr_carea' id='block_1_74' title="bbox 1110 1533 1900 1572">
    <p class='ocr_par' dir='ltr' id='par_1_74' title="bbox 1110 1533 1900 1572">
     <span class='ocr_line' id='line_1_74' title="bbox 1110 1533 1900 1572; baseline -0.005 -9"><span class='ocrx_word' id='word_1_565' title='bbox 1110 1535 1180 1572; x_wconf 81' lang='grc' dir='ltr'><strong>ἄρξῃ</strong></span> <span class='ocrx_word' id='word_1_566' title='bbox 1195 1535 1287 1571; x_wconf 75' lang='grc' dir='ltr'>ζητεῖν</span> <span class='ocrx_word' id='word_1_567' title='bbox 1312 1534 1357 1561; x_wconf 83' lang='grc' dir='ltr'><strong>τδν</strong></span> <span class='ocrx_word' id='word_1_568' title='bbox 1383 1534 1449 1562; x_wconf 83' lang='grc' dir='ltr'><strong>Θεὸν</strong></span> <span class='ocrx_word' id='word_1_569' title='bbox 1467 1534 1515 1561; x_wconf 73' lang='grc' dir='ltr'><strong>καὶ</strong></span> <span class='ocrx_word' id='word_1_570' title='bbox 1539 1533 1698 1569; x_wconf 83' lang='grc' dir='ltr'>διακρίνειν,</span> <span class='ocrx_word' id='word_1_571' title='bbox 1714 1533 1808 1560; x_wconf 68' lang='grc' dir='ltr'>λοιπὸν</span> <span class='ocrx_word' id='word_1_572' title='bbox 1824 1534 1900 1569; x_wconf 83' lang='grc' dir='ltr'>μάχῃ</span> 
     </span>
    </p>
   </div>
   <div class='ocr_carea' id='block_1_75' title="bbox 1107 1578 1899 1616">
    <p class='ocr_par' dir='ltr' id='par_1_75' title="bbox 1107 1578 1899 1616">
     <span class='ocr_line' id='line_1_75' title="bbox 1107 1578 1899 1616; baseline -0.004 -10"><span class='ocrx_word' id='word_1_573' title='bbox 1107 1582 1140 1616; x_wconf 83' lang='grc' dir='ltr'><strong>τῇ</strong></span> <span class='ocrx_word' id='word_1_574' title='bbox 1163 1580 1243 1614; x_wconf 71' lang='grc' dir='ltr'>φύσει</span> <span class='ocrx_word' id='word_1_575' title='bbox 1269 1588 1316 1606; x_wconf 83' lang='grc' dir='ltr'><strong>σου</strong></span> <span class='ocrx_word' id='word_1_576' title='bbox 1340 1579 1370 1606; x_wconf 72' lang='grc' dir='ltr'>ἐν</span> <span class='ocrx_word' id='word_1_577' title='bbox 1389 1579 1446 1610; x_wconf 86' lang='grc' dir='ltr'>τοῖς</span> <span class='ocrx_word' id='word_1_578' title='bbox 1471 1578 1595 1609; x_wconf 84' lang='grc' dir='ltr'><strong>παλαιοῖς</strong></span> <span class='ocrx_word' id='word_1_579' title='bbox 1617 1578 1695 1613; x_wconf 65' lang='grc' dir='ltr'>ἤθεσι</span> <span class='ocrx_word' id='word_1_580' title='bbox 1714 1578 1760 1604; x_wconf 77' lang='grc' dir='ltr'><strong>καὶ</strong></span> <span class='ocrx_word' id='word_1_581' title='bbox 1778 1579 1811 1612; x_wconf 86' lang='grc' dir='ltr'><strong>τῇ</strong></span> <span class='ocrx_word' id='word_1_582' title='bbox 1833 1586 1899 1603; x_wconf 84' lang='grc' dir='ltr'>συν-</span> 
     </span>
    </p>
   </div>
   <div class='ocr_carea' id='block_1_76' title="bbox 1108 1623 1895 1661">
    <p class='ocr_par' dir='ltr' id='par_1_76' title="bbox 1108 1623 1895 1661">
     <span class='ocr_line' id='line_1_76' title="bbox 1108 1623 1895 1661; baseline -0.005 -9"><span class='ocrx_word' id='word_1_583' title='bbox 1108 1623 1216 1661; x_wconf 84' lang='grc' dir='ltr'>ηθείᾳῇ</span> <span class='ocrx_word' id='word_1_584' title='bbox 1232 1624 1440 1659; x_wconf 83' lang='grc' dir='ltr'>συνεγεννήθης.</span> <span class='ocrx_word' id='word_1_585' title='bbox 1453 1624 1506 1650; x_wconf 74' lang='grc' dir='ltr'><strong>Καὶ</strong></span> <span class='ocrx_word' id='word_1_586' title='bbox 1523 1624 1552 1650; x_wconf 71' lang='grc' dir='ltr'>ἐν</span> <span class='ocrx_word' id='word_1_587' title='bbox 1573 1623 1613 1658; x_wconf 83' lang='grc' dir='ltr'><strong>τῷ</strong></span> <span class='ocrx_word' id='word_1_588' title='bbox 1630 1623 1765 1658; x_wconf 74' lang='grc' dir='ltr'>μάχεσθαι</span> <span class='ocrx_word' id='word_1_589' title='bbox 1779 1624 1811 1658; x_wconf 84' lang='grc' dir='ltr'><strong>τῇ</strong></span> <span class='ocrx_word' id='word_1_590' title='bbox 1830 1632 1895 1649; x_wconf 84' lang='grc' dir='ltr'>συν-</span> 
     </span>
    </p>
   </div>
   <div class='ocr_carea' id='block_1_77' title="bbox 1108 1669 1896 1706">
    <p class='ocr_par' dir='ltr' id='par_1_77' title="bbox 1108 1669 1896 1706">
     <span class='ocr_line' id='line_1_77' title="bbox 1108 1669 1896 1706; baseline -0.001 -10"><span class='ocrx_word' id='word_1_591' title='bbox 1108 1670 1197 1705; x_wconf 79' lang='grc' dir='ltr'>ηθείᾳ,</span> <span class='ocrx_word' id='word_1_592' title='bbox 1215 1669 1352 1706; x_wconf 82' lang='grc' dir='ltr'><strong>εὑρίσκεις</strong></span> <span class='ocrx_word' id='word_1_593' title='bbox 1377 1669 1523 1704; x_wconf 81' lang='grc' dir='ltr'>λογισμοὺς</span> <span class='ocrx_word' id='word_1_594' title='bbox 1547 1669 1755 1703; x_wconf 81' lang='grc' dir='ltr'><strong>ἀντικειμένους</strong></span> <span class='ocrx_word' id='word_1_595' title='bbox 1780 1677 1821 1695; x_wconf 89' lang='grc' dir='ltr'>σοι</span> <span class='ocrx_word' id='word_1_596' title='bbox 1847 1670 1896 1695; x_wconf 70' lang='grc' dir='ltr'><strong>καὶ</strong></span> 
     </span>
    </p>
   </div>
   <div class='ocr_carea' id='block_1_78' title="bbox 1110 1714 1898 1750">
    <p class='ocr_par' dir='ltr' id='par_1_78' title="bbox 1110 1714 1898 1750">
     <span class='ocr_line' id='line_1_78' title="bbox 1110 1714 1898 1750; baseline -0.001 -10"><span class='ocrx_word' id='word_1_597' title='bbox 1110 1715 1282 1750; x_wconf 79' lang='grc' dir='ltr'><strong>μαχομένους</strong></span> <span class='ocrx_word' id='word_1_598' title='bbox 1297 1715 1336 1750; x_wconf 79' lang='grc' dir='ltr'><strong>τῷ</strong></span> <span class='ocrx_word' id='word_1_599' title='bbox 1349 1715 1387 1750; x_wconf 81' lang='grc' dir='ltr'>νῷ</span> <span class='ocrx_word' id='word_1_600' title='bbox 1400 1723 1457 1747; x_wconf 86' lang='grc' dir='ltr'>σου,</span> <span class='ocrx_word' id='word_1_601' title='bbox 1483 1714 1532 1741; x_wconf 71' lang='grc' dir='ltr'><strong>καὶ</strong></span> <span class='ocrx_word' id='word_1_602' title='bbox 1547 1714 1657 1741; x_wconf 75' lang='grc' dir='ltr'>ἓλκουσί</span> <span class='ocrx_word' id='word_1_603' title='bbox 1673 1723 1702 1741; x_wconf 86' lang='grc' dir='ltr'>σε</span> <span class='ocrx_word' id='word_1_604' title='bbox 1720 1715 1745 1740; x_wconf 79' lang='grc' dir='ltr'><strong>οι</strong></span> <span class='ocrx_word' id='word_1_605' title='bbox 1760 1714 1898 1749; x_wconf 74' lang='grc' dir='ltr'>λογισμοὶ,</span> 
     </span>
    </p>
   </div>
   <div class='ocr_carea' id='block_1_79' title="bbox 1108 1760 1896 1795">
    <p class='ocr_par' dir='ltr' id='par_1_79' title="bbox 1108 1760 1896 1795">
     <span class='ocr_line' id='line_1_79' title="bbox 1108 1760 1896 1795; baseline 0.001 -9"><span class='ocrx_word' id='word_1_606' title='bbox 1108 1760 1156 1786; x_wconf 77' lang='grc' dir='ltr'>καὶ</span> <span class='ocrx_word' id='word_1_607' title='bbox 1176 1760 1373 1794; x_wconf 76' lang='grc' dir='ltr'>ρεμὸάζουσιν,</span> <span class='ocrx_word' id='word_1_608' title='bbox 1403 1760 1464 1786; x_wconf 80' lang='grc' dir='ltr'>ὅθεν</span> <span class='ocrx_word' id='word_1_609' title='bbox 1480 1760 1593 1795; x_wconf 75' lang='grc' dir='ltr'><strong>ἐξῆλθες</strong></span> <span class='ocrx_word' id='word_1_610' title='bbox 1612 1760 1652 1791; x_wconf 77' lang='grc' dir='ltr'><strong>εἰς</strong></span> <span class='ocrx_word' id='word_1_611' title='bbox 1671 1760 1701 1786; x_wconf 76' lang='grc' dir='ltr'>τὸ</span> <span class='ocrx_word' id='word_1_612' title='bbox 1722 1760 1896 1795; x_wconf 83' lang='grc' dir='ltr'>φαινόμενον.</span> 
     </span>
    </p>
   </div>
   <div class='ocr_carea' id='block_1_80' title="bbox 1110 1805 1895 1842">
    <p class='ocr_par' dir='ltr' id='par_1_80' title="bbox 1110 1805 1895 1842">
     <span class='ocr_line' id='line_1_80' title="bbox 1110 1805 1895 1842; baseline 0 -11"><span class='ocrx_word' id='word_1_613' title='bbox 1110 1806 1200 1842; x_wconf 77' lang='grc' dir='ltr'><strong>Ἀρχῃ</strong></span> <span class='ocrx_word' id='word_1_614' title='bbox 1214 1805 1308 1832; x_wconf 76' lang='grc' dir='ltr'>λοιπὸν</span> <span class='ocrx_word' id='word_1_615' title='bbox 1327 1807 1414 1832; x_wconf 83' lang='grc' dir='ltr'>ποιεῖν</span> <span class='ocrx_word' id='word_1_616' title='bbox 1430 1805 1524 1839; x_wconf 81' lang='grc' dir='ltr'>ἀγῶνα</span> <span class='ocrx_word' id='word_1_617' title='bbox 1539 1806 1586 1832; x_wconf 78' lang='grc' dir='ltr'>καὶ</span> <span class='ocrx_word' id='word_1_618' title='bbox 1602 1806 1730 1840; x_wconf 82' lang='grc' dir='ltr'>πόλεμον,</span> <span class='ocrx_word' id='word_1_619' title='bbox 1747 1805 1895 1840; x_wconf 76' lang='grc' dir='ltr'>λογισμοὺς</span> 
     </span>
    </p>
   </div>
   <div class='ocr_carea' id='block_1_81' title="bbox 1108 1850 1898 1887">
    <p class='ocr_par' dir='ltr' id='par_1_81' title="bbox 1108 1850 1898 1887">
     <span class='ocr_line' id='line_1_81' title="bbox 1108 1850 1898 1887; baseline 0.001 -11"><span class='ocrx_word' id='word_1_620' title='bbox 1108 1851 1190 1877; x_wconf 83' lang='grc' dir='ltr'>κινῶν</span> <span class='ocrx_word' id='word_1_621' title='bbox 1204 1851 1273 1886; x_wconf 76' lang='grc' dir='ltr'>πρὸς</span> <span class='ocrx_word' id='word_1_622' title='bbox 1289 1851 1445 1886; x_wconf 76' lang='grc' dir='ltr'>λογισμοὺς,</span> <span class='ocrx_word' id='word_1_623' title='bbox 1474 1850 1537 1878; x_wconf 82' lang='grc' dir='ltr'>νοῦν</span> <span class='ocrx_word' id='word_1_624' title='bbox 1556 1851 1624 1887; x_wconf 82' lang='grc' dir='ltr'>πρὸς</span> <span class='ocrx_word' id='word_1_625' title='bbox 1639 1851 1711 1882; x_wconf 84' lang='grc' dir='ltr'>νοῦν,</span> <span class='ocrx_word' id='word_1_626' title='bbox 1728 1850 1816 1886; x_wconf 79' lang='grc' dir='ltr'>ψυχὴν</span> <span class='ocrx_word' id='word_1_627' title='bbox 1828 1851 1898 1884; x_wconf 58' lang='grc' dir='ltr'>πρὶς</span> 
     </span>
    </p>
   </div>
   <div class='ocr_carea' id='block_1_82' title="bbox 1106 1895 1898 1931">
    <p class='ocr_par' dir='ltr' id='par_1_82' title="bbox 1106 1895 1898 1931">
     <span class='ocr_line' id='line_1_82' title="bbox 1106 1895 1898 1931; baseline 0.003 -11"><span class='ocrx_word' id='word_1_628' title='bbox 1106 1895 1207 1930; x_wconf 76' lang='grc' dir='ltr'>ψυχὴν,</span> <span class='ocrx_word' id='word_1_629' title='bbox 1224 1895 1332 1930; x_wconf 83' lang='grc' dir='ltr'>πνεῦμα</span> <span class='ocrx_word' id='word_1_630' title='bbox 1347 1896 1415 1931; x_wconf 85' lang='grc' dir='ltr'>πρὸς</span> <span class='ocrx_word' id='word_1_631' title='bbox 1428 1895 1537 1931; x_wconf 86' lang='grc' dir='ltr'>πνεῦμα</span> <span class='ocrx_word' id='word_1_632' title='bbox 1549 1903 1556 1911; x_wconf 89' lang='grc'><strong>·</strong></span> <span class='ocrx_word' id='word_1_633' title='bbox 1584 1896 1630 1923; x_wconf 75' lang='grc' dir='ltr'>καὶ</span> <span class='ocrx_word' id='word_1_634' title='bbox 1645 1896 1737 1924; x_wconf 73' lang='grc' dir='ltr'>λοιπὸν</span> <span class='ocrx_word' id='word_1_635' title='bbox 1755 1897 1814 1923; x_wconf 76' lang='grc' dir='ltr'>ἐκεῖ</span> <span class='ocrx_word' id='word_1_636' title='bbox 1829 1897 1898 1923; x_wconf 86' lang='grc' dir='ltr'><strong>αἰω-</strong></span> 
     </span>
    </p>
   </div>
   <div class='ocr_carea' id='block_1_83' title="bbox 1108 1940 1285 1975">
    <p class='ocr_par' dir='ltr' id='par_1_83' title="bbox 1108 1940 1285 1975">
     <span class='ocr_line' id='line_1_83' title="bbox 1108 1940 1285 1975; baseline 0 -8"><span class='ocrx_word' id='word_1_637' title='bbox 1108 1940 1151 1967; x_wconf 86' lang='grc' dir='ltr'><strong>νία</strong></span> <span class='ocrx_word' id='word_1_638' title='bbox 1164 1940 1180 1975; x_wconf 81' lang='grc' dir='ltr'><strong>ἡ</strong></span> <span class='ocrx_word' id='word_1_639' title='bbox 1199 1940 1285 1975; x_wconf 79' lang='grc' dir='ltr'>ψυχή.</span> 
     </span>
    </p>
   </div>
   <div class='ocr_carea' id='block_1_84' title="bbox 1142 2073 1897 2111">
    <p class='ocr_par' dir='ltr' id='par_1_84' title="bbox 1142 2073 1897 2111">
     <span class='ocr_line' id='line_1_84' title="bbox 1142 2073 1897 2111; baseline 0.001 -10"><span class='ocrx_word' id='word_1_640' title='bbox 1142 2073 1170 2101; x_wconf 83' lang='lat' dir='ltr'><strong>l’.</strong></span> <span class='ocrx_word' id='word_1_641' title='bbox 1190 2075 1424 2102; x_wconf 83' lang='grc' dir='ltr'>Ἀποκαλύπτεται</span> <span class='ocrx_word' id='word_1_642' title='bbox 1440 2075 1494 2110; x_wconf 87' lang='grc' dir='ltr'>γὰρ</span> <span class='ocrx_word' id='word_1_643' title='bbox 1508 2075 1687 2111; x_wconf 79' lang='grc' dir='ltr'>κεκρυμμένη</span> <span class='ocrx_word' id='word_1_644' title='bbox 1698 2084 1740 2107; x_wconf 86' lang='grc' dir='ltr'><strong>τις</strong></span> <span class='ocrx_word' id='word_1_645' title='bbox 1755 2075 1802 2102; x_wconf 72' lang='grc' dir='ltr'><strong>καὶ</strong></span> <span class='ocrx_word' id='word_1_646' title='bbox 1810 2075 1897 2111; x_wconf 79' lang='grc' dir='ltr'>λεπτὴ</span> 
     </span>
    </p>
   </div>
   <div class='ocr_carea' id='block_1_85' title="bbox 1107 2119 1896 2157">
    <p class='ocr_par' dir='ltr' id='par_1_85' title="bbox 1107 2119 1896 2157">
     <span class='ocr_line' id='line_1_85' title="bbox 1107 2119 1896 2157; baseline 0 -11"><span class='ocrx_word' id='word_1_647' title='bbox 1107 2119 1220 2155; x_wconf 83' lang='grc' dir='ltr'>δύναμις</span> <span class='ocrx_word' id='word_1_648' title='bbox 1236 2120 1282 2146; x_wconf 83' lang='grc' dir='ltr'>τοῦ</span> <span class='ocrx_word' id='word_1_649' title='bbox 1299 2121 1412 2152; x_wconf 80' lang='grc' dir='ltr'>σκότους</span> <span class='ocrx_word' id='word_1_650' title='bbox 1434 2121 1651 2155; x_wconf 77' lang='grc' dir='ltr'>ὲγκαθεζομὲνον</span> <span class='ocrx_word' id='word_1_651' title='bbox 1664 2123 1696 2156; x_wconf 82' lang='grc' dir='ltr'><strong>τῇ</strong></span> <span class='ocrx_word' id='word_1_652' title='bbox 1710 2122 1809 2157; x_wconf 70' lang='grc' dir='ltr'>καρδίᾳ</span> <span class='ocrx_word' id='word_1_653' title='bbox 1824 2129 1832 2138; x_wconf 64' lang='grc' dir='ltr'>δ</span> <span class='ocrx_word' id='word_1_654' title='bbox 1848 2124 1896 2148; x_wconf 72' lang='grc' dir='ltr'><strong>καὶ</strong></span> 
     </span>
    </p>
   </div>
   <div class='ocr_carea' id='block_1_86' title="bbox 1107 2165 1895 2202">
    <p class='ocr_par' dir='ltr' id='par_1_86' title="bbox 1107 2165 1895 2202">
     <span class='ocr_line' id='line_1_86' title="bbox 1107 2165 1895 2202; baseline 0.003 -11"><span class='ocrx_word' id='word_1_655' title='bbox 1107 2166 1121 2192; x_wconf 81' lang='grc' dir='ltr'>ὁ</span> <span class='ocrx_word' id='word_1_656' title='bbox 1144 2165 1246 2201; x_wconf 81' lang='grc' dir='ltr'>Κύριος</span> <span class='ocrx_word' id='word_1_657' title='bbox 1269 2165 1352 2200; x_wconf 63' lang='grc' dir='ltr'>ἐγγὺς</span> <span class='ocrx_word' id='word_1_658' title='bbox 1370 2165 1420 2201; x_wconf 80' lang='grc' dir='ltr'><strong>τῆς</strong></span> <span class='ocrx_word' id='word_1_659' title='bbox 1439 2166 1527 2201; x_wconf 78' lang='grc' dir='ltr'>ψυχῆς</span> <span class='ocrx_word' id='word_1_660' title='bbox 1553 2167 1599 2193; x_wconf 77' lang='grc' dir='ltr'>καὶ</span> <span class='ocrx_word' id='word_1_661' title='bbox 1621 2167 1668 2193; x_wconf 81' lang='grc' dir='ltr'>τοῦ</span> <span class='ocrx_word' id='word_1_662' title='bbox 1691 2167 1818 2202; x_wconf 77' lang='grc' dir='ltr'>σώματός</span> <span class='ocrx_word' id='word_1_663' title='bbox 1847 2166 1895 2193; x_wconf 70' lang='grc' dir='ltr'><strong>σού</strong></span> 
     </span>
    </p>
   </div>
   <div class='ocr_carea' id='block_1_87' title="bbox 267 2211 1058 2250">
    <p class='ocr_par' dir='ltr' id='par_1_87' title="bbox 267 2213 1054 2249">
     <span class='ocr_line' id='line_1_87' title="bbox 267 2213 1054 2249; baseline 0 -9"><span class='ocrx_word' id='word_1_664' title='bbox 267 2222 347 2248; x_wconf 74' lang='lat' dir='ltr'><strong>gnam</strong></span> <span class='ocrx_word' id='word_1_665' title='bbox 365 2218 451 2246; x_wconf 88' lang='lat' dir='ltr'><strong>tuam,</strong></span> <span class='ocrx_word' id='word_1_666' title='bbox 465 2218 493 2241; x_wconf 89' lang='lat' dir='ltr'><strong>et</strong></span> <span class='ocrx_word' id='word_1_667' title='bbox 514 2221 628 2241; x_wconf 87' lang='lat' dir='ltr'><strong>arcanas</strong></span> <span class='ocrx_word' id='word_1_668' title='bbox 651 2214 776 2242; x_wconf 62' lang='lat' dir='ltr'><strong>coalestes</strong></span> <span class='ocrx_word' id='word_1_669' title='bbox 791 2214 970 2249; x_wconf 81' lang='lat' dir='ltr'><strong>cogitationes</strong></span> <span class='ocrx_word' id='word_1_670' title='bbox 983 2213 1054 2240; x_wconf 92' lang='lat' dir='ltr'><strong>indit</strong></span> 
     </span>
    </p>
   </div>
   <div class='ocr_carea' id='block_1_88' title="bbox 1109 2211 1893 2250">
    <p class='ocr_par' dir='ltr' id='par_1_88' title="bbox 1109 2211 1893 2247">
     <span class='ocr_line' id='line_1_88' title="bbox 1109 2211 1893 2247; baseline 0.001 -9"><span class='ocrx_word' id='word_1_671' title='bbox 1109 2211 1180 2238; x_wconf 71' lang='grc' dir='ltr'>ἐστιν</span> <span class='ocrx_word' id='word_1_672' title='bbox 1193 2211 1263 2247; x_wconf 82' lang='grc' dir='ltr'>ὀρῶν</span> <span class='ocrx_word' id='word_1_673' title='bbox 1276 2212 1322 2238; x_wconf 83' lang='grc' dir='ltr'>τὸν</span> <span class='ocrx_word' id='word_1_674' title='bbox 1338 2212 1455 2247; x_wconf 77' lang='grc' dir='ltr'>πόλεμον</span> <span class='ocrx_word' id='word_1_675' title='bbox 1469 2220 1526 2244; x_wconf 85' lang='grc' dir='ltr'>σου,</span> <span class='ocrx_word' id='word_1_676' title='bbox 1539 2213 1586 2239; x_wconf 68' lang='grc' dir='ltr'>καὶ</span> <span class='ocrx_word' id='word_1_677' title='bbox 1597 2213 1736 2247; x_wconf 83' lang='grc' dir='ltr'><strong>κρυπτοὺς</strong></span> <span class='ocrx_word' id='word_1_678' title='bbox 1747 2213 1893 2247; x_wconf 67' lang='grc' dir='ltr'>λογισμοὺς</span> 
     </span>
    </p>
   </div>
   <div class='ocr_carea' id='block_1_89' title="bbox 268 2258 1054 2294">
    <p class='ocr_par' dir='ltr' id='par_1_89' title="bbox 268 2258 1054 2294">
     <span class='ocr_line' id='line_1_89' title="bbox 268 2258 1054 2294; baseline -0.003 -8"><span class='ocrx_word' id='word_1_679' title='bbox 268 2259 327 2292; x_wconf 88' lang='lat' dir='ltr'><strong>tibi,</strong></span> <span class='ocrx_word' id='word_1_680' title='bbox 344 2264 425 2294; x_wconf 86' lang='lat' dir='ltr'><strong>atque</strong></span> <span class='ocrx_word' id='word_1_681' title='bbox 446 2259 543 2294; x_wconf 89' lang='lat' dir='ltr'><strong>incipit</strong></span> <span class='ocrx_word' id='word_1_682' title='bbox 557 2260 626 2286; x_wconf 90' lang='lat' dir='ltr'><strong>clam</strong></span> <span class='ocrx_word' id='word_1_683' title='bbox 645 2264 671 2286; x_wconf 87' lang='lat' dir='ltr'><strong>te</strong></span> <span class='ocrx_word' id='word_1_684' title='bbox 693 2258 857 2286; x_wconf 84' lang='lat' dir='ltr'><strong>refocillare.</strong></span> <span class='ocrx_word' id='word_1_685' title='bbox 873 2258 992 2286; x_wconf 88' lang='lat' dir='ltr'><strong>Dimittit</strong></span> <span class='ocrx_word' id='word_1_686' title='bbox 1005 2265 1054 2285; x_wconf 85' lang='lat' dir='ltr'><strong>au-</strong></span> 
     </span>
    </p>
   </div>
   <div class='ocr_carea' id='block_1_90' title="bbox 267 2303 1054 2339">
    <p class='ocr_par' dir='ltr' id='par_1_90' title="bbox 267 2303 1054 2339">
     <span class='ocr_line' id='line_1_90' title="bbox 267 2303 1054 2339; baseline -0.001 -8"><span class='ocrx_word' id='word_1_687' title='bbox 267 2310 321 2332; x_wconf 87' lang='lat' dir='ltr'><strong>tem</strong></span> <span class='ocrx_word' id='word_1_688' title='bbox 345 2308 388 2337; x_wconf 85' lang='lat' dir='ltr'><strong>te,</strong></span> <span class='ocrx_word' id='word_1_689' title='bbox 410 2304 498 2332; x_wconf 91' lang='lat' dir='ltr'><strong>donec</strong></span> <span class='ocrx_word' id='word_1_690' title='bbox 518 2304 670 2335; x_wconf 88' lang='lat' dir='ltr'><strong>erudiaris,</strong></span> <span class='ocrx_word' id='word_1_691' title='bbox 685 2309 713 2332; x_wconf 85' lang='lat' dir='ltr'><strong>et</strong></span> <span class='ocrx_word' id='word_1_692' title='bbox 735 2305 763 2331; x_wconf 92' lang='lat' dir='ltr'><strong>in</strong></span> <span class='ocrx_word' id='word_1_693' title='bbox 780 2304 846 2339; x_wconf 91' lang='lat' dir='ltr'><strong>ipsis</strong></span> <span class='ocrx_word' id='word_1_694' title='bbox 860 2303 1054 2331; x_wconf 76' lang='lat' dir='ltr'><strong>afﬂictionibus</strong></span> 
     </span>
    </p>
   </div>
   <div class='ocr_carea' id='block_1_91' title="bbox 265 2349 1053 2386">
    <p class='ocr_par' dir='ltr' id='par_1_91' title="bbox 265 2349 1053 2386">
     <span class='ocr_line' id='line_1_91' title="bbox 265 2349 1053 2386; baseline -0.001 -9"><span class='ocrx_word' id='word_1_695' title='bbox 265 2351 359 2386; x_wconf 77' lang='lat' dir='ltr'><strong>dirigit</strong></span> <span class='ocrx_word' id='word_1_696' title='bbox 375 2355 401 2377; x_wconf 88' lang='lat' dir='ltr'><strong>te</strong></span> <span class='ocrx_word' id='word_1_697' title='bbox 413 2350 499 2385; x_wconf 81' lang='lat' dir='ltr'><strong>gratia</strong></span> <span class='ocrx_word' id='word_1_698' title='bbox 513 2359 519 2377; x_wconf 89' lang='lat'>:</span> <span class='ocrx_word' id='word_1_699' title='bbox 534 2358 595 2385; x_wconf 76' lang='lat' dir='ltr'><strong>quae</strong></span> <span class='ocrx_word' id='word_1_700' title='bbox 610 2350 656 2377; x_wconf 92' lang='lat' dir='ltr'><strong>ubi</strong></span> <span class='ocrx_word' id='word_1_701' title='bbox 668 2358 684 2377; x_wconf 89' lang='lat' dir='ltr'><strong>a</strong></span> <span class='ocrx_word' id='word_1_702' title='bbox 699 2358 789 2385; x_wconf 79' lang='lat' dir='ltr'><strong>pugna</strong></span> <span class='ocrx_word' id='word_1_703' title='bbox 809 2349 841 2376; x_wconf 91' lang='lat' dir='ltr'><strong>ad</strong></span> <span class='ocrx_word' id='word_1_704' title='bbox 858 2349 977 2384; x_wconf 87' lang='lat' dir='ltr'><strong>quietem</strong></span> <span class='ocrx_word' id='word_1_705' title='bbox 990 2357 1053 2384; x_wconf 91' lang='lat' dir='ltr'><strong>per-</strong></span> 
     </span>
    </p>
   </div>
   <div class='ocr_carea' id='block_1_92' title="bbox 263 2394 1054 2430">
    <p class='ocr_par' dir='ltr' id='par_1_92' title="bbox 263 2394 1054 2430">
     <span class='ocr_line' id='line_1_92' title="bbox 263 2394 1054 2430; baseline -0.001 -8"><span class='ocrx_word' id='word_1_706' title='bbox 263 2395 387 2427; x_wconf 80' lang='lat' dir='ltr'><strong>veneris,</strong></span> <span class='ocrx_word' id='word_1_707' title='bbox 415 2395 632 2430; x_wconf 80' lang='lat' dir='ltr'><strong>cognoscendam</strong></span> <span class='ocrx_word' id='word_1_708' title='bbox 662 2395 713 2422; x_wconf 90' lang='lat' dir='ltr'><strong>tibi</strong></span> <span class='ocrx_word' id='word_1_709' title='bbox 739 2402 769 2422; x_wconf 86' lang='lat' dir='ltr'><strong>se</strong></span> <span class='ocrx_word' id='word_1_710' title='bbox 797 2394 883 2430; x_wconf 85' lang='lat' dir='ltr'><strong>ipsam</strong></span> <span class='ocrx_word' id='word_1_711' title='bbox 908 2394 1008 2427; x_wconf 89' lang='lat' dir='ltr'><strong>tradit,</strong></span> <span class='ocrx_word' id='word_1_712' title='bbox 1026 2399 1054 2422; x_wconf 91' lang='lat' dir='ltr'><strong>et</strong></span> 
     </span>
    </p>
   </div>
   <div class='ocr_carea' id='block_1_93' title="bbox 265 2441 1054 2476">
    <p class='ocr_par' dir='ltr' id='par_1_93' title="bbox 265 2441 1054 2476">
     <span class='ocr_line' id='line_1_93' title="bbox 265 2441 1054 2476; baseline -0.001 -8"><span class='ocrx_word' id='word_1_713' title='bbox 265 2446 463 2469; x_wconf 84' lang='lat' dir='ltr'><strong>commonstrat</strong></span> <span class='ocrx_word' id='word_1_714' title='bbox 486 2441 545 2474; x_wconf 90' lang='lat' dir='ltr'><strong>tibi,</strong></span> <span class='ocrx_word' id='word_1_715' title='bbox 561 2449 591 2469; x_wconf 86' lang='lat' dir='ltr'><strong>se</strong></span> <span class='ocrx_word' id='word_1_716' title='bbox 606 2441 638 2469; x_wconf 88' lang='lat' dir='ltr'><strong>ad</strong></span> <span class='ocrx_word' id='word_1_717' title='bbox 661 2441 877 2470; x_wconf 89' lang='lat' dir='ltr'><strong>emolumentum</strong></span> <span class='ocrx_word' id='word_1_718' title='bbox 894 2446 970 2469; x_wconf 90' lang='lat' dir='ltr'><strong>tuum</strong></span> <span class='ocrx_word' id='word_1_719' title='bbox 991 2449 1054 2476; x_wconf 83' lang='lat' dir='ltr'><strong>per-</strong></span> 
     </span>
    </p>
   </div>
   <div class='ocr_carea' id='block_1_94' title="bbox 265 2487 1053 2520">
    <p class='ocr_par' dir='ltr' id='par_1_94' title="bbox 265 2487 1053 2520">
     <span class='ocr_line' id='line_1_94' title="bbox 265 2487 1053 2520; baseline 0.001 -7"><span class='ocrx_word' id='word_1_720' title='bbox 265 2487 388 2520; x_wconf 88' lang='lat' dir='ltr'><strong>misisse,</strong></span> <span class='ocrx_word' id='word_1_721' title='bbox 414 2491 445 2515; x_wconf 93' lang='lat' dir='ltr'><strong>ut</strong></span> <span class='ocrx_word' id='word_1_722' title='bbox 469 2487 634 2515; x_wconf 77' lang='lat' dir='ltr'><strong>exercearis.</strong></span> <span class='ocrx_word' id='word_1_723' title='bbox 659 2488 775 2516; x_wconf 85' lang='lat' dir='ltr'><strong>Perinde</strong></span> <span class='ocrx_word' id='word_1_724' title='bbox 798 2495 830 2515; x_wconf 88' lang='lat' dir='ltr'><strong>ac</strong></span> <span class='ocrx_word' id='word_1_725' title='bbox 855 2488 878 2515; x_wconf 88' lang='lat' dir='ltr'><strong>si</strong></span> <span class='ocrx_word' id='word_1_726' title='bbox 902 2488 937 2515; x_wconf 85' lang='lat' dir='ltr'><strong>sit</strong></span> <span class='ocrx_word' id='word_1_727' title='bbox 961 2487 1053 2515; x_wconf 76' lang='lat' dir='ltr'><strong>divitis</strong></span> 
     </span>
    </p>
   </div>
   <div class='ocr_carea' id='block_1_95' title="bbox 264 2532 1052 2569">
    <p class='ocr_par' dir='ltr' id='par_1_95' title="bbox 264 2532 1052 2569">
     <span class='ocr_line' id='line_1_95' title="bbox 264 2532 1052 2569; baseline 0 -10"><span class='ocrx_word' id='word_1_728' title='bbox 264 2532 407 2568; x_wconf 86' lang='lat' dir='ltr'><strong>cujusdam</strong></span> <span class='ocrx_word' id='word_1_729' title='bbox 432 2541 517 2568; x_wconf 86' lang='lat' dir='ltr'><strong>puer,</strong></span> <span class='ocrx_word' id='word_1_730' title='bbox 540 2534 586 2568; x_wconf 90' lang='lat' dir='ltr'><strong>qui</strong></span> <span class='ocrx_word' id='word_1_731' title='bbox 613 2534 712 2561; x_wconf 85' lang='lat' dir='ltr'><strong>habeat</strong></span> <span class='ocrx_word' id='word_1_732' title='bbox 736 2534 929 2569; x_wconf 70' lang='lat' dir='ltr'><strong>paadagogum,</strong></span> <span class='ocrx_word' id='word_1_733' title='bbox 959 2533 1052 2560; x_wconf 79' lang='lat' dir='ltr'><strong>Iandiu</strong></span> 
     </span>
    </p>
   </div>
   <div class='ocr_carea' id='block_1_96' title="bbox 264 2579 1052 2616">
    <p class='ocr_par' dir='ltr' id='par_1_96' title="bbox 264 2579 1052 2616">
     <span class='ocr_line' id='line_1_96' title="bbox 264 2579 1052 2616; baseline 0.003 -11"><span class='ocrx_word' id='word_1_734' title='bbox 264 2579 375 2613; x_wconf 84' lang='lat' dir='ltr'><strong>quidem</strong></span> <span class='ocrx_word' id='word_1_735' title='bbox 397 2579 557 2607; x_wconf 41' lang='lat' dir='ltr'><strong>loris‘illum</strong></span> <span class='ocrx_word' id='word_1_736' title='bbox 572 2580 668 2614; x_wconf 63' lang='lat' dir='ltr'><strong>caedit;</strong></span> <span class='ocrx_word' id='word_1_737' title='bbox 685 2585 713 2608; x_wconf 86' lang='lat' dir='ltr'><strong>et</strong></span> <span class='ocrx_word' id='word_1_738' title='bbox 729 2581 881 2616; x_wconf 77' lang='lat' dir='ltr'><strong>castigatio,</strong></span> <span class='ocrx_word' id='word_1_739' title='bbox 894 2580 1008 2607; x_wconf 81' lang='lat' dir='ltr'><strong>vulnera</strong></span> <span class='ocrx_word' id='word_1_740' title='bbox 1022 2588 1052 2607; x_wconf 86' lang='lat' dir='ltr'><strong>ac</strong></span> 
     </span>
    </p>
   </div>
   <div class='ocr_carea' id='block_1_97' title="bbox 264 2623 1050 2658">
    <p class='ocr_par' dir='ltr' id='par_1_97' title="bbox 264 2623 1050 2658">
     <span class='ocr_line' id='line_1_97' title="bbox 264 2623 1050 2658; baseline 0.001 -8"><span class='ocrx_word' id='word_1_741' title='bbox 264 2623 349 2658; x_wconf 69' lang='lat' dir='ltr'><strong>plaga:</strong></span> <span class='ocrx_word' id='word_1_742' title='bbox 363 2625 484 2652; x_wconf 75' lang='lat' dir='ltr'><strong>molesta:</strong></span> <span class='ocrx_word' id='word_1_743' title='bbox 500 2625 525 2652; x_wconf 90' lang='lat' dir='ltr'><strong>ci</strong></span> <span class='ocrx_word' id='word_1_744' title='bbox 539 2625 678 2658; x_wconf 87' lang='lat' dir='ltr'><strong>videntur,</strong></span> <span class='ocrx_word' id='word_1_745' title='bbox 694 2626 782 2653; x_wconf 88' lang='lat' dir='ltr'><strong>donec</strong></span> <span class='ocrx_word' id='word_1_746' title='bbox 794 2626 885 2653; x_wconf 85' lang='lat' dir='ltr'><strong>evadit</strong></span> <span class='ocrx_word' id='word_1_747' title='bbox 901 2625 928 2652; x_wconf 92' lang='lat' dir='ltr'><strong>in</strong></span> <span class='ocrx_word' id='word_1_748' title='bbox 943 2625 1050 2658; x_wconf 89' lang='lat' dir='ltr'><strong>virum;</strong></span> 
     </span>
    </p>
   </div>
   <div class='ocr_carea' id='block_1_98' title="bbox 264 2670 1049 2706">
    <p class='ocr_par' dir='ltr' id='par_1_98' title="bbox 264 2670 1049 2706">
     <span class='ocr_line' id='line_1_98' title="bbox 264 2670 1049 2706; baseline 0.003 -11"><span class='ocrx_word' id='word_1_749' title='bbox 264 2674 330 2696; x_wconf 88' lang='lat' dir='ltr'><strong>tunc</strong></span> <span class='ocrx_word' id='word_1_750' title='bbox 344 2677 411 2697; x_wconf 88' lang='lat' dir='ltr'><strong>vero</strong></span> <span class='ocrx_word' id='word_1_751' title='bbox 434 2670 530 2705; x_wconf 84' lang='lat' dir='ltr'><strong>incipit</strong></span> <span class='ocrx_word' id='word_1_752' title='bbox 552 2675 660 2706; x_wconf 76' lang='lat' dir='ltr'><strong>gratum</strong></span> <span class='ocrx_word' id='word_1_753' title='bbox 685 2679 715 2698; x_wconf 89' lang='lat' dir='ltr'><strong>se</strong></span> <span class='ocrx_word' id='word_1_754' title='bbox 736 2671 867 2698; x_wconf 86' lang='lat' dir='ltr'><strong>exhibere</strong></span> <span class='ocrx_word' id='word_1_755' title='bbox 883 2670 1049 2706; x_wconf 63' lang='lat' dir='ltr'><strong>paedagogo:</strong></span> 
     </span>
    </p>
   </div>
   <div class='ocr_carea' id='block_1_99' title="bbox 263 2715 1052 2752">
    <p class='ocr_par' dir='ltr' id='par_1_99' title="bbox 263 2715 1052 2752">
     <span class='ocr_line' id='line_1_99' title="bbox 263 2715 1052 2752; baseline 0.001 -11"><span class='ocrx_word' id='word_1_756' title='bbox 263 2715 303 2742; x_wconf 87' lang='lat' dir='ltr'><strong>sic</strong></span> <span class='ocrx_word' id='word_1_757' title='bbox 313 2723 421 2750; x_wconf 86' lang='lat' dir='ltr'><strong>quoque</strong></span> <span class='ocrx_word' id='word_1_758' title='bbox 436 2717 522 2751; x_wconf 82' lang='lat' dir='ltr'><strong>gratia</strong></span> <span class='ocrx_word' id='word_1_759' title='bbox 533 2724 593 2743; x_wconf 85' lang='lat' dir='ltr'><strong>cum</strong></span> <span class='ocrx_word' id='word_1_760' title='bbox 606 2716 812 2751; x_wconf 86' lang='lat' dir='ltr'><strong>dispensatione</strong></span> <span class='ocrx_word' id='word_1_761' title='bbox 826 2716 950 2752; x_wconf 79' lang='lat' dir='ltr'><strong>castigat,</strong></span> <span class='ocrx_word' id='word_1_762' title='bbox 964 2715 1052 2743; x_wconf 88' lang='lat' dir='ltr'><strong>donec</strong></span> 
     </span>
    </p>
   </div>
   <div class='ocr_carea' id='block_1_100' title="bbox 264 2760 698 2795">
    <p class='ocr_par' dir='ltr' id='par_1_100' title="bbox 264 2760 698 2795">
     <span class='ocr_line' id='line_1_100' title="bbox 264 2760 698 2795; baseline 0.005 -8"><span class='ocrx_word' id='word_1_763' title='bbox 264 2760 293 2788; x_wconf 77' lang='lat' dir='ltr'><strong>in</strong></span> <span class='ocrx_word' id='word_1_764' title='bbox 310 2760 462 2795; x_wconf 82' lang='lat' dir='ltr'><strong>perfectum</strong></span> <span class='ocrx_word' id='word_1_765' title='bbox 479 2762 568 2789; x_wconf 92' lang='lat' dir='ltr'><strong>virum</strong></span> <span class='ocrx_word' id='word_1_766' title='bbox 588 2762 698 2789; x_wconf 83' lang='lat' dir='ltr'><strong>evadas.</strong></span> 
     </span>
    </p>
   </div>
   <div class='ocr_carea' id='block_1_101' title="bbox 297 2805 1050 2842">
    <p class='ocr_par' dir='ltr' id='par_1_101' title="bbox 297 2805 1050 2842">
     <span class='ocr_line' id='line_1_101' title="bbox 297 2805 1050 2842; baseline 0.001 -10"><span class='ocrx_word' id='word_1_767' title='bbox 297 2805 344 2832; x_wconf 76' lang='lat' dir='ltr'><strong>XI.</strong></span> <span class='ocrx_word' id='word_1_768' title='bbox 359 2805 485 2840; x_wconf 77' lang='lat' dir='ltr'><strong>Agricola</strong></span> <span class='ocrx_word' id='word_1_769' title='bbox 502 2814 594 2834; x_wconf 88' lang='lat' dir='ltr'><strong>semen</strong></span> <span class='ocrx_word' id='word_1_770' title='bbox 616 2807 644 2834; x_wconf 93' lang='lat' dir='ltr'><strong>in</strong></span> <span class='ocrx_word' id='word_1_771' title='bbox 657 2814 849 2842; x_wconf 87' lang='lat' dir='ltr'><strong>quamcunque</strong></span> <span class='ocrx_word' id='word_1_772' title='bbox 864 2810 968 2841; x_wconf 86' lang='lat' dir='ltr'><strong>partem</strong></span> <span class='ocrx_word' id='word_1_773' title='bbox 986 2813 1050 2842; x_wconf 92' lang='lat' dir='ltr'><strong>pro-</strong></span> 
     </span>
    </p>
   </div>
   <div class='ocr_carea' id='block_1_102' title="bbox 262 2849 1050 2888">
    <p class='ocr_par' dir='ltr' id='par_1_102' title="bbox 262 2849 1050 2888">
     <span class='ocr_line' id='line_1_102' title="bbox 262 2849 1050 2888; baseline 0.005 -13"><span class='ocrx_word' id='word_1_774' title='bbox 262 2849 331 2885; x_wconf 81' lang='lat' dir='ltr'><strong>jicit,</strong></span> <span class='ocrx_word' id='word_1_775' title='bbox 349 2854 375 2877; x_wconf 90' lang='lat' dir='ltr'><strong>el</strong></span> <span class='ocrx_word' id='word_1_776' title='bbox 394 2850 440 2885; x_wconf 86' lang='lat' dir='ltr'><strong>qui</strong></span> <span class='ocrx_word' id='word_1_777' title='bbox 463 2851 565 2886; x_wconf 84' lang='lat' dir='ltr'><strong>plantat</strong></span> <span class='ocrx_word' id='word_1_778' title='bbox 579 2851 699 2886; x_wconf 87' lang='lat' dir='ltr'><strong>vineam,</strong></span> <span class='ocrx_word' id='word_1_779' title='bbox 717 2853 792 2888; x_wconf 92' lang='lat' dir='ltr'><strong>cupit</strong></span> <span class='ocrx_word' id='word_1_780' title='bbox 810 2857 839 2880; x_wconf 92' lang='lat' dir='ltr'><strong>ut</strong></span> <span class='ocrx_word' id='word_1_781' title='bbox 859 2857 914 2881; x_wconf 84' lang='lat' dir='ltr'><strong>tota</strong></span> <span class='ocrx_word' id='word_1_782' title='bbox 929 2852 1050 2880; x_wconf 80' lang='lat' dir='ltr'><strong>fructum</strong></span> 
     </span>
    </p>
   </div>
   <div class='ocr_carea' id='block_1_103' title="bbox 1106 2257 1893 2294">
    <p class='ocr_par' dir='ltr' id='par_1_103' title="bbox 1106 2257 1893 2294">
     <span class='ocr_line' id='line_1_103' title="bbox 1106 2257 1893 2294; baseline 0.003 -11"><span class='ocrx_word' id='word_1_783' title='bbox 1106 2257 1248 2293; x_wconf 84' lang='grc' dir='ltr'>οὐρανίους</span> <span class='ocrx_word' id='word_1_784' title='bbox 1262 2257 1382 2293; x_wconf 76' lang='grc' dir='ltr'>ἐντίθησι</span> <span class='ocrx_word' id='word_1_785' title='bbox 1395 2266 1445 2290; x_wconf 86' lang='grc' dir='ltr'>σοι,</span> <span class='ocrx_word' id='word_1_786' title='bbox 1463 2258 1511 2285; x_wconf 80' lang='grc' dir='ltr'><strong>καὶ</strong></span> <span class='ocrx_word' id='word_1_787' title='bbox 1524 2258 1637 2294; x_wconf 80' lang='grc' dir='ltr'>ἄρχεται</span> <span class='ocrx_word' id='word_1_788' title='bbox 1648 2259 1798 2286; x_wconf 81' lang='grc' dir='ltr'>ἀναπαύειν</span> <span class='ocrx_word' id='word_1_789' title='bbox 1817 2267 1847 2285; x_wconf 84' lang='grc' dir='ltr'>σε</span> <span class='ocrx_word' id='word_1_790' title='bbox 1863 2261 1893 2285; x_wconf 81' lang='grc' dir='ltr'>ὲν</span> 
     </span>
    </p>
   </div>
   <div class='ocr_carea' id='block_1_104' title="bbox 1104 2302 1893 2340">
    <p class='ocr_par' dir='ltr' id='par_1_104' title="bbox 1104 2302 1893 2340">
     <span class='ocr_line' id='line_1_104' title="bbox 1104 2302 1893 2340; baseline 0.001 -11"><span class='ocrx_word' id='word_1_791' title='bbox 1104 2302 1143 2338; x_wconf 82' lang='grc' dir='ltr'>τῷ</span> <span class='ocrx_word' id='word_1_792' title='bbox 1159 2303 1283 2338; x_wconf 81' lang='grc' dir='ltr'>κρυπτῷ.</span> <span class='ocrx_word' id='word_1_793' title='bbox 1304 2303 1412 2338; x_wconf 74' lang='grc' dir='ltr'>’Λφίησι</span> <span class='ocrx_word' id='word_1_794' title='bbox 1424 2303 1452 2329; x_wconf 79' lang='grc' dir='ltr'>δέ</span> <span class='ocrx_word' id='word_1_795' title='bbox 1468 2312 1497 2330; x_wconf 86' lang='grc' dir='ltr'><strong>σε</strong></span> <span class='ocrx_word' id='word_1_796' title='bbox 1514 2304 1581 2335; x_wconf 79' lang='grc' dir='ltr'>τέως</span> <span class='ocrx_word' id='word_1_797' title='bbox 1593 2304 1780 2340; x_wconf 82' lang='grc' dir='ltr'>παιδευθῆναι,</span> <span class='ocrx_word' id='word_1_798' title='bbox 1794 2306 1841 2331; x_wconf 81' lang='grc' dir='ltr'>καὶ</span> <span class='ocrx_word' id='word_1_799' title='bbox 1852 2307 1893 2337; x_wconf 76' lang='grc' dir='ltr'>εἰς</span> 
     </span>
    </p>
   </div>
   <div class='ocr_carea' id='block_1_105' title="bbox 1105 2348 1892 2386">
    <p class='ocr_par' dir='ltr' id='par_1_105' title="bbox 1105 2348 1892 2386">
     <span class='ocr_line' id='line_1_105' title="bbox 1105 2348 1892 2386; baseline 0.004 -11"><span class='ocrx_word' id='word_1_800' title='bbox 1105 2349 1190 2380; x_wconf 82' lang='grc' dir='ltr'>αὑτὰς</span> <span class='ocrx_word' id='word_1_801' title='bbox 1213 2349 1262 2380; x_wconf 78' lang='grc' dir='ltr'><strong>τὰς</strong></span> <span class='ocrx_word' id='word_1_802' title='bbox 1286 2348 1389 2383; x_wconf 76' lang='grc' dir='ltr'>θλίψεις</span> <span class='ocrx_word' id='word_1_803' title='bbox 1413 2350 1550 2384; x_wconf 83' lang='grc' dir='ltr'>οἰκονομεῖ</span> <span class='ocrx_word' id='word_1_804' title='bbox 1576 2359 1605 2376; x_wconf 82' lang='grc' dir='ltr'>σε</span> <span class='ocrx_word' id='word_1_805' title='bbox 1621 2351 1637 2385; x_wconf 86' lang='grc' dir='ltr'>ἡ</span> <span class='ocrx_word' id='word_1_806' title='bbox 1652 2351 1808 2386; x_wconf 82' lang='grc' dir='ltr'>χάρις-καὶ</span> <span class='ocrx_word' id='word_1_807' title='bbox 1830 2351 1892 2378; x_wconf 85' lang='grc' dir='ltr'>ὅταν</span> 
     </span>
    </p>
   </div>
   <div class='ocr_carea' id='block_1_106' title="bbox 1104 2394 1892 2430">
    <p class='ocr_par' dir='ltr' id='par_1_106' title="bbox 1104 2394 1892 2430">
     <span class='ocr_line' id='line_1_106' title="bbox 1104 2394 1892 2430; baseline 0.003 -10"><span class='ocrx_word' id='word_1_808' title='bbox 1104 2394 1184 2430; x_wconf 77' lang='grc' dir='ltr'>ἔλθῃς</span> <span class='ocrx_word' id='word_1_809' title='bbox 1197 2394 1236 2426; x_wconf 79' lang='grc' dir='ltr'><strong>εις</strong></span> <span class='ocrx_word' id='word_1_810' title='bbox 1251 2395 1414 2426; x_wconf 79' lang='grc' dir='ltr'>ἀνάπαυσιν,</span> <span class='ocrx_word' id='word_1_811' title='bbox 1427 2396 1552 2430; x_wconf 79' lang='grc' dir='ltr'><strong>γνωρίζει</strong></span> <span class='ocrx_word' id='word_1_812' title='bbox 1563 2404 1603 2422; x_wconf 87' lang='grc' dir='ltr'>σοι</span> <span class='ocrx_word' id='word_1_813' title='bbox 1612 2396 1722 2430; x_wconf 80' lang='grc' dir='ltr'>ἑαυτὴν,</span> <span class='ocrx_word' id='word_1_814' title='bbox 1735 2397 1782 2423; x_wconf 71' lang='grc' dir='ltr'>καὶ</span> <span class='ocrx_word' id='word_1_815' title='bbox 1792 2397 1892 2423; x_wconf 78' lang='grc' dir='ltr'>δείκνυ-</span> 
     </span>
    </p>
   </div>
   <div class='ocr_carea' id='block_1_107' title="bbox 1105 2440 1891 2477">
    <p class='ocr_par' dir='ltr' id='par_1_107' title="bbox 1105 2440 1891 2477">
     <span class='ocr_line' id='line_1_107' title="bbox 1105 2440 1891 2477; baseline 0.001 -11"><span class='ocrx_word' id='word_1_816' title='bbox 1105 2440 1132 2466; x_wconf 81' lang='grc' dir='ltr'><strong>σί</strong></span> <span class='ocrx_word' id='word_1_817' title='bbox 1146 2449 1196 2472; x_wconf 90' lang='grc' dir='ltr'>σοι,</span> <span class='ocrx_word' id='word_1_818' title='bbox 1214 2441 1255 2466; x_wconf 81' lang='grc' dir='ltr'><strong>ὅτι</strong></span> <span class='ocrx_word' id='word_1_819' title='bbox 1278 2440 1349 2475; x_wconf 80' lang='grc' dir='ltr'>ὑπὲρ</span> <span class='ocrx_word' id='word_1_820' title='bbox 1364 2441 1410 2467; x_wconf 83' lang='grc' dir='ltr'><strong>τοῦ</strong></span> <span class='ocrx_word' id='word_1_821' title='bbox 1429 2442 1614 2477; x_wconf 74' lang='grc' dir='ltr'>συμφέροντος</span> <span class='ocrx_word' id='word_1_822' title='bbox 1635 2450 1682 2468; x_wconf 87' lang='grc' dir='ltr'><strong>σου</strong></span> <span class='ocrx_word' id='word_1_823' title='bbox 1711 2442 1891 2477; x_wconf 83' lang='grc' dir='ltr'>παρεχώρησε</span> 
     </span>
    </p>
   </div>
   <div class='ocr_carea' id='block_1_108' title="bbox 1104 2485 1892 2525">
    <p class='ocr_par' dir='ltr' id='par_1_108' title="bbox 1104 2485 1892 2525">
     <span class='ocr_line' id='line_1_108' title="bbox 1104 2485 1892 2525; baseline 0.001 -13"><span class='ocrx_word' id='word_1_824' title='bbox 1104 2486 1292 2521; x_wconf 75' lang='grc' dir='ltr'>γυμνασθῆναι</span> <span class='ocrx_word' id='word_1_825' title='bbox 1307 2495 1347 2513; x_wconf 84' lang='grc' dir='ltr'><strong>σε.</strong></span> <span class='ocrx_word' id='word_1_826' title='bbox 1362 2487 1465 2522; x_wconf 79' lang='grc' dir='ltr'>Ὠσπερ</span> <span class='ocrx_word' id='word_1_827' title='bbox 1484 2488 1548 2514; x_wconf 76' lang='grc' dir='ltr'>ὅταν</span> <span class='ocrx_word' id='word_1_828' title='bbox 1595 2487 1723 2514; x_wconf 84' lang='grc' dir='ltr'>πλουσίου</span> <span class='ocrx_word' id='word_1_829' title='bbox 1738 2487 1811 2519; x_wconf 80' lang='grc' dir='ltr'>τινὸς</span> <span class='ocrx_word' id='word_1_830' title='bbox 1827 2497 1892 2514; x_wconf 88' lang='grc' dir='ltr'>παι-</span> 
     </span>
    </p>
   </div>
   <div class='ocr_carea' id='block_1_109' title="bbox 1103 2531 1891 2569">
    <p class='ocr_par' dir='ltr' id='par_1_109' title="bbox 1103 2531 1891 2569">
     <span class='ocr_line' id='line_1_109' title="bbox 1103 2531 1891 2569; baseline 0.003 -12"><span class='ocrx_word' id='word_1_831' title='bbox 1103 2531 1168 2563; x_wconf 80' lang='grc' dir='ltr'>δίον,</span> <span class='ocrx_word' id='word_1_832' title='bbox 1185 2532 1231 2558; x_wconf 78' lang='grc' dir='ltr'>καὶ</span> <span class='ocrx_word' id='word_1_833' title='bbox 1247 2531 1296 2567; x_wconf 79' lang='grc' dir='ltr'><strong>ἔχῃ</strong></span> <span class='ocrx_word' id='word_1_834' title='bbox 1315 2533 1490 2567; x_wconf 74' lang='grc' dir='ltr'>παιδαγωγὸν</span> <span class='ocrx_word' id='word_1_835' title='bbox 1501 2553 1509 2566; x_wconf 88' lang='grc'><em>,</em></span> <span class='ocrx_word' id='word_1_836' title='bbox 1534 2534 1604 2565; x_wconf 81' lang='grc' dir='ltr'>τέως</span> <span class='ocrx_word' id='word_1_837' title='bbox 1627 2534 1677 2568; x_wconf 80' lang='grc' dir='ltr'>μὲν</span> <span class='ocrx_word' id='word_1_838' title='bbox 1698 2533 1797 2569; x_wconf 79' lang='grc' dir='ltr'>λώροις</span> <span class='ocrx_word' id='word_1_839' title='bbox 1812 2534 1891 2560; x_wconf 77' lang='grc' dir='ltr'>αὐτὸν</span> 
     </span>
    </p>
   </div>
   <div class='ocr_carea' id='block_1_110' title="bbox 1104 2577 1890 2615">
    <p class='ocr_par' dir='ltr' id='par_1_110' title="bbox 1104 2577 1890 2615">
     <span class='ocr_line' id='line_1_110' title="bbox 1104 2577 1890 2615; baseline 0.004 -11"><span class='ocrx_word' id='word_1_840' title='bbox 1104 2577 1255 2612; x_wconf 73' lang='grc' dir='ltr'>βασανίζει,</span> <span class='ocrx_word' id='word_1_841' title='bbox 1271 2580 1318 2605; x_wconf 81' lang='grc' dir='ltr'><strong>καὶ</strong></span> <span class='ocrx_word' id='word_1_842' title='bbox 1336 2580 1353 2615; x_wconf 79' lang='grc' dir='ltr'><strong>ἡ</strong></span> <span class='ocrx_word' id='word_1_843' title='bbox 1368 2580 1488 2612; x_wconf 71' lang='grc' dir='ltr'>παιδεία,</span> <span class='ocrx_word' id='word_1_844' title='bbox 1502 2581 1548 2607; x_wconf 80' lang='grc' dir='ltr'><strong>καὶ</strong></span> <span class='ocrx_word' id='word_1_845' title='bbox 1565 2580 1600 2607; x_wconf 73' lang='grc' dir='ltr'><strong>τὰ</strong></span> <span class='ocrx_word' id='word_1_846' title='bbox 1613 2581 1771 2615; x_wconf 77' lang='grc' dir='ltr'>τραύματα,</span> <span class='ocrx_word' id='word_1_847' title='bbox 1798 2580 1846 2607; x_wconf 79' lang='grc' dir='ltr'><strong>καὶ</strong></span> <span class='ocrx_word' id='word_1_848' title='bbox 1864 2580 1890 2606; x_wconf 75' lang='grc' dir='ltr'>αἱ</span> 
     </span>
    </p>
   </div>
   <div class='ocr_carea' id='block_1_111' title="bbox 1103 2625 1889 2661">
    <p class='ocr_par' dir='ltr' id='par_1_111' title="bbox 1103 2625 1889 2661">
     <span class='ocr_line' id='line_1_111' title="bbox 1103 2625 1889 2661; baseline 0.003 -11"><span class='ocrx_word' id='word_1_849' title='bbox 1103 2625 1207 2660; x_wconf 78' lang='grc' dir='ltr'>πληγαὶ</span> <span class='ocrx_word' id='word_1_850' title='bbox 1230 2625 1339 2660; x_wconf 78' lang='grc' dir='ltr'>βαρεῖαι</span> <span class='ocrx_word' id='word_1_851' title='bbox 1363 2626 1516 2660; x_wconf 79' lang='grc' dir='ltr'>φαίνονται,</span> <span class='ocrx_word' id='word_1_852' title='bbox 1545 2626 1598 2658; x_wconf 76' lang='grc' dir='ltr'><strong>ἓως</strong></span> <span class='ocrx_word' id='word_1_853' title='bbox 1612 2627 1657 2653; x_wconf 80' lang='grc' dir='ltr'><strong>ὅτε</strong></span> <span class='ocrx_word' id='word_1_854' title='bbox 1671 2627 1784 2661; x_wconf 82' lang='grc' dir='ltr'>γένηται</span> <span class='ocrx_word' id='word_1_855' title='bbox 1801 2627 1869 2661; x_wconf 82' lang='grc' dir='ltr'><strong>ἀνὴρ</strong></span> <span class='ocrx_word' id='word_1_856' title='bbox 1882 2646 1889 2658; x_wconf 84' lang='grc'>,</span> 
     </span>
    </p>
   </div>
   <div class='ocr_carea' id='block_1_112' title="bbox 1102 2670 1889 2707">
    <p class='ocr_par' dir='ltr' id='par_1_112' title="bbox 1102 2670 1889 2707">
     <span class='ocr_line' id='line_1_112' title="bbox 1102 2670 1889 2707; baseline 0.001 -11"><span class='ocrx_word' id='word_1_857' title='bbox 1102 2670 1163 2696; x_wconf 76' lang='grc' dir='ltr'>τότε</span> <span class='ocrx_word' id='word_1_858' title='bbox 1179 2671 1207 2697; x_wconf 79' lang='grc' dir='ltr'><strong>δὲ</strong></span> <span class='ocrx_word' id='word_1_859' title='bbox 1224 2671 1338 2706; x_wconf 80' lang='grc' dir='ltr'>ἄρχεται</span> <span class='ocrx_word' id='word_1_860' title='bbox 1359 2672 1530 2706; x_wconf 81' lang='grc' dir='ltr'>εὐχαριστεῖν</span> <span class='ocrx_word' id='word_1_861' title='bbox 1546 2672 1585 2705; x_wconf 81' lang='grc' dir='ltr'>τῷ</span> <span class='ocrx_word' id='word_1_862' title='bbox 1603 2672 1770 2707; x_wconf 85' lang='grc' dir='ltr'>παιδαγωγῷ</span> <span class='ocrx_word' id='word_1_863' title='bbox 1781 2680 1788 2687; x_wconf 79' lang='lat'>&#39;</span> <span class='ocrx_word' id='word_1_864' title='bbox 1806 2671 1889 2703; x_wconf 77' lang='grc' dir='ltr'>οὕτως</span> 
     </span>
    </p>
   </div>
   <div class='ocr_carea' id='block_1_113' title="bbox 1103 2716 1890 2752">
    <p class='ocr_par' dir='ltr' id='par_1_113' title="bbox 1103 2716 1890 2752">
     <span class='ocr_line' id='line_1_113' title="bbox 1103 2716 1890 2752; baseline 0.004 -11"><span class='ocrx_word' id='word_1_865' title='bbox 1103 2716 1150 2741; x_wconf 78' lang='grc' dir='ltr'><strong>καὶ</strong></span> <span class='ocrx_word' id='word_1_866' title='bbox 1164 2717 1179 2750; x_wconf 86' lang='grc' dir='ltr'>ἡ</span> <span class='ocrx_word' id='word_1_867' title='bbox 1196 2716 1275 2750; x_wconf 82' lang='grc' dir='ltr'>χάρις</span> <span class='ocrx_word' id='word_1_868' title='bbox 1293 2717 1475 2752; x_wconf 71' lang='grc' dir='ltr'>οἰκονομικῶς</span> <span class='ocrx_word' id='word_1_869' title='bbox 1494 2717 1613 2743; x_wconf 80' lang='grc' dir='ltr'>παιδεύει</span> <span class='ocrx_word' id='word_1_870' title='bbox 1628 2737 1636 2750; x_wconf 83' lang='grc'><em>,</em></span> <span class='ocrx_word' id='word_1_871' title='bbox 1653 2717 1706 2749; x_wconf 73' lang='grc' dir='ltr'><strong>ἕως</strong></span> <span class='ocrx_word' id='word_1_872' title='bbox 1722 2718 1770 2748; x_wconf 68' lang='grc' dir='ltr'><strong>ᾖτε</strong></span> <span class='ocrx_word' id='word_1_873' title='bbox 1784 2717 1890 2752; x_wconf 78' lang='grc' dir='ltr'>φθάσῃς</span> 
     </span>
    </p>
   </div>
   <div class='ocr_carea' id='block_1_114' title="bbox 1103 2761 1367 2797">
    <p class='ocr_par' dir='ltr' id='par_1_114' title="bbox 1103 2761 1367 2797">
     <span class='ocr_line' id='line_1_114' title="bbox 1103 2761 1367 2797; baseline 0.011 -11"><span class='ocrx_word' id='word_1_874' title='bbox 1103 2761 1141 2792; x_wconf 83' lang='grc' dir='ltr'>εἰς</span> <span class='ocrx_word' id='word_1_875' title='bbox 1156 2761 1258 2788; x_wconf 79' lang='grc' dir='ltr'>τέλειον</span> <span class='ocrx_word' id='word_1_876' title='bbox 1273 2762 1367 2797; x_wconf 81' lang='grc' dir='ltr'>ἄνδρα.</span> 
     </span>
    </p>
   </div>
   <div class='ocr_carea' id='block_1_115' title="bbox 1138 2807 1889 2844">
    <p class='ocr_par' dir='ltr' id='par_1_115' title="bbox 1138 2807 1889 2844">
     <span class='ocr_line' id='line_1_115' title="bbox 1138 2807 1889 2844; baseline 0.001 -11"><span class='ocrx_word' id='word_1_877' title='bbox 1138 2808 1189 2836; x_wconf 81' lang='lat' dir='ltr'><strong>IA’.</strong></span> <span class='ocrx_word' id='word_1_878' title='bbox 1205 2808 1233 2835; x_wconf 90' lang='grc' dir='ltr'><strong>Ὀ</strong></span> <span class='ocrx_word' id='word_1_879' title='bbox 1245 2809 1366 2844; x_wconf 79' lang='grc' dir='ltr'>γεωργὸς</span> <span class='ocrx_word' id='word_1_880' title='bbox 1377 2809 1423 2835; x_wconf 77' lang='grc' dir='ltr'><strong>τὸν</strong></span> <span class='ocrx_word' id='word_1_881' title='bbox 1439 2809 1539 2844; x_wconf 77' lang='grc' dir='ltr'>σπόρον</span> <span class='ocrx_word' id='word_1_882' title='bbox 1551 2809 1687 2844; x_wconf 77' lang='grc' dir='ltr'>πανταχοῦ</span> <span class='ocrx_word' id='word_1_883' title='bbox 1704 2809 1806 2844; x_wconf 74' lang='grc' dir='ltr'>ῥίπτει,</span> <span class='ocrx_word' id='word_1_884' title='bbox 1818 2809 1862 2835; x_wconf 72' lang='grc' dir='ltr'>καὶ</span> <span class='ocrx_word' id='word_1_885' title='bbox 1875 2807 1889 2833; x_wconf 74' lang='grc' dir='ltr'><strong>ὁ</strong></span> 
     </span>
    </p>
   </div>
   <div class='ocr_carea' id='block_1_116' title="bbox 1103 2853 1887 2890">
    <p class='ocr_par' dir='ltr' id='par_1_116' title="bbox 1103 2853 1887 2890">
     <span class='ocr_line' id='line_1_116' title="bbox 1103 2853 1887 2890; baseline -0.003 -10"><span class='ocrx_word' id='word_1_886' title='bbox 1103 2853 1226 2887; x_wconf 73' lang='grc' dir='ltr'>φυτεύων</span> <span class='ocrx_word' id='word_1_887' title='bbox 1241 2853 1374 2889; x_wconf 77' lang='grc' dir='ltr'>ἄμπελον,</span> <span class='ocrx_word' id='word_1_888' title='bbox 1391 2854 1474 2888; x_wconf 80' lang='grc' dir='ltr'>θέλει,</span> <span class='ocrx_word' id='word_1_889' title='bbox 1486 2854 1529 2882; x_wconf 80' lang='grc' dir='ltr'><strong>ἵνα</strong></span> <span class='ocrx_word' id='word_1_890' title='bbox 1540 2854 1588 2889; x_wconf 80' lang='grc' dir='ltr'>ὅλη</span> <span class='ocrx_word' id='word_1_891' title='bbox 1600 2854 1813 2890; x_wconf 77' lang='grc' dir='ltr'>καρποφορήσῃ.</span> <span class='ocrx_word' id='word_1_892' title='bbox 1825 2853 1887 2880; x_wconf 82' lang='grc' dir='ltr'>Λοι-</span> 
     </span>
    </p>
   </div>
  </div>
