2079 3152
181 151 231 185 "ili

744 149 928 180 HOMILI/E.
945 162 979 167 -
996 150 1089 180 IIOM.
1108 149 1248 180 XXXIII.

1764 153 1815 184 742

183 211 233 236 πὸν
245 206 291 237 οὖν
305 208 431 244 ἐπιφέρει
445 208 475 234 τδ
490 207 636 242 δρέπανον,
653 206 700 233 καί¹
721 207 746 232 εί
760 207 798 242 μὴ
809 207 885 243 εὖροι
902 216 971 242 καρ-

1032 207 1161 238 ποίονιης
1177 206 1351 242 postmodum
1366 214 1432 242 ergo
1447 207 1521 235 illata
1535 207 1614 240 falce,
1631 215 1653 235 Si
1666 215 1721 235 non
1736 208 1813 236 iuve-

183 256 244 288 πὸν,
259 255 385 281 λυπεῖται
398 263 406 270 ·
423 254 509 285 οὕτως
526 253 574 280 καὶ
587 254 601 279 ὁ
619 252 720 288 Κύριος
732 253 777 279 τὸν
794 253 873 287 λόγον
887 253 971 280 αὑτοῦ

184 301 323 336 σπαρῆναι
335 299 407 326 θέλει
418 300 458 331 είς
468 300 517 331 τὰς
533 299 647 334 καρδίας
657 299 711 325 τῶν
724 298 885 334 ἀνθρώπων.
901 299 973 325 Ἀλλ’

183 348 279 382 ὥσπερ
288 347 302 373 ό
317 345 439 380 γεωργὸς
453 346 482 372 ἐν
491 346 524 379 τῇ
541 345 666 380 ἀποκένῳ
679 344 756 380 χώρᾳ
767 343 907 371 λυπεῖται·
924 345 973 371 οὓ-

183 402 237 425 τως
254 393 300 419 καὶ
310 394 323 419 ὁ
338 391 440 426 Κύριος
456 391 484 418 ἐν
501 392 534 426 τῇ
548 391 673 426 ἀποκένῳ
684 390 784 426 καρδίᾳ
796 391 844 417 καὶ
861 390 898 426 μὴ
909 399 975 426 καρ-

186 438 342 474 ποφορούσῃ
365 437 500 464 λυπεῖται,
521 437 626 472 ’Ὥσπερ
653 437 677 463 oi
709 436 806 472 ἄνεμοι
834 437 972 472 πανταχοῦ

186 485 314 510 πνέουσιν
342 483 383 514 είς
415 483 505 508 πᾶσαν
527 482 576 517 τὴν
603 481 703 514 κτίσιν,
727 481 884 517 καὶηῶσπερ
898 481 973 516 ἥλιος

185 530 259 565 πάσῃ
288 531 323 564 τῇ
353 528 501 564 οἰκουμένῃ
527 527 800 562 ἐπιλάμπειοοῦτως
828 528 845 563 ἠ
878 527 973 562 θεότης

185 571 324 609 πανταχοῦ
343 575 400 600 ἐστι
414 593 422 606 ,
446 573 493 600 καὶ
510 573 647 608 πανταχοῦ
669 573 837 608 εὑρίσκεται.
865 573 897 599 EE
926 573 974 608 ζη-

185 621 241 651 τεῖς
262 619 343 646 αὐτὸν
369 619 399 645 ἐν
419 620 476 650 τοῖς
504 619 647 654 οὐρανοῖς,
676 619 734 645 ἐκεῖ
758 618 917 653 εὑρίσκεται
945 620 974 645 ἐν

185 667 241 697 τοῖς
257 665 397 700 λογισμοῖς
415 665 468 690 τῶν
479 664 604 698 ἀγγέλων
613 672 621 679 ⁸
634 665 658 691 εἰ
671 665 763 700 ζητεῖς
774 665 855 691 αὐτὸν
866 665 912 691 ἐπὶ
924 664 975 698 τῆς

186 712 249 746 γῆς,
275 711 322 738 καὶ
344 707 396 737 ὦδε
419 711 575 745 εὑρίσκεται
590 711 619 737 ὲν
641 711 700 741 ταῖς
717 710 843 746 καρδίαις
857 710 910 736 τῶν
926 711 974 737 ἁν-

187 757 315 792 θρώπων.
349 756 416 784 Ἀπδ
446 756 552 783 πολλῶν
589 756 617 783 δὲ
644 755 730 790 ὀλίγοι
754 756 927 791 εὑρίσκονται
950 756 975 783 et

187 803 398 839 εὖαρεστοῦντες
414 802 489 838 αὐτῷ
502 803 672 837 Χριστιανοί.
688 802 758 836 Δόξα
784 802 832 829 καὶ
860 802 977 837 μεγαλοα

187 850 307 884 πρέπεια
322 849 419 884 Πατρὶ,
435 849 482 875 καὶ
507 848 564 884 Υίῷ
576 869 584 882 ,
599 849 647 875 καὶ
668 848 739 884 ἁγίῳ
758 847 914 882 Πνεύματι,
936 849 976 880 εἰς

186 897 249 929 τοὺς
265 896 377 927 αἰῶνας.
393 895 490 931 Ἀμήν.

480 952 603 980 ΟΜΙΛΙΑ
619 951 682 980 AI".

194 998 404 1032 Ἀδιαλείπτως
421 998 471 1026 καί
486 999 645 1062 προσεὲὦς
656 999 705 1026 δεῖ
717 999 757 1033 τῷ
770 997 831 1033 Θεῷ
842 1000 974 1035 προσεύ-

525 1042 581 1062 κεσ
600 1043 641 1062 αι.

523 1042 641 1068 χεσθαι.

223 1088 262 1117 A'.
281 1090 326 1116 Δει
340 1090 425 1124 ἡμᾶς,
449 1089 486 1125 μὴ
503 1089 575 1117 κατὰ
602 1089 664 1121 ἔθος
691 1090 847 1124 σωματικὸν
864 1110 872 1122 ,
906 1090 976 1126 μήτε

188 1133 393 1168 κραυγῆςὲθει,
414 1134 482 1168 μήτε
501 1134 631 1169 συνηθείᾳ
644 1136 760 1170 σιωπῆς,
777 1136 846 1169 μήτε
860 1135 976 1167 κλίσεως

187 1180 309 1212 γονάτων
337 1180 537 1215 προσεύχεσθαι
562 1189 569 1196 ·
602 1180 671 1208 ἀλλὰ
697 1181 840 1215 νηφαλέως
874 1181 913 1216 τῷ
937 1181 975 1215 νῷ

189 1225 373 1260 προσέχοντας
389 1226 544 1261 προσδοκᾷν
560 1226 607 1254 τὸν
621 1226 688 1253 Θεὸν
710 1227 775 1253 πότε
802 1227 911 1261 ἐπιστῇ,
928 1227 976 1252 καὶ

189 1271 372 1307 ἐπισκέψηται
385 1272 429 1299 διὰ
446 1273 541 1299 πασῶν
555 1272 610 1299 τῶν
626 1272 723 1305 ἐξόδων
737 1271 787 1307 τὴν
803 1272 892 1307 ψυχὴν
901 1293 908 1304 ,
930 1273 977 1299 καὶ

188 1317 243 1344 τῶν
251 1317 351 1352 τρίϐων
361 1318 445 1352 αὐτῆς
460 1318 508 1345 καὶ
522 1318 717 1354 αἰσθητηρίων.
727 1318 782 1345 Καὶ
795 1318 882 1350 οὕτως
895 1319 977 1354 ἡνίκα

189 1363 243 1399 χρὴ
268 1365 390 1400 σιωπᾷν,
407 1364 455 1391 καὶ
470 1364 553 1399 ἡνίκα
568 1364 633 1400 βοᾷν
652 1365 706 1400 χρὴ
721 1383 729 1396 ,
751 1364 800 1391 καὶ
823 1365 852 1391 ὲν
869 1366 976 1400 κραυγῇ

191 1409 402 1444 προσεύχεσθαι,
420 1410 500 1444 μόνον
517 1411 532 1437 ό
552 1410 614 1441 νοῦς
629 1407 818 1446 ἐρρωμένοςῇ
841 1410 909 1445 πρὸς
932 1410 978 1436 τὸν

191 1455 268 1482 Θεόν.
282 1455 390 1492 Ὥσπερ
403 1456 457 1492 γὰρ
467 1456 499 1483 τὺ
515 1457 595 1492 σῶμα
609 1457 673 1483 ὅταν
689 1456 842 1492 ὲργάζηταί
863 1465 902 1488 τι,
918 1456 979 1482 ὅλον

191 1501 225 1528 δι’
241 1503 302 1529 ὂλου
315 1503 507 1538 ἁποσχολεϊται
531 1503 692 1538 ἐγκείμενον
706 1503 746 1538 τῷ
756 1503 840 1539 ἔργῳ,
855 1504 901 1530 καὶ
917 1503 979 1529 πάν-

1024 253 1082 280 niat
1097 253 1229 285 fructum,
1245 260 1365 280 mmrure
1380 253 1498 280 aﬂicitur
1515 263 1521 280 :
1537 253 1578 281 sic
1594 261 1704 288 quoque
1718 254 1812 281 Domi-

1024 307 1078 327 nus
1093 299 1209 327 verbum
1225 305 1306 326 suum
1333 298 1464 326 seminari
1480 299 1540 327 vult
1561 299 1591 326 in
1615 300 1744 327 cordibus
1763 301 1814 327 bu-

1026 346 1143 372 minum.
1159 345 1259 373 Verum
1283 344 1397 379 perinde
1420 352 1453 371 ac
1476 345 1595 380 agricola
1615 346 1650 373 ob
1674 346 1813 381 regionem

1025 392 1135 420 inanem
1159 392 1287 427 angitur;
1314 392 1354 418 sic
1380 398 1490 426 quoque
1515 391 1646 419 Dominus
1672 391 1706 418 de
1727 399 1815 419 vacuo

1025 438 1118 471 corde,
1131 445 1182 465 nec
1198 437 1304 464 {ructus
1321 435 1502 471 producente,
1515 437 1703 465 contristatur.
1716 437 1816 470 Quem-

1025 484 1171 511 admodum
1190 484 1266 512 venti
1291 483 1410 519 perﬂant
1427 483 1530 518 ubique
1553 487 1680 510 cunctam
1708 487 1816 510 creatu-

1026 539 1098 564 ram;
1111 535 1139 558 et
1151 530 1382 566 quemadmodum
1394 529 1434 557 sol
1446 537 1555 556 omnem
1566 534 1668 556 terram
1679 529 1815 558 illustrat.

1026 577 1068 604 sic
1079 576 1168 603 deitas
1178 576 1280 610 ubique
1290 580 1343 610 est,
1354 581 1382 604 et
1392 576 1495 610 ubique
1511 575 1658 609 reperitur.
1670 574 1697 601 Si
1708 583 1816 609 quazras

1027 622 1103 649 illum
1121 622 1148 649 in
1163 622 1250 654 caelis,
1266 623 1323 650 illic
1337 622 1477 656 reperitur
1496 622 1523 648 iu
1539 620 1753 655 cogitationibus
1769 629 1816 648 an-

1026 668 1166 702 gelorum;
1178 667 1201 695 si
1213 675 1319 702 quaeras
1333 675 1396 695 eum
1411 667 1438 694 in
1454 671 1536 699 terra,
1552 666 1597 693 hic
1610 674 1720 701 quoque
1737 673 1816 700 repe-

1026 713 1098 740 ritur
1122 712 1150 740 in
1173 712 1304 739 cordibus
1327 711 1481 739 hominum.
1501 711 1522 738 E
1544 710 1638 737 multis
1654 717 1720 736 vero
1736 709 1815 743 pauci

1026 759 1216 793 reperiuntur,
1232 759 1280 794 qui
1297 759 1425 794 placeant
1442 757 1497 784 Deo
1510 755 1670 784 Christiani.
1686 755 1777 782 Gloria
1789 759 1817 781 et

1027 804 1230 839 magniﬁcentia
1244 804 1329 837 Patri,
1343 808 1372 831 et
1383 803 1464 836 Filio,
1482 806 1510 830 et
1529 802 1643 837 Spiritui
1660 805 1766 834 sancto,
1787 800 1815 828 iu

1028 851 1138 878 saecula.
1152 850 1250 879 Amen.

1272 956 1416 985 llOMlLIA
1434 955 1555 984 XXXIII.

1028 1004 1212 1032 Indesinenter
1236 1008 1262 1031 et
1289 1008 1389 1031 attente
1420 1006 1522 1038 oportet
1554 1001 1608 1028 Deo
1642 1005 1702 1028 vota
1733 1000 1818 1036 facere

1346 1044 1371 1065 et
1388 1039 1502 1074 precari.

1064 1096 1084 1123 ι.
1098 1096 1213 1131 Oportet
1231 1103 1290 1126 nos,
1313 1102 1369 1123 non
1383 1102 1417 1122 ex
1441 1102 1516 1121 more
1537 1098 1682 1128 corporeo,
1699 1100 1750 1120 nec
1768 1100 1819 1127 pro

1029 1150 1105 1170 more
1126 1142 1313 1174 vociferandi,
1340 1148 1391 1169 nec
1417 1148 1451 1168 ex
1476 1139 1675 1167 consuetudine
1699 1138 1816 1168 silendi,

1031 1191 1078 1214 aut
1094 1195 1182 1222 genua
1205 1186 1344 1218 ﬂectendi,
1360 1193 1457 1221 preces
1480 1184 1585 1217 facere;
1609 1191 1705 1211 verum
1727 1184 1818 1211 sobrie

1030 1234 1151 1260 animum
1181 1233 1354 1260 attendentes
1384 1236 1544 1266 exspectare
1574 1231 1677 1263 Deum,
1708 1230 1818 1265 quando

1030 1280 1118 1307 aderit
1132 1284 1161 1307 et
1175 1279 1297 1307 visitabit
1317 1287 1368 1314 per
1383 1287 1479 1306 omnes
1495 1278 1667 1313 egressiones
1688 1278 1816 1307 animam.

1031 1333 1079 1360 per
1093 1326 1204 1353 semitas
1216 1326 1275 1360 ejus
1290 1333 1321 1353 ac
1337 1333 1467 1353 sensuum
1481 1332 1599 1360 organa;
1615 1328 1643 1351 et
1657 1324 1694 1351 ita
1709 1324 1819 1358 quando

1030 1372 1177 1399 conveniat
1199 1376 1299 1404 tacere,
1317 1375 1345 1399 et
1362 1371 1472 1406 quando
1487 1371 1633 1398 conveniat
1648 1371 1776 1402 clamare,
1792 1366 1821 1397 et

1031 1425 1094 1444 cum
1109 1418 1304 1445 vociferatione
1319 1417 1437 1453 precari,
1454 1417 1536 1444 modo
1559 1423 1636 1444 mens
1657 1416 1693 1443 sit
1714 1416 1819 1442 ﬁrmata

1033 1464 1061 1491 in
1080 1464 1175 1491 Deum.
1196 1464 1312 1491 Perinde
1329 1464 1403 1491 enim
1426 1471 1458 1491 ac
1482 1470 1582 1497 corpus
1606 1470 1668 1489 cum
1691 1466 1822 1496 operatur

1032 1510 1184 1544 quidpiam,
1195 1513 1280 1535 totum
1294 1508 1404 1543 penitus
1413 1511 1576 1542 occupatum
1589 1506 1723 1534 incumbit
1732 1499 1820 1541 operi,

192 1548 227 1575 τὰ
241 1548 322 1575 αὐτου
336 1548 370 1575 τὰ
384 1548 454 1582 μέλη
473 1549 599 1583 ἀλλήλοις
618 1549 710 1584 βοηθεῖ
726 1558 733 1565 ⁸
745 1549 816 1576 οὕτω
833 1550 879 1576 καὶ
893 1550 910 1584 ὴ
925 1549 979 1584 ψυ-

1032 1560 1060 1582 ct
1083 1555 1174 1582 omnia
1196 1555 1255 1590 ejus
1275 1554 1398 1582 membra
1420 1561 1450 1581 se
1470 1553 1587 1580 invicem
1610 1552 1740 1588 adjuvant
1760 1553 1822 1580 :sic

194 1593 228 1628 χὴ
241 1593 288 1629 ὅλη
303 1593 337 1619 δι’
353 1594 414 1620 ὅλου
429 1593 605 1620 ἀποδεδύσθω
618 1595 659 1624 είς
671 1593 722 1628 τὴν
741 1593 810 1629 πρὸς
826 1592 928 1627 Κύριον
941 1593 982 1618 ατ-

193 1648 273 1674 τησιν
287 1641 334 1666 καὶ
350 1640 472 1674 ἀγάπην,
488 1640 525 1675 μὴ
543 1639 698 1676 ῥεμϐομένη
714 1640 762 1666 καὶ
780 1639 983 1674 περιφερομένη

194 1687 250 1718 τοῖς
261 1686 413 1722 λογισμοῖς,
429 1687 477 1714 καὶ
494 1687 570 1722 πάσῃ
584 1687 619 1721 τῇ
639 1685 788 1722 προσδοκίᾳ
805 1692 985 1722 προσινακιι-

196 1732 264 1767 μὲνη
275 1732 405 1767 Χριστοῦ.

229 1778 266 1805 B’.
277 1778 330 1804 Καὶ
342 1777 429 1809 οὓτως
444 1778 525 1810 αὐτὸς
538 1778 696 1813 ὲπιλάμψει,
709 1777 838 1812 ἀληθινὴν
850 1776 984 1803 διδάσκων

196 1824 314 1859 αἴτησιν,
339 1824 425 1856 διδοὺς
449 1824 531 1859 εὐχὴν
544 1824 668 1859 καθαρὰν
681 1844 688 1856 ,
702 1823 898 1858 πνευματικὴν,
916 1823 983 1849 Θεοῦ

195 1869 285 1902 ἀξίαν,
301 1870 349 1896 καὶ
361 1871 419 1904 τὴν
431 1870 466 1896 ἐν
485 1870 632 1904 πνεύματι
645 1869 694 1896 καὶ
710 1869 838 1902 ἀληθείᾳ
850 1869 983 1902 προσκύ-

195 1922 298 1948 νησιν.
317 1915 422 1949 Ὠσπερ
439 1915 466 1941 δὲ
483 1915 497 1941 ὁ
513 1915 648 1950 ἐμπορίας
662 1914 761 1948 τέχνην
776 1912 984 1947 ἐπανελόμενος,

195 1960 226 1986 οὐ
240 1960 405 1996 μονότροπον
419 1960 476 1996 ἔχει
491 1960 537 1987 τοῦ
561 1960 674 1995 κέρδους
694 1960 745 1994 τὴν
769 1958 902 1991 ἐπίνοιαν,
918 1958 986 1985 ἀλλὰ

197 2005 329 2032 πάντοθεν
358 2005 450 2037 αὔξειν
485 2006 532 2032 καὶ
563 2006 793 2037 πολυπλασιάζειν
827 2005 858 2031 τὸ
890 2005 985 2041 κέρδος

197 2051 349 2085 ἐπείγεται,
363 2052 418 2078 ἀπὸ
437 2051 538 2086 ταύτης
549 2051 592 2086 ἐφ’
605 2052 702 2086 ἑτέραν
719 2051 819 2086 μετιὼν
843 2051 965 2078 ἐπίνοιαν
977 2071 984 2083 ,

196 2098 244 2123 καὶ
259 2097 384 2124 ἐντεῦθεν
399 2098 468 2133 πρὸς
482 2097 576 2133 ἕτερον
591 2097 695 2132 τρέχων
708 2097 802 2132 πόρον,
813 2097 862 2123 καὶ
874 2096 929 2123 ἀπὸ
938 2096 985 2122 τοῦ

199 2143 281 2178 μηδὲν
297 2144 444 2178 ὁνήσαντος
463 2143 506 2170 ἀεὶ
521 2144 669 2178 ἀποπηδῶν
684 2143 731 2169 ἐπὶ.
750 2143 781 2168 τὸ
801 2143 987 2177 κερδαλεώτε-

200 2197 246 2224 ρον
259 2190 351 2225 τρέχει
367 2198 375 2204 ·
392 2189 479 2222 οὕτως
492 2190 540 2216 καὶ
556 2191 636 2225 ἡμεῖς
651 2190 700 2225 τὴν
723 2190 813 2226 ψυχὴν
830 2191 909 2226 ἡμῶν
925 2200 985 2217 ποι-

1036 1610 1145 1636 quoque
1159 1602 1248 1628 anima
1262 1605 1317 1628 tota
1331 1608 1444 1636 prorsus
1454 1604 1633 1628 consecretur
1644 1599 1833 1634 postulationi

1036 1651 1064 1673 et
1076 1647 1200 1673 eharitati
1219 1646 1337 1677 Domini,
1350 1653 1410 1680 qua:
1432 1653 1483 1673 nec
1504 1646 1580 1681 vagis
1602 1650 1762 1680 occupetur,
1775 1650 1823 1672 aut

1036 1692 1245 1719 circumferatur
1268 1691 1496 1727 cogitationibus,
1522 1695 1550 1718 et
1570 1698 1646 1726 spem
1672 1696 1754 1726 atque
1774 1699 1823 1718 ex-

1035 1738 1233 1772 spectationem
1248 1745 1356 1765 onmem
1370 1738 1529 1764 collocatam
1545 1737 1644 1764 habeat
1664 1737 1690 1764 in
1703 1736 1822 1764 Christo.

1071 1782 1104 1809 ll.
1128 1783 1216 1817 Atque
1239 1782 1291 1809 hoc
1311 1786 1390 1816 pacto
1412 1782 1553 1809 illucescet
1575 1781 1638 1814 ille,
1658 1782 1704 1816 qui
1722 1789 1823 1816 purum

1035 1827 1116 1855 docet
1134 1826 1245 1861 petendi
1269 1826 1390 1858 modum,
1408 1830 1436 1853 et
1452 1826 1573 1861 suggerit
1594 1827 1748 1853 orationem
1771 1833 1823 1860 pu-

1037 1882 1093 1901 ram
1109 1873 1291 1908 spirituaicm,
1308 1873 1362 1899 Deo
1377 1872 1498 1907 dignam,
1515 1876 1543 1899 et
1556 1879 1618 1906 quae
1633 1872 1664 1898 ﬁt
1682 1872 1710 1898 ἰη
1727 1872 1825 1907 spiritu

1036 1925 1061 1947 et
1080 1921 1203 1952 veritate,
1228 1919 1410 1946 adorationem
1427 1919 1459 1944 ²⁰.
1485 1917 1720 1951 Quemadmodum
1741 1925 1823 1946 vero.
1867 1920 1874 1925 ‘

1036 1967 1082 2002 qui
1099 1966 1289 1994 mercatoriam
1305 1969 1390 1992 artem
1407 1965 1499 2000 elegit,
1522 1972 1576 1992 non
1599 1964 1712 1992 unicum
1733 1964 1822 1992 solum

1036 2013 1105 2041 lucri
1122 2012 1237 2040 faciendi
1258 2012 1395 2045 excogitat
1411 2011 1564 2043 inventum,
1578 2010 1625 2038 sed
1641 2010 1824 2045 undecunque

1036 2066 1136 2094 augere
1146 2063 1173 2085 et
1187 2058 1327 2084 cumulare
1338 2057 1445 2084 lucrum
1458 2057 1576 2092 cogitur,
1588 2056 1622 2083 ab
1635 2056 1688 2084 hac
1700 2056 1779 2092 124.
1790 2057 1823 2083 ad

1036 2106 1117 2133 aliam
1132 2105 1266 2132 transiens
1279 2104 1417 2131 solertiam
1428 2107 1456 2130 et
1467 2103 1625 2136 inventum;
1638 2107 1666 2130 et
1675 2103 1738 2130 inde
1749 2103 1823 2130 aliud

1036 2151 1089 2179 iter
1101 2151 1263 2185 suscipiens,
1274 2155 1302 2177 et
1316 2150 1350 2177 ab
1360 2157 1404 2181 eo,
1417 2149 1491 2184 quod
1504 2148 1572 2176 nihil
1589 2149 1701 2183 prodest
1716 2157 1826 2184 semper

1037 2197 1205 2227 transiliens.
1226 2196 1261 2224 ad
1287 2196 1325 2229 id,
1347 2196 1419 2230 quod
1436 2195 1619 2230 quzestuosius
1639 2200 1692 2228 est,
1707 2196 1796 2223 currit
1817 2205 1824 2222 :

199 2235 281 2267 κίλως
289 2236 336 2262 καὶ
348 2235 478 2270 ὲντὲχνως
490 2236 706 2271 εὐτρεπίσωμεν,
721 2237 795 2268 ὅπως
810 2237 982 2272 κερδάνωμεκ.

1038 2243 1079 2269 sic
1091 2249 1200 2277 quoque
1213 2249 1265 2269 uos
1280 2241 1398 2268 animam
1413 2245 1535 2268 nostram
1549 2241 1624 2268 varie
1638 2244 1666 2267 et
1679 2241 1826 2268 artiﬁciose

198 2281 229 2308 τὸ
237 2281 362 2316 ἀληθινὸν
375 2281 422 2308 καὶ
433 2282 505 2316 μέγα
515 2282 619 2317 κέρδος,
632 2282 677 2308 τὸν
687 2283 752 2309 Θεὸν
768 2282 814 2309 τὸν
827 2283 987 2309 διδάσκοντα

199 2328 273 2362 ἡμᾶς
288 2326 318 2360 ἐξ
332 2328 461 2363 ἀληθείας
477 2328 686 2363 προσεύχεσθαι.
704 2328 797 2360 Οὕτως
814 2329 868 2364 γὰρ
886 2330 988 2356 ἐπαναο

200 2373 318 2401 παύεται
334 2375 348 2400 ὁ
362 2375 464 2409 Κύριος
480 2376 514 2410 τῇ
533 2375 622 2410 ἀγαθῇ
638 2375 688 2409 τῆς
703 2374 793 2410 ψυχῆς
815 2375 987 2410 προαιρέσει,

201 2420 296 2455 θρόνον
308 2420 387 2455 δόξης
402 2421 487 2456 αὐτὴν
516 2420 710 2456 ἐργαζόμενος,
734 2421 934 2456 ἐπικαθήμενός
958 2430 988 2448 τε

202 2467 250 2493 καὶ
271 2467 516 2501 ἐπαναπαυόμενος
536 2467 581 2493 ἐπ’
598 2468 693 2502 αὑτήν.
715 2468 809 2499 Οὕτως
833 2468 886 2502 γὰρ
913 2468 990 2502 παρὰ

206 2512 337 2547 Ἰεζεκιὴλ
352 2512 399 2539 τοῦ
423 2514 564 2548 προφήτου
581 2513 739 2548 ἠκούσαμεν
755 2513 820 2548 περὶ
839 2513 893 2540 τῶν
910 2522 990 2539 πνευ-

209 2558 331 2593 ματικῶν
356 2557 445 2591 ζώων,
475 2560 530 2585 τῶν
548 2559 759 2593 ὑπεζευγμένων
778 2558 817 2593 τῷ
832 2558 989 2593 Δεσποτικῷ

203 2604 306 2639 ἅρματι
319 2613 326 2621 ·
340 2604 496 2639 ὁλόφθαλμα
508 2605 563 2640 γὰρ
571 2605 638 2640 ἡμῖν
652 2613 688 2631 πα
694 2605 774 2640 ριστᾷ
785 2605 881 2636 ταῦτα,
894 2604 989 2639 ὥσπερ

203 2651 276 2676 ἐστὶν
287 2651 304 2685 ἡ
314 2650 387 2685 ψυχὴ
397 2650 596 2685 ήιβαστάζουσα
602 2650 647 2676 τὸν
657 2644 734 2682 Θεὸν,
747 2650 879 2685 μᾶλλονδὲ
888 2650 988 2684 βαστα-

204 2695 304 2730 ζομὲνη
327 2695 379 2721 ὑπὸ
396 2695 444 2721 τοῦ
461 2695 529 2721 Θεοῦ
547 2703 555 2711 ⁸
578 2695 699 2729 γίγνεται
712 2696 767 2730 γὰρ
778 2694 825 2730 ὅλη
840 2694 988 2730 ὀφθαλμός.

241 2741 276 2768 l".
300 2741 354 2768 Καὶ
373 2741 403 2767 ὃν
423 2741 525 2775 τρόπον
543 2739 617 2772 οἶκος
642 2741 689 2767 τὸν
711 2741 844 2776 δεσπότην
869 2741 991 2776 παρόντα

203 2786 272 2822 ἔχων
280 2808 288 2820 ,
305 2788 396 2823 πάσης
409 2788 489 2823 γέμει
501 2788 648 2823 εὐκοσμίας
658 2788 704 2814 καὶ
712 2787 876 2823 ὼραιὸτητος
886 2788 934 2813 καὶ
948 2788 993 2813 εί..

1039 2286 1220 2317 adornemus.
1244 2289 1274 2312 ut
1297 2285 1500 2312 lucrifaciamus
1519 2293 1614 2312 verum
1639 2293 1670 2312 ac
1687 2293 1823 2312 summum

1039 2332 1157 2362 lucrum,
1174 2331 1259 2358 Deum
1272 2330 1414 2362 nimirum,
1430 2330 1477 2365 qui
1493 2330 1590 2357 doceat
1606 2337 1655 2356 nos
1669 2329 1696 2356 in
1711 2329 1826 2356 veritate

1039 2376 1155 2410 precari.
1171 2375 1211 2401 Ad
1230 2375 1303 2402 hunc
1315 2375 1388 2402 enim
1404 2374 1514 2401 modum
1531 2373 1679 2408 requiescit
1694 2374 1826 2400 Dominus
1845 2374 1853 2413 i_

1040 2422 1067 2448 in
1093 2421 1163 2448 bona
1185 2420 1283 2447 anima:
1305 2420 1471 2452 intentione,
1495 2420 1624 2447 thronum
1651 2419 1743 2454 gloriae
1765 2427 1825 2446 eam

1040 2467 1219 2498 constituens,
1231 2465 1363 2497 insidens,
1374 2470 1402 2493 et
1413 2465 1590 2500 requiescens
1600 2465 1628 2492 in
1642 2472 1685 2492 ca.
1699 2465 1744 2492 Sic
1751 2465 1826 2492 enim

1040 2512 1113 2547 apud
1127 2512 1298 2540 Ezechielem
1309 2511 1468 2546 prophetam
1479 2511 1635 2538 audivimus
1648 2511 1682 2538 de
1695 2511 1826 2546 spiritua-

1040 2559 1113 2586 libus
1125 2558 1289 2586 animalibus
1303 2558 1337 2590 ἰ,
1350 2557 1501 2592 subiugatis
1512 2557 1606 2584 currui
1626 2557 1742 2584 Domini.
1758 2557 1825 2584 Tota

1041 2604 1114 2631 enim
1122 2603 1230 2631 oculata
1239 2602 1320 2630 nobis
1330 2602 1458 2637 proponit
1466 2609 1509 2634 ea,
1519 2602 1672 2637 cuiusmodi
1684 2606 1726 2629 est
1736 2603 1826 2629 anima

1044 2658 1105 2685 quae.
1122 2650 1208 2677 Deum
1233 2653 1329 2684 gestat,
1355 2648 1480 2684 quiniiuo
1503 2656 1564 2683 qua:
1587 2652 1709 2683 gestatur
1725 2656 1739 2675 a
1759 2649 1826 2676 Deo.

1044 2695 1088 2722 Fit
1104 2695 1177 2723 enim
1194 2699 1249 2723 tota
1263 2696 1369 2723 oculus.

1082 2741 1126 2769 ΙΙΙ.
1152 2741 1186 2769 Et
1207 2741 1436 2774 quemadmodum
1463 2741 1576 2773 domus,
1601 2747 1662 2775 quze
1686 2739 1827 2767 dominum

1048 2792 1209 2822 praesentem
1225 2788 1316 2822 habet,
1331 2788 1405 2815 onmi
1422 2787 1543 2815 abundat
1555 2792 1665 2820 ornatu,
1678 2787 1829 2822 pulchritu-
1845 2780 1852 2782 ζ

241 2868 264 2884 ’⁸
279 2868 358 2896 Joan.
379 2877 414 2901 ιη,
432 2869 477 2897 24,
515 2869 536 2884 ²¹
553 2867 654 2896 Ezech.
667 2875 686 2899 ι,
705 2867 715 2893 1
731 2875 737 2899 ;
753 2875 779 2899 x,
792 2866 827 2899 ‘2;
843 2866 943 2894 lluluil.
959 2875 976 2899 I,
994 2867 1001 2892 l
1021 2874 1078 2900 st-q.
