2079 3152
260 188 312 220 747

873 191 893 220 S
923 189 1083 221 MACARII
1101 190 1261 221 lEGYPTll

1827 187 1878 217 743

260 252 352 273 tamen
368 245 598 276 Chrlstlanomm.
621 253 653 273 ac
681 246 813 281 consequi
842 246 904 273 illas
924 247 1044 275 dlvltlas.

1099 247 1156 274 σεῖν
1171 247 1275 274 ἐκεῖνον
1288 247 1333 273 τὸν
1349 246 1472 273 πλοῦτον.
1488 246 1662 281 κληρονομία
1675 246 1729 280 γὰρ
1741 245 1786 271 καὶ
1801 246 1879 280 μερὶς

263 289 417 318 ΙΙτιπεᾱίιιιε
431 290 505 316 enim
528 293 558 316 et
584 297 648 324 pars
666 289 900 321 Christianorum,
921 294 963 316 est
988 289 1046 324 ipse

262 335 343 362 Deus.
360 334 484 361 Dominus
498 335 578 366 enim,
600 335 699 369 inquit,
723 343 786 369 pars
800 335 961 361 hwreditatil
983 342 1046 361 mea

261 383 286 405 et
301 379 390 405 colicis
407 379 458 405 mei
469 379 502 405 “.
514 379 607 406 Gloria
624 380 659 407 sit
675 380 712 412 ei,
733 380 780 415 qui
799 388 828 407 se
846 379 935 414 ipsum
951 380 1045 410 donat,

260 428 342 458 atque
367 424 516 459 permiscet
547 429 669 452 sanctam
697 425 817 452 animam
843 432 921 452 suam
947 423 1047 451 animis

259 469 490 504 Christianorum,
508 470 536 498 in
551 471 661 498 saecula.
677 470 774 498 Amen.

463 527 543 562 126
569 526 711 554 HOMILIA
726 526 832 554 XXXV.

441 571 480 599 De
500 573 614 600 Sabbato
629 574 737 608 antiquo
751 577 776 599 et
787 581 863 607 ηουρ.

296 626 316 654 l.
335 627 365 654 in
379 628 476 656 umbra
487 629 554 664 legis
562 637 611 665 per
620 629 713 656 Mosen
723 629 793 656 data:
806 627 947 656 mandavit
961 627 1042 660 Deus,

262 681 489 710 unumquemque
515 677 690 711 requiescere
716 677 743 704 in
770 675 900 708 Sabbato,
925 682 954 703 et
974 676 1043 702 nihil

260 727 350 754 agere.
365 721 421 748 lloc
432 726 523 749 autem
537 722 621 757 ﬁgura
633 727 692 750 erat
702 728 729 750 ct
741 723 839 750 umbra
851 723 907 750 veri
920 722 1043 754 Sabbati,

259 765 332 798 quod
349 766 447 794 anima:
460 766 578 794 donatur
592 775 607 794 a
627 768 752 795 Domino.
770 767 866 795 Anima
884 768 968 798 enim,
984 776 1044 802 qua:

259 810 341 845 digna
355 817 483 839 censetur
499 813 533 839 ab
552 813 680 840 obscenis
706 819 734 840 et
759 813 888 847 turpibus
901 813 1046 848 cogitatio-

259 855 342 883 nibus
363 857 484 891 liberari,
518 862 574 885 tum
603 866 699 886 verum
728 858 878 885 Sabhatum
911 859 1042 891 celebrat,

260 906 316 928 tum
345 910 438 931 veram
467 904 591 938 requiem
617 904 775 938 requiescit.
790 904 877 930 otium
909 911 993 938 agens
1014 909 1041 931 et
1058 921 1082 950 Β

259 947 373 976 liberata
388 949 422 975 ab
438 950 565 976 omnibus
573 950 704 984 operibus
717 950 881 977 tenebrosis.
897 950 955 977 lllic
969 950 1043 977 enim

261 993 289 1019 in
304 994 386 1028 lypici
402 994 513 1022 Sabbati
531 995 728 1027 celebratione,
741 995 791 1022 etsi
800 1003 915 1030 corpora
922 996 1046 1030 quiesce-

261 1038 336 1070 bant,
353 1043 542 1067 verumtamen
557 1040 655 1068 anima:
673 1040 802 1075 nequitiis
816 1048 848 1068 ac
868 1041 945 1068 vitiis
966 1046 1046 1068 erant

260 1083 380 1118 illigalm.
395 1083 452 1112 lloc
461 1093 537 1118 vero,
545 1093 640 1113 verum
651 1085 799 1113 Sabbatum
809 1095 873 1114 vera
882 1091 924 1114 est
937 1087 1046 1121 requies

259 1130 368 1159 animm.
381 1138 442 1164 qua:
455 1136 544 1163 vacat,
555 1135 583 1158 ct
593 1136 743 1166 expurgatu
754 1138 795 1159 cst
807 1141 822 1159 a
833 1133 1046 1167 cogitationibus

261 1173 376 1206 Satanan,
391 1179 419 1202 ct
434 1175 582 1210 requiescit
601 1175 629 1202 in
651 1180 787 1210 perpetua
801 1177 894 1211 quiete
909 1182 936 1205 ct
951 1177 1046 1205 laetitia

260 1218 380 1251 Domini.

296 1351 330 1378 ll.
352 1351 587 1384 Quemadmodum
602 1353 675 1381 enim
690 1358 756 1381 tunc
773 1354 920 1387 mandavit,
939 1359 969 1382 ut
988 1355 1046 1389 ipsa

258 1405 369 1432 quoque
387 1398 466 1425 bruta
482 1399 612 1426 animalia
625 1399 744 1427 Sabbato
755 1400 940 1435 quiescerent,
950 1408 985 1428 ne
998 1401 1047 1428 bos

258 1443 311 1470 sub
337 1444 432 1479 jugum
448 1445 633 1472 necessarium
652 1446 820 1478 traheretur;
834 1454 866 1473 ne
876 1446 952 1473 asino
961 1455 1046 1474 onera

260 1490 487 1524 imponerentur;
503 1491 682 1525 quiescebant
699 1492 773 1518 enim
787 1492 845 1526 ipsa
861 1500 972 1527 quoque
988 1493 1048 1520 ani-

260 1534 340 1561 malia
356 1542 370 1561 a
383 1534 460 1562 duris
477 1536 628 1570 operibus;
659 1536 699 1563 sic
723 1544 831 1571 quoque
844 1545 905 1563 cum
926 1538 1047 1565 venisset

1096 292 1151 318 τῶν
1171 292 1343 327 Χριστιανῶν
1366 292 1446 324 αὑτός
1463 292 1538 318 ἐστιν
1556 293 1570 318 6
1585 291 1666 323 Θεός·
1691 291 1798 325 Κύριος
1814 291 1878 326 γὰρ,

1097 338 1174 372 φησὶ,
1180 338 1266 372 μερίς
1276 337 1330 371 τῆς
1340 338 1540 372 κληρονομίας
1550 346 1608 372 μου
1617 337 1664 364 καί
1674 337 1726 364 τοῦ
1737 337 1878 370 ποτηρίου

1093 391 1163 416 μου.
1181 383 1249 416 Δόξα
1265 383 1304 418 τῷ
1323 383 1418 409 ἑαυτὸν
1432 383 1540 415 διδόντι,
1563 383 1609 409 καὶ
1633 382 1813 417 συγκιρνῶντι
1830 382 1879 417 τὴν

1095 427 1177 461 ἁγίαν
1195 428 1276 462 φύσιν
1288 428 1370 454 αὑτοῦ
1382 429 1442 460 ταῖς
1457 428 1556 463 ψυχαῖς
1570 427 1625 455 τῶν
1643 427 1824 463 Χριστιανῶν,
1839 428 1878 460 εἰς

1095 474 1157 505 τοὺς
1172 474 1285 505 αίῶνας.
1312 474 1408 510 Ἀμήν.

1388 530 1510 558 ΟΜΙΛΙΔ
1526 529 1587 557 AE'.

1122 578 1191 613 "rp!
1206 576 1258 606 τοῦ
1271 576 1401 604 παλαιοῦ
1417 577 1465 603 καὶ
1492 575 1545 603 τοῦ
1557 575 1664 602 καινοῦ
1681 576 1844 604 Σαόσὰτου.

1131 637 1170 663 A'.
1198 635 1242 662 Ἐν
1264 636 1298 669 τῇ
1321 634 1386 669 σκιᾷ
1402 633 1448 660 τοῦ
1466 633 1549 667 νόμου
1563 632 1610 659 τοῦ
1626 632 1671 658 διὰ
1693 633 1815 664 Μωσέως
1833 633 1877 659 δο-

1101 681 1203 713 θέντος,
1216 679 1380 715 προσέταξεν
1403 679 1417 705 6
1434 678 1498 710 Θεὸς
1515 679 1543 704 ὲν
1562 678 1601 712 τῷ
1616 677 1746 713 Σαϐὃάτῳ
1764 678 1877 705 ἕκαστον

1097 725 1286 753 ἀναπαύεσθαι
1303 724 1350 751 καὶ
1364 724 1446 759 μηδὲν
1462 724 1558 750 ποιεῖν.
1566 723 1651 750 Τοῦτο
1658 723 1686 749 δὲ
1696 724 1779 754 τύπος
1788 721 1821 757 ἦν
1832 723 1877 749 καὶ

1096 771 1159 798 σχιά
1179 770 1225 797 τοῦ
1241 769 1365 804 ἀληθινοῦ
1380 768 1518 795 Σαϐδάτου
1532 767 1578 794 τοῦ
1597 767 1732 802 διδομένου
1751 768 1784 801 τῇ
1805 766 1876 801 ψυχῇ

1094 817 1147 843 ἀπὸ
1158 816 1205 842 τοῦ
1213 816 1327 851 Κυρίου.
1335 815 1366 842 'H
1377 815 1431 849 γὰρ
1442 813 1878 849 καταξιωθεῦαψυχὴῇλευθερω-

1094 861 1183 897 θῆναι]
1195 862 1249 888 ἀπὸ
1263 861 1317 888 τῶν
1327 861 1446 896 αἰσχρῶν
1460 860 1508 886 καὶ
1525 860 1653 895 ῥυπαρῶν
1668 859 1815 894 λογισμῶν,
1831 860 1878 887 καὶ

1094 907 1219 942 ἀληθινὸν
1232 906 1368 932 Σόδὸατον
1383 905 1552 937 σαϐϐατίζει,
1560 905 1607 931 καὶ
1616 904 1743 940 ἀληθινὴν
1755 905 1876 931 ἀνάπαυ-

1097 961 1138 978 σιν
1162 952 1341 984 ἀναπαύεται,
1368 951 1490 986 ἀργοῡσα
1512 951 1559 977 καί
1588 950 1797 985 ὲλευθερουμένη
1824 950 1878 977 ἀπὸ

1095 999 1204 1026 πάντων
1219 999 1274 1025 τῶν
1289 998 1433 1024 σκοτεινῶν
1447 997 1545 1033 ἔργων.
1568 997 1639 1022 Ἐκεῖ
1654 996 1702 1030 μὲν
1723 996 1777 1031 γὰρ
1795 997 1835 1028 είς
1848 997 1878 1022 τὸ

1095 1044 1210 1071 τυπικὺν
1236 1043 1383 1075 Σάϐϐατον,
1399 1043 1423 1069 εὶ
1448 1042 1497 1069 καὶ
1520 1041 1680 1077 σωματικῶς
1701 1041 1876 1073 ἀνεπαύοντο,

1096 1089 1153 1116 ἀλλ’
1169 1091 1196 1116 al
1211 1089 1294 1124 ψυχαὶ
1309 1089 1348 1120 εἰς
1361 1089 1409 1120 τάς
1425 1087 1555 1122 πονηρίας
1575 1088 1622 1114 καὶ
1637 1087 1735 1118 κακίας
1749 1084 1819 1121 ἦσαν
1834 1087 1878 1113 δε·-

1095 1135 1215 1169 δεμέναι.
1229 1134 1315 1162 Τοῦτο
1332 1134 1361 1160 δὲ
1376 1134 1405 1159 τὸ
1419 1133 1545 1168 ἀληθινὸν
1563 1132 1710 1165 Σάπατον,
1728 1132 1879 1162 ἀνάπαυσις

1095 1181 1208 1216 ἀληθινή
1233 1181 1301 1211 ἐστι,
1327 1180 1414 1214 ψυχῆς
1434 1178 1571 1214 ἀργούσης
1596 1178 1643 1204 καὶ
1662 1177 1880 1213 καθαριζομένης

1096 1228 1150 1255 ἀπὸ
1165 1227 1218 1254 τῶν
1233 1225 1413 1260 διαλογισμῶν
1430 1224 1477 1251 τοῦ
1501 1224 1617 1256 Σατανᾶ,
1638 1223 1685 1250 καὶ
1705 1223 1880 1258 ἀναπαυομέ-

1096 1281 1145 1308 νης
1166 1273 1206 1304 εις
1228 1271 1278 1306 τὴν
1300 1270 1348 1298 τοῦ
1372 1269 1475 1306 Κυρίου
1502 1269 1655 1296 ἀνάπαυσιν
1683 1267 1810 1301 αίωνίανν,
1832 1267 1879 1295 καὶ

1115 1318 1193 1344 αοάν.

1096 1326 1287 1394 “gains-nep
1300 1360 1354 1396 γὰρ
1370 1360 1429 1386 τότε
1443 1358 1592 1394 προσέταξε
1609 1357 1656 1384 καὶ
1667 1358 1736 1384 αὐτά
1749 1356 1781 1383 τὰ
1796 1356 1880 1389 ἄλογα

1097 1406 1155 1439 ζῶα.
1168 1405 1207 1441 τῷ
1223 1405 1353 1440 Σαϐϐάτῳ
1378 1402 1576 1435 ἀναπαύεσθαι,
1602 1402 1647 1428 τὸν
1674 1401 1737 1436 βοῦν
1766 1400 1803 1435 μὴ
1827 1400 1881 1426 ὑπὸ

1097 1451 1179 1485 ζυγὸν
1193 1450 1313 1484 ἀνάγκης
1332 1448 1459 1475 ἕλκεσθαι
1471 1467 1478 1479 .
1498 1447 1543 1474 τὸν
1557 1446 1617 1472 (Nov
1640 1445 1676 1481 μὴ
1697 1445 1881 1479 ὲπιφορτίζειν

1097 1496 1273 1532 (ἀνεπαύοντο
1289 1496 1343 1531 γὰρ
1367 1495 1415 1520 καὶ
1430 1493 1500 1520 αὐτὰ
1513 1493 1547 1519 τὰ
1565 1492 1622 1524 ζῶα
1634 1492 1688 1518 ἀπὺ
1704 1491 1758 1517 τῶν
1775 1491 1882 1526 βαρέων

1098 1543 1209 1578 ἑργων)’
1228 1541 1315 1573 οὕτως
1331 1539 1415 1567 ἐλθὼν
1438 1540 1453 1566 6
1475 1538 1575 1574 Κύριος
1592 1538 1638 1564 καὶ
1653 1537 1683 1564 τὺ
1697 1536 1820 1571 ἀληθινὸν
1835 1536 1881 1562 καὶ

260 1580 403 1613 Dominus,
428 1584 455 1607 ct
470 1588 567 1607 verum
580 1585 769 1616 aeternumque
784 1582 931 1610 Sabbatum
948 1588 1046 1610 contu-

1098 1589 1206 1616 αἰώνιον
1220 1588 1358 1616 Σάϐϐατον
1380 1586 1452 1618 δοὺς,
1468 1586 1605 1612 ἀνέπαυσε
1624 1585 1673 1618 τὴν
1694 1582 1883 1618 βεδαρημένην

259 1625 345 1656 lissct,
363 1626 527 1653 rel’ocillavit
539 1626 657 1653 animam
670 1627 801 1655 oneribus
817 1629 981 1663 iniquitatis,
995 1630 1046 1656 im-

260 1671 478 1706 mundarumque
492 1672 689 1707 cogitationum
705 1679 845 1709 gravatam
857 1668 889 1702 'ct
906 1681 1044 1709 onustam,

260 1720 287 1742 et
304 1721 463 1750 operantem
488 1718 643 1752 iniquitatis
659 1726 742 1753 opera
760 1721 928 1754 necessario,
944 1722 1045 1756 quippe

260 1769 321 1795 qua:
338 1762 389 1789 sub
408 1763 571 1790 acerborum
599 1764 775 1792 dominorum
800 1766 961 1794 servitutem
986 1772 1046 1794 erat

261 1806 387 1838 chacta;
401 1812 429 1835 et
444 1808 545 1836 levavit
555 1817 617 1837 eam
628 1810 664 1838 ob
674 1811 804 1839 oneribus
817 1811 1045 1844 intolerabilibus,

260 1851 342 1879 \ariis
373 1857 455 1888 atque
481 1854 610 1883 obscenis
634 1856 856 1891 cogitationibus,
882 1857 1047 1892 sublatoque

258 1899 335 1932 {gravi
351 1899 414 1934 iugo
430 1907 543 1935 operum
559 1901 718 1936 iniquorum
730 1903 865 1930 recreavit
882 1911 954 1937 cam,
972 1903 1047 1940 cogi-

260 1944 412 1973 tationibus
427 1946 542 1981 impuris
559 1947 740 1976 laborantem.

295 1991 339 2018 lll.
357 1992 490 2020 Dominus
506 1993 580 2020 enim
593 1999 674 2021 vocat
694 1995 834 2023 hominem
848 1995 882 2022 ad
895 1996 1046 2023 recreatio-

260 2045 334 2069 trem,
350 2038 495 2072 inquiens:
514 2039 601 2067 Venite
614 2041 649 2067 ad
667 2049 717 2073 me,
741 2049 830 2068 omnes
852 2042 897 2077 qui
920 2041 1046 2070 laboratis

260 2088 285 2110 ινι
301 2085 405 2111 onerati
427 2086 498 2116 estis,
527 2090 550 2111 et
580 2094 626 2121 ego
652 2087 802 2129 rel'ocillabo
829 2095 872 2114 vos
899 2088 931 2114 ³³.
953 2088 1046 2122 itaque

260 2140 430 2168 qumeunque
440 2135 537 2161 anima:
545 2135 715 2162 crediderint
723 2141 750 2163 ct
759 2137 934 2169 accesserint,
944 2137 1049 2165 relicict

261 2185 308 2203 cas
324 2177 358 2203 ab
375 2178 418 2204 his
437 2178 576 2212 gravibus,
590 2179 712 2206 molestis
730 2185 756 2206 et
777 2179 926 2207 immundis
943 2181 1048 2215 cogita-

261 2223 393 2254 tionibus,
410 2232 471 2258 quze
489 2229 619 2252 vacantes
635 2225 669 2252 ab
692 2226 766 2252 omni
790 2226 945 2261 iniquitate,
975 2228 1049 2255 ccle~

1097 1635 1144 1662 καὶ
1159 1633 1380 1668 πεφορτισμένην
1392 1631 1481 1666 ψυχὴν
1493 1630 1613 1666 φορτίοις
1623 1629 1747 1663 ἀνομίας,
1762 1627 1882 1663 ἀκαθάρ-

1095 1689 1150 1708 ⁴ιων
1176 1679 1375 1713 διαλογισμῶν,
1400 1677 1447 1704 καὶ
1471 1675 1658 1712 ἐργαζομένην
1683 1673 1787 1704 ἀδικίας
1814 1673 1881 1707 ἔργα

1097 1726 1165 1762 μετὰ
1174 1726 1295 1760 ἀνάγκης
1306 1725 1343 1756 ὡς
1353 1724 1403 1750 ὑπὸ
1411 1723 1542 1753 δεσπότας
1553 1719 1880 1756 πικροὺςδεδουλωμένην,

1097 1773 1143 1798 καὶ
1155 1771 1298 1805 ἐκούφισεν
1308 1769 1390 1804 αὐτὴν
1404 1768 1458 1794 ἀπὸ
1468 1767 1523 1794 τῶν
1533 1767 1739 1793 δυσὸαστάκτων
1754 1765 1884 1800 φορτίων,

1098 1817 1220 1852 ματαίων
1230 1816 1277 1843 καὶ
1288 1815 1417 1851 ῥυπαρῶν
1426 1813 1617 1848 διαλογισμῶν.
1628 1813 1680 1838 Καὶ
1687 1809 1738 1847 ἦρε
1745 1811 1791 1837 τὸν
1801 1811 1882 1844 ζυγὸν

1097 1863 1142 1889 τὸν
1158 1862 1254 1897 πικρὸν
1266 1862 1319 1887 τῶν
1336 1861 1424 1896 ἔργων
1436 1859 1551 1892 ἀδικίας,
1568 1859 1615 1885 καὶ
1627 1858 1778 1884 ἀνέπαυσεν
1800 1857 1884 1892 αὐτὴν

1097 1907 1237 1935 κοπιῶσαν
1252 1909 1280 1938 ὲν
1294 1908 1349 1938 τοῖς
1362 1906 1545 1941 διαλογισμοῖς
1564 1905 1613 1940 τῆς
1625 1903 1804 1938 ἀκαθαρσίας.

1133 1995 1170 2024 Γ’.
1194 1995 1222 2022 '0
1246 1995 1299 2030 γὰρ
1317 1994 1418 2030 Κύριος
1443 1993 1521 2020 καλεῖ
1544 1992 1589 2020 τὸν
1610 1992 1752 2027 ἄνθρωπον
1771 1992 1810 2023 εἰς
1834 1991 1883 2026 τὴν

1098 2041 1250 2068 ἀνάπαυσιν
1267 2040 1363 2074 λέγων,
1379 2039 1468 2066 Δεῦτε
1483 2037 1594 2070 πάντες
1609 2039 1634 2065 οί
1646 2036 1818 2070 κοπιῶντες,
1835 2036 1885 2063 και

1098 2087 1338 2122 πεφορτισμένοιυ
1357 2085 1437 2120 κάγὼ
1452 2085 1618 2112 ἀναπαύσω
1635 2083 1723 2118 ὑμᾶς.
1743 2084 1798 2110 Καὶ
1823 2083 1884 2109 ὅσαι

1099 2133 1184 2168 ψυχαὶ
1198 2133 1335 2160 πείθονται
1357 2133 1404 2158 καὶ
1423 2131 1629 2167 προσέρχονται,
1648 2130 1782 2157 ἀναπαύει
1800 2129 1885 2160 αὑτὰς

1099 2179 1153 2205 ἀπὸ
1167 2180 1270 2206 τούτων
1284 2178 1338 2204 τῶν
1348 2177 1452 2213 βαρέων
1464 2177 1509 2203 καὶ
1519 2176 1654 2211 φορτικῶν
1663 2177 1709 2202 καὶ
1723 2175 1884 2209 ἀκαθάρτων

1100 2225 1247 2259 λογισμῶν,
1263 2225 1310 2251 καὶ
1326 2223 1456 2259 ἀργοῦσιν
1471 2223 1524 2250 ἀπὸ
1536 2223 1625 2258 πάσης
1638 2222 1762 2257 ἀνομίας,
1781 2221 1884 2247 σαὸὃα-

264 2268 345 2297 hrant
370 2269 520 2296 Sabbatum
558 2278 665 2303 verum,
696 2271 857 2298 deliciarum
886 2272 995 2306 plenum
1018 2277 1046 2301 et

1099 2270 1221 2302 τίζουσαι
1246 2269 1382 2296 Σάϐϐατον
1397 2268 1532 2303 ἀληθινὸν,
1557 2267 1702 2302 τρυφερὸν,
1723 2267 1814 2300 ἅγιον·
1837 2266 1884 2292 καὶ

260 2319 405 2342 sanctum:
425 2321 558 2351 peragunt
575 2317 674 2344 festum
700 2317 829 2352 Spiritus,
846 2318 937 2352 gaudii
954 2323 982 2345 et
997 2327 1047 2346 ex-

259 2361 415 2388 sultationis
423 2362 657 2395 incnarrabilis,et
665 2363 787 2390 serviunt
795 2364 937 2390 servitium
948 2373 1046 2399 purum

259 2410 288 2433 et
306 2407 362 2433 Deo
375 2412 482 2442 gratum
498 2415 530 2434 ex
547 2416 617 2442 puro
633 2408 727 2440 corde,
758 2409 812 2436 hoc
833 2414 885 2441 est,
902 2417 999 2437 verum
1019 2415 1048 2438 et

258 2455 383 2478 sanctum
398 2451 558 2478 Sabbatum.
576 2451 759 2479 Obsecremus
785 2461 850 2488 ergo
870 2461 919 2480 nos
935 2462 1048 2488 quoque

259 2495 356 2526 Deum,
368 2500 397 2521 ut
407 2496 594 2530 ingrediamur
606 2496 632 2523 in
643 2496 713 2523 hanc
729 2497 863 2531 requiem,
872 2502 902 2524 ut
914 2498 1049 2525 ferientur

259 2549 274 2568 ιι
291 2541 429 2575 turpibus,
444 2542 590 2569 malitiosis
615 2547 698 2576 atque
720 2543 799 2570 vanis
821 2543 1046 2578 cogitationibus,

258 2594 313 2620 quo
327 2587 380 2614 hoc
395 2592 474 2621 pacto
485 2587 625 2622 possimus
640 2588 785 2615 servitium
798 2589 930 2616 exhibere
946 2589 1003 2616 Deo
1013 2598 1047 2616 cx

261 2641 331 2666 puro
348 2633 441 2664 corde,
463 2641 495 2660 ac
514 2633 656 2660 celebrare
681 2634 781 2661 festum
807 2634 926 2669 Spiritus
948 2635 1045 2662 sancti.

260 2678 358 2705 Beatus
380 2686 456 2713 ergo,
487 2679 532 2713 qui
557 2679 700 2714 ingressus
728 2685 770 2707 est
802 2680 875 2707 illam
910 2681 1045 2715 requiem.

259 2723 351 2750 Gloria
366 2724 449 2755 Patri,
465 2725 508 2751 cui
537 2725 577 2752 sic
600 2725 715 2759 placuit,
733 2731 760 2752 et
783 2726 862 2760 Filio,
881 2731 910 2753 et
933 2727 1046 2762 Spiritui

260 2773 365 2800 sancto,
388 2770 414 2796 in
433 2771 542 2797 smcula.
562 2771 661 2808 Amen.

298 2892 318 2914 ἰν
331 2890 402 2926 ΡδιιΙ.
420 2899 473 2923 xw,
489 2893 513 2919 Si.
555 2895 575 2909 ³ο
592 2895 686 2921 Matth.
703 2903 742 2929 XI,

1099 2315 1273 2350 ἑορτάζουσιν
1288 2314 1383 2350 ἑορτὴν
1399 2313 1565 2348 Πνεύματιος,
1581 2313 1678 2348 χαρᾶς,
1693 2313 1740 2338 xal.
1752 2311 1884 2346 ἀγαλλιά-

1099 2371 1168 2393 σεως
1183 2360 1378 2395 ἀνεκλαλήτου.
1400 2360 1455 2386 Καὶ
1473 2359 1634 2394 λατρεύουσι
1655 2357 1781 2392 λατρείαν
1800 2356 1885 2383 καθα-

1099 2406 1160 2441 ρὰν,
1176 2406 1223 2433 καὶ
1238 2406 1384 2441 εὐάρεστον
1400 2404 1439 2439 τῷ
1460 2403 1529 2439 Θεῷ,
1555 2404 1587 2430 ὲκ
1610 2402 1733 2438 καθαρᾶς
1756 2401 1882 2437 καρδίας

1097 2452 1176 2478 τοῦτό
1191 2453 1248 2478 ἐστι
1262 2451 1292 2478 τὸ
1308 2450 1432 2486 ἀληθινὸν
1446 2450 1492 2477 καὶ
1506 2450 1583 2483 ἅγιον
1599 2448 1744 2477 Σάίὲὁατον.
1756 2449 1884 2483 Παρακα-

1098 2498 1219 2532 λέσωμεν
1234 2495 1280 2524 οὖν
1304 2497 1350 2523 καὶ
1372 2497 1452 2532 ἡμεῖς
1465 2495 1511 2522 τὺν
1533 2495 1599 2522 Θεὸν
1628 2493 1759 2521 εἰσελθεῖν
1785 2494 1823 2524 είς
1835 2493 1885 2527 τὴν

1099 2531 1270 2570 κατάκαυσιν
1290 2542 1401 2577 ταύτην,
1427 2541 1474 2568 τοῦ
1499 2542 1594 2575 ἀργεῖν
1610 2540 1683 2574 ἡμᾶς
1701 2539 1755 2566 ἀπὸ
1770 2538 1823 2564 τῶν
1841 2538 1884 2563 al-

1100 2589 1201 2624 σχρῶν,
1220 2588 1263 2614 καὶ
1286 2587 1422 2622 πονηρῶν,
1437 2587 1485 2613 καὶ
1498 2585 1620 2621 ματαίων
1635 2583 1825 2619 διαλογισμῶν,
1842 2583 1884 2610 ἵνα

1099 2633 1186 2664 οὕτως
1196 2632 1354 2666 δυνηθῶμεν
1368 2631 1515 2666 λατρεῦσαι
1526 2631 1564 2665 τῷ
1575 2630 1634 2665 Θεῷ
1646 2631 1678 2661 ὲκ
1689 2629 1810 2663 καθαρᾶς
1819 2637 1885 2663 καρ-

1099 2679 1167 2710 δίας,
1183 2679 1229 2705 καὶ
1246 2678 1372 2713 ἑορτάσαι
1394 2677 1491 2712 ἑορτὴν
1508 2675 1664 2710 Ηνεύματος
1679 2675 1767 2708 ἁγίου.
1789 2673 1885 2700 Μακὰ-

1100 2733 1157 2759 ριος
1185 2723 1231 2750 οὖν
1257 2725 1271 2749 ὁ
1296 2722 1424 2749 εἰσελθὼν
1441 2723 1480 2753 εἰς
1502 2722 1610 2755 ὲχεινην
1624 2719 1673 2755 τὴν
1696 2719 1884 2746 κατάπαυσιν·

1100 2770 1162 2802 δόξα
1173 2769 1211 2804 τῷ
1223 2769 1309 2800 οὕτως
1321 2769 1496 2803 εὺδοκήσαντι
1511 2767 1608 2800 Πατρὶ,
1618 2766 1664 2795 καὶ
1677 2764 1745 2800 Υἰῷ,
1761 2763 1806 2791 καὶ
1816 2762 1885 2798 ἁγίῳ

1102 2816 1249 2850 Πνεύματι,
1266 2816 1305 2847 εἰς
1317 2816 1380 2847 τοὺς
1395 2814 1506 2846 αίῶνας.
1527 2814 1623 2853 Ἀμην.
