  <div class='ocr_page' id='page_1' title='image "/cluster/home/n/w/nwhite01/storage/ocr_20150623/34/njp.32101077772547/402.png"; bbox 0 0 2079 3152; ppageno 0'>
   <div class='ocr_carea' id='block_1_1' title="bbox 203 173 257 205">
    <p class='ocr_par' dir='ltr' id='par_1_1' title="bbox 203 173 257 205">
     <span class='ocr_line' id='line_1_1' title="bbox 203 173 257 205; baseline 0.019 -1"><span class='ocrx_word' id='word_1_1' title='bbox 203 173 257 205; x_wconf 68' lang='grc'><strong>749</strong></span> 
     </span>
    </p>
   </div>
   <div class='ocr_carea' id='block_1_2' title="bbox 497 235 700 271">
    <p class='ocr_par' dir='ltr' id='par_1_2' title="bbox 497 235 700 271">
     <span class='ocr_line' id='line_1_2' title="bbox 497 235 700 271; baseline 0.02 -10"><span class='ocrx_word' id='word_1_2' title='bbox 497 235 616 262; x_wconf 78' lang='grc' dir='ltr'><strong>οΜιΛΙΑ</strong></span> <span class='ocrx_word' id='word_1_3' title='bbox 630 237 700 271; x_wconf 70' lang='grc' dir='ltr'><strong>Λςν.</strong></span> 
     </span>
    </p>
   </div>
   <div class='ocr_carea' id='block_1_3' title="bbox 203 277 992 320">
    <p class='ocr_par' dir='ltr' id='par_1_3' title="bbox 203 277 992 320">
     <span class='ocr_line' id='line_1_3' title="bbox 203 277 992 320; baseline 0.01 -16"><span class='ocrx_word' id='word_1_4' title='bbox 203 277 272 312; x_wconf 77' lang='grc' dir='ltr'>Περί</span> <span class='ocrx_word' id='word_1_5' title='bbox 289 277 408 320; x_wconf 62' lang='grc' dir='ltr'>δισσῇς</span> <span class='ocrx_word' id='word_1_6' title='bbox 416 279 612 320; x_wconf 61' lang='grc' dir='ltr'><strong>ἁναᾳτὰσξῳς</strong></span> <span class='ocrx_word' id='word_1_7' title='bbox 623 282 690 320; x_wconf 56' lang='grc' dir='ltr'><strong>τῶν-</strong></span> <span class='ocrx_word' id='word_1_8' title='bbox 698 284 807 318; x_wconf 78' lang='grc' dir='ltr'><em>ψυχῶν</em></span> <span class='ocrx_word' id='word_1_9' title='bbox 825 285 873 311; x_wconf 76' lang='grc' dir='ltr'>καὶ</span> <span class='ocrx_word' id='word_1_10' title='bbox 894 285 992 320; x_wconf 82' lang='grc' dir='ltr'>σωμά-</span> 
     </span>
    </p>
   </div>
   <div class='ocr_carea' id='block_1_4' title="bbox 245 314 948 354">
    <p class='ocr_par' dir='ltr' id='par_1_4' title="bbox 245 314 948 354">
     <span class='ocr_line' id='line_1_4' title="bbox 245 314 948 354; baseline 0.011 -15"><span class='ocrx_word' id='word_1_11' title='bbox 245 321 316 345; x_wconf 71' lang='grc' dir='ltr'>των,</span> <span class='ocrx_word' id='word_1_12' title='bbox 328 314 379 340; x_wconf 76' lang='grc' dir='ltr'>καὶ</span> <span class='ocrx_word' id='word_1_13' title='bbox 390 314 534 349; x_wconf 66' lang='grc' dir='ltr'>διαφόρου</span> <span class='ocrx_word' id='word_1_14' title='bbox 549 317 642 350; x_wconf 81' lang='grc' dir='ltr'><strong>δόξης</strong></span> <span class='ocrx_word' id='word_1_15' title='bbox 655 314 715 344; x_wconf 64' lang='grc' dir='ltr'>τῶίε</span> <span class='ocrx_word' id='word_1_16' title='bbox 732 314 948 354; x_wconf 59' lang='grc' dir='ltr'>άὶκισταμένωγῖ</span> 
     </span>
    </p>
   </div>
   <div class='ocr_carea' id='block_1_5' title="bbox 239 368 994 410">
    <p class='ocr_par' dir='ltr' id='par_1_5' title="bbox 239 368 994 410">
     <span class='ocr_line' id='line_1_5' title="bbox 239 368 994 410; baseline 0.011 -15"><span class='ocrx_word' id='word_1_17' title='bbox 239 368 279 396; x_wconf 81' lang='lat' dir='ltr'><strong>A&#39;.</strong></span> <span class='ocrx_word' id='word_1_18' title='bbox 302 369 465 403; x_wconf 85' lang='grc' dir='ltr'>Ἀνάστασις</span> <span class='ocrx_word' id='word_1_19' title='bbox 487 372 541 398; x_wconf 84' lang='grc' dir='ltr'>τῶν</span> <span class='ocrx_word' id='word_1_20' title='bbox 567 373 671 408; x_wconf 87' lang='grc' dir='ltr'>νεκρῶν</span> <span class='ocrx_word' id='word_1_21' title='bbox 691 374 785 410; x_wconf 80' lang='grc' dir='ltr'>ψυχῶν</span> <span class='ocrx_word' id='word_1_22' title='bbox 803 376 857 402; x_wconf 85' lang='grc' dir='ltr'>άπὸ</span> <span class='ocrx_word' id='word_1_23' title='bbox 878 375 925 402; x_wconf 83' lang='grc' dir='ltr'>τοῦ</span> <span class='ocrx_word' id='word_1_24' title='bbox 945 376 994 404; x_wconf 84' lang='grc' dir='ltr'>νῦν</span> 
     </span>
    </p>
   </div>
   <div class='ocr_carea' id='block_1_6' title="bbox 204 414 992 459">
    <p class='ocr_par' dir='ltr' id='par_1_6' title="bbox 204 414 992 459">
     <span class='ocr_line' id='line_1_6' title="bbox 204 414 992 459; baseline 0.011 -19"><span class='ocrx_word' id='word_1_25' title='bbox 204 414 319 449; x_wconf 82' lang='grc' dir='ltr'>γίνεται.</span> <span class='ocrx_word' id='word_1_26' title='bbox 350 415 512 449; x_wconf 69' lang='grc' dir='ltr'>Ἀνάσειασις</span> <span class='ocrx_word' id='word_1_27' title='bbox 534 418 561 444; x_wconf 87' lang='grc' dir='ltr'>δὲ</span> <span class='ocrx_word' id='word_1_28' title='bbox 577 419 632 446; x_wconf 81' lang='grc' dir='ltr'>τῶν</span> <span class='ocrx_word' id='word_1_29' title='bbox 654 421 789 455; x_wconf 83' lang='grc' dir='ltr'>σωμάτων</span> <span class='ocrx_word' id='word_1_30' title='bbox 803 421 832 448; x_wconf 77' lang='grc' dir='ltr'>ἐν</span> <span class='ocrx_word' id='word_1_31' title='bbox 848 421 939 457; x_wconf 72' lang='grc' dir='ltr'>ἐκείνῃ</span> <span class='ocrx_word' id='word_1_32' title='bbox 959 424 992 459; x_wconf 82' lang='grc' dir='ltr'>τῇ</span> 
     </span>
    </p>
   </div>
   <div class='ocr_carea' id='block_1_7' title="bbox 203 459 994 501">
    <p class='ocr_par' dir='ltr' id='par_1_7' title="bbox 203 459 994 501">
     <span class='ocr_line' id='line_1_7' title="bbox 203 459 994 501; baseline 0.011 -15"><span class='ocrx_word' id='word_1_33' title='bbox 203 459 305 495; x_wconf 71' lang='grc' dir='ltr'>ἡμέρᾳ.</span> <span class='ocrx_word' id='word_1_34' title='bbox 325 461 431 496; x_wconf 84' lang='grc' dir='ltr'>’Ὠσπερ</span> <span class='ocrx_word' id='word_1_35' title='bbox 447 462 522 496; x_wconf 59' lang='grc' dir='ltr'>δὲζέν</span> <span class='ocrx_word' id='word_1_36' title='bbox 535 464 574 499; x_wconf 84' lang='grc' dir='ltr'><strong>τῷ</strong></span> <span class='ocrx_word' id='word_1_37' title='bbox 593 464 700 500; x_wconf 85' lang='grc' dir='ltr'><strong>οὐρανῷ</strong></span> <span class='ocrx_word' id='word_1_38' title='bbox 724 467 894 501; x_wconf 62' lang='grc' dir='ltr'>πεπηγμένα</span> <span class='ocrx_word' id='word_1_39' title='bbox 917 467 994 501; x_wconf 77' lang='grc' dir='ltr'>ὄντες</span> 
     </span>
    </p>
   </div>
   <div class='ocr_carea' id='block_1_8' title="bbox 203 506 994 547">
    <p class='ocr_par' dir='ltr' id='par_1_8' title="bbox 203 506 994 547">
     <span class='ocr_line' id='line_1_8' title="bbox 203 506 994 547; baseline 0.011 -15"><span class='ocrx_word' id='word_1_40' title='bbox 203 506 228 532; x_wconf 80' lang='lat' dir='ltr'><strong>oi</strong></span> <span class='ocrx_word' id='word_1_41' title='bbox 248 506 373 542; x_wconf 76' lang='grc' dir='ltr'><strong>ἀστέρες,</strong></span> <span class='ocrx_word' id='word_1_42' title='bbox 390 507 441 535; x_wconf 73' lang='grc' dir='ltr'>οὐκ</span> <span class='ocrx_word' id='word_1_43' title='bbox 458 508 510 535; x_wconf 73' lang='grc' dir='ltr'>[σοι</span> <span class='ocrx_word' id='word_1_44' title='bbox 525 509 626 542; x_wconf 82' lang='grc' dir='ltr'>πάντες</span> <span class='ocrx_word' id='word_1_45' title='bbox 640 511 719 542; x_wconf 84' lang='grc' dir='ltr'>είσὶν,</span> <span class='ocrx_word' id='word_1_46' title='bbox 741 511 799 538; x_wconf 86' lang='grc' dir='ltr'>ἀλλ’</span> <span class='ocrx_word' id='word_1_47' title='bbox 815 509 855 544; x_wconf 71' lang='grc' dir='ltr'>εἷς</span> <span class='ocrx_word' id='word_1_48' title='bbox 871 513 917 540; x_wconf 81' lang='grc' dir='ltr'>τοῦ</span> <span class='ocrx_word' id='word_1_49' title='bbox 933 514 994 547; x_wconf 79' lang='grc' dir='ltr'>ἐνὸς</span> 
     </span>
    </p>
   </div>
   <div class='ocr_carea' id='block_1_9' title="bbox 204 550 993 595">
    <p class='ocr_par' dir='ltr' id='par_1_9' title="bbox 204 550 993 595">
     <span class='ocr_line' id='line_1_9' title="bbox 204 550 993 595; baseline 0.013 -18"><span class='ocrx_word' id='word_1_50' title='bbox 204 550 329 587; x_wconf 78' lang='grc' dir='ltr'><strong>διαφέρει</strong></span> <span class='ocrx_word' id='word_1_51' title='bbox 343 553 373 580; x_wconf 78' lang='grc' dir='ltr'>ἐν</span> <span class='ocrx_word' id='word_1_52' title='bbox 387 555 420 589; x_wconf 85' lang='grc' dir='ltr'>τῆ</span> <span class='ocrx_word' id='word_1_53' title='bbox 440 553 614 590; x_wconf 79' lang='grc' dir='ltr'><strong>λαμπρότητι</strong></span> <span class='ocrx_word' id='word_1_54' title='bbox 631 556 678 583; x_wconf 76' lang='grc' dir='ltr'>καὶ</span> <span class='ocrx_word' id='word_1_55' title='bbox 697 557 905 595; x_wconf 81' lang='grc' dir='ltr'>μεγαλειότητι’</span> <span class='ocrx_word' id='word_1_56' title='bbox 922 559 993 587; x_wconf 79' lang='grc' dir='ltr'>οὕτω</span> 
     </span>
    </p>
   </div>
   <div class='ocr_carea' id='block_1_10' title="bbox 205 596 993 639">
    <p class='ocr_par' dir='ltr' id='par_1_10' title="bbox 205 596 993 639">
     <span class='ocr_line' id='line_1_10' title="bbox 205 596 993 639; baseline 0.013 -16"><span class='ocrx_word' id='word_1_57' title='bbox 205 596 256 624; x_wconf 77' lang='grc' dir='ltr'>κάν</span> <span class='ocrx_word' id='word_1_58' title='bbox 271 599 328 630; x_wconf 83' lang='grc' dir='ltr'>τοῖς</span> <span class='ocrx_word' id='word_1_59' title='bbox 341 601 549 634; x_wconf 78' lang='grc' dir='ltr'><strong>πνευματικοῖς,</strong></span> <span class='ocrx_word' id='word_1_60' title='bbox 565 602 636 628; x_wconf 83' lang='grc' dir='ltr'>κατὰ</span> <span class='ocrx_word' id='word_1_61' title='bbox 649 602 680 629; x_wconf 80' lang='grc' dir='ltr'><strong>τὸ</strong></span> <span class='ocrx_word' id='word_1_62' title='bbox 697 603 797 638; x_wconf 77' lang='grc' dir='ltr'>μέτρον</span> <span class='ocrx_word' id='word_1_63' title='bbox 811 605 860 639; x_wconf 83' lang='grc' dir='ltr'>τῆς</span> <span class='ocrx_word' id='word_1_64' title='bbox 875 605 993 638; x_wconf 82' lang='grc' dir='ltr'>πίστεώς</span> 
     </span>
    </p>
   </div>
   <div class='ocr_carea' id='block_1_11' title="bbox 205 643 992 683">
    <p class='ocr_par' dir='ltr' id='par_1_11' title="bbox 205 643 992 683">
     <span class='ocr_line' id='line_1_11' title="bbox 205 643 992 683; baseline 0.014 -15"><span class='ocrx_word' id='word_1_65' title='bbox 205 643 259 669; x_wconf 83' lang='grc' dir='ltr'>είσι</span> <span class='ocrx_word' id='word_1_66' title='bbox 273 645 412 679; x_wconf 80' lang='grc' dir='ltr'>προκοπαὶ</span> <span class='ocrx_word' id='word_1_67' title='bbox 422 646 451 672; x_wconf 83' lang='grc' dir='ltr'>ὲν</span> <span class='ocrx_word' id='word_1_68' title='bbox 465 646 539 681; x_wconf 82' lang='grc' dir='ltr'><strong>αὺτῷ</strong></span> <span class='ocrx_word' id='word_1_69' title='bbox 552 646 591 682; x_wconf 81' lang='grc' dir='ltr'>τῷ</span> <span class='ocrx_word' id='word_1_70' title='bbox 605 648 755 683; x_wconf 82' lang='grc' dir='ltr'>Πνεύματι,</span> <span class='ocrx_word' id='word_1_71' title='bbox 771 647 811 682; x_wconf 74' lang='grc' dir='ltr'><strong>εἷς</strong></span> <span class='ocrx_word' id='word_1_72' title='bbox 827 650 992 678; x_wconf 82' lang='grc' dir='ltr'>πλουσιώτε-</span> 
     </span>
    </p>
   </div>
   <div class='ocr_carea' id='block_1_12' title="bbox 204 690 993 730">
    <p class='ocr_par' dir='ltr' id='par_1_12' title="bbox 204 690 993 730">
     <span class='ocr_line' id='line_1_12' title="bbox 204 690 993 730; baseline 0.013 -15"><span class='ocrx_word' id='word_1_73' title='bbox 204 697 283 725; x_wconf 79' lang='grc' dir='ltr'>τερος</span> <span class='ocrx_word' id='word_1_74' title='bbox 297 690 343 716; x_wconf 83' lang='grc' dir='ltr'>τοῦ</span> <span class='ocrx_word' id='word_1_75' title='bbox 359 690 464 726; x_wconf 84' lang='grc' dir='ltr'>ἐτέρου.</span> <span class='ocrx_word' id='word_1_76' title='bbox 477 692 532 719; x_wconf 82' lang='grc' dir='ltr'>Καὶ</span> <span class='ocrx_word' id='word_1_77' title='bbox 548 694 565 728; x_wconf 83' lang='grc' dir='ltr'><strong>ἠ</strong></span> <span class='ocrx_word' id='word_1_78' title='bbox 577 693 671 730; x_wconf 83' lang='grc' dir='ltr'>Γραφὴ</span> <span class='ocrx_word' id='word_1_79' title='bbox 687 695 770 730; x_wconf 78' lang='grc' dir='ltr'>λέγει,</span> <span class='ocrx_word' id='word_1_80' title='bbox 782 696 822 723; x_wconf 85' lang='grc' dir='ltr'>ὅτι</span> <span class='ocrx_word' id='word_1_81' title='bbox 844 697 875 724; x_wconf 90' lang='lat'><strong>&#39;0</strong></span> <span class='ocrx_word' id='word_1_82' title='bbox 889 697 993 725; x_wconf 81' lang='grc' dir='ltr'><em>λαλῶν</em></span> 
     </span>
    </p>
   </div>
   <div class='ocr_carea' id='block_1_13' title="bbox 203 734 992 780">
    <p class='ocr_par' dir='ltr' id='par_1_13' title="bbox 203 734 992 780">
     <span class='ocr_line' id='line_1_13' title="bbox 203 734 992 780; baseline 0.015 -19"><span class='ocrx_word' id='word_1_83' title='bbox 203 734 239 761; x_wconf 71' lang='grc' dir='ltr'><strong>ἐν</strong></span> <span class='ocrx_word' id='word_1_84' title='bbox 256 735 391 770; x_wconf 82' lang='grc' dir='ltr'>γλώσσῃ,</span> <span class='ocrx_word' id='word_1_85' title='bbox 403 738 552 772; x_wconf 81' lang='grc' dir='ltr'>Πνεὺματι</span> <span class='ocrx_word' id='word_1_86' title='bbox 567 740 641 767; x_wconf 85' lang='grc' dir='ltr'><strong>Θεοῦ</strong></span> <span class='ocrx_word' id='word_1_87' title='bbox 657 742 748 768; x_wconf 79' lang='grc' dir='ltr'>λαλεῖ</span> <span class='ocrx_word' id='word_1_88' title='bbox 764 740 848 775; x_wconf 74' lang='grc' dir='ltr'>Οὗτος</span> <span class='ocrx_word' id='word_1_89' title='bbox 869 753 992 780; x_wconf 73' lang='grc' dir='ltr'>πνευμα-</span> 
     </span>
    </p>
   </div>
   <div class='ocr_carea' id='block_1_14' title="bbox 204 780 993 824">
    <p class='ocr_par' dir='ltr' id='par_1_14' title="bbox 204 780 993 824">
     <span class='ocr_line' id='line_1_14' title="bbox 204 780 993 824; baseline 0.016 -18"><span class='ocrx_word' id='word_1_90' title='bbox 204 780 279 813; x_wconf 80' lang='grc' dir='ltr'>τικός</span> <span class='ocrx_word' id='word_1_91' title='bbox 295 782 353 808; x_wconf 79' lang='grc' dir='ltr'>ἐστι</span> <span class='ocrx_word' id='word_1_92' title='bbox 368 782 426 817; x_wconf 85' lang='grc' dir='ltr'>Θεῷ</span> <span class='ocrx_word' id='word_1_93' title='bbox 435 783 533 810; x_wconf 86' lang='grc' dir='ltr'>λαλῶν·</span> <span class='ocrx_word' id='word_1_94' title='bbox 548 785 580 812; x_wconf 82' lang='lat'><strong>&#39;0</strong></span> <span class='ocrx_word' id='word_1_95' title='bbox 588 785 622 812; x_wconf 82' lang='grc' dir='ltr'>δὲ</span> <span class='ocrx_word' id='word_1_96' title='bbox 637 789 844 822; x_wconf 74' lang='grc' dir='ltr'>προφητεύων,</span> <span class='ocrx_word' id='word_1_97' title='bbox 865 790 993 824; x_wconf 81' lang='grc' dir='ltr'>Ἐκκλη-</span> 
     </span>
    </p>
   </div>
   <div class='ocr_carea' id='block_1_15' title="bbox 204 827 990 871">
    <p class='ocr_par' dir='ltr' id='par_1_15' title="bbox 204 827 990 871">
     <span class='ocr_line' id='line_1_15' title="bbox 204 827 990 871; baseline 0.013 -19"><span class='ocrx_word' id='word_1_98' title='bbox 204 827 278 853; x_wconf 79' lang='grc' dir='ltr'>σίαν</span> <span class='ocrx_word' id='word_1_99' title='bbox 291 828 448 863; x_wconf 74' lang='grc' dir='ltr'>οἰκοδομεῖ.</span> <span class='ocrx_word' id='word_1_100' title='bbox 466 827 550 862; x_wconf 75' lang='grc' dir='ltr'>Οὗτος</span> <span class='ocrx_word' id='word_1_101' title='bbox 562 832 720 867; x_wconf 84' lang='grc' dir='ltr'>περίσσειαν</span> <span class='ocrx_word' id='word_1_102' title='bbox 735 833 798 869; x_wconf 74' lang='grc' dir='ltr'>ἔσχε</span> <span class='ocrx_word' id='word_1_103' title='bbox 810 835 859 870; x_wconf 83' lang='grc' dir='ltr'><strong>τῆς</strong></span> <span class='ocrx_word' id='word_1_104' title='bbox 870 836 990 871; x_wconf 86' lang='grc' dir='ltr'>χάριτος·</span> 
     </span>
    </p>
   </div>
   <div class='ocr_carea' id='block_1_16' title="bbox 203 872 991 914">
    <p class='ocr_par' dir='ltr' id='par_1_16' title="bbox 203 872 991 914">
     <span class='ocr_line' id='line_1_16' title="bbox 203 872 991 914; baseline 0.015 -17"><span class='ocrx_word' id='word_1_105' title='bbox 203 872 219 898; x_wconf 82' lang='grc' dir='ltr'><strong>ὁ</strong></span> <span class='ocrx_word' id='word_1_106' title='bbox 230 872 280 906; x_wconf 84' lang='grc' dir='ltr'>μὲν</span> <span class='ocrx_word' id='word_1_107' title='bbox 292 873 347 909; x_wconf 78' lang='grc' dir='ltr'><strong>γὰρ</strong></span> <span class='ocrx_word' id='word_1_108' title='bbox 360 874 454 902; x_wconf 77' lang='grc' dir='ltr'>ἑαυτὸν</span> <span class='ocrx_word' id='word_1_109' title='bbox 468 876 547 910; x_wconf 81' lang='grc' dir='ltr'>μόνον</span> <span class='ocrx_word' id='word_1_110' title='bbox 557 878 702 914; x_wconf 80' lang='grc' dir='ltr'>οἰκοδομεῖ,</span> <span class='ocrx_word' id='word_1_111' title='bbox 716 879 730 905; x_wconf 83' lang='grc' dir='ltr'><strong><em>ὁ</em></strong></span> <span class='ocrx_word' id='word_1_112' title='bbox 740 879 768 906; x_wconf 80' lang='grc' dir='ltr'>δὲ</span> <span class='ocrx_word' id='word_1_113' title='bbox 779 880 873 907; x_wconf 81' lang='grc' dir='ltr'>ἑαυτὸν</span> <span class='ocrx_word' id='word_1_114' title='bbox 884 882 932 908; x_wconf 73' lang='grc' dir='ltr'><strong>καὶ</strong></span> <span class='ocrx_word' id='word_1_115' title='bbox 945 881 991 908; x_wconf 79' lang='grc' dir='ltr'>τὸν</span> 
     </span>
    </p>
   </div>
   <div class='ocr_carea' id='block_1_17' title="bbox 205 913 1027 960">
    <p class='ocr_par' dir='ltr' id='par_1_17' title="bbox 205 913 1027 960">
     <span class='ocr_line' id='line_1_17' title="bbox 205 913 1027 960; baseline 0.015 -17"><span class='ocrx_word' id='word_1_116' title='bbox 205 917 330 952; x_wconf 82' lang='grc' dir='ltr'>πλησίον.</span> <span class='ocrx_word' id='word_1_117' title='bbox 349 919 433 946; x_wconf 83' lang='grc' dir='ltr'>Τοῦτο</span> <span class='ocrx_word' id='word_1_118' title='bbox 450 921 478 948; x_wconf 83' lang='grc' dir='ltr'><strong>δέ</strong></span> <span class='ocrx_word' id='word_1_119' title='bbox 497 923 581 956; x_wconf 81' lang='grc' dir='ltr'>ἐστιν,</span> <span class='ocrx_word' id='word_1_120' title='bbox 597 913 693 960; x_wconf 70' lang='grc' dir='ltr'>ὥσττερ</span> <span class='ocrx_word' id='word_1_121' title='bbox 708 925 807 958; x_wconf 81' lang='grc' dir='ltr'>κόκκος</span> <span class='ocrx_word' id='word_1_122' title='bbox 822 927 895 953; x_wconf 88' lang='grc' dir='ltr'>σίτου</span> <span class='ocrx_word' id='word_1_123' title='bbox 910 935 989 954; x_wconf 83' lang='grc' dir='ltr'>σπει-</span> <span class='ocrx_word' id='word_1_124' title='bbox 1006 913 1027 940; x_wconf 74' lang='grc' dir='ltr'>Β</span> 
     </span>
    </p>
   </div>
   <div class='ocr_carea' id='block_1_18' title="bbox 198 959 990 1009">
    <p class='ocr_par' dir='ltr' id='par_1_18' title="bbox 198 959 990 1009">
     <span class='ocr_line' id='line_1_18' title="bbox 198 959 990 1009; baseline 0.016 -21"><span class='ocrx_word' id='word_1_125' title='bbox 198 959 318 998; x_wconf 83' lang='grc' dir='ltr'>’ρόμενος</span> <span class='ocrx_word' id='word_1_126' title='bbox 336 965 365 991; x_wconf 83' lang='grc' dir='ltr'>ἐν</span> <span class='ocrx_word' id='word_1_127' title='bbox 378 967 411 1001; x_wconf 83' lang='grc' dir='ltr'><strong>τῇ</strong></span> <span class='ocrx_word' id='word_1_128' title='bbox 429 967 476 1002; x_wconf 84' lang='grc' dir='ltr'>γῇ,</span> <span class='ocrx_word' id='word_1_129' title='bbox 490 968 537 994; x_wconf 88' lang='grc' dir='ltr'>καὶ</span> <span class='ocrx_word' id='word_1_130' title='bbox 554 968 568 995; x_wconf 83' lang='grc' dir='ltr'><strong><em>ὁ</em></strong></span> <span class='ocrx_word' id='word_1_131' title='bbox 586 959 714 1001; x_wconf 18' lang='grc' dir='ltr'>αὑτὸςίὲκ</span> <span class='ocrx_word' id='word_1_132' title='bbox 734 971 783 1007; x_wconf 84' lang='grc' dir='ltr'>τῆς</span> <span class='ocrx_word' id='word_1_133' title='bbox 800 973 864 1008; x_wconf 82' lang='grc' dir='ltr'>μιᾶς</span> <span class='ocrx_word' id='word_1_134' title='bbox 877 973 990 1009; x_wconf 83' lang='grc' dir='ltr'>καρδίας</span> 
     </span>
    </p>
   </div>
   <div class='ocr_carea' id='block_1_19' title="bbox 203 1009 990 1053">
    <p class='ocr_par' dir='ltr' id='par_1_19' title="bbox 203 1009 990 1053">
     <span class='ocr_line' id='line_1_19' title="bbox 203 1009 990 1053; baseline 0.015 -19"><span class='ocrx_word' id='word_1_135' title='bbox 203 1009 318 1042; x_wconf 75' lang='grc' dir='ltr'>πολλοὺς</span> <span class='ocrx_word' id='word_1_136' title='bbox 336 1011 389 1043; x_wconf 57' lang='grc' dir='ltr'>καὶ,</span> <span class='ocrx_word' id='word_1_137' title='bbox 399 1011 543 1047; x_wconf 83' lang='grc' dir='ltr'>διαφόρους</span> <span class='ocrx_word' id='word_1_138' title='bbox 563 1015 679 1048; x_wconf 80' lang='grc' dir='ltr'>κόκκους</span> <span class='ocrx_word' id='word_1_139' title='bbox 699 1017 820 1053; x_wconf 74' lang='grc' dir='ltr'>ἐκφέρει.</span> <span class='ocrx_word' id='word_1_140' title='bbox 838 1019 893 1045; x_wconf 80' lang='grc' dir='ltr'><strong>Καὶ</strong></span> <span class='ocrx_word' id='word_1_141' title='bbox 910 1019 990 1046; x_wconf 76' lang='grc' dir='ltr'>πάλιν</span> 
     </span>
    </p>
   </div>
   <div class='ocr_carea' id='block_1_20' title="bbox 202 1055 989 1100">
    <p class='ocr_par' dir='ltr' id='par_1_20' title="bbox 202 1055 989 1100">
     <span class='ocr_line' id='line_1_20' title="bbox 202 1055 989 1100; baseline 0.017 -20"><span class='ocrx_word' id='word_1_142' title='bbox 202 1055 279 1082; x_wconf 72' lang='grc' dir='ltr'>αὐτοὶ</span> <span class='ocrx_word' id='word_1_143' title='bbox 295 1057 318 1083; x_wconf 78' lang='grc' dir='ltr'>οἱ</span> <span class='ocrx_word' id='word_1_144' title='bbox 340 1057 466 1092; x_wconf 84' lang='grc' dir='ltr'><strong>στάχυες,</strong></span> <span class='ocrx_word' id='word_1_145' title='bbox 488 1060 513 1085; x_wconf 90' lang='grc' dir='ltr'><strong>οί</strong></span> <span class='ocrx_word' id='word_1_146' title='bbox 530 1060 580 1094; x_wconf 88' lang='grc' dir='ltr'><strong>μέν</strong></span> <span class='ocrx_word' id='word_1_147' title='bbox 601 1062 654 1088; x_wconf 71' lang='lat' dir='ltr'><strong>alat</strong></span> <span class='ocrx_word' id='word_1_148' title='bbox 673 1063 834 1098; x_wconf 79' lang='grc' dir='ltr'>μειξότεροι,</span> <span class='ocrx_word' id='word_1_149' title='bbox 859 1065 884 1091; x_wconf 75' lang='lat' dir='ltr'><strong>oi</strong></span> <span class='ocrx_word' id='word_1_150' title='bbox 900 1065 929 1091; x_wconf 80' lang='grc' dir='ltr'>δὲ</span> <span class='ocrx_word' id='word_1_151' title='bbox 943 1075 989 1100; x_wconf 88' lang='grc' dir='ltr'>μι-</span> 
     </span>
    </p>
   </div>
   <div class='ocr_carea' id='block_1_21' title="bbox 202 1099 989 1143">
    <p class='ocr_par' dir='ltr' id='par_1_21' title="bbox 202 1099 989 1143">
     <span class='ocr_line' id='line_1_21' title="bbox 202 1099 989 1143; baseline 0.017 -18"><span class='ocrx_word' id='word_1_152' title='bbox 202 1099 337 1136; x_wconf 85' lang='grc' dir='ltr'>κρότεροι,</span> <span class='ocrx_word' id='word_1_153' title='bbox 362 1101 417 1128; x_wconf 83' lang='grc' dir='ltr'>ὅλοι</span> <span class='ocrx_word' id='word_1_154' title='bbox 440 1102 468 1129; x_wconf 87' lang='grc' dir='ltr'>δὲ</span> <span class='ocrx_word' id='word_1_155' title='bbox 496 1103 536 1136; x_wconf 86' lang='grc' dir='ltr'><strong>εἰς</strong></span> <span class='ocrx_word' id='word_1_156' title='bbox 557 1105 622 1140; x_wconf 88' lang='grc' dir='ltr'>μίαν</span> <span class='ocrx_word' id='word_1_157' title='bbox 642 1108 804 1142; x_wconf 88' lang='grc' dir='ltr'>συνάγονται</span> <span class='ocrx_word' id='word_1_158' title='bbox 821 1109 922 1142; x_wconf 78' lang='grc' dir='ltr'>ἅλωνα,</span> <span class='ocrx_word' id='word_1_159' title='bbox 945 1099 989 1143; x_wconf 77' lang='grc' dir='ltr'>εἰς</span> 
     </span>
    </p>
   </div>
   <div class='ocr_carea' id='block_1_22' title="bbox 201 1145 989 1217">
    <p class='ocr_par' dir='ltr' id='par_1_22' title="bbox 201 1145 989 1217">
     <span class='ocr_line' id='line_1_22' title="bbox 201 1145 989 1217; baseline 0.016 -47"><span class='ocrx_word' id='word_1_160' title='bbox 201 1145 267 1217; x_wconf 57' lang='grc' dir='ltr'>ἕίαν</span> <span class='ocrx_word' id='word_1_161' title='bbox 282 1146 434 1183; x_wconf 81' lang='grc' dir='ltr'>ἀποθήκην,</span> <span class='ocrx_word' id='word_1_162' title='bbox 449 1148 570 1186; x_wconf 83' lang='grc' dir='ltr'>διάφοροι</span> <span class='ocrx_word' id='word_1_163' title='bbox 584 1151 661 1184; x_wconf 70' lang='grc' dir='ltr'>ὄντες</span> <span class='ocrx_word' id='word_1_164' title='bbox 675 1150 716 1185; x_wconf 75' lang='grc' dir='ltr'>εἷς</span> <span class='ocrx_word' id='word_1_165' title='bbox 732 1154 762 1186; x_wconf 77' lang='grc' dir='ltr'><strong>ἐξ</strong></span> <span class='ocrx_word' id='word_1_166' title='bbox 779 1155 869 1182; x_wconf 79' lang='grc' dir='ltr'>αὐτῶν</span> <span class='ocrx_word' id='word_1_167' title='bbox 885 1155 989 1190; x_wconf 87' lang='grc' dir='ltr'>γίνεται</span> 
     </span>
     <span class='ocr_line' id='line_1_23' title="bbox 222 1199 292 1217; baseline 0 0"><span class='ocrx_word' id='word_1_168' title='bbox 222 1199 292 1217; x_wconf 78' lang='grc' dir='ltr'>οτος.</span> 
     </span>
    </p>
   </div>
   <div class='ocr_carea' id='block_1_23' title="bbox 222 1199 292 1226">
    <p class='ocr_par' dir='ltr' id='par_1_23' title="bbox 222 1199 292 1226">
     <span class='ocr_line' id='line_1_24' title="bbox 222 1199 292 1226; baseline 0.014 -9"><span class='ocrx_word' id='word_1_169' title='bbox 222 1199 292 1226; x_wconf 84' lang='grc' dir='ltr'>ρτος.</span> 
     </span>
    </p>
   </div>
   <div class='ocr_carea' id='block_1_24' title="bbox 235 1235 988 1280">
    <p class='ocr_par' dir='ltr' id='par_1_24' title="bbox 235 1235 988 1280">
     <span class='ocr_line' id='line_1_25' title="bbox 235 1235 988 1280; baseline 0.013 -18"><span class='ocrx_word' id='word_1_170' title='bbox 235 1235 275 1263; x_wconf 89' lang='lat' dir='ltr'><strong>B’.</strong></span> <span class='ocrx_word' id='word_1_171' title='bbox 297 1237 333 1263; x_wconf 85' lang='grc' dir='ltr'><strong>Ἦ</strong></span> <span class='ocrx_word' id='word_1_172' title='bbox 345 1236 438 1274; x_wconf 84' lang='grc' dir='ltr'>ὥσπερ</span> <span class='ocrx_word' id='word_1_173' title='bbox 455 1239 524 1266; x_wconf 78' lang='grc' dir='ltr'>εἰσὶν</span> <span class='ocrx_word' id='word_1_174' title='bbox 539 1241 568 1267; x_wconf 74' lang='grc' dir='ltr'>ὲν</span> <span class='ocrx_word' id='word_1_175' title='bbox 580 1241 656 1268; x_wconf 80' lang='grc' dir='ltr'>πόλει</span> <span class='ocrx_word' id='word_1_176' title='bbox 670 1242 759 1279; x_wconf 81' lang='grc' dir='ltr'><strong>πλήθη</strong></span> <span class='ocrx_word' id='word_1_177' title='bbox 770 1244 931 1280; x_wconf 84' lang='grc' dir='ltr'>ἀνθρώπων,</span> <span class='ocrx_word' id='word_1_178' title='bbox 941 1247 988 1274; x_wconf 83' lang='grc' dir='ltr'>καὶ</span> 
     </span>
    </p>
   </div>
   <div class='ocr_carea' id='block_1_25' title="bbox 200 1281 987 1326">
    <p class='ocr_par' dir='ltr' id='par_1_25' title="bbox 200 1281 987 1326">
     <span class='ocr_line' id='line_1_26' title="bbox 200 1281 987 1326; baseline 0.017 -19"><span class='ocrx_word' id='word_1_179' title='bbox 200 1281 225 1308; x_wconf 80' lang='grc' dir='ltr'>οἱ</span> <span class='ocrx_word' id='word_1_180' title='bbox 242 1283 292 1317; x_wconf 86' lang='grc' dir='ltr'><strong>μέν</strong></span> <span class='ocrx_word' id='word_1_181' title='bbox 307 1284 361 1311; x_wconf 78' lang='grc' dir='ltr'>εἰσι</span> <span class='ocrx_word' id='word_1_182' title='bbox 373 1285 466 1312; x_wconf 84' lang='grc' dir='ltr'>παιδία</span> <span class='ocrx_word' id='word_1_183' title='bbox 480 1287 574 1322; x_wconf 86' lang='grc' dir='ltr'>νήπια,</span> <span class='ocrx_word' id='word_1_184' title='bbox 593 1289 617 1315; x_wconf 82' lang='lat' dir='ltr'><strong>oi</strong></span> <span class='ocrx_word' id='word_1_185' title='bbox 635 1289 665 1315; x_wconf 86' lang='grc' dir='ltr'>δὲ</span> <span class='ocrx_word' id='word_1_186' title='bbox 680 1289 785 1325; x_wconf 75' lang='grc' dir='ltr'>ἄνδρες,</span> <span class='ocrx_word' id='word_1_187' title='bbox 801 1291 816 1326; x_wconf 84' lang='grc' dir='ltr'>ἢ</span> <span class='ocrx_word' id='word_1_188' title='bbox 832 1292 969 1320; x_wconf 80' lang='grc' dir='ltr'>νεανίσκοι</span> <span class='ocrx_word' id='word_1_189' title='bbox 979 1301 987 1309; x_wconf 77' lang='grc'><strong><em>⁸</em></strong></span> 
     </span>
    </p>
   </div>
   <div class='ocr_carea' id='block_1_26' title="bbox 201 1331 989 1374">
    <p class='ocr_par' dir='ltr' id='par_1_26' title="bbox 201 1331 989 1374">
     <span class='ocr_line' id='line_1_27' title="bbox 201 1331 989 1374; baseline 0.015 -17"><span class='ocrx_word' id='word_1_190' title='bbox 201 1331 301 1364; x_wconf 79' lang='grc' dir='ltr'>πάντες</span> <span class='ocrx_word' id='word_1_191' title='bbox 319 1332 347 1360; x_wconf 79' lang='grc' dir='ltr'>δὲ</span> <span class='ocrx_word' id='word_1_192' title='bbox 374 1334 428 1361; x_wconf 78' lang='grc' dir='ltr'><strong>άπὸ</strong></span> <span class='ocrx_word' id='word_1_193' title='bbox 446 1336 512 1370; x_wconf 84' lang='grc' dir='ltr'>μιᾶς</span> <span class='ocrx_word' id='word_1_194' title='bbox 526 1337 619 1372; x_wconf 83' lang='grc' dir='ltr'>πηγῆς</span> <span class='ocrx_word' id='word_1_195' title='bbox 643 1337 716 1374; x_wconf 81' lang='grc' dir='ltr'>ὕδωρ</span> <span class='ocrx_word' id='word_1_196' title='bbox 735 1339 853 1373; x_wconf 85' lang='grc' dir='ltr'>πίνουσι,</span> <span class='ocrx_word' id='word_1_197' title='bbox 872 1342 918 1368; x_wconf 77' lang='grc' dir='ltr'>καὶ</span> <span class='ocrx_word' id='word_1_198' title='bbox 935 1342 989 1369; x_wconf 77' lang='grc' dir='ltr'><strong>ἀπὸ</strong></span> 
     </span>
    </p>
   </div>
   <div class='ocr_carea' id='block_1_27' title="bbox 200 1376 988 1421">
    <p class='ocr_par' dir='ltr' id='par_1_27' title="bbox 200 1376 988 1421">
     <span class='ocr_line' id='line_1_28' title="bbox 200 1376 988 1421; baseline 0.014 -19"><span class='ocrx_word' id='word_1_199' title='bbox 200 1376 259 1408; x_wconf 58' lang='lat' dir='ltr'><strong>sit;</strong></span> <span class='ocrx_word' id='word_1_200' title='bbox 279 1377 362 1412; x_wconf 74' lang='grc' dir='ltr'>ἄρτου</span> <span class='ocrx_word' id='word_1_201' title='bbox 377 1379 520 1413; x_wconf 78' lang='grc' dir='ltr'>ἐσθίουσιν,</span> <span class='ocrx_word' id='word_1_202' title='bbox 537 1381 586 1408; x_wconf 77' lang='grc' dir='ltr'>ἕνα</span> <span class='ocrx_word' id='word_1_203' title='bbox 606 1382 674 1417; x_wconf 88' lang='grc' dir='ltr'>άέρα</span> <span class='ocrx_word' id='word_1_204' title='bbox 699 1382 806 1418; x_wconf 76' lang='grc' dir='ltr'>ἔχοντες</span> <span class='ocrx_word' id='word_1_205' title='bbox 822 1393 829 1400; x_wconf 88' lang='grc'><strong>·</strong></span> <span class='ocrx_word' id='word_1_206' title='bbox 851 1385 868 1420; x_wconf 77' lang='grc' dir='ltr'>ἢ</span> <span class='ocrx_word' id='word_1_207' title='bbox 895 1385 988 1421; x_wconf 79' lang='grc' dir='ltr'>ὥσπερ</span> 
     </span>
    </p>
   </div>
   <div class='ocr_carea' id='block_1_28' title="bbox 199 1423 988 1465">
    <p class='ocr_par' dir='ltr' id='par_1_28' title="bbox 199 1423 988 1465">
     <span class='ocr_line' id='line_1_29' title="bbox 199 1423 988 1465; baseline 0.013 -15"><span class='ocrx_word' id='word_1_208' title='bbox 199 1423 254 1450; x_wconf 79' lang='grc' dir='ltr'>εἰσὶ</span> <span class='ocrx_word' id='word_1_209' title='bbox 271 1423 373 1458; x_wconf 85' lang='grc' dir='ltr'>λύχνοι,</span> <span class='ocrx_word' id='word_1_210' title='bbox 388 1425 435 1451; x_wconf 78' lang='grc' dir='ltr'>καὶ</span> <span class='ocrx_word' id='word_1_211' title='bbox 447 1426 461 1452; x_wconf 84' lang='grc' dir='ltr'>ὁ</span> <span class='ocrx_word' id='word_1_212' title='bbox 475 1426 525 1461; x_wconf 82' lang='grc' dir='ltr'>μὲν</span> <span class='ocrx_word' id='word_1_213' title='bbox 538 1427 596 1462; x_wconf 81' lang='grc' dir='ltr'>ἔχει</span> <span class='ocrx_word' id='word_1_214' title='bbox 610 1428 656 1455; x_wconf 83' lang='grc' dir='ltr'>δύο</span> <span class='ocrx_word' id='word_1_215' title='bbox 669 1430 822 1465; x_wconf 80' lang='grc' dir='ltr'>μυκτῆρας,</span> <span class='ocrx_word' id='word_1_216' title='bbox 839 1432 853 1458; x_wconf 85' lang='grc' dir='ltr'><strong>ό</strong></span> <span class='ocrx_word' id='word_1_217' title='bbox 864 1431 892 1458; x_wconf 79' lang='grc' dir='ltr'>δὲ</span> <span class='ocrx_word' id='word_1_218' title='bbox 907 1432 988 1459; x_wconf 81' lang='grc' dir='ltr'>ἑπτά·</span> 
     </span>
    </p>
   </div>
   <div class='ocr_carea' id='block_1_29' title="bbox 202 1469 989 1511">
    <p class='ocr_par' dir='ltr' id='par_1_29' title="bbox 202 1469 989 1511">
     <span class='ocr_line' id='line_1_30' title="bbox 202 1469 989 1511; baseline 0.011 -16"><span class='ocrx_word' id='word_1_219' title='bbox 202 1469 258 1495; x_wconf 82' lang='grc' dir='ltr'>ἀλλ’</span> <span class='ocrx_word' id='word_1_220' title='bbox 274 1469 339 1497; x_wconf 83' lang='grc' dir='ltr'>ὅπου</span> <span class='ocrx_word' id='word_1_221' title='bbox 354 1471 428 1497; x_wconf 78' lang='grc' dir='ltr'>ἐστὶν</span> <span class='ocrx_word' id='word_1_222' title='bbox 448 1473 464 1507; x_wconf 85' lang='grc' dir='ltr'><strong>ἠ</strong></span> <span class='ocrx_word' id='word_1_223' title='bbox 481 1473 624 1508; x_wconf 76' lang='grc' dir='ltr'>περίσσεια</span> <span class='ocrx_word' id='word_1_224' title='bbox 640 1474 688 1501; x_wconf 81' lang='grc' dir='ltr'>τοῦ</span> <span class='ocrx_word' id='word_1_225' title='bbox 704 1476 792 1510; x_wconf 84' lang='grc' dir='ltr'>φωτὸς</span> <span class='ocrx_word' id='word_1_226' title='bbox 808 1476 895 1508; x_wconf 80' lang='grc' dir='ltr'>ἄλλως</span> <span class='ocrx_word' id='word_1_227' title='bbox 907 1479 989 1511; x_wconf 85' lang='grc' dir='ltr'>φωτί-</span> 
     </span>
    </p>
   </div>
   <div class='ocr_carea' id='block_1_30' title="bbox 202 1515 990 1556">
    <p class='ocr_par' dir='ltr' id='par_1_30' title="bbox 202 1515 990 1556">
     <span class='ocr_line' id='line_1_31' title="bbox 202 1515 990 1556; baseline 0.011 -15"><span class='ocrx_word' id='word_1_228' title='bbox 202 1515 243 1547; x_wconf 80' lang='grc' dir='ltr'><strong>ζει</strong></span> <span class='ocrx_word' id='word_1_229' title='bbox 253 1523 261 1529; x_wconf 76' lang='grc'><strong>’</strong></span> <span class='ocrx_word' id='word_1_230' title='bbox 275 1516 361 1548; x_wconf 76' lang='grc' dir='ltr'>οὕτως</span> <span class='ocrx_word' id='word_1_231' title='bbox 375 1517 433 1544; x_wconf 83' lang='grc' dir='ltr'>ὅσοι</span> <span class='ocrx_word' id='word_1_232' title='bbox 451 1518 520 1546; x_wconf 79' lang='grc' dir='ltr'>είσὶν</span> <span class='ocrx_word' id='word_1_233' title='bbox 533 1520 562 1546; x_wconf 72' lang='grc' dir='ltr'>ἐν</span> <span class='ocrx_word' id='word_1_234' title='bbox 578 1520 644 1555; x_wconf 78' lang='grc' dir='ltr'>πυρὶ</span> <span class='ocrx_word' id='word_1_235' title='bbox 657 1521 705 1547; x_wconf 82' lang='grc' dir='ltr'>καὶ</span> <span class='ocrx_word' id='word_1_236' title='bbox 720 1522 799 1556; x_wconf 83' lang='grc' dir='ltr'>φωτὶ,</span> <span class='ocrx_word' id='word_1_237' title='bbox 817 1523 848 1549; x_wconf 83' lang='grc' dir='ltr'>οὐ</span> <span class='ocrx_word' id='word_1_238' title='bbox 863 1522 990 1550; x_wconf 84' lang='grc' dir='ltr'>δύνανται</span> 
     </span>
    </p>
   </div>
   <div class='ocr_carea' id='block_1_31' title="bbox 201 1562 1025 1606">
    <p class='ocr_par' dir='ltr' id='par_1_31' title="bbox 201 1562 1025 1606">
     <span class='ocr_line' id='line_1_32' title="bbox 201 1562 1025 1606; baseline 0.008 -16"><span class='ocrx_word' id='word_1_239' title='bbox 201 1562 270 1591; x_wconf 80' lang='grc' dir='ltr'>εἶναι</span> <span class='ocrx_word' id='word_1_240' title='bbox 287 1565 316 1591; x_wconf 75' lang='grc' dir='ltr'>ἐν</span> <span class='ocrx_word' id='word_1_241' title='bbox 331 1564 438 1591; x_wconf 78' lang='grc' dir='ltr'>σκότει·</span> <span class='ocrx_word' id='word_1_242' title='bbox 455 1565 524 1593; x_wconf 81' lang='grc' dir='ltr'>ἀλλὰ</span> <span class='ocrx_word' id='word_1_243' title='bbox 545 1565 662 1601; x_wconf 80' lang='grc' dir='ltr'>διαφορὰ</span> <span class='ocrx_word' id='word_1_244' title='bbox 681 1567 764 1603; x_wconf 84' lang='grc' dir='ltr'>πολλή</span> <span class='ocrx_word' id='word_1_245' title='bbox 784 1569 867 1596; x_wconf 77' lang='grc' dir='ltr'>ἐστιν.</span> <span class='ocrx_word' id='word_1_246' title='bbox 883 1569 989 1605; x_wconf 84' lang='grc' dir='ltr'>Ὥσπερ</span> <span class='ocrx_word' id='word_1_247' title='bbox 1004 1576 1025 1606; x_wconf 65' lang='grc' dir='ltr'>ε</span> 
     </span>
    </p>
   </div>
   <div class='ocr_carea' id='block_1_32' title="bbox 200 1612 988 1650">
    <p class='ocr_par' dir='ltr' id='par_1_32' title="bbox 200 1612 988 1650">
     <span class='ocr_line' id='line_1_33' title="bbox 200 1612 988 1650; baseline 0.004 -11"><span class='ocrx_word' id='word_1_248' title='bbox 200 1612 234 1639; x_wconf 79' lang='grc' dir='ltr'>ἂν</span> <span class='ocrx_word' id='word_1_249' title='bbox 245 1612 273 1639; x_wconf 82' lang='grc' dir='ltr'>εῐ</span> <span class='ocrx_word' id='word_1_250' title='bbox 282 1622 324 1645; x_wconf 86' lang='grc' dir='ltr'><strong>τις</strong></span> <span class='ocrx_word' id='word_1_251' title='bbox 338 1615 428 1650; x_wconf 87' lang='grc' dir='ltr'>πατὴρ</span> <span class='ocrx_word' id='word_1_252' title='bbox 442 1613 480 1641; x_wconf 86' lang='grc' dir='ltr'>ὣν</span> <span class='ocrx_word' id='word_1_253' title='bbox 499 1614 574 1646; x_wconf 73' lang='grc' dir='ltr'>υἱοὺς</span> <span class='ocrx_word' id='word_1_254' title='bbox 595 1614 651 1649; x_wconf 79' lang='grc' dir='ltr'>ἔχει</span> <span class='ocrx_word' id='word_1_255' title='bbox 666 1614 723 1648; x_wconf 85' lang='grc' dir='ltr'>δύο,</span> <span class='ocrx_word' id='word_1_256' title='bbox 739 1615 785 1642; x_wconf 79' lang='grc' dir='ltr'>τὸν</span> <span class='ocrx_word' id='word_1_257' title='bbox 806 1615 856 1649; x_wconf 85' lang='grc' dir='ltr'>μὲν</span> <span class='ocrx_word' id='word_1_258' title='bbox 871 1615 988 1649; x_wconf 75' lang='grc' dir='ltr'>τςοιιδίον,</span> 
     </span>
    </p>
   </div>
   <div class='ocr_carea' id='block_1_33' title="bbox 200 1658 990 1694">
    <p class='ocr_par' dir='ltr' id='par_1_33' title="bbox 200 1658 990 1694">
     <span class='ocr_line' id='line_1_34' title="bbox 200 1658 990 1694; baseline 0.001 -8"><span class='ocrx_word' id='word_1_259' title='bbox 200 1659 247 1686; x_wconf 67' lang='grc' dir='ltr'>τὶν</span> <span class='ocrx_word' id='word_1_260' title='bbox 259 1658 287 1685; x_wconf 86' lang='grc' dir='ltr'>δὲ</span> <span class='ocrx_word' id='word_1_261' title='bbox 302 1659 453 1692; x_wconf 83' lang='grc' dir='ltr'>νεανίσκον,</span> <span class='ocrx_word' id='word_1_262' title='bbox 470 1659 518 1685; x_wconf 68' lang='grc' dir='ltr'>καὶ</span> <span class='ocrx_word' id='word_1_263' title='bbox 534 1660 580 1686; x_wconf 65' lang='grc' dir='ltr'><strong>τὸν</strong></span> <span class='ocrx_word' id='word_1_264' title='bbox 598 1660 646 1694; x_wconf 85' lang='grc' dir='ltr'>μὲν</span> <span class='ocrx_word' id='word_1_265' title='bbox 662 1660 702 1692; x_wconf 84' lang='grc' dir='ltr'><strong>είς</strong></span> <span class='ocrx_word' id='word_1_266' title='bbox 721 1660 813 1692; x_wconf 82' lang='grc' dir='ltr'>πόλεις</span> <span class='ocrx_word' id='word_1_267' title='bbox 827 1661 990 1687; x_wconf 79' lang='grc' dir='ltr'>ἀποστέλλει</span> 
     </span>
    </p>
   </div>
   <div class='ocr_carea' id='block_1_34' title="bbox 201 1705 991 1742">
    <p class='ocr_par' dir='ltr' id='par_1_34' title="bbox 201 1705 991 1742">
     <span class='ocr_line' id='line_1_35' title="bbox 201 1705 991 1742; baseline 0.001 -10"><span class='ocrx_word' id='word_1_268' title='bbox 201 1705 248 1732; x_wconf 78' lang='grc' dir='ltr'><strong>καὶ</strong></span> <span class='ocrx_word' id='word_1_269' title='bbox 262 1706 407 1741; x_wconf 78' lang='grc' dir='ltr'>πατρίδας,</span> <span class='ocrx_word' id='word_1_270' title='bbox 421 1706 452 1732; x_wconf 75' lang='grc' dir='ltr'>τὸ</span> <span class='ocrx_word' id='word_1_271' title='bbox 470 1706 499 1732; x_wconf 81' lang='grc' dir='ltr'>δὲ</span> <span class='ocrx_word' id='word_1_272' title='bbox 518 1707 614 1741; x_wconf 81' lang='grc' dir='ltr'>νήπιον</span> <span class='ocrx_word' id='word_1_273' title='bbox 630 1707 745 1734; x_wconf 79' lang='grc' dir='ltr'>πάντοτε</span> <span class='ocrx_word' id='word_1_274' title='bbox 761 1707 915 1742; x_wconf 86' lang='grc' dir='ltr'>δορυφορεῖ,</span> <span class='ocrx_word' id='word_1_275' title='bbox 929 1707 991 1733; x_wconf 75' lang='grc' dir='ltr'>ἐπεὶ</span> 
     </span>
    </p>
   </div>
   <div class='ocr_carea' id='block_1_35' title="bbox 203 1751 866 1788">
    <p class='ocr_par' dir='ltr' id='par_1_35' title="bbox 203 1751 866 1788">
     <span class='ocr_line' id='line_1_36' title="bbox 203 1751 866 1788; baseline 0.003 -11"><span class='ocrx_word' id='word_1_276' title='bbox 203 1751 286 1786; x_wconf 79' lang='grc' dir='ltr'>μηδὲν</span> <span class='ocrx_word' id='word_1_277' title='bbox 295 1751 405 1778; x_wconf 83' lang='grc' dir='ltr'>δύναται</span> <span class='ocrx_word' id='word_1_278' title='bbox 422 1753 518 1779; x_wconf 84' lang='grc' dir='ltr'>ποιεῖν.</span> <span class='ocrx_word' id='word_1_279' title='bbox 539 1752 607 1785; x_wconf 79' lang='grc' dir='ltr'>Δόξα</span> <span class='ocrx_word' id='word_1_280' title='bbox 620 1752 659 1787; x_wconf 84' lang='grc' dir='ltr'>τῷ</span> <span class='ocrx_word' id='word_1_281' title='bbox 673 1752 741 1787; x_wconf 82' lang='grc' dir='ltr'>Θεῷ.</span> <span class='ocrx_word' id='word_1_282' title='bbox 768 1753 866 1788; x_wconf 84' lang='grc' dir='ltr'>Ἀμήν.</span> 
     </span>
    </p>
   </div>
   <div class='ocr_carea' id='block_1_36' title="bbox 495 1884 697 1912">
    <p class='ocr_par' dir='ltr' id='par_1_36' title="bbox 495 1884 697 1912">
     <span class='ocr_line' id='line_1_37' title="bbox 495 1884 697 1912; baseline 0.005 -1"><span class='ocrx_word' id='word_1_283' title='bbox 495 1884 616 1912; x_wconf 78' lang='grc' dir='ltr'><strong>ΟΜΙΛῘΛ</strong></span> <span class='ocrx_word' id='word_1_284' title='bbox 637 1885 697 1912; x_wconf 89' lang='grc' dir='ltr'><strong>ΛΖ’.</strong></span> 
     </span>
    </p>
   </div>
   <div class='ocr_carea' id='block_1_37' title="bbox 222 1930 971 1966">
    <p class='ocr_par' dir='ltr' id='par_1_37' title="bbox 222 1930 971 1966">
     <span class='ocr_line' id='line_1_38' title="bbox 222 1930 971 1966; baseline 0.003 -10"><span class='ocrx_word' id='word_1_285' title='bbox 222 1930 290 1964; x_wconf 76' lang='grc' dir='ltr'>Περὶ</span> <span class='ocrx_word' id='word_1_286' title='bbox 304 1930 358 1957; x_wconf 79' lang='grc' dir='ltr'>τοῦ</span> <span class='ocrx_word' id='word_1_287' title='bbox 372 1930 568 1965; x_wconf 76' lang='grc' dir='ltr'>παραδείσου,</span> <span class='ocrx_word' id='word_1_288' title='bbox 586 1932 635 1958; x_wconf 80' lang='grc' dir='ltr'><strong>καὶ</strong></span> <span class='ocrx_word' id='word_1_289' title='bbox 647 1933 742 1966; x_wconf 79' lang='grc' dir='ltr'>νόμου</span> <span class='ocrx_word' id='word_1_290' title='bbox 757 1931 971 1966; x_wconf 79' lang='grc' dir='ltr'>πνευματικοῦ.</span> 
     </span>
    </p>
   </div>
   <div class='ocr_carea' id='block_1_38' title="bbox 238 1988 991 2024">
    <p class='ocr_par' dir='ltr' id='par_1_38' title="bbox 238 1988 991 2024">
     <span class='ocr_line' id='line_1_39' title="bbox 238 1988 991 2024; baseline 0 -10"><span class='ocrx_word' id='word_1_291' title='bbox 238 1988 277 2014; x_wconf 81' lang='grc' dir='ltr'><strong>Α¹.</strong></span> <span class='ocrx_word' id='word_1_292' title='bbox 298 1988 335 2014; x_wconf 83' lang='grc' dir='ltr'><em>Ἡ</em></span> <span class='ocrx_word' id='word_1_293' title='bbox 346 1989 433 2022; x_wconf 71' lang='grc' dir='ltr'>φιλία</span> <span class='ocrx_word' id='word_1_294' title='bbox 450 1989 503 2016; x_wconf 85' lang='grc' dir='ltr'>τοῦ</span> <span class='ocrx_word' id='word_1_295' title='bbox 515 1989 644 2024; x_wconf 84' lang='grc' dir='ltr'>κόσμου,</span> <span class='ocrx_word' id='word_1_296' title='bbox 658 1989 728 2016; x_wconf 77' lang='grc' dir='ltr'>κατὰ</span> <span class='ocrx_word' id='word_1_297' title='bbox 745 1989 775 2016; x_wconf 82' lang='grc' dir='ltr'>τὸ</span> <span class='ocrx_word' id='word_1_298' title='bbox 789 1989 991 2024; x_wconf 76' lang='grc' dir='ltr'>γεγραμμένον,</span> 
     </span>
    </p>
   </div>
   <div class='ocr_carea' id='block_1_39' title="bbox 203 2033 992 2071">
    <p class='ocr_par' dir='ltr' id='par_1_39' title="bbox 203 2033 992 2071">
     <span class='ocr_line' id='line_1_40' title="bbox 203 2033 992 2071; baseline 0.001 -11"><span class='ocrx_word' id='word_1_299' title='bbox 203 2033 295 2068; x_wconf 74' lang='grc' dir='ltr'>ἔχθρα</span> <span class='ocrx_word' id='word_1_300' title='bbox 302 2034 438 2067; x_wconf 77' lang='grc' dir='ltr'>ἐστὶνεὶς</span> <span class='ocrx_word' id='word_1_301' title='bbox 450 2035 536 2062; x_wconf 68' lang='lat' dir='ltr'><strong>Geor.</strong></span> <span class='ocrx_word' id='word_1_302' title='bbox 549 2035 593 2061; x_wconf 84' lang='grc' dir='ltr'><strong>Διὸ</strong></span> <span class='ocrx_word' id='word_1_303' title='bbox 603 2036 619 2071; x_wconf 83' lang='grc' dir='ltr'><strong>ἡ</strong></span> <span class='ocrx_word' id='word_1_304' title='bbox 630 2035 649 2061; x_wconf 87' lang='grc' dir='ltr'><strong>Γ</strong></span> <span class='ocrx_word' id='word_1_305' title='bbox 651 2036 725 2071; x_wconf 75' lang='grc' dir='ltr'>ραφὴ</span> <span class='ocrx_word' id='word_1_306' title='bbox 736 2035 841 2062; x_wconf 82' lang='grc' dir='ltr'>κελεύει</span> <span class='ocrx_word' id='word_1_307' title='bbox 858 2035 933 2071; x_wconf 80' lang='grc' dir='ltr'>πάσῃ</span> <span class='ocrx_word' id='word_1_308' title='bbox 945 2043 992 2069; x_wconf 83' lang='grc' dir='ltr'>φυ-</span> 
     </span>
    </p>
   </div>
   <div class='ocr_carea' id='block_1_40' title="bbox 203 2077 992 2115">
    <p class='ocr_par' dir='ltr' id='par_1_40' title="bbox 203 2077 992 2115">
     <span class='ocr_line' id='line_1_41' title="bbox 203 2077 992 2115; baseline 0.003 -11"><span class='ocrx_word' id='word_1_309' title='bbox 203 2077 272 2114; x_wconf 82' lang='grc' dir='ltr'>λακῇ</span> <span class='ocrx_word' id='word_1_310' title='bbox 289 2080 383 2114; x_wconf 87' lang='grc' dir='ltr'>τηρεῖν</span> <span class='ocrx_word' id='word_1_311' title='bbox 396 2079 511 2106; x_wconf 77' lang='grc' dir='ltr'>ἕκαστον</span> <span class='ocrx_word' id='word_1_312' title='bbox 521 2079 570 2115; x_wconf 85' lang='grc' dir='ltr'>τὴν</span> <span class='ocrx_word' id='word_1_313' title='bbox 587 2080 684 2106; x_wconf 78' lang='grc' dir='ltr'>ἑαυτοῦ</span> <span class='ocrx_word' id='word_1_314' title='bbox 701 2079 825 2115; x_wconf 85' lang='grc' dir='ltr'>καρδίαν,</span> <span class='ocrx_word' id='word_1_315' title='bbox 845 2079 888 2106; x_wconf 74' lang='grc' dir='ltr'><strong>ἵνα</strong></span> <span class='ocrx_word' id='word_1_316' title='bbox 903 2088 944 2111; x_wconf 86' lang='grc' dir='ltr'><strong>τις</strong></span> <span class='ocrx_word' id='word_1_317' title='bbox 954 2080 992 2110; x_wconf 85' lang='grc' dir='ltr'>ὼς</span> 
     </span>
    </p>
   </div>
   <div class='ocr_carea' id='block_1_41' title="bbox 204 2123 992 2162">
    <p class='ocr_par' dir='ltr' id='par_1_41' title="bbox 204 2123 992 2162">
     <span class='ocr_line' id='line_1_42' title="bbox 204 2123 992 2162; baseline 0.004 -13"><span class='ocrx_word' id='word_1_318' title='bbox 204 2123 366 2158; x_wconf 82' lang='grc' dir='ltr'>παράδεισον</span> <span class='ocrx_word' id='word_1_319' title='bbox 386 2124 533 2159; x_wconf 76' lang='grc' dir='ltr'>φυλάσσων</span> <span class='ocrx_word' id='word_1_320' title='bbox 546 2126 575 2151; x_wconf 83' lang='grc' dir='ltr'>ἐν</span> <span class='ocrx_word' id='word_1_321' title='bbox 596 2125 664 2160; x_wconf 80' lang='grc' dir='ltr'>αὐτῇ</span> <span class='ocrx_word' id='word_1_322' title='bbox 681 2125 727 2152; x_wconf 82' lang='grc' dir='ltr'>τὸν</span> <span class='ocrx_word' id='word_1_323' title='bbox 743 2125 831 2160; x_wconf 84' lang='grc' dir='ltr'>λόγον,</span> <span class='ocrx_word' id='word_1_324' title='bbox 850 2125 992 2162; x_wconf 81' lang='grc' dir='ltr'>ἀπολαύσῃ</span> 
     </span>
    </p>
   </div>
   <div class='ocr_carea' id='block_1_42' title="bbox 202 2170 993 2207">
    <p class='ocr_par' dir='ltr' id='par_1_42' title="bbox 202 2170 993 2207">
     <span class='ocr_line' id='line_1_43' title="bbox 202 2170 993 2207; baseline 0.003 -11"><span class='ocrx_word' id='word_1_325' title='bbox 202 2170 253 2204; x_wconf 82' lang='grc' dir='ltr'>τῆς</span> <span class='ocrx_word' id='word_1_326' title='bbox 265 2171 385 2205; x_wconf 84' lang='grc' dir='ltr'>χάριτος,</span> <span class='ocrx_word' id='word_1_327' title='bbox 399 2171 437 2207; x_wconf 82' lang='grc' dir='ltr'><strong>μὴ</strong></span> <span class='ocrx_word' id='word_1_328' title='bbox 448 2171 554 2199; x_wconf 82' lang='grc' dir='ltr'>ἀκούων</span> <span class='ocrx_word' id='word_1_329' title='bbox 565 2171 611 2198; x_wconf 82' lang='grc' dir='ltr'>τοῦ</span> <span class='ocrx_word' id='word_1_330' title='bbox 624 2171 698 2198; x_wconf 77' lang='grc' dir='ltr'>ἔνδον</span> <span class='ocrx_word' id='word_1_331' title='bbox 707 2172 894 2206; x_wconf 76' lang='grc' dir='ltr'>εἱλισσομένου</span> <span class='ocrx_word' id='word_1_332' title='bbox 905 2171 993 2206; x_wconf 76' lang='grc' dir='ltr'>ὄφεως</span> 
     </span>
    </p>
   </div>
   <div class='ocr_carea' id='block_1_43' title="bbox 204 2216 989 2254">
    <p class='ocr_par' dir='ltr' id='par_1_43' title="bbox 204 2216 989 2254">
     <span class='ocr_line' id='line_1_44' title="bbox 204 2216 989 2254; baseline 0.005 -12"><span class='ocrx_word' id='word_1_333' title='bbox 204 2217 432 2251; x_wconf 78' lang='grc' dir='ltr'>συμϐουλεύοντος</span> <span class='ocrx_word' id='word_1_334' title='bbox 447 2218 482 2244; x_wconf 82' lang='grc' dir='ltr'>τὰ</span> <span class='ocrx_word' id='word_1_335' title='bbox 497 2218 565 2253; x_wconf 75' lang='grc' dir='ltr'>πρὸς</span> <span class='ocrx_word' id='word_1_336' title='bbox 580 2219 688 2254; x_wconf 81' lang='grc' dir='ltr'>ἡδονὴν.</span> <span class='ocrx_word' id='word_1_337' title='bbox 703 2219 736 2245; x_wconf 85' lang='grc' dir='ltr'><strong>δι’</strong></span> <span class='ocrx_word' id='word_1_338' title='bbox 747 2216 781 2253; x_wconf 82' lang='grc' dir='ltr'>ἧς</span> <span class='ocrx_word' id='word_1_339' title='bbox 800 2220 927 2253; x_wconf 78' lang='grc' dir='ltr'>γεννᾶται</span> <span class='ocrx_word' id='word_1_340' title='bbox 943 2219 989 2245; x_wconf 83' lang='grc' dir='ltr'>ου-</span> 
     </span>
    </p>
   </div>
   <div class='ocr_carea' id='block_1_44' title="bbox 205 2256 1030 2299">
    <p class='ocr_par' dir='ltr' id='par_1_44' title="bbox 205 2256 1030 2299">
     <span class='ocr_line' id='line_1_45' title="bbox 205 2256 1030 2299; baseline 0.005 -12"><span class='ocrx_word' id='word_1_341' title='bbox 205 2261 255 2296; x_wconf 75' lang='grc' dir='ltr'><strong>μδς</strong></span> <span class='ocrx_word' id='word_1_342' title='bbox 269 2263 283 2288; x_wconf 84' lang='grc' dir='ltr'><strong>ὁ</strong></span> <span class='ocrx_word' id='word_1_343' title='bbox 300 2262 502 2296; x_wconf 77' lang='grc' dir='ltr'>ἀδελφοκτόνος,</span> <span class='ocrx_word' id='word_1_344' title='bbox 524 2264 571 2290; x_wconf 72' lang='grc' dir='ltr'>καὶ</span> <span class='ocrx_word' id='word_1_345' title='bbox 587 2264 699 2298; x_wconf 84' lang='grc' dir='ltr'>Θνήσκει</span> <span class='ocrx_word' id='word_1_346' title='bbox 715 2264 788 2299; x_wconf 79' lang='grc' dir='ltr'>ψυχὴ</span> <span class='ocrx_word' id='word_1_347' title='bbox 809 2265 826 2298; x_wconf 81' lang='grc' dir='ltr'>ἡ</span> <span class='ocrx_word' id='word_1_348' title='bbox 840 2264 971 2291; x_wconf 78' lang='grc' dir='ltr'>τίκτουσα</span> <span class='ocrx_word' id='word_1_349' title='bbox 981 2273 988 2281; x_wconf 73' lang='grc' dir='ltr'><strong>ο</strong></span> <span class='ocrx_word' id='word_1_350' title='bbox 1007 2256 1030 2285; x_wconf 79' lang='lat' dir='ltr'><strong>D</strong></span> 
     </span>
    </p>
   </div>
   <div class='ocr_carea' id='block_1_45' title="bbox 203 2308 990 2345">
    <p class='ocr_par' dir='ltr' id='par_1_45' title="bbox 203 2308 990 2345">
     <span class='ocr_line' id='line_1_46' title="bbox 203 2308 990 2345; baseline 0.005 -11"><span class='ocrx_word' id='word_1_351' title='bbox 203 2308 260 2334; x_wconf 85' lang='grc' dir='ltr'>ἀλλ’</span> <span class='ocrx_word' id='word_1_352' title='bbox 273 2308 380 2335; x_wconf 77' lang='grc' dir='ltr'>ἀκούων</span> <span class='ocrx_word' id='word_1_353' title='bbox 390 2309 437 2335; x_wconf 84' lang='grc' dir='ltr'>τοῦ</span> <span class='ocrx_word' id='word_1_354' title='bbox 451 2310 552 2345; x_wconf 83' lang='grc' dir='ltr'>Κυρίου</span> <span class='ocrx_word' id='word_1_355' title='bbox 568 2310 701 2344; x_wconf 80' lang='grc' dir='ltr'>λέγοντος,</span> <span class='ocrx_word' id='word_1_356' title='bbox 727 2310 931 2344; x_wconf 78' lang='grc' dir='ltr'>Ἐπιμελεῖσθε</span> <span class='ocrx_word' id='word_1_357' title='bbox 941 2312 990 2338; x_wconf 81' lang='grc' dir='ltr'><strong>πί-</strong></span> 
     </span>
    </p>
   </div>
   <div class='ocr_carea' id='block_1_46' title="bbox 203 2353 991 2391">
    <p class='ocr_par' dir='ltr' id='par_1_46' title="bbox 203 2353 991 2391">
     <span class='ocr_line' id='line_1_47' title="bbox 203 2353 991 2391; baseline 0.005 -11"><span class='ocrx_word' id='word_1_358' title='bbox 203 2361 298 2387; x_wconf 80' lang='grc' dir='ltr'>στεως</span> <span class='ocrx_word' id='word_1_359' title='bbox 312 2355 361 2381; x_wconf 80' lang='grc' dir='ltr'>καὶ</span> <span class='ocrx_word' id='word_1_360' title='bbox 384 2355 518 2388; x_wconf 77' lang='grc' dir='ltr'>ἐλπίδος,</span> <span class='ocrx_word' id='word_1_361' title='bbox 543 2353 636 2390; x_wconf 42' lang='lat' dir='ltr'><strong>mea»</strong></span> <span class='ocrx_word' id='word_1_362' title='bbox 660 2357 799 2390; x_wconf 78' lang='grc' dir='ltr'>γεννᾶται</span> <span class='ocrx_word' id='word_1_363' title='bbox 816 2357 835 2390; x_wconf 79' lang='grc' dir='ltr'>ἡ</span> <span class='ocrx_word' id='word_1_364' title='bbox 852 2357 991 2391; x_wconf 69' lang='grc' dir='ltr'>φιλόθεος</span> 
     </span>
    </p>
   </div>
   <div class='ocr_carea' id='block_1_47' title="bbox 204 2399 992 2437">
    <p class='ocr_par' dir='ltr' id='par_1_47' title="bbox 204 2399 992 2437">
     <span class='ocr_line' id='line_1_48' title="bbox 204 2399 992 2437; baseline 0.005 -12"><span class='ocrx_word' id='word_1_365' title='bbox 204 2400 253 2425; x_wconf 73' lang='grc' dir='ltr'><strong>καί</strong></span> <span class='ocrx_word' id='word_1_366' title='bbox 276 2399 484 2434; x_wconf 72' lang='grc' dir='ltr'>φιλάνθρωπος</span> <span class='ocrx_word' id='word_1_367' title='bbox 507 2401 618 2436; x_wconf 80' lang='grc' dir='ltr'><strong>ἀγάπη,</strong></span> <span class='ocrx_word' id='word_1_368' title='bbox 640 2401 659 2434; x_wconf 75' lang='grc' dir='ltr'>ἡ</span> <span class='ocrx_word' id='word_1_369' title='bbox 688 2402 745 2435; x_wconf 79' lang='grc' dir='ltr'><strong>τὴν</strong></span> <span class='ocrx_word' id='word_1_370' title='bbox 768 2402 889 2429; x_wconf 75' lang='grc' dir='ltr'>αἰώνιον</span> <span class='ocrx_word' id='word_1_371' title='bbox 916 2402 992 2437; x_wconf 79' lang='grc' dir='ltr'><strong>ζωὴν</strong></span> 
     </span>
    </p>
   </div>
   <div class='ocr_carea' id='block_1_48' title="bbox 204 2445 990 2482">
    <p class='ocr_par' dir='ltr' id='par_1_48' title="bbox 204 2445 990 2482">
     <span class='ocr_line' id='line_1_49' title="bbox 204 2445 990 2482; baseline 0.004 -11"><span class='ocrx_word' id='word_1_372' title='bbox 204 2445 390 2479; x_wconf 72' lang='grc' dir='ltr'>παρέχουσα.</span> <span class='ocrx_word' id='word_1_373' title='bbox 402 2446 448 2477; x_wconf 87' lang='grc' dir='ltr'>Εῑς</span> <span class='ocrx_word' id='word_1_374' title='bbox 458 2446 552 2473; x_wconf 76' lang='grc' dir='ltr'>τοῦτον</span> <span class='ocrx_word' id='word_1_375' title='bbox 566 2446 612 2472; x_wconf 76' lang='grc' dir='ltr'>τὸν</span> <span class='ocrx_word' id='word_1_376' title='bbox 624 2447 787 2481; x_wconf 83' lang='grc' dir='ltr'>παράδεισον</span> <span class='ocrx_word' id='word_1_377' title='bbox 799 2447 906 2482; x_wconf 82' lang='grc' dir='ltr'>εἰσῆλθε</span> <span class='ocrx_word' id='word_1_378' title='bbox 918 2448 990 2480; x_wconf 88' lang='grc' dir='ltr'>Νῶε,</span> 
     </span>
    </p>
   </div>
   <div class='ocr_carea' id='block_1_49' title="bbox 204 2489 991 2530">
    <p class='ocr_par' dir='ltr' id='par_1_49' title="bbox 204 2489 991 2530">
     <span class='ocr_line' id='line_1_50' title="bbox 204 2489 991 2530; baseline 0.008 -15"><span class='ocrx_word' id='word_1_379' title='bbox 204 2489 253 2525; x_wconf 73' lang='grc' dir='ltr'>τὴν</span> <span class='ocrx_word' id='word_1_380' title='bbox 269 2490 378 2525; x_wconf 80' lang='grc' dir='ltr'>ἐντολὴν</span> <span class='ocrx_word' id='word_1_381' title='bbox 394 2491 539 2525; x_wconf 82' lang='grc' dir='ltr'>φυλάσσων</span> <span class='ocrx_word' id='word_1_382' title='bbox 552 2491 600 2518; x_wconf 76' lang='grc' dir='ltr'><strong>καὶ</strong></span> <span class='ocrx_word' id='word_1_383' title='bbox 614 2492 807 2527; x_wconf 76' lang='grc' dir='ltr'>ἐργαζόμενος,</span> <span class='ocrx_word' id='word_1_384' title='bbox 823 2493 869 2519; x_wconf 81' lang='grc' dir='ltr'>καὶ</span> <span class='ocrx_word' id='word_1_385' title='bbox 883 2493 926 2520; x_wconf 82' lang='grc' dir='ltr'><strong>διὰ</strong></span> <span class='ocrx_word' id='word_1_386' title='bbox 942 2494 991 2530; x_wconf 83' lang='grc' dir='ltr'>τῆς</span> 
     </span>
    </p>
   </div>
   <div class='ocr_carea' id='block_1_50' title="bbox 204 2535 993 2573">
    <p class='ocr_par' dir='ltr' id='par_1_50' title="bbox 204 2535 993 2573">
     <span class='ocr_line' id='line_1_51' title="bbox 204 2535 993 2573; baseline 0.005 -11"><span class='ocrx_word' id='word_1_387' title='bbox 204 2536 314 2570; x_wconf 74' lang='grc' dir='ltr'>ἀγάπης</span> <span class='ocrx_word' id='word_1_388' title='bbox 348 2535 489 2572; x_wconf 74' lang='grc' dir='ltr'>ὲλυτρώθη</span> <span class='ocrx_word' id='word_1_389' title='bbox 517 2538 566 2572; x_wconf 84' lang='grc' dir='ltr'>τῆς</span> <span class='ocrx_word' id='word_1_390' title='bbox 594 2537 689 2572; x_wconf 85' lang='grc' dir='ltr'>ὀργῆς.</span> <span class='ocrx_word' id='word_1_391' title='bbox 716 2537 818 2565; x_wconf 80' lang='grc' dir='ltr'>Τοῦτον</span> <span class='ocrx_word' id='word_1_392' title='bbox 849 2539 993 2573; x_wconf 85' lang='grc' dir='ltr'>φυλάσσων</span> 
     </span>
    </p>
   </div>
   <div class='ocr_carea' id='block_1_51' title="bbox 211 2581 994 2619">
    <p class='ocr_par' dir='ltr' id='par_1_51' title="bbox 211 2581 994 2619">
     <span class='ocr_line' id='line_1_52' title="bbox 211 2581 994 2619; baseline 0.005 -12"><span class='ocrx_word' id='word_1_393' title='bbox 211 2581 335 2617; x_wconf 76' lang='grc' dir='ltr'>’Λῦραὰμ</span> <span class='ocrx_word' id='word_1_394' title='bbox 361 2581 454 2617; x_wconf 84' lang='grc' dir='ltr'>φωνὴν</span> <span class='ocrx_word' id='word_1_395' title='bbox 483 2582 551 2609; x_wconf 81' lang='grc' dir='ltr'>Θεοῦ</span> <span class='ocrx_word' id='word_1_396' title='bbox 580 2583 691 2618; x_wconf 77' lang='grc' dir='ltr'>ἤκουσε.</span> <span class='ocrx_word' id='word_1_397' title='bbox 721 2583 839 2610; x_wconf 65' lang='grc' dir='ltr'>Τοῦτον.</span> <span class='ocrx_word' id='word_1_398' title='bbox 849 2584 994 2619; x_wconf 85' lang='grc' dir='ltr'>φυλάσσων</span> 
     </span>
    </p>
   </div>
   <div class='ocr_carea' id='block_1_52' title="bbox 205 2621 994 2664">
    <p class='ocr_par' dir='ltr' id='par_1_52' title="bbox 205 2621 994 2664">
     <span class='ocr_line' id='line_1_53' title="bbox 205 2621 994 2664; baseline 0.005 -12"><span class='ocrx_word' id='word_1_399' title='bbox 205 2626 326 2661; x_wconf 69' lang='grc' dir='ltr'><strong>Μωῡςῆς</strong></span> <span class='ocrx_word' id='word_1_400' title='bbox 341 2627 420 2659; x_wconf 80' lang='grc' dir='ltr'>δόξαν</span> <span class='ocrx_word' id='word_1_401' title='bbox 435 2628 475 2658; x_wconf 78' lang='grc' dir='ltr'><strong>είς</strong></span> <span class='ocrx_word' id='word_1_402' title='bbox 490 2627 521 2654; x_wconf 79' lang='grc' dir='ltr'><strong>τὸ</strong></span> <span class='ocrx_word' id='word_1_403' title='bbox 534 2627 679 2664; x_wconf 85' lang='grc' dir='ltr'>πρόσωπον</span> <span class='ocrx_word' id='word_1_404' title='bbox 697 2621 860 2664; x_wconf 62' lang='grc' dir='ltr'>ὲλάμὸίνεν.</span> <span class='ocrx_word' id='word_1_405' title='bbox 879 2629 994 2664; x_wconf 85' lang='grc' dir='ltr'>Ὁμοίως</span> 
     </span>
    </p>
   </div>
   <div class='ocr_carea' id='block_1_53' title="bbox 206 2670 995 2709">
    <p class='ocr_par' dir='ltr' id='par_1_53' title="bbox 206 2670 995 2709">
     <span class='ocr_line' id='line_1_54' title="bbox 206 2670 995 2709; baseline 0.005 -13"><span class='ocrx_word' id='word_1_406' title='bbox 206 2670 287 2696; x_wconf 66' lang='grc' dir='ltr'>Διιῦὶδ</span> <span class='ocrx_word' id='word_1_407' title='bbox 305 2670 399 2699; x_wconf 85' lang='grc' dir='ltr'>τοῦτον</span> <span class='ocrx_word' id='word_1_408' title='bbox 412 2671 557 2706; x_wconf 84' lang='grc' dir='ltr'>φυλάσσων</span> <span class='ocrx_word' id='word_1_409' title='bbox 576 2672 728 2707; x_wconf 80' lang='grc' dir='ltr'>εἰργάζετο,</span> <span class='ocrx_word' id='word_1_410' title='bbox 744 2672 804 2699; x_wconf 71' lang='grc' dir='ltr'>ὅθεν</span> <span class='ocrx_word' id='word_1_411' title='bbox 819 2674 874 2700; x_wconf 83' lang='grc' dir='ltr'>τῶν</span> <span class='ocrx_word' id='word_1_412' title='bbox 890 2674 995 2709; x_wconf 75' lang='grc' dir='ltr'>ἐχθρῶν</span> 
     </span>
    </p>
   </div>
   <div class='ocr_carea' id='block_1_54' title="bbox 206 2715 998 2755">
    <p class='ocr_par' dir='ltr' id='par_1_54' title="bbox 206 2715 998 2755">
     <span class='ocr_line' id='line_1_55' title="bbox 206 2715 998 2755; baseline 0.005 -13"><span class='ocrx_word' id='word_1_413' title='bbox 206 2716 363 2752; x_wconf 72' lang='grc' dir='ltr'>ὲκυρὲευενο</span> <span class='ocrx_word' id='word_1_414' title='bbox 383 2718 451 2745; x_wconf 82' lang='grc' dir='ltr'>ἀλλὰ</span> <span class='ocrx_word' id='word_1_415' title='bbox 477 2718 525 2745; x_wconf 80' lang='grc' dir='ltr'>καὶ</span> <span class='ocrx_word' id='word_1_416' title='bbox 549 2718 636 2745; x_wconf 71' lang='grc' dir='ltr'>Σαοὺλ</span> <span class='ocrx_word' id='word_1_417' title='bbox 659 2718 711 2750; x_wconf 79' lang='grc' dir='ltr'><strong>ἓως</strong></span> <span class='ocrx_word' id='word_1_418' title='bbox 734 2715 765 2745; x_wconf 71' lang='grc' dir='ltr'><strong>οὗ</strong></span> <span class='ocrx_word' id='word_1_419' title='bbox 789 2719 923 2753; x_wconf 78' lang='grc' dir='ltr'>ἐφύλασσε</span> <span class='ocrx_word' id='word_1_420' title='bbox 949 2720 998 2755; x_wconf 71' lang='grc' dir='ltr'>τὴν</span> 
     </span>
    </p>
   </div>
   <div class='ocr_carea' id='block_1_55' title="bbox 207 2762 997 2800">
    <p class='ocr_par' dir='ltr' id='par_1_55' title="bbox 207 2762 997 2800">
     <span class='ocr_line' id='line_1_56' title="bbox 207 2762 997 2800; baseline 0.006 -13"><span class='ocrx_word' id='word_1_421' title='bbox 207 2762 330 2796; x_wconf 77' lang='grc' dir='ltr'>καρδίαν,</span> <span class='ocrx_word' id='word_1_422' title='bbox 347 2763 489 2791; x_wconf 74' lang='grc' dir='ltr'>εὖωδοῦτο.</span> <span class='ocrx_word' id='word_1_423' title='bbox 514 2764 579 2791; x_wconf 81' lang='grc' dir='ltr'>Ὅτε</span> <span class='ocrx_word' id='word_1_424' title='bbox 602 2764 630 2790; x_wconf 84' lang='grc' dir='ltr'>δὲ</span> <span class='ocrx_word' id='word_1_425' title='bbox 653 2765 694 2796; x_wconf 84' lang='grc' dir='ltr'><strong>είς</strong></span> <span class='ocrx_word' id='word_1_426' title='bbox 717 2764 795 2796; x_wconf 78' lang='grc' dir='ltr'>τέλος</span> <span class='ocrx_word' id='word_1_427' title='bbox 815 2765 934 2800; x_wconf 78' lang='grc' dir='ltr'>παρέϐη,</span> <span class='ocrx_word' id='word_1_428' title='bbox 957 2767 997 2798; x_wconf 84' lang='grc' dir='ltr'>εἰς</span> 
     </span>
    </p>
   </div>
   <div class='ocr_carea' id='block_1_56' title="bbox 207 2807 996 2846">
    <p class='ocr_par' dir='ltr' id='par_1_56' title="bbox 207 2807 996 2846">
     <span class='ocr_line' id='line_1_57' title="bbox 207 2807 996 2846; baseline 0.006 -13"><span class='ocrx_word' id='word_1_429' title='bbox 207 2807 282 2840; x_wconf 78' lang='grc' dir='ltr'>τέλος</span> <span class='ocrx_word' id='word_1_430' title='bbox 299 2809 502 2845; x_wconf 77' lang='grc' dir='ltr'>ἐγκατελήφθη.</span> <span class='ocrx_word' id='word_1_431' title='bbox 522 2810 567 2836; x_wconf 81' lang='grc' dir='ltr'>Ἐν</span> <span class='ocrx_word' id='word_1_432' title='bbox 582 2810 676 2846; x_wconf 84' lang='grc' dir='ltr'>μέτρῳ</span> <span class='ocrx_word' id='word_1_433' title='bbox 689 2809 742 2846; x_wconf 76' lang='grc' dir='ltr'><strong>γὰρ</strong></span> <span class='ocrx_word' id='word_1_434' title='bbox 765 2811 835 2837; x_wconf 85' lang='grc' dir='ltr'>κατὰ</span> <span class='ocrx_word' id='word_1_435' title='bbox 851 2812 996 2846; x_wconf 75' lang='grc' dir='ltr'>ἀναλογίαν</span> 
     </span>
    </p>
   </div>
   <div class='ocr_carea' id='block_1_57' title="bbox 244 2885 969 2923">
    <p class='ocr_par' dir='ltr' id='par_1_57' title="bbox 244 2885 969 2923">
     <span class='ocr_line' id='line_1_58' title="bbox 244 2885 969 2923; baseline 0.007 -10"><span class='ocrx_word' id='word_1_436' title='bbox 244 2885 264 2901; x_wconf 87' lang='grc'><strong>³¹</strong></span> <span class='ocrx_word' id='word_1_437' title='bbox 281 2885 365 2914; x_wconf 89' lang='lat' dir='ltr'><strong>lCor.</strong></span> <span class='ocrx_word' id='word_1_438' title='bbox 381 2895 435 2915; x_wconf 80' lang='lat' dir='ltr'><strong>xw.</strong></span> <span class='ocrx_word' id='word_1_439' title='bbox 454 2889 480 2915; x_wconf 32' lang='lat'><strong>‘24</strong></span> <span class='ocrx_word' id='word_1_440' title='bbox 521 2889 542 2907; x_wconf 80' lang='grc'><strong>³¹</strong></span> <span class='ocrx_word' id='word_1_441' title='bbox 555 2889 611 2917; x_wconf 79' lang='lat' dir='ltr'><strong>Jac.</strong></span> <span class='ocrx_word' id='word_1_442' title='bbox 623 2898 658 2922; x_wconf 83' lang='lat' dir='ltr'><strong>iv,</strong></span> <span class='ocrx_word' id='word_1_443' title='bbox 673 2891 697 2917; x_wconf 55' lang='grc' dir='ltr'><strong>λι.</strong></span> <span class='ocrx_word' id='word_1_444' title='bbox 739 2890 760 2906; x_wconf 79' lang='grc'>³³</span> <span class='ocrx_word' id='word_1_445' title='bbox 777 2889 857 2917; x_wconf 77' lang='lat' dir='ltr'><strong>l‘rov.</strong></span> <span class='ocrx_word' id='word_1_446' title='bbox 877 2899 912 2923; x_wconf 83' lang='lat' dir='ltr'><strong>iv,</strong></span> <span class='ocrx_word' id='word_1_447' title='bbox 926 2892 969 2918; x_wconf 61' lang='lat'><strong>“33,</strong></span> 
     </span>
    </p>
   </div>
   <div class='ocr_carea' id='block_1_58' title="bbox 680 168 1336 218">
    <p class='ocr_par' dir='ltr' id='par_1_58' title="bbox 680 168 1336 218">
     <span class='ocr_line' id='line_1_59' title="bbox 680 168 1336 218; baseline 0.002 -7"><span class='ocrx_word' id='word_1_448' title='bbox 680 168 865 212; x_wconf 69' lang='lat' dir='ltr'><strong>HOMILI/E.</strong></span> <span class='ocrx_word' id='word_1_449' title='bbox 876 194 911 199; x_wconf 89' lang='lat'><strong>—</strong></span> <span class='ocrx_word' id='word_1_450' title='bbox 925 181 1018 212; x_wconf 88' lang='lat' dir='ltr'><strong>HOM.</strong></span> <span class='ocrx_word' id='word_1_451' title='bbox 1038 181 1170 218; x_wconf 83' lang='lat' dir='ltr'><strong>XXXVI,</strong></span> <span class='ocrx_word' id='word_1_452' title='bbox 1188 181 1336 212; x_wconf 84' lang='lat' dir='ltr'><strong>XXXVII.</strong></span> 
     </span>
    </p>
   </div>
   <div class='ocr_carea' id='block_1_59' title="bbox 1775 183 1829 216">
    <p class='ocr_par' dir='ltr' id='par_1_59' title="bbox 1775 183 1829 216">
     <span class='ocr_line' id='line_1_60' title="bbox 1775 183 1829 216; baseline 0 -1"><span class='ocrx_word' id='word_1_453' title='bbox 1775 183 1829 216; x_wconf 71' lang='lat'><strong>75‘)</strong></span> 
     </span>
    </p>
   </div>
   <div class='ocr_carea' id='block_1_60' title="bbox 1299 235 1578 266">
    <p class='ocr_par' dir='ltr' id='par_1_60' title="bbox 1299 235 1578 266">
     <span class='ocr_line' id='line_1_61' title="bbox 1299 235 1578 266; baseline 0.011 -3"><span class='ocrx_word' id='word_1_454' title='bbox 1299 235 1439 265; x_wconf 76' lang='lat' dir='ltr'><strong>lIOMllJA</strong></span> <span class='ocrx_word' id='word_1_455' title='bbox 1460 238 1578 266; x_wconf 72' lang='lat' dir='ltr'><strong>XXXVI.</strong></span> 
     </span>
    </p>
   </div>
   <div class='ocr_carea' id='block_1_61' title="bbox 1044 282 1832 321">
    <p class='ocr_par' dir='ltr' id='par_1_61' title="bbox 1044 282 1832 321">
     <span class='ocr_line' id='line_1_62' title="bbox 1044 282 1832 321; baseline 0.005 -12"><span class='ocrx_word' id='word_1_456' title='bbox 1044 282 1081 310; x_wconf 84' lang='lat' dir='ltr'><strong>De</strong></span> <span class='ocrx_word' id='word_1_457' title='bbox 1095 282 1192 318; x_wconf 75' lang='lat' dir='ltr'><strong>duplici</strong></span> <span class='ocrx_word' id='word_1_458' title='bbox 1211 284 1400 321; x_wconf 65' lang='lat' dir='ltr'><strong>resurrectione</strong></span> <span class='ocrx_word' id='word_1_459' title='bbox 1416 285 1568 321; x_wconf 78' lang='lat' dir='ltr'><strong>animarum</strong></span> <span class='ocrx_word' id='word_1_460' title='bbox 1579 288 1623 321; x_wconf 22' lang='grc' dir='ltr'>,ειν</span> <span class='ocrx_word' id='word_1_461' title='bbox 1638 293 1786 321; x_wconf 82' lang='lat' dir='ltr'><strong>corporum,</strong></span> <span class='ocrx_word' id='word_1_462' title='bbox 1807 289 1832 314; x_wconf 77' lang='lat' dir='ltr'><strong>et.</strong></span> 
     </span>
    </p>
   </div>
   <div class='ocr_carea' id='block_1_62' title="bbox 1232 318 1652 355">
    <p class='ocr_par' dir='ltr' id='par_1_62' title="bbox 1232 318 1652 355">
     <span class='ocr_line' id='line_1_63' title="bbox 1232 318 1652 355; baseline 0.007 -11"><span class='ocrx_word' id='word_1_463' title='bbox 1232 318 1335 345; x_wconf 80' lang='lat' dir='ltr'><strong>diversa</strong></span> <span class='ocrx_word' id='word_1_464' title='bbox 1350 320 1540 354; x_wconf 75' lang='lat' dir='ltr'><strong>resurgentium</strong></span> <span class='ocrx_word' id='word_1_465' title='bbox 1556 319 1652 355; x_wconf 84' lang='lat' dir='ltr'><strong>gloria.</strong></span> 
     </span>
    </p>
   </div>
   <div class='ocr_carea' id='block_1_63' title="bbox 1079 377 1830 405">
    <p class='ocr_par' dir='ltr' id='par_1_63' title="bbox 1079 377 1830 405">
     <span class='ocr_line' id='line_1_64' title="bbox 1079 377 1830 405; baseline 0 -1"><span class='ocrx_word' id='word_1_466' title='bbox 1079 377 1101 405; x_wconf 86' lang='grc' dir='ltr'><strong>Ι.</strong></span> <span class='ocrx_word' id='word_1_467' title='bbox 1116 377 1296 405; x_wconf 85' lang='lat' dir='ltr'><strong>Resurrectio</strong></span> <span class='ocrx_word' id='word_1_468' title='bbox 1305 380 1476 405; x_wconf 85' lang='lat' dir='ltr'><strong>mortuarum</strong></span> <span class='ocrx_word' id='word_1_469' title='bbox 1488 377 1642 405; x_wconf 87' lang='lat' dir='ltr'><strong>animarum</strong></span> <span class='ocrx_word' id='word_1_470' title='bbox 1653 377 1687 405; x_wconf 91' lang='lat' dir='ltr'><strong>ab</strong></span> <span class='ocrx_word' id='word_1_471' title='bbox 1700 377 1754 405; x_wconf 88' lang='lat' dir='ltr'><strong>hoc</strong></span> <span class='ocrx_word' id='word_1_472' title='bbox 1770 384 1830 404; x_wconf 91' lang='lat' dir='ltr'><strong>mo-</strong></span> 
     </span>
    </p>
   </div>
   <div class='ocr_carea' id='block_1_64' title="bbox 1044 423 1828 459">
    <p class='ocr_par' dir='ltr' id='par_1_64' title="bbox 1044 423 1828 459">
     <span class='ocr_line' id='line_1_65' title="bbox 1044 423 1828 459; baseline 0 -9"><span class='ocrx_word' id='word_1_473' title='bbox 1044 427 1138 450; x_wconf 88' lang='lat' dir='ltr'><strong>mento</strong></span> <span class='ocrx_word' id='word_1_474' title='bbox 1150 424 1377 452; x_wconf 83' lang='lat' dir='ltr'><strong>ﬁtzresurrectio</strong></span> <span class='ocrx_word' id='word_1_475' title='bbox 1393 431 1460 451; x_wconf 88' lang='lat' dir='ltr'><strong>vero</strong></span> <span class='ocrx_word' id='word_1_476' title='bbox 1476 431 1623 459; x_wconf 82' lang='lat' dir='ltr'><strong>corporum</strong></span> <span class='ocrx_word' id='word_1_477' title='bbox 1654 424 1683 451; x_wconf 90' lang='lat' dir='ltr'><strong>in</strong></span> <span class='ocrx_word' id='word_1_478' title='bbox 1708 423 1754 451; x_wconf 87' lang='lat' dir='ltr'><strong>illa</strong></span> <span class='ocrx_word' id='word_1_479' title='bbox 1774 423 1828 450; x_wconf 91' lang='lat' dir='ltr'><strong>die.</strong></span> 
     </span>
    </p>
   </div>
   <div class='ocr_carea' id='block_1_65' title="bbox 1042 468 1828 504">
    <p class='ocr_par' dir='ltr' id='par_1_65' title="bbox 1042 468 1828 504">
     <span class='ocr_line' id='line_1_66' title="bbox 1042 468 1828 504; baseline -0.001 -8"><span class='ocrx_word' id='word_1_480' title='bbox 1042 468 1277 502; x_wconf 81' lang='lat' dir='ltr'><strong>Quemadmodum</strong></span> <span class='ocrx_word' id='word_1_481' title='bbox 1295 477 1361 497; x_wconf 86' lang='lat' dir='ltr'><strong>vero</strong></span> <span class='ocrx_word' id='word_1_482' title='bbox 1374 469 1401 496; x_wconf 92' lang='lat' dir='ltr'><strong>in</strong></span> <span class='ocrx_word' id='word_1_483' title='bbox 1415 469 1494 502; x_wconf 61' lang='lat' dir='ltr'><strong>coelo,</strong></span> <span class='ocrx_word' id='word_1_484' title='bbox 1513 477 1574 504; x_wconf 64' lang='lat' dir='ltr'><strong>qua:</strong></span> <span class='ocrx_word' id='word_1_485' title='bbox 1587 468 1646 496; x_wconf 78' lang='lat' dir='ltr'><strong>ﬁxa:</strong></span> <span class='ocrx_word' id='word_1_486' title='bbox 1657 472 1722 496; x_wconf 90' lang='lat' dir='ltr'><strong>sunt</strong></span> <span class='ocrx_word' id='word_1_487' title='bbox 1733 468 1828 500; x_wconf 58' lang='lat' dir='ltr'><strong>stella),</strong></span> 
     </span>
    </p>
   </div>
   <div class='ocr_carea' id='block_1_66' title="bbox 1042 514 1830 550">
    <p class='ocr_par' dir='ltr' id='par_1_66' title="bbox 1042 514 1830 550">
     <span class='ocr_line' id='line_1_67' title="bbox 1042 514 1830 550; baseline -0.001 -8"><span class='ocrx_word' id='word_1_488' title='bbox 1042 522 1097 542; x_wconf 94' lang='lat' dir='ltr'><strong>non</strong></span> <span class='ocrx_word' id='word_1_489' title='bbox 1109 519 1173 542; x_wconf 88' lang='lat' dir='ltr'><strong>sunt</strong></span> <span class='ocrx_word' id='word_1_490' title='bbox 1186 522 1283 543; x_wconf 86' lang='lat' dir='ltr'><strong>omnes</strong></span> <span class='ocrx_word' id='word_1_491' title='bbox 1299 515 1421 550; x_wconf 87' lang='lat' dir='ltr'><strong>aquales,</strong></span> <span class='ocrx_word' id='word_1_492' title='bbox 1435 515 1483 543; x_wconf 88' lang='lat' dir='ltr'><strong>sed</strong></span> <span class='ocrx_word' id='word_1_493' title='bbox 1498 522 1553 542; x_wconf 86' lang='lat' dir='ltr'><strong>una</strong></span> <span class='ocrx_word' id='word_1_494' title='bbox 1568 515 1602 542; x_wconf 89' lang='lat' dir='ltr'><strong>ab</strong></span> <span class='ocrx_word' id='word_1_495' title='bbox 1624 515 1709 542; x_wconf 87' lang='lat' dir='ltr'><strong>altera</strong></span> <span class='ocrx_word' id='word_1_496' title='bbox 1736 514 1830 542; x_wconf 81' lang='lat' dir='ltr'><strong>diﬁ‘ert</strong></span> 
     </span>
    </p>
   </div>
   <div class='ocr_carea' id='block_1_67' title="bbox 1043 560 1829 596">
    <p class='ocr_par' dir='ltr' id='par_1_67' title="bbox 1043 560 1829 596">
     <span class='ocr_line' id='line_1_68' title="bbox 1043 560 1829 596; baseline -0.001 -9"><span class='ocrx_word' id='word_1_497' title='bbox 1043 560 1189 594; x_wconf 86' lang='lat' dir='ltr'><strong>splendore</strong></span> <span class='ocrx_word' id='word_1_498' title='bbox 1199 565 1228 588; x_wconf 81' lang='lat' dir='ltr'><strong>et</strong></span> <span class='ocrx_word' id='word_1_499' title='bbox 1239 560 1448 596; x_wconf 76' lang='lat' dir='ltr'><strong>magnitudine;</strong></span> <span class='ocrx_word' id='word_1_500' title='bbox 1463 560 1503 588; x_wconf 88' lang='lat' dir='ltr'><strong>sic</strong></span> <span class='ocrx_word' id='word_1_501' title='bbox 1511 560 1538 587; x_wconf 93' lang='lat' dir='ltr'><strong>in</strong></span> <span class='ocrx_word' id='word_1_502' title='bbox 1548 560 1633 587; x_wconf 86' lang='lat' dir='ltr'><strong>rebus</strong></span> <span class='ocrx_word' id='word_1_503' title='bbox 1640 560 1829 595; x_wconf 88' lang='lat' dir='ltr'><strong>spiritualibus</strong></span> 
     </span>
    </p>
   </div>
   <div class='ocr_carea' id='block_1_68' title="bbox 1043 606 1827 642">
    <p class='ocr_par' dir='ltr' id='par_1_68' title="bbox 1043 606 1827 642">
     <span class='ocr_line' id='line_1_69' title="bbox 1043 606 1827 642; baseline -0.003 -8"><span class='ocrx_word' id='word_1_504' title='bbox 1043 614 1093 641; x_wconf 91' lang='lat' dir='ltr'><strong>pro</strong></span> <span class='ocrx_word' id='word_1_505' title='bbox 1108 606 1191 634; x_wconf 89' lang='lat' dir='ltr'><strong>modo</strong></span> <span class='ocrx_word' id='word_1_506' title='bbox 1212 607 1274 634; x_wconf 88' lang='lat' dir='ltr'><strong>ﬁdei</strong></span> <span class='ocrx_word' id='word_1_507' title='bbox 1301 611 1366 634; x_wconf 88' lang='lat' dir='ltr'><strong>sunt</strong></span> <span class='ocrx_word' id='word_1_508' title='bbox 1382 606 1570 642; x_wconf 86' lang='lat' dir='ltr'><strong>promotiones</strong></span> <span class='ocrx_word' id='word_1_509' title='bbox 1594 606 1621 633; x_wconf 94' lang='lat' dir='ltr'><strong>in</strong></span> <span class='ocrx_word' id='word_1_510' title='bbox 1638 606 1698 641; x_wconf 91' lang='lat' dir='ltr'><strong>ipso</strong></span> <span class='ocrx_word' id='word_1_511' title='bbox 1712 606 1827 640; x_wconf 90' lang='lat' dir='ltr'><strong>Spiritu,</strong></span> 
     </span>
    </p>
   </div>
   <div class='ocr_carea' id='block_1_69' title="bbox 1042 651 1828 687">
    <p class='ocr_par' dir='ltr' id='par_1_69' title="bbox 1042 651 1828 687">
     <span class='ocr_line' id='line_1_70' title="bbox 1042 651 1828 687; baseline -0.003 -8"><span class='ocrx_word' id='word_1_512' title='bbox 1042 660 1114 680; x_wconf 90' lang='lat' dir='ltr'><strong>unus</strong></span> <span class='ocrx_word' id='word_1_513' title='bbox 1130 653 1297 687; x_wconf 75' lang='lat' dir='ltr'><strong>locupletior</strong></span> <span class='ocrx_word' id='word_1_514' title='bbox 1309 653 1406 681; x_wconf 87' lang='lat' dir='ltr'><strong>altero.</strong></span> <span class='ocrx_word' id='word_1_515' title='bbox 1420 652 1562 687; x_wconf 77' lang='lat' dir='ltr'><strong>Scriptura</strong></span> <span class='ocrx_word' id='word_1_516' title='bbox 1578 659 1688 687; x_wconf 89' lang='lat' dir='ltr'><strong>quoque</strong></span> <span class='ocrx_word' id='word_1_517' title='bbox 1699 651 1738 679; x_wconf 92' lang='lat' dir='ltr'><strong>ait</strong></span> <span class='ocrx_word' id='word_1_518' title='bbox 1751 660 1758 678; x_wconf 91' lang='lat'>:</span> <span class='ocrx_word' id='word_1_519' title='bbox 1776 651 1828 683; x_wconf 81' lang='lat' dir='ltr'><strong>Qui</strong></span> 
     </span>
    </p>
   </div>
   <div class='ocr_carea' id='block_1_70' title="bbox 1043 695 1828 733">
    <p class='ocr_par' dir='ltr' id='par_1_70' title="bbox 1043 695 1828 733">
     <span class='ocr_line' id='line_1_71' title="bbox 1043 695 1828 733; baseline -0.003 -9"><span class='ocrx_word' id='word_1_520' title='bbox 1043 697 1159 733; x_wconf 86' lang='lat' dir='ltr'><strong>loquitur</strong></span> <span class='ocrx_word' id='word_1_521' title='bbox 1171 697 1271 732; x_wconf 82' lang='lat' dir='ltr'><strong>lingua,</strong></span> <span class='ocrx_word' id='word_1_522' title='bbox 1280 696 1381 732; x_wconf 87' lang='lat' dir='ltr'><strong>Spiritu</strong></span> <span class='ocrx_word' id='word_1_523' title='bbox 1391 697 1438 724; x_wconf 84' lang='lat' dir='ltr'><strong>Dei</strong></span> <span class='ocrx_word' id='word_1_524' title='bbox 1450 697 1566 728; x_wconf 78' lang='lat' dir='ltr'><strong>loquitur</strong></span> <span class='ocrx_word' id='word_1_525' title='bbox 1576 697 1607 721; x_wconf 86' lang='grc'><strong>¹¹.</strong></span> <span class='ocrx_word' id='word_1_526' title='bbox 1617 696 1668 723; x_wconf 88' lang='lat' dir='ltr'><strong>Hie</strong></span> <span class='ocrx_word' id='word_1_527' title='bbox 1677 695 1828 730; x_wconf 87' lang='lat' dir='ltr'><strong>spiritualis</strong></span> 
     </span>
    </p>
   </div>
   <div class='ocr_carea' id='block_1_71' title="bbox 1041 742 1827 777">
    <p class='ocr_par' dir='ltr' id='par_1_71' title="bbox 1041 742 1827 777">
     <span class='ocr_line' id='line_1_72' title="bbox 1041 742 1827 777; baseline -0.003 -8"><span class='ocrx_word' id='word_1_528' title='bbox 1041 745 1094 774; x_wconf 86' lang='lat' dir='ltr'><strong>est,</strong></span> <span class='ocrx_word' id='word_1_529' title='bbox 1113 742 1160 777; x_wconf 81' lang='lat' dir='ltr'><strong>qui</strong></span> <span class='ocrx_word' id='word_1_530' title='bbox 1177 749 1239 769; x_wconf 82' lang='lat' dir='ltr'><strong>cum</strong></span> <span class='ocrx_word' id='word_1_531' title='bbox 1254 742 1309 769; x_wconf 88' lang='lat' dir='ltr'><strong>Deo</strong></span> <span class='ocrx_word' id='word_1_532' title='bbox 1319 742 1461 777; x_wconf 88' lang='lat' dir='ltr'><strong>loquitur:</strong></span> <span class='ocrx_word' id='word_1_533' title='bbox 1476 742 1509 770; x_wconf 79' lang='lat' dir='ltr'><strong>At</strong></span> <span class='ocrx_word' id='word_1_534' title='bbox 1525 742 1603 777; x_wconf 82' lang='grc'><strong>127</strong></span> <span class='ocrx_word' id='word_1_535' title='bbox 1619 743 1662 777; x_wconf 85' lang='lat' dir='ltr'><strong>qui</strong></span> <span class='ocrx_word' id='word_1_536' title='bbox 1678 742 1827 777; x_wconf 77' lang='lat' dir='ltr'><strong>prophetat,</strong></span> 
     </span>
    </p>
   </div>
   <div class='ocr_carea' id='block_1_72' title="bbox 1041 787 1828 822">
    <p class='ocr_par' dir='ltr' id='par_1_72' title="bbox 1041 787 1828 822">
     <span class='ocr_line' id='line_1_73' title="bbox 1041 787 1828 822; baseline 0 -8"><span class='ocrx_word' id='word_1_537' title='bbox 1041 787 1177 814; x_wconf 72' lang='lat' dir='ltr'><strong>ecclesiam</strong></span> <span class='ocrx_word' id='word_1_538' title='bbox 1187 787 1310 822; x_wconf 68' lang='lat' dir='ltr'><strong>ludiﬁcat.</strong></span> <span class='ocrx_word' id='word_1_539' title='bbox 1319 788 1372 816; x_wconf 84' lang='lat' dir='ltr'><strong>iste</strong></span> <span class='ocrx_word' id='word_1_540' title='bbox 1379 788 1572 816; x_wconf 81' lang='lat' dir='ltr'><strong>abundantiam</strong></span> <span class='ocrx_word' id='word_1_541' title='bbox 1586 788 1703 822; x_wconf 87' lang='lat' dir='ltr'><strong>adeptus</strong></span> <span class='ocrx_word' id='word_1_542' title='bbox 1713 791 1756 814; x_wconf 88' lang='lat' dir='ltr'><strong>est</strong></span> <span class='ocrx_word' id='word_1_543' title='bbox 1767 795 1828 822; x_wconf 75' lang='lat' dir='ltr'><strong>gra-</strong></span> 
     </span>
    </p>
   </div>
   <div class='ocr_carea' id='block_1_73' title="bbox 1042 833 1828 869">
    <p class='ocr_par' dir='ltr' id='par_1_73' title="bbox 1042 833 1828 869">
     <span class='ocr_line' id='line_1_74' title="bbox 1042 833 1828 869; baseline -0.003 -9"><span class='ocrx_word' id='word_1_544' title='bbox 1042 833 1095 860; x_wconf 73' lang='lat' dir='ltr'><strong>tize.</strong></span> <span class='ocrx_word' id='word_1_545' title='bbox 1110 833 1158 860; x_wconf 86' lang='lat' dir='ltr'><strong>Ille</strong></span> <span class='ocrx_word' id='word_1_546' title='bbox 1171 834 1244 861; x_wconf 90' lang='lat' dir='ltr'><strong>enim</strong></span> <span class='ocrx_word' id='word_1_547' title='bbox 1260 842 1289 861; x_wconf 90' lang='lat' dir='ltr'><strong>se</strong></span> <span class='ocrx_word' id='word_1_548' title='bbox 1306 835 1396 869; x_wconf 88' lang='lat' dir='ltr'><strong>ipsum</strong></span> <span class='ocrx_word' id='word_1_549' title='bbox 1409 834 1544 861; x_wconf 76' lang='lat' dir='ltr'><strong>duntaxat</strong></span> <span class='ocrx_word' id='word_1_550' title='bbox 1555 833 1682 864; x_wconf 69' lang='lat' dir='ltr'><strong>aediﬁcat,</strong></span> <span class='ocrx_word' id='word_1_551' title='bbox 1699 833 1747 860; x_wconf 89' lang='lat' dir='ltr'><strong>hic</strong></span> <span class='ocrx_word' id='word_1_552' title='bbox 1764 840 1828 859; x_wconf 80' lang='lat' dir='ltr'><strong>vero</strong></span> 
     </span>
    </p>
   </div>
   <div class='ocr_carea' id='block_1_74' title="bbox 1042 877 1828 912">
    <p class='ocr_par' dir='ltr' id='par_1_74' title="bbox 1042 877 1828 912">
     <span class='ocr_line' id='line_1_75' title="bbox 1042 877 1828 912; baseline -0.001 -8"><span class='ocrx_word' id='word_1_553' title='bbox 1042 885 1071 905; x_wconf 87' lang='lat' dir='ltr'><strong>se</strong></span> <span class='ocrx_word' id='word_1_554' title='bbox 1087 878 1175 912; x_wconf 87' lang='lat' dir='ltr'><strong>ipsum</strong></span> <span class='ocrx_word' id='word_1_555' title='bbox 1187 883 1215 905; x_wconf 89' lang='lat' dir='ltr'><strong>et</strong></span> <span class='ocrx_word' id='word_1_556' title='bbox 1226 878 1390 912; x_wconf 88' lang='lat' dir='ltr'><strong>proximum.</strong></span> <span class='ocrx_word' id='word_1_557' title='bbox 1406 877 1462 905; x_wconf 88' lang='lat' dir='ltr'><strong>Hoc</strong></span> <span class='ocrx_word' id='word_1_558' title='bbox 1473 885 1556 912; x_wconf 89' lang='lat' dir='ltr'><strong>porro</strong></span> <span class='ocrx_word' id='word_1_559' title='bbox 1569 885 1597 905; x_wconf 87' lang='lat' dir='ltr'><strong>se</strong></span> <span class='ocrx_word' id='word_1_560' title='bbox 1613 878 1706 909; x_wconf 81' lang='lat' dir='ltr'><strong>habet,</strong></span> <span class='ocrx_word' id='word_1_561' title='bbox 1722 881 1752 904; x_wconf 90' lang='lat' dir='ltr'><strong>ut</strong></span> <span class='ocrx_word' id='word_1_562' title='bbox 1765 884 1828 912; x_wconf 75' lang='lat' dir='ltr'><strong>gra-</strong></span> 
     </span>
    </p>
   </div>
   <div class='ocr_carea' id='block_1_75' title="bbox 1041 923 1829 958">
    <p class='ocr_par' dir='ltr' id='par_1_75' title="bbox 1041 923 1829 958">
     <span class='ocr_line' id='line_1_76' title="bbox 1041 923 1829 958; baseline -0.001 -8"><span class='ocrx_word' id='word_1_563' title='bbox 1041 931 1107 950; x_wconf 92' lang='lat' dir='ltr'><strong>num</strong></span> <span class='ocrx_word' id='word_1_564' title='bbox 1125 923 1255 950; x_wconf 78' lang='lat' dir='ltr'><strong>frumenti</strong></span> <span class='ocrx_word' id='word_1_565' title='bbox 1266 923 1294 950; x_wconf 92' lang='lat' dir='ltr'><strong>in</strong></span> <span class='ocrx_word' id='word_1_566' title='bbox 1310 928 1411 950; x_wconf 89' lang='lat' dir='ltr'><strong>terram</strong></span> <span class='ocrx_word' id='word_1_567' title='bbox 1428 924 1583 958; x_wconf 84' lang='lat' dir='ltr'><strong>conjectum</strong></span> <span class='ocrx_word' id='word_1_568' title='bbox 1605 931 1612 950; x_wconf 88' lang='lat'>:</span> <span class='ocrx_word' id='word_1_569' title='bbox 1633 923 1705 950; x_wconf 86' lang='lat' dir='ltr'><strong>idem</strong></span> <span class='ocrx_word' id='word_1_570' title='bbox 1724 930 1757 950; x_wconf 83' lang='lat' dir='ltr'><strong>ex</strong></span> <span class='ocrx_word' id='word_1_571' title='bbox 1775 930 1829 949; x_wconf 91' lang='lat' dir='ltr'><strong>uno</strong></span> 
     </span>
    </p>
   </div>
   <div class='ocr_carea' id='block_1_76' title="bbox 1041 968 1828 1004">
    <p class='ocr_par' dir='ltr' id='par_1_76' title="bbox 1041 968 1828 1004">
     <span class='ocr_line' id='line_1_77' title="bbox 1041 968 1828 1004; baseline -0.004 -7"><span class='ocrx_word' id='word_1_572' title='bbox 1041 969 1126 997; x_wconf 86' lang='lat' dir='ltr'><strong>corde</strong></span> <span class='ocrx_word' id='word_1_573' title='bbox 1140 969 1219 1004; x_wconf 87' lang='lat' dir='ltr'><strong>plura</strong></span> <span class='ocrx_word' id='word_1_574' title='bbox 1237 973 1265 997; x_wconf 92' lang='lat' dir='ltr'><strong>et</strong></span> <span class='ocrx_word' id='word_1_575' title='bbox 1278 969 1385 997; x_wconf 88' lang='lat' dir='ltr'><strong>diversa</strong></span> <span class='ocrx_word' id='word_1_576' title='bbox 1396 976 1479 1004; x_wconf 77' lang='lat' dir='ltr'><strong>grana</strong></span> <span class='ocrx_word' id='word_1_577' title='bbox 1499 968 1637 1003; x_wconf 82' lang='lat' dir='ltr'><strong>producit.</strong></span> <span class='ocrx_word' id='word_1_578' title='bbox 1665 969 1701 995; x_wconf 88' lang='lat' dir='ltr'><strong>Et</strong></span> <span class='ocrx_word' id='word_1_579' title='bbox 1720 975 1828 995; x_wconf 86' lang='lat' dir='ltr'><strong>rursum</strong></span> 
     </span>
    </p>
   </div>
   <div class='ocr_carea' id='block_1_77' title="bbox 1040 1013 1828 1049">
    <p class='ocr_par' dir='ltr' id='par_1_77' title="bbox 1040 1013 1828 1049">
     <span class='ocr_line' id='line_1_78' title="bbox 1040 1013 1828 1049; baseline -0.003 -8"><span class='ocrx_word' id='word_1_580' title='bbox 1040 1022 1074 1041; x_wconf 78' lang='lat' dir='ltr'><strong>ex</strong></span> <span class='ocrx_word' id='word_1_581' title='bbox 1091 1014 1175 1049; x_wconf 85' lang='lat' dir='ltr'><strong>spicis</strong></span> <span class='ocrx_word' id='word_1_582' title='bbox 1189 1014 1256 1049; x_wconf 89' lang='lat' dir='ltr'><strong>ipsis</strong></span> <span class='ocrx_word' id='word_1_583' title='bbox 1268 1014 1329 1041; x_wconf 64' lang='lat' dir='ltr'><strong>aliae</strong></span> <span class='ocrx_word' id='word_1_584' title='bbox 1346 1019 1410 1041; x_wconf 91' lang='lat' dir='ltr'><strong>sunt</strong></span> <span class='ocrx_word' id='word_1_585' title='bbox 1423 1014 1581 1048; x_wconf 85' lang='lat' dir='ltr'><strong>ampliores,</strong></span> <span class='ocrx_word' id='word_1_586' title='bbox 1599 1014 1659 1041; x_wconf 62' lang='lat' dir='ltr'><strong>alia:</strong></span> <span class='ocrx_word' id='word_1_587' title='bbox 1670 1013 1828 1045; x_wconf 83' lang='lat' dir='ltr'><strong>tenuiores;</strong></span> 
     </span>
    </p>
   </div>
   <div class='ocr_carea' id='block_1_78' title="bbox 1042 1058 1829 1094">
    <p class='ocr_par' dir='ltr' id='par_1_78' title="bbox 1042 1058 1829 1094">
     <span class='ocr_line' id='line_1_79' title="bbox 1042 1058 1829 1094; baseline -0.001 -8"><span class='ocrx_word' id='word_1_588' title='bbox 1042 1059 1181 1087; x_wconf 76' lang='lat' dir='ltr'><strong>universa:</strong></span> <span class='ocrx_word' id='word_1_589' title='bbox 1198 1067 1265 1087; x_wconf 86' lang='lat' dir='ltr'><strong>vero</strong></span> <span class='ocrx_word' id='word_1_590' title='bbox 1290 1059 1317 1086; x_wconf 93' lang='lat' dir='ltr'><strong>in</strong></span> <span class='ocrx_word' id='word_1_591' title='bbox 1346 1067 1427 1086; x_wconf 89' lang='lat' dir='ltr'><strong>unam</strong></span> <span class='ocrx_word' id='word_1_592' title='bbox 1450 1063 1652 1094; x_wconf 74' lang='lat' dir='ltr'><strong>congregantur</strong></span> <span class='ocrx_word' id='word_1_593' title='bbox 1675 1066 1777 1090; x_wconf 82' lang='lat' dir='ltr'><strong>aream,</strong></span> <span class='ocrx_word' id='word_1_594' title='bbox 1801 1058 1829 1085; x_wconf 88' lang='lat' dir='ltr'><strong>in</strong></span> 
     </span>
    </p>
   </div>
   <div class='ocr_carea' id='block_1_79' title="bbox 1041 1102 1830 1139">
    <p class='ocr_par' dir='ltr' id='par_1_79' title="bbox 1041 1102 1830 1139">
     <span class='ocr_line' id='line_1_80' title="bbox 1041 1102 1830 1139; baseline 0.001 -7"><span class='ocrx_word' id='word_1_595' title='bbox 1041 1113 1126 1132; x_wconf 91' lang='lat' dir='ltr'><strong>unum</strong></span> <span class='ocrx_word' id='word_1_596' title='bbox 1143 1105 1292 1136; x_wconf 80' lang='lat' dir='ltr'><strong>horreum;</strong></span> <span class='ocrx_word' id='word_1_597' title='bbox 1306 1105 1407 1133; x_wconf 85' lang='lat' dir='ltr'><strong>etlicet</strong></span> <span class='ocrx_word' id='word_1_598' title='bbox 1421 1105 1536 1132; x_wconf 64' lang='lat' dir='ltr'><strong>diversaa</strong></span> <span class='ocrx_word' id='word_1_599' title='bbox 1549 1105 1615 1137; x_wconf 88' lang='lat' dir='ltr'><strong>sint,</strong></span> <span class='ocrx_word' id='word_1_600' title='bbox 1632 1112 1703 1133; x_wconf 78' lang='lat' dir='ltr'><strong>unus</strong></span> <span class='ocrx_word' id='word_1_601' title='bbox 1714 1112 1748 1132; x_wconf 81' lang='lat' dir='ltr'><strong>ex</strong></span> <span class='ocrx_word' id='word_1_602' title='bbox 1762 1102 1830 1139; x_wconf 65' lang='lat' dir='ltr'><strong>ipsis</strong></span> 
     </span>
    </p>
   </div>
   <div class='ocr_carea' id='block_1_80' title="bbox 1040 1149 1291 1185">
    <p class='ocr_par' dir='ltr' id='par_1_80' title="bbox 1040 1149 1291 1185">
     <span class='ocr_line' id='line_1_81' title="bbox 1040 1149 1291 1185; baseline 0 -9"><span class='ocrx_word' id='word_1_603' title='bbox 1040 1150 1187 1179; x_wconf 83' lang='lat' dir='ltr'><strong>conﬁcitur</strong></span> <span class='ocrx_word' id='word_1_604' title='bbox 1201 1149 1291 1185; x_wconf 85' lang='lat' dir='ltr'><strong>panis.</strong></span> 
     </span>
    </p>
   </div>
   <div class='ocr_carea' id='block_1_81' title="bbox 1075 1237 1828 1275">
    <p class='ocr_par' dir='ltr' id='par_1_81' title="bbox 1075 1237 1828 1275">
     <span class='ocr_line' id='line_1_82' title="bbox 1075 1237 1828 1275; baseline -0.005 -8"><span class='ocrx_word' id='word_1_605' title='bbox 1075 1240 1108 1267; x_wconf 92' lang='lat' dir='ltr'><strong>ll.</strong></span> <span class='ocrx_word' id='word_1_606' title='bbox 1122 1240 1176 1267; x_wconf 81' lang='lat' dir='ltr'><strong>Aut</strong></span> <span class='ocrx_word' id='word_1_607' title='bbox 1194 1238 1427 1275; x_wconf 78' lang='lat' dir='ltr'><strong>quemadmodum</strong></span> <span class='ocrx_word' id='word_1_608' title='bbox 1445 1238 1471 1266; x_wconf 89' lang='lat' dir='ltr'><strong>in</strong></span> <span class='ocrx_word' id='word_1_609' title='bbox 1486 1238 1599 1266; x_wconf 82' lang='lat' dir='ltr'><strong>civitate</strong></span> <span class='ocrx_word' id='word_1_610' title='bbox 1611 1242 1675 1265; x_wconf 87' lang='lat' dir='ltr'><strong>sunt</strong></span> <span class='ocrx_word' id='word_1_611' title='bbox 1686 1237 1828 1265; x_wconf 87' lang='lat' dir='ltr'><strong>hominum</strong></span> 
     </span>
    </p>
   </div>
   <div class='ocr_carea' id='block_1_82' title="bbox 1040 1283 1829 1319">
    <p class='ocr_par' dir='ltr' id='par_1_82' title="bbox 1040 1283 1829 1319">
     <span class='ocr_line' id='line_1_83' title="bbox 1040 1283 1829 1319; baseline -0.005 -6"><span class='ocrx_word' id='word_1_612' title='bbox 1040 1286 1242 1318; x_wconf 85' lang='lat' dir='ltr'><strong>multitudines,</strong></span> <span class='ocrx_word' id='word_1_613' title='bbox 1266 1289 1294 1313; x_wconf 88' lang='lat' dir='ltr'><strong>et</strong></span> <span class='ocrx_word' id='word_1_614' title='bbox 1315 1285 1441 1313; x_wconf 89' lang='lat' dir='ltr'><strong>nonnulli</strong></span> <span class='ocrx_word' id='word_1_615' title='bbox 1462 1288 1527 1312; x_wconf 88' lang='lat' dir='ltr'><strong>sunt</strong></span> <span class='ocrx_word' id='word_1_616' title='bbox 1542 1284 1622 1319; x_wconf 87' lang='lat' dir='ltr'><strong>pueri</strong></span> <span class='ocrx_word' id='word_1_617' title='bbox 1647 1283 1759 1319; x_wconf 83' lang='lat' dir='ltr'><strong>pusilli,</strong></span> <span class='ocrx_word' id='word_1_618' title='bbox 1781 1283 1829 1310; x_wconf 87' lang='lat' dir='ltr'><strong>alii</strong></span> 
     </span>
    </p>
   </div>
   <div class='ocr_carea' id='block_1_83' title="bbox 1040 1329 1829 1364">
    <p class='ocr_par' dir='ltr' id='par_1_83' title="bbox 1040 1329 1829 1364">
     <span class='ocr_line' id='line_1_84' title="bbox 1040 1329 1829 1364; baseline -0.005 -4"><span class='ocrx_word' id='word_1_619' title='bbox 1040 1340 1108 1360; x_wconf 86' lang='lat' dir='ltr'><strong>vero</strong></span> <span class='ocrx_word' id='word_1_620' title='bbox 1117 1332 1170 1359; x_wconf 90' lang='lat' dir='ltr'><strong>viri</strong></span> <span class='ocrx_word' id='word_1_621' title='bbox 1186 1332 1229 1360; x_wconf 90' lang='lat' dir='ltr'><strong>vel</strong></span> <span class='ocrx_word' id='word_1_622' title='bbox 1244 1332 1449 1364; x_wconf 84' lang='lat' dir='ltr'><strong>adolescentes;</strong></span> <span class='ocrx_word' id='word_1_623' title='bbox 1461 1333 1557 1359; x_wconf 74' lang='lat' dir='ltr'><strong>Omnes</strong></span> <span class='ocrx_word' id='word_1_624' title='bbox 1566 1337 1633 1357; x_wconf 86' lang='lat' dir='ltr'><strong>vero</strong></span> <span class='ocrx_word' id='word_1_625' title='bbox 1643 1338 1677 1358; x_wconf 83' lang='lat' dir='ltr'><strong>ex</strong></span> <span class='ocrx_word' id='word_1_626' title='bbox 1688 1337 1743 1357; x_wconf 92' lang='lat' dir='ltr'><strong>uno</strong></span> <span class='ocrx_word' id='word_1_627' title='bbox 1753 1329 1829 1356; x_wconf 84' lang='lat' dir='ltr'><strong>fonte</strong></span> 
     </span>
    </p>
   </div>
   <div class='ocr_carea' id='block_1_84' title="bbox 1040 1375 1829 1413">
    <p class='ocr_par' dir='ltr' id='par_1_84' title="bbox 1040 1375 1829 1413">
     <span class='ocr_line' id='line_1_85' title="bbox 1040 1375 1829 1413; baseline -0.008 -7"><span class='ocrx_word' id='word_1_628' title='bbox 1040 1385 1140 1413; x_wconf 88' lang='lat' dir='ltr'><strong>aquam</strong></span> <span class='ocrx_word' id='word_1_629' title='bbox 1155 1377 1265 1410; x_wconf 84' lang='lat' dir='ltr'><strong>bibunt,</strong></span> <span class='ocrx_word' id='word_1_630' title='bbox 1293 1385 1379 1404; x_wconf 94' lang='lat' dir='ltr'><strong>unum</strong></span> <span class='ocrx_word' id='word_1_631' title='bbox 1396 1384 1495 1411; x_wconf 86' lang='lat' dir='ltr'><strong>panem</strong></span> <span class='ocrx_word' id='word_1_632' title='bbox 1512 1375 1671 1408; x_wconf 81' lang='lat' dir='ltr'><strong>comedunt,</strong></span> <span class='ocrx_word' id='word_1_633' title='bbox 1687 1381 1829 1408; x_wconf 85' lang='lat' dir='ltr'><strong>unumque</strong></span> 
     </span>
    </p>
   </div>
   <div class='ocr_carea' id='block_1_85' title="bbox 1040 1419 1830 1458">
    <p class='ocr_par' dir='ltr' id='par_1_85' title="bbox 1040 1419 1830 1458">
     <span class='ocr_line' id='line_1_86' title="bbox 1040 1419 1830 1458; baseline -0.004 -7"><span class='ocrx_word' id='word_1_634' title='bbox 1040 1431 1132 1451; x_wconf 74' lang='lat' dir='ltr'><strong>aerem</strong></span> <span class='ocrx_word' id='word_1_635' title='bbox 1143 1423 1259 1458; x_wconf 85' lang='lat' dir='ltr'><strong>spirant.</strong></span> <span class='ocrx_word' id='word_1_636' title='bbox 1274 1423 1328 1450; x_wconf 84' lang='lat' dir='ltr'><strong>Aut</strong></span> <span class='ocrx_word' id='word_1_637' title='bbox 1342 1422 1457 1458; x_wconf 85' lang='lat' dir='ltr'><strong>perinde</strong></span> <span class='ocrx_word' id='word_1_638' title='bbox 1469 1426 1500 1449; x_wconf 86' lang='lat' dir='ltr'><strong>ut</strong></span> <span class='ocrx_word' id='word_1_639' title='bbox 1514 1425 1580 1449; x_wconf 91' lang='lat' dir='ltr'><strong>sunt</strong></span> <span class='ocrx_word' id='word_1_640' title='bbox 1591 1421 1726 1453; x_wconf 66' lang='lat' dir='ltr'><strong>lucernae,</strong></span> <span class='ocrx_word' id='word_1_641' title='bbox 1733 1424 1762 1447; x_wconf 85' lang='lat' dir='ltr'><strong>et</strong></span> <span class='ocrx_word' id='word_1_642' title='bbox 1772 1419 1830 1448; x_wconf 62' lang='lat' dir='ltr'><strong>haec</strong></span> 
     </span>
    </p>
   </div>
   <div class='ocr_carea' id='block_1_86' title="bbox 1040 1467 1828 1505">
    <p class='ocr_par' dir='ltr' id='par_1_86' title="bbox 1040 1467 1828 1505">
     <span class='ocr_line' id='line_1_87' title="bbox 1040 1467 1828 1505; baseline -0.006 -8"><span class='ocrx_word' id='word_1_643' title='bbox 1040 1469 1153 1505; x_wconf 88' lang='lat' dir='ltr'><strong>quidem</strong></span> <span class='ocrx_word' id='word_1_644' title='bbox 1178 1469 1262 1496; x_wconf 86' lang='lat' dir='ltr'><strong>habet</strong></span> <span class='ocrx_word' id='word_1_645' title='bbox 1287 1469 1340 1496; x_wconf 87' lang='lat' dir='ltr'><strong>duo</strong></span> <span class='ocrx_word' id='word_1_646' title='bbox 1365 1467 1521 1499; x_wconf 86' lang='lat' dir='ltr'><strong>luminaria,</strong></span> <span class='ocrx_word' id='word_1_647' title='bbox 1547 1467 1592 1494; x_wconf 90' lang='lat' dir='ltr'><strong>illa</strong></span> <span class='ocrx_word' id='word_1_648' title='bbox 1620 1473 1688 1494; x_wconf 78' lang='lat' dir='ltr'><strong>vero</strong></span> <span class='ocrx_word' id='word_1_649' title='bbox 1710 1469 1828 1500; x_wconf 83' lang='lat' dir='ltr'><strong>septem.</strong></span> 
     </span>
    </p>
   </div>
   <div class='ocr_carea' id='block_1_87' title="bbox 1041 1509 1828 1545">
    <p class='ocr_par' dir='ltr' id='par_1_87' title="bbox 1041 1509 1828 1545">
     <span class='ocr_line' id='line_1_88' title="bbox 1041 1509 1828 1545; baseline -0.008 -4"><span class='ocrx_word' id='word_1_650' title='bbox 1041 1518 1069 1541; x_wconf 84' lang='lat' dir='ltr'><strong>at</strong></span> <span class='ocrx_word' id='word_1_651' title='bbox 1083 1514 1129 1542; x_wconf 89' lang='lat' dir='ltr'><strong>ubi</strong></span> <span class='ocrx_word' id='word_1_652' title='bbox 1141 1518 1184 1542; x_wconf 90' lang='lat' dir='ltr'><strong>est</strong></span> <span class='ocrx_word' id='word_1_653' title='bbox 1201 1513 1370 1542; x_wconf 81' lang='lat' dir='ltr'><strong>abundantia</strong></span> <span class='ocrx_word' id='word_1_654' title='bbox 1390 1513 1472 1545; x_wconf 88' lang='lat' dir='ltr'><strong>lueis,</strong></span> <span class='ocrx_word' id='word_1_655' title='bbox 1503 1511 1541 1539; x_wconf 90' lang='lat' dir='ltr'><strong>ibi</strong></span> <span class='ocrx_word' id='word_1_656' title='bbox 1570 1511 1651 1539; x_wconf 85' lang='lat' dir='ltr'><strong>aliter</strong></span> <span class='ocrx_word' id='word_1_657' title='bbox 1673 1509 1828 1538; x_wconf 84' lang='lat' dir='ltr'><strong>illuminat:</strong></span> 
     </span>
    </p>
   </div>
   <div class='ocr_carea' id='block_1_88' title="bbox 1041 1556 1831 1594">
    <p class='ocr_par' dir='ltr' id='par_1_88' title="bbox 1041 1556 1831 1594">
     <span class='ocr_line' id='line_1_89' title="bbox 1041 1556 1831 1594; baseline -0.006 -7"><span class='ocrx_word' id='word_1_658' title='bbox 1041 1559 1082 1588; x_wconf 91' lang='lat' dir='ltr'><strong>sic</strong></span> <span class='ocrx_word' id='word_1_659' title='bbox 1110 1559 1269 1594; x_wconf 86' lang='lat' dir='ltr'><strong>quicunque</strong></span> <span class='ocrx_word' id='word_1_660' title='bbox 1292 1562 1358 1586; x_wconf 86' lang='lat' dir='ltr'><strong>sunt</strong></span> <span class='ocrx_word' id='word_1_661' title='bbox 1384 1559 1412 1585; x_wconf 90' lang='lat' dir='ltr'><strong>in</strong></span> <span class='ocrx_word' id='word_1_662' title='bbox 1430 1558 1492 1592; x_wconf 80' lang='lat' dir='ltr'><strong>igne</strong></span> <span class='ocrx_word' id='word_1_663' title='bbox 1517 1561 1546 1584; x_wconf 85' lang='lat' dir='ltr'><strong>et</strong></span> <span class='ocrx_word' id='word_1_664' title='bbox 1559 1556 1675 1589; x_wconf 90' lang='lat' dir='ltr'><strong>lumine,</strong></span> <span class='ocrx_word' id='word_1_665' title='bbox 1691 1558 1831 1590; x_wconf 84' lang='lat' dir='ltr'><strong>nequeunt</strong></span> 
     </span>
    </p>
   </div>
   <div class='ocr_carea' id='block_1_89' title="bbox 1041 1601 1830 1639">
    <p class='ocr_par' dir='ltr' id='par_1_89' title="bbox 1041 1601 1830 1639">
     <span class='ocr_line' id='line_1_90' title="bbox 1041 1601 1830 1639; baseline -0.009 -5"><span class='ocrx_word' id='word_1_666' title='bbox 1041 1613 1101 1634; x_wconf 86' lang='lat' dir='ltr'><strong>esse</strong></span> <span class='ocrx_word' id='word_1_667' title='bbox 1112 1606 1139 1633; x_wconf 89' lang='lat' dir='ltr'><strong>in</strong></span> <span class='ocrx_word' id='word_1_668' title='bbox 1149 1605 1287 1634; x_wconf 85' lang='lat' dir='ltr'><strong>tenebris:</strong></span> <span class='ocrx_word' id='word_1_669' title='bbox 1303 1612 1398 1632; x_wconf 87' lang='lat' dir='ltr'><strong>verum</strong></span> <span class='ocrx_word' id='word_1_670' title='bbox 1412 1611 1510 1639; x_wconf 81' lang='lat' dir='ltr'><strong>magna</strong></span> <span class='ocrx_word' id='word_1_671' title='bbox 1525 1603 1597 1630; x_wconf 89' lang='lat' dir='ltr'><strong>inter</strong></span> <span class='ocrx_word' id='word_1_672' title='bbox 1608 1610 1655 1630; x_wconf 89' lang='lat' dir='ltr'><strong>eos</strong></span> <span class='ocrx_word' id='word_1_673' title='bbox 1670 1606 1712 1629; x_wconf 89' lang='lat' dir='ltr'><strong>est</strong></span> <span class='ocrx_word' id='word_1_674' title='bbox 1724 1601 1830 1628; x_wconf 84' lang='lat' dir='ltr'><strong>disere-</strong></span> 
     </span>
    </p>
   </div>
   <div class='ocr_carea' id='block_1_90' title="bbox 1041 1646 1830 1687">
    <p class='ocr_par' dir='ltr' id='par_1_90' title="bbox 1041 1646 1830 1687">
     <span class='ocr_line' id='line_1_91' title="bbox 1041 1646 1830 1687; baseline -0.008 -8"><span class='ocrx_word' id='word_1_675' title='bbox 1041 1652 1145 1687; x_wconf 90' lang='lat' dir='ltr'><strong>pantia.</strong></span> <span class='ocrx_word' id='word_1_676' title='bbox 1163 1651 1254 1679; x_wconf 85' lang='lat' dir='ltr'><strong>Veluti</strong></span> <span class='ocrx_word' id='word_1_677' title='bbox 1272 1659 1304 1679; x_wconf 82' lang='lat' dir='ltr'><strong>ac</strong></span> <span class='ocrx_word' id='word_1_678' title='bbox 1327 1651 1351 1678; x_wconf 90' lang='lat' dir='ltr'><strong>si</strong></span> <span class='ocrx_word' id='word_1_679' title='bbox 1378 1654 1457 1686; x_wconf 87' lang='lat' dir='ltr'><strong>pater</strong></span> <span class='ocrx_word' id='word_1_680' title='bbox 1472 1649 1609 1684; x_wconf 85' lang='lat' dir='ltr'><strong>quispiam</strong></span> <span class='ocrx_word' id='word_1_681' title='bbox 1636 1648 1735 1675; x_wconf 85' lang='lat' dir='ltr'><strong>habeat</strong></span> <span class='ocrx_word' id='word_1_682' title='bbox 1760 1646 1830 1674; x_wconf 88' lang='lat' dir='ltr'><strong>duos</strong></span> 
     </span>
    </p>
   </div>
   <div class='ocr_carea' id='block_1_91' title="bbox 1041 1692 1831 1732">
    <p class='ocr_par' dir='ltr' id='par_1_91' title="bbox 1041 1692 1831 1732">
     <span class='ocr_line' id='line_1_92' title="bbox 1041 1692 1831 1732; baseline -0.008 -7"><span class='ocrx_word' id='word_1_683' title='bbox 1041 1698 1122 1729; x_wconf 88' lang='lat' dir='ltr'><strong>ﬁlios.</strong></span> <span class='ocrx_word' id='word_1_684' title='bbox 1138 1698 1212 1725; x_wconf 90' lang='lat' dir='ltr'><strong>hune</strong></span> <span class='ocrx_word' id='word_1_685' title='bbox 1227 1697 1368 1732; x_wconf 88' lang='lat' dir='ltr'><strong>pusillum,</strong></span> <span class='ocrx_word' id='word_1_686' title='bbox 1384 1697 1502 1724; x_wconf 90' lang='lat' dir='ltr'><strong>alterum</strong></span> <span class='ocrx_word' id='word_1_687' title='bbox 1522 1695 1736 1725; x_wconf 68' lang='lat' dir='ltr'><strong>adolescentem,</strong></span> <span class='ocrx_word' id='word_1_688' title='bbox 1756 1692 1831 1720; x_wconf 88' lang='lat' dir='ltr'><strong>hunc</strong></span> 
     </span>
    </p>
   </div>
   <div class='ocr_carea' id='block_1_92' title="bbox 1041 1739 1828 1779">
    <p class='ocr_par' dir='ltr' id='par_1_92' title="bbox 1041 1739 1828 1779">
     <span class='ocr_line' id='line_1_93' title="bbox 1041 1739 1828 1779; baseline -0.009 -8"><span class='ocrx_word' id='word_1_689' title='bbox 1041 1743 1152 1779; x_wconf 86' lang='lat' dir='ltr'><strong>quidem</strong></span> <span class='ocrx_word' id='word_1_690' title='bbox 1168 1743 1196 1770; x_wconf 91' lang='lat' dir='ltr'><strong>in</strong></span> <span class='ocrx_word' id='word_1_691' title='bbox 1210 1743 1295 1770; x_wconf 87' lang='lat' dir='ltr'><strong>urbes</strong></span> <span class='ocrx_word' id='word_1_692' title='bbox 1310 1742 1395 1769; x_wconf 83' lang='lat' dir='ltr'><strong>mittit</strong></span> <span class='ocrx_word' id='word_1_693' title='bbox 1407 1746 1435 1769; x_wconf 88' lang='lat' dir='ltr'><strong>et</strong></span> <span class='ocrx_word' id='word_1_694' title='bbox 1447 1739 1723 1776; x_wconf 78' lang='lat' dir='ltr'><strong>regiones,pusillum</strong></span> <span class='ocrx_word' id='word_1_695' title='bbox 1737 1742 1828 1765; x_wconf 84' lang='lat' dir='ltr'><strong>autem</strong></span> 
     </span>
    </p>
   </div>
   <div class='ocr_carea' id='block_1_93' title="bbox 1041 1784 1828 1825">
    <p class='ocr_par' dir='ltr' id='par_1_93' title="bbox 1041 1784 1828 1825">
     <span class='ocr_line' id='line_1_94' title="bbox 1041 1784 1828 1825; baseline -0.009 -8"><span class='ocrx_word' id='word_1_696' title='bbox 1041 1798 1150 1825; x_wconf 80' lang='lat' dir='ltr'><strong>semper</strong></span> <span class='ocrx_word' id='word_1_697' title='bbox 1165 1794 1271 1822; x_wconf 88' lang='lat' dir='ltr'><strong>tuetur,</strong></span> <span class='ocrx_word' id='word_1_698' title='bbox 1286 1788 1350 1823; x_wconf 84' lang='lat' dir='ltr'><strong>quia</strong></span> <span class='ocrx_word' id='word_1_699' title='bbox 1364 1788 1431 1815; x_wconf 88' lang='lat' dir='ltr'><strong>nihil</strong></span> <span class='ocrx_word' id='word_1_700' title='bbox 1447 1791 1538 1823; x_wconf 87' lang='lat' dir='ltr'><strong>potest</strong></span> <span class='ocrx_word' id='word_1_701' title='bbox 1552 1793 1642 1821; x_wconf 78' lang='lat' dir='ltr'><strong>agere.</strong></span> <span class='ocrx_word' id='word_1_702' title='bbox 1656 1784 1748 1821; x_wconf 79' lang='lat' dir='ltr'><strong>Gloria</strong></span> <span class='ocrx_word' id='word_1_703' title='bbox 1761 1784 1828 1816; x_wconf 84' lang='lat' dir='ltr'><strong>Deo.</strong></span> 
     </span>
    </p>
   </div>
   <div class='ocr_carea' id='block_1_94' title="bbox 1043 1837 1139 1864">
    <p class='ocr_par' dir='ltr' id='par_1_94' title="bbox 1043 1837 1139 1864">
     <span class='ocr_line' id='line_1_95' title="bbox 1043 1837 1139 1864; baseline -0.01 0"><span class='ocrx_word' id='word_1_704' title='bbox 1043 1837 1139 1864; x_wconf 84' lang='lat' dir='ltr'><strong>Amen.</strong></span> 
     </span>
    </p>
   </div>
   <div class='ocr_carea' id='block_1_95' title="bbox 1289 1890 1576 1919">
    <p class='ocr_par' dir='ltr' id='par_1_95' title="bbox 1289 1890 1576 1919">
     <span class='ocr_line' id='line_1_96' title="bbox 1289 1890 1576 1919; baseline -0.007 -1"><span class='ocrx_word' id='word_1_705' title='bbox 1289 1891 1431 1919; x_wconf 74' lang='lat' dir='ltr'><strong>HOMILIA</strong></span> <span class='ocrx_word' id='word_1_706' title='bbox 1445 1890 1576 1918; x_wconf 70' lang='lat' dir='ltr'><strong>XXXVII.</strong></span> 
     </span>
    </p>
   </div>
   <div class='ocr_carea' id='block_1_96' title="bbox 1208 1933 1661 1970">
    <p class='ocr_par' dir='ltr' id='par_1_96' title="bbox 1208 1933 1661 1970">
     <span class='ocr_line' id='line_1_97' title="bbox 1208 1933 1661 1970; baseline -0.009 -7"><span class='ocrx_word' id='word_1_707' title='bbox 1208 1936 1246 1963; x_wconf 88' lang='lat' dir='ltr'><strong>De</strong></span> <span class='ocrx_word' id='word_1_708' title='bbox 1260 1936 1386 1970; x_wconf 80' lang='lat' dir='ltr'><strong>paradiso</strong></span> <span class='ocrx_word' id='word_1_709' title='bbox 1406 1940 1430 1961; x_wconf 85' lang='lat' dir='ltr'><strong>et</strong></span> <span class='ocrx_word' id='word_1_710' title='bbox 1449 1935 1504 1970; x_wconf 74' lang='lat' dir='ltr'><strong>lege</strong></span> <span class='ocrx_word' id='word_1_711' title='bbox 1517 1933 1661 1969; x_wconf 75' lang='lat' dir='ltr'><strong>spirituali.</strong></span> 
     </span>
    </p>
   </div>
   <div class='ocr_carea' id='block_1_97' title="bbox 1077 1988 1830 2027">
    <p class='ocr_par' dir='ltr' id='par_1_97' title="bbox 1077 1988 1830 2027">
     <span class='ocr_line' id='line_1_98' title="bbox 1077 1988 1830 2027; baseline -0.009 -7"><span class='ocrx_word' id='word_1_712' title='bbox 1077 1993 1200 2020; x_wconf 80' lang='lat' dir='ltr'><strong>Amicitia</strong></span> <span class='ocrx_word' id='word_1_713' title='bbox 1217 1992 1296 2027; x_wconf 68' lang='lat' dir='ltr'><strong>hujus</strong></span> <span class='ocrx_word' id='word_1_714' title='bbox 1308 1991 1411 2023; x_wconf 82' lang='lat' dir='ltr'><strong>mundi,</strong></span> <span class='ocrx_word' id='word_1_715' title='bbox 1424 1995 1455 2018; x_wconf 93' lang='lat' dir='ltr'><strong>ut</strong></span> <span class='ocrx_word' id='word_1_716' title='bbox 1472 1990 1604 2024; x_wconf 87' lang='lat' dir='ltr'><strong>scriptum</strong></span> <span class='ocrx_word' id='word_1_717' title='bbox 1620 1993 1671 2021; x_wconf 87' lang='lat' dir='ltr'><strong>est,</strong></span> <span class='ocrx_word' id='word_1_718' title='bbox 1689 1988 1830 2015; x_wconf 81' lang='lat' dir='ltr'><strong>inimicitia</strong></span> 
     </span>
    </p>
   </div>
   <div class='ocr_carea' id='block_1_98' title="bbox 1043 2035 1830 2072">
    <p class='ocr_par' dir='ltr' id='par_1_98' title="bbox 1043 2035 1830 2072">
     <span class='ocr_line' id='line_1_99' title="bbox 1043 2035 1830 2072; baseline -0.005 -8"><span class='ocrx_word' id='word_1_719' title='bbox 1043 2043 1080 2064; x_wconf 76' lang='lat' dir='ltr'><strong>est</strong></span> <span class='ocrx_word' id='word_1_720' title='bbox 1093 2037 1141 2065; x_wconf 79' lang='lat' dir='ltr'><strong>Dei</strong></span> <span class='ocrx_word' id='word_1_721' title='bbox 1159 2038 1192 2064; x_wconf 83' lang='lat'><strong>&quot;.</strong></span> <span class='ocrx_word' id='word_1_722' title='bbox 1205 2037 1377 2072; x_wconf 88' lang='lat' dir='ltr'><strong>Quapropter</strong></span> <span class='ocrx_word' id='word_1_723' title='bbox 1393 2036 1536 2071; x_wconf 87' lang='lat' dir='ltr'><strong>Scriptura</strong></span> <span class='ocrx_word' id='word_1_724' title='bbox 1549 2035 1629 2070; x_wconf 85' lang='lat' dir='ltr'><strong>jubet</strong></span> <span class='ocrx_word' id='word_1_725' title='bbox 1644 2040 1830 2068; x_wconf 90' lang='lat' dir='ltr'><strong>unumquem-</strong></span> 
     </span>
    </p>
   </div>
   <div class='ocr_carea' id='block_1_99' title="bbox 1046 2079 1828 2119">
    <p class='ocr_par' dir='ltr' id='par_1_99' title="bbox 1046 2079 1828 2119">
     <span class='ocr_line' id='line_1_100' title="bbox 1046 2079 1828 2119; baseline -0.006 -8"><span class='ocrx_word' id='word_1_726' title='bbox 1046 2092 1100 2119; x_wconf 87' lang='lat' dir='ltr'><strong>que</strong></span> <span class='ocrx_word' id='word_1_727' title='bbox 1112 2083 1187 2111; x_wconf 88' lang='lat' dir='ltr'><strong>omni</strong></span> <span class='ocrx_word' id='word_1_728' title='bbox 1200 2083 1325 2111; x_wconf 87' lang='lat' dir='ltr'><strong>custodia</strong></span> <span class='ocrx_word' id='word_1_729' title='bbox 1338 2083 1486 2110; x_wconf 87' lang='lat' dir='ltr'><strong>observare</strong></span> <span class='ocrx_word' id='word_1_730' title='bbox 1499 2089 1546 2109; x_wconf 90' lang='lat' dir='ltr'><strong>cor</strong></span> <span class='ocrx_word' id='word_1_731' title='bbox 1562 2089 1642 2108; x_wconf 88' lang='lat' dir='ltr'><strong>suum</strong></span> <span class='ocrx_word' id='word_1_732' title='bbox 1662 2081 1695 2113; x_wconf 87' lang='grc'><strong>³³,</strong></span> <span class='ocrx_word' id='word_1_733' title='bbox 1711 2084 1741 2107; x_wconf 89' lang='lat' dir='ltr'><strong>ut</strong></span> <span class='ocrx_word' id='word_1_734' title='bbox 1756 2079 1828 2114; x_wconf 88' lang='lat' dir='ltr'><strong>quis,</strong></span> 
     </span>
    </p>
   </div>
   <div class='ocr_carea' id='block_1_100' title="bbox 1042 2125 1832 2165">
    <p class='ocr_par' dir='ltr' id='par_1_100' title="bbox 1042 2125 1832 2165">
     <span class='ocr_line' id='line_1_101' title="bbox 1042 2125 1832 2165; baseline -0.006 -8"><span class='ocrx_word' id='word_1_735' title='bbox 1042 2130 1118 2157; x_wconf 73' lang='lat' dir='ltr'><strong>velut</strong></span> <span class='ocrx_word' id='word_1_736' title='bbox 1134 2129 1302 2165; x_wconf 84' lang='lat' dir='ltr'><strong>paradisum,</strong></span> <span class='ocrx_word' id='word_1_737' title='bbox 1314 2135 1481 2156; x_wconf 85' lang='lat' dir='ltr'><strong>conservans</strong></span> <span class='ocrx_word' id='word_1_738' title='bbox 1492 2128 1520 2155; x_wconf 92' lang='lat' dir='ltr'><strong>in</strong></span> <span class='ocrx_word' id='word_1_739' title='bbox 1532 2135 1565 2155; x_wconf 90' lang='lat' dir='ltr'><strong>eo</strong></span> <span class='ocrx_word' id='word_1_740' title='bbox 1581 2127 1708 2159; x_wconf 83' lang='lat' dir='ltr'><strong>verbum,</strong></span> <span class='ocrx_word' id='word_1_741' title='bbox 1724 2125 1832 2153; x_wconf 83' lang='lat' dir='ltr'><strong>fruatur</strong></span> 
     </span>
    </p>
   </div>
   <div class='ocr_carea' id='block_1_101' title="bbox 1042 2172 1826 2211">
    <p class='ocr_par' dir='ltr' id='par_1_101' title="bbox 1042 2172 1826 2211">
     <span class='ocr_line' id='line_1_102' title="bbox 1042 2172 1826 2211; baseline -0.005 -9"><span class='ocrx_word' id='word_1_742' title='bbox 1042 2175 1139 2211; x_wconf 60' lang='lat' dir='ltr'><strong>gratia,</strong></span> <span class='ocrx_word' id='word_1_743' title='bbox 1152 2182 1203 2202; x_wconf 90' lang='lat' dir='ltr'><strong>nec</strong></span> <span class='ocrx_word' id='word_1_744' title='bbox 1214 2174 1309 2202; x_wconf 88' lang='lat' dir='ltr'><strong>audiat</strong></span> <span class='ocrx_word' id='word_1_745' title='bbox 1322 2177 1479 2208; x_wconf 86' lang='lat' dir='ltr'><strong>serpentem</strong></span> <span class='ocrx_word' id='word_1_746' title='bbox 1497 2173 1570 2200; x_wconf 88' lang='lat' dir='ltr'><strong>intus</strong></span> <span class='ocrx_word' id='word_1_747' title='bbox 1583 2180 1612 2200; x_wconf 88' lang='lat' dir='ltr'><strong>se</strong></span> <span class='ocrx_word' id='word_1_748' title='bbox 1625 2172 1826 2207; x_wconf 82' lang='lat' dir='ltr'><strong>implicantem.</strong></span> 
     </span>
    </p>
   </div>
   <div class='ocr_carea' id='block_1_102' title="bbox 1043 2219 1833 2255">
    <p class='ocr_par' dir='ltr' id='par_1_102' title="bbox 1043 2219 1833 2255">
     <span class='ocr_line' id='line_1_103' title="bbox 1043 2219 1833 2255; baseline -0.006 -6"><span class='ocrx_word' id='word_1_749' title='bbox 1043 2226 1072 2249; x_wconf 86' lang='lat' dir='ltr'><strong>et</strong></span> <span class='ocrx_word' id='word_1_750' title='bbox 1099 2221 1289 2249; x_wconf 77' lang='lat' dir='ltr'><strong>consulentem</strong></span> <span class='ocrx_word' id='word_1_751' title='bbox 1306 2228 1367 2255; x_wconf 56' lang='lat' dir='ltr'><strong>quae</strong></span> <span class='ocrx_word' id='word_1_752' title='bbox 1388 2219 1521 2255; x_wconf 83' lang='lat' dir='ltr'><strong>voluptati</strong></span> <span class='ocrx_word' id='word_1_753' title='bbox 1536 2219 1702 2250; x_wconf 86' lang='lat' dir='ltr'><strong>inserviunt,</strong></span> <span class='ocrx_word' id='word_1_754' title='bbox 1718 2227 1751 2246; x_wconf 79' lang='lat' dir='ltr'><strong>ex</strong></span> <span class='ocrx_word' id='word_1_755' title='bbox 1779 2225 1833 2252; x_wconf 84' lang='lat' dir='ltr'><strong>qua</strong></span> 
     </span>
    </p>
   </div>
   <div class='ocr_carea' id='block_1_103' title="bbox 1043 2263 1833 2295">
    <p class='ocr_par' dir='ltr' id='par_1_103' title="bbox 1043 2263 1833 2295">
     <span class='ocr_line' id='line_1_104' title="bbox 1043 2263 1833 2295; baseline -0.008 0"><span class='ocrx_word' id='word_1_756' title='bbox 1043 2267 1169 2295; x_wconf 81' lang='lat' dir='ltr'><strong>nascitur</strong></span> <span class='ocrx_word' id='word_1_757' title='bbox 1185 2266 1328 2294; x_wconf 88' lang='lat' dir='ltr'><strong>iracundia</strong></span> <span class='ocrx_word' id='word_1_758' title='bbox 1344 2266 1378 2293; x_wconf 87' lang='lat' dir='ltr'><strong>ad</strong></span> <span class='ocrx_word' id='word_1_759' title='bbox 1401 2265 1587 2293; x_wconf 83' lang='lat' dir='ltr'><strong>fratricidium</strong></span> <span class='ocrx_word' id='word_1_760' title='bbox 1603 2263 1833 2292; x_wconf 88' lang='lat' dir='ltr'><strong>committendum</strong></span> 
     </span>
    </p>
   </div>
   <div class='ocr_carea' id='block_1_104' title="bbox 1045 2308 1834 2348">
    <p class='ocr_par' dir='ltr' id='par_1_104' title="bbox 1045 2308 1834 2348">
     <span class='ocr_line' id='line_1_105' title="bbox 1045 2308 1834 2348; baseline -0.008 -8"><span class='ocrx_word' id='word_1_761' title='bbox 1045 2311 1336 2348; x_wconf 82' lang='lat' dir='ltr'><strong>adigens,etmoritur</strong></span> <span class='ocrx_word' id='word_1_762' title='bbox 1357 2310 1448 2338; x_wconf 90' lang='lat' dir='ltr'><strong>anima</strong></span> <span class='ocrx_word' id='word_1_763' title='bbox 1463 2310 1592 2345; x_wconf 81' lang='lat' dir='ltr'><strong>pariens;</strong></span> <span class='ocrx_word' id='word_1_764' title='bbox 1617 2316 1712 2336; x_wconf 87' lang='lat' dir='ltr'><strong>verum</strong></span> <span class='ocrx_word' id='word_1_765' title='bbox 1738 2308 1834 2335; x_wconf 88' lang='lat' dir='ltr'><strong>audiat</strong></span> 
     </span>
    </p>
   </div>
   <div class='ocr_carea' id='block_1_105' title="bbox 1045 2353 1832 2389">
    <p class='ocr_par' dir='ltr' id='par_1_105' title="bbox 1045 2353 1832 2389">
     <span class='ocr_line' id='line_1_106' title="bbox 1045 2353 1832 2389; baseline -0.008 -4"><span class='ocrx_word' id='word_1_766' title='bbox 1045 2358 1192 2385; x_wconf 89' lang='lat' dir='ltr'><strong>Dominum</strong></span> <span class='ocrx_word' id='word_1_767' title='bbox 1215 2357 1375 2384; x_wconf 87' lang='lat' dir='ltr'><strong>dicentem:</strong></span> <span class='ocrx_word' id='word_1_768' title='bbox 1401 2355 1500 2384; x_wconf 90' lang='lat' dir='ltr'><strong>Curam</strong></span> <span class='ocrx_word' id='word_1_769' title='bbox 1521 2356 1612 2382; x_wconf 81' lang='lat' dir='ltr'><strong>habete</strong></span> <span class='ocrx_word' id='word_1_770' title='bbox 1625 2355 1688 2389; x_wconf 78' lang='lat' dir='ltr'><strong>ﬁdei</strong></span> <span class='ocrx_word' id='word_1_771' title='bbox 1708 2362 1739 2380; x_wconf 85' lang='lat' dir='ltr'><strong>ac</strong></span> <span class='ocrx_word' id='word_1_772' title='bbox 1767 2353 1832 2386; x_wconf 77' lang='lat' dir='ltr'><strong>spei,</strong></span> 
     </span>
    </p>
   </div>
   <div class='ocr_carea' id='block_1_106' title="bbox 1047 2399 1832 2438">
    <p class='ocr_par' dir='ltr' id='par_1_106' title="bbox 1047 2399 1832 2438">
     <span class='ocr_line' id='line_1_107' title="bbox 1047 2399 1832 2438; baseline -0.006 -9"><span class='ocrx_word' id='word_1_773' title='bbox 1047 2412 1060 2430; x_wconf 86' lang='lat' dir='ltr'><strong>e</strong></span> <span class='ocrx_word' id='word_1_774' title='bbox 1077 2404 1169 2438; x_wconf 81' lang='lat' dir='ltr'><strong>quibus</strong></span> <span class='ocrx_word' id='word_1_775' title='bbox 1184 2401 1362 2437; x_wconf 79' lang='lat' dir='ltr'><strong>proﬁciscitur</strong></span> <span class='ocrx_word' id='word_1_776' title='bbox 1377 2401 1503 2433; x_wconf 72' lang='lat' dir='ltr'><strong>Charitas,</strong></span> <span class='ocrx_word' id='word_1_777' title='bbox 1529 2405 1554 2427; x_wconf 84' lang='lat' dir='ltr'><strong>et</strong></span> <span class='ocrx_word' id='word_1_778' title='bbox 1579 2400 1626 2427; x_wconf 84' lang='lat' dir='ltr'><strong>Dei</strong></span> <span class='ocrx_word' id='word_1_779' title='bbox 1650 2403 1675 2426; x_wconf 84' lang='lat' dir='ltr'><strong>et</strong></span> <span class='ocrx_word' id='word_1_780' title='bbox 1698 2399 1832 2426; x_wconf 86' lang='lat' dir='ltr'><strong>hominum</strong></span> 
     </span>
    </p>
   </div>
   <div class='ocr_carea' id='block_1_107' title="bbox 1047 2443 1831 2483">
    <p class='ocr_par' dir='ltr' id='par_1_107' title="bbox 1047 2443 1831 2483">
     <span class='ocr_line' id='line_1_108' title="bbox 1047 2443 1831 2483; baseline -0.006 -7"><span class='ocrx_word' id='word_1_781' title='bbox 1047 2457 1151 2482; x_wconf 73' lang='lat' dir='ltr'><strong>amans,</strong></span> <span class='ocrx_word' id='word_1_782' title='bbox 1170 2456 1228 2483; x_wconf 77' lang='lat' dir='ltr'><strong>qua:</strong></span> <span class='ocrx_word' id='word_1_783' title='bbox 1241 2448 1323 2475; x_wconf 81' lang='lat' dir='ltr'><strong>vitam</strong></span> <span class='ocrx_word' id='word_1_784' title='bbox 1339 2451 1469 2478; x_wconf 63' lang='lat' dir='ltr'><strong>wteruam,</strong></span> <span class='ocrx_word' id='word_1_785' title='bbox 1481 2447 1605 2482; x_wconf 78' lang='lat' dir='ltr'><strong>largitur.</strong></span> <span class='ocrx_word' id='word_1_786' title='bbox 1625 2446 1655 2473; x_wconf 83' lang='lat' dir='ltr'><strong>In</strong></span> <span class='ocrx_word' id='word_1_787' title='bbox 1675 2443 1831 2480; x_wconf 85' lang='lat' dir='ltr'><strong>hujusmodi</strong></span> 
     </span>
    </p>
   </div>
   <div class='ocr_carea' id='block_1_108' title="bbox 1046 2491 1838 2529">
    <p class='ocr_par' dir='ltr' id='par_1_108' title="bbox 1046 2491 1838 2529">
     <span class='ocr_line' id='line_1_109' title="bbox 1046 2491 1838 2529; baseline -0.005 -9"><span class='ocrx_word' id='word_1_788' title='bbox 1046 2493 1206 2529; x_wconf 88' lang='lat' dir='ltr'><strong>paradisum</strong></span> <span class='ocrx_word' id='word_1_789' title='bbox 1222 2493 1363 2527; x_wconf 76' lang='lat' dir='ltr'><strong>ingressus</strong></span> <span class='ocrx_word' id='word_1_790' title='bbox 1373 2497 1415 2520; x_wconf 89' lang='lat' dir='ltr'><strong>est</strong></span> <span class='ocrx_word' id='word_1_791' title='bbox 1425 2493 1492 2523; x_wconf 87' lang='lat' dir='ltr'><strong>Noe.</strong></span> <span class='ocrx_word' id='word_1_792' title='bbox 1508 2491 1666 2519; x_wconf 88' lang='lat' dir='ltr'><strong>mandatum</strong></span> <span class='ocrx_word' id='word_1_793' title='bbox 1682 2491 1838 2518; x_wconf 82' lang='lat' dir='ltr'><strong>observans.</strong></span> 
     </span>
    </p>
   </div>
   <div class='ocr_carea' id='block_1_109' title="bbox 1043 2535 1833 2574">
    <p class='ocr_par' dir='ltr' id='par_1_109' title="bbox 1043 2535 1833 2574">
     <span class='ocr_line' id='line_1_110' title="bbox 1043 2535 1833 2574; baseline -0.005 -8"><span class='ocrx_word' id='word_1_794' title='bbox 1043 2543 1125 2574; x_wconf 86' lang='lat' dir='ltr'><strong>atque</strong></span> <span class='ocrx_word' id='word_1_795' title='bbox 1132 2542 1382 2573; x_wconf 77' lang='lat' dir='ltr'><strong>exsequens,atque</strong></span> <span class='ocrx_word' id='word_1_796' title='bbox 1390 2546 1439 2573; x_wconf 88' lang='lat' dir='ltr'><strong>per</strong></span> <span class='ocrx_word' id='word_1_797' title='bbox 1447 2537 1609 2564; x_wconf 86' lang='lat' dir='ltr'><strong>charitatem</strong></span> <span class='ocrx_word' id='word_1_798' title='bbox 1618 2540 1791 2564; x_wconf 82' lang='lat' dir='ltr'><strong>scrvatusest</strong></span> <span class='ocrx_word' id='word_1_799' title='bbox 1799 2535 1833 2562; x_wconf 84' lang='lat' dir='ltr'><strong>ab</strong></span> 
     </span>
    </p>
   </div>
   <div class='ocr_carea' id='block_1_110' title="bbox 1043 2581 1834 2610">
    <p class='ocr_par' dir='ltr' id='par_1_110' title="bbox 1043 2581 1834 2610">
     <span class='ocr_line' id='line_1_111' title="bbox 1043 2581 1834 2610; baseline -0.004 0"><span class='ocrx_word' id='word_1_800' title='bbox 1043 2583 1094 2610; x_wconf 86' lang='lat' dir='ltr'><strong>ira.</strong></span> <span class='ocrx_word' id='word_1_801' title='bbox 1111 2582 1190 2610; x_wconf 84' lang='lat' dir='ltr'><strong>llunc</strong></span> <span class='ocrx_word' id='word_1_802' title='bbox 1202 2589 1371 2610; x_wconf 86' lang='lat' dir='ltr'><strong>conservans</strong></span> <span class='ocrx_word' id='word_1_803' title='bbox 1382 2581 1519 2609; x_wconf 86' lang='lat' dir='ltr'><strong>Abraham</strong></span> <span class='ocrx_word' id='word_1_804' title='bbox 1535 2581 1704 2609; x_wconf 70' lang='lat' dir='ltr'><strong>divinaevoci</strong></span> <span class='ocrx_word' id='word_1_805' title='bbox 1725 2581 1834 2608; x_wconf 80' lang='lat' dir='ltr'><strong>obtem-</strong></span> 
     </span>
    </p>
   </div>
   <div class='ocr_carea' id='block_1_111' title="bbox 1044 2626 1833 2664">
    <p class='ocr_par' dir='ltr' id='par_1_111' title="bbox 1044 2626 1833 2664">
     <span class='ocr_line' id='line_1_112' title="bbox 1044 2626 1833 2664; baseline -0.004 -8"><span class='ocrx_word' id='word_1_806' title='bbox 1044 2630 1160 2664; x_wconf 88' lang='lat' dir='ltr'><strong>peravit.</strong></span> <span class='ocrx_word' id='word_1_807' title='bbox 1174 2629 1253 2656; x_wconf 88' lang='lat' dir='ltr'><strong>Hune</strong></span> <span class='ocrx_word' id='word_1_808' title='bbox 1274 2628 1434 2656; x_wconf 86' lang='lat' dir='ltr'><strong>custodiens</strong></span> <span class='ocrx_word' id='word_1_809' title='bbox 1455 2627 1554 2660; x_wconf 86' lang='lat' dir='ltr'><strong>Moses,</strong></span> <span class='ocrx_word' id='word_1_810' title='bbox 1574 2627 1690 2662; x_wconf 81' lang='lat' dir='ltr'><strong>gloriam</strong></span> <span class='ocrx_word' id='word_1_811' title='bbox 1717 2627 1744 2654; x_wconf 91' lang='lat' dir='ltr'><strong>in</strong></span> <span class='ocrx_word' id='word_1_812' title='bbox 1766 2626 1833 2653; x_wconf 84' lang='lat' dir='ltr'><strong>facie</strong></span> 
     </span>
    </p>
   </div>
   <div class='ocr_carea' id='block_1_112' title="bbox 1045 2672 1833 2711">
    <p class='ocr_par' dir='ltr' id='par_1_112' title="bbox 1045 2672 1833 2711">
     <span class='ocr_line' id='line_1_113' title="bbox 1045 2672 1833 2711; baseline -0.006 -7"><span class='ocrx_word' id='word_1_813' title='bbox 1045 2676 1160 2711; x_wconf 86' lang='lat' dir='ltr'><strong>recepit.</strong></span> <span class='ocrx_word' id='word_1_814' title='bbox 1177 2675 1274 2703; x_wconf 86' lang='lat' dir='ltr'><strong>Itidem</strong></span> <span class='ocrx_word' id='word_1_815' title='bbox 1290 2679 1318 2702; x_wconf 90' lang='lat' dir='ltr'><strong>et</strong></span> <span class='ocrx_word' id='word_1_816' title='bbox 1334 2673 1421 2702; x_wconf 90' lang='lat' dir='ltr'><strong>David</strong></span> <span class='ocrx_word' id='word_1_817' title='bbox 1443 2673 1517 2701; x_wconf 88' lang='lat' dir='ltr'><strong>hunc</strong></span> <span class='ocrx_word' id='word_1_818' title='bbox 1539 2673 1708 2705; x_wconf 84' lang='lat' dir='ltr'><strong>custodiens,</strong></span> <span class='ocrx_word' id='word_1_819' title='bbox 1732 2672 1833 2703; x_wconf 81' lang='lat' dir='ltr'><strong>cﬁ&#39;ecit.</strong></span> 
     </span>
    </p>
   </div>
   <div class='ocr_carea' id='block_1_113' title="bbox 1052 2718 1835 2754">
    <p class='ocr_par' dir='ltr' id='par_1_113' title="bbox 1052 2718 1835 2754">
     <span class='ocr_line' id='line_1_114' title="bbox 1052 2718 1835 2754; baseline -0.006 -5"><span class='ocrx_word' id='word_1_820' title='bbox 1052 2721 1125 2750; x_wconf 87' lang='lat' dir='ltr'><strong>unde</strong></span> <span class='ocrx_word' id='word_1_821' title='bbox 1148 2721 1302 2748; x_wconf 84' lang='lat' dir='ltr'><strong>dominium</strong></span> <span class='ocrx_word' id='word_1_822' title='bbox 1332 2720 1360 2747; x_wconf 92' lang='lat' dir='ltr'><strong>in</strong></span> <span class='ocrx_word' id='word_1_823' title='bbox 1389 2720 1481 2748; x_wconf 86' lang='lat' dir='ltr'><strong>hostes</strong></span> <span class='ocrx_word' id='word_1_824' title='bbox 1505 2719 1624 2754; x_wconf 85' lang='lat' dir='ltr'><strong>adeptus</strong></span> <span class='ocrx_word' id='word_1_825' title='bbox 1652 2723 1703 2746; x_wconf 89' lang='lat' dir='ltr'><strong>est.</strong></span> <span class='ocrx_word' id='word_1_826' title='bbox 1735 2718 1835 2745; x_wconf 87' lang='lat' dir='ltr'><strong>Verum</strong></span> 
     </span>
    </p>
   </div>
   <div class='ocr_carea' id='block_1_114' title="bbox 1050 2764 1835 2802">
    <p class='ocr_par' dir='ltr' id='par_1_114' title="bbox 1050 2764 1835 2802">
     <span class='ocr_line' id='line_1_115' title="bbox 1050 2764 1835 2802; baseline -0.006 -7"><span class='ocrx_word' id='word_1_827' title='bbox 1050 2768 1132 2795; x_wconf 87' lang='lat' dir='ltr'><strong>etiam</strong></span> <span class='ocrx_word' id='word_1_828' title='bbox 1148 2767 1223 2800; x_wconf 85' lang='lat' dir='ltr'><strong>Saul,</strong></span> <span class='ocrx_word' id='word_1_829' title='bbox 1241 2766 1362 2802; x_wconf 87' lang='lat' dir='ltr'><strong>quandiu</strong></span> <span class='ocrx_word' id='word_1_830' title='bbox 1382 2765 1534 2794; x_wconf 86' lang='lat' dir='ltr'><strong>eustodivit</strong></span> <span class='ocrx_word' id='word_1_831' title='bbox 1560 2772 1618 2798; x_wconf 81' lang='lat' dir='ltr'><strong>cor,</strong></span> <span class='ocrx_word' id='word_1_832' title='bbox 1646 2764 1718 2792; x_wconf 81' lang='lat' dir='ltr'><strong>felici</strong></span> <span class='ocrx_word' id='word_1_833' title='bbox 1743 2772 1835 2791; x_wconf 88' lang='lat' dir='ltr'><strong>rerum</strong></span> 
     </span>
    </p>
   </div>
   <div class='ocr_carea' id='block_1_115' title="bbox 1049 2804 1840 2846">
    <p class='ocr_par' dir='ltr' id='par_1_115' title="bbox 1049 2804 1840 2846">
     <span class='ocr_line' id='line_1_116' title="bbox 1049 2804 1840 2846; baseline -0.008 -5"><span class='ocrx_word' id='word_1_834' title='bbox 1049 2821 1177 2841; x_wconf 83' lang='lat' dir='ltr'><strong>successu</strong></span> <span class='ocrx_word' id='word_1_835' title='bbox 1194 2813 1341 2845; x_wconf 84' lang='lat' dir='ltr'><strong>utebatur;</strong></span> <span class='ocrx_word' id='word_1_836' title='bbox 1356 2811 1465 2846; x_wconf 83' lang='lat' dir='ltr'><strong>quando</strong></span> <span class='ocrx_word' id='word_1_837' title='bbox 1489 2818 1554 2840; x_wconf 81' lang='lat' dir='ltr'><strong>vero</strong></span> <span class='ocrx_word' id='word_1_838' title='bbox 1569 2810 1621 2838; x_wconf 88' lang='lat' dir='ltr'><strong>sub</strong></span> <span class='ocrx_word' id='word_1_839' title='bbox 1643 2809 1722 2837; x_wconf 87' lang='lat' dir='ltr'><strong>ﬁnem</strong></span> <span class='ocrx_word' id='word_1_840' title='bbox 1749 2804 1840 2836; x_wconf 62' lang='lat' dir='ltr'><strong>trans.</strong></span> 
     </span>
    </p>
   </div>
  </div>
