2079 3152
280 133 332 168 ’151

893 135 923 164 Ι·
944 134 1104 166 MACARII
1121 133 1283 165 EGYPTII

1845 129 1899 162 759

280 197 391 225 gressus
406 193 460 222 est,
475 187 585 216 tandem
600 190 642 215 est
657 186 871 214 circumventus.
895 186 977 214 Juxta
991 195 1064 214 men-

1119 187 1280 222 μετέρχεται
1297 186 1411 214 ικαστον
1423 187 1437 213 6
1452 185 1530 219 λόγος
1546 183 1592 210 τοῦ
1606 183 1684 215 θεοῦ,
1701 183 1766 210 ὅσον
1785 184 1898 220 ὶπικρα-

280 242 372 262 suram
387 235 462 262 enim
474 237 502 261 et
514 241 548 260 ex
558 231 735 268 proportione
758 231 884 266 pervenit
914 231 947 259 ad
963 239 1064 258 unum-

281 287 420 316 quemque
447 279 562 307 verbum
590 278 650 311 Dei,
681 281 814 312 quantum
845 277 908 312 quis
930 277 1062 312 possedit,

282 331 387 354 tantum
401 324 588 360 possidebitur
600 333 607 350 ι
619 327 647 350 et
659 327 791 358 quantum
812 322 876 357 quis
889 322 1062 355 custodierit,

281 373 387 396 tantum
400 367 579 395 custodietur.

315 413 348 440 ll.
360 414 506 447 Propterea
516 412 662 439 universus
669 411 772 439 chorus
780 415 935 438 sanctorum
945 411 1064 446 prophe-

280 465 382 489 tarum,
398 459 595 494 apostolorum,
609 462 636 484 et
651 462 800 493 martyrum
814 457 930 484 verbum
954 457 981 483 in
999 465 1062 484 cor-

280 505 362 532 dibus
377 505 434 532 snis
446 503 648 533 custodierunt,
667 503 700 530 de
718 503 792 530 nulla
816 510 845 529 re
872 503 993 534 solliciti,
1015 502 1063 529 sed

280 549 466 584 despicientes
487 552 596 575 terrena
622 547 650 574 in
678 547 806 573 mandato
831 546 951 581 Spiritus
975 547 1064 573 sancti

279 597 500 628 permanserunt,
517 592 651 626 eligentes
664 590 737 626 quod
753 591 808 618 Deo
825 590 941 625 Spiritui
957 596 1063 626 gratum

279 641 309 665 et
322 637 423 664 bonum
435 640 495 664 erat
507 644 578 663 :non
589 635 673 662 verbo
685 635 744 662 solo
752 635 964 670 autcognitione
980 635 1063 667 nuda,

280 682 328 710 sed
337 682 422 709 verbo
430 686 458 709 et
465 689 558 716 opere,
565 688 597 708 ac
606 681 689 708 rebus
699 680 780 715 ipsis:
791 688 841 715 pro
851 679 954 707 divitiis
962 681 1065 715 eligen-

280 732 322 755 tes
333 718 534 762 paupertatem,
553 734 602 760 pro
616 726 701 760 gloria
716 725 851 752 honorum
866 731 1064 760 contemptum,

279 779 330 808 pro
366 772 507 806 voluptate
539 771 689 802 miseriam,
728 770 802 797 unde
827 770 910 798 etiam
944 778 995 805 pro
1026 771 1065 798 ira

279 818 454 846 dilectionem
467 826 474 844 :
488 817 552 845 odio
564 817 638 844 enim
652 821 850 851 prosequentes
864 824 925 851 quae
944 816 1064 851 jucunda

1115 233 1158 258 τεῖ
1178 240 1232 264 τις,
1247 231 1374 258 τοσοῦτον
1396 231 1596 266 ἐπικρατεῖται,
1612 228 1660 258 καὶ
1678 229 1740 257 ὅσον
1757 229 1898 264 φυλάσσει,

1116 278 1242 306 τοσοῦτον
1255 278 1430 314 φυλάσσεται.

1153 407 1190 435 B'.
1208 407 1258 434 Διὰ
1276 407 1355 434 τοῦτο
1377 408 1430 438 πᾶς
1445 408 1459 433 6
1473 406 1551 442 χορδς
1564 405 1619 434 τῶν
1637 406 1722 440 ἁγίων
1743 406 1898 442 προφητῶν,

1116 453 1282 485 ἀποστόλων,
1309 453 1465 488 μαρτύρων,
1492 453 1537 478 τὸν
1558 452 1636 486 λόγον
1655 453 1683 479 ὲν
1699 453 1760 483 ταῖς
1781 452 1900 486 καρδίαις

1117 498 1205 525 αὐτῶν
1219 499 1380 532 ἐφύλασσον,
1407 498 1488 533 μηδὲν
1507 498 1599 533 ἕτερον
1617 497 1816 532 μεριμνῶντες,
1835 497 1901 524 ana

1116 543 1150 570 τὰ
1178 544 1260 579 γήϊνα
1287 544 1485 579 ὑπερορῶντες,
1516 543 1564 570 καὶ
1587 544 1615 569 ὲν
1644 543 1737 577 ἐντολῇ
1752 543 1799 569 τοῦ
1825 543 1900 576 ἁγίου

1116 591 1274 625 Πιιεὺματος
1293 590 1466 624 διαμένοντες
1487 589 1533 616 καὶ
1547 588 1576 615 τὸ
1593 588 1639 615 τοῦ
1656 588 1814 623 Πνεῦματος
1827 589 1899 622 φιλό-

1117 636 1186 667 θεον,
1213 636 1259 662 καὶ
1283 635 1384 669 ἀγαθὸν
1408 635 1516 662 πάντων
1545 633 1748 669 προκρίνοντες,
1778 634 1808 660 οὐ
1831 635 1900 669 λόγῳ

1117 682 1190 717 μόνῳ
1200 682 1218 717 ἢ
1231 681 1330 716 γνώσει
1342 681 1415 716 ψιλῇ.
1433 680 1489 707 ἀλλ’
1502 682 1531 707 ὲν
1544 680 1614 715 λόγῳ
1625 680 1671 706 καὶ
1685 680 1758 715 ἔργῳ
1770 680 1802 706 δι’
1815 681 1900 707 αὐτῶν

1115 728 1170 755 τῶν
1194 727 1381 762 πραγμάτων
1406 726 1466 753 ἀντὶ
1482 725 1597 752 πλούτου
1619 725 1741 761 ἑλόμενοι
1756 726 1898 760 πτωχιὶαν,

1117 774 1177 801 ἀντὶ
1193 773 1272 807 δόξης
1286 773 1408 807 ἀτιμίαν,
1428 772 1490 798 ἀντὶ
1515 772 1611 808 ἠδονῆς
1626 771 1826 806 ταλαιπωρίαν,
1843 771 1901 797 ὅθεν

1117 820 1163 845 καὶ
1174 820 1233 845 ἀντὶ
1246 818 1293 845 τοῦ
1313 818 1399 853 θυμοῦ
1417 818 1528 852 ἀγάπην
1539 825 1546 833 ·
1563 817 1704 852 μισοῦντες
1718 817 1773 852 γὰρ
1790 818 1822 843 τὰ
1839 817 1900 851 ἡδέα

280 868 346 891 sunt
361 864 389 890 in
401 863 452 891 hac
460 863 526 895 vita,
542 871 590 890 eos
602 862 649 897 qui
662 862 720 890 haec
731 862 901 894 auferebant,
915 862 1064 890 vehemen-

1115 864 1161 890 τοῦ
1180 864 1249 898 βίου,
1265 863 1328 895 τοὺς
1343 863 1561 898 ἀφαιρουμένους
1576 863 1644 890 αὐτὰ
1660 862 1762 897 μᾶλλον
1778 862 1898 897 ἠγάπων,

279 906 335 934 tius
349 906 508 941 diligebant,
526 911 655 940 tanquam
682 906 848 940 opitulantes
866 906 919 933 sibi
942 907 975 933 ad
1005 914 1064 934 sco-

279 959 345 987 pum
362 952 562 987 attingendum,
577 952 709 986 prohibiti
725 959 740 978 a
754 952 912 986 cognitione
928 952 991 979 boni
1006 960 1064 979 ma-

278 997 371 1031 lique:
387 998 562 1031 nequeenim
592 997 680 1024 bonos
702 997 882 1031 repellebant,
900 998 1065 1032 necimpro-

278 1041 329 1069 hos
343 1042 527 1069 accusabant:
542 1049 590 1069 eos
601 1049 698 1069 omnes
707 1042 811 1076 legatos
820 1043 1065 1070 administrationis

278 1087 428 1116 Dominicaz
441 1095 501 1115 esse
515 1087 713 1115 existimantes.
727 1088 862 1120 Quocirca
883 1096 946 1123 erga
970 1097 1065 1116 omnes

278 1132 412 1166 gerebant
437 1132 558 1159 animum
582 1132 715 1159 benevole
745 1133 885 1160 aﬂ‘ectum.
902 1133 970 1161 Cum
988 1135 1063 1161 enim

281 1177 362 1211 128
378 1177 505 1204 audirent
527 1177 673 1204 Dominum
696 1178 849 1205 dicentem:
879 1179 1022 1210 Remittite,
1040 1184 1064 1207 et

277 1223 428 1249 remittetur
441 1222 510 1249 vobis
527 1223 559 1254 ",
573 1227 638 1250 tunc
656 1223 703 1258 qui
719 1231 748 1250 se
763 1224 907 1256 laederent,
926 1224 1065 1252 beneﬁcos

278 1268 457 1303 reputabant,
472 1269 549 1296 velut
565 1269 600 1296 ab
615 1269 649 1296 iis
673 1269 815 1296 consecuti
834 1270 1005 1297 occasionem
1018 1279 1064 1298 re-

277 1314 490 1342 mittendi.Cum
502 1323 568 1342 vero
575 1323 672 1342 rursus
684 1315 812 1343 audirent
823 1316 1064 1348 :Quemadmodum

277 1359 368 1392 multis,
383 1363 412 1386 tu
426 1361 527 1395 faciant
539 1361 608 1388 vobis
623 1361 750 1393 homines,
764 1362 801 1388 ita
813 1370 856 1389 vos
872 1369 973 1397 quoque
989 1361 1065 1388 facile

277 1405 332 1432 illis
348 1406 382 1438 ",
403 1410 469 1432 tunc
480 1413 590 1440 quoque
607 1407 708 1440 probos
733 1407 759 1433 in
778 1407 947 1434 conscientia
966 1407 1063 1443 dilige-

278 1451 356 1479 bant.
374 1451 576 1485 Relinquentes
587 1452 662 1479 enim
675 1460 751 1479 suam
768 1453 914 1488 justitiam,
930 1457 959 1479 et
981 1453 1063 1487 justi-

279 1496 346 1524 tiam
370 1497 420 1525 Dei
440 1502 605 1532 quaerentes,
626 1502 828 1532 consequenter
853 1498 1019 1526 invenerunt
1036 1503 1064 1526 et
1084 1507 1088 1532 ξ

278 1541 441 1569 charitatem
453 1543 481 1570 in
490 1551 522 1570 ea
534 1543 696 1570 naturaliter
706 1544 887 1571 reconditam.
901 1541 906 1546 ’

315 1600 360 1627 Ill.
373 1600 507 1628 Dominus
521 1601 593 1628 enim
606 1609 668 1628 cum
680 1601 765 1629 multa
790 1601 824 1628 de
836 1601 970 1629 charitate
994 1610 1064 1637 prte—

279 1645 394 1680 ciperet,
408 1647 490 1681 jussit
505 1654 628 1681 qurerere
648 1646 783 1683 justitiam
810 1647 874 1674 Dei:
898 1649 974 1675 novit
991 1648 1063 1675 enim

278 1690 352 1718 hanc
377 1695 491 1719 matrem
522 1691 665 1719 charitatis
703 1699 774 1720 esse.
810 1692 869 1719 Non
894 1693 959 1720 licet
990 1693 1063 1720 enim

279 1737 388 1768 salvari,
402 1737 454 1764 nisi
466 1745 515 1772 per
524 1739 690 1772 proximum,
702 1743 732 1765 ut
749 1739 881 1773 prtecepit
897 1747 904 1765 :
917 1738 1063 1772 Remittite,

278 1785 304 1808 et
327 1783 474 1808 remittetur
496 1783 575 1809 vobis.
599 1783 662 1810 llaec
682 1787 726 1810 cst
754 1784 797 1810 lex
822 1784 984 1818 spiritualis,
1003 1793 1064 1819 quae

279 1827 307 1854 in
324 1827 454 1855 cordibus
468 1827 594 1856 ﬁdelibus
609 1828 749 1860 scribitur,
773 1829 1004 1863 complementum
1022 1830 1065 1857 ni-

278 1873 379 1900 mirum
401 1873 502 1908 prioris
528 1874 605 1909 legis.
628 1874 687 1901 Non
702 1874 794 1905 .enim;
820 1875 919 1909 inquit,
945 1876 1003 1902 veni
1029 1876 1064 1902 ad

279 1918 465 1945 destruendam
485 1919 578 1954 legem,
593 1919 639 1946 sed
658 1924 687 1945 ut
704 1919 852 1954 compleam
867 1921 899 1946 '°.
915 1919 974 1952 Quo
998 1928 1064 1955 ergo

277 1968 358 1998 pacto
376 1963 531 1999 impleatur,
546 1965 736 1999 accipe.Prior
747 1966 790 1992 lex
799 1970 907 2000 sumpta
918 1966 1064 1994 occasione

278 2008 460 2036 benedicendi
477 2009 514 2041 ei,
531 2010 578 2044 qui
594 2013 766 2044 peccaverat,
782 2010 881 2038 fortius
897 2011 1065 2038 condemna~

277 2051 318 2078 vit
341 2060 416 2084 eum,
444 2052 492 2086 qui
519 2053 599 2080 laasus
622 2058 672 2082 est.
699 2054 732 2080 In
757 2062 818 2088 quo,
846 2055 1064 2089 inquit,judicaa

279 2096 404 2128 alterum,
430 2098 459 2124 in
480 2103 547 2124 eote
567 2099 653 2132 ipsum
671 2099 829 2127 condemnat
848 2108 857 2127 :
878 2100 905 2126 in
929 2109 980 2135 quo
1004 2109 1064 2128 vero

279 2142 399 2173 remittit,
424 2144 583 2170 remittettur
609 2144 632 2169 ei
659 2144 691 2171 "’.
720 2145 759 2171 Ita
787 2145 860 2172 enim
887 2146 931 2173 lex
952 2147 1062 2181 inquit:

1115 910 1153 941 ὡς
1165 909 1362 944 συνεργοῦντας
1386 910 1475 941 αὐτοῖς
1491 908 1558 944 πρὸς
1572 908 1617 935 τδν
1638 909 1749 939 σκοπὸν,
1767 908 1899 943 ἀπεχόμε-

1115 964 1155 982 νοι
1173 955 1219 982 τοῦ
1236 955 1379 990 γινώσκειν
1394 955 1475 981 καλὸν
1486 955 1533 981 καὶ
1548 954 1674 990 πονηρῆν,
1691 954 1762 981 Οὔτε
1775 954 1828 988 γὰρ
1841 955 1900 986 τοὺς

1115 1001 1233 1035 ἀγαθοὺς
1263 1001 1404 1036 ἠρνοῦντο,
1434 1000 1495 1027 οὔτε
1527 1000 1589 1031 τοὺς
1617 1001 1754 1036 πονηροὺς
1779 1001 1897 1035 ᾐτιῶντο,

1116 1048 1219 1078 πάντας
1241 1045 1463 1080 ἁποκρισιαρῐους
1489 1045 1538 1079 τῆς
1559 1045 1727 1078 Δεσποτικῆς
1749 1045 1900 1078 οἰκονομίας

1115 1093 1271 1127 ἡγούμενοι.
1284 1091 1353 1126 Πρὸς
1369 1092 1470 1122 πάντας
1483 1089 1530 1117 οὖν
1540 1089 1612 1126 εἶχον
1621 1090 1776 1117 εὺδιάοετον
1788 1090 1899 1117 εὖνοιαν.

1115 1138 1182 1164 Ὅτε
1196 1138 1250 1173 γὰρ
1265 1138 1362 1172 ἢκουον
1381 1137 1428 1163 τοῦ
1451 1137 1565 1171 Κυρίου,
1588 1138 1702 1170 Ἅφετε,
1724 1136 1774 1163 καὶ
1793 1136 1899 1171 ἀφεθή-

1115 1190 1200 1210 σεται
1217 1183 1296 1217 ὑμῖν,
1308 1183 1368 1209 τότε
1386 1182 1449 1214 τοὺς
1471 1183 1632 1214 ἀδικοῦντας
1654 1183 1803 1217 εὐεργέτας
1818 1182 1900 1215 ἐλογί-

1116 1229 1192 1260 ζοντο
1206 1229 1245 1260 εις
1263 1229 1358 1263 ἄφεσιν
1373 1229 1479 1263 ἔχοντες
1498 1230 1547 1260 τὰς
1566 1229 1631 1264 παρ’
1649 1229 1740 1255 αὐτῶν
1763 1229 1899 1263 ἀφορμάν

1115 1275 1158 1301 ὅτε
1191 1275 1219 1301 δὲ
1245 1275 1324 1301 πάλιν
1340 1275 1446 1310 ἢκουον,
1476 1275 1577 1308 Καθὼς
1594 1275 1695 1302 θέλετε
1711 1275 1764 1301 ἵνα
1777 1274 1900 1301 ποιῶσιν

1115 1321 1186 1355 ὑμῖν
1203 1322 1231 1348 οι
1244 1321 1402 1355 ἅνθρωποι,
1423 1320 1471 1355 καὶ
1486 1321 1570 1355 ὑμεῖς
1584 1320 1692 1347 ποιεῖτε
1710 1321 1823 1353 αὐτοῖς,
1842 1319 1899 1346 τότε

1115 1366 1162 1392 καὶ
1184 1367 1247 1398 τοὺς
1263 1367 1383 1401 ἀγαθοὺς
1396 1354 1467 1392 καίά
1480 1367 1633 1400 συνείδησιν
1655 1365 1782 1400 ἠγάπων.
1807 1366 1900 1398 Ἀφέν-

1114 1420 1160 1443 τες
1176 1412 1231 1447 γὰρ
1245 1412 1294 1447 τὴν
1309 1412 1484 1446 δικαιοσύνην
1502 1412 1616 1443 ἑαυτῶν,
1639 1412 1686 1437 καὶ
1701 1411 1751 1446 τὴν
1775 1411 1821 1437 τοῦ
1835 1410 1900 1437 Θεοῦ

1115 1457 1288 1492 δικαιοτύνην
1312 1457 1488 1491 ζητήσαντες.
1510 1454 1589 1492 εὖρον
1615 1457 1771 1488 ἀκολούθως
1788 1458 1836 1483 καὶ
1854 1456 1900 1491 τὴν

1116 1502 1227 1537 ἀγάπην
1239 1503 1268 1528 ὲν
1281 1503 1348 1537 αὐτῇ
1366 1501 1436 1528 κατὰ
1451 1501 1531 1536 φύσιν
1545 1502 1789 1537 ὲγκεκρυμμὲνην.

1151 1601 1189 1628 1'".
1204 1601 1259 1627 Καὶ
1276 1601 1330 1636 γὰρ
1343 1602 1356 1627 6
1371 1600 1473 1635 Κύριος
1490 1600 1575 1627 πολλὰ
1588 1600 1653 1635 περὶ
1666 1600 1715 1634 τῆς
1737 1600 1846 1634 ἀγάπης
1858 1600 1900 1626 ὲν-

1115 1647 1285 1681 τειλὰμενος,
1315 1647 1365 1681 τὴν
1391 1646 1565 1681 δικαιοσύνην
1588 1647 1714 1674 ἐκέλευσε
1739 1646 1829 1681 ζητεῖν
1855 1644 1898 1671 τοῦ

1115 1692 1198 1719 Θεοῦ·
1221 1692 1344 1727 οἷόεῐγὰρ
1365 1691 1466 1726 ταύτην
1489 1692 1593 1728 μητέρα
1611 1693 1659 1726 τῆς
1681 1692 1792 1725 ἀγάπης
1814 1691 1898 1725 ὑπάρ-

1115 1747 1183 1772 χειν.
1213 1738 1270 1764 Οὐκ
1294 1738 1351 1764 ἐστι
1372 1738 1427 1772 γὰρ
1450 1737 1536 1769 ἄλλως
1558 1737 1687 1772 σωθῆναι,
1705 1739 1730 1763 ει
1747 1737 1783 1772 μὴ
1798 1737 1840 1763 διὰ
1855 1735 1898 1762 τοῦ

1115 1783 1239 1818 πλησίον,
1265 1783 1356 1814 καθὼς
1378 1783 1538 1814 ὲνετεὶλατο,
1552 1783 1664 1817 Ἄφετε,
1687 1783 1736 1809 καὶ
1760 1782 1900 1817 ἀφεθήσε-

1114 1837 1161 1855 τηι
1184 1829 1266 1863 ὑμῖν.
1287 1825 1370 1859 Οὗτός
1389 1829 1462 1855 ἐστιν
1484 1829 1497 1855 6
1522 1828 1705 1862 πνευματικὸς
1728 1828 1819 1862 νόμος,
1838 1828 1851 1853 ὁ
1871 1828 1899 1853 ὲν

1114 1874 1240 1909 καρδίαις
1254 1875 1364 1905 πισταῖς
1376 1874 1559 1908 γραφόμενος,
1572 1873 1602 1898 τὸ
1618 1873 1756 1908 πλήρωμα
1769 1873 1815 1899 τοῦ
1829 1871 1899 1906 πρώ-

1114 1928 1161 1946 του
1174 1919 1258 1954 νόμου
1269 1926 1276 1934 ·
1294 1920 1354 1945 Οὐκ
1368 1917 1462 1953 ἦλθον
1478 1918 1543 1952 γὰρ,
1563 1918 1639 1952 φησὶ,
1670 1918 1836 1944 καταλῦσαι
1850 1918 1900 1943 τῶν

1115 1965 1220 1998 νόμον,
1234 1964 1314 1991 ἀλλὰ
1333 1963 1501 1997 πληρῶσαι.
1516 1963 1578 1994 Πῶς
1592 1963 1620 1988 δὲ
1641 1962 1802 1997 πληροῦται,
1817 1961 1896 1996 μάθε⁶

1114 2009 1128 2034 6
1143 2008 1252 2043 πρῶτος
1265 2008 1344 2042 νόμος
1362 2008 1406 2034 διὰ
1423 2007 1473 2042 τῆς
1487 2007 1598 2040 εὐλόγου
1611 2007 1739 2042 ἀφορμῆς
1754 2007 1800 2033 τοῦ
1813 2007 1899 2040 ἀμαρ-

1114 2055 1245 2089 τήσειντος
1254 2054 1397 2088 κατέκρινε
1408 2053 1609 2088 περισσοτέρως
1618 2053 1662 2079 τὸν
1670 2053 1841 2088 ἀδικηθέντα’
1851 2053 1900 2078 Ὲν

1113 2097 1137 2133 ᾧ
1151 2100 1215 2134 γὰρ,
1226 2100 1291 2134 φησι
1305 2100 1415 2133 κρίνεις
1431 2099 1484 2126 τόν
1494 2099 1606 2132 ἕτερον,
1622 2099 1754 2126 σεαυτὸν
1768 2097 1900 2131 κατακρί-

1114 2153 1176 2177 νεις
1186 2153 1193 2160 ι
1209 2145 1244 2171 ἐν·
1264 2141 1288 2178 ᾦ
1300 2144 1333 2170 δὲ
1353 2144 1491 2178 ἀφίησιν,
1507 2144 1688 2178 ἀφεθήσεται
1707 2144 1800 2177 αὐτῷ’
1816 2143 1899 2172 οὕτως

278 2184 312 2215 1η
324 2185 406 2212 medio
423 2186 518 2221 judicii
529 2186 673 2221 judicium,
698 2191 724 2214 et
744 2188 772 2215 in
800 2189 884 2216 medio
905 2190 1064 2218 rentiasionis

1116 2191 1170 2225 γὰρ
1192 2191 1205 2215 6
1228 2190 1308 2225 νόμος
1332 2190 1416 2223 λέγει,
1444 2190 1515 2217 Ἀνὰ
1531 2190 1630 2224 μέσον
1643 2190 1769 2224 κρίσεως
1793 2189 1896 2223 κρίσις,

279 2230 406 2262 remissio.

312 2285 357 2313 IV.
371 2286 516 2314 Plenitudo
528 2294 594 2322 ergo
609 2287 677 2323 legis
697 2289 823 2316 remissio
846 2293 898 2316 est.
925 2289 1061 2319 Cmterum

277 2331 393 2368 priorem
408 2333 490 2367 legem
506 2333 636 2366 diximus,
648 2342 703 2361 non
718 2335 792 2369 quod
806 2336 878 2363 Deus
900 2336 969 2364 duas
988 2337 1063 2372 leges

277 2379 475 2413 praescripserit
488 2379 657 2413 hominibus,
675 2381 722 2408 sed
740 2381 893 2413 unicam,et
905 2382 1016 2417 quidem
1029 2383 1062 2409 il-

277 2423 332 2451 lam
352 2424 521 2457 spiritualem
535 2432 568 2451 ex
581 2430 697 2452 natura:
712 2425 806 2460 quoad
821 2426 972 2453 vindictam
983 2435 1062 2459 vero,

276 2468 377 2503 justam
392 2468 515 2496 inferens
530 2469 678 2504 unicuique
688 2470 832 2502 ultionem,
849 2471 999 2498 remittenti
1019 2480 1064 2499 re-

277 2513 374 2545 mittit.
403 2518 432 2541 et
455 2514 584 2542 aemulum
602 2516 758 2543 aemulatur.
789 2516 981 2551 Inquitenim:
998 2517 1063 2545 Cum

278 2558 369 2590 electo,
381 2559 478 2586 electus
495 2561 557 2592 erit,
571 2565 665 2588 etcum
676 2569 808 2596 perverso,
826 2571 946 2597 penu-rae
956 2572 1017 2598 ages
1029 2564 1062 2591 ".

278 2602 460 2640 Quapropter,
475 2605 522 2639 qui
538 2606 718 2640 spiritualiter
742 2615 801 2634 eam
831 2609 955 2642 implent,
973 2614 1000 2635 et
1013 2617 1064 2643 pro

280 2647 362 2674 modo
375 2648 525 2683 participes
544 2654 608 2676 sunt
621 2650 725 2684 gratiae,
741 2658 796 2677 non
808 2650 946 2678 beneﬁcos
962 2651 1062 2683 solum,

279 2692 326 2723 sed
337 2693 419 2720 etiam
432 2695 618 2723 conviciantes
629 2704 661 2723 ac
672 2701 863 2730 persecutores
872 2697 999 2732 diligunt,
1009 2698 1066 2732 spi—

279 2737 405 2771 ritualem
413 2739 576 2773 charitatem
587 2747 776 2776 exspectantes
784 2750 834 2778 pro
843 2744 1066 2771 remuneratione

1115 2236 1164 2262 καὶ
1179 2235 1237 2262 ἀνὰ
1245 2235 1342 2269 μέσον
1358 2236 1491 2269 ἀφέσεως
1508 2235 1625 2270 ἄφεσις.

1151 2294 1186 2320 Δ’.
1204 2293 1340 2327 Πλήρωμα
1356 2291 1402 2319 οὖν
1414 2293 1497 2328 νόμου
1520 2293 1536 2328 ἡ
1559 2293 1654 2327 ἀερεσις
1671 2292 1807 2327 τυγχάνει.
1822 2289 1897 2325 Πρῶ-

1116 2346 1162 2364 τον
1187 2337 1215 2363 δὲ
1239 2337 1321 2371 νόμον
1346 2338 1509 2372 εἰρήκαμεν,
1524 2338 1572 2372 οὺχ
1585 2338 1625 2363 ὃτι
1638 2339 1652 2363 6
1665 2337 1730 2368 Θεδς
1743 2337 1789 2362 δύο
1805 2336 1898 2370 νόμους

1117 2383 1250 2418 παρέθετο
1262 2384 1316 2414 τοῖς
1328 2382 1492 2417 ἀνθρώποις,
1509 2382 1566 2409 ἀλλ’
1586 2382 1633 2409 ἕνα
1652 2382 1836 2416 πνευματικὸν
1851 2380 1896 2414 μὲν

1117 2427 1188 2455 κατὰ
1206 2428 1297 2463 φύσιν,
1318 2427 1387 2454 κατὰ
1409 2427 1437 2453 δὲ
1453 2427 1502 2462 τὴν
1516 2427 1665 2461 ἐκδίκησιν.
1680 2426 1787 2453 δικαίαν
1804 2423 1896 2457 ἐπιφέ-

1117 2484 1171 2510 ρων
1189 2474 1296 2507 ὲκάστῳ
1311 2473 1360 2508 τὴν
1374 2473 1523 2508 ἐκδίκησιν,
1545 2473 1584 2507 τῷ
1607 2473 1712 2507 ἀφιέντι
1734 2472 1839 2506 ἀφίησι,
1852 2469 1896 2495 καὶ

1115 2519 1154 2554 τῷ
1191 2517 1393 2553 παραζηλοῦντι
1426 2517 1587 2553 παραζηλοῑ.
1622 2517 1691 2551 Φησὶ
1719 2517 1790 2550 γάρ·
1821 2514 1896 2541 Μετὰ

1114 2564 1258 2591 tim/1+:wa
1274 2563 1417 2596 ἐκλεκτὸς
1432 2563 1500 2597 ἔσῃ,
1523 2563 1571 2590 καὶ
1584 2563 1659 2597 μετὰ
1678 2561 1822 2595 στρε61οὗ
1836 2560 1896 2586 δια-

1113 2609 1262 2642 στρέφεις.
1279 2608 1328 2633 Διά
1338 2607 1416 2633 τοῦτο
1425 2608 1449 2634 οἱ
1462 2607 1654 2641 πνευματικῶς
1667 2607 1748 2633 αὑτὸν
1763 2604 1895 2632 ἐκτελοῦν-

1113 2662 1170 2685 τες,
1191 2653 1237 2679 καὶ
1250 2653 1387 2687 ἀναλόγως
1403 2655 1453 2689 τῆς
1469 2654 1579 2689 χάριτος
1592 2654 1759 2688 μετέχοντες,
1774 2652 1804 2678 οὑ
1820 2651 1894 2686 μόνον

1114 2701 1178 2731 τοὺς
1197 2700 1420 2734 εὐεργετοῦντας,
1438 2700 1504 2726 ἀλλὰ
1524 2701 1571 2726 καὶ
1585 2700 1647 2731 τοὺς
1664 2699 1838 2731 ὀνειδίζοντας
1850 2694 1893 2721 καὶ

1114 2744 1261 2776 διώκοντας
1280 2745 1407 2780 ἠγάπων,
1420 2745 1470 2780 τὴν
1490 2744 1677 2780 πνευματικὴν
1702 2745 1819 2779 ἀγάπην,
1837 2742 1894 2767 ἀντ-

313 2827 336 2850 ”-
348 2827 413 2861 Luc.
428 2837 465 2862 v1,
481 2829 524 2856 57.
562 2830 585 2846 ⁸⁸
597 2830 691 2858 Matth.
705 2839 752 2863 vn,
767 2831 809 2859 l2.
847 2831 869 2847 "
888 2831 982 2860 Matth.
996 2839 1022 2864 γ,
1040 2832 1064 2858 Η

1119 2831 1141 2847 ³⁷
1156 2832 1236 2861 Rom.
1253 2839 1284 2865 ιι,
1303 2831 1327 2865 i,
1340 2831 1366 2859 2.
1405 2831 1427 2848 ⁸⁸
1443 2831 1515 2858 Psal.
1530 2839 1605 2863 xvnt,
1624 2830 1668 2858 26.
