2079 3152
182 177 233 209 753

758 177 943 210 ΗΟΜΙΙιῙΒ.
953 191 989 197 --
999 179 1093 210 HOM.
1111 181 1261 212 XXXVII.

1753 184 1807 216 756

181 233 310 263 ατκόὸοσιν
321 231 493 267 ἑκδεχόμινοι
507 231 561 259 τῶν
572 232 700 266 ἀγαθῶν·
717 233 826 267 ἀγαῦὣν
843 233 873 260 δὲ
887 234 967 268 λέγω,

1021 235 1156 267 bonorum
1172 245 1180 264 :
1198 238 1324 265 bonorum
1341 242 1432 266 autem
1443 238 1516 272 dico,
1537 246 1591 266 non
1607 239 1671 274 quia
1687 238 1807 266 oﬂ‘ensas

181 281 231 314 οὐχ
243 279 285 305 ὅτι
299 278 333 305 τὰ
349 277 505 312 ἀδικήματα
515 277 719 312 συνεχώρησαν,
734 278 792 304 ἀλλ’
808 279 849 305 ὅτι
859 279 906 306 καὶ
919 279 969 311 τὰς

182 324 271 360 ψυχὰς
287 323 341 350 τῶν
357 322 523 350 ἀδικούντων
543 323 739 357 εὺηργέτησαν.
762 323 840 350 οὓτω
853 324 908 359 γὰρ
921 325 969 351 αὑ-

182 371 245 402 τοὺς
263 369 441 405 παρετίθεντο
452 369 491 405 τῷ
511 369 581 403 Θεῷ,
602 369 638 401 ὡς
655 369 690 396 δι’
707 370 797 396 αὐτῶν
814 371 861 398 τοῦ
881 380 968 406 μακαι

184 416 282 452 ρισμοῦ
308 415 479 450 τυχάνοντες,
502 415 592 446 καθώς
615 423 692 449 φησι,
720 415 864 450 Μακάριοι
888 417 967 449 ἐστε,

183 463 256 488 ὅταν
276 461 469 489 ὀνειδίσωσιν
490 461 579 495 ὑμᾶς,
603 461 652 488 καὶ
671 460 827 494 διώξωσιν,
853 462 902 489 καὶ
926 463 967 490 ει-

183 514 261 533 πωσι
277 505 338 534 πᾶν
358 506 491 540 πονηρὸν
501 505 583 540 ῥῆμα
596 506 661 534 καθ’
684 505 768 541 ὑμῶν
791 507 970 542 ψευδόμενοι

183 551 287 578 ἕνεκεν
301 551 385 585 ἐμοῦ.

222 596 258 623 Ε’.
270 597 337 622 Ὑπὺ
355 596 383 622 δὲ
397 596 583 630 πνευματικοῦ
599 596 691 631 νόμου,
708 596 778 624 οῦτω
793 599 901 632 φρονεῖν
916 598 970 624 ἐδι-

184 642 314 668 δάςκοντο
324 650 330 656 ·
355 642 546 676 ὑπομενόντων
560 641 614 676 γὰρ
627 642 727 674 αὐτῶν,
744 643 792 669 καὶ
813 643 861 677 τὴν
873 644 968 678 νοερὰν

185 688 326 722 πραότητα
339 687 503 722 τηρούντων,
525 687 538 713 ὁ
556 688 656 723 Κύριος
674 688 780 722 βλέπων
796 689 843 724 τὴν
867 690 970 725 ὑπομο-

184 731 232 767 νὴν
245 733 293 765 τῆς
308 732 421 767 καρδίας
443 732 657 767 πολεμουμένης,
680 734 725 759 καὶ
743 734 791 767 τῆς
807 735 914 770 ἀγάπης
931 735 968 770 μὴ

186 777 373 811 ἐξισταμένης,
383 777 506 812 διέρρηξε
519 778 551 803 τὸ
563 778 744 812 μεσότοιχον
756 779 808 806 τοῦ
822 773 981 814 separavi;

185 824 233 850 καὶ
256 824 305 858 τὴν
332 823 434 849 τελείαν
461 823 561 858 ἔχθραν
591 824 772 855 ἀπεϐάλοντο,
802 826 849 851 καὶ
879 826 970 852 οὐκέτι

187 869 254 903 μετὰ
270 869 341 902 βίας,
352 868 420 894 ἀλλὰ
435 868 503 903 μετὰ
516 868 640 903 βοηθείας
655 867 727 904 εἶχον
738 870 787 904 τὴν
801 871 921 906 ἀγάπην.
940 871 968 898 Ὀ

183 914 238 949 γὰρ
266 915 366 950 Κύριος
401 914 494 941 λοιπὸν
525 915 665 950 κατείργει
699 916 748 950 τὴν
779 917 965 952 στρεφομένην

183 959 331 995 ῥομφαίαν,
345 959 393 995 τὴν
409 960 537 987 κινοῦσαν
558 960 621 991 τοὺς
638 960 793 995 λογισμοὺς,
811 961 857 988 καὶ
876 963 969 997 είσὴρ·

183 1013 261 1040 χοντο
285 1007 325 1036 είς
342 1005 374 1031 τὸ
398 1005 533 1041 ἐσώτερον
555 1004 603 1032 τοῦ
628 1006 882 1041 καταπετάσματος,
901 1007 967 1033 ὅπου

183 1050 334 1085 πρόδρομος
353 1051 422 1087 ὑπὲρ
439 1053 516 1087 ἡμῶν
538 1053 662 1087 εἰσῆλθεν
677 1053 690 1078 ό
707 1053 809 1087 Κύριος
822 1061 829 1068 ·
855 1054 902 1080 καὶ
924 1054 968 1080 ὲν-

130 1119 140 1125 ,
182 1097 307 1132 «τρύφων
332 1099 388 1129 τοῖς
402 1100 518 1133 καρποῖς
534 1098 581 1125 τοῦ
608 1099 775 1133 Πνεύματος,
793 1100 886 1126 καὶτὰ
903 1100 966 1134 μέλ-

181 1141 261 1168 λοντα
278 1143 307 1168 ἐν
321 1142 476 1179 βεϐαιότητι
499 1143 612 1178 καρδίας
629 1144 802 1179 θεασάμενοι,
830 1146 877 1172 καὶ
897 1146 968 1173 κατὰ

181 1187 226 1214 τὸν
249 1187 409 1214 Ἀπόστολον
424 1209 430 1218 ,
457 1189 546 1215 οὐκέτι
573 1191 600 1215 ἐν
621 1190 756 1225 ἐσόπτρῳ,
775 1191 821 1217 καὶ
848 1193 876 1217 ἐν
897 1192 967 1218 αίνί-

180 1241 265 1266 γμ.ατι
279 1234 381 1268 ἔλεγον,
401 1235 430 1260 Ἃ
446 1235 601 1269 ὀφθαλμὸς
622 1238 676 1262 οὐκ
690 1235 761 1267 εἶδε,
784 1236 831 1263 καί
844 1235 898 1270 οὖς
909 1239 964 1264 οὐκ

179 1278 303 1312 ἢκουσε.
329 1279 378 1305 καὶ
392 1280 439 1305 ἐπὶ
461 1280 587 1313 καρδίαν
608 1280 764 1314 ἀνθρώπου
788 1282 843 1308 οὐκ
863 1283 965 1315 ἀνέϐη.

182 1325 239 1351 ὅσα
255 1325 420 1359 ἡτοίμασεν
434 1327 450 1352 ό
465 1326 536 1358 Θεὸς
548 1326 609 1359 τοῖς
623 1326 779 1360 ἀγαπῶσιν
787 1328 888 1354 αὐτόν.
899 1328 967 1354 Ἀλλ’

179 1369 234 1403 ἐγὼ
246 1369 324 1396 τοῦτο
339 1370 493 1404 θαυμαστὸν
507 1372 685 1406 ἐπερωτήσω.

214 1415 258 1444 (τ’.
281 1414 449 1448 Ἐρώτησις.
472 1417 506 1443 El
523 1416 571 1443 ἐπὶ
589 1417 715 1450 καρδίαν
737 1418 893 1453 ἀνθρώπου
912 1423 967 1448 οὐκ

178 1458 280 1492 ἀνέϐη,
296 1460 380 1494 ὑμεῖς
396 1460 472 1486 αὐτὰ
486 1460 548 1493 πῶς
568 1461 685 1488 οἴδατε·
707 1463 841 1496 μάλιστα
861 1467 967 1500 ὁμολο-

178 1503 327 1537 γήσαντες
351 1506 385 1531 ἐν
410 1505 475 1538 ταῖς
493 1506 654 1540 Πράξεσιν,
671 1509 859 1543 ὁμοιοπαθεῖς
883 1511 968 1545 ὑμεῖς

177 1548 253 1578 εἶναι
268 1550 416 1584 ἂνθρωποι
425 1559 434 1583 ;
979 1571 990 1599 ί

219 1597 399 1630 Ἀπόκρισις.
420 1597 488 1623 1Αλλ’
505 1598 627 1632 ἀκούετε,
647 1599 673 1625 τί
696 1599 763 1634 πρὸς
785 1600 868 1627 τοῦτα
896 1601 965 1628 ἁπο-

177 1644 300 1676 κρίνεται
315 1643 434 1675 Παῦλος·
460 1644 541 1677 Ἡμῖν
558 1644 602 1676 δὲ,
626 1646 718 1678 φησὶν,
737 1646 937 1680 ἀπεκάλυψεν
950 1649 966 1674 ὁ

178 1689 249 1720 Θεύς
272 1688 320 1714 διὰ
333 1688 385 1714 τοῦ
398 1690 570 1722 Πνεύματος
588 1690 683 1716 αὐτοῦ
697 1690 747 1716 ’τὸ
766 1691 820 1724 γὰρ
836 1691 964 1724 Πνεῦμα,

176 1733 275 1759 πάντα
290 1733 397 1768 ἐρευνᾷ
413 1733 460 1761 καί
472 1734 508 1761 τὰ
519 1734 599 1767 βάθη
613 1736 666 1761 τοῦ
677 1735 763 1762 Θεοῦ.
783 1736 852 1762 Ἀλλ’
868 1737 910 1763 ἵνα
928 1737 964 1772 μή

176 1788 218 1811 τις
236 1781 300 1815 είπῃ
317 1780 358 1806 ὅτι
377 1780 466 1812 αὐτοῖς
481 1781 559 1814 ἐδόθη
577 1780 607 1807 τὸ
622 1781 731 1815 Πνεῦμα
749 1781 785 1812 ὡς
798 1782 964 1813 ἀποστόλοις,

177 1825 274 1858 ήμῖνδὲ
282 1825 352 1851 κατὰ
366 1825 447 1859 φύσιν
464 1825 606 1861 ὰχὼρητον
622 1827 710 1858 τοῦτο,
724 1826 840 1861 ἀλλαχοῦ
852 1828 965 1863 ἐπευχό-

177 1878 257 1904 μενος
271 1870 354 1903 λέγει»,
362 1869 428 1896 Ἵνα
438 1869 496 1902 δῴη
507 1870 578 1904 ὑμῖν
588 1872 604 1897 ό
614 1870 686 1903 Θεὸς
693 1872 767 1897 κατὰ
773 1871 827 1897 τὸν
833 1873 967 1899 πλοῦτον

175 1913 228 1948 τῆς
245 1914 337 1948 δόξης
356 1914 449 1941 αὐτοῦ
466 1914 597 1949 δύναμιν
611 1916 829 1950 κραταιωθῆναι
845 1916 893 1944 διὰ
913 1918 965 1944 τοῦ

176 1960 348 1994 [liv-stipato;-
366 1960 459 1988 αὺτοῦ
479 1962 523 1994 εις
536 1961 589 1988 τὸν
604 1962 664 1989 ἔσω
677 1962 845 1995 ἅνθρωπον,
866 1972 964 1990 κατοι-

176 2005 269 2040 κῆσαι
278 2005 331 2032 τὸν
338 2007 469 2040 Χριστὸν
481 2007 516 2033 ἐν
524 2007 585 2040 ταῖς
596 2007 730 2041 καρδίαις
742 2007 833 2042 ὑμῶν.
845 2009 900 2034 Καὶ
910 2009 966 2035 πά-

176 2051 217 2078 λιν
230 2059 236 2066 ·
263 2052 294 2079 ‘0
316 2052 350 2079 δὲ
364 2053 471 2087 Κύριος
484 2053 518 2079 τὸ
534 2053 655 2088 Πνεῦμά
670 2053 755 2080 ἐστιν
765 2062 772 2070 ·
792 2054 869 2081 ὅπου
882 2054 916 2082 δὲ
933 2055 965 2082 τὸ

176 2100 297 2134 Πνεῦμα
315 2101 435 2134 Κυρίου,
451 2101 516 2127 ἐκεῖ
530 2101 692 2134 ἐλευθερία.
716 2102 770 2128 Καὶ
781 2103 872 2136 πάλιν,
885 2104 918 2130 El
932 2103 966 2130 δέ

176 2155 221 2178 τις
247 2146 367 2181 Πνεῦμα
388 2146 518 2181 Χριστοῦ
537 2147 593 2173 οὐκ
613 2147 687 2181 ἕχει,
701 2145 790 2180 οὗτος
807 2148 862 2175 οὐκ
880 2149 967 2177 ἐστιν

175 2191 281 2218 αὐτοῦ.

1019 283 1196 315 remiserunt,
1218 291 1313 311 verum
1339 285 1404 318 quia
1425 285 1530 311 animas
1544 284 1672 320 injuriam
1685 284 1808 311 inferen-

1020 327 1088 355 tium
1105 328 1239 356 beneficio
1253 337 1362 364 quoque
1373 330 1533 357 all'ecerunt.
1547 329 1592 357 Sic
1609 330 1683 357 enim
1697 337 1745 357 eos
1756 329 1806 356 ob-

1020 375 1144 402 tulerunt
1155 376 1221 408 Deo,
1238 384 1270 404 ac
1285 377 1307 404 si
1324 385 1373 411 per
1388 385 1436 404 eos
1451 377 1649 415 beatitudinem
1664 378 1806 404 consecuti

1019 425 1129 453 essent,
1158 423 1390 456 quemadmodum
1415 423 1528 458 inquit:
1555 423 1629 450 Beati
1657 424 1717 449 estis
1747 431 1806 449 cum

1020 465 1207 494 maledisarint
1223 468 1303 499 vobis,
1325 473 1348 495 et
1367 469 1496 503 persecuti
1514 476 1558 495 vos
1575 468 1682 502 fuerint.
1697 472 1720 494 et
1732 467 1806 494 dixe—

1019 512 1074 538 rint
1085 521 1161 540 omne
1173 513 1275 540 malum
1301 515 1426 542 adversus
1446 523 1500 546 vos,
1523 515 1675 541 mentientes
1700 518 1808 548 propter

1020 567 1060 585 me
1075 560 1108 586 ".

1055 605 1086 631 ν.
1102 604 1122 631 Α
1135 605 1194 639 lege
1209 605 1356 640 spirituali,
1372 609 1402 633 ut
1414 605 1455 632 sic
1468 606 1616 637 sentirent,
1627 604 1718 632 edocti
1730 607 1805 631 sunt.

1020 649 1090 676 Dum
1105 650 1179 678 enim
1197 650 1334 684 patienter
1346 651 1449 682 ferunt,
1470 655 1498 678 ct
1512 650 1596 677 animi
1618 648 1808 676 mansuetudi-

1019 702 1082 721 nem
1096 699 1215 726 servant,
1233 695 1366 721 Dominus
1388 695 1499 722 intuens
1527 693 1685 728 patientiam
1717 692 1808 719 cordis

1020 738 1093 766 bello
1107 740 1242 774 oppressi,
1258 744 1286 766 et
1297 739 1432 766 charitate
1445 738 1558 765 minime
1582 738 1750 768 Iabascente,
1764 736 1807 763 di-

1021 785 1077 811 ruit
1089 785 1261 812 interstitium
1279 786 1401 812 maceria:
1414 784 1447 816 “,
1471 789 1554 820 atque
1577 784 1645 811 adeo
1669 783 1807 818 ingentem

1021 830 1192 857 inimicitiam
1215 831 1392 865 expulerunt,
1423 835 1455 857 ut
1475 838 1528 857 non
1550 829 1667 863 amplius
1693 829 1730 860 vi,
1759 827 1807 854 sed

1023 885 1085 905 cum
1105 878 1207 905 auxilio
1221 878 1382 905 charitatem
1393 878 1444 905 sibi
1454 878 1604 912 subiectam
1614 877 1741 903 habeant.
1752 875 1791 902 Do
1800 889 1807 894 -

1024 923 1114 949 minus
1129 923 1203 950 enim
1218 923 1334 958 posthac
1357 927 1468 950 coercet
1492 922 1648 949 versatilem
1673 920 1806 955 gladium.

1020 968 1186 995 excilantem
1211 968 1401 1002 cogitationes,
1423 972 1450 994 et
1466 967 1657 1002 ingrediuntur
1677 965 1807 992 interiora

1018 1014 1173 1046 velaminis,
1210 1021 1264 1048 quo
1303 1021 1456 1048 praecursnr
1502 1020 1551 1047 pro
1586 1012 1667 1038 nobis
1702 1010 1808 1037 introiit

1019 1059 1167 1087 Dominus:
1192 1066 1221 1087 et
1243 1068 1306 1086 cum
1324 1059 1507 1086 delectatione
1524 1058 1656 1085 fruuntur
1671 1057 1808 1084 fructibus

1019 1104 1243 1140 Spiritus,atque
1261 1105 1353 1132 futura
1365 1113 1427 1131 cum
1452 1104 1535 1131 animi
1563 1103 1716 1131 constantia
1739 1110 1807 1129 con-

1021 1152 1196 1185 templantes,
1226 1159 1287 1181 nec.
1316 1155 1344 1177 ut
1376 1151 1522 1185 Apostolus
1554 1151 1601 1180 ait,
1635 1149 1754 1182 amplius
1779 1149 1806 1174 in

1017 1197 1121 1231 speculo
1133 1201 1212 1231 atque
1229 1198 1371 1230 mtiymate
1383 1197 1405 1211 “
1421 1201 1572 1223 versantes.
1587 1195 1715 1229 inquiunt
1729 1194 1809 1226 :Quae

1017 1241 1106 1268 oculus
1123 1250 1174 1268 non
1189 1243 1263 1272 vidit.
1283 1250 1331 1269 nec
1350 1243 1423 1269 auris
1444 1242 1553 1272 audivit,
1572 1249 1618 1267 nec
1640 1241 1667 1266 in
1691 1248 1735 1266 cor
1761 1240 1807 1266 ho-

1018 1288 1095 1314 minis
1109 1288 1295 1319 ascenderunt,
1308 1296 1367 1322 qua
1379 1288 1540 1322 pmparavit
1557 1287 1624 1313 Deus
1640 1285 1806 1320 diligentibus

1015 1333 1090 1359 se".
1116 1332 1221 1360 Verum
1244 1340 1294 1367 ego
1320 1332 1390 1360 hanc
1416 1332 1605 1360 admirandam
1625 1331 1806 1366 quaestionem

1018 1379 1146 1407 movebo.

1053 1425 1099 1452 Vl.
1115 1425 1305 1460 Interrogatio.
1326 1424 1354 1452 Si
1376 1425 1404 1451 in
1419 1432 1465 1451 cor
1480 1424 1592 1450 hominis
1611 1431 1663 1449 non
1684 1422 1807 1449 ascende-

1019 1475 1092 1500 runt.
1109 1479 1153 1497 vos
1170 1478 1221 1504 quo
1233 1476 1310 1505 pacto
1320 1470 1368 1497 illa
1382 1470 1462 1497 nostis
1473 1478 1482 1496 :
1497 1470 1541 1504 qui
1553 1469 1668 1495 maxime
1682 1467 1810 1502 conﬁtea—

1018 1517 1082 1543 mini
1098 1517 1125 1543 in
1144 1516 1215 1543 Artis
1233 1524 1241 1543 :
1259 1525 1267 1541 ι
1289 1516 1336 1543 Vos
1353 1524 1407 1543 esse
1424 1517 1541 1544 homines
1553 1515 1644 1542 iisdem
1661 1522 1720 1540 cum
1735 1514 1810 1540 nobis

992 1571 1000 1601 ;
1018 1562 1196 1597 affectionibus
1207 1562 1336 1596 subjectos
1355 1562 1399 1588 “‘l
1414 1570 1423 1586 I

1058 1607 1137 1642 129
1148 1607 1301 1642 Responsio.
1318 1607 1370 1635 Sed
1385 1607 1489 1639 audite,
1499 1607 1565 1641 quid
1582 1606 1615 1634 ad
1627 1606 1685 1633 haec
1695 1612 1810 1640 respon-

1018 1651 1081 1679 deat
1094 1653 1194 1680 Paulus
1204 1662 1210 1679 :
1219 1653 1298 1680 Nobis
1308 1657 1395 1680 autent
1408 1653 1532 1680 reuelauit
1544 1647 1612 1679 Deus
1623 1660 1669 1686 per
1680 1651 1809 1685 Spiritum

1017 1707 1104 1725 suum.
1121 1698 1233 1734 Spiritus
1251 1700 1319 1726 enim
1337 1700 1426 1726 omnia
1440 1703 1585 1731 scrutatur,
1601 1699 1680 1725 etiam
1695 1698 1807 1732 profuit-

1017 1745 1112 1772 ditates
1138 1745 1227 1772 Dei“.
1247 1745 1348 1772 Verum
1372 1753 1407 1772 ne
1438 1745 1500 1779 quis
1523 1745 1606 1776 dicat.
1623 1745 1688 1779 ipsis
1713 1744 1809 1771 datum

1017 1798 1079 1818 esse
1093 1790 1226 1825 Spiritum
1243 1794 1372 1825 tanquam
1387 1790 1529 1824 apostolis.
1543 1798 1558 1817 a
1577 1790 1658 1817 nobis
1678 1798 1742 1816 vero
1761 1797 1806 1816 se-

1017 1836 1138 1863 cundum
1153 1840 1279 1862 naturam
1293 1835 1489 1870 comprehendi
1513 1835 1564 1862 hoc
1581 1843 1635 1862 non
1656 1842 1746 1868 posse,
1757 1834 1809 1861 ali.

1017 1880 1080 1907 cubi
1092 1880 1242 1914 deprecans
1259 1880 1312 1907 ait:
1329 1879 1360 1907 Ut
1379 1880 1424 1906 det
1437 1881 1506 1907 vobis
1523 1879 1593 1906 Deus
1606 1880 1686 1914 juxta
1702 1879 1807 1905 divitias

1016 1925 1107 1961 gloria:
1118 1933 1184 1956 sua’,
1195 1929 1224 1951 ut
1238 1925 1394 1959 fortitudine
1410 1925 1615 1952 corroborentini
1631 1925 1657 1951 in
1673 1925 1809 1950 internum

1017 1972 1157 2003 hominem,
1171 1975 1200 1997 ut
1212 1971 1339 1998 inhabitet
1353 1970 1470 1998 Christus
1487 1979 1532 2005 per
1552 1970 1632 2004 ﬁdem
1646 1971 1673 1996 in
1687 1969 1809 1996 cordibus

1016 2017 1108 2044 uestris
1117 2016 1150 2043 ⁸⁵.
1168 2016 1200 2044 Ει
1215 2024 1324 2044 rursum
1340 2025 1346 2043 :
1363 2016 1491 2043 Dominus
1516 2019 1604 2042 autem
1620 2014 1737 2048 Spiritus
1758 2018 1806 2041 est.

1019 2062 1066 2090 Ubi
1082 2071 1141 2089 vero
1158 2061 1273 2097 Spiritus
1287 2062 1404 2094 Domini,
1419 2062 1454 2089 ibi
1468 2062 1575 2089 libertas
1586 2061 1619 2087 ".
1634 2060 1667 2087 Et
1679 2067 1788 2087 rursum
1801 2069 1808 2086 :

1016 2107 1044 2135 Si
1059 2109 1117 2143 quis
1131 2116 1191 2135 vero
1205 2107 1334 2141 Spiritum
1350 2107 1447 2135 Christi
1468 2115 1520 2134 non
1546 2106 1633 2139 habet,
1648 2105 1689 2132 hic
1702 2113 1755 2132 non
1771 2109 1811 2135 est

1017 2155 1072 2189 ejus
1081 2154 1115 2181 ⁸⁷.

214 2237 252 2272 Z"
266 2236 416 2272 Εὑξὼμεοα
432 2238 522 2264 τοίνυν
537 2238 584 2264 καὶ
599 2238 678 2272 ἡμεῖς
698 2239 727 2264 ὲν
737 2238 906 2273 πληροφορίᾳ
918 2239 964 2265 καὶ

1053 2241 1110 2269 νιι.
1127 2241 1312 2270 Obsecremus
1327 2249 1392 2276 ergo
1407 2248 1517 2276 quoque
1533 2249 1584 2268 nos
1600 2241 1628 2268 in
1643 2239 1811 2268 certitudine

176 2283 300 2318 αἰσθήσει
316 2283 476 2317 μεταλαδεῖν
492 2283 538 2312 τοῦ
548 2283 625 2317 ἁγίου
640 2283 809 2318 Πνεύματος,
822 2285 869 2310 καὶ
885 2285 972 2311 εἰσελ-

177 2330 232 2356 Θεζν
244 2330 305 2356 ὅθεν
330 2330 542 2365 ὲξεληλύθαμεν,
555 2331 601 2357 καὶ
615 2330 662 2356 τοῦ
679 2329 772 2356 λοιποῦ
789 2331 968 2365 ἀποοτραφῆυ

176 2384 221 2401 ναι
236 2376 282 2409 ἀφ’
301 2376 380 2411 ἡμῶν
404 2376 449 2402 τὸν
477 2375 642 2410 θυμοκτόνον
665 2376 736 2410 ὅφιν,
763 2376 810 2402 καὶ
827 2376 966 2409 κενόδοξον

175 2420 330 2454 σύμϐουλον
353 2422 382 2448 τὸ
408 2421 520 2455 Πνεῦμα
531 2422 581 2455 τῆς
595 2422 729 2457 μερίμνης
745 2422 791 2448 καὶ
803 2422 971 2457 κραιπάλης·

175 2467 237 2493 ὅθεν
251 2466 366 2500 βεϐαίως
380 2467 575 2498 πιστεύσαντες
595 2468 643 2499 τὰς
671 2468 780 2499 ἐντολὰς
800 2468 846 2494 τοῦ
861 2468 962 2504 Κυρίου

176 2509 349 2544 φυλάξωμεν.
362 2511 409 2536 καὶ
436 2510 598 2546 αὑξηθῶμεν
614 2513 643 2538 ὲν
661 2512 734 2547 αὐτῷ
749 2513 793 2544 είς
805 2512 900 2545 ἄνδρα
916 2512 962 2539 τέ-

175 2557 250 2583 λεον
265 2558 309 2589 εὶς
322 2555 433 2590 μέτρον
446 2557 576 2590 ἡλικίας,
592 2557 638 2583 τοῦ
653 2558 750 2592 μηκέτι
766 2558 962 2594 κατακυριεύε-

176 2601 239 2628 σθαι
250 2602 302 2628 ὑπὸ
317 2602 367 2636 τῆς
378 2603 485 2637 ἀπάτης
494 2603 541 2629 τοῦ
551 2603 649 2634 αἰῶνος
663 2603 769 2634 τούτου,
785 2603 841 2629 ἀλλ’
855 2604 884 2629 ἐν
897 2604 965 2638 πλη-

178 2647 292 2683 ροφορίᾳ
306 2648 354 2674 τοῦ
371 2649 528 2683 Πνεύματος
542 2647 627 2681 εἶναι,
653 2649 702 2675 καὶ
718 2649 756 2684 μὴ
771 2650 907 2681 ἀπιστεῖν,
925 2650 965 2676 ἔτι

177 2693 223 2718 καὶ
235 2693 273 2723 εἰς
287 2693 464 2728 ἁμαρτωλοὺς
480 2694 675 2728 μετανοοῦντας
690 2695 706 2729 ἡ
723 2694 802 2729 χάρις
815 2694 882 2720 θεοῦ
894 2694 968 2720 εὐδο-

175 2739 229 2765 κεῖ.
246 2738 282 2765 Τὸ
293 2739 347 2774 γὰρ
360 2740 430 2766 κατὰ
447 2740 526 2775 χάριν
541 2739 722 2776 δωρούμενον,
742 2739 833 2766 οὐκέτι
848 2741 876 2766 ὲν
894 2749 966 2775 παρ-

212 2833 239 2872 ⁸ξ
249 2835 343 2872 blatta.
355 2845 383 2870 ν,
397 2838 440 2864 ii.
477 2839 499 2855 "
513 2839 613 2872 Ephes.
629 2839 715 2870 ιι,1ι.
753 2838 775 2854 ⁸¹
815 2839 879 2866 Cor.
898 2846 960 2872 xui,

1018 2860 1020 2866 .
1060 2838 1082 2855 “
1097 2839 1181 2867 lCor.
1199 2848 1227 2872 ιι,
1240 2840 1267 2868 9.
1286 2840 1307 2856 “
1345 2840 1406 2867 Act.
1424 2848 1478 2872 xtv,
1492 2839 1535 2867 i5.

534 2848 613 2890 pnes.
629 2848 660 2870 ιι,
673 2848 715 2866 10.
753 2848 775 2854 ⁷·
815 2848 879 2866 Lor.
898 2848 960 2872 XIII,
977 2848 1020 2867 12.

546 2875 556 2890 ⁶
569 2874 667 2903 llCor.
688 2882 726 2907 ιιι,
743 2875 784 2902 i'l.
822 2875 845 2890 "
862 2875 1010 2908 Romam,
1023 2877 1051 2907 9,

178 2870 201 2890 ⁸⁸
219 2869 319 2906 Ephes.
334 2869 432 2906 "1,716,
454 2873 494 2902 i7.

1019 2286 1082 2314 ﬁdei
1096 2292 1124 2314 et
1139 2295 1232 2319 sensu,
1248 2292 1278 2313 ut
1293 2286 1442 2321 participes
1461 2286 1558 2313 [ianuis
1578 2286 1698 2320 Spiritus
1710 2284 1809 2316 sancti,

1018 2338 1047 2361 et
1064 2333 1251 2368 ingrediamur
1275 2332 1347 2359 unde
1365 2332 1468 2367 egressi
1495 2339 1608 2359 sumus:
1626 2336 1655 2357 et
1669 2334 1698 2356 ut
1723 2330 1809 2363 impo—

1019 2387 1124 2407 stcrum
1147 2383 1287 2406 avertatur
1310 2385 1325 2404 a
1349 2378 1430 2404 nobis
1456 2385 1570 2411 serpens
1597 2380 1625 2403 et
1649 2374 1811 2402 interfector

1020 2425 1115 2456 animi,
1129 2424 1266 2459 superbus
1279 2427 1306 2450 et
1319 2431 1406 2450 vanus
1426 2423 1578 2452 consultor,
1596 2421 1715 2455 Spiritus
1733 2420 1809 2447 solli-

1016 2470 1148 2498 citudinis
1171 2475 1199 2497 et
1226 2469 1344 2504 crapulae
1359 2478 1365 2495 :
1383 2473 1413 2495 ut
1438 2468 1502 2495 inde
1527 2467 1642 2494 ﬁrmiter
1665 2466 1810 2493 credentes

1018 2515 1144 2543 mandata
1161 2515 1269 2542 Domini
1287 2522 1440 2546 servemus,
1454 2519 1482 2541 et
1496 2521 1653 2540 crescamus
1675 2513 1703 2540 in
1725 2521 1759 2539 eo
1781 2513 1810 2539 in

1016 2563 1101 2589 virum
1128 2561 1281 2596 perfectum.
1309 2562 1336 2588 in
1365 2569 1517 2587 mensuram
1543 2560 1672 2591 wtatis",
1689 2567 1723 2586 nc
1738 2559 1808 2585 ultra

1017 2606 1177 2633 dominetur
1207 2606 1287 2633 nobis
1315 2605 1442 2639 deceptio
1466 2605 1549 2637 huius
1574 2603 1678 2634 saeculi.
1702 2602 1749 2629 sed
1782 2602 1809 2628 in

1015 2650 1180 2678 certitudine
1206 2646 1404 2684 ﬁdei'Spiritus
1419 2650 1517 2681 simus,
1531 2656 1620 2683 neque
1635 2648 1808 2674 diﬂidatuus:

1017 2696 1080 2730 quia
1095 2700 1252 2730 peccatores
1266 2703 1376 2730 quoque
1393 2695 1588 2729 resipiscentes
1599 2693 1684 2728 gratia
1698 2693 1746 2720 Dei
1760 2693 1808 2719 be-

1019 2741 1116 2767 nevole
1129 2741 1254 2776 suscipit.
1267 2740 1345 2774 Quod
1357 2740 1431 2768 enim
1443 2747 1493 2775 per
1509 2739 1624 2775 gratiam
1639 2739 1767 2770 donatur,
1781 2737 1807 2764 id

1571 2839 1614 2867 “l
1632 2838 1693 2866 Cor.
1719 2847 1747 2872 ιι,
1766 2838 1806 2866 l0.

1088 2874 1111 2890 "
1127 2875 1227 2910 Ephes.
1242 2884 1278 2907 iv.
1299 2875 1340 2902 l5.
