2079 3152
299 171 353 202 755

921 175 951 204 S.
971 175 1132 206 MACARII
1151 176 1314 208 IEGYPTII

1879 186 1935 217 73.6

296 236 351 255 non
376 226 441 254 licet
462 226 588 262 amplius,
614 228 800 262 comparando
823 236 885 256 cum
909 231 1084 259 antecedentt

1144 233 1268 269 stxaspip
1302 233 1351 269 τῆς
1390 235 1580 271 προλαϐούσης
1607 237 1749 269 ἀσθενείας
1775 243 1931 275 μετρεῖται·

296 272 473 304 inﬁrmitate,
501 271 610 304 metiri;
637 272 701 307 quia
725 274 812 308 gratia
839 275 895 309 jam
931 283 987 302 non
1015 281 1090 304 esset

296 319 394 353 gratia,
407 317 456 345 sed
471 318 498 344 in
515 317 601 344 Deum
619 318 837 353 omnipotentem
852 320 1008 354 credentes,
1022 322 1089 349 sim-

297 364 360 398 plici
377 368 404 390 et
420 363 496 391 curis
513 371 600 390 vacuo
619 364 702 391 corde
720 365 885 393 accedamus
899 367 932 394 ad
950 374 1024 400 eum,
1040 368 1088 403 qui

297 417 345 444 per
358 408 439 436 [idem
452 409 690 444 participationem
705 410 825 445 Spiritus
835 412 962 446 largitur,
972 420 1027 439 non
1039 421 1089 448 per

295 454 521 481 assimilationem
536 463 651 489 operum
667 455 731 482 ﬁdei
746 465 752 482 :
769 456 859 492 inquit
873 458 946 484 enim
959 466 966 485 :
981 458 1041 485 Non
1057 467 1088 486 ea:

294 500 414 533 olm-ribus
442 500 506 534 legis
537 499 668 535 Spiritum
691 502 843 537 accepistis,
866 503 913 530 sed
936 512 969 530 ea:
994 504 1087 532 auditu

295 545 356 579 ﬁdei
366 545 399 572 λ’.

332 591 397 618 νιιι.
417 591 606 626 Interrogatio.
631 592 737 625 Dixisti,
756 594 847 621 omnia
864 595 1044 630 spiritualiter
1059 597 1087 624 in

294 636 387 662 animo
399 644 453 663 esse
466 637 612 664 recondita.
628 637 697 670 Quid
713 642 821 675 estergo
832 649 841 667 :
860 650 870 666 ι
895 640 958 668 Volo
972 643 1088 678 quinque

294 681 372 708 verba
388 683 415 709 in
435 682 554 710 Ecclesia
573 689 659 711 mente
678 693 738 712 mea
755 685 828 721 loqui
840 686 875 714 '°.
897 696 906 713 ι

331 727 484 763 Responsio.
502 729 624 757 Ecclesia
643 730 670 757 in
685 730 793 758 duabus
810 732 936 766 personis
956 733 1086 770 intelligi-

295 777 351 807 tur,
365 775 580 811 congregatione
603 776 711 804 scilicet
737 776 872 811 fidelium,
888 782 916 806 et
930 779 958 806 in
970 787 1086 808 concre-

294 820 369 848 tione
383 821 492 849 animae.
504 821 533 850 Si
553 830 619 858 ergo
633 823 817 858 spiritualiter
840 824 869 852 in
885 825 997 854 homine
1011 827 1086 855 acci-

293 867 396 902 piatur,
414 869 534 896 ecclesia
555 874 600 904 est
629 873 685 898 tota
711 871 771 907 ejus
789 879 944 908 compages.
958 873 1086 910 Quinque

293 917 386 941 autem
404 915 489 942 verba
502 920 568 943 sunt
580 916 707 957 virtutes,
717 917 820 952 quibus
827 920 1084 954 comprehenditur,

292 967 354 994 qua:
368 963 454 987 totum
477 961 617 989 hominem
641 967 819 997 construunt,
840 965 925 993 variis
940 966 1029 994 modis
1042 967 1086 994 di—

292 1006 367 1034 visae.
382 1007 620 1040 Quemadmodum
635 1009 708 1036 enim
723 1009 770 1044 qui
782 1010 907 1045 loquitur
921 1012 948 1039 in
958 1012 1085 1045 Domino,

292 1060 342 1086 per
351 1053 472 1088 quinque
481 1053 565 1081 verba
580 1062 690 1082 omnem
702 1055 896 1090 complectitur
907 1058 1084 1093 sapientiam;

292 1099 332 1126 sic
353 1101 399 1135 qui
418 1101 545 1135 sequitur
562 1101 709 1128 Dominum
737 1110 787 1136 per
813 1103 936 1137 quinque
955 1105 1084 1139 virtutes,

291 1152 466 1180 summopere
482 1145 593 1180 pietatis
609 1147 713 1174 cultum
729 1147 857 1176 mdiﬁcat.
871 1149 937 1182 Quae
951 1157 1014 1178 cum
1029 1152 1086 1179 sint

291 1190 425 1226 quinque,
441 1193 573 1228 :rcliquas
596 1201 692 1221 omnes
720 1195 970 1230 comprehendunt,
993 1198 1083 1232 prima

291 1236 423 1264 nimirum
443 1239 578 1267 oratione.
595 1239 706 1267 Caetera:
721 1241 902 1274 continentia,
926 1243 1084 1272 misericor-

290 1281 346 1314 dia,
364 1288 522 1318 paupertas,
540 1285 746 1322 longanimitas,
769 1287 813 1315 hae
827 1287 966 1316 desiderio
985 1297 1017 1317 ac
1033 1298 1083 1318 vo-

290 1328 397 1356 luntate
425 1329 592 1365 implentur;
618 1337 739 1368 suntque
758 1333 843 1361 verba
869 1334 977 1367 animae,
995 1343 1085 1370 quaea

292 1375 407 1403 Domino
419 1377 608 1411 proferuntur,
622 1382 650 1406 et
672 1379 701 1406 in
718 1379 801 1407 corde
817 1380 1015 1408 exaudiuntur.
1030 1381 1086 1409 Do-

290 1421 383 1448 minus
404 1423 478 1449 cnim
501 1429 644 1458 operatur,
658 1429 686 1452 et
700 1428 766 1452 tunc
785 1425 905 1461 Spiritus
919 1427 1043 1462 loquitur
1056 1429 1084 1457 in

292 1466 433 1494 intellectu
447 1476 454 1494 :
469 1471 499 1495 et
517 1476 565 1496 cor
580 1474 716 1504 quantum
728 1470 877 1504 dcsiderat,
892 1475 999 1500 tantum
1015 1482 1085 1510 quo-

291 1520 345 1547 que
360 1512 387 1539 in
405 1518 502 1548 aperto
519 1519 661 1549 operatur.

1141 279 1203 304 ἐπεὶ
1219 279 1235 313 ἡ
1255 279 1335 314 χάρις
1347 279 1439 306 οὐκέτι
1450 281 1509 307 ἐστὶ
1521 282 1610 317 χάρις,
1625 282 1693 310 ἀλλὰ
1707 283 1745 318 τῷ
1765 286 1932 313 παντοδυιιᾱ-

1142 332 1185 359 μῳ
1199 324 1259 359 Θεῷ
1273 325 1477 358 πιστεύσαντες,
1492 327 1577 362 ἁπλῇ,
1599 328 1647 354 καὶ
1662 329 1824 365 ἀπεριέργῳ
1834 332 1932 368 καρδία

1139 369 1337 404 προσέλθωμεν
1363 371 1402 404 τῷ
1426 371 1470 399 διὰ
1500 372 1617 405 πίστεως
1637 373 1688 409 τὴν
1716 376 1862 410 μετουσίαν
1884 377 1932 403 τοῦ

1139 415 1300 451 Πνεύματος
1317 417 1501 453 χαριζομένῳ,
1516 420 1564 445 καὶ
1579 419 1609 445 οὐ
1621 419 1665 446 διὰ
1678 421 1869 456 παρεικασμοῧ
1884 423 1933 447 πῖ-

1140 471 1226 494 στεως
1242 463 1349 499 ἔργων·
1370 465 1438 500 φησὶ
1456 465 1521 500 γὰρ,
1543 466 1604 493 οὐκ
1614 465 1650 498 ἐξ
1671 466 1766 501 ἔργων
1782 468 1877 502 νόμου
1898 468 1934 495 τὸ

1139 509 1260 544 Πνεῦμα
1276 510 1407 544 ἐλάϐετε,
1422 511 1502 538 ἀλλὰ
1521 511 1558 538 δι’
1571 511 1666 547 ἀκοῆς
1675 513 1814 546 πίστεως.

1174 602 1395 637 Η’.Ἐρώτησις.
1413 601 1515 637 Εἷπες,
1531 605 1631 633 πάντα
1642 606 1677 634 ἐν
1687 607 1725 641 τῇ
1737 608 1823 643 ψυχῇ
1838 617 1932 636 πνευ-

1136 647 1266 682 ματικῶς
1293 649 1556 683 ἀποκρύπτεσθαι,
1577 652 1607 679 τι
1628 652 1704 685 ἐστι,
1728 654 1825 681 «Θέλω
1840 656 1932 682 πέντε

1137 694 1247 728 λόγους
1256 694 1291 720 ἐν
1300 694 1449 730 ἐκκλησίᾳ
1463 695 1512 723 διὰ
1524 697 1576 724 τοῦ
1590 697 1661 731 νοός
1674 707 1736 733 μου
1746 699 1882 734 λαλῆσαι
1893 709 1903 733 ;
1917 710 1927 726 ι

1178 741 1361 775 Ἀπόκρισις.
1370 742 1519 777 Ἐκκλησία
1531 744 1559 770 ἐν
1577 743 1638 770 δυσὶ
1651 745 1805 780 προσώποις
1818 749 1929 781 νοεῖται,

1137 786 1176 821 τῷ
1191 787 1345 822 συστήματι
1359 788 1413 814 τῶν
1428 788 1542 821 πιστῶν,
1554 790 1602 816 καὶ
1623 790 1663 826 τῷ
1691 792 1859 827 συγκρίματι
1879 793 1930 828 τῆς

1136 833 1237 868 ψυχῆς.
1255 833 1338 860 Ὀταν
1364 833 1412 860 οὖν
1441 836 1634 869 πνευματικῶς
1649 837 1690 868 εἰς
1712 838 1760 863 τὸν
1787 837 1930 872 ἄνθρωπον

1100 902 1123 931 Β
1137 879 1320 915 λαμϐάνηται,
1346 879 1494 915 Ἐκκλησία
1509 882 1584 908 ἐστὶν
1597 882 1657 909 ὅλον
1675 882 1758 910 αὑτοῦ
1770 883 1800 910 τὸ
1814 883 1928 920 σύγκρι-

1138 934 1185 960 μα.
1203 925 1287 952 Πέντε
1301 925 1328 952 δὲ
1338 925 1412 960 λόγοι
1426 927 1494 954 εἰσὶν
1509 928 1537 954 αί
1554 929 1730 962 περιεκτικαὶ
1742 929 1851 964 ἀρεταὶ,
1868 930 1930 957 ὅλον

1136 972 1182 997 τὸν
1193 971 1335 1006 ἄνθρωπον
1359 972 1559 1006 οἱκοδομοῦσαι,
1576 973 1754 1009 πολυτρόπως
1771 974 1927 1010 διαιρούμευ

1136 1026 1190 1044 ναι.
1208 1017 1313 1052 Ὠσπερ
1334 1017 1388 1052 γὰρ
1401 1019 1415 1044 ὁ
1435 1018 1523 1045 λαλῶν
1549 1019 1578 1045 ἑν
1598 1019 1702 1054 Κυρίῳ,
1720 1019 1764 1046 διὰ
1775 1020 1831 1047 τῶν
1845 1021 1926 1048 πέντε

1135 1061 1222 1095 λόγων
1238 1062 1327 1088 πᾶσαν
1347 1062 1509 1097 περιέλαϐεν
1526 1063 1576 1099 τὴν
1600 1064 1712 1099 σοφίαν·
1728 1064 1815 1096 οὕτως
1831 1066 1845 1092 ὁ
1862 1066 1928 1092 ἀκο-

1135 1106 1238 1133 λουθῶν
1253 1106 1292 1141 τῷ
1308 1107 1403 1142 Κυρίῳ
1416 1107 1460 1134 διὰ
1473 1108 1528 1134 τῶν
1544 1108 1627 1135 πέντε
1650 1108 1756 1144 ἀρετῶν
1772 1109 1873 1145 πολλὴν
1889 1111 1928 1137 ol-

1135 1151 1246 1186 κοδομεί
1257 1151 1306 1186 τὴν
1317 1151 1468 1180 εὺσέὸειαν.
1488 1153 1572 1179 Πέντε
1596 1154 1651 1189 γὰρ
1670 1151 1748 1181 οὖσαι
1764 1154 1860 1188 λοιπὰς
1876 1156 1928 1182 πά-

1136 1205 1186 1228 σας
1209 1196 1367 1233 περιέχουσι
1399 1198 1496 1235 πρώτῃ
1526 1199 1604 1234 εὐχῇ.
1637 1200 1737 1227 Λοιπὸν
1768 1202 1926 1236 ἐγκράτεια,

1134 1243 1316 1278 ἐλεημοσύνη,
1338 1243 1471 1278 πτωχεία,
1487 1243 1673 1278 μακροθυμία,
1686 1243 1772 1270 ταῦτα
1788 1244 1862 1280 πόθῳ
1880 1246 1928 1272 καὶ

1135 1288 1293 1323 προαιρέσει
1308 1288 1515 1323 ἐπιτελούμενα·
1536 1289 1610 1323 λόγοι
1635 1289 1689 1315 εἰσὶ
1703 1289 1793 1324 ψυχῆς
1803 1289 1854 1316 ὑπὸ
1867 1290 1926 1316 Κυ-

1135 1335 1194 1369 ρίου
1221 1334 1393 1369 λαλούμενοι,
1412 1334 1458 1360 καὶ
1479 1333 1531 1360 ὑπὸ
1557 1334 1670 1369 καρδίας
1697 1335 1868 1370 ἀκουόμενοι.
1897 1336 1927 1362 '0

1133 1381 1188 1415 γὰρ
1206 1380 1307 1415 Κύριος
1324 1381 1444 1416 ἐνεργεῖ·
1458 1380 1505 1407 καὶ
1528 1380 1558 1406 τὸ
1571 1379 1683 1415 Πνεῦμα
1697 1380 1757 1407 τότε
1767 1381 1868 1416 νοερῶς
1880 1381 1930 1407 λα-

1133 1427 1175 1454 λεῖ
1186 1428 1233 1454 καὶ
1247 1429 1264 1463 ἡ
1278 1427 1376 1462 καρδία
1398 1428 1461 1454 ὅσον
1487 1427 1625 1460 ἐπιποθεῖ,
1640 1427 1768 1455 τοσοῦτον
1782 1429 1830 1455 καὶ
1842 1437 1928 1462 φανε-

1134 1473 1188 1508 ρῶς
1203 1473 1336 1500 ἐπιτελεῖ.

326 1559 371 1586 ΙΧ.
387 1559 510 1587 Virtutes
522 1565 616 1588 autem
632 1562 694 1596 illae,
707 1562 734 1590 in
748 1567 880 1599 quantum
899 1572 995 1593 omnes
1006 1573 1082 1594 com-

1169 1564 1209 1591 8’.
1226 1564 1258 1590 Ai
1273 1564 1301 1591 δὲ
1311 1563 1407 1599 ἀρεταὶ
1431 1563 1492 1590 ὅσον
1505 1563 1559 1590 εἰσὶ
1573 1563 1747 1598 περιεκτικαὶ
1761 1562 1868 1593 πασῶν.
1881 1570 1931 1588 το-

291 1606 479 1640 prehendunt,
504 1611 611 1635 tantum
629 1616 689 1636 sese
703 1615 799 1638 mutuo
815 1604 958 1646 generant.
972 1612 1085 1640 Sublata

289 1650 364 1677 enim
380 1651 479 1685 prima,
496 1652 630 1680 tolluntur
644 1661 751 1682 omnes.
765 1655 861 1683 Itidem
871 1664 921 1692 per
934 1658 1084 1686 secundam

290 1704 352 1730 qua:
368 1702 543 1732 sequuntur:
559 1703 588 1726 et
607 1699 644 1727 ita
662 1699 803 1736 deinceps.
821 1702 881 1735 Quo
900 1709 982 1738 pacto
1010 1704 1084 1731 enim

291 1743 355 1776 quis
373 1744 535 1778 precabitur
557 1753 613 1773 non
626 1753 640 1773 a
657 1745 762 1781 Spiritu
787 1748 939 1784 impulsus?
959 1751 994 1777 Et
1014 1754 1086 1778 atte-

291 1793 380 1816 statur
395 1790 462 1817 mihi
477 1790 630 1826 Scriptura,
644 1801 705 1827 quae
721 1792 808 1821 dicit:
836 1795 919 1822 Nemo
937 1800 1021 1831 potest
1042 1797 1083 1824 di-

290 1842 349 1861 cere
363 1835 505 1864 Dominum
519 1837 622 1870 Jesum,
635 1839 686 1866 nisi
707 1849 754 1875 per
775 1839 904 1876 Spiritum
919 1847 1040 1870 sanctum
1051 1844 1083 1871 ".

291 1880 406 1917 Insuper
427 1890 483 1917 quo
504 1888 583 1918 pacto
605 1885 685 1920 13o
702 1886 806 1922 absque
828 1888 962 1915 orationis
983 1889 1085 1916 auxilio

290 1928 436 1956 continens
459 1931 654 1964 permanebit?
676 1931 710 1958 Et
727 1933 774 1967 qui
792 1941 847 1960 non
870 1939 912 1961 est
928 1942 979 1969 per
993 1936 1085 1963 omnia

290 1973 447 2006 continens,
462 1982 517 2010 quo
529 1981 609 2010 pacto
624 1976 801 2004 miserebitur
817 1979 965 2007 esurientis
981 1987 1025 2007 aut
1042 1981 1085 2008 in~

287 2018 388 2053 juriam
407 2021 502 2054 passi?
517 2022 617 2049 Verum
627 2024 673 2057 qui
691 2023 881 2052 misericordia
897 2033 952 2053 non
962 2026 1083 2060 ducitur,

290 2062 337 2090 ille
354 2072 444 2099 neque
464 2071 617 2100 spontaneo
639 2073 715 2095 motu
745 2074 935 2104 paupertatem
958 2073 1083 2107 suscipit.

289 2109 411 2137 Rursum
427 2118 492 2138 vero
507 2111 650 2140 iracundia
673 2119 715 2141 est
729 2115 840 2143 alumna
868 2121 897 2143 et
924 2118 1019 2145 nutrix
1035 2126 1085 2145 cu-

290 2156 415 2189 piditatis
432 2158 630 2191 pecuniarum;
647 2161 705 2187 sive
726 2162 871 2196 pecuniam
892 2163 1003 2197 habeat,
1026 2164 1084 2192 sive

290 2209 357 2228 non.
373 2201 511 2230 Cancrum
531 2205 644 2238 praedita
671 2206 822 2234 virtutibus
835 2209 926 2236 anima
947 2209 985 2236 ita
998 2209 1085 2236 aediﬁ-

290 2249 409 2276 catirrin
422 2250 552 2284 ecclesia,
574 2259 628 2278 non
649 2252 716 2287 quia
733 2258 845 2287 operata
869 2258 922 2286 est,
945 2255 993 2283 sed
1017 2256 1082 2290 quia

289 2295 466 2324 desideravit.
488 2297 549 2325 Non
574 2299 648 2325 enim
671 2300 813 2334 proprium
832 2307 902 2336 opus
925 2301 1012 2328 salvat
1031 2301 1090 2329 110-.

289 2341 403 2374 minem,
425 2342 472 2370 sed
491 2343 538 2378 qui
559 2345 692 2378 operandi
718 2344 876 2373 facultatem
901 2346 1026 2381 largitur.
1051 2346 1079 2374 Si

289 2395 355 2422 ergo
382 2388 445 2422 quis
472 2389 598 2425 stigmata
622 2391 730 2418 Domini
756 2391 871 2426 perfert,
887 2399 922 2419 ne
944 2391 1084 2420 existimet

289 2433 393 2468 aliquid
410 2442 482 2467 esse,
503 2436 568 2463 licet
587 2436 698 2471 quidvis
714 2436 822 2470 fecerit,
840 2437 882 2464 vel
900 2437 995 2469 etiam,
1009 2438 1083 2473 quod

289 2487 397 2507 summo
412 2489 506 2508 amore
526 2486 611 2517 atque
629 2483 715 2510 animi
740 2487 840 2510 conatu
870 2482 949 2518 operi
976 2483 1081 2518 produ-

288 2525 376 2552 cendo
391 2526 561 2555 incubuerit.
577 2528 617 2555 Ne
631 2528 714 2563 igitur
729 2529 871 2556 existimes
891 2533 917 2556 te
934 2529 962 2555 in
977 2529 1081 2556 virtute

1137 1610 1232 1638 σοῦτον
1249 1610 1371 1646 ἀλλήλων
1391 1609 1561 1645 γεννητικαί.
1578 1610 1634 1644 Τῆς
1648 1609 1760 1645 πρώτης
1773 1609 1828 1644 γὰρ
1840 1608 1930 1636 ἀπού-

1136 1665 1197 1691 σης,
1214 1655 1390 1690 ἀναιροῦνται
1409 1655 1507 1682 πᾶσαι.
1527 1654 1642 1689 Ὁμοίως
1655 1654 1699 1681 διὰ
1722 1653 1772 1689 τῆς
1787 1654 1930 1688 δευτέρας,

1136 1703 1165 1729 αἱ
1180 1702 1323 1729 ἀκόλουθοι
1334 1709 1341 1717 ·
1356 1701 1488 1732 ὡσαύτως
1505 1701 1534 1728 αἱ
1558 1700 1685 1736 καθεξῆς,
1703 1700 1766 1732 Πῶς
1781 1700 1834 1735 γὰρ
1849 1699 1929 1731 εὒξε-

1135 1749 1180 1776 ταί
1191 1757 1234 1780 τις
1251 1748 1289 1784 μὴ
1304 1748 1357 1775 ὑπὸ
1371 1748 1530 1783 Πνεύματος
1540 1747 1714 1782 ὲνεργηθείςς
1731 1746 1778 1773 καὶ
1796 1746 1931 1781 μαρτυρεῖ

1138 1804 1182 1830 μοι
1193 1795 1311 1831 ἡΓραφὴ
1325 1795 1451 1829 λέγουσα,
1461 1794 1567 1827 Οὐδεὶς
1580 1794 1707 1821 δύναται
1715 1793 1810 1819 εἰπεῖν
1819 1792 1930 1826 Κύριον

1142 1841 1275 1875 Ἰησοῦν,
1290 1842 1316 1868 εὶ
1325 1841 1367 1876 μὴ
1378 1841 1570 1875 ἐνΠνεύματι
1585 1840 1668 1875 ἁγίῳ.
1684 1839 1746 1871 Πῶς
1756 1839 1784 1866 δὲ
1797 1839 1932 1873 ὑπομενεῖ

1135 1888 1245 1923 ὸχωρὶς
1271 1888 1355 1923 εὐχῆς
1377 1887 1612 1923 ἐγκρατευόμενος
1640 1886 1818 1921 ὰόοηθήτωςς
1845 1886 1874 1912 '0
1899 1885 1930 1912 δὲ

1137 1935 1166 1960 ὲν
1190 1934 1276 1961 παντὶ
1293 1934 1331 1969 μὴ
1347 1934 1592 1969 ἐγκρατευόμενος,
1609 1933 1668 1964 πῶς
1682 1932 1789 1968 ἐλεήσει
1802 1931 1848 1957 τὸν
1867 1939 1929 1957 πει-

1135 1980 1252 2016 νῶνταῆ
1268 1980 1428 2013 domouna;
1447 1980 1476 2006 '0
1493 1980 1522 2006 δὲ
1532 1980 1582 2006 οὐκ
1593 1979 1686 2012 ἐλεῶν,
1701 1979 1761 2005 οὐδὲ
1776 1977 1929 2013 πτωχεύειν

1137 2025 1269 2057 ἑκουσίως
1283 2025 1474 2060 καταδέχεται.
1499 2025 1584 2052 Πάλιν
1601 2025 1630 2051 δὲ
1642 2024 1692 2059 τῆς
1708 2024 1763 2050 τῶν
1777 2023 1929 2059 χρημάτων

1137 2071 1285 2106 ἐπιθυμίας
1300 2072 1314 2098 ὁ
1329 2071 1413 2106 augt;
1425 2070 1584 2106 σύντροφος,
1594 2071 1646 2097 κᾶν
1659 2070 1708 2106 ἔχῃ
1719 2070 1859 2105 χρήματα,
1878 2069 1929 2096 κᾶν

1138 2119 1175 2153 μὴ
1192 2118 1243 2154 ἔχῃ
1253 2126 1260 2134 ’
1274 2118 1290 2153 ἡ
1303 2118 1331 2144 δὲ
1350 2118 1476 2152 ἐνάρετος
1486 2118 1560 2152 ψυχὴ
1578 2117 1664 2148 οὕτως
1676 2116 1930 2151 προσοικοδομεῐται

1136 2165 1169 2199 τῇ
1188 2163 1347 2198 Ἐκκλησία,
1361 2163 1411 2198 οὐχ
1432 2163 1472 2189 ὅτι
1493 2162 1633 2197 ἐποίησεν,
1656 2161 1713 2188 ἀλλ’
1731 2161 1771 2187 ὃτι
1783 2161 1928 2195 ἐπόθησεν.

1136 2210 1174 2236 Οὐ
1182 2210 1236 2246 γὰρ
1245 2210 1276 2236 τὸ
1285 2209 1351 2236 ἴδιον
1368 2209 1447 2244 ἔργον
1460 2208 1540 2240 σώζει
1556 2209 1602 2236 τὸν
1613 2207 1768 2243 ἄνθρωπον,
1786 2207 1844 2233 ἀλλ’
1854 2208 1868 2233 ὁ
1878 2214 1930 2240 χα-

1098 2248 1121 2275 D
1136 2256 1281 2291 ρισάμενος
1300 2255 1350 2289 τὴν
1364 2254 1490 2289 δύναμιν.
1508 2255 1539 2281 EI
1551 2254 1599 2281 οὖν
1616 2254 1746 2289 ὑπομένει
1759 2263 1801 2286 τις
1815 2254 1849 2280 τὰ
1873 2253 1930 2280 στί-

1134 2310 1230 2337 γματα
1245 2300 1292 2328 τοῦ
1310 2301 1455 2332 Δεσπότου,
1474 2300 1511 2336 μὴ
1520 2300 1598 2336 οἰηθῇ
1614 2300 1643 2327 ἔν
1662 2309 1724 2333 τινι,
1743 2299 1794 2326 κᾶν
1807 2299 1837 2326 τὸ
1848 2299 1929 2334 τυχὸν

1134 2346 1392 2382 πεποίηκεν,ἁλλ¹ἢ
1408 2347 1487 2382 μόνον
1498 2346 1529 2372 τὸ
1544 2347 1696 2381 ἀγαπῆσαι,
1721 2345 1768 2372 καὶ
1788 2345 1929 2380 ἐπιτηδεῦ-

1134 2402 1179 2420 σαι
1194 2394 1263 2429 πρὸς
1279 2393 1329 2424 τὰς
1345 2393 1496 2428 ἐνεργείας.
1515 2393 1562 2428 Μὴ
1586 2392 1633 2419 οὖν
1647 2392 1726 2428 δόξῃς
1741 2392 1806 2418 ποτὲ
1821 2392 1850 2418 ἑν
1867 2392 1928 2426 ἁρε-

1132 2442 1165 2475 τῇ
1185 2439 1381 2475 προειληφέναι
1405 2439 1451 2465 τὸν
1468 2439 1571 2474 Κύριον
1587 2439 1658 2466 κατὰ
1677 2440 1724 2466 τδν
1751 2439 1873 2473 λέγοντα,
1887 2438 1927 2464 ὅτι

1134 2484 1227 2518 Οὗτός
1241 2486 1328 2512 ἐστιν
1340 2486 1358 2513 ὸ
1372 2484 1503 2521 ἐνεργῶν
1516 2485 1551 2512 ἐν
1568 2485 1640 2519 ὑμῖν
1653 2485 1702 2512 καί
1720 2485 1753 2511 τὸ
1764 2485 1864 2511 θέλειν
1878 2483 1927 2510 καὶ

1131 2531 1164 2557 τὸ
1177 2530 1315 2565 ἐνεργεῖν
1331 2530 1410 2564 ὑπὲρ
1427 2529 1480 2563 τῆς
1493 2530 1644 2562 εὐδοκίας.

289 2573 455 2606 prmveuisse
475 2573 635 2608 Dominum,
660 2571 812 2603 secundum
832 2583 895 2604 eum
917 2575 965 2611 qui
990 2576 1079 2603 dicit:
1100 2577 1159 2613 Ipse
1182 2583 1220 2605 est
1250 2578 1294 2612 qui
1308 2581 1438 2612 operatur
1453 2577 1573 2609 iuvabis,
1593 2576 1659 2603 uelle
1676 2580 1700 2603 et
1717 2575 1857 2611 perﬁcere,
1879 2581 1926 2608 pro

289 2617 356 2643 bona
368 2617 504 2645 voluntate
512 2619 546 2646 θ’.

323 2664 359 2692 Χ.
385 2665 573 2701 Interrogatio.
599 2667 668 2701 Quid
693 2669 774 2704 igitur
795 2669 912 2704 prwcipil
938 2667 1080 2704 Scriptura

288 2709 389 2736 [mmini
399 2710 485 2744 facere
494 2712 507 2738 ?
619 2718 620 2721 ‘

326 2754 478 2790 Responsio.
493 2757 580 2785 Antea
592 2758 724 2791 diximus,
735 2759 982 2794 promptitudinem
996 2758 1080 2786 animi

291 2798 430 2828 hominem
456 2801 557 2830 habere
571 2811 587 2831 a
598 2810 707 2836 natura,
724 2813 806 2840 quam
827 2813 937 2840 quoque
953 2805 1025 2832 Deus
1039 2812 1082 2832 rc-

327 2889 349 2906 “
362 2890 449 2918 Galal.
468 2899 507 2924 ιιι,
519 2893 545 2919 ‘2.
585 2894 605 2909 ⁵⁰
621 2894 707 2922 lCor.
722 2903 776 2927 xiv,
797 2896 836 2923 19.
877 2896 895 2911 ³¹
914 2895 923 2922 l
940 2894 1004 2922 Cor.
1018 2903 1064 2927 xu,
1076 2894 1102 2921 ὖ,

1171 2665 1198 2693 l’.
1221 2665 1390 2698 Ἐρώτησις.
1410 2665 1440 2693 Tl
1450 2665 1506 2693 οὖν
1517 2666 1536 2700 ἡ
1548 2665 1654 2700 Γραφὴ
1669 2665 1868 2700 παραγγέλλει
1886 2666 1924 2698 τῷ

1134 2710 1280 2744 ἀνθρώπῳ
1292 2711 1407 2743 ποιεῖν;

1177 2757 1359 2789 Ἀπόκρισις.
1373 2756 1555 2792 Προείπομεν,
1568 2757 1609 2783 ὅτι
1625 2756 1674 2792 τὴν
1687 2757 1856 2792 ἐπιτήδευσιν
1869 2756 1923 2791 ἔχει

1135 2804 1148 2831 ὁ
1159 2804 1303 2839 ἄνθρωπος
1311 2804 1381 2831 κατὰ
1401 2803 1491 2838 φύσιν,
1505 2805 1552 2831 καὶ
1563 2804 1665 2839 ταύτην
1679 2804 1692 2830 ὁ
1708 2803 1774 2835 Θεὸς
1789 2803 1921 2838 ἐπιζητεῖ.

1141 2895 1162 2910 πη
1175 2894 1292 2929 Philipp.
1310 2901 1339 2927 ll,
1355 2893 1398 2920 i5.
