2079 3152
165 186 217 218 757

742 186 975 224 HOMILIIB.‘—
985 193 1078 225 HOM.
1098 194 1264 227 XXXVIII.

1751 199 1805 230 758

167 241 356 277 Παραγγέλλει
365 242 423 275 οὖν,
433 243 477 270 ἶνα
491 244 598 280 πρῶτον
609 245 705 281 νοήσῃ,
721 246 768 272 καὶ
781 247 881 282 νοήσας
890 248 960 282 ἁγα-

1015 250 1109 285 quirit.
1130 251 1258 286 Pratcipit
1283 251 1377 287 igitur,
1398 257 1428 281 ut
1451 253 1571 288 primum
1598 259 1760 288 cognoscat,
1776 259 1804 282 et

169 289 256 324 πήσῃ,
275 288 324 314 καὶ
339 287 474 323 θελήματι
493 290 659 325 ἐπιτηδεύει-ῃ
669 298 676 305 ·
691 290 722 317 τὸ
732 291 761 317 δὲ
782 293 962 328 ἐνεργηθῆναι

168 332 214 360 τὸν
228 333 301 364 νοῦν,
318 332 334 368 ἢ
354 333 498 369 ὑπομεῖναι
511 335 556 361 τὸν
568 335 661 366 κόπον,
674 336 690 371 ἣ
706 336 812 364 τελέσαι
828 338 858 364 τὸ
869 339 960 374 ἔργον,

167 377 184 411 ή
201 376 282 411 χάρις
294 375 342 402 τοῦ
358 377 462 412 Κυρίου
486 378 602 414 παρέχει
618 378 658 414 τῷ
683 379 828 415 θελήσαντι
851 383 898 409 καὶ
915 392 962 410 πι-

172 422 323 449 στεύσαντι.
345 423 382 449 Τὺ
402 423 449 449 οὖν
465 423 570 459 θέλημα
586 425 633 452 τοῦ
654 427 846 462 ἀνθρώπουώς
872 430 962 464 παρά-

168 475 265 498 στασις
277 469 445 503 ὑποστατική
464 478 470 485 ·
492 470 528 505 μὴ
546 471 679 506 παρόντος
689 473 718 499 δὲ
735 473 963 508 Θελήματος,οὐδὲ

168 512 248 544 αὐτὸς
260 513 275 538 ὀ
288 513 353 544 Θεός
363 522 388 540 τι
405 515 486 547 ποιεῖ,
498 515 599 551 καίπερ
611 517 770 552 δυνάμενος,
787 519 831 546 διὰ
844 520 875 546 τὸ
894 521 962 546 αὺτ-

168 557 300 589 εΞούσιον.
321 558 353 584 Ἢ
368 556 413 585 οὖν
427 559 616 595 τελεσιουργία
630 562 679 588 τοῦ
695 562 854 598 Πνεύματος
884 565 913 590 ὲν
923 564 962 600 τῷ

171 604 303 638 θελήματι
323 603 371 631 τοῦ
394 604 540 640 ἀνθρώπου
561 608 661 634 κεῖται.
679 607 775 640 Πάλιν,
793 609 841 636 ἐὰν
856 609 916 636 ὅλον
931 611 962 637 τὸ

172 648 278 684 θέλημα
295 649 396 684 δῶμεν,
408 650 469 677 ὅλον
482 652 512 678 τὺ
536 651 616 687 ἔργον
628 654 694 688 ἡμῖν
714 654 873 690 ἐπιγράφει,
897 656 963 683 Θαυ-

173 695 275 728 μαστὸς
285 695 299 720 ό
315 695 382 727 Θεὸς
396 698 426 722 ὲν
440 698 518 730 πᾶσι,
537 700 584 724 καὶ
597 699 775 735 ἀπερινόητος
788 701 819 728 τὸ
834 702 943 729 σύνολον
953 711 961 717 “

171 739 310 775 ἄνθρωποι
330 741 358 767 δὲ
380 742 462 777 μέρος
483 751 508 769 τι
531 743 586 770 τῶν
601 744 760 780 θαυμασίων
773 746 856 773 αὐτοῦ
871 747 963 775 λαλεῖν

171 785 375 822 ἐπιχειροῦμεν,
395 789 427 822 τῇ
452 788 547 824 Γραφῇ
573 790 775 826 ὲπερειδόμενοι
788 813 794 824 ,
810 792 910 827 μᾶλλον
933 793 962 820 δὲ

170 831 215 858 ὑπ’
232 832 319 867 αὐτῆς
352 835 570 870 συνεταζύμενοι.
603 837 652 869 Τίς
678 838 732 871 γὰρ
745 859 752 868 ,
771 839 864 873 φησὶν,
885 839 963 874 ἔγνω

170 879 246 905 νοῦν
262 880 392 913 Κυρίου;
418 881 499 913 αὐτὸς
518 882 547 908 δέ
571 891 648 916 φησι,
674 884 807 917 Ποσάκις
826 885 962 919 ἠθέλησα

1014 303 1078 323 cum
1095 297 1231 331 cognorit,
1248 297 1353 332 diligat,
1381 301 1409 326 et
1435 299 1578 326 voluntate
1604 298 1754 326 incumbat.
1769 299 1804 326 Ut

1013 345 1105 368 autem
1121 346 1286 368 exerceatur
1304 349 1393 374 mens,
1409 346 1456 369 aut
1473 343 1597 370 laborem
1624 343 1732 375 toleret,
1756 349 1805 371 aut

1012 394 1083 421 opus
1104 386 1216 421 aliquod
1237 387 1373 421 perﬁciat,
1391 388 1476 422 gratia
1494 388 1603 415 Domini
1623 388 1741 424 largitur
1756 397 1804 416 vo-

1013 431 1081 459 lenti
1106 436 1133 459 et
1157 432 1293 460 credenti.
1309 433 1444 461 Voluntas
1461 441 1526 469 ergo
1540 435 1660 462 hominis
1673 440 1714 463 est
1728 436 1804 464 velut

1012 477 1180 513 adjutorium
1197 486 1213 505 a
1225 483 1325 506 natura
1347 478 1477 506 insitum:
1498 480 1611 508 absente
1627 489 1693 508 vero
1705 482 1803 508 volun-

1014 527 1079 556 tate,
1096 532 1187 559 neque
1200 525 1259 560 ipse
1273 525 1348 552 Deus
1366 525 1508 560 quidpiam
1524 532 1664 561 operatur,
1679 527 1804 561 quamvis

1012 569 1116 604 possit;
1130 575 1244 605 propter
1258 571 1372 598 liberam
1390 571 1519 598 nimirum
1540 572 1650 599 arbitrii
1676 573 1804 600 volunta-

1014 619 1080 642 tem.
1092 615 1229 643 Perfectio
1253 615 1339 651 igitur
1359 616 1452 651 operis
1473 616 1604 651 Spiritus,
1619 617 1646 644 in
1663 618 1804 644 volunlate

1013 659 1135 688 hominis
1162 661 1214 688 sita
1238 666 1291 689 est.
1318 661 1449 694 Rursum,
1471 661 1493 689 si
1522 665 1606 689 totam
1634 663 1804 690 voluntatem

1012 705 1208 738 concedamus,
1223 706 1362 742 integrum
1378 715 1448 742 opus
1465 707 1547 734 nobis
1564 707 1708 739 adscribit,
1723 708 1806 735 mira-

1013 750 1077 778 bilis
1094 751 1140 778 ille
1154 752 1228 779 Deus
1245 752 1273 779 in
1288 752 1428 784 omnibus,
1444 757 1472 780 et
1492 753 1540 788 qui
1564 754 1656 780 animo
1679 761 1805 788 compre-

1014 794 1097 822 hendi
1114 796 1227 823 omnino
1242 804 1299 824 non
1313 801 1423 831 potest:
1444 805 1494 824 nos
1518 797 1645 825 homines
1659 806 1725 825 vero
1741 806 1805 833 por-

1013 841 1164 869 tiunculam
1180 842 1300 877 aliquam
1323 842 1495 870 mirabilium
1517 843 1578 879 ejus
1601 843 1741 877 explicare
1755 851 1803 871 eo-

1014 892 1123 918 namur,
1142 885 1286 920 Scriptura
1303 885 1371 918 nixi,
1388 886 1454 921 quin
1484 888 1578 922 potius
1591 887 1625 914 ab
1643 887 1687 914 illa
1700 887 1803 916 edocti.

170 924 350 956 ἐπισυνάξαι
375 925 412 952 τὰ
437 927 529 954 τέκνα
547 934 616 960 σου,
636 929 684 955 καὶ
703 930 759 956 οὐκ
774 930 961 964 ἠθέλησατε;

1015 929 1079 962 Quis
1106 932 1187 963 enim,
1213 931 1261 963 ait,
1289 932 1407 966 cognovit
1432 940 1537 959 sensum
1564 933 1672 960 Domini
1683 934 1725 960 l“I
1743 934 1804 968 Ipse

176 970 220 1001 Ὠς
234 972 266 997 ἐκ
278 971 374 998 τούτου
389 973 537 1005 πιστεύειν,
553 974 594 1000 ὅτι
607 974 688 1006 αὐτὸς
698 976 773 1010 ἡμᾶς
790 977 961 1011 ἐπισυνάγει.

179 1015 271 1049 Ἧμῶν
295 1016 323 1042 δὲ
340 1016 420 1052 μόνον
434 1017 587 1054 παραζητεῖ
602 1019 632 1046 τὸ
648 1020 763 1056 θέλημα.
780 1022 828 1053 Τίς
837 1022 865 1048 δὲ
879 1023 896 1058 ἡ
914 1033 964 1058 φαη

172 1060 285 1095 νέρωσις
293 1061 339 1088 τοῦ
356 1062 520 1098 θελήματος,
539 1064 564 1090 εἰ
581 1064 619 1100 μὴ
636 1065 716 1098 πόνος
732 1066 874 1100 ὲκοΰσιος,

209 1193 258 1220 IA’.
270 1194 374 1229 Ὥσπερ
389 1194 442 1229 γὰρ
457 1195 565 1231 σίδηρος
580 1196 695 1231 πρίζων,
713 1199 864 1232 ἐκκόπτων,
877 1209 963 1237 γεωρ-

172 1238 239 1273 γῶν,
248 1239 452 1274 καταφυτεύων,
464 1242 545 1273 αὐτὸς
556 1242 604 1277 μὲν
613 1243 823 1279 ὐποθλιόόμενος
831 1247 962 1280 ἐνδίδωσι,

173 1287 242 1321 πλὴν
259 1287 338 1319 ἄλλος
351 1288 425 1315 ἐστὶν
440 1290 454 1315 ό
479 1289 572 1322 κινῶν,
595 1291 644 1317 καὶ
663 1292 785 1326 ἐπάγων,
806 1294 853 1320 καὶ
876 1295 904 1320 ὲν
924 1294 962 1329 τῷ

174 1333 352 1368 συντριῦἧναι
368 1334 462 1370 πυρῶν
485 1336 532 1362 καὶ
554 1336 738 1369 ἀνακαινίζων
752 1347 760 1354 υ
778 1339 863 1371 οὕτως
889 1341 934 1366 καὶ
951 1341 965 1367 ὁ

173 1380 316 1415 ἄνθρωπος
332 1380 384 1406 κᾶν
401 1380 525 1416 Θλίὸηται
552 1381 599 1408 καὶ
625 1384 707 1419 κοπιᾷ
725 1385 908 1420 ἐργαζόμενος
934 1386 965 1412 τὸ

173 1426 283 1459 ἀγαθὸν,
299 1426 357 1453 ἀλλ’
369 1427 382 1453 ὁ
396 1428 498 1462 Κύριος
514 1428 701 1462 λανθανόντως
717 1431 745 1456 ὲν
759 1431 834 1466 αὑτῷ
851 1432 965 1467 ἐργάζε-

173 1480 229 1505 ται,
251 1473 298 1499 atat
323 1474 352 1499 ὲν
365 1473 404 1509 τῷ
421 1474 551 1500 κοπιᾶσαι
565 1475 615 1501 καὶ
634 1477 819 1512 συντριϐῆναι,
834 1478 883 1512 τὴν
898 1487 965 1514 καρ-

173 1517 233 1544 δίαν
249 1519 405 1553 παρακαλεῖ
418 1521 465 1546 καὶ
478 1521 658 1555 ἁνακαινίζει,
678 1523 770 1555 καθὼς
791 1524 838 1550 καὶ
864 1525 877 1550 ὸ
896 1533 965 1560 προ-

175 1564 262 1598 φήτης
281 1564 367 1598 λέγει,
389 1565 437 1598 Μὴ
463 1565 686 1602 δοξασθήσεται
705 1568 793 1602 ἀξίνη
816 1569 890 1596 ἄνευ
909 1570 964 1597 τοῦ

174 1610 355 1644 κόπτοντος
371 1612 390 1645 ἢ
415 1613 609 1646 ὑψωθήσεται
634 1615 729 1648 πρίων
747 1614 821 1643 ἄνευ
837 1616 890 1642 τοῦ
913 1608 972 1643 ἔνι’

175 1665 303 1689 xor-voc;
318 1657 411 1689 Οὕτως
425 1658 453 1685 δέ
466 1659 523 1685 ἐστι
537 1659 585 1686 καὶ
612 1660 652 1691 είς
665 1660 694 1686 τὸ
724 1661 819 1693 κακὸν,
836 1661 880 1688 ὅτε
892 1663 906 1688 ὁ
917 1662 965 1689 ἄν·

175 1701 284 1735 Ορωπος
298 1703 432 1730 ὑπακούει
443 1705 490 1731 καὶ
503 1704 676 1740 ἐτοιμάζεται
686 1713 693 1719 ·
710 1706 770 1732 τότε
785 1707 832 1733 καὶ
848 1708 862 1734 ὁ
880 1708 965 1734 Σπιτα-

174 1748 223 1779 νᾶς
240 1748 347 1775 ἐλαύνει
363 1750 410 1777 καὶ
428 1750 572 1785 παροξύνει
585 1752 666 1778 αὑτὸν
681 1752 718 1783 ὠς
736 1754 750 1779 ὁ
769 1753 870 1789 λῃστὴς
882 1754 912 1780 τὺ
923 1754 962 1786 ξί-

176 1802 235 1827 φος.
250 1794 355 1829 Σιδήρῳ
374 1795 402 1821 δὲ
417 1796 623 1831 παρεικάσαμεν
638 1797 686 1832 τὴν
708 1798 832 1833 καρδίαν,
856 1799 900 1825 διὰ
915 1799 966 1834 τὴν

175 1838 355 1872 ἀναισθησίαν
363 1839 417 1866 τῶν
426 1842 598 1876 πραγμάτων
615 1843 663 1868 καὶ
671 1842 772 1878 πολλὴν
785 1844 965 1878 σκληρότητα.

176 1884 234 1910 Οὐκ
249 1884 300 1910 ἔδει
314 1884 342 1911 δὲ
359 1886 433 1920 ἡμᾶς
445 1887 552 1921 ἀγνοεῖν
563 1888 609 1914 τὸν
617 1888 769 1923 κρατοῦντα
785 1889 823 1920 ὡς
839 1889 967 1924 ἀναίσθη-

175 1938 221 1961 τος
239 1930 348 1966 σίδηρος
357 1939 364 1947 ⁸
378 1933 439 1959 ἐπεὶ
448 1933 553 1968 ταχέως
567 1934 621 1961 ἀπὸ
631 1935 678 1961 τοῦ
694 1935 819 1970 γεωργοῦ
834 1935 913 1969 λόγου
926 1937 966 1968 εἰς

176 1974 222 2000 τὸν
234 1975 280 2001 τοῦ
299 1977 417 2012 πονηροῦ
442 1978 572 2012 λογισμὸν
593 1980 623 2006 οὔ
649 1981 872 2016 μετεπίπτομενυ
896 1982 964 2008 ἀλλὰ

179 2020 278 2054 μᾶλλον
290 2022 326 2061 ᾡς
339 2022 352 2048 ὁ
370 2023 433 2057 βοῦς
454 2025 500 2051 καὶ
518 2026 532 2052 ὁ
551 2024 612 2057 ὄνος
632 2026 732 2052 ειδέναι
755 2027 801 2053 τὸν
822 2027 968 2054 ἐλαύνοντα

177 2066 225 2092 καὶ
234 2066 382 2101 όδηγοῦντα
397 2069 467 2095 κατὰ
475 2069 595 2097 διάνοιαν
607 2079 614 2087 ·
627 2072 693 2107 φησὶ
704 2072 738 2105 γὰ
744 2080 769 2107 ρ,
787 2073 879 2107 Ἔγνω
888 2073 968 2106 ,βοῦς

177 2111 231 2138 τὸν
251 2113 451 2147 κτησάμενον,
472 2116 521 2142 καὶ
538 2116 608 2150 ὄνος
625 2117 684 2150 τὴν
696 2118 816 2152 φάτνην
840 2119 893 2145 τοῦ
912 2128 966 2145 κυ-

173 2157 243 2191 ρίου
257 2159 361 2191 αὐτοῦ,
377 2160 501 2194 Ἰσραὴλ
514 2161 548 2188 δέ
561 2171 600 2196 με
624 2164 680 2190 οὐκ
706 2163 792 2197 ἔγνω.
818 2164 968 2199 Εὐξώμεοα

177 2203 266 2229 τοὲνυν
280 2203 406 2237 δέξασθαι
417 2206 517 2239 γνῶσιν
533 2207 612 2240 Θεοῦ,
629 2210 677 2235 καὶ
695 2210 871 2245 πνευματικῷ
894 2220 959 2237 παι-

1013 984 1078 1003 vcro
1095 977 1181 1004 dixit:
1197 977 1303 1009 Quoties
1325 978 1395 1005 volui
1418 987 1579 1014 congregare
1604 979 1674 1013 ﬁlios
1697 984 1765 1011 tuos,
1779 984 1805 1006 et

1013 1022 1134 1050 noluistis
1144 1023 1183 1049 ⁵⁸7
1193 1023 1287 1058 Itaque
1303 1031 1336 1050 ex
1347 1024 1399 1050 hoc
1416 1024 1574 1056 Credamus,
1589 1025 1662 1060 quod
1681 1025 1738 1060 ipse
1754 1033 1805 1052 nos

1013 1073 1162 1103 congregat
1176 1077 1183 1101 ;
1198 1076 1212 1094 a
1232 1068 1313 1095 nobis
1331 1073 1422 1095 autem
1436 1070 1521 1096 solam
1540 1070 1658 1104 requirit
1674 1071 1803 1098 volunta-

1013 1119 1079 1141 tem.
1091 1113 1157 1146 Quze
1171 1122 1238 1140 vero
1254 1114 1406 1142 voluntatis
1420 1115 1473 1142 erit
1487 1115 1638 1142 declaratio
1657 1116 1709 1143 nisi
1727 1116 1806 1143 labor

1013 1164 1181 1193 spontaneus
1192 1158 1204 1184 ?

1048 1204 1094 1231 XI.
1113 1204 1351 1238 Quemadmodum
1375 1212 1450 1232 emm
1480 1205 1597 1238 ferrum,
1621 1205 1686 1232 dum
1718 1210 1803 1239 secat,

1014 1252 1127 1284 scindit,
1143 1256 1213 1283 arat,
1227 1252 1341 1286 plantat,
1356 1252 1444 1286 ipsum
1467 1251 1578 1286 quidem
1600 1256 1736 1286 quatenus
1752 1252 1804 1278 im-

1014 1297 1135 1332 pellitur,
1151 1296 1255 1332 aliquid
1273 1296 1409 1331 porrigit:
1426 1296 1498 1323 alius
1513 1301 1603 1324 tamen
1620 1300 1672 1329 est,
1684 1296 1730 1331 qui
1743 1304 1804 1323 mo-

1013 1348 1060 1370 vet
1077 1347 1105 1370 et
1117 1342 1202 1378 agitat
1216 1342 1333 1374 ferrum,
1348 1347 1376 1369 et
1391 1342 1437 1369 ubi
1448 1342 1532 1369 fuerit
1546 1342 1683 1374 attritum,
1700 1342 1805 1369 inﬁam—

1014 1394 1070 1416 mal.
1089 1393 1173 1423 atque
1188 1392 1320 1422 renovat;
1341 1389 1381 1416 sic
1396 1396 1506 1423 quoque
1530 1389 1625 1421 homo,
1655 1389 1719 1416 licet
1741 1397 1806 1423 pre-

1016 1440 1108 1462 matur
1124 1439 1152 1462 et
1168 1435 1286 1467 laboret,
1304 1442 1425 1469 operans
1438 1434 1510 1469 quod
1527 1434 1630 1461 bonum
1645 1439 1699 1466 est,
1713 1435 1806 1462 Domi-

1014 1489 1069 1508 nus
1083 1486 1173 1508 tamen
1197 1480 1266 1508 clam
1287 1481 1315 1508 in
1342 1480 1402 1514 ipso
1428 1485 1568 1515 operatur,
1583 1485 1611 1507 ct
1628 1480 1693 1507 dum
1710 1480 1805 1507 labore

1015 1527 1182 1562 defatigatur
1203 1530 1232 1553 et
1252 1526 1383 1554 atteritur
1402 1526 1458 1558 ille.
1479 1534 1527 1553 cor
1542 1527 1700 1553 consolatur
1723 1531 1806 1561 atque

1015 1577 1135 1606 recreat,
1149 1577 1178 1600 ut
1193 1581 1304 1608 quoque
1321 1573 1454 1607 propheta
1468 1572 1559 1607 inquit
1571 1581 1578 1598 :
1595 1572 1665 1599 Num
1678 1572 1806 1607 gloriabi-

1016 1624 1060 1646 tur
1080 1620 1178 1646 securis
1201 1619 1300 1654 absque
1323 1618 1457 1645 scindente
1468 1618 1480 1644 5’
1493 1623 1538 1645 aut
1551 1618 1577 1644 in
1591 1619 1675 1645 altum
1698 1618 1807 1646 tolletur

1015 1673 1089 1692 serra
1111 1666 1167 1692 sine
1182 1666 1301 1691 trahente
1310 1664 1332 1680 ⁸³
1344 1664 1356 1690 ?
1368 1663 1470 1690 Eodem
1486 1663 1569 1690 modo
1592 1671 1621 1691 se
1641 1672 1685 1691 res
1697 1672 1807 1699 quoque

1016 1711 1100 1738 habet
1114 1711 1142 1738 in
1157 1711 1359 1738 committendo
1374 1710 1446 1737 malo
1459 1718 1465 1736 :
1478 1709 1589 1744 quando
1604 1709 1687 1737 homo
1699 1710 1806 1737 obtem-

1016 1761 1104 1792 perat,
1113 1761 1141 1784 et
1152 1761 1309 1792 promptum
1318 1764 1347 1783 se
1361 1756 1485 1788 exhibet,
1499 1761 1556 1783 tum
1565 1763 1676 1791 quoque
1690 1756 1808 1784 Satanas

1016 1803 1132 1837 impellit
1145 1806 1174 1830 et
1189 1802 1299 1830 exacuit
1314 1802 1402 1834 illum,
1416 1802 1493 1830 velut
1518 1802 1588 1829 latro
1602 1809 1708 1829 ensem.
1722 1802 1808 1829 Ferro

1015 1853 1107 1876 autem
1133 1848 1348 1875 assimilavimus
1372 1855 1430 1879 cor,
1451 1847 1487 1875 ob
1510 1846 1679 1881 imperitiam
1707 1855 1800 1874 rerum

1015 1901 1206 1928 summamque
1233 1893 1375 1920 duritiem.
1399 1891 1520 1919 Tametsi
1540 1899 1597 1919 non
1621 1892 1738 1919 decebat
1755 1899 1806 1919 nos
1840 1895 1843 1898 '

1016 1941 1144 1975 ignorare
1168 1947 1243 1971 eum,
1270 1939 1317 1974 qui
1344 1938 1483 1974 gubernat
1513 1946 1576 1971 nos,
1599 1938 1677 1965 velut
1703 1938 1805 1965 terrun-

1016 1994 1099 2014 sensu
1126 1993 1225 2013 carens
1241 1985 1380 2020 (quoniam
1398 1984 1525 2012 celeriter
1539 1983 1573 2011 ab
1583 1983 1712 2018 agricola:
1723 1984 1807 2011 verbo

1016 2031 1049 2058 ad
1060 2030 1170 2058 malitia:
1180 2030 1377 2065 cogitationem
1392 2037 1447 2056 non
1463 2028 1622 2064 dilabimur)
1635 2037 1642 2061 ς
1655 2028 1702 2056 sed
1717 2028 1808 2063 potius

1016 2076 1101 2104 veluti
1125 2076 1175 2103 bos
1197 2080 1225 2103 et
1241 2076 1334 2102 asinus
1348 2082 1430 2102 nosse
1452 2074 1588 2102 debemus
1603 2082 1678 2106 eum,
1694 2075 1741 2109 qui
1759 2074 1810 2101 im-

1016 2122 1095 2158 pellit
1107 2126 1136 2149 ct
1148 2121 1242 2157 dirigit
1252 2129 1302 2156 pro
1319 2121 1419 2148 mentis
1433 2120 1591 2155 agitatione.
1607 2120 1700 2154 lnquit
1711 2120 1785 2147 enim
1799 2130 1806 2147 :

1017 2167 1143 2202 Cognovit
1162 2167 1207 2193 bos
1229 2174 1402 2202 possessorem
1427 2174 1515 2198 suum,
1536 2170 1560 2192 et
1583 2166 1673 2193 asinus
1695 2174 1811 2201 prwsepe

1020 2213 1205 2248 131damini
1226 2213 1287 2246 sui;
1302 2212 1388 2239 Israel
1402 2218 1490 2239 autem
1512 2221 1553 2240 me
1577 2221 1629 2239 non
1651 2213 1808 2248 cognovit".

177 2247 303 2295 δευοῆναι
320 2251 394 2286 νόμῳ
409 2252 449 2283 εἰς
469 2252 638 2289 ὑπούργησιν
649 2255 703 2281 τῶν
721 2256 806 2290 ἁγίων
829 2257 911 2283 αὐτοῦ
926 2258 964 2283 ὲν-

1022 2260 1171 2287 Precemur
1188 2259 1271 2295 igitur
1286 2264 1315 2286 ut
1329 2267 1532 2294 consequamur
1554 2259 1736 2294 cognitionem
1750 2259 1808 2290 Dei,

178 2294 272 2326 τολών,
285 2295 442 2329 δοξάζοντες
454 2299 574 2334 Πατέρα,
591 2301 638 2327 καὶ
647 2301 721 2334 Υίὸν,
737 2302 785 2328 καὶ
794 2303 870 2336 ἅγιον
883 2302 969 2329 [1νεῦ-

181 2348 228 2374 μα,
243 2341 284 2372 εις
298 2342 360 2373 τοὺς
372 2343 483 2376 αἰῶνας.
503 2345 599 2381 Ἀμήν.

461 2453 581 2479 ΟΜΙΛΙΛ
597 2454 665 2481 AII'.

180 2494 303 2535 Πολλῆς·
318 2496 467 2535 ἀκριϐείας
480 2497 698 2535 μαι-συνέσεως
714 2501 798 2534 χρεία
815 2501 913 2535 ἐστὶν,
933 2504 968 2530 ἐν

215 2530 255 2571 τῷ
267 2530 426 2571 dou/micat
440 2532 511 2571 τοὺς
523 2530 968 2571 ἀληθινοὺς-Χβιστιανοὺςίκαὶ

213 2565 295 2598 τίνες
309 2566 418 2593 ἐκεῖνοί
433 2568 522 2594 εἰσιν.

216 2623 255 2648 Δ’.
268 2623 364 2649 Πολλοὶ
379 2623 476 2651 δίκαιοι
490 2625 646 2659 φαινόμενοι
656 2626 810 2660 νομίζονται
824 2626 970 2664 εἷναιΧρι-

181 2670 294 2699 στιανοὶ,
311 2669 440 2703 τεχνιτῶν
455 2670 482 2696 δέ
499 2671 557 2697 ἐστι
573 2672 619 2697 καὶ
636 2673 844 2707 πεπειραμένων
855 2675 968 2710 δοκιμά-

183 2720 237 2743 σαι,
251 2713 275 2738 εἰ
295 2714 403 2749 ἀληθῶς
418 2715 442 2741 οἱ
464 2715 578 2742 τοιοῦτοι
594 2716 684 2750 ἔχουσι
698 2717 728 2743 τὸ
748 2718 836 2751 σίγνον
857 2719 904 2745 καὶ
920 2720 969 2755 τὴν

183 2758 274 2785 εἰκόνα
290 2759 337 2785 τοῦ
363 2759 505 2794 βασιλέως.
531 2762 637 2796 Μήπως
652 2763 705 2797 ἄρα
723 2765 967 2800 παρακεχάρακται

179 2805 310 2839 τεχνιτῶν
336 2806 415 2841 ἔργα,
438 2807 486 2833 καὶ
515 2807 685 2842 θαυμάζουσι
712 2810 831 2844 τεχνῖται
856 2812 902 2837 καὶ
920 2811 968 2846 ψὲ-

237 2894 260 2912 ⁵²
276 2894 297 2925 II
311 2895 373 2926 Cur.
391 2905 420 2931 II,
435 2897 482 2931 16;
495 2898 574 2926 Rout.
591 2906 627 2928 xl.
642 2899 685 2926 51.
724 2899 747 2915 “
766 2898 832 2926 Luc.
847 2908 903 2933 xm,
925 2900 958 2927 3-2

1015 2900 1094 2927 latllt.
1112 2909 1170 2934 λιιι,
1187 2901 1230 2928 57.

1019 2310 1048 2334 et
1062 2305 1090 2333 in
1101 2306 1238 2341 spirituali
1252 2305 1414 2332 erudiamur
1425 2305 1496 2340 lege,
1509 2305 1543 2332 ad
1556 2305 1720 2339 obsequium
1749 2312 1811 2331 san-

1018 2356 1126 2378 ctorum
1153 2351 1345 2378 mandatorum
1359 2351 1428 2385 ejus,
1443 2349 1628 2385 gloriﬁcantes
1642 2350 1761 2380 Patrem,
1782 2355 1810 2377 et

1021 2395 1120 2422 Filium
1130 2399 1159 2422 et
1174 2394 1307 2430 Spiritum
1325 2398 1465 2426 sanetum,
1480 2393 1507 2420 in
1520 2393 1630 2421 saecula.
1644 2393 1742 2420 Amen.

1259 2458 1402 2486 IIOMILIA
1424 2458 1568 2486 XXXVIII.

1020 2505 1152 2540 Accurato
1167 2505 1268 2539 judicio
1281 2510 1368 2540 ﬁatque
1392 2504 1527 2532 intellectu
1538 2512 1602 2538 opus
1614 2508 1652 2530 cst
1669 2504 1697 2530 in
1713 2504 1811 2540 discer-

1033 2535 1038 2541 ”
1088 2535 1179 2567 nandi;
1191 2540 1259 2567 veris
1273 2535 1442 2572 Christianis,
1461 2544 1485 2566 et
1503 2535 1611 2574 quinum
1628 2540 1680 2566 sint
1697 2538 1746 2566 illi.

1057 2628 1078 2656 l.
1094 2628 1169 2655 Multi
1185 2627 1231 2662 qui
1246 2627 1313 2662 justi
1330 2631 1475 2662 apparent,
1494 2626 1634 2654 habentur
1656 2634 1706 2661 pro
1729 2625 1810 2653 Chri-

1024 2675 1139 2702 stianis:
1154 2682 1250 2701 verum
1264 2674 1401 2701 artificum
1419 2678 1461 2701 est
1475 2677 1503 2701 et
1514 2673 1665 2708 peritorutn
1683 2673 1810 2708 probare,

1023 2728 1089 2746 num
1115 2719 1182 2746 tales
1206 2727 1301 2746 revera
1326 2719 1445 2745 habeant
1476 2718 1585 2753 signum
1611 2723 1640 2745 et
1666 2717 1811 2752 imaginem

1022 2766 1094 2800 regis
1107 2784 1116 2797 ,
1131 2774 1165 2791 an
1190 2764 1305 2791 forsitan
1327 2764 1484 2791 adulterino
1503 2764 1637 2798 impresso
1652 2763 1730 2798 signo
1744 2770 1810 2790 cusa

1021 2813 1077 2840 sint
1102 2811 1241 2839 artiﬁcum
1269 2818 1365 2846 opera,
1389 2818 1423 2837 an
1447 2810 1620 2837 admirentur
1634 2809 1764 2843 artiﬁces,
1782 2812 1812 2837 cl.

1287 2901 1310 2918 ⁵⁵
1326 2901 1376 2929 lsa.
1394 2908 1420 2933 ι,
1437 2900 1478 2928 l5.
1516 2898 1682 2931 “1511.52.
