2079 3152
295 166 347 197 759

908 170 940 200 S.
960 170 1122 200 MACARII
1142 169 1304 201 EGYPTII

1872 171 1926 201 760

296 221 510 256 reprehendant.
531 222 559 250 Si
576 231 641 250 vero
657 223 797 250 defuerint
820 224 950 257 artifices,
970 233 1024 252 non
1038 234 1079 261 po-

1136 234 1240 261 γουσιν,
1263 226 1326 252 Ἐὰν
1338 225 1367 253 δὲ
1382 225 1419 261 μὴ
1434 223 1486 253 ὧσι
1501 226 1631 261 τεχνῖται,
1657 226 1688 252 οὺ
1704 225 1829 252 δύνανται
1852 225 1927 252 δοκι-

295 271 389 294 terunt
408 267 519 302 probari
546 267 634 295 dolosi
659 268 858 296 fabricatores:
876 270 1004 304 quoniam
1030 271 1082 305 ipsi

295 320 405 346 quoque
417 316 516 346 gerunt
530 311 655 339 habitum
667 321 776 346 eorum,
801 314 848 348 qui
868 314 1017 341 solitariam
1043 315 1084 342 vi-

295 363 350 385 tam
368 363 452 394 agunt
476 363 524 385 aut
537 358 768 388 Christianorum.
785 360 893 388 Etenim
910 361 1082 396 pseudoapo-

295 404 358 430 stoli
374 411 423 438 pro
438 403 548 431 Christo
563 405 749 440 patiebantur,
763 410 791 433 et
816 406 867 440 ipsi
882 406 1084 434 animntiabant

293 456 408 484 regnum
435 451 578 478 caelorum.
607 451 779 486 Quapropter
806 452 895 486 inquit
915 452 1081 487 Apostolus:

294 493 326 521 In
344 495 468 529 periculis
482 497 621 531 copiosius,
636 498 662 523 in
679 497 860 532 afflictionibus
874 506 955 532 supra
967 498 1082 531 modum,

292 540 320 567 in
331 542 478 568 carceribus
504 543 682 570 abundantius
691 544 732 569 ":
749 544 846 571 volens
876 544 1031 578 ostendere,
1054 553 1083 573 sc

292 586 381 621 plura,
399 595 480 621 quam
497 587 560 623 ipsi,
575 596 684 623 passum
701 596 772 616 esse.

328 632 360 659 ll.
378 634 483 660 Aurum
501 633 580 661 facile
603 632 762 669 reperitur;
784 636 940 671 margaritae
964 644 1032 664 vero
1055 642 1084 664 et

293 677 400 712 lapides
431 679 557 713 pretiosi,
582 680 718 707 commodi
747 681 781 708 ad
811 681 938 709 diadema
965 683 1082 717 regium,

293 723 385 750 rarius
408 723 606 756 inveniuntur;
625 732 815 759 scepenumero
830 726 905 752 enim
933 735 966 753 ex
983 727 1017 754 iis
1041 734 1084 754 re-

292 769 395 803 perias,
408 769 454 804 qui
472 770 564 797 minus
577 770 633 797 sint
659 770 750 797 idonei
775 778 782 796 :
808 770 848 798 sic
873 778 984 805 quoque
1011 772 1084 798 inter

292 814 480 844 Christianos.
493 816 541 850 qui
556 820 788 850 superstruuntur
805 824 914 844 corona:
927 816 1040 849 Christi,
1053 822 1083 844 ut

292 859 374 886 socia:
401 864 559 887 sanctorum
591 860 656 887 liant
682 860 780 887 animm
809 860 871 887 illae.
888 860 980 888 Gloria
997 861 1032 888 sit
1045 862 1081 893 ei,

1137 271 1224 306 μάσαι
1241 271 1304 303 τοὺς
1319 270 1423 303 δολίους
1435 271 1564 307 ἐργάτας,
1585 270 1679 305 ἐπειδὴ
1703 270 1752 296 καὶ
1765 270 1842 296 αὐτοὶ
1866 272 1928 297 ἐπι-

1137 318 1265 352 φέρονται
1279 318 1371 352 σχῆμα
1389 317 1571 352 μοναζόντων,
1588 317 1648 352 ἦτοι
1669 317 1838 351 Χριστιανῶν
1848 336 1855 343 .
1871 317 1926 343 Καὶ

1137 364 1191 398 γὰρ
1202 363 1227 390 οἱ
1242 363 1452 397 ψευδαπόστολοι
1463 363 1581 397 ἔπασχον
1593 362 1664 397 ὑπὲρ
1670 362 1718 388 τοῦ
1736 363 1865 398 Χριστοῦ,
1877 362 1925 388 καὶ

1137 408 1215 434 αὐτοὶ
1229 407 1437 442 εὐηγγελίζοντο
1458 407 1597 442 βασιλείαν
1622 406 1754 441 οὐρανῶν.
1775 406 1824 432 Διὰ
1846 405 1924 431 τοῦτο

1137 452 1210 486 λέγει
1229 453 1244 479 ὁ
1265 451 1436 483 Ἀπόστολος,
1458 452 1509 479 Ἔν
1523 451 1677 484 κινδύνοις
1696 450 1923 485 περισσοτέρως,

1137 497 1172 524 ἐν
1190 498 1333 531 θλίψεσιν
1342 498 1602 532 ὑπερϐαλλόντως,
1619 497 1653 524 ὲν
1662 496 1813 531 φυλακαῖς
1823 504 1926 531 περισ-

1137 543 1280 577 σοτέρως,
1290 542 1375 570 θέλων
1389 543 1476 576 δεῖξαι
1495 543 1537 570 ὅτι
1551 543 1644 570 πλεῖον
1657 542 1747 569 αὐτῶν
1760 542 1855 570 ἔπαθε.

1174 631 1214 658 η’.
1231 631 1338 666 Χρυσδς
1349 629 1468 665 εὐχερῶς
1482 631 1648 664 εὑρίσκεται·
1660 631 1827 666 μαργαρῖται
1841 631 1922 657 δὲκαὶ

1137 677 1205 704 λίθοι
1231 677 1319 711 τίμιοι
1346 675 1552 711 προχωροῦντες
1577 677 1617 706 είς
1642 675 1759 710 διάδημα
1793 675 1923 710 βασιλέως

1138 724 1257 754 σπανίως
1282 723 1470 758 εὑρίσκονταιο
1486 722 1616 754 πολλάκις
1633 723 1686 757 γὰρ
1710 721 1739 754 ἐξ
1760 722 1849 748 αὐτῶν
1873 722 1922 760 οὐχ

1137 770 1310 803 εὑρίσκονται
1327 768 1545 803 προχωροῦντες.
1563 767 1656 799 Οὕτως
1670 768 1717 795 καὶ
1727 769 1753 794 οἱ
1765 767 1923 802 Χριστιανοὶ

1137 815 1375 849 ἐποικοδομοῦντες
1394 815 1432 846 εις
1450 814 1495 840 τὸν
1520 814 1650 848 στέφανον
1667 814 1715 840 τοῦ
1735 814 1864 847 Χριστοῦ,
1878 814 1922 840 ἴνα

1137 861 1261 888 κοινωνοὶΙ
1277 861 1410 894 γένωνται
1424 859 1478 886 τῶν
1494 859 1579 893 ἁγίων
1589 861 1617 886 αἱ
1632 860 1716 895 ψυχαὶ
1730 860 1841 886 ἐκεῖναι.
1854 859 1921 891 Δόξα

294 905 340 939 qui
365 913 452 939 usque
467 905 537 932 adeo
554 906 652 932 dilexit
668 906 788 933 animam
807 906 888 938 hanc,
912 911 939 933 et
962 915 1013 941 pro
1040 907 1079 934 illa

1136 908 1174 941 τῷ
1186 906 1272 938 οὕτως
1288 907 1461 940 ἀγαπήσαντι
1481 905 1530 941 τὴν
1552 905 1639 941 ψυχὴν
1660 905 1772 940 ταύτην,
1790 906 1837 932 καὶ
1852 906 1920 940 ὑπὲρ

293 957 390 984 passus
414 955 466 983 est,
493 956 522 978 et
541 952 686 978 suscitavit
710 960 771 979 eam
796 960 811 979 a
830 953 958 979 mortuis.
982 952 1079 986 Quem-

1133 953 1216 986 αὐτῆς
1241 952 1352 978 παθόντι
1368 951 1414 978 καὶ
1436 952 1619 987 ὰναστήσαντι
1644 952 1728 986 αὐτὴν
1750 953 1782 978 ἐκ
1801 952 1919 986 νεκρῶν.

293 996 442 1023 admodum
471 1001 563 1024 autem
595 997 662 1024 Mosi
689 999 815 1025 velamen
848 999 1081 1033 imponebaturin

293 1042 445 1074 vulturii",
463 1043 526 1077 quia
554 1051 609 1070 non
636 1048 744 1078 poterat
773 1044 916 1070 intendere
941 1043 969 1070 in
984 1044 1082 1071 faciem

293 1087 354 1121 ejus
368 1088 505 1122 populus;
525 1089 565 1115 sic
580 1097 689 1123 quoque
702 1097 775 1116 nunc
789 1089 867 1116 cordi
882 1093 929 1116 tuo
950 1089 1081 1124 injectum

293 1136 336 1158 est
351 1133 486 1164 velamen,
501 1141 535 1159 ne
553 1133 708 1167 conspicias
721 1133 834 1167 gloriam
862 1134 922 1161 Dei.
949 1134 999 1162 Ubi
1016 1142 1082 1161 vero

292 1178 359 1205 illud
376 1179 602 1211 fueritablatum,
619 1185 675 1206 tum
692 1185 806 1215 apparet
826 1184 855 1208 et
881 1181 1038 1208 manifestat
1053 1189 1082 1207 se

292 1223 382 1259 ipsum
396 1224 571 1256 Christianis,
588 1230 617 1252 et
630 1225 810 1260 diligentibus
833 1233 873 1257 se,
889 1230 918 1253 et
940 1225 1081 1261 inquiren-

292 1271 366 1298 tibus
382 1271 408 1298 in
422 1271 548 1303 veritate,
561 1277 590 1299 ut
605 1273 659 1299 ait:
674 1271 851 1306 Manifestabo
872 1272 896 1298 ei
920 1280 961 1298 me
983 1273 1080 1307 ipsum,

291 1322 316 1344 et
333 1319 494 1345 mansionem
508 1318 579 1353 apud
590 1327 647 1345 eum
659 1319 757 1354 faciam
766 1319 798 1346 ”.

327 1416 372 1443 lll.
395 1416 603 1444 Contendamus
625 1424 692 1451 ergo
720 1417 856 1444 accedere
882 1416 916 1443 ad
940 1416 1080 1444 Christum

291 1462 428 1490 mendacii
440 1467 581 1497 expertem
603 1467 633 1489 ut
652 1470 856 1497 consequamur
869 1462 1080 1497 promissionem

289 1513 319 1536 et
343 1515 443 1535 novum
469 1512 675 1538 testamentum.
691 1508 764 1542 quod
783 1509 926 1536 renovavit
949 1508 1082 1535 Dominus

246 1578 251 1583 .
290 1561 341 1589 per
354 1562 464 1582 crucem
484 1558 514 1581 et
529 1558 654 1585 mortem,
670 1554 793 1581 effractis
817 1554 905 1588 portis
935 1553 1034 1580 inferni
1053 1557 1081 1580 et

289 1599 413 1634 peccati;
442 1607 504 1626 cum
529 1599 669 1627 eduxisset
695 1599 803 1626 animas
830 1599 936 1631 ﬁdeles,
965 1599 1080 1626 donavit

289 1644 394 1672 eisdem
420 1644 537 1671 interius
563 1644 747 1677 Paracletum,
773 1649 856 1678 atque
880 1643 989 1671 reduxit
1019 1643 1080 1671 illas

290 1690 318 1716 in
345 1697 458 1724 regnum
479 1696 570 1716 suum.
590 1689 649 1716 Una
666 1697 732 1724 ergo
751 1697 813 1716 cum
830 1689 876 1716 illo
899 1697 949 1716 nos
970 1696 1079 1724 quoque

289 1743 446 1771 regnemus,
461 1735 488 1762 in
503 1735 656 1763 Jerusalem
668 1735 779 1762 civitate
791 1735 860 1770 ejus,
873 1735 901 1762 in
913 1735 1017 1762 caelesti
1029 1735 1080 1763 Ec-

286 1781 384 1812 clesia,
406 1782 434 1809 in
459 1781 544 1809 choro
572 1787 732 1809 sanctorum
756 1782 927 1817 angelorum.
946 1781 997 1814 Qui
1013 1789 1079 1809 vero

287 1827 406 1854 fratrum
421 1827 503 1863 longo
519 1832 640 1862 tempore
658 1827 802 1855 exercitati
827 1833 856 1855 et
876 1828 985 1863 probati
1002 1832 1078 1862 sunt,

285 1873 316 1901 lii
330 1878 445 1908 possunt
460 1873 576 1900 rudibus
589 1873 733 1908 suppetias"
746 1873 818 1900 ferre
833 1877 861 1900 et
876 1873 1006 1908 compati.

321 1963 366 1991 IV.
380 1963 496 1996 Quidam
509 1963 582 1990 enim
597 1963 753 1991 munientes
777 1971 808 1991 se
822 1963 906 1998 ipsos,
918 1968 946 1991 et
960 1971 976 1990 a
991 1964 1078 1999 gratia

285 2010 335 2037 Dei
349 2010 486 2044 imprimis
500 2010 605 2043 agitati,
621 2009 690 2037 adeo
709 2009 880 2037 sanctiﬁcata
894 2010 1017 2037 membra
1029 2018 1078 2038 sua

286 2059 459 2089 repererunt,
475 2059 504 2082 ut
523 2056 723 2088 existimarent,
740 2063 796 2082 non
813 2055 984 2090 contingere,
1002 2061 1033 2082 ut
1050 2056 1077 2083 in

285 2099 529 2127 Christianismum
545 2100 625 2127 cadat
637 2100 795 2135 cupiditas;
811 2101 859 2128 sed
876 2109 924 2128 eos
937 2101 1078 2136 possidere

283 2149 407 2172 mentem
421 2145 541 2172 sobriam
563 2149 591 2173 et
611 2150 732 2178 castam;
749 2150 778 2173 et
797 2146 887 2181 quoad
907 2147 1014 2182 reliqua
1037 2147 1079 2174 in-

283 2191 418 2219 teriorem
430 2191 569 2218 hominem
584 2191 705 2226 pendere
717 2199 732 2218 ει
747 2191 850 2219 divinis
863 2196 890 2219 et
903 2193 1076 2221 caelestibus:

1094 1576 1115 1605 (Ξ

1133 997 1271 1032 ’Ὧσπερδὲ
1283 997 1320 1032 τῷ
1330 999 1441 1024 Marine!
1450 998 1582 1032 κάλυμμα
1595 998 1734 1024 ἐπετίθετο
1750 998 1789 1029 είς
1797 997 1827 1023 τὺ
1838 997 1921 1032 πρόσ-

1132 1051 1217 1074 ωπον,
1241 1043 1309 1077 πρὸς
1323 1043 1353 1069 τὸ
1376 1043 1553 1078 μὴδύνασθαι
1574 1043 1716 1079 προσέχειν
1727 1042 1766 1078 τῷ
1783 1043 1920 1078 προσώπῳ

1133 1089 1216 1115 αὑτοῦ
1231 1090 1277 1115 τὸν
1301 1089 1364 1115 λαόν
1375 1098 1382 1105 ·
1398 1089 1469 1115 οὕτω
1484 1089 1531 1115 καὶ
1550 1089 1597 1115 νῦν
1612 1089 1658 1115 ἐπὶ
1681 1089 1729 1123 τὴν
1744 1089 1857 1124 καρδίαν
1873 1097 1918 1115 σου

1133 1136 1220 1161 κεῖται
1238 1135 1370 1169 κάλυμμα
1385 1135 1452 1169 πρὸς
1463 1135 1493 1161 τὸ
1509 1135 1546 1170 μὴ
1573 1135 1681 1169 βλέπειν
1705 1135 1752 1169 τὴν
1775 1135 1854 1166 δόξαν
1873 1134 1919 1161 τοῦ

1132 1181 1211 1207 Θεοῦ.
1233 1181 1317 1207 Ὅταν
1332 1181 1359 1207 δὲ
1381 1181 1540 1216 περιαιρεθῇ
1561 1181 1650 1212 τοῦτο,
1667 1181 1727 1207 τότε
1748 1181 1920 1214 ἐπιφαίνεται

1134 1227 1180 1252 καὶ
1192 1226 1337 1260 ἐμφανίζει
1352 1226 1448 1252 ἑαυτὸν
1461 1227 1517 1257 τοῖς
1533 1226 1717 1261 Χριστιανοῐς,
1731 1227 1778 1252 καὶ
1790 1228 1844 1257 τοῖς
1856 1226 1921 1260 ἁγαο

1132 1271 1220 1297 πῶσιν
1236 1271 1326 1302 αὐτὸν,
1348 1271 1396 1297 καὶ
1412 1268 1573 1305 ἐκζητοῦσιν
1589 1271 1617 1297 ὲν
1632 1270 1756 1307 ἀληθείᾳ,
1774 1271 1863 1299 καθὼς
1877 1272 1920 1298 λέ-

1131 1325 1183 1351 γει.
1200 1317 1240 1343 ὃτι
1256 1317 1424 1351 Ἑμφανίσω
1434 1317 1513 1349 αὐτῷ
1527 1317 1667 1351 ἐμαυτὸν,
1683 1317 1729 1343 καὶ
1741 1317 1840 1351 μονὴν
1852 1317 1920 1350 παρ’

1132 1362 1212 1394 αὐτῷ
1228 1362 1354 1394 ποιήσω.

1167 1417 1201 1444 Γ.
1214 1417 1412 1452 Σπουδάσωμεν
1420 1417 1466 1444 οὖν
1475 1418 1632 1453 προσελθεῖν
1638 1418 1676 1453 τῷ
1682 1418 1793 1453 ἀψευδεῖ
1799 1420 1820 1445 Χ
1825 1418 1920 1453 ριστῷ,

1133 1463 1176 1490 ῐνα
1191 1464 1319 1498 τύχωμεν
1342 1464 1391 1498 τῆς
1401 1464 1578 1497 ἐπαγγελίας.
1590 1465 1637 1491 καὶ
1653 1464 1704 1499 τῆς
1719 1465 1814 1499 καινῆς
1828 1465 1922 1500 διαθή-

1134 1517 1196 1542 κης,
1209 1509 1242 1544 ἥν
1258 1509 1428 1535 ἀνεκαίνισεν
1443 1509 1457 1535 ὀ
1468 1508 1570 1544 Κύριος
1586 1508 1630 1535 διὰ
1644 1509 1762 1544 σταυροῦ
1776 1511 1823 1537 καὶ
1838 1510 1921 1536 θανά-

1132 1561 1178 1579 του
1192 1552 1343 1588 διαρρήξας
1355 1552 1443 1584 πύλας
1459 1552 1535 1588 ᾆδου,
1552 1553 1599 1580 καὶ
1623 1553 1779 1588 ἁμαρτίας·
1802 1554 1849 1580 καὶ
1878 1553 1922 1585 ἐξ-

1131 1597 1242 1632 αγαγὼν
1253 1599 1302 1630 τὰς
1317 1598 1415 1630 πιστὰς
1439 1598 1541 1633 ψυχὰς,
1565 1598 1613 1626 καὶ
1640 1599 1702 1630 δοὺς
1730 1599 1824 1631 αὐταῖς
1848 1600 1922 1626 ἔνδον

1131 1644 1320 1679 παράκλητον,
1332 1645 1379 1671 καὶ
1393 1644 1542 1679 ἀνενέγκας
1558 1646 1597 1677 είς
1608 1644 1658 1676 τὴν
1674 1645 1811 1680 βασιλείαν
1825 1645 1918 1672 αὐτοῦ.

1130 1690 1398 1725 Συμὸασιλεύσωμεν
1408 1690 1454 1716 οῦν
1464 1690 1539 1726 αὖτῷ
1555 1691 1602 1718 καὶ
1615 1692 1695 1726 ἡμεῖς
1711 1692 1751 1722 εις
1762 1691 1810 1726 τὴν
1824 1691 1921 1725 Ἱερου‹

1130 1735 1220 1771 σαλὴμ
1235 1735 1285 1770 τὴν
1305 1735 1383 1762 πόλιν
1393 1735 1488 1766 αὑτοῦ,
1503 1737 1542 1767 είς
1557 1736 1605 1771 τὴν
1620 1736 1782 1770 ἐπουράνιον
1803 1735 1920 1769 Ἐκκλη-

1130 1782 1203 1814 σίαν,
1226 1782 1266 1813 εἰς
1289 1781 1335 1808 τὸν
1350 1781 1430 1816 χορὸν
1446 1781 1500 1808 τῶν
1518 1781 1604 1815 ἁγίων
1624 1781 1758 1815 ἀγγέλων.
1777 1781 1808 1807 οι
1830 1781 1857 1807 δὲ
1875 1781 1921 1806 ἐπὶ

1130 1828 1216 1854 πολὺν
1231 1827 1327 1862 χρόνον
1342 1827 1544 1862 γυμνασθέντες
1556 1827 1667 1866 ἀδελφοὶ
1684 1828 1730 1853 καὶ
1745 1826 1921 1861 δοκιμασθέν-

1128 1881 1185 1904 τες,
1205 1869 1275 1899 οὗτοι
1292 1871 1418 1899 δύνανται
1434 1874 1490 1904 τοῖς
1507 1873 1632 1908 ἀπείροις
1643 1872 1840 1907 βυηθῆσαι,καὶ
1850 1881 1919 1906 συμ-

1129 1917 1261 1952 παθῆσαι.

1164 1965 1201 1991 Δ’.
1217 1963 1296 1995 Τινὲς
1307 1963 1361 1999 γὰρ
1371 1963 1587 1998 ἀσφαλισάμενοι
1600 1963 1713 1994 ἑαυτοὺς
1725 1962 1772 1988 καὶ
1782 1962 1834 1988 ὑπὸ
1843 1962 1921 1996 χάρι-

1129 2017 1173 2040 τος
1188 2008 1256 2034 Θεοῦ
1268 2008 1461 2043 ἐνεργηθέντες
1481 2007 1618 2042 μεγάλως,
1635 2008 1721 2039 οὕτως
1738 2005 1816 2042 εὗρον
1827 2007 1861 2033 τὰ
1874 2007 1922 2041 μὲ-

1130 2054 1162 2089 λη
1179 2054 1268 2081 αὐτῶν
1292 2053 1460 2089 ἡγιασμένα,
1483 2053 1552 2080 ὥστε
1575 2053 1731 2088 λογίζεσθαι
1752 2054 1859 2086 αὐτοὺς,
1879 2054 1921 2081 ὅτι

1129 2101 1159 2127 σὺ
1175 2100 1321 2135 συμϐαίνει
1340 2101 1380 2132 είς
1391 2100 1605 2136 Χριστιανισμὸν
1622 2100 1745 2135 γίνεσθαι
1761 2100 1920 2135 ἐπιθυμίαν,

1129 2146 1197 2172 ἀλλὰ
1212 2146 1360 2182 κέκτηνται
1384 2145 1446 2172 νοῦν
1465 2145 1591 2181 σώφρονα
1608 2147 1656 2173 καὶ
1680 2147 1776 2179 ἁγνόν·
1800 2147 1848 2172 καὶ
1862 2146 1920 2172 ἐστι

1129 2190 1222 2217 λοιπὸν
1235 2192 1248 2218 ὁ
1277 2191 1331 2217 ἔσω
1352 2191 1496 2227 ἄνθρωπος
1516 2191 1653 2227 μετέωρος
1675 2192 1715 2224 είς
1741 2191 1775 2218 τὰ
1798 2191 1857 2217 θεῖα
1873 2192 1921 2217 καὶ

281 2242 318 2265 ut
339 2237 451 2264 omnino
465 2238 656 2265 existimarent
680 2238 761 2265 talem
785 2238 842 2273 jam
866 2238 900 2266 ad
926 2239 1078 2274 perfectum

1132 2237 1291 2272 ἐπουράνια,
1312 2237 1382 2264 ὥστε
1401 2238 1511 2269 πάντως
1528 2237 1637 2273 νομίσαι
1659 2238 1706 2264 τὸν
1726 2237 1848 2264 τοιοῦτον
1869 2238 1920 2272 ήδη

282 2283 446 2317 pervenisse
459 2283 584 2318 gradum,
611 2283 734 2318 quicum
754 2288 875 2319 putaret,
895 2285 1033 2319 appulisse
1047 2293 1076 2313 se

281 2329 337 2363 jam
367 2329 402 2356 ad
431 2335 542 2364 portum
577 2329 779 2364 tranquillum,
810 2330 1020 2358 insurrexerunt
1051 2331 1077 2358 ei

282 2376 394 2408 ﬂuctus,
411 2379 442 2402 ut
458 2375 550 2403 denuo
573 2376 702 2403 inventus
719 2376 755 2404 sit
778 2376 805 2403 in
822 2376 913 2403 medio
926 2376 1026 2411 pelagi,
1044 2376 1077 2402 il-

283 2421 384 2456 lucque
398 2421 517 2452 delatus,
530 2421 576 2448 ubi
593 2429 678 2454 mare,
691 2422 790 2448 coelum
806 2426 834 2448 et
848 2429 922 2448 mors
931 2426 1074 2456 prompta:

283 2467 352 2494 adeo
364 2473 508 2502 peccatum
527 2468 681 2501 ingressum
703 2468 870 2503 produxerat
886 2476 995 2495 omnem
1016 2476 1075 2494 ma-

283 2514 337 2541 lam
358 2514 549 2548 cupiditatem.
567 2514 685 2541 Rursum
697 2522 763 2541 vero
783 2514 860 2546 tales,
877 2514 969 2549 aliqua
986 2513 1074 2549 gratia

283 2559 358 2594 digni
378 2559 476 2591 habiti,
490 2560 567 2594 132
584 2564 621 2593 el,
638 2564 668 2587 ut
693 2560 730 2587 ita
751 2560 852 2591 dicam,
865 2568 898 2587 ex
914 2560 969 2587 imo
990 2560 1074 2586 maris

280 2605 418 2641 profundo
428 2606 544 2640 guttulis
553 2606 719 2640 quibusdam
733 2606 855 2637 irrorati,
864 2606 1008 2641 reperiunt
1021 2606 1074 2633 hoc

282 2651 372 2685 ipsum
390 2652 603 2686 singulishoris,
619 2652 789 2687 singulisque
804 2652 903 2680 diebus
917 2657 970 2679 tam
983 2652 1072 2679 admi-

281 2696 395 2724 randam
420 2697 609 2732 operationem
629 2698 698 2726 ﬁeri.
715 2702 745 2724 ut
756 2697 803 2732 qui
819 2702 950 2732 operetur
964 2697 1000 2724 ob
1015 2697 1074 2724 ino-

281 2741 414 2776 pinatam,
432 2742 606 2777 peregrinam
632 2747 661 2770 et
686 2742 807 2769 divinam
832 2742 1006 2770 eﬂectionem
1024 2742 1074 2769 ob-

280 2790 425 2824 stapescat
441 2792 469 2816 et
488 2788 652 2822 admiretur,
675 2797 729 2824 qua
754 2790 860 2816 ratione
882 2789 1014 2824 deceptus
1029 2789 1076 2817 sit.

317 2874 341 2891 "
359 2875 382 2903 ll
393 2875 456 2904 Cor.
471 2884 508 2909 χι,
519 2876 564 2905 25.

603 2878 625 2895 ⁸⁸
637 2879 722 2906 Exod.
739 2887 830 2914 xxxiv,
841 2881 886 2913 55,
900 2880 952 2915 55;
970 2880 991 2908 ll
1006 2880 1069 2908 Cor.
1084 2888 1122 2913 ιιι,
1137 2880 1178 2907 l3.

1131 2284 1281 2318 ἐφθακέναι
1295 2284 1335 2315 είς
1347 2284 1381 2310 τὰ
1392 2283 1482 2310 τέλεια
1496 2283 1593 2319 μέτρα.
1602 2284 1657 2310 Καὶ
1667 2284 1704 2314 ὡς
1715 2283 1824 2318 ἐνόμιζε
1837 2292 1922 2319 προσ-

1131 2330 1276 2365 ηγγικένσι
1291 2330 1342 2365 ἤδη
1361 2330 1399 2364 τῷ
1424 2330 1504 2365 εὑδίῳ
1519 2330 1621 2364 λιμένι,
1643 2330 1832 2364 ἐπανέστησαν
1847 2329 1921 2363 αὐτῷ

1131 2373 1274 2407 κλύδωνες,
1303 2374 1373 2400 ὥστε
1389 2374 1470 2400 πάλιν
1491 2374 1636 2408 εὑρεθῆναι
1659 2375 1698 2405 εἰς
1723 2373 1753 2400 τδ
1777 2374 1858 2409 μέσον
1874 2373 1920 2399 τοῦ

1130 2421 1276 2454 πελάγους,
1289 2421 1336 2446 καὶ
1357 2420 1544 2455 εἰσενεχθῆναι
1565 2421 1631 2446 ὅπου
1651 2421 1666 2454 ή
1682 2419 1815 2451 θάλασσα,
1832 2420 1915 2453 οὐρα-

1132 2466 1186 2499 νὸς,
1213 2468 1259 2493 καὶ
1277 2466 1391 2498 θάνατός
1411 2468 1484 2493 ἐστιν
1501 2466 1618 2501 ἕτοιμος.
1641 2466 1734 2497 Οὕτως
1756 2466 1772 2501 ἡ
1797 2466 1919 2501 ἁμαρτία

1132 2512 1326 2539 ἐπεισελθοῦσα
1354 2512 1554 2548 κατειργάσατο
1581 2513 1670 2539 πᾶσαν
1703 2511 1852 2546 ἐπιθυμίαν
1872 2520 1920 2538 γα-

1133 2555 1202 2593 κή·ι”
1219 2558 1296 2590 αὖθις
1307 2559 1336 2584 δὲ
1351 2559 1374 2584 οἱ
1393 2558 1509 2584 τοιοῦτοι
1529 2557 1640 2592 χάριτός
1655 2566 1727 2587 τινος
1748 2556 1920 2589 ἀξιωθέντες,

1133 2607 1190 2637 καὶ,
1221 2605 1316 2639 ῶσπερ
1333 2605 1430 2636 εἰπεῖν,
1449 2604 1502 2630 ἀπὸ
1524 2604 1584 2630 ὅλου
1609 2603 1690 2638 βυθοῦ
1716 2603 1765 2638 τῆς
1784 2602 1921 2635 Θαλάσσης

1127 2650 1234 2685 ψεκάδα
1246 2650 1308 2676 τινὰ
1322 2650 1476 2683 δεξάμενοι,
1494 2650 1665 2685 εὑρίσκουσιν
1676 2650 1742 2676 αὐτὸ
1757 2650 1844 2675 ἐκεῖνο
1860 2649 1919 2675 καθ’

1127 2687 1216 2731 ὥραν,
1230 2697 1278 2722 καὶ
1293 2695 1354 2722 καθ’
1368 2696 1475 2731 ἡμέραν
1486 2695 1584 2722 τοσαύτ
1591 2705 1621 2731 ην
1633 2695 1857 2731 θαυματουργίαν
1879 2703 1921 2728 γι-

1129 2743 1276 2778 γνομένην,
1288 2735 1359 2769 ὥστε
1375 2742 1421 2769 τὸν
1432 2742 1628 2777 ἐνεργούμενον
1648 2743 1694 2769 ἐπὶ
1713 2743 1745 2778 τῇ
1766 2742 1919 2778 παραδόξῳ,

1131 2789 1177 2815 καὶ
1198 2788 1260 2824 ξένῃ
1272 2788 1319 2815 καὶ
1332 2787 1412 2823 θεῖκῇ
1427 2788 1544 2822 ἐργασίᾳ
1560 2787 1725 2823 θαμῦξῖσθαι
1740 2789 1786 2814 καὶ
1800 2787 1918 2823 ἐκπλήτ-

1217 2881 1238 2897 ¹⁹
1255 2880 1332 2907 Joan.
1348 2887 1404 2911 xlv,
1421 2879 1467 2911 2|,
1482 2878 1528 2905 ‘25.
