2079 3152
171 160 222 193 761

704 159 884 190 ΗΟΜῘΙΛΑΞ.
902 171 934 176 -
952 158 1046 189 ΗΘΜ.
1066 159 1201 196 XXXIX,
1225 161 1286 191 XL.

1756 157 1809 189 762

171 217 264 244 τεσθαι
283 216 341 248 πῶς
358 217 500 251 ἐσοφισθη.
524 216 635 250 Λοιπὸν,
650 217 762 251 φωτίζει
783 217 799 251 ἡ
821 218 901 252 χάρις
917 215 966 242 αὺ-

1019 217 1105 244 Porro
1127 217 1214 252 gratia
1243 217 1333 251 ipsum
1364 217 1508 248 illuminat.
1526 216 1631 252 dirigit,
1661 216 1806 252 pacificnn

171 258 228 292 τὸν,
250 261 354 295 ὁδηγεῖ,
383 260 530 295 εἰρηνεύει,
553 261 694 295 ἀγαούνει,
725 261 758 287 τὰ
783 262 871 287 ’πάντα
898 259 965 286 οὖσα

173 307 232 334 θεία
257 307 305 333 καὶ
321 306 498 341 ἐπουράνιος·
515 306 586 333 ὥστε
608 307 676 343 πρὸς
697 307 840 341 σύγκρισιν
859 306 964 332 ἐκείνου

174 353 294 388 βασιλεῖς
307 353 353 379 καὶ
370 352 515 384 δυνάστας,
536 351 633 386 σοφοῦς
645 354 692 379 καὶ
709 353 914 387 ἀξιωματικοὺς
929 352 966 383 ὡς

173 399 333 433 ἐλαχίστους
353 399 401 425 καὶ
429 399 547 431 εὐτελεῖς
573 399 710 434 ἡγεῖσθαι.
729 399 805 425 Μετὰ
821 399 848 425 δὲ
871 399 965 432 καιρὸν

174 446 221 472 καὶ
235 445 309 480 ὦραν
323 445 521 479 μεταϐάλλεται
540 446 574 472 τὰ
588 446 751 481 πράγματα,
769 446 839 472 ὥστε
854 445 883 478 ἐξ
898 446 965 479 ἀλη-

175 491 250 523 θείας
264 492 311 518 τὸν
333 492 454 518 τοιοῦτον
478 491 575 518 ἑαυτὸν
590 492 715 527 ἡγεῖσθαι
742 491 966 527 ἀμαρτωλότερον

175 538 284 564 πάντων
298 537 466 572 ἀνθρώπων·
481 539 528 565 καὶ
547 538 627 565 πάλιν
650 538 717 575 ἄλλῃ
734 538 805 574 ὥρα,
819 540 885 574 ὁρᾷν
898 539 963 565 ἐαυ-

174 583 220 610 τὸν
233 580 288 610 οἷον
304 583 415 618 βασιλέα
431 584 559 618 μέγιστον
573 584 701 617 ἐξαίσιον,
715 585 731 620 ἦ
744 584 877 620 δυνάστην
892 585 966 619 φίλον

177 629 327 665 βασιλέως⁸
344 629 424 656 πάλιν
441 630 507 666 ἄλλῃ
531 630 590 666 ὥρᾳ
610 631 704 658 ἑαυτὸν
722 631 789 666 ὸρᾷν
806 631 906 666 ἀσθενῆ
921 632 967 657 καὶ

177 675 295 709 πτωχόν.
314 675 415 702 Λοιπὸν
431 676 471 708 εἰς
484 676 640 711 ἀμηχανίαν
661 677 792 711 ἐμπίπτει
807 677 821 703 ὁ
836 676 907 708 νοῦς,
924 677 968 703 διὰ

176 721 304 754 τιοῦτως,
318 722 366 748 καὶ
379 722 460 748 πάλιν
473 721 560 754 οὕτως
571 731 578 755 ;
590 723 651 749 Ὅτι
665 723 679 748 ὁ
689 723 813 755 Σατανᾶς
823 723 968 758 μισόκαλος

178 767 227 799 ὢν,
242 767 276 793 τὰ
287 767 392 802 πονηρὰ
407 767 553 794 ὑποὸάλλει
564 769 621 799 τοῖς
637 769 686 803 τὴν
702 768 803 802 ἀρετὴν
818 768 968 804 κατορθοῖμ-

179 821 216 843 σι,
232 813 279 839 καὶ
296 813 460 847 ἀγωνίζεται
477 813 575 846 αὐτοὺς
593 813 780 850 μεταστρέψαι
793 822 799 829 ·
822 814 902 850 ἔργον
915 814 968 849 γὰρ

179 857 235 893 ἔχει
251 859 339 886 τοῦτο.

219 947 256 974 E’.
274 946 355 973 Ἀλλὰ
386 947 418 974 σὺ
441 947 529 982 τούτῳ
557 947 593 983 μὴ
626 947 764 983 ὑποταγῇς
789 947 849 983 τὴν,
876 947 905 973 ὲν
931 947 968 982 τῷ

180 993 234 1019 ἔσω
250 992 386 1028 ἀνθρώπῳ
404 993 617 1028 ἐπιτελουμένην
631 993 804 1028 δικαιοσύνην
819 993 953 1029 ὲργαζόμε
963 1009 969 1013 -

179 1047 233 1072 νος,
259 1040 287 1065 ὲν
313 1035 335 1073 ᾧ
353 1039 384 1066 τὸ
406 1039 453 1066 τοῦ
475 1039 594 1074 Χριστοῦ
617 1039 692 1075 βῆμα
716 1040 833 1075 ἕστηκεν
858 1039 915 1075 ἅμα
930 1040 969 1075 τῷ

178 1084 305 1120 ἀχράντῳ
318 1085 500 1121 ἀγιαστηρίῳ,
517 1086 591 1117 ὅπως
606 1085 636 1112 τὸ
655 1086 805 1121 μαρτύριον
815 1085 866 1121 τῆς
879 1094 969 1112 συνει-

179 1131 281 1166 δήσεώς
297 1140 344 1158 σου
360 1132 527 1167 καυχήσεται
551 1133 579 1158 ἐν
592 1131 631 1166 τῷ
648 1132 758 1167 σταυρῷ
773 1131 819 1159 τοῦ
838 1132 967 1167 Χριστοῦ,

179 1176 225 1202 τοῦ
249 1176 449 1212 καθαρίσαντός
474 1186 521 1204 σου
549 1178 599 1213 τὴν
623 1178 775 1213 συνείδησιν
800 1177 853 1205 ἀπὸ
866 1177 969 1213 νεκρῶν

180 1221 277 1256 ἔργων,
302 1222 346 1248 ἵνα
368 1221 406 1257 τῷ
428 1223 564 1258 πνεύματί
591 1232 637 1250 σου
665 1223 724 1259 Θεῷ
746 1223 908 1259 λατρεύει-ης,
926 1223 970 1249 ἵνα

179 1267 251 1302 γνῷς
264 1267 290 1293 τί
309 1269 481 1303 προσκυνεῖς,
496 1267 569 1294 κατὰ
581 1269 627 1294 τὸν
636 1268 758 1301 εἰπόντα,
768 1268 862 1303 Ἡμεῖς
874 1276 968 1302 προσ-

179 1321 253 1340 κυνο
259 1313 331 1348 ﬁliar-
339 1314 354 1340 ὃ
365 1313 488 1349 οἴδαμεν
496 1334 502 1340 .
516 1314 645 1350 ῐιείσθητι
655 1314 693 1349 τῷ
702 1313 843 1350 ὁδηγοῦντί
860 1324 889 1342 σε
898 1315 969 1349 Θεῷ,

179 1360 371 1395 κοινωνησάτω
384 1361 401 1396 η
417 1360 490 1396 ψυχή
507 1369 554 1387 σου
569 1361 607 1396 τῷ
623 1361 692 1397 Θεῷ,
704 1361 742 1394 ὡς
764 1363 889 1389 κοινωνεῖ
901 1363 968 1398 νύμ-

179 1413 216 1440 φη
230 1405 354 1440 νυμφίῳ·
375 1405 412 1432 Τὸ
436 1407 491 1441 γὰρ
506 1407 676 1441 μυστήριον
690 1407 779 1434 τοῦτο
799 1409 878 1443 μέτα
891 1408 967 1441 ἐστὶ,

180 1451 272 1486 φησιν,
287 1451 344 1486 ἐγὼ
357 1451 390 1477 δὲ
408 1451 486 1487 λέγω
504 1454 548 1486 εἰς
564 1453 695 1487 Χριστὸν
713 1454 760 1479 καὶ
775 1454 814 1484 εις
828 1454 877 1489 τὴν
891 1455 968 1489 ἄμω-

181 1505 231 1533 μον
247 1496 346 1533 ψυχὴν.
363 1493 397 1534 ᾯ
415 1498 431 1533 ή
449 1498 512 1531 δόξα
533 1500 572 1530 εις
590 1500 652 1531 τοὺς
666 1499 776 1532 αἰῶνας.
799 1500 895 1535 ’Δμήν.

471 1558 591 1584 ΟΜΙΛΙΑ
613 1558 674 1585 AG’.

182 1602 268 1636 Τίνος
289 1603 393 1631 ἕνεκεν
414 1604 504 1638 ἐδόθη
516 1605 598 1666 Ιῇμῖν
612 1605 673 1647 ι)πό
692 1604 746 1632 τοῦ
771 1606 844 1633 Θεοῦ
865 1606 884 1640 ἠ
907 1606 969 1632 θεία

542 1648 637 1666 οαωηε

538 1648 637 1674 Pati”);

216 1696 255 1722 [ι’.
271 1695 377 1730 Ὥσπερ
397 1695 522 1730 βασιλεὺς
536 1699 644 1732 γράψας
655 1697 808 1730 ἐπιστολὰς,
819 1695 859 1730 οἷς
876 1697 968 1733 βούλε-

181 1749 225 1767 ται
249 1741 412 1773 κωδικέλους
438 1743 485 1769 καὶ
512 1743 615 1779 δωρεὰς
635 1744 705 1775 ιδίας
728 1745 903 1780 χαρίσασθαι,
919 1753 968 1778 ση-

182 1787 271 1821 μαίνει
285 1788 378 1820 πᾶσιν,
391 1788 432 1815 ὅτι
452 1788 566 1823 Ταχέως
580 1789 776 1817 σπουδάσατε
785 1791 885 1817 ἐλθεῖν
895 1793 971 1825 πρός

178 1841 226 1867 με,
239 1833 290 1860 ἵνα
303 1833 415 1867 λάϐητε
431 1835 499 1868 παρ’
521 1835 593 1870 ἐμοῦ
609 1836 721 1870 δωρεὰς
732 1836 909 1869 βασιλικὰς,
923 1838 970 1864 καὶ

181 1881 206 1906 εἰ
233 1880 270 1915 μὴ
293 1880 432 1907 ἀπέλθωσι
458 1881 506 1908 καὶ
527 1881 664 1914 λάὸωσιν,
681 1883 757 1909 οὐδὲν
778 1883 968 1918 ὠφελήθησαν,

181 1925 344 1959 ἀναγνόντες
372 1927 422 1958 τὰς
439 1927 596 1961 ἐπιστολὰς,
617 1929 717 1964 μᾶλλον
732 1929 760 1956 δὲ
786 1930 833 1956 καὶ
855 1929 969 1956 Θανάτου

181 1971 250 1998 εισὶν
261 1971 349 2007 ἔνοχοι
364 1973 401 2007 μὴ
420 1972 584 2008 θελήσαντες
610 1974 748 2008 ἀπελθεῖν,
763 1976 808 2002 καὶ
831 1976 863 2002 ὲκ
880 1976 970 2010 χειρὸς

182 2016 315 2052 βασιλέως
342 2019 426 2054 τιμῆς
451 2019 619 2054 ἀξιωθῆναυ
642 2020 727 2052 οὕτως
750 2021 797 2048 καὶ
822 2021 871 2053 τὰς
897 2021 971 2054 θείας

181 2063 201 2090 Γ
204 2065 293 2099 ραφὰς
322 2063 417 2100 ὥσπερ
441 2065 587 2097 ἐπιστολὰς
619 2066 777 2093 ἀπέστειλεν
803 2067 818 2093 ό
847 2067 972 2102 βασιλεὺς

181 2110 246 2141 Θεὸς
259 2112 315 2142 τοῖς
329 2111 494 2146 ἀνθρώποις,
514 2112 637 2148 δηλώσας
652 2113 686 2139 δι’
701 2114 790 2140 αὐτῶν
803 2134 810 2147 ,
825 2114 868 2140 ἵνα
883 2123 971 2149 παρα-

181 2154 346 2188 καλέσαντες
370 2156 417 2182 τὸν
442 2156 520 2189 Θεὸν,
546 2157 593 2183 καὶ
615 2158 812 2189 πιστεύσαντες
838 2158 971 2194 αἰτήσωσι

1016 263 1119 293 reddit,
1135 270 1166 289 ae
1180 262 1284 290 bonum
1299 262 1392 294 ellicit,
1413 271 1474 298 quae
1488 263 1574 298 gratia
1593 271 1644 297 per
1657 263 1750 290 omnia
1764 263 1807 290 di-

1016 311 1079 337 vina
1092 314 1121 337 et
1136 309 1274 342 cmlestis;
1290 314 1320 336 ιιι
1339 309 1485 336 collatione
1508 309 1568 344 ejus
1594 316 1683 344 reges,
1709 313 1808 343 poten-

1016 361 1068 388 tes,
1088 356 1237 391 sapientes,
1251 359 1278 382 et
1298 356 1326 382 in
1353 355 1486 391 dignitate
1503 354 1647 382 constituti
1661 355 1737 382 velut
1752 355 1807 382 mi-

1016 403 1084 430 nimi
1104 410 1137 430 ac
1162 402 1232 429 viles
1250 407 1425 436 reputentur.
1454 401 1559 437 Exiguo
1584 409 1650 428 vero
1675 401 1808 436 temporis

1017 454 1064 478 aut
1079 450 1155 477 hora:
1174 450 1262 484 spatio
1279 453 1350 484 post,
1368 457 1412 475 res
1428 448 1620 481 immutantur,
1637 452 1668 475 ut
1686 456 1716 476 re
1742 456 1806 475 vera

1018 496 1041 523 is
1065 496 1123 530 ipse
1148 503 1176 522 se
1201 495 1290 530 ipsum
1315 498 1425 529 reputet
1454 494 1607 529 graviorem
1633 498 1806 527 peccatorem

1018 541 1147 569 omnibus
1161 541 1336 567 hominibus:
1354 545 1382 567 et
1398 547 1506 566 rursum
1522 539 1574 566 alia
1593 539 1661 565 liora
1675 539 1766 566 videat
1779 546 1808 565 se

1018 590 1109 624 ipsum
1139 589 1224 615 veluti
1250 596 1341 624 regem
1369 587 1517 614 maximum
1538 591 1566 613 et
1591 586 1740 621 ingentem,
1762 589 1809 612 aut

1018 640 1159 672 potentem
1172 635 1290 661 amicum
1305 634 1378 668 regis
1391 643 1396 660 :
1409 640 1519 660 rursum
1532 633 1585 659 alia
1599 632 1666 659 l10ra
1675 640 1704 659 se
1719 632 1808 666 ipsum

1018 682 1110 709 videat
1128 681 1268 707 inﬁrmum
1293 684 1321 707 et
1346 687 1507 714 pauperem.
1531 679 1665 706 Caeterum
1693 678 1720 704 in
1744 685 1809 712 per—

1018 728 1176 763 plexitatem
1190 727 1293 754 labitur
1305 727 1425 759 animus,
1438 725 1618 760 quamobrem
1641 725 1691 756 sic,
1704 729 1730 751 et
1749 731 1810 750 rur-

1019 781 1080 800 sum
1096 773 1146 800 sic.
1159 772 1229 805 Quia
1253 772 1378 804 Satanas,
1402 780 1464 799 cum
1486 771 1511 798 id
1538 771 1612 806 q‘uod
1639 770 1743 797 bonum
1767 774 1810 797 est

1019 819 1084 846 odio
1098 822 1292 854 prosequatur,
1308 818 1379 844 mala
1402 817 1524 852 suggerit
1544 817 1597 849 his,
1614 816 1661 851 qui
1677 816 1808 843 virtutem

1020 868 1224 896 consectantur,
1241 871 1343 898 eosque
1357 868 1483 890 avertere
1498 862 1656 895 contendit;
1673 862 1724 889 hoc
1735 862 1809 889 enim

1019 911 1079 945 ejus
1098 914 1140 936 est
1159 916 1240 943 opus.
1807 912 1810 914 λ

1054 956 1086 984 ν.
1100 955 1202 984 Verum
1224 961 1259 981 ne
1278 953 1318 980 illi
1337 952 1502 988 subjiciaris,
1525 952 1573 980 sed
1593 959 1709 986 operare
1729 951 1811 987 justi-

1020 1003 1097 1035 tiam,
1111 1010 1172 1036 qua:
1190 1002 1218 1028 in
1240 1000 1367 1028 interiori
1391 999 1504 1026 homine
1526 999 1680 1034 pert-icitur,
1705 999 1732 1025 in
1755 1005 1810 1032 quo

1018 1048 1122 1076 Christi
1131 1048 1217 1074 altare
1231 1046 1359 1074 consistit
1374 1054 1429 1072 una
1440 1053 1503 1072 cum
1521 1045 1665 1080 impolluto
1681 1041 1810 1072 sanctua'-

1019 1095 1116 1128 rio,ut
1132 1093 1322 1121 testimonium
1345 1091 1521 1120 conscientia:
1547 1096 1601 1118 tute
1626 1090 1760 1126 glorietur
1782 1090 1810 1117 in

1019 1148 1100 1168 cruce
1115 1140 1231 1172 Christi,
1248 1139 1295 1174 qui
1313 1142 1446 1173 expurgat
1466 1137 1666 1164 conscientiam
1681 1140 1754 1162 tuam
1775 1135 1810 1161 ab

1019 1186 1150 1221 operibus
1174 1185 1301 1216 mortuis,
1319 1188 1350 1210 ut
1364 1183 1463 1218 spiritu
1481 1187 1527 1209 tuo
1543 1182 1599 1208 Deo
1615 1181 1764 1213 ministres,
1781 1185 1811 1207 ut

1019 1231 1096 1259 noris
1110 1230 1178 1265 quid
1192 1229 1292 1257 adoras
1302 1249 1309 1261 ,
1324 1228 1477 1255 secundum
1504 1235 1567 1253 cum
1590 1226 1637 1260 qui
1652 1226 1738 1253 dicit:
1757 1225 1810 1252 Nos

1020 1278 1173 1309 adoramus,
1189 1276 1256 1312 quod
1266 1276 1362 1302 scimus
1372 1274 1393 1290 °°
1406 1282 1412 1300 :
1425 1273 1539 1300 Conﬁde
1555 1272 1683 1307 dirigenti
1703 1277 1727 1299 te
1743 1272 1810 1304 Deo,

1019 1323 1189 1351 consortium
1207 1323 1307 1349 habeat
1320 1312 1410 1348 anima
1433 1324 1478 1346 tua
1500 1326 1562 1345 cum
1585 1319 1650 1351 Deo,
1664 1323 1693 1345 ut
1711 1326 1811 1352 Sponsa

1019 1371 1180 1399 societatem
1196 1368 1263 1396 colit
1289 1376 1351 1396 cum
1378 1374 1489 1403 sponso.
1506 1365 1661 1401 Mysten-ium
1674 1364 1746 1391 enim
1763 1367 1811 1390 hoc

1020 1424 1146 1452 "mgnum
1164 1419 1219 1442 est:
1240 1423 1286 1450 ego
1307 1422 1367 1446 vero
1395 1414 1470 1445 dico,
1497 1413 1565 1440 inter
1599 1411 1731 1439 Christum
1741 1411 1761 1426 "
1783 1414 1812 1436 et

1019 1462 1267 1491 incontaminatam
1293 1461 1424 1488 animam.
1453 1459 1504 1488 Cui
1533 1458 1621 1494 gloria
1644 1458 1674 1485 in
1699 1457 1811 1485 saecula.

1019 1510 1117 1537 Amen.

1811 885 1826 900 \

1277 1562 1419 1591 llOMlLlA
1436 1561 1558 1589 XXXIX.

1038 1612 1079 1640 Ad
1094 1611 1158 1647 quid
1170 1610 1310 1646 Scriptura
1328 1609 1417 1636 diuina
1438 1609 1511 1634 nobis
1525 1617 1541 1634 a
1558 1607 1612 1633 Deo
1622 1607 1722 1633 donata
1737 1605 1770 1632 sit
1781 1606 1795 1631 7

1056 1703 1076 1730 I.
1094 1701 1332 1735 Quemadmodum
1362 1708 1420 1731 rex,
1452 1700 1499 1734 qui
1520 1699 1619 1726 scribit
1640 1699 1759 1725 Litteras
1776 1698 1810 1725 ad

1020 1755 1078 1780 eos,
1094 1747 1196 1782 quibus
1219 1746 1280 1772 vult
1305 1745 1448 1772 codicillos
1470 1748 1499 1771 et
1524 1744 1675 1778 peculiaria
1697 1751 1812 1770 munera

1021 1794 1126 1830 largiri.
1143 1797 1239 1820 notum
1260 1791 1324 1818 facit
1351 1791 1491 1821 omnibus.
1515 1799 1634 1825 nempe:
1659 1789 1814 1817 Contendile

1021 1843 1156 1878 confestim
1177 1841 1211 1868 ad
1225 1848 1267 1868 me
1287 1840 1385 1872 venire,
1398 1842 1428 1865 ut
1451 1838 1586 1873 accipiatis
1606 1846 1622 1863 a
1642 1845 1684 1863 me
1701 1845 1812 1863 munera

1021 1890 1113 1924 regia:
1129 1888 1176 1922 qui
1192 1887 1245 1914 nisi
1260 1885 1388 1913 venerint
1406 1888 1434 1912 et
1453 1883 1622 1918 acceperint,
1646 1882 1714 1909 nihil
1747 1881 1813 1916 ipsis

1021 1934 1156 1971 proderit.
1176 1932 1250 1967 quod
1277 1932 1326 1958 has
1349 1930 1485 1966 legerint;
1507 1929 1573 1963 quin
1596 1929 1688 1963 potius
1716 1927 1814 1955 mortis

1022 1979 1158 2016 supplicio
1170 1979 1239 2006 [lunt
1253 1977 1378 2010 obnoxii,
1392 1976 1465 2011 quod
1492 1975 1638 2003 renuerint
1658 1974 1765 2006 venire,
1784 1980 1812 2001 et

1022 2034 1037 2053 e
1049 2033 1132 2053 manu
1144 2024 1216 2059 regis
1232 2022 1412 2050 honorarium
1428 2021 1560 2056 consequi
1575 2030 1581 2047 :
1595 2020 1634 2047 sic
1645 2027 1754 2055 quoque
1769 2019 1813 2046 di-

1022 2073 1100 2100 vinas
1115 2071 1274 2106 Scripturas
1285 2068 1502 2103 velutepislolas
1522 2067 1597 2094 misit
1613 2074 1661 2093 rex
1678 2066 1750 2093 Deus
1763 2066 1813 2092 ho-

1023 2121 1154 2152 minibus,
1175 2120 1210 2147 iis
1226 2118 1395 2155 signiﬁcans,
1413 2120 1444 2143 ut
1469 2117 1631 2144 invocantes
1658 2115 1755 2146 Deum,
1786 2118 1815 2141 et

1023 2168 1167 2196 credentes
1191 2171 1286 2201 petant
1300 2169 1328 2192 et
1356 2167 1562 2198 consequantur
1584 2162 1687 2189 donum
1701 2161 1813 2188 cmleste

181 2202 229 2228 καὶ
238 2201 342 2228 λάϐωσι
357 2202 461 2237 δωρεὰν
480 2203 606 2238 οὐράνιον
617 2204 649 2229 ὲκ
668 2203 717 2238 τῆς
734 2204 908 2235 ὑποστάσεως
921 2205 968 2238 τῆς

1023 2222 1057 2241 ex
1072 2213 1211 2248 hypostasi
1229 2209 1385 2238 divinitatis
1404 2209 1474 2244 ejus.
1496 2207 1635 2241 Scriptum
1650 2207 1724 2234 enim
1744 2210 1787 2233 est
1804 2214 1811 2232 :

181 2245 307 2282 θεότητος
334 2246 429 2274 αὑτοῦ.
459 2247 615 2283 Γέγραπται
643 2247 707 2283 γὰρ,
732 2248 799 2275 Ἵνα
820 2248 970 2282 γενώμεθα

181 2292 263 2325 θείας
274 2292 411 2320 κοινωνοὶ
425 2293 555 2327 φύσεως.
579 2294 641 2320 Ἐὰν
656 2293 684 2320 δὲ
699 2293 736 2330 μὴ
758 2293 905 2329 προσέλθῃ,
923 2295 970 2320 καὶ

180 2339 291 2374 αἰτήσῃ,
308 2340 355 2365 καὶ
372 2339 442 2375 λάῦῃ
463 2341 478 2366 ό
501 2340 654 2374 ἄνθρωπος,
672 2340 748 2368 οὐδὲν
763 2340 891 2375 ὠφελήθη
905 2341 971 2367 ἅνα-

180 2385 262 2418 γνοῐις
284 2385 333 2416 τὰς
350 2385 477 2420 Γραφὰς,
497 2385 648 2421 μᾶλλονδὲ
674 2387 722 2414 καὶ
743 2387 858 2414 θανάτου
879 2386 969 2421 ἔνοχός

180 2430 267 2461 ἐστιν,
281 2429 322 2456 ὃτι
339 2431 414 2465 παρὰ
428 2430 561 2465 βασιλέως
580 2431 706 2468 οὐρανίου
725 2433 774 2459 οὐκ
793 2433 910 2468 ἠθέλησε
925 2433 970 2459 λα-

181 2475 240 2502 ϐεῖν
253 2476 325 2510 ζωῆς
340 2476 456 2512 δωρεὰν,
469 2475 504 2512 ἦς
518 2477 583 2505 ἄνευ
598 2478 729 2506 ἀδύνατόν
744 2480 802 2506 ἐστι
812 2479 887 2515 ζωῆς
903 2479 970 2506 ἀθα-

180 2521 262 2548 νάτου
276 2523 378 2557 τυχεῖν,
396 2523 457 2558 ἥτις
481 2523 555 2551 ἐστὶν
578 2524 593 2550 ὁ
615 2524 743 2560 Χριστός.
757 2522 791 2561 ’ᾯ
811 2527 828 2561 ὴ
852 2525 915 2559 δόξα
929 2526 969 2557 εις

180 2568 244 2599 τοὺς
256 2567 368 2600 αἰῶνας.
390 2569 487 2605 ⁹Δμήν.

482 2628 601 2654 οΜΙΔΙΛ
624 2627 668 2655 Μ’.

183 2670 247 2709 Ὅτι
260 2671 357 2709 patum
372 2675 401 2700 al
415 2673 528 2707 ἀρεταὶ,
544 2675 593 2701 καὶ
616 2673 714 2700 πάντα
730 2675 807 2702 κακὰ
828 2676 974 2709 ἀλλήλων

218 2706 399 2746 ὲιιᾷἐδςνται,
422 2706 471 2736 νέαι
496 2709 625 2744 ὡσπερεὶ
653 2709 764 2743 ἅλυσις
781 2718 825 2743 τις
840 2706 906 2745 μία
920 2712 974 2746 τῆς

217 2742 288 2776 μιᾶς
298 2742 452 2777 ἤρτηνται.

222 2798 260 2824 Α’.
273 2799 338 2834 Περὶ
353 2801 401 2836 τῆς
419 2801 582 2836 φαινομένης
595 2801 748 2835 ἀσκήσεως,
764 2803 811 2828 καὶ
822 2804 899 2830 ποῖον
914 2803 975 2830 ἐπι-

220 2891 242 2906 ⁶¹
256 2890 333 2918 .luan.
352 2899 387 2922 iv,
405 2892 450 2919 22.
490 2892 509 2907 “
526 2893 625 2927 Ephcs.
637 2902 663 2925 ν,
678 2893 722 2920 3‘2.
761 2894 782 2908 "
795 2892 816 2920 ll
836 2893 907 2920 Petr.
923 2901 941 2925 ι,
959 2893 987 2921 ι.

1024 2260 1080 2293 Quo
1096 2259 1194 2294 ﬁamus
1207 2258 1303 2284 divina
1316 2260 1448 2282 consortes
1469 2258 1575 2281 natura:
1588 2253 1620 2279 ".
1633 2252 1661 2279 Si
1678 2259 1744 2279 vero
1758 2259 1813 2278 non

1023 2306 1184 2337 accesserit,
1212 2311 1267 2331 non
1298 2302 1422 2338 petierit.
1448 2308 1501 2328 nec
1521 2299 1668 2334 acceperit,
1695 2298 1764 2324 nihil
1787 2297 1812 2324 ei

1023 2353 1156 2389 proderit,
1168 2350 1242 2386 quod
1257 2348 1356 2383 legerit
1373 2347 1541 2382 Seripluras,
1555 2345 1610 2371 imo
1627 2343 1719 2378 potius
1739 2342 1814 2376 capi-

1024 2387 1070 2428 tali
1089 2397 1225 2433 supplicio
1243 2394 1398 2433 tenebitur,
1414 2392 1487 2427 quod
1508 2399 1523 2419 a
1541 2391 1614 2425 Rege
1637 2387 1741 2416 caelesti
1761 2395 1813 2415 no-

1015 2446 1102 2476 iuerit
1122 2444 1250 2478 accipere
1264 2441 1367 2468 donum
1382 2439 1464 2472 vitae;
1480 2438 1539 2465 sine
1555 2444 1609 2471 quo
1629 2435 1688 2462 ﬁeri
1706 2434 1811 2469 nequit,

1024 2493 1148 2521 utvitam
1162 2487 1358 2518 immortalem,
1372 2492 1433 2520 quae
1450 2488 1493 2511 est
1508 2483 1646 2515 Christus,
1662 2487 1814 2516 consequa-

1023 2545 1078 2568 tur.
1092 2538 1144 2566 Cui
1161 2534 1248 2572 gloria
1260 2533 1290 2560 in
1303 2531 1414 2560 saecula.
1431 2530 1530 2558 Amen.

1304 2630 1447 2659 HOMILIA
1472 2628 1529 2657 XL.

1023 2680 1138 2709 Cunctas
1159 2679 1279 2708 virtutes,
1294 2680 1319 2702 et
1338 2679 1432 2701 cuncta
1453 2674 1518 2701 vitia
1544 2673 1614 2709 inter
1636 2678 1663 2697 se
1685 2669 1812 2709 colligata

1050 2705 1152 2748 ὲὲέέζξι
1163 2705 1238 2741 νυειιιι
1251 2705 1373 2739 catenam
1390 2717 1471 2736 unam
1484 2709 1516 2736 ab
1527 2707 1615 2735 altera
1629 2705 1786 2741 dependere.

1058 2805 1081 2832 1.
1093 2805 1132 2832 De
1144 2801 1275 2831 exteriori
1288 2799 1498 2833 exercitatione,
1510 2802 1539 2827 et
1548 2797 1688 2833 quodnam
1702 2795 1812 2823 institu-
