2079 3152
303 153 357 185 ’183

923 152 952 184 S.
967 153 1126 182 MACAlllI
1147 153 1305 183 JEGYPTII

1867 157 1915 189 764

303 215 360 236 tam
374 208 408 236 sit
425 209 516 242 potius
529 212 557 235 et
570 209 689 243 primum
705 207 758 235 hoc
773 208 883 240 scitote,
897 208 1000 240 dilecti,
1013 208 1085 242 quod

1141 209 1259 243 εηδευμα
1279 207 1383 242 μεῖζον.
1415 207 1463 234 καὶ
1480 208 1588 243 πρῶτον
1602 207 1741 243 τυγχάνει,
1757 209 1834 236 τοῦτο
1845 212 1918 245 γινὼ-

303 257 375 282 inter
391 263 420 282 se
436 254 569 281 devincta:
588 253 643 281 sint
662 262 757 281 otnncs
778 255 904 281 virtutes.
921 254 998 289 133
1010 254 1091 282 Velut

302 300 506 335 cnimqumdam
518 299 671 334 spiritualls
680 305 775 327 catena
785 308 838 327 una
849 299 882 326 ab
891 300 977 327 altera
987 299 1091 334 depen-

302 348 361 379 det;
374 346 497 381 precatio
506 353 520 372 ιι
530 345 688 379 dilectione,
697 345 809 373 dilectio
819 354 833 373 a
841 346 949 381 gaudio,
960 345 1090 381 gaudium

302 400 317 419 a
334 392 557 422 mansuetudine.
573 391 756 419 mansuetudo
771 392 804 419 ab
817 391 983 424 humilitate,
999 391 1090 419 humi-

302 437 366 464 litas
388 438 422 465 ab
439 437 585 473 obsequio,
607 436 769 472 obsequium
795 445 810 464 a
833 445 891 472 spe,
915 445 978 472 spes
995 446 1009 465 a
1027 437 1089 470 lide,

303 483 371 511 ﬁdes
386 484 420 511 ab
433 484 541 516 auditu,
556 483 668 511 auditus
681 493 695 511 a
708 483 895 518 simplicitate.
910 483 1092 516 Quemadmo-

301 529 367 556 dum
381 530 464 558 etiam
482 537 515 564 ex
531 530 644 557 adversa
657 534 734 564 parte
752 530 828 562 vitia,
842 537 927 556 unum
945 529 979 556 ab
992 529 1090 562 altero,

302 575 475 610 dependent;
490 562 585 602 odium
601 575 635 603 ab
651 562 701 607 ira,
717 575 758 602 ira
773 583 788 602 a
802 575 943 610 superbia,
960 575 1090 610 superbia

301 628 317 648 a
340 629 410 648 vana
431 621 529 656 gloria,
560 629 630 648 vana
661 622 746 656 gloria
769 621 803 648 ab
827 621 999 653 inﬁdelitate,
1029 621 1089 648 inli-

301 666 401 694 delitas
436 675 452 694 ιι
482 667 583 694 duritie
611 667 719 698 cordis,
753 666 870 693 durities
894 666 985 693 cordis
1014 673 1091 693 anc-

302 712 442 747 gligentia,
473 712 639 747 negligentia
671 720 685 738 a
707 711 827 746 pigritia.
847 711 955 746 pigritia
984 711 1019 737 ab
1031 718 1092 737 ace-

302 756 358 789 dia,
371 757 465 784 acedia
482 757 517 784 ab
533 757 716 792 impatientia.
729 757 898 791 impatientia
911 765 925 783 a
939 757 1089 790 voluptate,

301 807 331 829 et
354 802 460 837 reliqua
487 803 610 829 membra
634 802 764 829 vitiorum
792 802 826 828 ab
849 801 967 828 invicem
988 801 1091 835 depen-

302 847 395 875 dentia
407 857 413 874 :
423 848 463 875 sic
478 855 588 883 quoque
601 847 628 874 in
643 847 713 874 bona
728 853 805 882 parte
815 847 851 874 ab
861 847 978 874 invicem
992 847 1091 882 depen-

301 893 378 925 dent,
395 898 423 921 et
433 901 572 928 suspensm
588 898 651 920 sunt
666 893 793 920 virtutes.

1142 262 1231 285 σκετε,
1247 254 1395 287 ἀγαπητοὶ,
1413 253 1455 280 δτι
1482 253 1605 288 ἀλλήλων
1629 254 1777 281 ὲκδέδενται
1792 257 1875 281 πᾶσαι
1895 258 1920 282 αἱ

1141 298 1245 333 ἀρεταί.
1271 298 1397 334 Ὧσπερεὶ
1417 299 1471 334 γάρ
1488 307 1530 330 τις
1559 300 1733 335 πνευματικὴ
1756 300 1858 333 ἅλυσις,
1876 303 1920 336 μία

1141 343 1191 379 τῆς
1207 345 1270 379 μιᾶς
1281 344 1413 380 ἤρτηνται
1427 353 1434 361 ·
1449 345 1465 380 ἡ
1477 345 1542 380 εὐχὴ
1557 346 1613 372 ἀπὸ
1626 346 1676 380 τῆς
1693 346 1812 380 ἀγάπης,
1825 348 1840 381 ἡ
1856 348 1921 380 ἀγά-

1143 399 1180 425 πη
1195 390 1248 416 ἀπὸ
1265 391 1313 425 τῆς
1330 391 1428 425 χαρᾶς,
1450 391 1466 426 ἡ
1490 390 1562 426 χαρὰ
1586 391 1640 418 ἀπὸ
1661 391 1710 426 τῆς
1734 392 1919 427 πραότητος,ή

1141 435 1263 471 πραότης
1285 435 1338 462 ἀπὸ
1355 436 1404 471 τῆς
1427 436 1638 469 ταπεινώσεως,
1655 436 1671 471 ὴ
1691 438 1852 469 ταπείνωσις
1871 439 1920 464 ἀπὸ

1141 481 1189 515 τῆς
1203 480 1350 513 διακονίας,
1371 482 1388 516 ἡ
1407 482 1529 509 διακονία
1545 483 1600 509 ἀπὸ
1618 483 1666 518 τῆς
1687 483 1802 516 ὲλπίδος,
1814 485 1830 518 ἡ
1849 484 1919 516 ἐλπὶς

1141 527 1194 554 ἀπὸ
1209 527 1256 562 τῆς
1273 527 1400 560 πίστεως,
1415 528 1431 562 ἡ
1449 527 1539 559 πίστις
1554 528 1608 555 ἀπὸ
1622 529 1671 563 τῆς
1685 529 1805 564 ὑπακοῆς
1819 550 1826 562 ,
1845 532 1861 565 ὴ
1873 531 1919 558 ὑπ-

1142 573 1211 608 ακοὴ
1225 573 1279 599 ἀπὸ
1295 574 1344 608 τῆς
1360 573 1632 609 ἁπλότητος.Ὢσπερ
1647 575 1693 601 καὶ
1705 575 1736 601 τὸ
1746 575 1862 604 ἐναντίον
1876 578 1920 612 μὲ-

1143 628 1188 654 ρος
1203 619 1233 646 ἓν
1255 620 1302 653 ἀφ’
1314 620 1373 651 ὲνὺς
1389 620 1424 646 τά
1441 619 1516 647 κακὰ
1534 619 1686 647 ὲκδέδενται
1698 629 1705 636 ·
1723 621 1754 647 τὺ
1776 622 1852 656 μῖσος
1871 623 1920 649 ἀπὸ

1141 664 1188 692 τοῦ
1206 664 1302 699 θυμοῦ,
1323 666 1336 691 ὁ
1355 664 1438 700 θυμὸς
1460 665 1514 692 ἀπὸ
1528 666 1576 701 τῆς
1590 666 1789 700 ὑπερηφανίας,
1810 667 1826 702 ὴ
1841 667 1920 702 ὑπερ-

1141 711 1243 746 ηφανία
1259 710 1312 737 ἀπὸ
1323 711 1373 745 τῆς
1386 711 1547 744 κενοδοξίας,
1561 712 1578 747 ἡ
1592 711 1729 744 κενοδοξία
1742 713 1796 740 ἀπὸ
1806 713 1852 747 τῆς
1863 714 1921 739 dnt-

1143 757 1228 788 στίας,
1245 757 1261 791 ἡ
1275 756 1387 783 ἀπιστία
1401 756 1456 783 ἀπὸ
1470 757 1520 791 τῆς
1534 756 1760 793 σκληροκαρδίας,
1779 759 1795 792 ἡ
1812 757 1920 793 σκληρο-

1142 803 1239 838 καρδία
1255 803 1309 830 ἀπὸ
1324 805 1374 838 τῆς
1397 803 1537 838 ἀμελείας,
1552 805 1568 838 ἡ
1591 803 1705 838 ἀμέλεια
1726 804 1782 830 ἀπὸ
1796 804 1843 839 τῆς
1859 814 1920 839 χαυ-

1141 848 1260 880 νώσεως,
1278 848 1441 884 ήχαύνωσις
1456 848 1510 875 ἀπὸ
1525 850 1574 883 τῆς
1587 849 1711 884 ἀκηδίας,
1727 851 1744 884 ἡ
1765 850 1862 885 ἀκηδία
1872 850 1920 876 ἀπὸ

1104 889 1124 915 Β
1138 893 1188 928 τῆς
1211 894 1442 928 ἀνυπομονησίας,
1468 895 1485 929 ἡ
1508 894 1714 930 ἀνυπομονησία
1733 896 1788 922 ἀπὸ
1804 896 1852 930 τῆς
1868 895 1922 929 φιλ-

302 932 426 974 ηδονίαν
453 938 501 966 καὶ
520 939 554 965 τὰ
572 938 654 965 λοιπά
668 938 736 973 μέλη
764 938 814 973 τῆς
836 938 934 969 κακίας
957 938 1080 973 ἀλλήλων
1099 940 1168 965 εἰσὶν
1187 939 1398 974 ἐκκρεμάμενα·
1430 939 1517 971 οὕτως
1542 940 1593 967 κάν
1615 940 1654 975 τῷ
1671 940 1766 976 ἀγαθῷ
1787 941 1864 977 μέρει
1877 942 1920 968 ἀλ-

302 984 390 1018 λήλων
419 984 488 1011 εἰσὶν
517 984 722 1020 ἔκκρεμάμεναι
746 985 774 1010 αἱ
794 984 893 1019 ἀρεταὶ
908 984 955 1011 καὶ
972 984 1176 1020 ἀπηρτημέναι.
1804 983 1808 986 ⁴

338 1023 371 1056 ll.
386 1029 476 1064 Caput
494 1034 586 1057 autem
607 1029 691 1057 totius
712 1029 777 1057 boni
798 1030 934 1063 instituti,
951 1034 979 1058 et
996 1035 1091 1058 vertex

303 1075 483 1102 honestarum
501 1075 639 1102 actionum
658 1080 701 1103 cst
715 1076 863 1111 perdurare
879 1076 907 1103 in
921 1075 1089 1111 precatione,

303 1123 383 1156 cujus
401 1129 452 1156 ope
470 1125 584 1149 exteras
600 1129 712 1156 quoque
728 1122 844 1149 virtutes
861 1130 910 1157 per
926 1122 1090 1157 postulatio-

303 1175 367 1194 nent
381 1175 397 1194 a
410 1167 466 1194 Deo
479 1167 604 1202 quotidie
618 1167 750 1202 consequi
766 1175 923 1202 possumus.
936 1168 1005 1195 Hinc
1018 1167 1091 1195 enim

302 1211 431 1246 piovenit
447 1211 480 1238 iis
495 1211 543 1246 qui
561 1211 636 1246 digni
654 1212 802 1245 habentur,
817 1213 1032 1240 communicatio
1048 1213 1092 1241 di-

302 1258 373 1284 vina:
395 1257 584 1285 sanctimonia:
604 1263 632 1285 et
651 1258 803 1293 spiritualis
822 1258 963 1291 eﬂicacim,
979 1263 1006 1286 et
1025 1266 1091 1286 con-

304 1303 387 1331 ncxio
407 1303 562 1331 affectionis
584 1303 669 1331 animi
691 1311 755 1339 erga
775 1304 935 1337 Dominum,
951 1305 1025 1332 velut
1043 1313 1092 1340 per

303 1357 430 1376 arcanam
447 1350 634 1377 dilectionem.
656 1349 708 1383 Qui
725 1350 799 1377 enim
817 1358 847 1378 se
864 1351 952 1386 ipsum
969 1351 1092 1386 quotidie

303 1394 338 1421 ad
363 1395 597 1429 perseverandum
621 1395 648 1422 in
674 1396 799 1423 oratione
823 1396 975 1431 compellit,
994 1397 1043 1424 illo
1064 1397 1092 1424 in

305 1446 427 1466 amorem
443 1439 567 1466 divinum
583 1443 609 1467 et
625 1440 793 1467 desiderium
809 1441 908 1468 ardens
923 1449 938 1468 a
955 1440 1092 1476 spirituali

305 1483 452 1512 dilectione
468 1485 630 1512 accenditur
645 1493 708 1520 erga
724 1485 810 1513 Deum
826 1491 855 1513 et
868 1487 984 1521 gratiam
1001 1487 1093 1522 perfe-

305 1529 407 1557 ctionis
422 1530 620 1558 sanctiiicantis
635 1530 753 1565 Spiritus
767 1532 882 1566 suscipit

340 1618 385 1646 lll.
401 1618 587 1654 Interrogatio.
603 1618 735 1651 Quoniam
753 1621 860 1655 quidam
874 1621 988 1648 vendunt
1004 1621 1089 1656 [αι-ιιι·
1102 1613 1124 1644 C

306 1668 373 1691 tates
391 1672 465 1696 suos,
477 1672 564 1691 servos
585 1664 703 1692 libertate
723 1665 832 1698 donant,
848 1671 872 1692 et
886 1667 996 1701 implent
1010 1676 1089 1694 man-

306 1709 381 1742 data,
396 1717 447 1736 non
463 1713 551 1736 tamen
565 1710 669 1736 student
683 1711 804 1746 consequi
816 1712 843 1738 in
858 1712 904 1738 hoc
917 1712 1014 1739 mundo
1028 1712 1089 1747 Spi-

307 1755 400 1787 ritum,
417 1763 480 1782 num
502 1756 548 1791 qui
568 1757 605 1783 sic
624 1757 727 1789 vivunt,
746 1765 798 1783 non
818 1757 912 1784 abeunt
934 1758 961 1784 in
982 1767 1090 1793 regnum

306 1798 427 1825 malorum
437 1799 449 1825 ξ)

344 1843 492 1878 Responsio.
510 1844 663 1880 Disputatio
687 1846 745 1874 haec
771 1847 880 1876 subtilis
904 1854 956 1876 est.
974 1849 1090 1882 Quidam

307 1889 380 1916 enim
405 1890 481 1917 aiunt
506 1891 543 1926 (2)
569 1892 682 1920 unicum
708 1901 769 1921 esse
791 1902 919 1929 regnum.
936 1900 963 1922 et
984 1897 1091 1924 unicam

307 1936 470 1970 gehennam.
483 1937 538 1964 Nos
552 1942 644 1965 autem
661 1940 823 1972 asserimus,
839 1940 941 1967 multos
957 1949 1016 1969 esse
1032 1950 1093 1977 gra-

305 1982 373 2014 dus,
391 1982 562 2011 diﬂercntias
585 1987 667 2019 atque
693 1992 852 2017 mensuras,
870 1994 925 2013 non
950 1987 1040 2014 solum
1064 1988 1092 2015 in

306 2028 365 2063 ipso
382 2037 482 2065 regno.
499 2039 595 2058 verum
615 2031 698 2058 etiam
714 2033 740 2059 in
759 2033 893 2068 gehenna.
908 2033 1092 2066 Quemadmo-

305 2076 371 2102 dum
385 2084 451 2111 ergo
464 2081 507 2103 est
522 2085 575 2104 una
588 2078 678 2105 anima
693 2078 720 2105 in
733 2080 861 2106 omnibus
872 2081 1009 2108 membris.
1022 2081 1095 2108 nihi-

305 2119 428 2147 lominus
440 2128 472 2147 ea
488 2128 598 2148 sursum
613 2122 640 2149 in
656 2123 772 2150 cerebro
783 2125 837 2150 vim
848 2132 925 2152 suam
940 2126 1051 2158 exserit,
1066 2130 1094 2153 et

307 2165 435 2192 deorsum
457 2166 541 2200 pedes
564 2173 721 2196 commovet
745 2178 752 2196 :
775 2170 815 2197 sic
836 2178 945 2205 quoque
965 2172 1094 2200 divinitas

309 2218 404 2238 omnes
421 2216 574 2245 creaturas,
593 2217 649 2240 tum
667 2215 804 2248 cmlcstes,
821 2224 881 2251 qua:
898 2217 995 2245 subtus
1012 2219 1093 2254 abys-

310 2264 369 2283 sum
383 2263 457 2290 sunt,
467 2259 601 2292 continet,
610 2265 639 2287 et
650 2261 753 2295 ubiqtte
765 2262 844 2296 plene
856 2267 898 2290 est
909 2263 935 2290 in
948 2265 1090 2297 creaturis,

1177 1031 1214 1058 B’.
1236 1030 1389 1065 Κεφάλαιον
1403 1030 1430 1057 δὲ
1448 1030 1539 1065 πάσης
1554 1031 1672 1066 σπουδῆς
1685 1031 1803 1068 ἀγαθῆς,
1821 1033 1865 1060 καὶ
1879 1042 1921 1060 κο·

1143 1077 1257 1111 ρυφαίον
1272 1076 1326 1103 τῶν
1341 1076 1562 1112 κατορθωμάτων
1579 1077 1638 1104 ἐστὶ
1663 1078 1694 1104 τὺ
1713 1081 1923 1114 προσκαρτερεῖν

1141 1123 1173 1158 τῇ
1187 1123 1266 1157 εὐχῇ,
1281 1123 1328 1156 ἀφ’
1341 1120 1375 1158 ἦς
1390 1123 1438 1148 καὶ
1453 1122 1503 1154 τὰς
1515 1122 1612 1153 λοιπὰς
1623 1123 1723 1158 ἀρετὰς
1738 1124 1782 1150 διὰ
1793 1125 1841 1158 τῆς
1853 1125 1922 1159 παρᾶ

1141 1167 1208 1203 Θεοῦ
1238 1168 1373 1202 αἰτήσεως
1400 1168 1536 1203 ὁσημέραι
1563 1169 1753 1203 προσκτᾶσθαι
1782 1169 1921 1205 δυνάμεθα.

1148 1213 1288 1241 Ἐντεῦθεν
1305 1214 1359 1249 γὰρ
1376 1214 1515 1248 ἐγγίνεται
1531 1216 1588 1246 τοῖς
1603 1215 1828 1250 καταξιουμένοις
1842 1217 1858 1252 ή
1872 1225 1924 1243 xu:-

1142 1258 1224 1286 νωνία
1239 1260 1288 1294 τῆς
1302 1259 1348 1285 τοῦ
1363 1258 1431 1285 Θεοῦ
1448 1259 1602 1294 ἁγιότητος,
1620 1262 1667 1287 καὶ
1680 1262 1728 1296 τῆς
1743 1262 1924 1296 πνευματικῆς

1142 1305 1298 1340 ἐνεργείας⁷
1327 1306 1374 1332 καὶ
1397 1306 1413 1340 ὴ
1433 1306 1566 1339 συνάφεια
1583 1306 1631 1341 τῆς
1645 1307 1692 1333 τοῦ
1707 1307 1752 1333 νοῦ
1774 1307 1921 1338 διαθέσεως.

1142 1351 1179 1383 ὡς
1192 1351 1259 1387 πρὸς
1271 1350 1315 1377 τὸν
1328 1353 1439 1388 Κύριον,
1454 1351 1482 1378 ἐν
1496 1352 1590 1387 ἀγάπῃ
1600 1353 1721 1388 ἀρρήτῳ.
1731 1353 1761 1379 '0
1771 1354 1824 1388 γὰρ
1835 1354 1923 1380 ἑαυτὸν

1142 1397 1276 1432 ὁσημέραι
1302 1397 1336 1432 τῇ
1363 1398 1499 1432 προσευχῇ
1523 1398 1738 1433 πρόσκαρτερείν
1757 1399 1922 1432 ἀναγκάζων,

1143 1443 1181 1474 είς
1197 1442 1285 1479 ἔρωτα
1299 1442 1368 1470 θεῖον
1384 1443 1430 1470 καὶ
1444 1444 1525 1470 πόθον
1538 1443 1661 1479 ἔμπυρον
1677 1445 1729 1471 ὑπὸ
1743 1446 1795 1479 τῆς
1809 1454 1923 1480 πνευμα-

1142 1488 1222 1521 τικῆς
1247 1487 1356 1522 ἀγάπης
1381 1488 1521 1514 ὲκκαίεται
1546 1489 1615 1523 πρὸς
1631 1488 1707 1520 Θεὸν,
1725 1490 1773 1515 καὶ
1790 1489 1837 1525 τὴν
1851 1489 1924 1524 χάριν

1143 1533 1192 1568 τῆς
1218 1533 1265 1559 τοῦ
1289 1533 1446 1569 Πνεύματος
1458 1533 1623 1569 ἀγιαστικῆς
1646 1534 1816 1569 τελειότητος
1834 1534 1924 1561 ὑποδέ-

1143 1587 1230 1614 χεται.

1176 1625 1213 1652 l".
1245 1625 1413 1660 Ἐρώτησις.
1447 1624 1566 1658 Ἐπειδή
1584 1633 1663 1658 τινες
1678 1626 1813 1653 πωλοῦσι
1825 1625 1881 1660 μὲν
1892 1624 1925 1651 τὰ

1142 1671 1326 1705 ὑπάρχοντα.
1343 1671 1392 1698 καὶ
1408 1670 1538 1704 δούλους
1553 1671 1756 1705 ἐλευθεροῦσι,
1769 1672 1818 1698 καὶ
1831 1670 1925 1698 ποιοῦ-

1143 1725 1196 1743 σιν
1212 1717 1337 1749 ἐντολὰς
1349 1737 1356 1749 ,
1377 1717 1413 1743 οὐ
1429 1716 1549 1750 ζητοῦσι
1566 1716 1600 1743 δὲ
1613 1717 1718 1744 λαϐεῖν
1729 1717 1764 1743 ἐν
1780 1716 1819 1749 τῷ
1830 1718 1925 1751 κόσμῳ

1142 1763 1236 1796 τούτῳ
1253 1763 1285 1788 τὸ
1303 1763 1438 1797 Πνεῦμα,
1462 1763 1519 1796 ἀρα
1537 1762 1642 1796 ζῶντες
1657 1763 1749 1795 οὕτως
1770 1764 1825 1790 οὐκ
1843 1762 1926 1797 ἀπέρ

1143 1818 1246 1844 zona:
1263 1811 1307 1842 εἰς
1321 1809 1378 1843 τὴν
1388 1810 1553 1842 ,ϐασιλείαν
1568 1809 1627 1836 τῶν
1638 1809 1790 1843 οὐρανῶν;

1185 1856 1361 1889 Ἀπόκρισις.
1397 1856 1426 1882 '0
1439 1856 1516 1890 λόγος
1541 1853 1617 1887 οὗτος
1641 1855 1738 1886 λεπτός
1758 1856 1826 1882 ἔστι.
1854 1855 1926 1885 Τινὲς

1143 1901 1197 1936 γὰρ
1212 1902 1320 1936 λέγουσι
1340 1901 1404 1936 μίαν
1420 1901 1559 1936 βασιλειαν
1570 1922 1576 1931 ,
1597 1902 1643 1927 καὶ
1657 1902 1769 1935 γέενναν
1780 1909 1788 1917 ⁸
1809 1902 1887 1936 ἡμεῖς
1899 1900 1925 1926 δὲ

1143 1946 1257 1981 λέγομεν
1273 1947 1393 1981 βαθμοὺς
1409 1947 1523 1978 πολλοὺς
1537 1948 1584 1973 καὶ
1596 1947 1743 1982 διαφορὰς,
1766 1947 1814 1974 καὶ
1828 1947 1924 1981 μέτρα·

1144 1993 1191 2019 καὶ
1203 1994 1232 2019 ἐν
1245 1993 1312 2028 αὐτῇ
1328 1993 1360 2028 τῇ
1377 1993 1511 2028 βασιλείᾳ,
1529 1993 1575 2019 καὶ
1590 1994 1618 2019 ὲν
1631 1994 1699 2028 αὐτῇ
1714 1995 1746 2028 τῇ
1761 1992 1926 2028 γεέννηὪς-

1144 2047 1197 2073 περ
1211 2038 1239 2064 ὗέ
1254 2039 1312 2064 ἑστι
1325 2038 1398 2073 ψυχὴ
1413 2040 1440 2064 ἐν
1452 2039 1524 2070 ὅλοις
1538 2040 1594 2070 τοῖς
1609 2038 1714 2073 μέλεσι,
1727 2039 1776 2064 καὶ
1788 2039 1843 2066 ἄνω
1853 2039 1881 2064 ἐν
1890 2037 1926 2071 τῷ

1144 2084 1287 2119 ἐγκεφάλῳ
1302 2085 1427 2119 ἐνεργεῖ,
1444 2086 1492 2111 καὶ
1506 2085 1583 2111 κάτω
1596 2085 1659 2116 τοὺς
1672 2085 1755 2116 πόδας
1769 2086 1838 2119 αὐτὴ
1851 2086 1926 2111 κινεῖ·

1144 2130 1229 2161 οὕτως
1251 2131 1298 2157 καὶ
1313 2131 1330 2165 ἡ
1345 2131 1441 2165 θεότης
1464 2131 1552 2157 πάντα
1569 2131 1602 2157 τά
1617 2131 1752 2165 κτίσματα
1766 2131 1800 2157 τὰ
1813 2131 1926 2164 ἐπουρά-

1144 2185 1198 2208 νια,
1216 2177 1264 2203 καὶ
1277 2176 1312 2203 τὰ
1325 2177 1453 2204 ὑποκάτω
1467 2178 1517 2212 τῆς
1531 2177 1651 2203 ἀϐύσσου
1667 2177 1799 2212 περιέχει,
1810 2177 1857 2205 καὶ
1868 2185 1927 2203 mw

1143 2222 1224 2257 ταχοῦ
1240 2222 1418 2258 πεπλήρωται
1433 2223 1462 2248 ὲν
1477 2224 1510 2258 τῇ
1524 2223 1622 2254 κτίσει,
1640 2224 1664 2249 εί
1679 2223 1726 2249 καὶ
1741 2223 1861 2258 ὲξωτέρα
1875 2223 1926 2248 τῶν

1144 2269 1301 2303 κτισμάτων
1317 2268 1385 2301 ἐστὶ,
1404 2268 1449 2295 διὰ
1461 2269 1492 2295 τὸ
1505 2268 1660 2304 ἀμέτρητον
1672 2269 1720 2295 καὶ
1733 2269 1925 2304 ἀπερίληπτον.

307 2303 434 2336 quamvis
450 2304 536 2333 aliena
551 2314 566 2333 a
583 2307 718 2334 creaturis
734 2308 779 2340 sit,
794 2316 827 2336 eo
845 2310 918 2344 quod
935 2310 970 2337 sit
984 2310 1091 2338 dimen-

1145 2314 1276 2349 Προσέχει
1298 2312 1344 2341 οὖν
1369 2314 1436 2349 αὑτὴ
1460 2315 1477 2349 ἡ
1500 2303 1597 2349 θεότης
1621 2316 1676 2346 τοῖς
1697 2314 1864 2350 ἀνθρώποις,
1883 2314 1926 2340 καὶ

307 2348 393 2376 sionis
417 2354 446 2376 et
469 2352 726 2385 comprehensionis
747 2361 856 2388 expers.
881 2355 1006 2384 Attendit
1027 2364 1093 2392 ergo

308 2393 366 2428 ipsa
385 2395 516 2423 divinitas
536 2397 708 2430 hominibus,
725 2403 752 2426 ct
769 2400 903 2435 gubernat
918 2402 1009 2429 omnia
1030 2410 1092 2430 cum

308 2441 424 2468 ratione.
438 2442 471 2468 Et
481 2443 609 2476 quoniam
624 2445 747 2472 nonnulli
765 2451 922 2480 precantur,
936 2447 1093 2482 ignorantes

308 2486 375 2520 quid
394 2494 532 2521 quaerant;
555 2490 667 2524 quidam
687 2498 752 2518 vero
770 2491 910 2526 jejunant;
932 2494 977 2520 alii
1000 2495 1100 2526 consi-V

309 2536 386 2558 stunt
410 2533 436 2559 in
463 2534 635 2568 ministerio,
656 2536 806 2571 unicuique
831 2546 882 2572 pro
906 2539 987 2566 modo
1011 2540 1091 2572 ﬁdei,

308 2575 390 2609 Deus,
404 2579 449 2612 qui
464 2578 555 2613 justus
570 2580 655 2615 judex
670 2585 722 2613 est,
740 2581 831 2608 reddit
848 2582 1013 2610 mercedem.
1028 2583 1093 2617 Quae

308 2621 380 2648 enim
393 2622 506 2656 faciunt,
517 2629 589 2652 metu
602 2626 649 2652 Dei
662 2631 797 2661 peragunt
809 2635 815 2654 :
827 2635 924 2654 verum
934 2636 989 2656 non
1000 2637 1095 2657 omnes

309 2666 354 2694 isti
369 2667 429 2700 lilii,
442 2673 488 2696 aut
504 2678 593 2705 reges,
607 2676 654 2698 aut
670 2671 794 2699 herch
809 2677 883 2700 sunt.

344 2711 388 2739 ιν.
403 2713 538 2742 Czeterum
560 2715 587 2743 in
608 2716 710 2744 mundo
729 2717 775 2744 alii
797 2723 861 2746 sunt
879 2719 1035 2753 homicidal,
1047 2721 1093 2748 alii

308 2759 404 2792 stupro
421 2759 523 2793 dediti,
539 2761 585 2788 alii
604 2757 752 2796 raptores':
772 2771 883 2791 rursum
900 2766 1025 2794 nonnulli
1043 2774 1093 2794 sua

344 2847 382 2882 (Ξ)
396 2847 513 2876 Unicum
524 2849 617 2886 accipe
628 2858 678 2886 pro
696 2852 824 2880 uniformi
836 2857 863 2881 et
875 2854 944 2889 pari.

1145 2360 1281 2394 οἰκονομεῖ
1292 2360 1380 2386 πάντα
1393 2359 1463 2386 κατὰ.
1474 2360 1563 2394 λόγον·
1578 2361 1626 2387 καὶ
1639 2360 1732 2395 ἐπειδὴ
1744 2361 1818 2392 τινὲς
1832 2360 1879 2395 μὲν
1886 2359 1926 2385 εῦ-

1145 2415 1236 2442 χονται
1255 2405 1291 2441 μὴ
1307 2405 1406 2436 εἰδότες
1422 2405 1449 2432 τί
1465 2406 1576 2441 ζητοῦσι
1588 2414 1596 2421 ”
1617 2407 1688 2438 τινὲς
1702 2407 1730 2432 δὲ
1745 2406 1924 2441 νηστεύουσιν,

1145 2453 1219 2479 ἀλλοι
1243 2455 1390 2485 στήκουσιν
1407 2453 1447 2482 είς
1463 2453 1611 2486 διακονίαν,
1631 2453 1737 2488 ἑκάστῳ
1753 2453 1824 2479 κατά
1838 2452 1867 2478 τὸ
1881 2452 1926 2487 μέ-

1145 2507 1209 2533 τρον
1223 2499 1271 2533 τῆς
1286 2500 1415 2532 πίστεως,
1431 2501 1445 2526 ὁ
1459 2499 1525 2531 Θεὸς
1538 2498 1724 2534 δικαιοκρίτης
1735 2498 1773 2525 ὢν
1786 2498 1926 2525 ἀποδίδωσι

1145 2544 1190 2570 τὸν
1202 2544 1307 2578 μισθόν.
1321 2545 1354 2571 ’Δ
1369 2545 1423 2581 γὰρ
1439 2544 1556 2577 ποιοῦσι,
1569 2544 1613 2570 διὰ
1625 2544 1707 2578 φόῦον
1718 2544 1785 2570 Θεοῦ
1798 2543 1925 2570 ποιοῦσιν

1144 2587 1200 2614 ἀλλ’
1217 2587 1266 2613 οὐκ
1282 2588 1351 2614 εἰσιν
1366 2587 1438 2616 οὗτοι
1454 2590 1553 2622 πάντες
1569 2589 1621 2616 υἱοὶ
1632 2608 1639 2620 ,
1658 2588 1720 2615 οὒτε
1736 2589 1854 2623 βασιλεῖς
1869 2586 1925 2614 οὔτε

1144 2633 1318 2668 κληρονόμοι.

1178 2721 1214 2748 Δ’.
1233 2723 1292 2749 Εἰσὶ
1305 2723 1334 2749 δὲ
1349 2723 1377 2750 ἐν
1391 2723 1431 2758 τῷ
1443 2723 1538 2759 κόσμῳ
1553 2724 1578 2750 οἱ
1595 2724 1643 2759 μὲν
1656 2725 1761 2758 φονεῖς,
1776 2723 1850 2751 ἄλλοι
1865 2722 1926 2757 πόρ-

1142 2775 1193 2801 νοι,
1212 2767 1258 2794 καὶ
1274 2768 1349 2796 ἄλλοι
1366 2767 1490 2804 ἅρπαγες
1501 2777 1507 2783 ·
1525 2769 1550 2796 οἱ
1565 2769 1593 2795 δὲ
1607 2768 1687 2796 πάλιν
1701 2769 1736 2796 τά
1748 2769 1800 2796 ῐδια
1814 2766 1926 2802 πτωχθῖς
