2079 3152
190 169 242 200 765

803 165 985 197 HOMILI/E.
1001 178 1035 183 —
1050 166 1143 198 110M.
1165 167 1224 197 XL.

1765 172 1818 203 766

188 224 358 257 διαδιδόντες,
375 223 502 259 προσέχει
511 224 558 252 καὶ
568 222 674 254 τούτοις
688 221 827 254 κάκείνοις
838 223 853 249 ὁ
866 223 977 257 Κύριος,

1031 224 1200 259 pauperibus
1217 224 1388 259 largiuntur;
1405 226 1524 254 attendit
1538 235 1647 263 quoque
1662 228 1706 256 his
1720 234 1749 257 et
1763 230 1818 259 illis

136 278 141 283 ‘
188 271 237 299 καὶ
252 271 308 302 τοῖς
325 269 375 305 μὲν
389 269 599 303 ἀγαθοποιοῦσιν
612 269 767 295 ἀνάπαυσιν
779 268 826 295 καὶ
838 268 934 303 μισθὸν
944 268 982 295 δί-

189 316 280 342 δωσιν.
295 314 355 341 Εἰσὶ
368 314 422 348 γὰρ
437 314 523 349 μέτρα
535 314 713 349 ὑπερέχοντα,
723 314 771 340 καὶ
783 313 871 348 μέτρα
881 312 978 348 μικρόν

190 362 237 388 καὶ
254 363 283 388 ὲν
298 361 375 396 αὑτῷ
390 360 429 395 τῷ
441 361 511 395 φωτὶ
527 360 575 386 καὶ.
589 360 622 394 τῇ
637 359 700 394 δόξῃ
715 358 833 394 διαφορά
848 359 917 384 ἐστι’
933 358 981 385 καὶ

190 408 219 433 ὲν
235 407 303 441 αὐτῇ
318 407 351 441 τῇ
366 406 472 441 γεέννῃ,
487 406 535 432 καὶ
549 406 582 441 τῇ
597 404 707 431 κολάσει
721 404 860 438 φαίνονται
875 405 899 430 oi
912 413 981 439 φαρ-

192 453 285 487 μακοὶ,
303 452 352 478 καὶ
367 453 391 478 οἱ
404 451 511 487 λῃσταὶ,
527 451 573 478 καὶ
589 451 664 478 ἄλλοι
679 451 704 476 oi
720 450 806 485 μικρά
817 449 981 485 πλημμελή-

191 505 300 529 σαντες.
327 498 358 524 Οί
378 497 407 524 δὲ
424 497 560 531 λέγοντες,
576 496 633 524 Μία
646 496 705 523 ἐστὶ
719 495 853 531 βασιλεία,
869 496 917 522 καὶ
932 495 982 530 μία

191 543 303 577 γέεννα,
323 542 372 569 καὶ
391 543 441 569 οὐκ
457 543 511 569 είσὶ
527 542 638 578 βαθμοὶ,
657 542 750 573 κακῶς
764 541 882 575 λέγουσι.
900 541 981 568 Πόσοι

190 589 245 624 γάρ
268 589 321 614 είσι
345 589 473 624 κοσμικοὶ
496 588 544 615 νῦν
569 589 609 620 εἰς
629 588 731 623 θέατρα
755 588 914 623 στήκοντες,
935 587 981 614 καὶ

191 634 287 666 λοιπὰς
302 634 415 667 ἀταξίας
428 636 434 661 ε
463 635 511 660 καὶ
524 635 603 661 πόσοι
615 635 684 660 είσὶν
699 634 762 669 ἄρτι
776 633 918 669 εὐχόμενοι
933 634 982 661 καὶ

192 680 354 716 φοϐούμενοι
378 680 424 706 τὸν
443 680 526 707 Θεόνί
553 680 657 711 τούτοις
672 680 718 706 οὖν
735 680 873 711 κάκείνοις
887 680 901 706 ὁ
915 679 982 712 Θεὸς

192 727 319 761 προσέχει
331 734 338 742 υ
367 726 415 753 καὶ
429 725 466 758 ὡς
482 726 679 761 δικαιοκρίτης,
696 727 752 758 τοῖς
765 727 814 762 μὲν
827 726 982 753 ἀνάπαυσιν

192 771 341 807 ὲτοιμάζει,
357 773 414 803 τοῖς
428 771 457 798 δὲ
473 772 594 799 κόλασιν.

226 861 265 889 Ε’.
287 861 393 896 Ὠσπερ
408 860 436 887 δὲ
453 859 629 894 ζευγνύοντες
645 859 784 894 ἄνθρωποι
800 859 914 893 ῐππους,
935 860 982 887 καὶ

1032 271 1180 304 Dominus,
1199 277 1227 299 et
1248 272 1359 306 quidem
1381 273 1452 301 bene
1472 275 1631 309 agentibus,
1648 276 1769 310 quietem
1791 283 1820 305 et

1032 317 1175 351 praemium
1192 317 1316 353 largitur.
1332 318 1403 346 Sunt
1417 320 1491 347 enim
1506 328 1640 348 mensura:
1655 322 1769 357 exiguae.
1784 323 1820 350 Et

1032 363 1059 390 in
1077 363 1135 398 ipso
1152 364 1257 391 lumine
1273 372 1305 392 ac
1321 365 1407 400 gloria
1424 366 1607 401 discrepantia
1623 368 1746 402 quaedam
1764 373 1817 396 est.

1031 408 1061 436 In
1087 408 1144 442 ipsa
1171 417 1255 443 porro
1278 410 1403 444 gehenna
1426 415 1455 437 et
1478 412 1614 446 supplicio
1639 413 1819 440 inveniuntur

1030 452 1157 486 veneﬁci,
1173 454 1293 481 latrones
1308 459 1335 481 et
1351 455 1408 487 alii,
1425 455 1471 490 qui
1490 456 1559 483 levia
1574 462 1684 491 peccata
1702 458 1819 484 commi-

1031 504 1137 527 serunt.
1151 500 1204 533 Qui
1218 508 1285 528 vero
1298 497 1434 533 asserunt,
1449 502 1561 529 unicum
1577 510 1637 529 esse
1654 511 1778 538 regnum,
1791 509 1819 531 et

1032 546 1143 573 unicam
1167 546 1339 581 gehennam,
1369 555 1419 575 nec
1444 555 1504 575 esse
1528 548 1645 583 gradus,
1674 557 1817 584 perperam

1031 588 1192 623 loquuntur.
1209 590 1288 626 134
1307 590 1379 624 Quot
1394 592 1468 618 enim
1488 597 1553 619 sunt
1570 593 1652 619 modo
1672 594 1816 626 mundani,

1031 633 1078 667 qui
1107 636 1271 668 spectaculis
1300 641 1329 663 et
1354 636 1417 664 aliis
1444 637 1571 665 absurdis
1600 639 1684 666 rebus
1712 639 1819 667 luerent
1860 644 1866 649 ‘

1032 678 1150 706 intenti?
1175 680 1210 707 Et
1233 685 1300 715 quot
1312 686 1376 709 sunt
1401 683 1485 710 modo
1506 684 1553 718 qui
1579 684 1762 719 deprecantur
1787 694 1819 713 ac

1032 728 1160 751 metuunt
1171 724 1276 752 Deum?
1292 726 1340 753 His
1357 726 1440 761 igitur
1454 732 1482 754 et
1495 728 1550 755 illis
1565 729 1682 756 attendit
1695 730 1777 761 Deus,
1789 733 1818 757 et

1031 769 1107 796 velut
1121 770 1212 804 justus
1226 770 1326 805 judex,
1340 771 1384 799 bis
1402 773 1541 807 requiem,
1556 774 1612 802 illis
1627 782 1695 802 vero
1710 776 1816 811 suppli-

1031 815 1104 842 cium
1119 819 1266 849 praeparat.

1067 860 1100 888 ν.
1117 861 1353 894 Quemadmodum
1375 868 1466 891 autem
1485 863 1612 892 homines
1631 865 1678 900 qui
1698 866 1817 901 jungunt

192 908 304 943 ἅρματα
327 907 481 942 ήνιοχοῦσι,
507 906 555 933 καὶ
577 906 639 932 κατ’
659 906 783 941 ἀλλήλων
805 905 960 932 ἐλαύνουσιν
973 914 980 921 ·

1033 913 1138 940 equos,
1158 914 1258 934 currus
1281 908 1420 943 dirigunt,
1442 912 1470 936 et
1492 909 1624 936 adversus
1642 899 1675 937 se
1699 899 1815 937 invicem

191 955 307 985 ἕκαστος
320 954 375 988 γὰρ
390 953 570 987 ἀγωνίζεται,
591 952 650 983 πῶς
667 952 740 987 ῥίψει
755 952 803 979 καὶ
816 953 921 987 κινήσει
935 952 980 978 τὸν

192 1000 222 1032 ἐξ
236 999 360 1030 ἐναντίας
371 1007 378 1013 ·
406 998 491 1029 οὕτως
506 997 581 1024 ἐστὶν
604 998 633 1023 ὲν
652 999 685 1033 τῇ
701 997 800 1032 καρδίᾳ
814 997 868 1024 τῶν
881 998 981 1031 ἀγωνι-

192 1045 324 1080 ζομένων,
344 1044 455 1079 Θέατρον
467 1045 522 1070 τῶν
535 1043 662 1079 πονηρῶν
675 1043 837 1078 πνευμάτων
851 1043 982 1070 παλαιόν-

191 1101 246 1118 των
271 1092 304 1125 τῇ
328 1090 422 1125 ψυχῇ,
449 1090 497 1116 καὶ
516 1089 584 1116 Θεοῦ
602 1089 648 1116 καὶ
665 1089 790 1123 ἀγγέλων
807 1089 981 1124 θεωρούντων

191 1138 237 1164 τὸν
251 1137 354 1171 ἀγῶνα·
372 1135 466 1162 λοιπὸν
481 1136 541 1162 καθ’
556 1135 676 1169 ἑκάστην
690 1135 764 1170 ὥραν
780 1135 916 1167 κτίζονται
930 1135 982 1162 ὑπδ

191 1183 242 1218 τῆς
256 1182 345 1218 ψυχῆς
362 1182 455 1208 πολλοὶ
470 1181 596 1216 λογισμοὶ
612 1182 706 1216 νεαροί
717 1189 724 1196 ·
752 1181 851 1215 ὁμοίως
868 1181 914 1207 καὶ
929 1180 981 1207 ὑπὸ

192 1231 241 1264 τῆς
256 1228 355 1260 κακίας
372 1228 455 1255 ἔνδον.
473 1228 528 1254 Καὶ
542 1228 597 1261 γὰρ
613 1228 714 1263 ἡψυχὴ
730 1227 845 1258 πολλοὺς
857 1227 982 1263 ἀποκρύυ

193 1285 260 1312 φους
276 1276 332 1311 ἔχει
348 1274 492 1309 λογισμοὺς
504 1293 511 1304 ,
537 1274 584 1300 καὶ
601 1274 630 1300 ὲν
644 1274 711 1308 αὐτῇ
725 1274 759 1309 τῇ
773 1273 832 1309 ὥρᾳ
846 1274 978 1309 προφέρει

192 1323 241 1350 καὶ
263 1321 345 1356 γεννᾷ
355 1328 363 1335 ο
391 1320 438 1346 καὶ
461 1318 530 1354 αὑτὴ
553 1319 570 1354 ἡ
582 1318 667 1346 κακία
682 1318 829 1353 λογισμοὺς
844 1318 900 1353 ἔχει
916 1318 982 1345 πολ-

192 1368 255 1399 λοὺς
265 1388 273 1400 ,
301 1367 348 1394 καὶ
371 1365 590 1401 ἐπιτηδεύματα,
614 1365 661 1391 καῖ⁸
677 1365 738 1391 καθ’
753 1364 827 1400 ὥραν
840 1365 923 1400 γεννᾷ
937 1364 982 1390 λο-

194 1413 309 1448 γισμοὺς
332 1411 445 1447 νεαροὺς
470 1410 541 1437 κατά
562 1411 611 1445 τῆς
630 1410 730 1445 ψυχῆς.
749 1410 806 1436 Καὶ
822 1409 876 1445 γὰρ
891 1410 905 1435 ὁ
919 1409 982 1440 νοῦς

193 1459 300 1496 ἡνίοχός
330 1459 388 1485 ἔστι
407 1458 454 1484 καὶ
469 1456 597 1491 ζεύγνυσι
613 1456 644 1483 τὸ
658 1455 734 1491 ἅρμα
747 1455 798 1490 τῆς
811 1455 901 1490 ψυχῆς
914 1463 982 1481 κατ-

195 1505 264 1540 έχων
279 1503 358 1538 ἡνίας
372 1503 426 1529 τῶν
439 1501 579 1536 λογισμῶν
588 1509 595 1517 ·
614 1500 661 1527 καὶ
676 1498 727 1528 ὧδε
741 1500 833 1535 τρέχει
850 1499 920 1527 κατὰ
933 1499 981 1526 τοῦ

194 1552 316 1586 ἅρματος
341 1549 388 1576 τοῦ
412 1548 521 1575 Σατανᾶ
532 1568 541 1581 ,
565 1547 632 1574 ὅπου
651 1547 697 1574 καὶ
709 1547 791 1579 αὐτὸς
804 1546 897 1579 ἔζευξε
910 1545 981 1573 κατά

193 1597 242 1632 τῆς
255 1596 356 1632 ψυχῆς·

222 1641 448 1676 ς¹.Ἐρώτησις.
466 1641 500 1668 ει
515 1639 688 1671 ἀνάπαυσις
702 1639 788 1666 ἐστιν
804 1639 823 1673 ἡ
838 1639 981 1674 ψυχὴῶ),

194 1688 256 1720 πῶς
269 1688 395 1722 λέγουσι
413 1695 503 1719 τινες,
531 1685 575 1713 ὅτι
591 1686 631 1712 οὐ
655 1685 806 1719 δυνάμεθα
824 1685 981 1718 εὔξασθαι,

194 1735 266 1761 οὐδὲ
281 1734 486 1767 ὑπομένουσιν
500 1733 535 1759 ἐν
548 1732 585 1766 τῇ
596 1731 673 1765 εὐχῇ
684 1740 693 1763 ;

236 1781 419 1814 Ἀπόκρισις.
446 1779 520 1814 Αὐτὴ
542 1779 559 1813 ἡ
577 1778 731 1809 ἀνάπαυσις
746 1777 933 1810 πλεονάζουσα
945 1777 983 1804 δί-

194 1826 260 1853 δωσι
286 1825 428 1860 σπλάγχνα
449 1825 497 1851 καὶ
513 1823 653 1855 διακονίας
668 1824 777 1858 ἑτέρας.
793 1822 848 1850 οἷον
861 1824 908 1851 τοῦ
922 1825 983 1850 ὲπι-

180 1872 183 1873 ⁷
196 1873 347 1906 σκέψασθαι
363 1873 426 1902 τοὺς
440 1871 581 1906 ἀδελφοὺς,
590 1869 637 1896 τοῦ
652 1871 692 1901 είς
708 1870 754 1896 τὸν
766 1870 844 1904 λόγον
858 1871 983 1905 διακονῆ-

197 1927 251 1945 σαι.
272 1919 326 1944 Καὶ
341 1918 409 1952 αὐτὴ
424 1918 441 1952 ἡ
456 1917 537 1951 φύσις
555 1916 626 1943 θέλει
641 1917 767 1944 ἀπελθεῖν
781 1917 829 1943 καὶ
842 1917 907 1943 ἰδεῖν
918 1917 983 1947 τοὺς

196 1964 325 1998 ἀδελφοὺς
342 1963 457 1998 λαλῆσαι
472 1963 561 1997 λόγον.
585 1962 671 1989 Οὐδὲν
686 1962 741 1997 γὰρ
758 1962 786 1988 ὲν
800 1962 868 1997 πυρὶ
882 1962 982 1997 βαλλό-

198 2018 277 2044 μενον
291 2009 404 2035 δύναται
421 2008 511 2043 μένειν
528 2009 557 2035 ὲν
571 2009 604 2044 τῇ
622 2009 675 2043 ίδίᾳ
688 2008 784 2042 φύσει,
803 2007 861 2034 ἀλλ’
875 2008 983 2042 ἀνάγκη

197 2055 244 2082 καὶ
262 2055 329 2082 αὐτὸ
363 2053 485 2088 γίνεσθαι
505 2053 571 2089 πῦρ.
594 2055 642 2081 Ὃν
656 2054 755 2088 τρόπον
772 2053 820 2080 ὲάν
835 2053 919 2090 βάλῃς
932 2053 983 2080 κά-

196 2101 299 2136 χληκας
313 2101 353 2131 είς
365 2099 431 2135 πῦρ,
447 2099 536 2133 ὀλίγος
550 2099 656 2133 γίνεται
668 2099 801 2131 ἄσϐεστος
813 2108 820 2114 ·
841 2100 888 2125 καὶ
904 2099 928 2125 εί
944 2099 984 2130 είς

197 2146 344 2178 θάλασσαν,
356 2145 470 2171 ἐπιπολὺ
486 2144 636 2171 καταδῦναι
652 2144 699 2171 καὶ
709 2144 837 2172 ἀπελθεῖν
850 2146 889 2176 είς
902 2145 984 2178 μέσον

198 2191 325 2224 πέλαγος,
344 2188 571 2220 καταποντίζεται
587 2189 632 2215 καὶ
646 2189 752 2222 ἀφανὴς
774 2189 878 2222 γίνεται
892 2197 899 2204 ·
916 2190 930 2215 ὁ
944 2189 983 2222 δὲ,

1032 951 1195 986 impellunt;
1223 953 1341 988 quilibet
1364 954 1437 982 enim
1461 962 1558 982 eorum
1583 955 1742 986 contendit;
1763 963 1817 989 qua

1031 997 1139 1026 ratione
1159 1003 1316 1033 prosternat
1332 1003 1360 1027 et
1376 1005 1489 1035 superet
1503 1001 1692 1028 adversarium
1709 1010 1716 1027 :
1735 1002 1770 1028 ita
1787 1008 1817 1028 se

1032 1043 1116 1071 habet
1133 1044 1159 1071 in
1177 1044 1260 1072 corde
1276 1046 1454 1078 certantium,
1468 1046 1656 1081 spectaculum
1676 1046 1817 1081 improbo-

1031 1097 1092 1116 rum
1110 1083 1257 1124 spirituum
1273 1098 1335 1118 cum
1353 1091 1442 1118 anima
1461 1091 1623 1119 luctantium
1635 1112 1642 1124 ,
1655 1092 1712 1119 Deo
1728 1096 1756 1119 et
1770 1099 1820 1118 an-

1030 1134 1099 1169 gelis
1118 1140 1259 1162 certamen
1279 1136 1478 1170 spectantibus.
1493 1135 1586 1170 Itaque
1605 1135 1720 1170 singulis
1741 1135 1819 1162 horis

1031 1179 1224 1214 producuntur
1244 1181 1278 1208 ab
1297 1182 1403 1214 anima!
1412 1182 1505 1208 multa:
1524 1185 1652 1208 recentes
1671 1180 1816 1216 cogitatio-

1031 1232 1097 1257 nes;
1115 1225 1212 1254 itidem
1228 1235 1243 1254 a
1259 1227 1328 1254 vitio
1345 1235 1455 1261 quoque
1475 1228 1606 1254 interius.
1622 1226 1721 1253 Anima
1742 1225 1816 1252 enim

1031 1273 1132 1300 multas
1146 1273 1302 1300 reconditas
1316 1273 1400 1300 habet
1412 1273 1605 1308 cogitationes.
1621 1280 1690 1307 quas
1711 1272 1744 1299 ad
1756 1272 1817 1298 'ho-

1032 1326 1089 1345 ram
1103 1319 1188 1353 ipsam
1204 1324 1332 1353 procreat
1343 1323 1371 1346 et
1382 1319 1477 1354 gignit.
1490 1319 1581 1354 Ipsum
1595 1326 1705 1353 quoque
1718 1318 1816 1344 vitium

1031 1365 1182 1399 permultas
1195 1364 1279 1392 habet
1289 1365 1469 1400 cogitationes
1481 1369 1509 1392 et
1523 1364 1624 1396 studia,
1635 1369 1663 1391 et
1675 1364 1707 1391 ad
1721 1364 1817 1390 horam

1031 1410 1161 1445 producit
1170 1410 1350 1446 cogitationes
1361 1418 1446 1438 novas
1458 1410 1590 1437 adversus
1599 1410 1728 1437 animam.
1743 1409 1820 1436 Meus

1031 1456 1133 1483 etenim
1146 1456 1240 1491 auriga
1251 1456 1470 1491 est,quaejungit
1480 1463 1593 1483 currum
1605 1455 1819 1487 animae,lenens

1032 1502 1154 1531 habenas
1169 1504 1364 1539 cogitationum
1388 1512 1395 1530 :
1415 1507 1443 1530 et
1458 1503 1546 1530 currit
1562 1502 1619 1530 illic
1637 1506 1731 1529 contra
1752 1509 1818 1528 cur-

1033 1558 1096 1578 rum
1110 1549 1218 1578 Satanae
1231 1550 1278 1578 ubi
1294 1550 1352 1586 ipse
1365 1557 1475 1586 quoque
1488 1548 1579 1584 junxit
1591 1555 1703 1576 currum
1719 1547 1820 1574 adver-

1033 1603 1080 1623 sus
1093 1597 1222 1624 animam.

1068 1642 1111 1670 Vl.
1131 1642 1318 1677 Interrogatio.
1341 1641 1370 1669 Si
1394 1642 1466 1677 quies
1489 1644 1527 1668 est
1548 1641 1654 1671 anima,
1671 1647 1720 1674 quo
1743 1643 1819 1673 pacto

1033 1687 1122 1714 dicunt
1142 1687 1225 1722 aliqui
1245 1696 1292 1715 nos
1311 1695 1363 1714 non
1382 1695 1456 1722 posse
1476 1695 1572 1718 orare,
1588 1694 1634 1713 nec
1653 1688 1819 1712 perseverant

1032 1733 1061 1760 in
1075 1734 1213 1760 oratione?

1067 1781 1221 1816 Responsio.
1246 1781 1305 1815 lpsa
1328 1780 1440 1814 requies
1463 1779 1484 1807 si
1510 1778 1647 1810 abundet,
1664 1776 1821 1812 suppeditat

1033 1827 1139 1855 viscera
1163 1827 1359 1854 misericordia:
1385 1831 1467 1860 atque
1490 1825 1542 1852 alia
1563 1823 1709 1858 obsequia,
1726 1822 1818 1854 velut,

1033 1873 1163 1901 visitandi
1185 1873 1300 1905 fratres,
1318 1870 1491 1898 ministrandi
1509 1870 1605 1897 verbo.
1628 1870 1688 1903 Ipsa
1710 1875 1820 1902 quoque

1033 1922 1132 1945 natura
1157 1917 1296 1944 desiderat
1323 1915 1468 1951 progredi,
1490 1919 1518 1942 et
1541 1914 1631 1942 visere
1656 1913 1758 1940 fratres
1783 1911 1818 1938 ad

1034 1963 1203 1998 loquendum
1218 1962 1343 1989 verbum.
1356 1961 1429 1989 Nihil
1444 1961 1518 1988 enim
1531 1963 1584 1992 est,
1597 1959 1670 1994 quod
1686 1960 1713 1986 in
1729 1958 1819 1993 ignem

1034 2008 1206 2043 conjectum,
1226 2012 1317 2042 potest
1335 2013 1498 2040 permanere
1521 2005 1549 2032 in
1568 2012 1616 2032 sua
1638 2009 1752 2035 natura,
1771 2002 1820 2029 sed

1034 2061 1147 2082 necesse
1158 2059 1200 2081 est
1210 2054 1298 2088 ipsum
1309 2060 1419 2088 quoque
1431 2052 1459 2079 in
1475 2052 1565 2087 ignem
1577 2051 1702 2078 converti
1716 2059 1723 2078 :
1735 2049 1820 2077 veluti

1035 2100 1058 2127 si
1072 2099 1200 2135 projicias
1214 2098 1323 2133 lapillos
1337 2098 1365 2125 in
1381 2097 1482 2132 ignem,
1495 2095 1645 2131 pauxillum
1658 2094 1821 2130 producitur

1035 2145 1130 2172 calcis.
1145 2144 1192 2172 Sin
1211 2144 1239 2170 in
1257 2151 1332 2171 mare
1350 2143 1444 2170 mittas
1460 2141 1629 2177 quempiam,
1643 2140 1673 2168 fit
1687 2145 1718 2168 ut
1733 2139 1822 2176 pluri-

1035 2198 1122 2222 mum,
1138 2193 1168 2217 ut
1182 2189 1326 2217 demersus
1340 2195 1369 2216 et
1382 2189 1491 2216 delatus
1508 2188 1536 2215 in
1556 2187 1679 2214 medium
1698 2187 1821 2222 pelagus,

197 2236 268 2262 κατά
293 2234 397 2270 βαθμὸν
419 2234 627 2269 εἰσερχόμενος,
653 2234 735 2260 πάλιν
753 2234 887 2269 ἀναϐῆναι
902 2234 982 2265 θέλει,

1037 2237 1166 2264 [luctibus
1179 2236 1324 2269 obruatur,
1338 2240 1366 2263 et
1378 2235 1468 2263 visum
1483 2234 1608 2269 effugiat.
1621 2233 1673 2267 Qui
1688 2241 1754 2261 vero
1772 2241 1823 2268 per

198 2281 245 2308 καὶ
268 2280 432 2307 ἐπιπλεῦσαι
458 2280 507 2306 καὶ⁴
523 2279 642 2312 ἐξελθεῖν
668 2280 710 2311 εἰς
735 2279 844 2314 λιμένα,
860 2280 908 2307 καὶ
922 2280 985 2306 ἰδεῖν

197 2327 259 2357 τοὺς
277 2327 323 2353 ἐπὶ
335 2326 386 2361 γῆς
401 2325 562 2360 ἀνθρώπους
573 2332 581 2341 ”
600 2324 686 2359 οὕτως
703 2325 751 2352 καὶ
766 2327 806 2357 εἰς
818 2327 849 2352 τὺ
862 2334 987 2361 πνευμα-

198 2372 272 2399 τικὸν
296 2371 451 2407 εἰσέρχεταί
474 2379 516 2402 τις
539 2371 579 2402 εἰς
600 2371 681 2406 βάθος
697 2371 826 2406 χάριτος,
844 2371 891 2398 καὶ
906 2371 987 2398 πάλιν

201 2416 364 2452 μνημονεύει
386 2416 440 2442 τῶν
462 2416 579 2451 ἑταίρων
600 2416 700 2449 αὑτοῦ,
730 2416 777 2443 καὶ
791 2416 861 2451 αὑτὴ
877 2417 893 2452 ἡ
908 2417 988 2450 φύσις

199 2463 271 2490 ῢέλει
287 2463 415 2490 ἀπελθεῖν
429 2463 469 2494 είς
481 2462 625 2496 ἀδελφοὺς,
641 2462 842 2499 ἀποπληρῶσαι
855 2462 905 2498 τὴν
917 2464 986 2497 ἀγά-

199 2517 263 2544 πην,
282 2509 334 2544 πλη
338 2508 493 2544 ροφορῆσαι
507 2508 597 2543 λόγον.

237 2601 272 2627 Z’.
295 2599 466 2633 Ἐρώτησις.
483 2597 550 2630 Πῶς
565 2597 690 2624 δύναται
706 2597 743 2624 τὰ
765 2597 820 2624 δύο
841 2598 987 2632 πρόσωπα

198 2644 273 2673 εἶναι
289 2645 323 2672 ἐν
336 2644 373 2679 τῇ
388 2643 503 2677 καρδίᾳ,
519 2643 568 2670 καί
582 2643 602 2676 ’ἠ
618 2643 703 2678 χάρις
716 2643 765 2670 καὶ
780 2643 799 2677 ἡ
813 2643 960 2678 ἀμαρτία;

239 2692 422 2724 Ἀπόκρισις.
441 2690 547 2725 Ὠσπερ
563 2689 627 2716 ὅταν
641 2687 659 2726 ᾖ
675 2689 731 2724 πῦρ
745 2688 844 2722 ἔξωθεν
859 2689 985 2724 χαλκίοι),

199 2737 291 2764 λοιπὸν
316 2736 363 2762 ὲάν
387 2735 527 2770 ὑποϐάλῃς
553 2734 638 2767 ξύλα,
666 2734 720 2761 ἰδοὺ
735 2734 854 2770 ἐκπυρον
869 2735 984 2769 γίνεται,

200 2785 246 2810 καὶ
259 2783 290 2810 τὺ
303 2783 404 2810 ἔσωθεν
417 2783 464 2809 τοῦ
477 2782 592 2814 σκεύους
605 2782 710 2817 ἕψεται,
728 2781 776 2809 καὶ
792 2780 916 2817 βράσσει,
934 2782 984 2809 τοῦ

236 2880 274 2913 (ὅ)
291 2881 372 2916 Εὐχή,
389 2881 485 2915 oratio,
502 2881 554 2917 legi
570 2881 661 2909 debet.

1034 2282 1136 2318 gradus
1152 2282 1316 2318 ingreditur,
1331 2281 1423 2308 denuo
1440 2280 1590 2308 ascendere
1609 2279 1757 2311 desiderat,
1771 2279 1821 2306 ad-

1035 2329 1165 2365 navigare
1177 2334 1206 2356 et
1220 2328 1313 2364 egredi
1329 2327 1363 2354 ad
1378 2331 1498 2362 portum,
1512 2330 1542 2353 ut
1557 2326 1680 2360 aspiciat,
1694 2325 1740 2360 qui
1757 2328 1822 2352 sunt

1036 2374 1064 2401 in
1080 2374 1172 2405 terris,
1187 2373 1312 2400 homines
1325 2380 1332 2399 :
1348 2372 1388 2399 sic
1400 2379 1511 2406 quoque
1525 2371 1554 2398 in
1568 2379 1597 2398 re
1612 2369 1760 2405 spirituali,
1772 2369 1822 2396 ali-

1037 2420 1100 2454 quis
1113 2419 1140 2446 in
1155 2418 1322 2453 profundum
1337 2417 1432 2452 gratiae
1443 2416 1594 2451 ingressus,
1607 2422 1716 2442 rursum
1728 2422 1823 2442 recor-

1037 2465 1119 2492 datur
1133 2464 1270 2492 sociorum
1284 2470 1409 2495 suorum,
1423 2461 1549 2497 quinimo
1564 2461 1622 2496 ipsa
1636 2465 1734 2488 natura
1750 2460 1823 2488 desi—

990 2528 993 2531 ι
1035 2511 1114 2538 derat
1128 2509 1262 2537 accedere
1280 2508 1313 2536 ad
1332 2508 1446 2541 fratres,
1459 2507 1574 2542 implere
1590 2507 1769 2540 charitatem,
1794 2511 1823 2534 et

1035 2555 1221 2584 corroborare
1236 2554 1362 2581 verbum.

1070 2601 1127 2628 νη.
1143 2600 1329 2636 Interrogatio.
1343 2598 1400 2631 Quo
1417 2603 1493 2634 pacto
1510 2601 1616 2633 possunt
1632 2598 1691 2626 dum
1705 2606 1824 2633 persona:

1037 2648 1064 2674 in
1079 2647 1157 2673 corde
1171 2646 1322 2677 consistere,
1336 2645 1424 2680 gratia
1436 2645 1562 2673 nimirum
1577 2650 1601 2672 et
1615 2645 1768 2680 peccatum!

1073 2693 1227 2728 Responsio.
1240 2692 1477 2724 Quemadmodum
1497 2695 1520 2721 si
1540 2694 1575 2720 sit
1594 2693 1665 2729 ignis
1682 2697 1760 2720 extra
1776 2700 1823 2720 vas

1038 2745 1161 2770 teneum,
1176 2741 1303 2766 caeterum
1315 2738 1339 2765 si
1351 2738 1504 2774 subjeceris
1516 2738 1600 2774 ligna,
1616 2746 1680 2767 ecce
1695 2739 1825 2778 accendi-

1039 2787 1085 2811 tur
1101 2783 1158 2818 ille,
1173 2788 1201 2812 et
1215 2783 1290 2819 quod
1307 2784 1378 2812 intra
1393 2791 1441 2812 vas
1458 2788 1510 2819 est,
1526 2785 1665 2821 coquitur,
1680 2789 1709 2814 et
1724 2785 1822 2820 fervet,
