2076 3151
255 146 307 177 767

872 142 894 172 S
922 139 1082 171 MACARII
1101 138 1263 170 EGYPTII

1827 140 1881 172 763

254 202 318 236 igne
331 199 488 227 cxtrinseco
501 205 617 226 accenso
632 206 638 225 :
655 198 678 224 si
691 205 757 225 vero
769 195 831 232 quis
846 197 975 232 negligat,
990 202 1043 223 nec

1107 195 1180 230 τυρὸς
1198 195 1297 227 ἔξωθεν
1313 195 1512 230 ὑποκαιομένου
1523 203 1531 211 ·
1559 195 1585 222 ιι
1599 194 1627 222 δέ
1640 203 1682 228 τις
1694 195 1818 233 ἀμιλήσῃ
1837 197 1884 224 καὶ

253 247 327 282 ligna
350 245 504 274 submittat.
519 244 616 278 incipit
636 243 756 278 tepidior
777 243 894 271 evadere
916 242 998 277 ignis,
1014 247 1042 269 et

254 291 454 328 propemodum
475 289 613 324 exstingui
635 298 642 317 :
662 289 702 316 sic
721 296 831 324 quoque
851 288 954 323 gratia.
973 288 1043 323 ignis

256 339 388 365 nimirum
411 335 532 363 cmlestis
549 335 620 362 intra
642 339 669 361 te
691 339 743 361 est.
763 334 856 368 Itaque
874 334 896 360 si
916 338 1044 367 precatus

255 383 356 414 fueris,
370 389 402 409 ac
419 381 571 408 contuleris
587 380 769 415 cogitationes
786 384 847 406 tuas
864 379 897 406 ad
916 379 1043 405 dilectio-

256 435 318 455 nem
341 427 455 457 Christi.
472 427 534 453 vide
557 433 612 460 quo
637 431 717 460 pacto
740 424 892 459 subjeceris
918 424 1002 458 ligna,
1017 427 1045 449 et

255 474 377 500 evadunt
399 473 581 507 cogilaliones
606 476 659 498 ture
683 471 710 497 in
727 471 836 505 ignem,
851 474 880 497 et
901 470 1045 504 tinguntur

257 518 398 545 desiderio
415 517 474 544 Dei.
491 517 525 544 Et
541 517 606 543 licet
620 515 730 543 secedat
745 515 882 550 SpirjtusI
898 515 946 549 qui
967 519 1045 541 extra

257 567 283 590 te
304 568 356 592 est.
370 562 552 589 nihilominus
571 562 653 588 etiam
675 561 745 587 intra
766 565 792 587 te
812 564 864 588 est.
878 564 907 586 et
922 564 999 586 extra
1021 564 1046 585 te

257 613 380 643 apparet.
393 608 470 641 Quod
487 608 509 634 si
525 615 591 634 vero
605 607 668 641 quis
683 605 809 633 socordia
825 605 962 637 dimuens,
977 613 1047 639 pau—

257 654 343 689 lisper
364 661 393 680 se
421 654 511 688 ipsum
535 653 626 680 tradat
647 656 695 679 aut
721 651 868 678 mundanis
893 651 976 678 rebus
1001 655 1048 677 aut

258 699 497 733 occupationibus,
508 699 600 726 denuo
616 698 694 733 135
707 697 813 725 accedit
825 697 933 729 vitium,
946 697 1049 723 induit-

259 753 313 779 que
333 746 461 775 animam,
478 753 511 771 ac
531 749 618 771 totum
640 744 779 771 hominem
799 743 920 778 adligare
940 742 1047 776 incipit.

261 789 434 817 RecOrdalur
449 797 514 824 ergo
530 790 620 815 anima
638 788 738 822 prioris
752 788 867 821 requiei,
884 792 966 822 atque
982 787 1051 814 inci.

260 835 301 870 pit
313 835 405 870 allligi,
421 839 449 862 et
464 835 604 862 continuis
616 833 747 861 arumnis
762 833 843 860 allici.

1097 241 1133 275 μὴ
1150 241 1271 276 ὑποϐάλῃ
1286 241 1362 274 ξύλα,
1377 241 1490 276 ἄρχεται
1504 241 1686 277 χλιαρώτερον
1699 242 1841 276 γίγνεσθαι
1853 243 1884 269 τδ

1095 283 1149 318 πῦρ
1158 303 1166 314 ,
1185 284 1232 310 καὶ
1250 283 1343 319 ὥσπερ
1357 284 1590 311 κατασϐέννυσθαι
1599 293 1605 298 '
1621 285 1707 317 οὕτως
1720 286 1765 312 καὶ
1775 287 1792 321 ή
1804 287 1885 321 χάρις

1093 329 1125 355 τὸ
1139 329 1195 364 πῦρ
1210 329 1240 355 τὸ
1255 330 1378 363 οὐράνιον
1393 330 1441 356 καὶ
1456 330 1556 357 ἔσωθεν
1572 330 1618 357 σού
1634 332 1702 358 ἐστι.
1721 332 1821 358 Λοιπὸν
1836 332 1885 358 ἐὰν

1095 373 1172 408 εὔξῃ,
1190 375 1238 401 καὶ
1251 374 1341 410 δὼσῃς
1355 376 1418 407 τοὺς
1432 375 1579 409 λογισμούς
1595 384 1641 401 σου
1659 377 1700 406 εἰς
1711 376 1822 411 ἀγάπην
1836 376 1883 402 τοῦ

1095 420 1213 455 Χριστοῦ
1224 441 1230 452 ,
1256 420 1295 446 ἴδε
1319 421 1377 452 πῶς
1401 421 1535 452 ὑπέϐαλες
1549 421 1583 447 τὰ
1598 421 1664 453 ξύλα
1675 441 1682 453 ,
1702 422 1749 447 καὶ
1763 422 1885 454 γίνονται

1095 467 1119 492 oi.
1134 466 1258 500 λογισμοί
1271 475 1316 493 σου
1331 467 1396 501 πῦρ,
1408 468 1455 494 καὶ
1469 467 1615 502 βάπτονται
1631 467 1671 499 είς
1684 468 1730 493 τὸν
1742 467 1823 494 πόθον
1837 467 1886 495 τοῦ

1096 513 1175 539 Θεοῦ.
1202 513 1233 539 Et
1252 513 1279 539 δὲ
1297 514 1343 539 καὶ
1360 514 1498 548 ὑποχωρεῖ
1519 514 1549 539 τὸ
1566 513 1677 546 Πνεῦμα
1699 515 1736 545 ὡς
1751 514 1885 549 ἐξώτερον

1099 567 1144 584 σου
1171 559 1312 593 γινόμενον
1328 579 1335 590 ,
1371 559 1439 585 ἀλλὰ
1462 560 1509 586 καὶ
1538 559 1639 586 ἔξωθέν
1664 559 1711 586 σού
1732 560 1810 592 ἔστι,
1838 560 1886 586 καὶ

1098 604 1198 636 ἔξωθέν
1213 613 1259 631 σου
1275 605 1488 639 παραφαίνεται.
1508 604 1572 631 Ἐὰν
1585 605 1614 630 δὲ
1630 606 1753 640 ἀμελήσῃ
1766 614 1818 636 τις,
1832 606 1887 632 ὀλίι

1098 659 1144 684 γον
1162 651 1256 681 ἐκδοὺς
1272 651 1386 683 ἑαυτὸν,
1404 651 1420 685 ἢ
1437 651 1477 682 είς
1492 651 1613 686 κοσμικὰ
1627 650 1796 685 πράγματα,
1815 651 1832 685 ἢ
1846 651 1887 682 είς

1101 697 1281 732 ρεμϐασμδν,
1310 697 1390 725 πάλιν
1413 697 1522 732 ἔρχεται
1549 697 1565 732 ἡ
1588 696 1681 728 κακία,
1702 697 1749 722 καὶ
1765 696 1887 723 ἐνδύεται

1100 743 1149 777 τὴν
1166 743 1255 777 ψυχὴν
1267 762 1274 773 ,
1299 744 1346 769 καὶ
1360 743 1420 769 ὅλον
1434 743 1480 769 τὸν
1491 742 1636 777 ἄνθρωπον
1649 742 1761 777 ἄρχεται
1775 740 1886 769 θλίϐειν.

1100 787 1274 822 Μνημονεύει
1290 787 1335 814 οὖν
1361 789 1377 822 ἡ
1397 787 1470 822 ψυχὴ
1490 788 1539 822 τῆς
1557 788 1693 823 προτέρας
1709 787 1888 818 ἀναπαύσεως

1101 833 1148 859 καὶ
1158 841 1251 868 ρχεται
1261 833 1410 865 θλίϐεσθαι,
1426 833 1474 859 καὶ
1483 833 1675 868 συνεχέστερον
1690 833 1886 868 ταλαιπωρεῖν.

297 867 483 908 Vl-ll.'lterum
500 879 620 906 intendit
633 879 742 906 animus
757 879 784 906 in
800 879 898 910 Deum,
912 878 996 913 coepit
1009 878 1049 905 illi

1138 878 1178 904 ﬂ'.
1199 877 1282 903 Πάλιν
1298 877 1448 912 προσέσχεν
1463 877 1477 902 6
1491 877 1554 908 νοῦς
1566 867 1635 912 πρὸξ
1644 880 1689 904 τδν
1700 878 1776 908 Θεὸν,
1787 867 1889 913 ἤρξατο

262 927 487 960 appropinquare
507 926 583 960 prior
603 925 727 959 requies,
744 925 840 960 incipit
861 924 1052 952 vehementius

261 972 415 1006 inquirere.
428 971 560 1006 Deprecor
575 976 610 1003 te,
625 971 673 1004 ait,
685 971 806 998 Domine.
819 971 953 998 Paulatim
968 978 1053 1005 ειη)οο

263 1017 340 1044 nitur
357 1017 383 1044 ei
404 1017 475 1051 ignis
494 1021 522 1043 et
540 1016 694 1043 accendens
712 1021 740 1043 et
756 1024 886 1043 recreans
906 1017 1023 1043 animam
1044 1024 1050 1042 :

262 1063 494 1098 quemadmodum
522 1063 620 1089 hamus
646 1062 778 1096 paulatim
804 1062 925 1089 extrahit
947 1070 962 1089 e
987 1069 1052 1097 pro—

263 1108 350 1136 fundo
372 1110 485 1144 piscem.
501 1109 558 1136 Nisi
574 1109 649 1134 enim
666 1108 719 1135 hoc
733 1108 771 1134 ita
786 1112 870 1139 esset,
884 1115 916 1135 ac
930 1111 1054 1142 gustaret

264 1155 478 1182 amaritudinem
495 1159 523 1181 et
535 1159 662 1186 mortem,
676 1161 730 1188 quo
747 1158 827 1188 pacto
843 1159 936 1188 posset
950 1153 1054 1181 discer-

263 1208 330 1229 uere
352 1208 476 1227 amarum
491 1208 507 1227 a
522 1200 606 1231 dulei,
621 1203 649 1226 et
663 1204 779 1227 mortem
795 1207 810 1226 a
823 1201 890 1232 vita,
903 1204 932 1227 et
946 1204 1053 1234 gratum

264 1255 295 1274 se
309 1247 439 1274 exhibere
451 1245 601 1272 viviﬁcanti
626 1245 716 1278 Patri,
735 1250 763 1273 et
783 1246 867 1279 Filio,
886 1251 914 1274 et
939 1246 1054 1281 Spiritui

264 1298 369 1325 sancto,
388 1293 415 1319 in
433 1291 548 1319 saacula?
562 1292 660 1319 Amen.

546 1389 688 1416 HOMILIA
706 1389 775 1416 XLI.

267 1435 403 1470 Profunda
421 1434 497 1462 ualde
512 1440 572 1462 sum
588 1435 736 1469 penetralia
755 1436 866 1467 animai,
880 1442 939 1470 qua:
957 1434 1054 1468 paula-

341 1471 387 1496 tim
400 1471 560 1496 incrementa
576 1471 669 1505 gratias
685 1475 731 1496 aut
744 1470 865 1497 vitiorum
880 1471 983 1504 accipit.

303 1525 324 1553 Ι.
339 1525 491 1552 Pretiosum
509 1533 557 1552 vas
576 1525 674 1552 anima:
693 1525 721 1552 in
739 1533 848 1552 summa
868 1525 1055 1559 profunditate

269 1572 410 1602 consistit,
432 1576 461 1597 ut
481 1571 581 1598 alicubi
607 1571 696 1605 inquit
717 1580 723 1597 :
744 1571 873 1606 Abyssum
893 1575 919 1598 et
939 1579 984 1598 car
1002 1572 1057 1606 ipse

269 1617 445 1644 scrutatur“.
462 1617 512 1644 Ubi
532 1618 606 1644 enim
626 1617 769 1644 diverterit
787 1618 869 1644 hoqu
886 1625 901 1644 a
918 1618 1056 1650 mandato,

269 1669 299 1691 et
321 1664 465 1690 sententiae
489 1664 536 1690 irae
561 1664 698 1690 obnoxius
722 1665 810 1691 factus
836 1664 937 1697 fuerit,
959 1665 1059 1698 redigit

272 1710 348 1737 illum
366 1710 392 1737 in
408 1718 483 1736 suam
499 1714 661 1744 potestatem
678 1715 831 1745 peccatum,
849 1710 921 1744 quod
943 1718 1004 1737 cum
1024 1710 1060 1737 sit

272 1756 347 1783 velut
363 1756 478 1790 abyssus
495 1756 618 1790 quaedam
638 1756 798 1783 acerbitatis
816 1756 843 1782 in
861 1757 1015 1783 subtilitate
1033 1760 1061 1783 ct

273 1801 458 1836 profundilate
481 1802 651 1833 consistens,
674 1801 827 1837 ingressum
851 1802 940 1833 intro,
959 1809 1060 1836 pascua

273 1848 373 1875 animae
393 1849 546 1882 occupavit,
565 1855 651 1882 usque
670 1848 703 1875 ad
725 1849 778 1875 ima
800 1849 860 1883 ejus
878 1848 1060 1883 receptacula.

274 1893 353 1921 Hunc
371 1899 464 1921 autem
485 1895 511 1920 in
534 1894 645 1920 modum
666 1894 880 1921 assimilabimus
898 1895 1016 1921 animam
1034 1898 1063 1921 et

274 1945 416 1975 peccatum
429 1940 603 1974 permistum,
615 1939 729 1974 perinde
741 1947 773 1966 ac
783 1940 805 1966 si
817 1940 854 1967 sit
863 1941 946 1967 arbor
956 1940 1060 1975 ingens,

273 1993 336 2020 quae
352 1986 452 2012 habeat
469 1987 570 2012 mullos
589 1993 692 2016 ramos,
710 1985 811 2012 habeat
827 1993 937 2020 quoque
956 1985 1063 2013 radices

274 2031 416 2066 profundae
431 2035 512 2058 terra:
527 2031 624 2057 inﬁxas
639 2039 647 2057 :
661 2031 701 2058 sic
712 2038 823 2065 quoque
838 2039 939 2065 pascua
955 2031 1065 2058 intimo-

274 2082 336 2102 rum
347 2075 445 2102 anima
457 2076 692 2109 reeeptaculorum
704 2076 751 2102 ubi
762 2081 911 2110 penetrans
922 2081 1062 2110 peccatum

275 2121 433 2155 occupavit,
447 2121 474 2147 in
492 2121 720 2148 consuetudinem
736 2121 795 2148 abit
808 2126 836 2148 et
850 2122 1064 2156 pneoccupatio-

275 2174 349 2198 nam,
361 2174 423 2194 cum
437 2174 604 2202 unoquoque
617 2168 652 2194 ab
666 2167 780 2195 infantia
792 2167 873 2194 simul
887 2172 1064 2203 augmentum

273 2219 389 2239 sumens
402 2218 591 2246 conversatur,
604 2218 632 2241 et
644 2213 711 2240 vitia
725 2213 832 2240 edocet.

311 2259 344 2286 Νι
356 2258 407 2287 Ubi
421 2267 487 2294 ergo
501 2259 595 2294 gratiae
606 2259 707 2286 divinae
719 2257 839 2286 emcaeia
850 2259 1065 2287 obumbraverit

275 2306 374 2332 animae
386 2312 436 2340 pro
448 2305 530 2333 modo
541 2306 758 2341 uniuscujusque
771 2305 845 2338 fidei,
854 2310 937 2341 atque.
948 2306 1066 2340 desuper

277 2351 410 2378 auxilium
424 2352 572 2386 receperit,
581 2352 672 2379 adhuc
683 2352 776 2386 aliqua
790 2352 817 2379 in
831 2357 908 2387 parte
922 2352 1067 2379 adumbrat

275 2399 373 2433 gratia.
399 2397 438 2425 Ne
463 2405 529 2433 ergo
551 2398 695 2425 arbitreris
716 2400 871 2433 quempiam
899 2403 954 2426 tota
977 2399 1067 2426 anima

275 2450 340 2470 esse
364 2443 550 2470 illuminalum
572 2451 579 2469 ι
603 2443 694 2471 adhuc
716 2445 832 2470 multum
857 2444 987 2478 pabulum
1007 2443 1065 2470 vitii

278 2488 353 2516 intus
377 2489 461 2521 latet,
484 2496 646 2523 summque
672 2489 765 2517 labore
792 2490 896 2525 indiget
918 2490 1018 2522 homo,
1040 2495 1068 2516 et

280 2534 486 2569 defatigatione,
504 2542 565 2569 qua:
586 2535 741 2562 consentiat
763 2536 869 2563 collata:
890 2536 942 2571 ipsi
963 2536 1067 2571 gratiae.

280 2579 429 2614 Propterea
448 2580 522 2607 enim
544 2581 732 2615 particulatim
754 2582 852 2616 incipit
868 2582 961 2609 divina
980 2582 1067 2617 gratia

280 2624 429 2652 adventare
453 2625 481 2652 in
504 2625 640 2658 animam,
657 2634 719 2660 quas
738 2626 781 2653 vel
807 2627 890 2654 unius
913 2626 987 2654 hora:
1010 2634 1069 2654 mo-

281 2675 375 2698 mento
389 2671 478 2705 possit
492 2671 643 2704 hominem,
658 2672 705 2699 ubi
719 2673 878 2708 expurgarit
890 2679 965 2704 eum,
979 2673 1068 2707 perfe-

280 2719 355 2741 ctum
371 2715 503 2748 reddere;
519 2723 615 2743 verum
629 2716 769 2751 utprobet
782 2715 963 2744 intentionem
981 2717 1070 2744 homi-

282 2760 335 2792 nis,
347 2767 382 2787 an
394 2760 571 2788 dilectionem
585 2768 648 2798 erga
660 2761 746 2789 Deum
763 2761 897 2797 integram
912 2767 1067 2795 conservet,

319 2849 342 2864 ⁶¹
353 2849 438 2877 Eccll.
451 2857 516 2881 nn,
531 2850 572 2877 18.

1102 923 1296 958 προσεγγίζειν
1311 923 1386 958 αὐτῷ
1408 925 1425 958 ἡ
1444 923 1564 958 προτέρα
1579 923 1732 955 ἀνάπαυσις
1744 944 1751 955 ,
1776 924 1889 958 ἄρχεται

1103 971 1289 1006 σφοδροτέρους
1303 970 1457 1005 ἐπιζητεῖν·
1476 971 1582 1005 Δέομαί
1595 979 1665 1003 σου,
1682 971 1763 1005 φησὶ,
1785 972 1872 1005 Κύριε
1882 979 1888 986 ·

1103 1017 1173 1043 κατὰ
1200 1016 1297 1051 μικρὸν
1320 1016 1494 1051 προστίθεται
1509 1016 1584 1050 αὐτῷ
1602 1017 1632 1042 τὸ
1645 1015 1701 1050 πῦρ
1715 1015 1830 1048 ἐξάπτον
1844 1016 1891 1042 καὶ

1104 1062 1245 1089 ἀναπαῦον
1269 1062 1318 1097 τὴν
1344 1061 1455 1097 ψυχήνο
1478 1061 1572 1096 ὥσπερ
1594 1063 1624 1088 τὸ
1646 1063 1792 1097 ἄγκιστρον
1819 1062 1891 1097 αἴρει

1104 1107 1136 1133 ὲκ
1151 1107 1198 1133 τοῦ
1213 1107 1295 1141 βυθοῦ
1310 1107 1355 1133 τὸν
1373 1107 1449 1142 ἰχθὺν
1463 1107 1533 1134 κατὰ
1548 1107 1654 1141 μικρόν.
1672 1108 1702 1133 Ei
1714 1107 1768 1141 γὰρ
1783 1107 1819 1141 μὴ
1831 1107 1892 1133 τοῦ·

1104 1160 1135 1178 το
1148 1149 1194 1186 ἦν,
1207 1153 1255 1178 καὶ
1269 1152 1380 1185 ἐγεύετο
1396 1152 1443 1178 τοῦ
1458 1152 1557 1187 πικροῦ
1572 1152 1620 1178 καὶ
1631 1151 1678 1178 τοῦ
1692 1152 1820 1183 θανάτου,
1833 1151 1893 1182 πῶς

1105 1197 1222 1232 ¹ὴδύνατο
1245 1198 1383 1233 διακρῖναι
1399 1199 1430 1224 τὸ
1445 1198 1544 1233 πικρὸν
1559 1199 1613 1224 ἀπὺ
1628 1198 1675 1224 τοῦ
1690 1198 1824 1232 γλυκέως,
1837 1198 1893 1225 sui.

1105 1244 1150 1269 τὸν
1164 1244 1277 1270 θάνατον
1292 1243 1347 1270 ἀπὸ
1359 1245 1408 1277 τῆς
1421 1244 1505 1278 ζωῆς,
1518 1245 1564 1270 καὶ
1576 1245 1771 1279 εὖχαριστῆσειι
1782 1244 1821 1279 τῷ
1831 1244 1893 1276 ζωο-

1105 1290 1175 1324 ποιῷ
1192 1291 1290 1324 Πατρὶ,
1307 1291 1354 1317 καὶ
1366 1290 1440 1325 Υίῷ,
1459 1290 1506 1317 καὶ
1520 1290 1591 1324 ἁγίῳ
1605 1290 1758 1325 Πνεύματι,
1776 1290 1816 1321 εις
1830 1290 1894 1321 τοὺς

1105 1335 1207 1367 αἰῶνας
1217 1344 1225 1367 ς
1250 1336 1348 1371 Ἀμήν.

1399 1391 1521 1418 ΟΜΙΛΙΑ
1537 1390 1604 1419 MA'.

1107 1435 1203 1462 Βαθέα
1217 1435 1288 1462 λίαν
1300 1435 1336 1461 τὰ
1348 1435 1404 1468 τῆς
1415 1436 1518 1469 ψυχῆς
1531 1437 1643 1470 ταμεῖα.
1654 1436 1709 1470 τῆς
1719 1436 1777 1463 ἀπὸ
1783 1436 1893 1470 μέρους

1143 1470 1181 1504 τῇ
1194 1471 1290 1505 χάριτι
1305 1471 1354 1497 καὶ
1368 1471 1433 1504 ταῖς
1447 1473 1564 1504 κακίαις
1579 1471 1858 1506 συναυξανομένης.

1144 1528 1183 1554 A'.
1201 1528 1238 1554 Τὸ
1249 1528 1339 1562 τίμιον
1352 1527 1450 1559 σκεῦος
1461 1528 1512 1562 τῆς
1524 1527 1614 1563 ψυχῆς
1625 1528 1653 1554 ὲν
1666 1527 1748 1563 πολλῇ
1763 1527 1894 1563 βαθύτητι

1108 1574 1246 1608 τυγχάνει,
1257 1573 1293 1605 ὥς
1304 1574 1353 1600 πού
1362 1575 1610 1608 φησιν,”Αϐι›σσον
1618 1574 1666 1600 καὶ
1673 1573 1895 1608 καρδίαναὺτὸς

1108 1619 1216 1654 ἐρευνᾷ
1225 1629 1231 1634 ·
1246 1620 1429 1654 ἐκτραπέντος
1440 1620 1495 1655 γὰρ
1505 1620 1551 1647 τοῦ
1564 1621 1707 1656 ἀνθρώπου
1718 1621 1765 1654 τῆς
1774 1620 1894 1653 ἐντολῆς,

1109 1666 1156 1690 καὶ
1171 1665 1223 1690 ὑπὸ
1234 1665 1371 1699 ἀπόφασιν
1384 1665 1468 1700 ὀργῆς
1480 1666 1674 1700 γεγενημένου,
1687 1665 1806 1691 λαϐοῦσα
1815 1665 1895 1691 αὑτὸν

1111 1710 1264 1746 ὑποχείριον
1279 1711 1294 1745 ἡ
1309 1711 1446 1745 ἁμαρτία,
1472 1712 1518 1737 καὶ
1535 1712 1602 1746 αὑτὴ
1618 1711 1712 1746 ὥσπερ
1726 1711 1842 1741 ἀϐυσσός
1854 1718 1895 1742 τις

1111 1757 1223 1791 πικρίας
1240 1757 1268 1782 ὲν
1280 1756 1426 1791 λεπτότητι
1441 1757 1488 1782 καὶ
1503 1757 1634 1791 βαθύτητι
1649 1757 1829 1791 τυγχάνουσα,
1842 1757 1897 1782 εἱσ-

1111 1803 1226 1829 ελθοῦσα
1242 1803 1315 1829 ἔνδον
1326 1823 1334 1835 ,
1357 1802 1407 1834 τὰς
1422 1803 1507 1839 νομὰς
1521 1803 1570 1837 τῆς
1584 1804 1671 1839 ψυχῆς
1686 1804 1828 1837 κατέσχεν,
1844 1803 1897 1834 ἕως

1111 1849 1166 1875 τῶν
1190 1849 1346 1884 βαθυτάτων
1367 1850 1452 1884 αὐτῆς
1470 1850 1600 1884 ταμείων.
1625 1849 1743 1883 Τοιούτῳ
1760 1849 1788 1875 δὲ
1805 1849 1898 1884 τρόπῳ

1113 1895 1317 1930 παρεικάσομεν
1341 1895 1390 1930 τὴν
1407 1895 1494 1930 ψυχὴν
1512 1896 1559 1921 καὶ
1574 1896 1623 1930 τὴν
1636 1895 1788 1930 ἁμαρτίαν,
1809 1895 1898 1929 μιγεῖ-

1114 1949 1164 1967 σαν
1177 1961 1184 1973 ,
1209 1940 1304 1976 ὥσπερ
1319 1941 1382 1967 ὅταν
1429 1942 1536 1976 δένδρον
1554 1942 1693 1976 μέγιστον,
1711 1940 1772 1975 ἕχον
1785 1940 1899 1971 πολλοὺς

1114 1986 1229 2017 κλῶνας·
1246 1986 1294 2021 ἔχῃ
1310 1986 1338 2012 δὲ
1351 1988 1398 2012 καί
1411 1987 1459 2018 τὰς
1471 1987 1548 2021 ῥίζας
1564 1987 1592 2013 ὲν
1607 1987 1663 2017 τοῖς
1675 1986 1835 2021 βαθυτάτοις
1849 1985 1900 2019 τῆς

1114 2032 1165 2065 γῆς
1179 2040 1185 2047 ·
1215 2031 1302 2063 οὕτως
1325 2032 1374 2063 τὰς
1395 2033 1481 2066 νομὰς
1505 2032 1559 2058 τῶν
1578 2031 1735 2066 βαθυτάτων
1749 2032 1800 2067 τῆς
1812 2031 1900 2066 ψυχῆς

1114 2078 1236 2111 ταμιείων
1251 2079 1268 2113 ὴ
1281 2078 1454 2113 παρελθοῦσα
1467 2079 1588 2114 ἁμαρτία
1603 2079 1786 2114 κατασχοῦσα,
1799 2079 1828 2105 ὲν
1838 2087 1901 2105 συν-

1114 2123 1195 2158 nilei;
1220 2124 1316 2158 γέγονε
1342 2125 1390 2150 καὶ
1404 2124 1548 2159 προλήψει,
1565 2125 1672 2160 ἑκάστῳ
1689 2124 1819 2160 νηπιόθεν
1837 2133 1901 2151 συν-

1115 2170 1298 2205 αυξανομένη,
1316 2170 1363 2196 καὶ
1377 2171 1410 2196 τὰ
1426 2170 1499 2197 κακὰ
1512 2170 1715 2198 ἑκδιδάσκουσα.

1149 2259 1186 2286 Β’.
1206 2259 1292 2286 Ἐπὰν
1306 2259 1396 2286 τοίνυν
1412 2260 1521 2295 χάριτος
1532 2260 1606 2292 θείας
1619 2260 1742 2295 ἐνέργεια
1755 2259 1900 2296 ἐπισκιάσει]

1114 2307 1146 2340 τῇ
1161 2306 1234 2340 ψυχῇ
1261 2305 1333 2332 κατὰ
1352 2305 1382 2332 τὸ
1400 2306 1497 2342 μέτρον
1513 2305 1563 2340 τῆς
1580 2307 1694 2333 ἑκάστου
1710 2306 1837 2340 πίστεως,
1855 2306 1902 2333 καὶ

1113 2351 1222 2384 δέξηται
1247 2350 1349 2377 ἄνωθεν
1375 2351 1514 2386 βοήθειαν,
1542 2351 1633 2386 ἀκμὴν
1651 2353 1679 2377 ὲν
1695 2351 1772 2386 μέρει
1786 2351 1839 2377 τινὶ
1854 2351 1904 2377 ἰπ-

1115 2396 1240 2422 εσκίασεν
1269 2397 1285 2430 ή
1309 2397 1398 2431 χάρις.
1430 2396 1474 2430 Μὴ
1500 2397 1598 2433 νομίσῃ
1623 2396 1669 2424 οὖν
1703 2406 1754 2430 τις,
1774 2398 1837 2433 ὃλην
1853 2399 1904 2432 τὴν

1115 2442 1204 2476 ψυχὴν
1232 2442 1401 2475 πεφώτισται
1412 2449 1421 2458 ’
1449 2443 1542 2478 ἀκμὴν
1558 2442 1642 2477 πολλὴ
1657 2444 1726 2479 νομὴ
1742 2444 1792 2478 τῆς
1807 2443 1905 2475 κακίας

1117 2489 1191 2514 ἔνδον
1206 2488 1282 2520 ἐστὶ,
1310 2488 1357 2514 καὶ
1382 2488 1478 2514 ¹ιιολλοῦ
1502 2488 1585 2515 πόνου
1607 2489 1686 2524 χρεία
1710 2489 1757 2515 καὶ
1780 2484 1904 2524 καμάτου

1118 2533 1157 2568 τῷ
1181 2533 1316 2569 ἀνθρώπῳ
1340 2534 1548 2569 συμφωνοῦντος
1570 2536 1603 2570 τῇ
1623 2535 1692 2570 πρὸς
1707 2535 1787 2561 αὑτδν
1804 2536 1905 2570 χάριτι.

1121 2579 1171 2606 Διὰ
1186 2580 1264 2607 τοῦτο
1280 2580 1335 2615 γὰρ
1357 2581 1403 2607 καὶ
1419 2580 1472 2607 ἀπὸ
1489 2581 1588 2616 μέρους
1604 2581 1706 2616 ἦρξα-ιο
1721 2582 1738 2616 ἡ
1754 2581 1812 2608 θεία
1826 2581 1907 2616 χάρις

1120 2625 1263 2661 ὲπιφοιτᾷν
1287 2626 1319 2661 τῇ
1342 2625 1415 2661 ψυχῇ
1429 2646 1437 2659 ,
1462 2626 1600 2662 δυναμένη
1619 2628 1688 2662 ῥοπῇ
1710 2626 1785 2662 ὥρας
1801 2628 1846 2654 τὸν
1859 2628 1906 2653 ἂν·

1120 2672 1229 2706 θρωπον
1252 2672 1424 2707 καθαρίσασα
1447 2673 1599 2700 τελειῶσαι.
1626 2673 1695 2699 Ἀλλ’
1714 2673 1757 2700 ἴνα
1773 2673 1907 2708 δοκιμάσῃ

1118 2717 1169 2751 τὴν
1190 2717 1349 2753 προαίρεσιν
1371 2718 1418 2744 τοῦ
1439 2718 1593 2754 ἀνθρώπου,
1613 2719 1636 2746 ει
1650 2720 1700 2754 τὴν
1713 2719 1822 2753 ἀγάπην
1840 2719 1908 2753 πρὸς

1119 2763 1188 2789 Θεὸν
1202 2762 1348 2799 ὁλόκληρον
1363 2762 1511 2796 ἀποσώζει,
1530 2764 1568 2799 μὴ
1583 2763 1737 2797 συνδυάζων
1750 2764 1787 2800 τῷ
1799 2763 1909 2800 πονηρῷ
