2076 3151
200 207 256 242 ’169

793 203 979 236 ΗΟΜΙΙᾸΕ.
992 215 1023 222 -
1033 203 1120 234 HOM
1151 202 1246 234 XLII.

1784 201 1839 236 πο

202 266 232 292 ὲν
246 263 341 300 μηδενὶ
351 283 359 296 ,
376 262 435 291 ἀλλ’
449 262 511 291 δλον
524 263 559 299 τῇ
574 261 666 298 χάριτι
681 261 778 289 ἑαυτὸν
790 260 911 292 ἐκδιδούς
922 268 931 277 ·
949 260 997 287 καὶ

1054 258 1127 286 nullo
1138 265 1254 293 prorsus
1266 256 1361 287 habito
1373 257 1542 287 commercio
1554 264 1619 286 cum
1633 256 1775 293 improbo;
1790 258 1841 287 sed

166 312 172 324 ‘
202 309 289 341 οῦτως
305 309 489 345 εὐδοκιμοῦσα
503 309 520 344 ἡ
534 309 608 344 ψυχὴ
623 308 730 344 χρόνοις
745 307 794 335 καὶ
808 308 915 343 καιροῖς
924 327 933 340 ,
948 306 997 334 καὶ

202 357 253 391 τὴν
277 355 358 391 χάριν
382 356 412 382 ἐν
436 355 532 391 μηδενὶ
554 354 676 382 λυποῦσα
686 348 704 386 ,”
720 353 790 389 μήτε
805 353 996 388 ἑνυϐρίζουσα,

203 402 236 428 ἐκ
259 401 307 427 τοῦ
329 401 390 427 κατ’
408 400 498 435 ὀλίγον
520 399 668 435 βοηθεῖται.
687 399 742 426 Καὶ
758 398 828 434 αὑτὴ
843 397 872 424 δὲ
887 398 903 432 ἡ
917 397 997 432 χάρις

203 447 290 482 νομὴν
304 446 437 482 λαμϐάνει
455 447 484 473 ὲν
498 448 531 482 τῇ
545 447 629 482 ψυχῇ,
645 446 693 473 καὶ
706 445 759 477 ἕως
770 445 825 472 τῶν
839 443 998 480 βαθυτάτων

205 494 290 528 αὐτῆς
314 493 406 529 μερῶν
428 493 476 520 καὶ
494 492 679 528 διαλογισμῶν
695 491 829 528 ῥιζοῦται,
845 491 875 518 ὲν
890 490 998 525 καιροῖς

205 538 327 565 πλείοσιν
348 537 547 572 εὐδοκιμοὺσης
569 537 616 564 καὶ
635 535 834 571 συμφωνούσης
848 534 897 569 τῆς
907 533 999 577 ψυχῆς

205 584 238 619 τῇ
265 583 374 619 χάριτι·
402 583 454 614 ἕως
471 579 503 610 οῦ
520 583 570 617 ὅλη
583 583 601 618 ἡ
616 581 690 618 ψυχὴ
706 580 863 616 περιληφθῇ
882 579 935 606 ὑπὸ
948 579 998 614 τῆς

207 629 370 665 ἐπουρανίου
392 629 504 665 χάριτος
516 649 525 663 ,
553 628 645 656 λοιπὸν
669 626 866 663 βασιλευούσης
879 626 909 653 ὲν
922 625 999 661 αὐτῷ

206 685 245 712 τῳ
261 684 363 702 σκευει.

242 765 280 793 I".
305 764 371 792 Ἐὰν
393 763 424 791 δέ
447 771 489 796 τις
515 760 585 798 μὴῇ
608 762 638 789 ὲν
651 759 888 797 ταπεινοφροσύνῃ
902 759 998 794 πολλῇ,

208 810 384 846 παραδίδοται
406 807 484 841 οῦτος
507 808 546 844 τῷ
569 808 692 844 Σατανᾷ,
722 808 769 834 καὶ
791 806 999 842 άπογυμνοῦται

207 857 257 892 τῆς
274 856 340 891 πρὸς
355 855 437 883 αὐτὸν
450 855 600 890 γενομένης
615 854 690 886 θείας
703 854 826 890 χάριτος,
839 853 886 880 καὶ
900 851 999 888 πειρά-

208 903 285 936 ζεται
300 903 330 930 ὲν
341 901 447 937 θλίψεσι
460 900 582 933 πολλαῖς,
599 899 647 927 καὶ
662 899 722 927 τότε
737 898 901 934 φανεροῦται
915 895 999 924 αὑτοῦ

207 949 225 984 ἡ
238 948 337 983 οίησις,
354 947 396 974 ὅτι
410 946 512 982 γυμνδς
526 945 575 973 καὶ
588 944 761 980 ταλαίπωρος
773 943 901 979 ὑπάρχει.
910 941 1000 977 Ὀφεί-
1015 938 1038 967 Β

207 993 249 1021 λει
264 991 311 1020 οὖν
335 994 350 1020 ό
365 992 488 1020 πλουτῶν
508 993 542 1028 τῇ
556 991 650 1028 χάριτι
664 990 711 1017 τοῦ
725 989 794 1017 Θεοῦ
809 990 839 1017 ιν
854 989 938 1024 πολλῇ
953 996 1001 1016 τα-

209 1039 408 1076 πεινοφροσύνῃ
422 1039 470 1066 καὶ
483 1037 647 1073 συντριμμῷ
660 1037 775 1073 καρδίας
788 1036 935 1072 ὑπάρχειν,
953 1034 1002 1062 καὶ

207 1086 246 1118 ὡς
261 1086 369 1121 πτωχὸν
383 1086 431 1113 καὶ
447 1085 529 1121 μηδὲν
543 1084 640 1120 ἔχοντα
654 1083 750 1110 ἑαυτὸν
761 1081 901 1118 ἠγεῖσθαιυ
920 1080 1000 1108 άλλόο

207 1140 284 1167 τριον
308 1131 392 1159 αὑτοῦ
416 1132 487 1164 ἐστι,
507 1131 555 1158 καὶ
569 1130 650 1161 ἄλλος
664 1129 765 1156 ἔδωκεν
778 1128 854 1164 αὐτῷ
866 1148 875 1160 ,
894 1128 942 1154 καὶ
957 1127 1002 1154 ὅτε

209 1177 335 1213 βούλεται
352 1176 426 1212 αἴρει
440 1175 518 1203 αὑτό.
535 1175 565 1202 '0
583 1174 670 1206 οὕτως
685 1172 822 1200 ταπεινῶν
839 1171 936 1198 ἑαυτὸν
954 1169 1002 1197 ἐπὶ

209 1222 277 1250 Θεοῦ
303 1223 351 1249 καὶ
374 1221 526 1258 ἀνθρώπων
536 1243 544 1256 ,
564 1221 676 1248 δύναται
691 1218 856 1254 διαφυλάξαι
869 1218 919 1254 τὴν
934 1217 1003 1254 πρὸς

210 1270 292 1297 αὑτὸν
307 1269 456 1304 γενομένην
471 1268 566 1304 χάριν,
582 1267 674 1299 καθώς
692 1274 784 1302 φησιν,
810 1265 841 1293 '0
855 1263 1004 1292 ταπεινῶν

206 1315 319 1343 ἑαυτὸν
329 1314 531 1349 ὑψωθήσεται·
548 1313 648 1349 καίπερ
661 1313 699 1340 ῶν
711 1311 838 1344 ἐκλεκτὸς
851 1310 929 1343 Θεοῦ,
938 1310 1004 1346 παρ’

209 1361 301 1397 ἑαυτῷ
316 1360 601 1396 ἁποδεδοπιμασμένος
616 1360 674 1395 ﬁte)
685 1367 693 1375 υ
721 1359 770 1386 καὶ
786 1358 823 1384 ὢν
839 1357 945 1388 πιστὸς,
963 1356 1001 1388 ὡς

211 1408 320 1440 ἀνάξιον
344 1408 440 1434 ἑαυτὸν
462 1406 594 1442 ἡγείσθω.
615 1405 746 1432 Τοιαῦται
771 1404 826 1440 γὰρ
849 1403 935 1439 ψυχαὶ
957 1402 1004 1429 εὐ-

211 1454 356 1490 αρεστοῦσι
370 1453 441 1488 Θεῷ,
456 1454 504 1479 καὶ
518 1451 715 1485 ζωοποιοῦνται
730 1452 759 1478 ὲν
771 1449 891 1487 Χριστῷ,
902 1445 925 1484 ᾦ
935 1449 953 1484 ὴ
963 1447 1006 1475 δό-

213 1499 247 1533 ξα
261 1499 310 1526 καὶ
323 1498 354 1526 τὸ
367 1498 468 1534 κράτος
484 1499 525 1530 είς
541 1498 604 1529 τοὺς
616 1496 730 1528 αἰῶνας.
751 1495 850 1533 Ἀμήν.

507 1554 630 1582 OMIAIA
645 1555 713 1582 MB'.

1046 309 1137 332 totum
1153 305 1248 341 gratiae
1263 312 1294 333 se
1310 305 1402 341 ipsum
1418 305 1509 333 tradat
1523 313 1533 333 :
1550 304 1660 340 hocque
1676 309 1758 340 pacto
1775 312 1842 340 pro-

1047 352 1111 380 bata
1132 356 1256 387 tempore
1275 356 1305 380 et
1321 352 1530 388 opportunitate
1549 352 1653 385 anima,
1668 352 1842 388 gratiamque

1047 399 1076 426 in
1091 399 1167 426 nulla
1182 406 1296 434 prorsus
1306 406 1338 426 re
1349 398 1526 430 contristaris,
1536 406 1589 426 nec
1601 398 1657 425 ulla
1670 398 1842 426 contumelia

1048 442 1188 475 alliciens,
1205 450 1221 470 a
1237 442 1348 470 modico
1363 447 1474 478 sumpto
1492 442 1573 470 initio
1589 442 1724 470 auxilium
1741 450 1842 470 conse-

1048 489 1153 524 quitur.
1171 489 1232 524 Ipsa
1244 495 1355 524 quoque
1368 489 1456 524 gratia
1470 493 1580 524 pastum
1594 489 1623 516 in
1635 489 1727 516 anima
1741 488 1838 520 sumit.

1048 539 1077 563 et
1091 536 1125 562 ad
1141 535 1370 570 profundissimas
1389 543 1478 570 usque
1496 536 1558 570 ejus
1577 540 1671 570 partes
1691 539 1720 563 et
1735 535 1842 570 cogita-

1050 581 1140 609 tiones
1161 581 1268 609 radices
1289 581 1385 614 mittit,
1400 589 1465 609 cum
1487 581 1516 609 in
1535 581 1629 608 multis
1650 580 1844 609 occasionibus

1049 627 1164 663 probata
1187 627 1240 660 sit,
1256 631 1284 655 et
1306 628 1485 655 consentiens
1507 627 1602 662 gratia:
1626 626 1734 659 anima.
1752 627 1843 654 donec

1051 677 1108 701 tota
1124 673 1216 701 anima
1231 673 1362 709 absorpta
1377 677 1420 701 est
1436 681 1451 700 a
1470 673 1576 701 celesti
1598 672 1702 709 gratia,
1718 678 1845 708 postmo-

1051 718 1116 746 dum
1130 720 1158 747 in
1174 719 1234 754 ipso
1248 727 1313 747 vase
1327 724 1470 755 regnante.

1085 765 1131 792 Ill.
1144 764 1224 798 Quod
1240 766 1264 793 si
1281 773 1347 793 vero
1361 767 1425 801 quis
1436 773 1492 793 non
1509 764 1649 793 studuerit
1662 773 1777 793 summa
1793 765 1845 793 hu-

1050 809 1176 843 militati,
1191 810 1309 838 traditur
1324 812 1378 838 iste
1396 810 1519 843 Satanas,
1533 814 1562 839 et
1576 810 1734 838 denudatus
1749 811 1844 838 divina

1051 855 1104 884 sibi
1117 855 1217 884 collata
1231 856 1330 892 gratia,
1343 860 1468 884 tentatur
1480 855 1676 884 aﬂlictionibus
1692 855 1802 890 multis;
1813 860 1844 884 et

1053 905 1111 929 tum
1131 901 1323 929 manifestatur
1339 902 1400 937 ejus
1419 900 1600 935 existimatio,
1612 901 1687 937 quod
1705 901 1798 929 nudus
1813 905 1844 930 et

1051 955 1226 976 aerumnosos
1241 948 1287 976 sit.
1301 947 1389 976 Debet
1401 955 1477 983 ergo,
1493 948 1540 983 qui
1558 948 1680 983 locuples
1698 953 1741 976 est
1754 948 1843 984 gratia

1051 993 1162 1027 divina,
1179 994 1207 1021 in
1229 994 1315 1021 multa
1338 993 1495 1021 humilitate
1513 998 1542 1021 et
1561 994 1729 1022 contritione
1748 993 1844 1022 cordis

1051 1039 1175 1072 versari,
1201 1044 1230 1067 et
1253 1038 1330 1066 velut
1355 1047 1505 1075 pauperem
1534 1047 1568 1068 ac
1595 1039 1666 1067 nihil
1696 1039 1844 1068 habentem

1055 1086 1136 1121 136
1163 1093 1192 1114 se
1223 1085 1314 1121 ipsum
1340 1085 1516 1119 existimare;
1549 1085 1671 1114 alienum
1700 1089 1743 1114 est
1771 1085 1847 1121 quod

1053 1131 1148 1165 habet,
1164 1131 1290 1167 aliusque
1309 1131 1364 1160 sibi
1384 1131 1472 1164 dedit,
1491 1135 1520 1160 et
1537 1132 1648 1167 quando
1667 1132 1738 1164 vult,
1755 1132 1848 1160 aufert

1053 1177 1134 1205 illud.
1147 1177 1200 1211 Qui
1218 1177 1271 1205 hoc
1288 1181 1370 1213 pacto
1386 1185 1416 1205 se
1435 1177 1524 1212 ipsum
1542 1177 1684 1209 humiliat,
1698 1181 1754 1205 tam
1772 1177 1846 1213 apud

1052 1222 1139 1249 Deum
1159 1229 1242 1257 quam
1266 1221 1403 1252 homines.
1421 1226 1513 1257 potest
1532 1229 1697 1249 conservare
1718 1222 1847 1250 collatam

1051 1267 1105 1295 sibi
1120 1267 1247 1303 gratiam,
1259 1271 1290 1295 ut
1301 1268 1392 1302 inquit
1405 1276 1412 1294 :
1426 1267 1479 1301 Qui
1490 1275 1518 1295 se
1528 1267 1662 1300 Immiliat,
1673 1267 1846 1296 multabitur.

1053 1313 1088 1341 Et
1109 1313 1235 1349 quamvis
1257 1314 1295 1341 sit
1318 1314 1425 1342 electus
1448 1314 1512 1347 Dei,
1531 1313 1605 1349 apud
1629 1321 1660 1341 se
1682 1313 1848 1349 reprobatns

1052 1364 1114 1388 esto
1130 1371 1136 1388 :
1149 1360 1276 1395 quamvis
1291 1361 1328 1388 sit
1343 1360 1442 1393 ﬁdelis.
1459 1361 1535 1388 velut
1551 1360 1695 1396 indignum
1709 1368 1739 1388 se
1754 1359 1847 1395 ipsum

1054 1411 1176 1442 reputet.
1200 1406 1343 1442 Ejusmodi
1365 1406 1440 1434 enim
1467 1407 1566 1435 animae
1591 1407 1648 1434 Deo
1672 1414 1849 1442 summopere

1053 1452 1173 1487 placent.
1188 1455 1218 1479 et
1231 1451 1409 1480 viviﬁcantur
1421 1459 1472 1488 per
1484 1452 1637 1480 Christum.
1651 1451 1703 1480 Cui
1718 1452 1806 1488 gloria
1818 1456 1849 1481 et

1055 1498 1178 1533 potentia
1191 1498 1220 1526 in
1234 1499 1344 1526 saecula.
1357 1498 1457 1526 Amen.

1331 1556 1475 1584 HOMILIA
1493 1555 1575 1584 XLII.

212 1603 261 1637 Μὴ
287 1603 324 1630 τὰ
342 1603 469 1641 ἔξωθεν,
482 1600 564 1629 ἀλλὰ
577 1600 750 1641 τὰρνᾷορεν
762 1598 884 1641 πίροργει
897 1597 1005 1641 ἧβλά-

1055 1601 1116 1641 Non
1148 1606 1269 1641 externa,
1284 1601 1465 1641 sgdjnfegnp
1493 1605 1647 1641 promovent
1675 1605 1723 1628 aut
1751 1598 1851 1641 ίαςιίμιιιι

247 1635 312 1665 ,ᾔτει
337 1639 392 1665 τὸν
414 1638 588 1671 ἄνθρωπον,
612 1636 731 1670 δηλαδὴ
753 1635 787 1662 τὸ
808 1635 864 1670 τῆς
883 1635 1006 1670 χάριτος

248 1673 379 1708 Πνεῦμα,
395 1673 414 1707 ἢ
431 1673 464 1700 τὸ
473 1671 595 1707 πνεῦμα
608 1671 663 1706 τῆς
674 1671 831 1705 πονηρίας.

247 1731 286 1758 A'.
305 1731 412 1766 Ὠσπερ
427 1730 476 1758 ἐὰν
522 1729 601 1761 πόλις
618 1728 741 1763 μεγάλη,
758 1727 860 1764 ἔρημος
873 1727 902 1755 δὲ
951 1727 1006 1754 τῶν

212 1777 327 1814 τειχέων
340 1776 554 1811 διαλελυμένων,
570 1775 618 1802 καὶ
630 1774 683 1801 ὑπὸ
695 1774 800 1810 ἐχθρῶν
812 1774 915 1810 ληφθῇ,
929 1773 1007 1800 οὐδὲν

212 1824 262 1858 τῆς
285 1823 495 1858 μεγαλειότητος
518 1821 635 1856 δφελος·
663 1820 795 1857 ζητητέον
809 1818 855 1847 οὖν
871 1820 918 1847 καὶ
939 1819 1006 1856 [alii

213 1869 305 1906 κατὰ]
324 1870 353 1896 τὺ
365 1869 495 1904 μέγεθος,
515 1868 558 1894 ἵνα
574 1867 624 1904 ἔχῃ
641 1867 689 1894 καὶ
701 1866 779 1902 τείχη
791 1866 877 1902 ὀχυρά
893 1865 962 1900 πρὸς
976 1865 1007 1891 ἰδ

215 1915 253 1949 μὴ
281 1915 344 1945 τοὺς
370 1913 485 1948 ἐχθροὺς
511 1913 625 1939 εἰσιέναι
641 1919 649 1927 ·
675 1910 748 1938 οὕτω
764 1911 796 1947 δὴ
813 1911 861 1938 καὶ
877 1910 962 1945 ψυχαὶ
977 1910 1006 1937 αι

213 1959 420 1995 κεκοσμημέναι
438 1958 538 1993 γνώσει
556 1958 603 1985 καὶ
620 1959 739 1991 συνέσει,
757 1957 805 1985 καὶ
820 1957 858 1993 νῷ
871 1957 1006 1992 ὀξυτάτῳ,

213 2005 252 2037 ὡς
280 2005 372 2037 πόλεις
395 2005 451 2031 είσὶ
477 2005 608 2041 μεγάλαι.
628 2004 710 2031 Ἀλλά
727 2004 871 2040 ζητητέον,
891 2004 916 2030 εί
933 2003 1006 2038 ὠχύ-

214 2060 316 2087 ρωνται
332 2053 366 2088 τῇ
378 2052 492 2086 δυνάμει
506 2051 553 2078 τοῦ
567 2051 738 2086 Πνεῦματος,
754 2052 860 2086 μήποτε
875 2050 901 2076 οἱ
912 2049 1007 2084 ἐχθροὶ

214 2098 378 2130 εἰσελθόντες
393 2097 576 2134 ἐρημώσωσιν
589 2097 685 2129 αὐτάς.
703 2098 735 2124 OI
749 2097 803 2132 γὰρ
817 2095 895 2131 σοφοὶ
905 2095 953 2122 τοῦ
964 2095 1007 2122 κό-

215 2154 296 2180 σμου,
317 2145 519 2180 Ἀριστοτέλης,
536 2144 552 2180 ἢ
570 2144 694 2178 Πλάτων,
710 2144 727 2179 ἢ
743 2143 892 2179 Σωκράτης
904 2163 911 2176 ,
938 2142 1006 2178 φρό-

214 2200 288 2227 νιμοι
303 2191 378 2223 ὄντες
401 2193 430 2218 ὲν
446 2191 557 2225 γνώσει,
575 2190 670 2226 ὥσπερ
687 2189 780 2221 πόλεις
796 2189 914 2225 μεγάλαι
927 2187 1007 2222 ὲτύγ-

214 2246 306 2273 χανον,
324 2237 383 2264 ἀλλ’
397 2237 496 2273 ἔρημοι
508 2234 579 2272 ἦσαν
591 2236 644 2263 ὑπὸ
654 2235 771 2271 ἐχθρῶν,
784 2235 828 2262 διὰ
842 2235 873 2261 τὺ
887 2234 925 2270 μὴ
937 2232 1005 2261 εἶναι

214 2283 326 2319 Πνεῦμα
340 2282 408 2310 Θεοῦ
424 2283 452 2310 ὲν
465 2283 567 2314 αὐτοῖς.
929 2308 957 2322 η,

249 2330 288 2357 B'.
316 2329 394 2356 Ὅσοι
418 2328 448 2356 δέ
472 2329 540 2355 είσιν
565 2327 671 2355 ἰδιῶται
694 2327 803 2362 μέτοχοι
819 2326 868 2362 τῆς
883 2326 1005 2362 χάριτος,

214 2376 309 2413 ὥσπερ
332 2376 425 2408 πόλεις
447 2374 547 2410 μικραί
563 2375 632 2401 εἰσιν
647 2374 830 2410 ὠχυρωμένας.
845 2374 879 2409 τῇ
893 2372 1007 2408 δυνάμει

215 2422 263 2449 τοῦ
286 2420 414 2457 σταυροῦ.
435 2420 617 2448 Ἐκπίπτουσι
640 2420 669 2446 δὲ
692 2419 744 2455 τῆς
763 2419 876 2455 χάριτος
892 2418 947 2446 ἀπὸ
961 2418 1008 2445 δύο

216 2467 400 2504 πραγμάτων,
417 2467 466 2494 καὶ
482 2466 666 2493 ἀπόλλυνται·
685 2465 702 2502 ἢ
719 2466 761 2492 ὅτι
777 2465 828 2497 τὰς
841 2464 1009 2500 ἐπιφερομέ-

216 2523 265 2546 νας
280 2514 384 2549 θλίψεις
398 2513 449 2548 οὐχ
465 2512 664 2548 ὑπομένουσιν·
692 2512 709 2547 ἢ
733 2511 775 2538 ὅτι
793 2512 834 2543 εἰς
848 2511 898 2543 τὰς
911 2510 1009 2546 ἡδονὰς

216 2562 265 2593 τῆς
282 2560 421 2596 ἁμαρτίας
441 2559 628 2594 ὲνηδυνθεῖσαι
643 2559 795 2593 άπέμειναν
818 2557 882 2594 [alii
898 2557 1009 2592 ὲνηδυν-

217 2606 295 2641 θῆναι
312 2604 501 2642 ὑπέμειναν]⁶
528 2605 558 2632 οὐ
581 2605 709 2631 δύνανται
726 2603 781 2640 γὰρ
803 2603 829 2630 οἱ
846 2602 1010 2634 διοδεύοντες

219 2652 284 2680 ἄνευ
308 2651 471 2687 πειρασμῶν
492 2651 616 2678 διελθεῖν,
634 2651 740 2686 Ὠσπερ
756 2649 784 2676 δὲ
805 2650 834 2676 έν
853 2648 892 2684 τῷ
907 2647 1011 2683 τοκετῷ

217 2698 236 2731 ἡ
249 2699 393 2734 προσαίτις
409 2697 456 2724 καὶ
470 2697 487 2732 ὴ
500 2695 606 2730 βασιλὶς
621 2695 671 2727 τὰς
685 2695 770 2726 αὑτὰς
782 2694 880 2725 ὠδῖνας
891 2693 1010 2728 ἔχουσιν,

218 2745 319 2779 ὁμοίως
333 2744 381 2770 καὶ
391 2743 408 2778 ἠ
419 2743 454 2777 γῆ
470 2742 518 2768 τοῦ
531 2740 661 2768 πλουσίου
671 2741 719 2767 καὶ
730 2740 776 2767 τοῦ
787 2739 915 2774 πένητος,
936 2739 961 2765 εί
973 2739 1012 2774 μὴ

220 2790 268 2826 τὴν
280 2790 392 2816 δέουσαν
397 2788 467 2824 λάϐῃ
474 2786 652 2824 [ἀρόείαν],οὺ
663 2786 776 2813 δύναται
787 2787 910 2821 καρποὺς
919 2785 1012 2818 ἀξίους

220 2836 362 2870 ινεγκεῖν·
390 2833 462 2861 οῦτω
483 2834 531 2860 καὶ
553 2835 582 2860 ιν
604 2834 637 2868 τῇ
658 2832 776 2868 ἐργασίᾳ
796 2832 846 2867 τῆς
863 2831 963 2867 ψυχῆς,
980 2831 1011 2858 οὐ

221 2882 314 2918 σοφὸς,
329 2881 360 2908 οὗ
373 2881 502 2912 πλούσιος
515 2879 544 2906 ὲν
557 2880 590 2915 τῇ
603 2879 696 2914 χάριτι
711 2877 866 2913 βασιλεύει,
885 2878 910 2904 εί
926 2877 964 2913 μὴ
978 2877 1012 2904 δι’

219 2927 370 2964 ὕπομονῆς,
385 2927 432 2954 καὶ
444 2926 570 2962 θλίψεων,
586 2925 633 2952 καὶ
647 2933 680 2951 κα
686 2924 778 2960 μάτων
792 2924 897 2953 πολλῶν
907 2932 913 2940 ·
929 2925 944 2952 ό
957 2923 1012 2961 γὰρ

383 2973 518 3004 Ρλτιιοι..
541 2973 598 3004 Gn.
620 2971 751 3004 XXXIV.

1093 1638 1243 1671 hominem,
1268 1636 1348 1665 veluti
1376 1635 1499 1673 Spiritus
1515 1636 1629 1673 gratim,
1657 1641 1705 1664 aut
1739 1635 1851 1671 spiritus

1094 1673 1227 1708 nequitirz.

1090 1729 1113 1758 I.
1127 1728 1365 1762 Quemadmodum
1378 1729 1401 1757 si
1414 1728 1498 1757 fuerit
1509 1728 1578 1757 urbs
1588 1729 1696 1765 ingens,
1709 1736 1798 1765 eaque
1814 1728 1852 1757 sit

1057 1775 1177 1809 deserta,
1186 1775 1274 1802 muris
1283 1775 1412 1802 videlicet
1423 1775 1576 1808 dissolutis.
1585 1780 1669 1810 atque
1679 1776 1714 1803 ab
1723 1776 1852 1804 hostibus

1057 1827 1152 1858 capta,
1168 1822 1244 1849 nulla
1259 1821 1459 1858 magnitudinis
1473 1826 1515 1849 est
1531 1822 1652 1850 utilitas:
1665 1823 1851 1858 expetendum

1057 1876 1123 1904 ergo
1142 1872 1185 1896 est
1203 1872 1306 1904 praeter
1325 1868 1555 1903 magnitudinem,
1572 1872 1603 1895 ut
1621 1869 1722 1897 habeat
1741 1876 1852 1904 quoque

1057 1920 1152 1941 muros
1166 1912 1270 1945 ﬁrmos,
1284 1920 1319 1940 ne
1332 1912 1426 1940 hostes
1440 1912 1571 1940 invadant
1584 1921 1590 1940 :
1606 1914 1647 1941 sie
1661 1921 1727 1941 sane
1740 1921 1852 1950 quoque

1057 1958 1166 1991 animae,
1182 1962 1322 1986 exornatae
1342 1958 1456 1986 scientia
1476 1961 1505 1986 et
1523 1958 1675 1992 intellectu,
1691 1963 1719 1987 et
1740 1960 1851 1996 ingenio

1057 2005 1228 2038 acutissimo,
1240 2004 1316 2032 velut
1328 2012 1433 2040 magna:
1445 2010 1510 2032 sunt
1524 2005 1616 2032 urbes.
1627 2005 1764 2033 Caeterum
1777 2014 1853 2041 qua:-

1058 2050 1186 2084 rendum,
1195 2058 1230 2078 an
1243 2050 1357 2078 munitae
1371 2051 1427 2078 sint
1438 2050 1540 2079 virtute
1553 2050 1684 2086 Spiritus,
1693 2059 1728 2079 ne
1740 2051 1852 2087 quando

1056 2096 1152 2124 hostes
1178 2097 1316 2125 irruentes
1342 2097 1502 2125 desolentur
1526 2104 1583 2125 eas.
1611 2097 1754 2134 Sapientes
1775 2098 1851 2126 enim

1057 2143 1141 2179 hujus
1165 2143 1262 2171 mundi
1286 2143 1460 2176 Aristoteles,
1478 2143 1555 2171 Plato
1577 2143 1620 2172 vel
1646 2143 1784 2177 Socrates.
1803 2144 1852 2180 qui

1058 2197 1153 2217 rerum
1175 2189 1302 2216 notitiam
1322 2189 1469 2222 callebant,
1482 2190 1571 2218 instar
1589 2197 1751 2225 magnarum
1771 2195 1852 2218 erant

1057 2234 1187 2268 urbium;
1201 2242 1298 2262 verum
1314 2234 1413 2263 vastati
1429 2239 1509 2263 erant
1523 2235 1558 2263 ab
1575 2235 1711 2271 hostibus,
1727 2245 1762 2265 eo
1778 2237 1852 2273 quod

1019 2281 1044 2311 Β
1056 2287 1112 2308 non
1128 2284 1202 2308 esset
1212 2280 1334 2316 Spiritus
1347 2281 1394 2308 Dei
1410 2281 1437 2308 in
1451 2281 1528 2316 ipsis.

1091 2326 1125 2354 II.
1151 2326 1315 2362 Quicunque
1339 2334 1407 2354 vero
1432 2335 1467 2354 el
1494 2327 1588 2355 idiotis
1612 2328 1761 2363 participes
1785 2332 1850 2358 sunt

1055 2372 1165 2408 gratiae,
1189 2372 1266 2400 velut
1289 2372 1373 2400 urbes
1395 2380 1489 2408 parvae
1511 2377 1591 2405 sunt,
1612 2373 1726 2401 munitae
1748 2373 1851 2403 virtute

1058 2418 1159 2446 crucis.
1175 2418 1314 2446 Excidunt
1326 2425 1393 2446 vero
1408 2426 1425 2446 a
1442 2419 1531 2454 gratia
1547 2419 1651 2454 duplici
1666 2418 1702 2447 de
1717 2426 1810 2451 causa,
1822 2424 1852 2448 et

1058 2467 1188 2499 pereunt,
1197 2467 1246 2491 aut
1256 2463 1331 2498 quod
1343 2463 1434 2491 illatas
1444 2464 1608 2492 alllictiones
1619 2471 1673 2492 non
1686 2465 1850 2498 sustineant.

1059 2515 1107 2538 aut
1122 2510 1196 2546 quod
1213 2510 1403 2545 voluptatibus
1419 2510 1525 2546 peccati
1543 2518 1572 2539 se
1590 2511 1700 2539 deliniri
1717 2513 1853 2547 permise-

1059 2558 1127 2585 rint.
1147 2557 1208 2585 Non
1228 2558 1303 2585 enim
1327 2562 1445 2593 possunt
1467 2558 1514 2592 qui
1539 2562 1727 2592 transmeant,
1748 2559 1852 2595 absque

1061 2603 1262 2631 tcntationibus
1288 2607 1447 2639 penetrare.
1471 2603 1708 2636 Quemadmodum
1732 2611 1799 2640 ergo
1823 2605 1853 2633 in

1061 2654 1159 2684 partu,
1174 2649 1342 2685 paupercula
1359 2653 1387 2677 et
1403 2649 1497 2685 regina
1514 2650 1625 2678 eosdem
1642 2650 1752 2678 dolores
1769 2652 1854 2679 susti-

1061 2700 1140 2728 nent,
1157 2695 1254 2724 itidem
1270 2703 1381 2730 quoque
1397 2700 1470 2723 terra
1487 2695 1582 2723 divitis
1599 2699 1627 2723 et
1643 2697 1783 2731 pauperis.
1799 2697 1853 2725 nisi

1061 2741 1272 2770 convenientem
1287 2741 1426 2776 acceperit
1437 2741 1565 2774 imbrem,
1578 2749 1632 2769 non
1645 2746 1737 2776 potest
1747 2742 1854 2771 fructus

1062 2786 1161 2822 dignos
1172 2785 1327 2822 producere
1339 2795 1345 2813 :
1357 2786 1398 2813 sic
1407 2793 1518 2821 quoque
1529 2786 1558 2814 in
1569 2785 1731 2826 operatione
1743 2787 1853 2822 anim.

1064 2840 1119 2860 non
1133 2831 1254 2867 sapiens,
1267 2839 1323 2859 non
1335 2831 1458 2867 locuples
1469 2831 1497 2859 in
1508 2832 1596 2867 gratia
1610 2840 1723 2868 regnum
1737 2833 1854 2867 obtinet,

1063 2879 1116 2907 nisi
1131 2886 1179 2914 per
1192 2877 1378 2912 tolerantiam,
1393 2877 1557 2907 amictiones
1570 2882 1598 2906 et
1612 2878 1721 2908 labores
1737 2880 1856 2914 multos;

1063 2924 1284 2954 Christianorum
1297 2923 1373 2954 enim
1386 2924 1444 2953 vita
1457 2924 1593 2962 ejusmodi
1608 2933 1670 2954 esse
1683 2925 1775 2955 debet.
1791 2926 1857 2956 Pcr—

1601 2972 1639 3016 ²ς⁵
