2076 3151
255 206 305 239 ⁷71

872 197 902 228 S.
921 193 1082 227 MACARII
1099 191 1261 224 EGYPTH

1824 188 1878 221 '17!

255 266 320 292 inde
340 270 372 290 ac
390 261 442 289 mel
461 260 542 288 dulce
561 257 633 293 quod
653 260 705 289 est,
720 255 790 283 nihil
810 254 928 289 suscipit.
945 252 1041 284 amari,

1108 251 1264 287 [ριστιανῶν
1278 250 1334 286 βίος
1345 248 1447 284 ὀφείλει
1459 247 1579 280 τοιοῦτος
1589 244 1669 274 εἶναι.
1677 245 1783 282 Ὠσπερ
1792 247 1823 273 τὺ
1834 247 1880 281 μέ-

255 317 308 338 nee
331 306 457 336 venenati
485 305 551 340 quid
577 303 714 336 admittit;
738 301 778 329 sic
801 299 846 328 isti
871 305 1042 334 quacunque

256 355 409 385 evenerint,
427 353 485 380 sive
509 352 592 382 bona,
610 350 667 377 sive
691 348 775 380 mala,
796 345 906 381 benigni
921 349 996 375 sunt.
1013 347 1044 371 ut

257 401 346 435 inquit
364 399 496 426 Dominus
518 406 524 423 :
545 397 636 424 Estote
655 395 770 430 benigni,
781 394 848 420 sicut
867 391 945 418 Pater
960 394 1045 417 vester

257 446 376 473 czrlestis.
391 445 465 477 Quod
480 445 549 470 enim
567 443 637 470 laedit
651 446 674 468 et
688 441 809 476 inquinat
820 439 960 469 hominem,
972 437 1044 464 intus

258 497 305 519 est.
322 491 392 518 Nam
415 491 447 517 de
468 489 544 516 corde
565 493 659 516 exeunt
683 487 852 522 cogitationes
875 483 955 511 malae
965 482 998 515 ⁸⁸,
1015 486 1046 508 ut

257 537 392 565 Dominus
415 536 464 568 ait,
483 534 614 570 quoniam
638 541 699 568 qua:
723 532 869 567 inquinant
893 529 1044 562 hominem,

259 583 367 610 intenta
381 585 456 609 sunt.

294 720 340 748 lli.
351 719 428 746 intus
442 726 506 754 ergo
521 723 563 746 est
574 717 601 744 in
615 717 706 744 anima
717 722 817 750 repens
829 718 857 742 et
867 713 1046 749 progrediens

261 767 375 802 spiritus
399 765 525 797 maliti:e,
542 762 675 790 rationale
699 760 892 796 impulsivum,
908 758 981 794 quod
1005 761 1048 785 est

259 812 386 839 velamen
408 810 595 840 tenebrarum,
608 812 686 835 vetus
707 807 836 833 nimirum
857 805 949 837 homo,
965 811 1048 838 quem

261 860 371 892 oportet
391 863 438 882 eos
461 855 508 890 qui
530 854 564 881 ad
583 853 730 881 Dominum
750 851 922 886 confugiunt,
936 856 1048 880 exuere.

261 906 345 935 atque
365 900 479 927 induere
498 899 637 926 caelestem
658 902 687 924 et
705 903 808 924 novum
830 894 986 924 hominem,
1002 894 1049 928 qui

1094 298 1121 324 λι
1140 297 1226 331 γλυκὺ
1247 296 1381 330 τυγχάνον
1393 315 1401 327 ,
1427 294 1503 320 οὐδὲν
1524 292 1679 328 ἐπιδέχεται
1695 291 1748 318 τῶν
1763 291 1881 327 πικρῶν,

1094 342 1111 378 ἢ
1134 341 1189 368 τῶν
1206 341 1317 368 ἰοϐόλων
1334 338 1496 375 μεταλαϐεῖν
1509 345 1517 354 ·
1546 337 1633 368 οὕτως
1650 337 1728 363 αὐτοὶ
1745 337 1812 363 πᾶσι
1826 338 1882 367 τοῖς

1096 385 1290 422 ἐπερχομένοις
1301 406 1308 418 ,
1333 385 1388 411 εῐτε
1402 383 1515 418 ἀγαθοῖς
1531 384 1587 410 εἴτε
1602 382 1730 417 πονηροῖς
1740 402 1748 414 ,
1771 382 1884 417 χρηστοὶ

1096 433 1285 468 τυγχάνουσιν,
1301 431 1338 463 ὣς
1353 439 1434 465 φησιν
1449 431 1463 456 ὀ
1474 429 1587 464 Κύριος,
1602 429 1732 455 Γίνεσθε
1745 427 1883 462 χρηστοὶ,

1095 478 1136 512 ὡς
1159 479 1176 505 ό
1194 477 1296 511 Πατὴρ
1314 476 1399 511 ὑμῶν
1422 477 1438 504 ὀ
1456 475 1610 509 οὐράνιος·
1628 473 1662 500 τὸ
1676 473 1886 508 τὰρβλάπτον

1096 523 1145 551 καὶ
1156 523 1279 559 μιαῒνον
1292 523 1347 550 τὸν
1356 522 1523 556 ἄνθρωπον,
1536 520 1660 548 ἔνδοθέν
1673 520 1770 546 ἐστιν·
1784 519 1818 546 ἐκ
1832 519 1886 553 γὰρ

1097 569 1153 603 τῆς
1169 568 1291 602 καρδίας
1314 567 1530 601 ἐκπορεύονται
1546 564 1735 600 διαλογισμοὶ
1749 564 1884 598 πονηροὶ,

1097 613 1189 646 καθὼς
1201 615 1215 640 ό
1228 613 1329 649 Κύριος
1341 613 1426 648 λέγει,
1437 612 1479 640 ὃτι
1489 612 1524 639 τὰ
1533 611 1675 638 κοινοῦντα
1685 610 1731 637 τὸν
1741 610 1885 646 ἄνθρωπον

1097 660 1203 687 ἔνδοθέν
1217 660 1301 687 ἐστιν.

1133 706 1171 732 1".
1181 705 1305 732 Ἐνδοθεν
1319 702 1364 732 οὖν
1379 705 1452 731 ἐστιν
1466 703 1496 729 ὲν
1508 703 1542 738 τῇ
1555 702 1628 737 ψυχῇ
1641 701 1726 737 ἕρπον
1736 700 1784 728 καὶ
1792 700 1888 736 προϊὸν

1099 752 1209 786 πνεῦμα
1225 751 1358 786 πονηρίας
1369 770 1376 782 ,
1401 749 1556 784 λογιστικὸν
1573 747 1730 783 κινητικὸν,
1747 748 1815 782 ὅπερ
1830 747 1888 773 ἐστὶ

1098 798 1129 824 τὸ
1153 798 1284 833 κάλυμμα
1307 796 1355 823 τοῦ
1377 796 1506 827 σκότους,
1525 795 1539 821 ὀ
1554 794 1669 825 παλαιὸς
1684 794 1844 829 ἄνθρωπος,
1859 793 1889 819 ὃν

1099 843 1140 870 δεῖ
1164 843 1227 874 τοὺς
1253 842 1292 878 τῷ
1309 842 1370 877 Θεῷ
1387 840 1610 877 προσφεύγοντας
1624 839 1822 870 ἀποδύσασθαι,
1843 838 1890 865 καὶ

1103 888 1267 915 ἐνδύσασθαι
1281 888 1325 914 τὸν
1340 887 1502 922 ἐπουράνιον
1516 885 1564 913 καὶ
1575 885 1668 912 καινὸν
1681 884 1822 920 ἄνθρωπον
1836 903 1844 916 ,
1861 883 1891 914 ὃς

262 929 308 974 est
321 946 459 973 Christus.
474 945 548 972 Nihil
565 950 631 979 ergo
647 949 754 974 eorum,
767 948 828 975 qua:
843 945 957 968 externa
973 943 1048 971 sunt,

1108 936 1160 961 ἐστι
1173 934 1301 970 Χριστός.
1313 933 1395 960 Οὐδὲν
1405 933 1452 959 οὖν
1465 932 1520 959 τῶν
1532 931 1632 964 ἔξωθεν
1644 930 1772 966 βλάπτειν
1780 929 1891 956 δύναται

262 991 363 1019 laedere
378 994 468 1026 potest
482 990 631 1020 hominem,
647 987 699 1015 nisi
715 987 761 1022 qui
777 986 855 1019 vivit,
869 989 1009 1020 operatur,
1022 989 1051 1012 et

263 1037 370 1064 habitat
397 1036 425 1063 in
455 1035 538 1063 corde
565 1034 678 1069 spiritus
704 1033 891 1060 tenebrarum.
917 1031 1051 1065 Quocirca

264 1082 454 1117 unusquisque
472 1081 499 1108 in
517 1079 731 1115 cogitationibus
745 1078 803 1105 suis
816 1077 899 1105 debet
913 1082 1052 1105 certamen

265 1128 345 1160 inire,
362 1132 393 1155 ut
412 1128 553 1154 illucescat
572 1125 650 1154 cordi
671 1126 730 1161 ejus
749 1123 884 1152 Christus.
899 1123 950 1151 Cui
966 1122 1051 1158 gloria

265 1175 293 1201 in
308 1174 418 1201 saecula.
431 1173 528 1200 Amen.

488 1228 567 1263 137
584 1227 726 1256 iiOMlLiA
741 1227 833 1254 XLIII.

265 1269 304 1302 De
317 1281 455 1310 progressu
468 1273 518 1310 viri
540 1272 696 1310 Christiani,
710 1273 784 1310 cujus
798 1276 854 1310 tota
870 1271 907 1297 vis
933 1278 964 1297 ex
979 1270 1055 1297 corde

406 1309 546 1344 dependet,
559 1312 586 1335 ut
601 1308 643 1335 hic
658 1308 731 1334 varie
740 1306 910 1334 describitur.

301 1429 324 1456 i.
338 1426 573 1462 Quemadmodum
587 1426 621 1453 ab
651 1426 708 1462 igni
727 1425 916 1453 accenduntur
938 1425 1058 1451 lucernae

267 1474 361 1500 multat
373 1477 401 1499 et
415 1471 553 1506 lampades
564 1471 709 1503 ardentes;
725 1475 831 1497 cunctae
842 1477 908 1497 vero
919 1469 1058 1504 lampades

268 1523 295 1545 et
303 1518 423 1545 lucernae
434 1517 468 1544 ab
479 1524 533 1543 una
545 1521 643 1543 natura
655 1515 844 1543 accenduntur
854 1520 881 1542 et
895 1515 1057 1550 splendent:

269 1565 310 1591 sic
327 1571 437 1598 quoque
458 1562 608 1590 Christiani
626 1562 660 1589 ab
677 1570 731 1589 una
753 1567 849 1589 natura
871 1561 1059 1588 accenduntur

1103 981 1149 1008 τὸν
1164 980 1322 1016 ἄνθρωπον,
1347 980 1371 1006 εί
1388 979 1424 1015 μὴ
1440 978 1470 1005 τὸ
1482 979 1536 1010 ζῶν
1552 977 1600 1005 καὶ
1612 977 1787 1011 ἐνεργητικὸν
1802 975 1833 1002 τὸ
1848 976 1892 1001 ὲν-

1105 1026 1197 1054 οικοῢν
1213 1027 1243 1052 ὲν
1258 1027 1291 1061 τῇ
1307 1025 1407 1061 καρδίᾳ
1423 1024 1534 1058 πνεῦμα
1549 1024 1661 1054 σκότους
1673 1030 1680 1038 ·
1699 1022 1771 1049 ὥστε
1785 1021 1831 1048 οὖν
1846 1022 1892 1048 τὸν

1106 1073 1200 1106 ἀγῶνα
1216 1072 1330 1102 ἕκαστος
1345 1072 1375 1097 ὲν
1390 1072 1445 1102 τοῖς
1458 1070 1598 1105 λογισμοῖς
1615 1068 1718 1104 ὀφείλει
1732 1067 1892 1102 κεκτῆσθαι,

1105 1119 1149 1146 ἵνα
1165 1119 1306 1155 ἐπιλάμψῃ
1321 1120 1355 1154 τῇ
1370 1118 1470 1154 καρδίᾳ
1481 1117 1564 1144 αὑτοῦ
1576 1118 1590 1144 6
1601 1115 1730 1151 Χριστός.
1745 1112 1780 1149 Ὦ
1797 1116 1813 1150 ἠ
1829 1114 1894 1148 δόξα

1106 1165 1145 1196 είς
1163 1165 1226 1196 τοὺς
1238 1164 1350 1195 αἰῶνας.
1369 1164 1466 1199 Ἀμήν.

1387 1220 1509 1247 ΟΜΙΛΙΑ
1539 1219 1606 1247 Mi".

1108 1267 1177 1302 Περὶ
1205 1265 1260 1302 τῆς
1287 1265 1444 1302 προκοπῆς
1473 1266 1534 1302 toﬁ?
1553 1266 1746 1302 Xpmtzaroﬁi
1767 1264 1894 1302 ἀνδρὸς,

1143 1300 1182 1336 ἧς
1211 1300 1297 1328 πᾶσα
1311 1300 1341 1334 ‘1}
1368 1301 1495 1336 δύναμις
1522 1301 1556 1327 ἐκ
1589 1302 1643 1335 τῆς
1675 1301 1799 1335 καρδίας
1822 1300 1896 1336 ἀξιο-

1144 1334 1313 1370 κρεμαμέγη
1342 1334 1449 1369 early,
1476 1335 1578 1371 ὥσπερ
1603 1334 1745 1369 ποικίλως
1766 1334 1895 1363 ἐνταῦθα

1144 1371 1348 1405 dmi-migrat.

1148 1427 1189 1454 Ν.
1205 1427 1311 1461 ’Ὠσπερ
1323 1426 1376 1452 ἀπὸ
1390 1426 1437 1453 τοῦ
1455 1427 1540 1462 πυρὸς
1553 1427 1684 1455 ἅπτονται
1699 1427 1790 1463 λύχνοι
1803 1427 1896 1454 πολλοὶ

1113 1471 1159 1497 καὶ
1175 1470 1315 1506 λαμπάδες
1329 1470 1492 1504 καιόμεναι,
1508 1472 1593 1498 πᾶσαι
1606 1472 1634 1499 δὲ
1650 1473 1677 1500 ai
1691 1472 1832 1507 λαμπάδες
1849 1472 1897 1499 καὶ

1112 1516 1137 1542 οί
1146 1515 1236 1551 λύχνοι
1249 1516 1302 1543 άπὸ
1315 1516 1378 1550 μιᾶς
1391 1515 1498 1549 φύσεως
1509 1517 1672 1544 ἀνάπτονται
1682 1518 1728 1544 καὶ
1744 1518 1894 1552 φαίνουσιν·

1112 1561 1199 1592 οὕτως
1216 1561 1262 1587 καὶ
1275 1562 1298 1588 oi
1313 1561 1472 1597 Χριστιανοὶ
1487 1562 1541 1589 ἀπὸ
1561 1563 1626 1597 μιᾶς
1642 1562 1750 1597 φύσεως
1764 1563 1898 1589 ἀνάπτονο

269 1615 297 1636 ct
318 1610 421 1642 lucent,
443 1608 514 1644 ignis
531 1608 664 1635 nimirum
682 1608 780 1639 divini,
799 1606 862 1634 Filii
880 1607 927 1634 Dei
946 1615 952 1633 :
967 1611 995 1633 et
1010 1606 1056 1633 ha-

1109 1615 1164 1639 ται,
1181 1607 1228 1633 καὶ
1238 1606 1374 1641 φαίνουσι,
1389 1607 1435 1633 τοῦ
1454 1607 1539 1644 πυρὸς
1553 1607 1599 1634 τοῦ
1610 1608 1694 1642 θείου,
1709 1608 1756 1635 τοῦ
1769 1608 1833 1634 Υἱοῦ
1848 1607 1897 1634 τοῦ

271 1655 337 1681 bent
348 1653 487 1688 lampades
497 1652 626 1680 ardentes
639 1652 666 1679 in
682 1652 812 1679 cordibus
831 1651 899 1684 suis,
912 1651 1058 1685 lucentque

271 1698 299 1724 in
321 1701 468 1732 conspectu
491 1697 562 1732 ejus,
587 1696 632 1724 vel
653 1696 744 1723 adhuc
762 1696 788 1723 in
823 1699 896 1723 terra
916 1695 1057 1730 degentes,

272 1743 343 1769 sicut
357 1747 384 1769 et
414 1741 482 1777 ipse.
510 1742 600 1776 inquit
627 1742 722 1769 enim:
749 1741 894 1775 Propterea
924 1740 997 1767 unin
1035 1744 1059 1766 te

272 1788 353 1818 Deus,
371 1788 438 1815 Deus
453 1792 512 1814 tuus
539 1787 596 1815 oleo
622 1788 722 1815 (milia:
737 1788 770 1814 ".
789 1787 894 1814 idcirco
909 1786 1060 1821 appellatus

273 1840 315 1862 est
326 1834 462 1867 Christus,
477 1838 506 1861 ut
522 1841 555 1862 eo
571 1834 629 1868 ipso
647 1834 719 1866 oleo,
731 1841 786 1868 quo
803 1833 860 1868 ipse
883 1837 925 1860 est
949 1837 1058 1864 unctus,

272 1889 324 1908 nos
336 1889 444 1916 quoque
467 1881 541 1907 uncti
559 1880 655 1907 ﬁamus
679 1880 792 1913 Christi,
818 1879 953 1915 ejusdem,
971 1884 1001 1906 ut
1024 1878 1060 1905 ita

274 1926 373 1956 dicant,
394 1925 564 1955 substantize.
582 1929 609 1952 et
629 1924 711 1951 unius
728 1924 862 1958 corporis.
883 1923 975 1958 inquit
996 1931 1060 1949 rur-

275 1978 333 1998 sum
356 1979 363 1996 τ
384 1969 435 2001 Qui
455 1969 615 2004 sanctiﬁcat,
639 1973 663 1996 et
674 1969 719 2003 qui
739 1968 938 2002 sauciiﬁcanlur
965 1975 1060 1994 exuuo

275 2023 363 2043 omnes
374 2015 408 2042 “.

310 2103 344 2129 ιι.
363 2101 474 2129 Similes
489 2101 572 2136 igitur
587 2105 651 2128 sunt
669 2101 816 2128 Christiani
832 2109 865 2128 ex
882 2100 971 2135 aliqua
984 2104 1061 2135 parte

275 2148 398 2175 lucernis
409 2147 575 2174 habentibus
592 2147 682 2174 oleum
705 2148 732 2174 in
749 2155 789 2178 se,
811 2147 864 2174 hoc
891 2151 932 2174 est
957 2146 1062 2173 fructus

275 2193 398 2228 jnstitim,
410 2197 437 2219 et
449 2192 500 2219 nisi
518 2192 806 2219 accendaturlucerna
821 2193 849 2219 in
867 2193 907 2219 eis
922 2200 937 2219 a
950 2192 1062 2219 lucerna

277 2238 380 2268 divina,
404 2237 472 2264 nihil
491 2242 562 2264 sunt.
584 2237 715 2264 Dominus
727 2242 785 2264 erat
815 2238 927 2264 lucerna
951 2237 1060 2269 ardens,

1109 1652 1188 1683 Θεοῦ,
1206 1653 1252 1679 καὶ
1271 1653 1363 1688 έχουσι
1376 1655 1426 1686 τὰς
1443 1654 1589 1689 λαμπάδας
1613 1654 1762 1689 καιομένας
1784 1655 1824 1685 εἰς
1845 1654 1898 1685 τὰς

1110 1699 1222 1733 καρδίας
1237 1699 1343 1730 αὐτῶν,
1364 1700 1411 1727 καὶ
1426 1701 1552 1735 φαίνουσι
1567 1701 1736 1727 κατενώπιον
1761 1698 1843 1727 αὑτοῦ
1867 1699 1898 1725 ἐν

1110 1746 1144 1779 γῇ
1162 1744 1247 1777 ὀντες,
1262 1745 1353 1777 καθὼς
1367 1746 1414 1773 καὶ
1431 1746 1521 1778 αὑτός.
1537 1747 1618 1780 Λέγει
1641 1747 1706 1781 γὰρ,
1734 1746 1785 1773 Διὰ
1808 1746 1898 1773 τοῦτο

1110 1789 1214 1823 ἔχρισέ
1229 1796 1266 1815 σε
1284 1790 1300 1816 ὀ
1319 1790 1389 1822 Θεός
1409 1797 1467 1816 σου
1483 1789 1588 1816 ἔλαιον
1604 1789 1821 1823 ἀγαλλιάσεως.
1848 1788 1898 1814 Διὰ

1111 1835 1189 1862 τοῦτο
1215 1835 1331 1871 Χριστὸς
1352 1835 1488 1870 ἐπεκλήθη
1503 1857 1509 1868 ,
1529 1835 1573 1861 ἵνα
1589 1835 1628 1870 τῷ
1650 1834 1724 1867 αὐτῷ
1750 1833 1851 1868 ἐλαίῳ.
1875 1829 1899 1868 ᾧ

1112 1882 1191 1913 αὐτὸς
1206 1881 1329 1917 ἐχρίσθη,
1347 1883 1394 1909 καὶ
1411 1883 1491 1917 ἡμεῖς
1505 1880 1662 1917 χρισθέντες
1672 1880 1814 1915 γενώμεθα
1830 1881 1900 1915 Χρι-

1113 1927 1181 1959 στοὶ,
1197 1926 1246 1960 τῆς
1257 1926 1352 1961 αὐτῆς,
1363 1927 1399 1958 ὡς
1407 1927 1504 1958 εἰπεῖν,
1519 1925 1614 1956 οὐσίας
1628 1925 1676 1951 καὶ
1691 1925 1750 1955 ἐνὸς
1762 1924 1898 1958 σώματος.

1112 1972 1195 2006 Λέγει
1210 1972 1302 2003 πάλιν,
1322 1972 1359 1998 '0
1371 1980 1404 1998 τε
1413 1971 1550 2006 ἁγιάζων,
1565 1970 1614 1997 καὶ
1633 1971 1659 1996 οί
1672 1969 1852 2004 ἁγταζόμενοι
1863 1969 1900 2000 ἐξ

1112 2016 1181 2049 ἐνὸς
1200 2016 1321 2047 πάντες.

1149 2105 1187 2132 Β¹.
1215 2104 1353 2131 Ἐοίκασιν
1381 2102 1428 2131 οὖν
1455 2105 1480 2131 oi
1513 2104 1673 2139 Χριστιανοὶ
1703 2103 1731 2129 ἐν
1757 2101 1797 2128 ἑνὶ
1824 2101 1902 2137 μέρει

1114 2150 1237 2185 λυχνίαις
1253 2151 1381 2185 ἐχούσαις
1396 2149 1426 2177 τδ
1439 2150 1529 2177 ἔλαιον
1538 2151 1567 2176 ἐν
1583 2150 1688 2181 αὐταῖς,
1705 2147 1827 2175 τούτεστι
1839 2147 1903 2178 τοὺς

1114 2197 1237 2232 καρποὺς
1255 2197 1304 2232 τῆς
1318 2196 1501 2232 δικαιοσύνης.
1524 2196 1587 2223 Ἐὰν
1601 2195 1629 2222 δὲ
1663 2195 1700 2230 μὴ
1718 2194 1790 2230 ἁφθῇ
1806 2193 1902 2228 λύχνος

1115 2241 1147 2268 ἐκ
1162 2241 1210 2267 τοῦ
1225 2241 1322 2276 λύχνου
1337 2242 1388 2276 τῆς
1401 2241 1529 2276 θεότητος
1549 2242 1578 2268 ὲν
1595 2241 1687 2271 αὐτοῖς
1698 2259 1706 2272 ,
1722 2240 1798 2267 οὐδέν
1810 2240 1878 2266 εἰσιν
1893 2247 1900 2254 ·

277 2291 389 2320 propter
406 2285 538 2319 Spiritum
553 2284 704 2312 divinitatis
718 2289 873 2312 manentem
890 2273 1056 2311 substaittia-

1113 2287 1128 2313 ό
1144 2286 1246 2322 Κύριος
1255 2273 1289 2322 ἦν
1301 2287 1315 2313 ὁ
1327 2273 1422 2322 λύχνος
1438 2288 1451 2313 ὀ
1463 2273 1617 2322 καιόμενος.
1631 2286 1674 2314 διὰ
1687 2286 1716 2313 τὸ
1731 2286 1841 2320 Πνεῦμα
1854 2285 1904 2320 τῆς

278 2331 341 2358 liter
356 2331 382 2357 in
395 2330 464 2365 ipso,
482 2334 509 2357 et
520 2330 716 2357 accendentem
742 2331 802 2365 ejus
815 2338 863 2357 eor
874 2337 925 2364 pro
942 2329 1062 2356 humana

278 2382 384 2404 natura.
399 2376 515 2403 Perinde
529 2383 594 2403 vero
611 2383 643 2403 ac
660 2376 682 2403 si
695 2375 908 2410 sitmarsupium
924 2374 1062 2410 putidum,

278 2423 389 2458 plenum
402 2421 555 2456 margaritis
571 2429 578 2447 :
597 2421 637 2449 sic
662 2429 772 2455 quoque
799 2420 960 2453 Christiani,
973 2420 1062 2454 quoad

278 2472 423 2495 externum
440 2467 591 2499 hominem,
609 2467 729 2493 humiles
752 2466 855 2493 debent
873 2473 944 2498 esse,
960 2469 988 2492 et
1000 2465 1064 2493 vilis

278 2513 455 2545 conditionis,
470 2512 545 2540 intus
558 2520 626 2540 vero
652 2513 680 2539 in
709 2513 835 2539 interiori
863 2512 974 2539 homine
991 2511 1065 2538 obti-

275 2563 346 2587 nent
360 2559 508 2594 pretiosam
546 2559 732 2594 margaritam.
755 2558 884 2585 Nonnulli
916 2565 981 2584 vero
1004 2562 1068 2584 sunt

279 2605 415 2640 sepulcris
447 2605 582 2632 dealbatis
608 2604 722 2636 similes,
741 2604 863 2631 exterius
886 2604 996 2638 quidem
1018 2603 1067 2630 de-

279 2650 346 2686 picti
370 2655 398 2678 et
408 2650 488 2678 valde
502 2649 639 2685 splendidi
652 2650 686 2682 ",
704 2649 778 2676 intus
791 2657 856 2676 vero
878 2649 950 2684 pleni
963 2649 1066 2677 ossium

280 2699 453 2723 mortuorum
471 2715 478 2728 ,
502 2695 599 2722 fetoris
623 2695 703 2722 multi
725 2700 753 2722 et
774 2695 921 2730 spirituum
953 2695 1068 2721 immun-

281 2741 397 2774 dorum;
423 2741 526 2768 mortui
540 2745 606 2768 sunt
621 2749 636 2767 a
663 2741 737 2768 Deo:
752 2746 834 2776 atque
856 2741 929 2768 omni
948 2741 1067 2775 turpitu-

282 2785 309 2813 di
323 2793 357 2820 te,
374 2787 504 2815 sordibus
513 2792 540 2814 et
551 2787 675 2814 tenebris
688 2787 837 2814 adversarii
852 2786 952 2814 induti.

316 2908 342 2950 V"
354 2909 421 2938 Luc.
433 2918 471 2944 vt,
485 2910 533 2944 56;
549 2911 645 2940 Matth.
657 2920 701 2945 xv,
715 2912 760 2940 li.
798 2912 820 2928 “
834 2911 905 2939 Psal.
922 2919 982 2943 xu,
995 2910 1020 2938 8.

1069 2911 1092 2927 ⁸⁵
1109 2911 1194 2938 Hebr.
1207 2919 1236 2941 ιι.
1248 2911 1274 2938 2.

1117 2333 1245 2367 θεότητος
1260 2333 1290 2360 τὸ
1309 2334 1387 2368 μένον
1410 2334 1546 2364 οὐσιωδῶς
1565 2334 1594 2359 ὲν
1612 2333 1686 2368 αὐτῷ
1700 2353 1708 2365 ,
1723 2333 1771 2358 καὶ
1794 2330 1904 2358 ὲκκαίον

1118 2378 1199 2405 αὐτοῦ
1213 2378 1261 2413 τὴν
1278 2378 1392 2413 καρδίαν
1402 2378 1474 2405 κατὰ
1489 2379 1519 2405 τδ
1530 2378 1710 2414 ἀνθρώπινον.
1723 2377 1828 2411 Ὥσπερ
1849 2376 1904 2411 γὰρ

1117 2423 1165 2449 ἐὰν
1212 2423 1352 2457 βαλάντιον
1369 2423 1471 2457 σαπρὸν
1486 2423 1701 2458 πεπληρωμένον
1714 2422 1903 2458 μαργαριτῶν,

1118 2467 1189 2494 οὕτω
1205 2468 1253 2494 καὶ
1264 2469 1289 2494 οἱ
1305 2468 1463 2504 Χριστιανοὶ
1471 2467 1509 2503 τῷ
1523 2468 1620 2500 ἔξωθεν
1636 2466 1771 2502 ἀνθρώπῳ
1783 2466 1906 2493 ταπεινοὶ

1117 2513 1270 2547 ὀφείλοντες
1288 2510 1357 2540 εἶναι
1374 2514 1420 2540 καὶ
1432 2513 1675 2549 εὐκαταφρόνητοι,
1692 2513 1796 2540 ἔνδοθεν
1811 2513 1850 2543 είς
1862 2511 1906 2538 τὸν

1117 2557 1170 2584 ἔσω
1191 2557 1334 2593 ἄνθρωπον
1357 2558 1448 2593 ἔχουσι
1473 2559 1518 2585 τὸν
1544 2558 1693 2594 πολύτιμον
1721 2558 1904 2594 μαργαρίτην.

1119 2603 1229 2638 Ἕτεροι
1241 2603 1268 2630 δέ
1279 2605 1331 2630 εἰσι
1348 2605 1444 2638 τάφοις
1477 2606 1682 2640 κεκονιαμένοις
1696 2605 1824 2635 ἐοικότες.
1839 2603 1906 2636 ἔξω·

1119 2648 1165 2675 θεν
1179 2648 1229 2683 μὲν
1242 2648 1468 2685 ὲζωγραφημένοι
1492 2651 1539 2676 καὶ
1554 2650 1744 2686 περικαλλεῖς,
1760 2649 1860 2676 ἔσωθεν
1877 2649 1907 2676 δὲ

1117 2694 1248 2729 γέμοντες
1267 2695 1366 2720 ὀστέων
1386 2696 1502 2731 νεκρῶν,
1518 2697 1565 2724 καὶ
1581 2697 1712 2728 δυσωδεας
1728 2695 1839 2730 πολλῆς,
1859 2695 1907 2721 καὶ

1118 2739 1280 2773 πνευμάτων
1292 2739 1463 2774 ἀκαθάρτων.
1476 2740 1578 2775 Νεκροί
1595 2741 1664 2767 εξσιν
1680 2740 1735 2767 άπὸ
1746 2739 1814 2766 Θεοῦ
1826 2760 1834 2773 ,
1858 2740 1907 2766 καὶ

1119 2785 1209 2810 πᾶσαν
1223 2784 1354 2819 αἰσχύνην
1369 2786 1426 2814 καὶ,
1440 2787 1586 2821 ῥυπαρίαν,
1619 2787 1667 2813 καὶ
1693 2787 1722 2814 τὺ
1739 2786 1834 2818 σκότος
1857 2785 1906 2812 τοῦ

1121 2831 1310 2866 ἀντικειμένου
1327 2831 1505 2867 ἐνδεδυμένοι.

1331 2912 1352 2928 ⁵⁷
1363 2911 1458 2938 Matth.
1472 2918 1544 2940 χχιιι,
1564 2910 1609 2937 E7.
