  <div class='ocr_page' id='page_1' title='image "/cluster/home/n/w/nwhite01/storage/ocr_20150623/34/njp.32101077772547/414.png"; bbox 0 0 2076 3151; ppageno 0'>
   <div class='ocr_carea' id='block_1_1' title="bbox 209 209 266 244">
    <p class='ocr_par' dir='ltr' id='par_1_1' title="bbox 209 209 266 244">
     <span class='ocr_line' id='line_1_1' title="bbox 209 209 266 244; baseline 0.018 -1"><span class='ocrx_word' id='word_1_1' title='bbox 209 209 266 244; x_wconf 78' lang='grc'><strong>’173</strong></span> 
     </span>
    </p>
   </div>
   <div class='ocr_carea' id='block_1_2' title="bbox 807 205 1275 239">
    <p class='ocr_par' dir='ltr' id='par_1_2' title="bbox 807 205 1275 239">
     <span class='ocr_line' id='line_1_2' title="bbox 807 205 1275 239; baseline -0.004 0"><span class='ocrx_word' id='word_1_2' title='bbox 807 206 990 239; x_wconf 77' lang='lat' dir='ltr'><strong>HOMILI/E.</strong></span> <span class='ocrx_word' id='word_1_3' title='bbox 1004 217 1039 224; x_wconf 83' lang='grc'><strong>-</strong></span> <span class='ocrx_word' id='word_1_4' title='bbox 1050 205 1146 238; x_wconf 83' lang='lat' dir='ltr'><strong>HOM.</strong></span> <span class='ocrx_word' id='word_1_5' title='bbox 1163 205 1275 237; x_wconf 68' lang='lat' dir='ltr'><strong>XLIII.</strong></span> 
     </span>
    </p>
   </div>
   <div class='ocr_carea' id='block_1_3' title="bbox 1789 207 1843 241">
    <p class='ocr_par' dir='ltr' id='par_1_3' title="bbox 1789 207 1843 241">
     <span class='ocr_line' id='line_1_3' title="bbox 1789 207 1843 241; baseline 0 0"><span class='ocrx_word' id='word_1_6' title='bbox 1789 207 1843 241; x_wconf 79' lang='grc' dir='ltr'><strong>πι</strong></span> 
     </span>
    </p>
   </div>
   <div class='ocr_carea' id='block_1_4' title="bbox 245 264 999 303">
    <p class='ocr_par' dir='ltr' id='par_1_4' title="bbox 245 265 998 301">
     <span class='ocr_line' id='line_1_4' title="bbox 245 265 998 301; baseline -0.003 -7"><span class='ocrx_word' id='word_1_7' title='bbox 245 267 284 294; x_wconf 90' lang='lat' dir='ltr'><strong>I&quot;.</strong></span> <span class='ocrx_word' id='word_1_8' title='bbox 310 265 341 294; x_wconf 89' lang='lat'><strong>&#39;0</strong></span> <span class='ocrx_word' id='word_1_9' title='bbox 352 265 515 298; x_wconf 77' lang='grc' dir='ltr'>Ἀπόστολος</span> <span class='ocrx_word' id='word_1_10' title='bbox 530 265 616 301; x_wconf 67' lang='grc' dir='ltr'>λέγει,</span> <span class='ocrx_word' id='word_1_11' title='bbox 632 266 673 293; x_wconf 79' lang='grc' dir='ltr'>ὅτι</span> <span class='ocrx_word' id='word_1_12' title='bbox 693 265 725 292; x_wconf 88' lang='lat'><strong>&#39;0</strong></span> <span class='ocrx_word' id='word_1_13' title='bbox 737 265 863 299; x_wconf 74' lang='grc' dir='ltr'>νήπιος,</span> <span class='ocrx_word' id='word_1_14' title='bbox 876 265 933 299; x_wconf 71' lang='grc' dir='ltr'>ἕως</span> <span class='ocrx_word' id='word_1_15' title='bbox 948 265 998 293; x_wconf 80' lang='grc' dir='ltr'><strong>ὅτε</strong></span> 
     </span>
    </p>
   </div>
   <div class='ocr_carea' id='block_1_5' title="bbox 1050 264 1841 303">
    <p class='ocr_par' dir='ltr' id='par_1_5' title="bbox 1084 264 1841 303">
     <span class='ocr_line' id='line_1_5' title="bbox 1084 264 1841 303; baseline 0.004 -11"><span class='ocrx_word' id='word_1_16' title='bbox 1084 264 1129 292; x_wconf 86' lang='lat' dir='ltr'><strong>lli.</strong></span> <span class='ocrx_word' id='word_1_17' title='bbox 1144 265 1295 301; x_wconf 69' lang='lat' dir='ltr'><strong>Apostolus</strong></span> <span class='ocrx_word' id='word_1_18' title='bbox 1310 265 1366 293; x_wconf 82' lang='lat' dir='ltr'><strong>ait:</strong></span> <span class='ocrx_word' id='word_1_19' title='bbox 1394 264 1475 299; x_wconf 80' lang='lat' dir='ltr'><strong>Puer,</strong></span> <span class='ocrx_word' id='word_1_20' title='bbox 1501 265 1619 301; x_wconf 63' lang='lat' dir='ltr'><strong>quandiu</strong></span> <span class='ocrx_word' id='word_1_21' title='bbox 1641 265 1769 302; x_wconf 67' lang='lat' dir='ltr'><strong>paruulus</strong></span> <span class='ocrx_word' id='word_1_22' title='bbox 1791 273 1841 303; x_wconf 67' lang='lat' dir='ltr'><strong>est,</strong></span> 
     </span>
    </p>
   </div>
   <div class='ocr_carea' id='block_1_6' title="bbox 208 309 1002 348">
    <p class='ocr_par' dir='ltr' id='par_1_6' title="bbox 208 309 1002 348">
     <span class='ocr_line' id='line_1_6' title="bbox 208 309 1002 348; baseline -0.001 -9"><span class='ocrx_word' id='word_1_23' title='bbox 208 312 317 348; x_wconf 79' lang='grc' dir='ltr'>μικρός</span> <span class='ocrx_word' id='word_1_24' title='bbox 335 311 422 339; x_wconf 82' lang='grc' dir='ltr'>ἐστιν</span> <span class='ocrx_word' id='word_1_25' title='bbox 435 332 442 345; x_wconf 92' lang='grc'><strong>,</strong></span> <span class='ocrx_word' id='word_1_26' title='bbox 466 311 527 339; x_wconf 83' lang='grc' dir='ltr'><strong>ὑπὸ</strong></span> <span class='ocrx_word' id='word_1_27' title='bbox 547 311 729 345; x_wconf 78' lang='grc' dir='ltr'><strong>ἐπιτρόπους</strong></span> <span class='ocrx_word' id='word_1_28' title='bbox 754 309 805 337; x_wconf 75' lang='grc' dir='ltr'>καὶ</span> <span class='ocrx_word' id='word_1_29' title='bbox 823 311 1002 346; x_wconf 80' lang='grc' dir='ltr'>οικονόμους</span> 
     </span>
    </p>
   </div>
   <div class='ocr_carea' id='block_1_7' title="bbox 210 350 1002 392">
    <p class='ocr_par' dir='ltr' id='par_1_7' title="bbox 210 350 1002 392">
     <span class='ocr_line' id='line_1_7' title="bbox 210 350 1002 392; baseline 0 -9"><span class='ocrx_word' id='word_1_30' title='bbox 210 357 265 383; x_wconf 83' lang='grc' dir='ltr'><strong>τῶν</strong></span> <span class='ocrx_word' id='word_1_31' title='bbox 279 350 407 391; x_wconf 72' lang='grc' dir='ltr'>πονηρῶν</span> <span class='ocrx_word' id='word_1_32' title='bbox 422 356 586 392; x_wconf 80' lang='grc' dir='ltr'><strong>πνευμάτων</strong></span> <span class='ocrx_word' id='word_1_33' title='bbox 604 357 679 383; x_wconf 83' lang='grc' dir='ltr'>ἐστὶν</span> <span class='ocrx_word' id='word_1_34' title='bbox 689 375 697 388; x_wconf 86' lang='grc'><strong>,</strong></span> <span class='ocrx_word' id='word_1_35' title='bbox 716 355 795 383; x_wconf 72' lang='grc' dir='ltr'>ἅτινα</span> <span class='ocrx_word' id='word_1_36' title='bbox 811 355 955 391; x_wconf 75' lang='grc' dir='ltr'>πνεύματα</span> <span class='ocrx_word' id='word_1_37' title='bbox 970 357 1002 383; x_wconf 80' lang='grc' dir='ltr'>οὐ</span> 
     </span>
    </p>
   </div>
   <div class='ocr_carea' id='block_1_8' title="bbox 211 400 1002 438">
    <p class='ocr_par' dir='ltr' id='par_1_8' title="bbox 211 400 1002 438">
     <span class='ocr_line' id='line_1_8' title="bbox 211 400 1002 438; baseline 0.003 -12"><span class='ocrx_word' id='word_1_38' title='bbox 211 401 319 427; x_wconf 81' lang='grc' dir='ltr'>Θέλουσι</span> <span class='ocrx_word' id='word_1_39' title='bbox 334 400 380 427; x_wconf 83' lang='grc' dir='ltr'>τὸν</span> <span class='ocrx_word' id='word_1_40' title='bbox 396 402 492 436; x_wconf 84' lang='grc' dir='ltr'>νήπιον</span> <span class='ocrx_word' id='word_1_41' title='bbox 507 400 624 435; x_wconf 81' lang='grc' dir='ltr'><strong>αὐξῆσαι</strong></span> <span class='ocrx_word' id='word_1_42' title='bbox 637 409 643 416; x_wconf 94' lang='grc'><strong>·</strong></span> <span class='ocrx_word' id='word_1_43' title='bbox 656 401 699 427; x_wconf 78' lang='grc' dir='ltr'>ἵνα</span> <span class='ocrx_word' id='word_1_44' title='bbox 718 401 756 436; x_wconf 87' lang='grc' dir='ltr'>μὴ</span> <span class='ocrx_word' id='word_1_45' title='bbox 774 401 919 436; x_wconf 82' lang='grc' dir='ltr'>γενόμενος</span> <span class='ocrx_word' id='word_1_46' title='bbox 932 402 1002 438; x_wconf 82' lang='grc' dir='ltr'>ἀνὴρ</span> 
     </span>
    </p>
   </div>
   <div class='ocr_carea' id='block_1_9' title="bbox 213 445 1002 482">
    <p class='ocr_par' dir='ltr' id='par_1_9' title="bbox 213 445 1002 482">
     <span class='ocr_line' id='line_1_9' title="bbox 213 445 1002 482; baseline 0.001 -9"><span class='ocrx_word' id='word_1_47' title='bbox 213 447 326 479; x_wconf 76' lang='grc' dir='ltr'>τέλειος,</span> <span class='ocrx_word' id='word_1_48' title='bbox 342 447 458 482; x_wconf 72' lang='grc' dir='ltr'>ἄρξηται</span> <span class='ocrx_word' id='word_1_49' title='bbox 477 447 618 482; x_wconf 79' lang='grc' dir='ltr'><strong>ἐπιζητεῖν</strong></span> <span class='ocrx_word' id='word_1_50' title='bbox 643 447 676 474; x_wconf 82' lang='grc' dir='ltr'><strong>τὰ</strong></span> <span class='ocrx_word' id='word_1_51' title='bbox 696 450 767 474; x_wconf 81' lang='grc' dir='ltr'>κατὰ</span> <span class='ocrx_word' id='word_1_52' title='bbox 782 446 828 474; x_wconf 79' lang='grc' dir='ltr'><strong>τὸν</strong></span> <span class='ocrx_word' id='word_1_53' title='bbox 841 445 915 474; x_wconf 82' lang='grc' dir='ltr'>οἷκον</span> <span class='ocrx_word' id='word_1_54' title='bbox 927 468 934 480; x_wconf 86' lang='grc'><strong>,</strong></span> <span class='ocrx_word' id='word_1_55' title='bbox 956 449 1002 474; x_wconf 81' lang='grc' dir='ltr'><strong>καὶ</strong></span> 
     </span>
    </p>
   </div>
   <div class='ocr_carea' id='block_1_10' title="bbox 213 493 1015 537">
    <p class='ocr_par' dir='ltr' id='par_1_10' title="bbox 213 493 1015 537">
     <span class='ocr_line' id='line_1_10' title="bbox 213 493 1015 537; baseline 0.002 -18"><span class='ocrx_word' id='word_1_56' title='bbox 213 493 331 519; x_wconf 74' lang='grc' dir='ltr'><strong>ἐκδικεῖν</strong></span> <span class='ocrx_word' id='word_1_57' title='bbox 359 493 409 529; x_wconf 82' lang='grc' dir='ltr'>τὴν</span> <span class='ocrx_word' id='word_1_58' title='bbox 444 494 603 530; x_wconf 79' lang='grc' dir='ltr'>κυριότητα.</span> <span class='ocrx_word' id='word_1_59' title='bbox 634 493 664 521; x_wconf 87' lang='grc' dir='ltr'>Ὃ</span> <span class='ocrx_word' id='word_1_60' title='bbox 693 494 857 529; x_wconf 78' lang='grc' dir='ltr'>Χριστιανὸς</span> <span class='ocrx_word' id='word_1_61' title='bbox 886 495 1015 537; x_wconf 48' lang='grc' dir='ltr'><strong>πάντοτεΚ</strong></span> 
     </span>
    </p>
   </div>
   <div class='ocr_carea' id='block_1_11' title="bbox 211 539 1001 575">
    <p class='ocr_par' dir='ltr' id='par_1_11' title="bbox 211 539 1001 575">
     <span class='ocr_line' id='line_1_11' title="bbox 211 539 1001 575; baseline 0.003 -11"><span class='ocrx_word' id='word_1_62' title='bbox 211 539 312 573; x_wconf 82' lang='grc' dir='ltr'>ὀφείλει</span> <span class='ocrx_word' id='word_1_63' title='bbox 328 539 377 574; x_wconf 76' lang='grc' dir='ltr'><strong>τὴν</strong></span> <span class='ocrx_word' id='word_1_64' title='bbox 391 539 503 574; x_wconf 87' lang='grc' dir='ltr'><strong>μνήμην</strong></span> <span class='ocrx_word' id='word_1_65' title='bbox 517 539 564 566; x_wconf 83' lang='grc' dir='ltr'><strong>τοῦ</strong></span> <span class='ocrx_word' id='word_1_66' title='bbox 576 539 644 566; x_wconf 83' lang='grc' dir='ltr'><strong>Θεοῦ</strong></span> <span class='ocrx_word' id='word_1_67' title='bbox 655 540 744 574; x_wconf 72' lang='grc' dir='ltr'>ἔχειν’</span> <span class='ocrx_word' id='word_1_68' title='bbox 765 539 921 574; x_wconf 79' lang='grc' dir='ltr'>γέγραπται</span> <span class='ocrx_word' id='word_1_69' title='bbox 937 540 1001 575; x_wconf 84' lang='grc' dir='ltr'>γὰρ,</span> 
     </span>
    </p>
   </div>
   <div class='ocr_carea' id='block_1_12' title="bbox 211 584 1003 619">
    <p class='ocr_par' dir='ltr' id='par_1_12' title="bbox 211 584 1003 619">
     <span class='ocr_line' id='line_1_12' title="bbox 211 584 1003 619; baseline -0.001 -6"><span class='ocrx_word' id='word_1_70' title='bbox 211 585 393 619; x_wconf 78' lang='grc' dir='ltr'><strong>Ἀγαπήσεις</strong></span> <span class='ocrx_word' id='word_1_71' title='bbox 406 586 516 619; x_wconf 78' lang='grc' dir='ltr'><strong>Κύριον</strong></span> <span class='ocrx_word' id='word_1_72' title='bbox 535 586 590 612; x_wconf 79' lang='grc' dir='ltr'>τὸν</span> <span class='ocrx_word' id='word_1_73' title='bbox 614 586 689 612; x_wconf 82' lang='grc' dir='ltr'><strong>Θεόν</strong></span> <span class='ocrx_word' id='word_1_74' title='bbox 711 594 770 612; x_wconf 86' lang='grc' dir='ltr'><strong>σου</strong></span> <span class='ocrx_word' id='word_1_75' title='bbox 794 585 829 618; x_wconf 79' lang='grc' dir='ltr'>ἐξ</span> <span class='ocrx_word' id='word_1_76' title='bbox 851 585 925 618; x_wconf 80' lang='grc' dir='ltr'>ὅλης</span> <span class='ocrx_word' id='word_1_77' title='bbox 947 584 1003 619; x_wconf 85' lang='grc' dir='ltr'>τῆς</span> 
     </span>
    </p>
   </div>
   <div class='ocr_carea' id='block_1_13' title="bbox 211 628 1003 665">
    <p class='ocr_par' dir='ltr' id='par_1_13' title="bbox 211 628 1003 665">
     <span class='ocr_line' id='line_1_13' title="bbox 211 628 1003 665; baseline 0 -9"><span class='ocrx_word' id='word_1_78' title='bbox 211 628 337 661; x_wconf 74' lang='grc' dir='ltr'>καρδίας</span> <span class='ocrx_word' id='word_1_79' title='bbox 354 637 423 661; x_wconf 83' lang='grc' dir='ltr'>σου,</span> <span class='ocrx_word' id='word_1_80' title='bbox 441 628 483 655; x_wconf 81' lang='grc' dir='ltr'>ἵνα</span> <span class='ocrx_word' id='word_1_81' title='bbox 505 630 541 665; x_wconf 89' lang='grc' dir='ltr'>μὴ</span> <span class='ocrx_word' id='word_1_82' title='bbox 561 630 641 664; x_wconf 77' lang='grc' dir='ltr'>μόνον</span> <span class='ocrx_word' id='word_1_83' title='bbox 653 649 661 661; x_wconf 83' lang='grc'><strong>,</strong></span> <span class='ocrx_word' id='word_1_84' title='bbox 678 630 723 656; x_wconf 79' lang='grc' dir='ltr'>ὅτε</span> <span class='ocrx_word' id='word_1_85' title='bbox 741 630 895 665; x_wconf 84' lang='grc' dir='ltr'>είσέρχεται</span> <span class='ocrx_word' id='word_1_86' title='bbox 913 630 954 662; x_wconf 86' lang='grc' dir='ltr'>ε’ίς</span> <span class='ocrx_word' id='word_1_87' title='bbox 972 629 1003 656; x_wconf 83' lang='grc' dir='ltr'><strong>τὺ</strong></span> 
     </span>
    </p>
   </div>
   <div class='ocr_carea' id='block_1_14' title="bbox 212 675 1001 712">
    <p class='ocr_par' dir='ltr' id='par_1_14' title="bbox 212 675 1001 712">
     <span class='ocr_line' id='line_1_14' title="bbox 212 675 1001 712; baseline 0.004 -12"><span class='ocrx_word' id='word_1_88' title='bbox 212 675 366 710; x_wconf 81' lang='grc' dir='ltr'>εὐκτήριον,</span> <span class='ocrx_word' id='word_1_89' title='bbox 377 676 472 711; x_wconf 80' lang='grc' dir='ltr'>ἀγαπᾷ</span> <span class='ocrx_word' id='word_1_90' title='bbox 487 676 532 702; x_wconf 82' lang='grc' dir='ltr'>τὸν</span> <span class='ocrx_word' id='word_1_91' title='bbox 549 676 651 711; x_wconf 83' lang='grc' dir='ltr'><strong>Κύριον</strong></span> <span class='ocrx_word' id='word_1_92' title='bbox 662 696 669 709; x_wconf 87' lang='grc'><strong>,</strong></span> <span class='ocrx_word' id='word_1_93' title='bbox 685 676 753 703; x_wconf 86' lang='grc' dir='ltr'>ἀλλὰ</span> <span class='ocrx_word' id='word_1_94' title='bbox 768 677 816 703; x_wconf 80' lang='grc' dir='ltr'>καὶ</span> <span class='ocrx_word' id='word_1_95' title='bbox 832 677 1001 712; x_wconf 83' lang='grc' dir='ltr'>περιπατῶν,</span> 
     </span>
    </p>
   </div>
   <div class='ocr_carea' id='block_1_15' title="bbox 212 720 1001 758">
    <p class='ocr_par' dir='ltr' id='par_1_15' title="bbox 212 720 1001 758">
     <span class='ocr_line' id='line_1_15' title="bbox 212 720 1001 758; baseline 0.005 -13"><span class='ocrx_word' id='word_1_96' title='bbox 212 720 260 746; x_wconf 79' lang='grc' dir='ltr'>καὶ</span> <span class='ocrx_word' id='word_1_97' title='bbox 274 720 377 755; x_wconf 81' lang='grc' dir='ltr'>ὁμιλῶν</span> <span class='ocrx_word' id='word_1_98' title='bbox 388 741 395 753; x_wconf 83' lang='grc'><strong>,</strong></span> <span class='ocrx_word' id='word_1_99' title='bbox 413 721 460 748; x_wconf 76' lang='grc' dir='ltr'>καὶ</span> <span class='ocrx_word' id='word_1_100' title='bbox 474 721 572 748; x_wconf 80' lang='grc' dir='ltr'>ἐσθίων</span> <span class='ocrx_word' id='word_1_101' title='bbox 585 721 634 757; x_wconf 83' lang='grc' dir='ltr'><strong>ἔχῃ</strong></span> <span class='ocrx_word' id='word_1_102' title='bbox 653 722 702 757; x_wconf 82' lang='grc' dir='ltr'><strong>τὴν</strong></span> <span class='ocrx_word' id='word_1_103' title='bbox 721 723 832 758; x_wconf 85' lang='grc' dir='ltr'><strong>μνήμην</strong></span> <span class='ocrx_word' id='word_1_104' title='bbox 849 722 896 748; x_wconf 86' lang='grc' dir='ltr'><strong>τοῦ</strong></span> <span class='ocrx_word' id='word_1_105' title='bbox 914 722 981 749; x_wconf 84' lang='grc' dir='ltr'>Θεοῦ</span> <span class='ocrx_word' id='word_1_106' title='bbox 993 742 1001 755; x_wconf 91' lang='grc'><strong>,</strong></span> 
     </span>
    </p>
   </div>
   <div class='ocr_carea' id='block_1_16' title="bbox 212 765 1002 804">
    <p class='ocr_par' dir='ltr' id='par_1_16' title="bbox 212 765 1002 804">
     <span class='ocr_line' id='line_1_16' title="bbox 212 765 1002 804; baseline 0.005 -13"><span class='ocrx_word' id='word_1_107' title='bbox 212 765 260 791; x_wconf 75' lang='grc' dir='ltr'>καὶ</span> <span class='ocrx_word' id='word_1_108' title='bbox 269 765 318 800; x_wconf 81' lang='grc' dir='ltr'>τὴν</span> <span class='ocrx_word' id='word_1_109' title='bbox 332 766 454 801; x_wconf 81' lang='grc' dir='ltr'><strong>ἀγάπην,</strong></span> <span class='ocrx_word' id='word_1_110' title='bbox 470 767 519 793; x_wconf 75' lang='grc' dir='ltr'>καὶ</span> <span class='ocrx_word' id='word_1_111' title='bbox 531 767 580 802; x_wconf 86' lang='grc' dir='ltr'>τὴν</span> <span class='ocrx_word' id='word_1_112' title='bbox 596 768 723 803; x_wconf 85' lang='grc' dir='ltr'><strong>στοργήν.</strong></span> <span class='ocrx_word' id='word_1_113' title='bbox 740 768 822 802; x_wconf 82' lang='grc' dir='ltr'>Λέγει</span> <span class='ocrx_word' id='word_1_114' title='bbox 837 768 1002 804; x_wconf 79' lang='grc' dir='ltr'>γὰρ,”οπου</span> 
     </span>
    </p>
   </div>
   <div class='ocr_carea' id='block_1_17' title="bbox 212 810 1002 848">
    <p class='ocr_par' dir='ltr' id='par_1_17' title="bbox 212 810 1002 848">
     <span class='ocr_line' id='line_1_17' title="bbox 212 810 1002 848; baseline 0.005 -12"><span class='ocrx_word' id='word_1_115' title='bbox 212 812 229 837; x_wconf 81' lang='lat' dir='ltr'><strong>d</strong></span> <span class='ocrx_word' id='word_1_116' title='bbox 242 810 315 843; x_wconf 79' lang='grc' dir='ltr'>νοῦς</span> <span class='ocrx_word' id='word_1_117' title='bbox 328 819 399 843; x_wconf 86' lang='grc' dir='ltr'>σου,</span> <span class='ocrx_word' id='word_1_118' title='bbox 413 811 478 838; x_wconf 82' lang='grc' dir='ltr'>ἐκεῖ</span> <span class='ocrx_word' id='word_1_119' title='bbox 488 812 539 839; x_wconf 78' lang='grc' dir='ltr'><strong>καί</strong></span> <span class='ocrx_word' id='word_1_120' title='bbox 559 813 575 839; x_wconf 85' lang='grc' dir='ltr'><em>ὁ</em></span> <span class='ocrx_word' id='word_1_121' title='bbox 599 812 753 846; x_wconf 83' lang='grc' dir='ltr'>θησαυρός</span> <span class='ocrx_word' id='word_1_122' title='bbox 768 820 838 840; x_wconf 86' lang='grc' dir='ltr'>σου.</span> <span class='ocrx_word' id='word_1_123' title='bbox 860 813 907 845; x_wconf 73' lang='grc' dir='ltr'><strong>Εἰς</strong></span> <span class='ocrx_word' id='word_1_124' title='bbox 919 812 933 839; x_wconf 73' lang='grc' dir='ltr'><strong>ὃ</strong></span> <span class='ocrx_word' id='word_1_125' title='bbox 949 813 1002 848; x_wconf 79' lang='grc' dir='ltr'><strong>γὰρ</strong></span> 
     </span>
    </p>
   </div>
   <div class='ocr_carea' id='block_1_18' title="bbox 211 857 1003 893">
    <p class='ocr_par' dir='ltr' id='par_1_18' title="bbox 211 857 1003 893">
     <span class='ocr_line' id='line_1_18' title="bbox 211 857 1003 893; baseline 0.004 -11"><span class='ocrx_word' id='word_1_126' title='bbox 211 857 329 892; x_wconf 73' lang='grc' dir='ltr'>πρᾶγμα</span> <span class='ocrx_word' id='word_1_127' title='bbox 344 857 360 892; x_wconf 91' lang='grc' dir='ltr'><strong>ή</strong></span> <span class='ocrx_word' id='word_1_128' title='bbox 373 857 473 892; x_wconf 88' lang='grc' dir='ltr'>καρδία</span> <span class='ocrx_word' id='word_1_129' title='bbox 485 857 557 889; x_wconf 84' lang='grc' dir='ltr'>τινδς</span> <span class='ocrx_word' id='word_1_130' title='bbox 571 857 687 891; x_wconf 77' lang='grc' dir='ltr'><strong>δέδεται,</strong></span> <span class='ocrx_word' id='word_1_131' title='bbox 706 858 754 885; x_wconf 84' lang='grc' dir='ltr'>καὶ</span> <span class='ocrx_word' id='word_1_132' title='bbox 768 859 835 885; x_wconf 80' lang='grc' dir='ltr'>ὅπου</span> <span class='ocrx_word' id='word_1_133' title='bbox 846 858 1003 893; x_wconf 76' lang='grc' dir='ltr'>ἡέπιθυμία</span> 
     </span>
    </p>
   </div>
   <div class='ocr_carea' id='block_1_19' title="bbox 211 902 1000 939">
    <p class='ocr_par' dir='ltr' id='par_1_19' title="bbox 211 902 1000 939">
     <span class='ocr_line' id='line_1_19' title="bbox 211 902 1000 939; baseline 0.003 -11"><span class='ocrx_word' id='word_1_134' title='bbox 211 902 284 928; x_wconf 78' lang='grc' dir='ltr'>ἕλκει</span> <span class='ocrx_word' id='word_1_135' title='bbox 299 902 391 935; x_wconf 78' lang='grc' dir='ltr'>αὐτὸν,</span> <span class='ocrx_word' id='word_1_136' title='bbox 404 903 493 930; x_wconf 81' lang='grc' dir='ltr'>ἐκεῖνό</span> <span class='ocrx_word' id='word_1_137' title='bbox 507 904 581 930; x_wconf 77' lang='grc' dir='ltr'>ἐστιν</span> <span class='ocrx_word' id='word_1_138' title='bbox 596 904 678 930; x_wconf 85' lang='grc' dir='ltr'>αὐτοῦ</span> <span class='ocrx_word' id='word_1_139' title='bbox 695 905 709 930; x_wconf 98' lang='lat'><strong>6</strong></span> <span class='ocrx_word' id='word_1_140' title='bbox 722 904 792 936; x_wconf 86' lang='grc' dir='ltr'>θεός.</span> <span class='ocrx_word' id='word_1_141' title='bbox 803 904 866 931; x_wconf 84' lang='grc' dir='ltr'>Ἐὰν</span> <span class='ocrx_word' id='word_1_142' title='bbox 880 904 1000 939; x_wconf 79' lang='grc' dir='ltr'><strong>ἐπιθυμῇ</strong></span> 
     </span>
    </p>
   </div>
   <div class='ocr_carea' id='block_1_20' title="bbox 211 947 1000 985">
    <p class='ocr_par' dir='ltr' id='par_1_20' title="bbox 211 947 1000 985">
     <span class='ocr_line' id='line_1_20' title="bbox 211 947 1000 985; baseline 0.004 -12"><span class='ocrx_word' id='word_1_143' title='bbox 211 947 229 982; x_wconf 84' lang='grc' dir='ltr'><strong>ή</strong></span> <span class='ocrx_word' id='word_1_144' title='bbox 245 947 342 982; x_wconf 80' lang='grc' dir='ltr'>καρδία</span> <span class='ocrx_word' id='word_1_145' title='bbox 360 948 475 974; x_wconf 81' lang='grc' dir='ltr'>πάντοτε</span> <span class='ocrx_word' id='word_1_146' title='bbox 488 948 536 975; x_wconf 85' lang='grc' dir='ltr'><strong>τοῦ</strong></span> <span class='ocrx_word' id='word_1_147' title='bbox 549 948 629 981; x_wconf 81' lang='grc' dir='ltr'>Θεοῦ,</span> <span class='ocrx_word' id='word_1_148' title='bbox 645 949 726 981; x_wconf 80' lang='grc' dir='ltr'>αὑτός</span> <span class='ocrx_word' id='word_1_149' title='bbox 749 950 809 976; x_wconf 87' lang='grc' dir='ltr'>ἐστι</span> <span class='ocrx_word' id='word_1_150' title='bbox 827 949 928 984; x_wconf 81' lang='grc' dir='ltr'>Κύριος</span> <span class='ocrx_word' id='word_1_151' title='bbox 951 950 1000 985; x_wconf 86' lang='grc' dir='ltr'><strong>τῆς</strong></span> 
     </span>
    </p>
   </div>
   <div class='ocr_carea' id='block_1_21' title="bbox 211 993 1002 1030">
    <p class='ocr_par' dir='ltr' id='par_1_21' title="bbox 211 993 1002 1030">
     <span class='ocr_line' id='line_1_21' title="bbox 211 993 1002 1030; baseline 0.004 -11"><span class='ocrx_word' id='word_1_152' title='bbox 211 993 326 1027; x_wconf 81' lang='grc' dir='ltr'>καρδίας</span> <span class='ocrx_word' id='word_1_153' title='bbox 347 993 428 1020; x_wconf 81' lang='grc' dir='ltr'>αὑτοῦ</span> <span class='ocrx_word' id='word_1_154' title='bbox 444 1002 451 1009; x_wconf 64' lang='grc' dir='ltr'><strong>ι</strong></span> <span class='ocrx_word' id='word_1_155' title='bbox 468 994 482 1020; x_wconf 85' lang='lat'><strong>6</strong></span> <span class='ocrx_word' id='word_1_156' title='bbox 506 994 535 1020; x_wconf 79' lang='grc' dir='ltr'>δὲ</span> <span class='ocrx_word' id='word_1_157' title='bbox 558 994 763 1030; x_wconf 76' lang='grc' dir='ltr'>ἀποταξάμενος</span> <span class='ocrx_word' id='word_1_158' title='bbox 790 1004 843 1028; x_wconf 84' lang='grc' dir='ltr'>τις,</span> <span class='ocrx_word' id='word_1_159' title='bbox 856 996 1002 1030; x_wconf 83' lang='grc' dir='ltr'>γενόμενος</span> 
     </span>
    </p>
   </div>
   <div class='ocr_carea' id='block_1_22' title="bbox 211 1038 1002 1075">
    <p class='ocr_par' dir='ltr' id='par_1_22' title="bbox 211 1038 1002 1075">
     <span class='ocr_line' id='line_1_22' title="bbox 211 1038 1002 1075; baseline 0.004 -10"><span class='ocrx_word' id='word_1_160' title='bbox 211 1039 354 1073; x_wconf 84' lang='grc' dir='ltr'><strong>ἀκτήμων,</strong></span> <span class='ocrx_word' id='word_1_161' title='bbox 372 1039 419 1066; x_wconf 82' lang='grc' dir='ltr'>καὶ</span> <span class='ocrx_word' id='word_1_162' title='bbox 435 1039 542 1073; x_wconf 77' lang='grc' dir='ltr'>ἄπολις,</span> <span class='ocrx_word' id='word_1_163' title='bbox 560 1041 608 1067; x_wconf 74' lang='grc' dir='ltr'>καὶ</span> <span class='ocrx_word' id='word_1_164' title='bbox 623 1040 777 1075; x_wconf 72' lang='grc' dir='ltr'>νηστεύων,</span> <span class='ocrx_word' id='word_1_165' title='bbox 795 1038 872 1074; x_wconf 68' lang='grc' dir='ltr'>οὗτος</span> <span class='ocrx_word' id='word_1_166' title='bbox 894 1042 933 1073; x_wconf 84' lang='grc' dir='ltr'><strong>εἰς</strong></span> <span class='ocrx_word' id='word_1_167' title='bbox 956 1041 1002 1068; x_wconf 78' lang='grc' dir='ltr'>τὸν</span> 
     </span>
    </p>
   </div>
   <div class='ocr_carea' id='block_1_23' title="bbox 210 1082 1001 1122">
    <p class='ocr_par' dir='ltr' id='par_1_23' title="bbox 210 1082 1001 1122">
     <span class='ocr_line' id='line_1_23' title="bbox 210 1082 1001 1122; baseline 0.005 -12"><span class='ocrx_word' id='word_1_168' title='bbox 210 1082 307 1111; x_wconf 78' lang='grc' dir='ltr'>ἐαυτοῦ</span> <span class='ocrx_word' id='word_1_169' title='bbox 333 1084 477 1120; x_wconf 81' lang='grc' dir='ltr'>ἄνθρωπον</span> <span class='ocrx_word' id='word_1_170' title='bbox 503 1086 596 1121; x_wconf 79' lang='grc' dir='ltr'>ἀκμὴν</span> <span class='ocrx_word' id='word_1_171' title='bbox 611 1087 734 1118; x_wconf 82' lang='grc' dir='ltr'>δέδεται,</span> <span class='ocrx_word' id='word_1_172' title='bbox 750 1087 766 1122; x_wconf 83' lang='grc' dir='ltr'>ἢ</span> <span class='ocrx_word' id='word_1_173' title='bbox 782 1088 822 1119; x_wconf 83' lang='grc' dir='ltr'><strong>είς</strong></span> <span class='ocrx_word' id='word_1_174' title='bbox 833 1087 867 1114; x_wconf 86' lang='grc' dir='ltr'><strong>τὰ</strong></span> <span class='ocrx_word' id='word_1_175' title='bbox 881 1087 1001 1122; x_wconf 85' lang='grc' dir='ltr'>κοσμικὰ</span> 
     </span>
    </p>
   </div>
   <div class='ocr_carea' id='block_1_24' title="bbox 211 1130 1000 1168">
    <p class='ocr_par' dir='ltr' id='par_1_24' title="bbox 211 1130 1000 1168">
     <span class='ocr_line' id='line_1_24' title="bbox 211 1130 1000 1168; baseline 0.006 -13"><span class='ocrx_word' id='word_1_176' title='bbox 211 1130 372 1165; x_wconf 80' lang='grc' dir='ltr'>πράγματα,</span> <span class='ocrx_word' id='word_1_177' title='bbox 393 1131 409 1165; x_wconf 79' lang='grc' dir='ltr'><strong>ἢ</strong></span> <span class='ocrx_word' id='word_1_178' title='bbox 425 1132 465 1163; x_wconf 84' lang='grc' dir='ltr'><strong>είς</strong></span> <span class='ocrx_word' id='word_1_179' title='bbox 483 1132 582 1165; x_wconf 83' lang='grc' dir='ltr'>οίκίαν,</span> <span class='ocrx_word' id='word_1_180' title='bbox 596 1132 612 1167; x_wconf 86' lang='grc' dir='ltr'>ἢ</span> <span class='ocrx_word' id='word_1_181' title='bbox 629 1134 668 1164; x_wconf 87' lang='grc' dir='ltr'><strong>είς</strong></span> <span class='ocrx_word' id='word_1_182' title='bbox 682 1133 793 1168; x_wconf 82' lang='grc' dir='ltr'><strong>φίλτρον</strong></span> <span class='ocrx_word' id='word_1_183' title='bbox 807 1133 919 1167; x_wconf 84' lang='grc' dir='ltr'>γονέων,</span> <span class='ocrx_word' id='word_1_184' title='bbox 933 1133 1000 1160; x_wconf 78' lang='grc' dir='ltr'>ὅπου</span> 
     </span>
    </p>
   </div>
   <div class='ocr_carea' id='block_1_25' title="bbox 210 1176 1000 1214">
    <p class='ocr_par' dir='ltr' id='par_1_25' title="bbox 210 1176 1000 1214">
     <span class='ocr_line' id='line_1_25' title="bbox 210 1176 1000 1214; baseline 0.005 -12"><span class='ocrx_word' id='word_1_185' title='bbox 210 1176 288 1211; x_wconf 81' lang='grc' dir='ltr'><strong>ἐδέθη</strong></span> <span class='ocrx_word' id='word_1_186' title='bbox 309 1176 391 1203; x_wconf 85' lang='grc' dir='ltr'>αὐτοῦ</span> <span class='ocrx_word' id='word_1_187' title='bbox 420 1178 436 1213; x_wconf 92' lang='grc' dir='ltr'><strong>ή</strong></span> <span class='ocrx_word' id='word_1_188' title='bbox 456 1178 575 1212; x_wconf 74' lang='grc' dir='ltr'>καρδία,</span> <span class='ocrx_word' id='word_1_189' title='bbox 600 1179 648 1205; x_wconf 77' lang='grc' dir='ltr'>καὶ</span> <span class='ocrx_word' id='word_1_190' title='bbox 670 1179 684 1205; x_wconf 87' lang='grc' dir='ltr'>ὀ</span> <span class='ocrx_word' id='word_1_191' title='bbox 700 1178 763 1211; x_wconf 84' lang='grc' dir='ltr'>νοῦς</span> <span class='ocrx_word' id='word_1_192' title='bbox 779 1179 975 1214; x_wconf 76' lang='grc' dir='ltr'>ᾐχμαλωτίσθη</span> <span class='ocrx_word' id='word_1_193' title='bbox 992 1199 1000 1212; x_wconf 91' lang='lat'><strong>,</strong></span> 
     </span>
    </p>
   </div>
   <div class='ocr_carea' id='block_1_26' title="bbox 210 1222 1001 1260">
    <p class='ocr_par' dir='ltr' id='par_1_26' title="bbox 210 1222 1001 1260">
     <span class='ocr_line' id='line_1_26' title="bbox 210 1222 1001 1260; baseline 0.006 -13"><span class='ocrx_word' id='word_1_194' title='bbox 210 1222 299 1248; x_wconf 81' lang='grc' dir='ltr'>ἐκεῖνο</span> <span class='ocrx_word' id='word_1_195' title='bbox 313 1222 396 1249; x_wconf 75' lang='grc' dir='ltr'>αὐτοῦ</span> <span class='ocrx_word' id='word_1_196' title='bbox 410 1223 468 1249; x_wconf 78' lang='grc' dir='ltr'>ἐστι</span> <span class='ocrx_word' id='word_1_197' title='bbox 483 1223 543 1255; x_wconf 79' lang='grc' dir='ltr'>θεὸς</span> <span class='ocrx_word' id='word_1_198' title='bbox 556 1232 562 1239; x_wconf 94' lang='grc'><strong>·</strong></span> <span class='ocrx_word' id='word_1_199' title='bbox 580 1225 628 1250; x_wconf 74' lang='grc' dir='ltr'>καὶ</span> <span class='ocrx_word' id='word_1_200' title='bbox 641 1224 815 1259; x_wconf 80' lang='grc' dir='ltr'>εὑρίσκεται,</span> <span class='ocrx_word' id='word_1_201' title='bbox 830 1225 874 1251; x_wconf 87' lang='grc' dir='ltr'><strong>διὰ</strong></span> <span class='ocrx_word' id='word_1_202' title='bbox 887 1225 936 1259; x_wconf 88' lang='grc' dir='ltr'>μὲν</span> <span class='ocrx_word' id='word_1_203' title='bbox 950 1225 1001 1260; x_wconf 88' lang='grc' dir='ltr'>τῆς</span> 
     </span>
    </p>
   </div>
   <div class='ocr_carea' id='block_1_27' title="bbox 211 1267 999 1305">
    <p class='ocr_par' dir='ltr' id='par_1_27' title="bbox 211 1267 999 1305">
     <span class='ocr_line' id='line_1_27' title="bbox 211 1267 999 1305; baseline 0.005 -12"><span class='ocrx_word' id='word_1_204' title='bbox 211 1267 343 1299; x_wconf 80' lang='grc' dir='ltr'>πλατείας</span> <span class='ocrx_word' id='word_1_205' title='bbox 356 1268 440 1304; x_wconf 80' lang='grc' dir='ltr'>θύρας</span> <span class='ocrx_word' id='word_1_206' title='bbox 452 1268 569 1302; x_wconf 78' lang='grc' dir='ltr'>ἐξελθὼν</span> <span class='ocrx_word' id='word_1_207' title='bbox 580 1269 627 1296; x_wconf 87' lang='grc' dir='ltr'><strong>τοῦ</strong></span> <span class='ocrx_word' id='word_1_208' title='bbox 643 1270 746 1305; x_wconf 83' lang='grc' dir='ltr'>κόσμου</span> <span class='ocrx_word' id='word_1_209' title='bbox 755 1290 763 1303; x_wconf 89' lang='lat'><strong>,</strong></span> <span class='ocrx_word' id='word_1_210' title='bbox 780 1270 824 1297; x_wconf 79' lang='grc' dir='ltr'><strong>διὰ</strong></span> <span class='ocrx_word' id='word_1_211' title='bbox 838 1270 867 1297; x_wconf 81' lang='grc' dir='ltr'>δὲ</span> <span class='ocrx_word' id='word_1_212' title='bbox 881 1271 931 1305; x_wconf 80' lang='grc' dir='ltr'>τῆς</span> <span class='ocrx_word' id='word_1_213' title='bbox 945 1279 999 1297; x_wconf 86' lang='grc' dir='ltr'>πα-</span> 
     </span>
    </p>
   </div>
   <div class='ocr_carea' id='block_1_28' title="bbox 211 1313 998 1351">
    <p class='ocr_par' dir='ltr' id='par_1_28' title="bbox 211 1313 998 1351">
     <span class='ocr_line' id='line_1_28' title="bbox 211 1313 998 1351; baseline 0.004 -12"><span class='ocrx_word' id='word_1_214' title='bbox 211 1313 331 1349; x_wconf 80' lang='grc' dir='ltr'>ραθύρου</span> <span class='ocrx_word' id='word_1_215' title='bbox 359 1314 488 1341; x_wconf 74' lang='grc' dir='ltr'>εἰσελθὼν</span> <span class='ocrx_word' id='word_1_216' title='bbox 515 1316 561 1342; x_wconf 73' lang='grc' dir='ltr'>καὶ</span> <span class='ocrx_word' id='word_1_217' title='bbox 587 1315 716 1350; x_wconf 78' lang='grc' dir='ltr'>ἐμπεσὼν</span> <span class='ocrx_word' id='word_1_218' title='bbox 742 1317 783 1347; x_wconf 85' lang='grc' dir='ltr'><strong>είς</strong></span> <span class='ocrx_word' id='word_1_219' title='bbox 811 1315 857 1342; x_wconf 80' lang='grc' dir='ltr'>τὸν</span> <span class='ocrx_word' id='word_1_220' title='bbox 887 1316 998 1351; x_wconf 75' lang='grc' dir='ltr'>κόσμον.</span> 
     </span>
    </p>
   </div>
   <div class='ocr_carea' id='block_1_29' title="bbox 212 1358 998 1396">
    <p class='ocr_par' dir='ltr' id='par_1_29' title="bbox 212 1358 998 1396">
     <span class='ocr_line' id='line_1_29' title="bbox 212 1358 998 1396; baseline 0.004 -12"><span class='ocrx_word' id='word_1_221' title='bbox 212 1358 317 1394; x_wconf 83' lang='grc' dir='ltr'>Ὠσπερ</span> <span class='ocrx_word' id='word_1_222' title='bbox 332 1359 367 1385; x_wconf 87' lang='grc' dir='ltr'><strong>τὰ</strong></span> <span class='ocrx_word' id='word_1_223' title='bbox 382 1359 507 1394; x_wconf 78' lang='grc' dir='ltr'>φρύγανα</span> <span class='ocrx_word' id='word_1_224' title='bbox 523 1360 741 1396; x_wconf 72' lang='grc' dir='ltr'>ἐπιῤῥιπτόμενα</span> <span class='ocrx_word' id='word_1_225' title='bbox 757 1362 796 1392; x_wconf 79' lang='grc' dir='ltr'>εἰς</span> <span class='ocrx_word' id='word_1_226' title='bbox 810 1360 841 1387; x_wconf 77' lang='grc' dir='ltr'><strong>τὸ</strong></span> <span class='ocrx_word' id='word_1_227' title='bbox 865 1360 921 1396; x_wconf 87' lang='grc' dir='ltr'><strong>πῦρ</strong></span> <span class='ocrx_word' id='word_1_228' title='bbox 935 1380 941 1391; x_wconf 90' lang='grc'><strong>,</strong></span> <span class='ocrx_word' id='word_1_229' title='bbox 968 1361 998 1387; x_wconf 88' lang='grc' dir='ltr'>οὺ</span> 
     </span>
    </p>
   </div>
   <div class='ocr_carea' id='block_1_30' title="bbox 211 1404 999 1441">
    <p class='ocr_par' dir='ltr' id='par_1_30' title="bbox 211 1404 999 1441">
     <span class='ocr_line' id='line_1_30' title="bbox 211 1404 999 1441; baseline 0.001 -10"><span class='ocrx_word' id='word_1_230' title='bbox 211 1404 338 1432; x_wconf 81' lang='grc' dir='ltr'>δύνανται</span> <span class='ocrx_word' id='word_1_231' title='bbox 353 1405 514 1440; x_wconf 83' lang='grc' dir='ltr'>ἀντιστῆναι</span> <span class='ocrx_word' id='word_1_232' title='bbox 526 1407 559 1441; x_wconf 81' lang='grc' dir='ltr'><strong>τῇ</strong></span> <span class='ocrx_word' id='word_1_233' title='bbox 575 1405 689 1439; x_wconf 82' lang='grc' dir='ltr'>δυνάμει</span> <span class='ocrx_word' id='word_1_234' title='bbox 705 1405 751 1432; x_wconf 82' lang='grc' dir='ltr'><strong>τοῦ</strong></span> <span class='ocrx_word' id='word_1_235' title='bbox 768 1406 866 1441; x_wconf 86' lang='grc' dir='ltr'>πυρὸς,</span> <span class='ocrx_word' id='word_1_236' title='bbox 883 1405 940 1432; x_wconf 86' lang='grc' dir='ltr'>ἀλλ’</span> <span class='ocrx_word' id='word_1_237' title='bbox 953 1406 999 1432; x_wconf 85' lang='grc' dir='ltr'><strong>εὑ-</strong></span> 
     </span>
    </p>
   </div>
   <div class='ocr_carea' id='block_1_31' title="bbox 210 1450 1000 1487">
    <p class='ocr_par' dir='ltr' id='par_1_31' title="bbox 210 1450 1000 1487">
     <span class='ocr_line' id='line_1_31' title="bbox 210 1450 1000 1487; baseline 0.001 -10"><span class='ocrx_word' id='word_1_238' title='bbox 210 1450 280 1482; x_wconf 79' lang='grc' dir='ltr'>Οέως</span> <span class='ocrx_word' id='word_1_239' title='bbox 294 1451 490 1478; x_wconf 73' lang='grc' dir='ltr'>κατακαίονται</span> <span class='ocrx_word' id='word_1_240' title='bbox 502 1460 509 1467; x_wconf 88' lang='grc'>·</span> <span class='ocrx_word' id='word_1_241' title='bbox 524 1452 610 1483; x_wconf 80' lang='grc' dir='ltr'>οὕτως</span> <span class='ocrx_word' id='word_1_242' title='bbox 626 1452 674 1479; x_wconf 80' lang='grc' dir='ltr'>καὶ</span> <span class='ocrx_word' id='word_1_243' title='bbox 693 1453 717 1478; x_wconf 81' lang='lat' dir='ltr'><strong>oi</strong></span> <span class='ocrx_word' id='word_1_244' title='bbox 734 1452 860 1487; x_wconf 87' lang='grc' dir='ltr'>δαίμονες</span> <span class='ocrx_word' id='word_1_245' title='bbox 874 1452 1000 1483; x_wconf 78' lang='grc' dir='ltr'>θέλοντες</span> 
     </span>
    </p>
   </div>
   <div class='ocr_carea' id='block_1_32' title="bbox 213 1496 1000 1533">
    <p class='ocr_par' dir='ltr' id='par_1_32' title="bbox 213 1496 1000 1533">
     <span class='ocr_line' id='line_1_32' title="bbox 213 1496 1000 1533; baseline 0.003 -11"><span class='ocrx_word' id='word_1_246' title='bbox 213 1496 342 1532; x_wconf 83' lang='grc' dir='ltr'>πολεμεῖν</span> <span class='ocrx_word' id='word_1_247' title='bbox 355 1497 492 1533; x_wconf 84' lang='grc' dir='ltr'>ἀνθρώπῳ</span> <span class='ocrx_word' id='word_1_248' title='bbox 507 1498 667 1533; x_wconf 80' lang='grc' dir='ltr'>Πνεὺματος</span> <span class='ocrx_word' id='word_1_249' title='bbox 690 1497 834 1533; x_wconf 76' lang='grc' dir='ltr'>ήξιωμένῳ</span> <span class='ocrx_word' id='word_1_250' title='bbox 847 1518 854 1530; x_wconf 94' lang='grc'><strong>,</strong></span> <span class='ocrx_word' id='word_1_251' title='bbox 876 1498 1000 1525; x_wconf 81' lang='grc' dir='ltr'>καίονται</span> 
     </span>
    </p>
   </div>
   <div class='ocr_carea' id='block_1_33' title="bbox 211 1543 999 1579">
    <p class='ocr_par' dir='ltr' id='par_1_33' title="bbox 211 1543 999 1579">
     <span class='ocr_line' id='line_1_33' title="bbox 211 1543 999 1579; baseline 0.003 -11"><span class='ocrx_word' id='word_1_252' title='bbox 211 1543 260 1569; x_wconf 78' lang='grc' dir='ltr'>καὶ</span> <span class='ocrx_word' id='word_1_253' title='bbox 279 1543 523 1570; x_wconf 83' lang='grc' dir='ltr'>καταναλίσκονται</span> <span class='ocrx_word' id='word_1_254' title='bbox 550 1544 603 1570; x_wconf 83' lang='grc' dir='ltr'><strong>ὑπὸ</strong></span> <span class='ocrx_word' id='word_1_255' title='bbox 628 1544 677 1579; x_wconf 84' lang='grc' dir='ltr'>τῆς</span> <span class='ocrx_word' id='word_1_256' title='bbox 696 1544 772 1575; x_wconf 84' lang='grc' dir='ltr'>θείας</span> <span class='ocrx_word' id='word_1_257' title='bbox 785 1544 927 1579; x_wconf 80' lang='grc' dir='ltr'>δυνάμεως</span> <span class='ocrx_word' id='word_1_258' title='bbox 953 1544 999 1570; x_wconf 80' lang='grc' dir='ltr'><strong>τοῦ</strong></span> 
     </span>
    </p>
   </div>
   <div class='ocr_carea' id='block_1_34' title="bbox 1018 944 1039 972">
    <p class='ocr_par' dir='ltr' id='par_1_34' title="bbox 1018 944 1039 972">
     <span class='ocr_line' id='line_1_34' title="bbox 1018 944 1039 972; baseline 0 0"><span class='ocrx_word' id='word_1_259' title='bbox 1018 944 1039 972; x_wconf 88' lang='grc' dir='ltr'><strong>Β</strong></span> 
     </span>
    </p>
   </div>
   <div class='ocr_carea' id='block_1_35' title="bbox 211 1590 1036 1638">
    <p class='ocr_par' dir='ltr' id='par_1_35' title="bbox 211 1590 1036 1638">
     <span class='ocr_line' id='line_1_35' title="bbox 211 1590 1036 1638; baseline 0.004 -23"><span class='ocrx_word' id='word_1_260' title='bbox 211 1590 308 1624; x_wconf 75' lang='grc' dir='ltr'>πυρὸς,</span> <span class='ocrx_word' id='word_1_261' title='bbox 327 1591 406 1626; x_wconf 89' lang='grc' dir='ltr'>μόνον</span> <span class='ocrx_word' id='word_1_262' title='bbox 426 1591 469 1617; x_wconf 84' lang='grc' dir='ltr'>ἵνα</span> <span class='ocrx_word' id='word_1_263' title='bbox 492 1591 506 1617; x_wconf 81' lang='lat'><strong>6</strong></span> <span class='ocrx_word' id='word_1_264' title='bbox 531 1591 672 1626; x_wconf 76' lang='grc' dir='ltr'>ἄνθρωπος</span> <span class='ocrx_word' id='word_1_265' title='bbox 686 1592 800 1618; x_wconf 78' lang='grc' dir='ltr'>πάντοτε</span> <span class='ocrx_word' id='word_1_266' title='bbox 828 1591 1002 1627; x_wconf 84' lang='grc' dir='ltr'>προσκολλώ-</span> <span class='ocrx_word' id='word_1_267' title='bbox 1013 1609 1036 1638; x_wconf 71' lang='lat' dir='ltr'><strong><em>C</em></strong></span> 
     </span>
    </p>
   </div>
   <div class='ocr_carea' id='block_1_36' title="bbox 212 1634 999 1672">
    <p class='ocr_par' dir='ltr' id='par_1_36' title="bbox 212 1634 999 1672">
     <span class='ocr_line' id='line_1_36' title="bbox 212 1634 999 1672; baseline 0.003 -12"><span class='ocrx_word' id='word_1_268' title='bbox 212 1642 293 1669; x_wconf 88' lang='grc' dir='ltr'>μενος</span> <span class='ocrx_word' id='word_1_269' title='bbox 344 1635 382 1670; x_wconf 87' lang='grc' dir='ltr'>τῷ</span> <span class='ocrx_word' id='word_1_270' title='bbox 393 1635 500 1671; x_wconf 79' lang='grc' dir='ltr'>Κυρίῳ,</span> <span class='ocrx_word' id='word_1_271' title='bbox 518 1636 565 1663; x_wconf 78' lang='grc' dir='ltr'>καὶ</span> <span class='ocrx_word' id='word_1_272' title='bbox 579 1636 628 1670; x_wconf 81' lang='grc' dir='ltr'>τὴν</span> <span class='ocrx_word' id='word_1_273' title='bbox 651 1636 814 1671; x_wconf 86' lang='grc' dir='ltr'>πεποίθησιν</span> <span class='ocrx_word' id='word_1_274' title='bbox 830 1636 878 1662; x_wconf 62' lang='grc' dir='ltr'><strong>καὶ⁹</strong></span> <span class='ocrx_word' id='word_1_275' title='bbox 891 1636 941 1671; x_wconf 85' lang='grc' dir='ltr'>τὴν</span> <span class='ocrx_word' id='word_1_276' title='bbox 955 1636 999 1662; x_wconf 83' lang='grc' dir='ltr'>ἐλ-</span> 
     </span>
    </p>
   </div>
   <div class='ocr_carea' id='block_1_37' title="bbox 211 1679 1000 1718">
    <p class='ocr_par' dir='ltr' id='par_1_37' title="bbox 211 1679 1000 1718">
     <span class='ocr_line' id='line_1_37' title="bbox 211 1679 1000 1718; baseline 0.003 -11"><span class='ocrx_word' id='word_1_277' title='bbox 211 1680 276 1707; x_wconf 68' lang='grc' dir='ltr'>πίδα</span> <span class='ocrx_word' id='word_1_278' title='bbox 299 1681 366 1716; x_wconf 66' lang='grc' dir='ltr'>πρὸς</span> <span class='ocrx_word' id='word_1_279' title='bbox 384 1681 464 1708; x_wconf 80' lang='grc' dir='ltr'>αὑτὸν</span> <span class='ocrx_word' id='word_1_280' title='bbox 482 1681 563 1717; x_wconf 72' lang='grc' dir='ltr'>ἔχων.</span> <span class='ocrx_word' id='word_1_281' title='bbox 588 1682 645 1708; x_wconf 77' lang='lat' dir='ltr'><strong>Kal.</strong></span> <span class='ocrx_word' id='word_1_282' title='bbox 674 1682 722 1709; x_wconf 80' lang='grc' dir='ltr'><strong>ἐὰν</strong></span> <span class='ocrx_word' id='word_1_283' title='bbox 740 1679 807 1709; x_wconf 80' lang='grc' dir='ltr'>ὦσιν</span> <span class='ocrx_word' id='word_1_284' title='bbox 825 1682 850 1708; x_wconf 76' lang='grc' dir='ltr'>οἱ</span> <span class='ocrx_word' id='word_1_285' title='bbox 873 1682 1000 1718; x_wconf 76' lang='grc' dir='ltr'>δαίμονες</span> 
     </span>
    </p>
   </div>
   <div class='ocr_carea' id='block_1_38' title="bbox 212 1726 998 1764">
    <p class='ocr_par' dir='ltr' id='par_1_38' title="bbox 212 1726 998 1764">
     <span class='ocr_line' id='line_1_38' title="bbox 212 1726 998 1764; baseline 0.004 -12"><span class='ocrx_word' id='word_1_286' title='bbox 212 1726 317 1762; x_wconf 73' lang='grc' dir='ltr'>ἰσχυροὶ</span> <span class='ocrx_word' id='word_1_287' title='bbox 333 1727 370 1758; x_wconf 82' lang='grc' dir='ltr'>ὡς</span> <span class='ocrx_word' id='word_1_288' title='bbox 397 1727 447 1763; x_wconf 77' lang='grc' dir='ltr'>ὅρη</span> <span class='ocrx_word' id='word_1_289' title='bbox 468 1728 579 1764; x_wconf 78' lang='grc' dir='ltr'>ἰσχυρὰ,</span> <span class='ocrx_word' id='word_1_290' title='bbox 603 1728 656 1755; x_wconf 81' lang='grc' dir='ltr'><strong>ὑπὸ</strong></span> <span class='ocrx_word' id='word_1_291' title='bbox 679 1730 729 1764; x_wconf 83' lang='grc' dir='ltr'>τῆς</span> <span class='ocrx_word' id='word_1_292' title='bbox 753 1728 839 1764; x_wconf 82' lang='grc' dir='ltr'>εὐχῆς</span> <span class='ocrx_word' id='word_1_293' title='bbox 864 1729 998 1760; x_wconf 73' lang='grc' dir='ltr'>καίονται,</span> 
     </span>
    </p>
   </div>
   <div class='ocr_carea' id='block_1_39' title="bbox 211 1772 999 1810">
    <p class='ocr_par' dir='ltr' id='par_1_39' title="bbox 211 1772 999 1810">
     <span class='ocr_line' id='line_1_39' title="bbox 211 1772 999 1810; baseline 0.004 -12"><span class='ocrx_word' id='word_1_294' title='bbox 211 1772 337 1807; x_wconf 72' lang='grc' dir='ltr'>καθάπερ</span> <span class='ocrx_word' id='word_1_295' title='bbox 353 1775 366 1800; x_wconf 90' lang='lat'><strong>6</strong></span> <span class='ocrx_word' id='word_1_296' title='bbox 380 1773 464 1809; x_wconf 69' lang='grc' dir='ltr'>κηρὸς</span> <span class='ocrx_word' id='word_1_297' title='bbox 474 1774 526 1800; x_wconf 82' lang='grc' dir='ltr'><strong>ὑπὸ</strong></span> <span class='ocrx_word' id='word_1_298' title='bbox 543 1775 639 1809; x_wconf 84' lang='grc' dir='ltr'>πυρός.</span> <span class='ocrx_word' id='word_1_299' title='bbox 655 1774 751 1808; x_wconf 81' lang='grc' dir='ltr'>Μέγας</span> <span class='ocrx_word' id='word_1_300' title='bbox 760 1774 788 1800; x_wconf 84' lang='grc' dir='ltr'>δὲ</span> <span class='ocrx_word' id='word_1_301' title='bbox 803 1775 832 1801; x_wconf 85' lang='grc' dir='ltr'><strong>ἐν</strong></span> <span class='ocrx_word' id='word_1_302' title='bbox 845 1774 885 1810; x_wconf 86' lang='grc' dir='ltr'>τῷ</span> <span class='ocrx_word' id='word_1_303' title='bbox 898 1774 999 1809; x_wconf 78' lang='grc' dir='ltr'>μεταξὺ</span> 
     </span>
    </p>
   </div>
   <div class='ocr_carea' id='block_1_40' title="bbox 211 1819 998 1855">
    <p class='ocr_par' dir='ltr' id='par_1_40' title="bbox 211 1819 998 1855">
     <span class='ocr_line' id='line_1_40' title="bbox 211 1819 998 1855; baseline 0.004 -10"><span class='ocrx_word' id='word_1_304' title='bbox 211 1820 300 1846; x_wconf 77' lang='grc' dir='ltr'>κεῖται</span> <span class='ocrx_word' id='word_1_305' title='bbox 314 1819 389 1853; x_wconf 83' lang='grc' dir='ltr'>ἁγὼν</span> <span class='ocrx_word' id='word_1_306' title='bbox 405 1820 452 1846; x_wconf 66' lang='grc' dir='ltr'><strong>καὶ</strong></span> <span class='ocrx_word' id='word_1_307' title='bbox 464 1819 582 1854; x_wconf 79' lang='grc' dir='ltr'>πόλεμος</span> <span class='ocrx_word' id='word_1_308' title='bbox 596 1821 629 1855; x_wconf 81' lang='grc' dir='ltr'><strong>τῇ</strong></span> <span class='ocrx_word' id='word_1_309' title='bbox 644 1820 717 1855; x_wconf 80' lang='grc' dir='ltr'>ψυχῇ</span> <span class='ocrx_word' id='word_1_310' title='bbox 731 1820 799 1854; x_wconf 74' lang='grc' dir='ltr'>πρὸς</span> <span class='ocrx_word' id='word_1_311' title='bbox 812 1820 921 1852; x_wconf 77' lang='grc' dir='ltr'>αὐτούς.</span> <span class='ocrx_word' id='word_1_312' title='bbox 945 1822 998 1848; x_wconf 84' lang='grc' dir='ltr'><strong>Πο-</strong></span> 
     </span>
    </p>
   </div>
   <div class='ocr_carea' id='block_1_41' title="bbox 210 1865 998 1901">
    <p class='ocr_par' dir='ltr' id='par_1_41' title="bbox 210 1865 998 1901">
     <span class='ocr_line' id='line_1_41' title="bbox 210 1865 998 1901; baseline 0.003 -10"><span class='ocrx_word' id='word_1_313' title='bbox 210 1865 292 1899; x_wconf 79' lang='grc' dir='ltr'>ταμοί</span> <span class='ocrx_word' id='word_1_314' title='bbox 310 1866 363 1891; x_wconf 81' lang='grc' dir='ltr'>εἰσι</span> <span class='ocrx_word' id='word_1_315' title='bbox 376 1865 533 1901; x_wconf 79' lang='grc' dir='ltr'>δρακόντων</span> <span class='ocrx_word' id='word_1_316' title='bbox 558 1866 627 1897; x_wconf 84' lang='grc' dir='ltr'>ἐκεῖ,</span> <span class='ocrx_word' id='word_1_317' title='bbox 643 1866 691 1892; x_wconf 76' lang='grc' dir='ltr'>καὶ</span> <span class='ocrx_word' id='word_1_318' title='bbox 715 1867 838 1900; x_wconf 82' lang='grc' dir='ltr'>στόματα</span> <span class='ocrx_word' id='word_1_319' title='bbox 859 1866 974 1894; x_wconf 81' lang='grc' dir='ltr'>λεόντων</span> <span class='ocrx_word' id='word_1_320' title='bbox 990 1874 998 1882; x_wconf 68' lang='grc'><strong>⁸</strong></span> 
     </span>
    </p>
   </div>
   <div class='ocr_carea' id='block_1_42' title="bbox 210 1910 1000 1948">
    <p class='ocr_par' dir='ltr' id='par_1_42' title="bbox 210 1910 1000 1948">
     <span class='ocr_line' id='line_1_42' title="bbox 210 1910 1000 1948; baseline 0.004 -11"><span class='ocrx_word' id='word_1_321' title='bbox 210 1910 267 1946; x_wconf 85' lang='grc' dir='ltr'><strong>πῦρ</strong></span> <span class='ocrx_word' id='word_1_322' title='bbox 290 1912 349 1938; x_wconf 78' lang='grc' dir='ltr'>ἐστι</span> <span class='ocrx_word' id='word_1_323' title='bbox 374 1911 541 1946; x_wconf 81' lang='grc' dir='ltr'>φλεγόμενον</span> <span class='ocrx_word' id='word_1_324' title='bbox 572 1912 613 1943; x_wconf 84' lang='grc' dir='ltr'><strong>είς</strong></span> <span class='ocrx_word' id='word_1_325' title='bbox 649 1912 700 1947; x_wconf 81' lang='grc' dir='ltr'>τὴν</span> <span class='ocrx_word' id='word_1_326' title='bbox 727 1912 827 1948; x_wconf 79' lang='grc' dir='ltr'>ψυχήν.</span> <span class='ocrx_word' id='word_1_327' title='bbox 861 1913 964 1948; x_wconf 85' lang='grc' dir='ltr'>’Ὠσπερ</span> <span class='ocrx_word' id='word_1_328' title='bbox 986 1914 1000 1940; x_wconf 87' lang='lat'><strong>6</strong></span> 
     </span>
    </p>
   </div>
   <div class='ocr_carea' id='block_1_43' title="bbox 210 1958 998 1994">
    <p class='ocr_par' dir='ltr' id='par_1_43' title="bbox 210 1958 998 1994">
     <span class='ocr_line' id='line_1_43' title="bbox 210 1958 998 1994; baseline 0.003 -11"><span class='ocrx_word' id='word_1_329' title='bbox 210 1958 312 1988; x_wconf 75' lang='grc' dir='ltr'>τέλειος</span> <span class='ocrx_word' id='word_1_330' title='bbox 325 1958 472 1990; x_wconf 76' lang='grc' dir='ltr'>κακοποιὸς</span> <span class='ocrx_word' id='word_1_331' title='bbox 489 1958 597 1993; x_wconf 80' lang='grc' dir='ltr'>μεθύων</span> <span class='ocrx_word' id='word_1_332' title='bbox 608 1959 648 1990; x_wconf 80' lang='grc' dir='ltr'>εἰς</span> <span class='ocrx_word' id='word_1_333' title='bbox 664 1959 695 1985; x_wconf 82' lang='grc' dir='ltr'>τὸ</span> <span class='ocrx_word' id='word_1_334' title='bbox 708 1959 817 1994; x_wconf 85' lang='grc' dir='ltr'>πνεῦμα</span> <span class='ocrx_word' id='word_1_335' title='bbox 831 1959 880 1993; x_wconf 81' lang='grc' dir='ltr'>τῆς</span> <span class='ocrx_word' id='word_1_336' title='bbox 895 1959 998 1994; x_wconf 82' lang='grc' dir='ltr'>πλάνης</span> 
     </span>
    </p>
   </div>
   <div class='ocr_carea' id='block_1_44' title="bbox 208 2003 996 2040">
    <p class='ocr_par' dir='ltr' id='par_1_44' title="bbox 208 2003 996 2040">
     <span class='ocr_line' id='line_1_44' title="bbox 208 2003 996 2040; baseline 0.003 -11"><span class='ocrx_word' id='word_1_337' title='bbox 208 2003 226 2039; x_wconf 76' lang='grc' dir='ltr'>ἧ</span> <span class='ocrx_word' id='word_1_338' title='bbox 240 2003 370 2037; x_wconf 82' lang='grc' dir='ltr'>φονεύων,</span> <span class='ocrx_word' id='word_1_339' title='bbox 381 2004 396 2039; x_wconf 87' lang='grc' dir='ltr'>ῆ</span> <span class='ocrx_word' id='word_1_340' title='bbox 411 2004 555 2040; x_wconf 81' lang='grc' dir='ltr'>μοιχεύων,</span> <span class='ocrx_word' id='word_1_341' title='bbox 568 2004 715 2040; x_wconf 82' lang='grc' dir='ltr'>ἁκόρεστός</span> <span class='ocrx_word' id='word_1_342' title='bbox 724 2006 796 2031; x_wconf 82' lang='grc' dir='ltr'>ἐστιν</span> <span class='ocrx_word' id='word_1_343' title='bbox 808 2006 847 2036; x_wconf 77' lang='grc' dir='ltr'><strong>εἰς</strong></span> <span class='ocrx_word' id='word_1_344' title='bbox 857 2004 887 2031; x_wconf 84' lang='grc' dir='ltr'><strong>τὺ</strong></span> <span class='ocrx_word' id='word_1_345' title='bbox 902 2005 996 2031; x_wconf 86' lang='grc' dir='ltr'>κακόν·</span> 
     </span>
    </p>
   </div>
   <div class='ocr_carea' id='block_1_45' title="bbox 209 2048 999 2085">
    <p class='ocr_par' dir='ltr' id='par_1_45' title="bbox 209 2048 999 2085">
     <span class='ocr_line' id='line_1_45' title="bbox 209 2048 999 2085; baseline 0.003 -11"><span class='ocrx_word' id='word_1_346' title='bbox 209 2048 296 2080; x_wconf 75' lang='grc' dir='ltr'>οὕτως</span> <span class='ocrx_word' id='word_1_347' title='bbox 309 2049 355 2075; x_wconf 78' lang='grc' dir='ltr'>καὶ</span> <span class='ocrx_word' id='word_1_348' title='bbox 365 2050 389 2075; x_wconf 90' lang='grc' dir='ltr'>οἱ</span> <span class='ocrx_word' id='word_1_349' title='bbox 399 2050 556 2084; x_wconf 79' lang='grc' dir='ltr'>Χριστιανοὶ</span> <span class='ocrx_word' id='word_1_350' title='bbox 569 2049 778 2085; x_wconf 78' lang='grc' dir='ltr'>βεϐαπτισμένοι</span> <span class='ocrx_word' id='word_1_351' title='bbox 795 2051 834 2080; x_wconf 82' lang='grc' dir='ltr'><strong>είς</strong></span> <span class='ocrx_word' id='word_1_352' title='bbox 849 2050 878 2076; x_wconf 84' lang='grc' dir='ltr'><strong>τὺ</strong></span> <span class='ocrx_word' id='word_1_353' title='bbox 889 2050 999 2085; x_wconf 81' lang='grc' dir='ltr'>Πνεῦμα</span> 
     </span>
    </p>
   </div>
   <div class='ocr_carea' id='block_1_46' title="bbox 209 2094 1000 2131">
    <p class='ocr_par' dir='ltr' id='par_1_46' title="bbox 209 2094 1000 2131">
     <span class='ocr_line' id='line_1_46' title="bbox 209 2094 1000 2131; baseline 0.004 -11"><span class='ocrx_word' id='word_1_354' title='bbox 209 2094 239 2120; x_wconf 78' lang='grc' dir='ltr'><strong>τὺ</strong></span> <span class='ocrx_word' id='word_1_355' title='bbox 250 2094 337 2129; x_wconf 73' lang='grc' dir='ltr'>ἅγιον,</span> <span class='ocrx_word' id='word_1_356' title='bbox 355 2095 463 2130; x_wconf 80' lang='grc' dir='ltr'>ἄπειροι</span> <span class='ocrx_word' id='word_1_357' title='bbox 480 2096 599 2130; x_wconf 86' lang='grc' dir='ltr'>γίνονται</span> <span class='ocrx_word' id='word_1_358' title='bbox 621 2096 667 2123; x_wconf 83' lang='grc' dir='ltr'><strong>τοῦ</strong></span> <span class='ocrx_word' id='word_1_359' title='bbox 692 2096 789 2123; x_wconf 85' lang='grc' dir='ltr'>κακοῦ.</span> <span class='ocrx_word' id='word_1_360' title='bbox 808 2096 876 2123; x_wconf 82' lang='grc' dir='ltr'>Οίδὲ</span> <span class='ocrx_word' id='word_1_361' title='bbox 892 2097 1000 2131; x_wconf 79' lang='grc' dir='ltr'>ἔχοντες</span> 
     </span>
    </p>
   </div>
   <div class='ocr_carea' id='block_1_47' title="bbox 211 2138 999 2178">
    <p class='ocr_par' dir='ltr' id='par_1_47' title="bbox 211 2138 999 2178">
     <span class='ocr_line' id='line_1_47' title="bbox 211 2138 999 2178; baseline 0.004 -12"><span class='ocrx_word' id='word_1_362' title='bbox 211 2141 303 2174; x_wconf 78' lang='grc' dir='ltr'>χάριν,</span> <span class='ocrx_word' id='word_1_363' title='bbox 320 2141 367 2167; x_wconf 74' lang='grc' dir='ltr'>καὶ</span> <span class='ocrx_word' id='word_1_364' title='bbox 394 2141 434 2168; x_wconf 79' lang='grc' dir='ltr'><strong>ἐτι</strong></span> <span class='ocrx_word' id='word_1_365' title='bbox 452 2143 616 2177; x_wconf 83' lang='grc' dir='ltr'>μεμιγμένοι</span> <span class='ocrx_word' id='word_1_366' title='bbox 638 2144 670 2178; x_wconf 80' lang='grc' dir='ltr'><strong>τῇ</strong></span> <span class='ocrx_word' id='word_1_367' title='bbox 689 2142 822 2178; x_wconf 85' lang='grc' dir='ltr'>ἁμαρτίᾳ,</span> <span class='ocrx_word' id='word_1_368' title='bbox 848 2138 922 2169; x_wconf 74' lang='grc' dir='ltr'>οὗτοι</span> <span class='ocrx_word' id='word_1_369' title='bbox 946 2142 999 2169; x_wconf 80' lang='grc' dir='ltr'><strong>ὑπὸ</strong></span> 
     </span>
    </p>
   </div>
   <div class='ocr_carea' id='block_1_48' title="bbox 211 2185 874 2222">
    <p class='ocr_par' dir='ltr' id='par_1_48' title="bbox 211 2185 874 2222">
     <span class='ocr_line' id='line_1_48' title="bbox 211 2185 874 2222; baseline 0.003 -11"><span class='ocrx_word' id='word_1_370' title='bbox 211 2185 293 2219; x_wconf 76' lang='grc' dir='ltr'>φόϐον</span> <span class='ocrx_word' id='word_1_371' title='bbox 307 2186 359 2212; x_wconf 72' lang='lat' dir='ltr'><strong>eiul.</strong></span> <span class='ocrx_word' id='word_1_372' title='bbox 372 2206 380 2219; x_wconf 90' lang='lat'><strong>,</strong></span> <span class='ocrx_word' id='word_1_373' title='bbox 396 2187 443 2213; x_wconf 78' lang='grc' dir='ltr'>καὶ</span> <span class='ocrx_word' id='word_1_374' title='bbox 458 2187 503 2214; x_wconf 82' lang='grc' dir='ltr'><strong>διὰ</strong></span> <span class='ocrx_word' id='word_1_375' title='bbox 517 2187 632 2222; x_wconf 81' lang='grc' dir='ltr'>φοϐερὸν</span> <span class='ocrx_word' id='word_1_376' title='bbox 647 2187 728 2214; x_wconf 86' lang='grc' dir='ltr'>τόπον</span> <span class='ocrx_word' id='word_1_377' title='bbox 742 2187 874 2214; x_wconf 82' lang='grc' dir='ltr'>ὁδεύουσι.</span> 
     </span>
    </p>
   </div>
   <div class='ocr_carea' id='block_1_49' title="bbox 246 2231 997 2268">
    <p class='ocr_par' dir='ltr' id='par_1_49' title="bbox 246 2231 997 2268">
     <span class='ocr_line' id='line_1_49' title="bbox 246 2231 997 2268; baseline 0.001 -10"><span class='ocrx_word' id='word_1_378' title='bbox 246 2231 282 2258; x_wconf 91' lang='grc' dir='ltr'><strong>Δ’.</strong></span> <span class='ocrx_word' id='word_1_379' title='bbox 293 2232 427 2268; x_wconf 81' lang='grc' dir='ltr'>Καθάπερ</span> <span class='ocrx_word' id='word_1_380' title='bbox 436 2232 490 2268; x_wconf 89' lang='grc' dir='ltr'><strong>γὰρ</strong></span> <span class='ocrx_word' id='word_1_381' title='bbox 504 2234 529 2259; x_wconf 76' lang='grc' dir='ltr'>οἱ</span> <span class='ocrx_word' id='word_1_382' title='bbox 545 2233 660 2268; x_wconf 74' lang='grc' dir='ltr'>ἔμποροι</span> <span class='ocrx_word' id='word_1_383' title='bbox 673 2233 800 2264; x_wconf 85' lang='grc' dir='ltr'>πλέοντες</span> <span class='ocrx_word' id='word_1_384' title='bbox 815 2233 867 2259; x_wconf 85' lang='grc' dir='ltr'>κᾶν</span> <span class='ocrx_word' id='word_1_385' title='bbox 878 2232 997 2267; x_wconf 79' lang='grc' dir='ltr'>εὕρωσιν</span> 
     </span>
    </p>
   </div>
   <div class='ocr_carea' id='block_1_50' title="bbox 1051 310 1842 346">
    <p class='ocr_par' dir='ltr' id='par_1_50' title="bbox 1051 310 1842 346">
     <span class='ocr_line' id='line_1_50' title="bbox 1051 310 1842 346; baseline 0.005 -9"><span class='ocrx_word' id='word_1_386' title='bbox 1051 310 1100 337; x_wconf 68' lang='grc' dir='ltr'>σιώ</span> <span class='ocrx_word' id='word_1_387' title='bbox 1124 311 1254 338; x_wconf 69' lang='lat' dir='ltr'><strong>tutoribus</strong></span> <span class='ocrx_word' id='word_1_388' title='bbox 1268 314 1294 338; x_wconf 84' lang='lat' dir='ltr'><strong>et</strong></span> <span class='ocrx_word' id='word_1_389' title='bbox 1316 311 1482 339; x_wconf 62' lang='lat' dir='ltr'><strong>curatoribus</strong></span> <span class='ocrx_word' id='word_1_390' title='bbox 1495 311 1517 327; x_wconf 80' lang='lat'>&quot;</span> <span class='ocrx_word' id='word_1_391' title='bbox 1542 311 1691 346; x_wconf 81' lang='lat' dir='ltr'><strong>spirituum</strong></span> <span class='ocrx_word' id='word_1_392' title='bbox 1722 312 1842 341; x_wconf 88' lang='lat' dir='ltr'><strong>immun-</strong></span> 
     </span>
    </p>
   </div>
   <div class='ocr_carea' id='block_1_51' title="bbox 1052 356 1839 392">
    <p class='ocr_par' dir='ltr' id='par_1_51' title="bbox 1052 356 1839 392">
     <span class='ocr_line' id='line_1_51' title="bbox 1052 356 1839 392; baseline 0.005 -10"><span class='ocrx_word' id='word_1_393' title='bbox 1052 356 1150 383; x_wconf 91' lang='lat' dir='ltr'><strong>dorum</strong></span> <span class='ocrx_word' id='word_1_394' title='bbox 1167 356 1233 391; x_wconf 78' lang='lat' dir='ltr'><strong>agit,</strong></span> <span class='ocrx_word' id='word_1_395' title='bbox 1247 356 1296 391; x_wconf 86' lang='lat' dir='ltr'><strong>qui</strong></span> <span class='ocrx_word' id='word_1_396' title='bbox 1320 356 1435 391; x_wconf 80' lang='lat' dir='ltr'><strong>spiritus</strong></span> <span class='ocrx_word' id='word_1_397' title='bbox 1447 356 1546 385; x_wconf 83' lang='lat' dir='ltr'><strong>nolunt</strong></span> <span class='ocrx_word' id='word_1_398' title='bbox 1559 364 1676 392; x_wconf 89' lang='lat' dir='ltr'><strong>puerum</strong></span> <span class='ocrx_word' id='word_1_399' title='bbox 1701 364 1839 391; x_wconf 85' lang='lat' dir='ltr'><strong>crescere,</strong></span> 
     </span>
    </p>
   </div>
   <div class='ocr_carea' id='block_1_52' title="bbox 1052 402 1842 439">
    <p class='ocr_par' dir='ltr' id='par_1_52' title="bbox 1052 402 1842 439">
     <span class='ocr_line' id='line_1_52' title="bbox 1052 402 1842 439; baseline 0.004 -10"><span class='ocrx_word' id='word_1_400' title='bbox 1052 410 1088 430; x_wconf 88' lang='lat' dir='ltr'><strong>ne</strong></span> <span class='ocrx_word' id='word_1_401' title='bbox 1102 402 1151 430; x_wconf 90' lang='lat' dir='ltr'><strong>ubi</strong></span> <span class='ocrx_word' id='word_1_402' title='bbox 1168 402 1196 429; x_wconf 91' lang='lat' dir='ltr'><strong>in</strong></span> <span class='ocrx_word' id='word_1_403' title='bbox 1210 402 1300 430; x_wconf 91' lang='lat' dir='ltr'><strong>virum</strong></span> <span class='ocrx_word' id='word_1_404' title='bbox 1311 402 1464 438; x_wconf 84' lang='lat' dir='ltr'><strong>perfectum</strong></span> <span class='ocrx_word' id='word_1_405' title='bbox 1480 403 1609 434; x_wconf 85' lang='lat' dir='ltr'><strong>evaserit.</strong></span> <span class='ocrx_word' id='word_1_406' title='bbox 1635 403 1750 439; x_wconf 85' lang='lat' dir='ltr'><strong>incipiat</strong></span> <span class='ocrx_word' id='word_1_407' title='bbox 1765 411 1842 439; x_wconf 69' lang='lat' dir='ltr'><strong>quae-</strong></span> 
     </span>
    </p>
   </div>
   <div class='ocr_carea' id='block_1_53' title="bbox 1052 448 1842 483">
    <p class='ocr_par' dir='ltr' id='par_1_53' title="bbox 1052 448 1842 483">
     <span class='ocr_line' id='line_1_53' title="bbox 1052 448 1842 483; baseline 0.003 -8"><span class='ocrx_word' id='word_1_408' title='bbox 1052 455 1124 480; x_wconf 86' lang='lat' dir='ltr'><strong>rere,</strong></span> <span class='ocrx_word' id='word_1_409' title='bbox 1138 455 1199 483; x_wconf 70' lang='lat' dir='ltr'><strong>quae</strong></span> <span class='ocrx_word' id='word_1_410' title='bbox 1217 448 1251 475; x_wconf 89' lang='lat' dir='ltr'><strong>ad</strong></span> <span class='ocrx_word' id='word_1_411' title='bbox 1266 448 1397 475; x_wconf 85' lang='lat' dir='ltr'><strong>familiam</strong></span> <span class='ocrx_word' id='word_1_412' title='bbox 1419 448 1569 483; x_wconf 87' lang='lat' dir='ltr'><strong>pertinent,</strong></span> <span class='ocrx_word' id='word_1_413' title='bbox 1588 452 1617 476; x_wconf 87' lang='lat' dir='ltr'><strong>et</strong></span> <span class='ocrx_word' id='word_1_414' title='bbox 1629 449 1770 477; x_wconf 87' lang='lat' dir='ltr'><strong>vindicare</strong></span> <span class='ocrx_word' id='word_1_415' title='bbox 1793 449 1842 477; x_wconf 87' lang='lat' dir='ltr'><strong>do-</strong></span> 
     </span>
    </p>
   </div>
   <div class='ocr_carea' id='block_1_54' title="bbox 1052 494 1842 530">
    <p class='ocr_par' dir='ltr' id='par_1_54' title="bbox 1052 494 1842 530">
     <span class='ocr_line' id='line_1_54' title="bbox 1052 494 1842 530; baseline 0.003 -9"><span class='ocrx_word' id='word_1_416' title='bbox 1052 494 1179 521; x_wconf 88' lang='lat' dir='ltr'><strong>minium.</strong></span> <span class='ocrx_word' id='word_1_417' title='bbox 1197 494 1371 522; x_wconf 84' lang='lat' dir='ltr'><strong>Christianus</strong></span> <span class='ocrx_word' id='word_1_418' title='bbox 1390 495 1467 522; x_wconf 88' lang='lat' dir='ltr'><strong>nullo</strong></span> <span class='ocrx_word' id='word_1_419' title='bbox 1480 502 1535 522; x_wconf 90' lang='lat' dir='ltr'><strong>non</strong></span> <span class='ocrx_word' id='word_1_420' title='bbox 1547 499 1670 530; x_wconf 79' lang='lat' dir='ltr'><strong>tempore</strong></span> <span class='ocrx_word' id='word_1_421' title='bbox 1684 495 1768 523; x_wconf 86' lang='lat' dir='ltr'><strong>debet</strong></span> <span class='ocrx_word' id='word_1_422' title='bbox 1784 495 1842 523; x_wconf 70' lang='lat' dir='ltr'><strong>rite-</strong></span> 
     </span>
    </p>
   </div>
   <div class='ocr_carea' id='block_1_55' title="bbox 1052 540 1842 577">
    <p class='ocr_par' dir='ltr' id='par_1_55' title="bbox 1052 540 1842 577">
     <span class='ocr_line' id='line_1_55' title="bbox 1052 540 1842 577; baseline 0.003 -10"><span class='ocrx_word' id='word_1_423' title='bbox 1052 540 1168 568; x_wconf 83' lang='lat' dir='ltr'><strong>moriam</strong></span> <span class='ocrx_word' id='word_1_424' title='bbox 1198 541 1247 568; x_wconf 93' lang='lat' dir='ltr'><strong>Dei</strong></span> <span class='ocrx_word' id='word_1_425' title='bbox 1277 541 1391 568; x_wconf 87' lang='lat' dir='ltr'><strong>habere.</strong></span> <span class='ocrx_word' id='word_1_426' title='bbox 1413 540 1551 575; x_wconf 88' lang='lat' dir='ltr'><strong>Scriptum</strong></span> <span class='ocrx_word' id='word_1_427' title='bbox 1576 541 1650 568; x_wconf 90' lang='lat' dir='ltr'><strong>enim</strong></span> <span class='ocrx_word' id='word_1_428' title='bbox 1665 545 1726 568; x_wconf 86' lang='lat' dir='ltr'><strong>est:</strong></span> <span class='ocrx_word' id='word_1_429' title='bbox 1742 541 1842 577; x_wconf 75' lang='lat' dir='ltr'><strong>Diliges</strong></span> 
     </span>
    </p>
   </div>
   <div class='ocr_carea' id='block_1_56' title="bbox 1052 585 1842 615">
    <p class='ocr_par' dir='ltr' id='par_1_56' title="bbox 1052 585 1842 615">
     <span class='ocr_line' id='line_1_56' title="bbox 1052 585 1842 615; baseline 0.003 -2"><span class='ocrx_word' id='word_1_430' title='bbox 1052 585 1196 613; x_wconf 83' lang='lat' dir='ltr'><strong>Dominum</strong></span> <span class='ocrx_word' id='word_1_431' title='bbox 1210 586 1293 614; x_wconf 86' lang='lat' dir='ltr'><strong>Deum</strong></span> <span class='ocrx_word' id='word_1_432' title='bbox 1303 592 1378 614; x_wconf 86' lang='lat' dir='ltr'><strong>tuum</strong></span> <span class='ocrx_word' id='word_1_433' title='bbox 1387 595 1419 614; x_wconf 76' lang='lat' dir='ltr'><strong>ca;</strong></span> <span class='ocrx_word' id='word_1_434' title='bbox 1430 592 1483 614; x_wconf 81' lang='lat' dir='ltr'><strong>toto</strong></span> <span class='ocrx_word' id='word_1_435' title='bbox 1496 588 1573 614; x_wconf 83' lang='lat' dir='ltr'><strong>corde</strong></span> <span class='ocrx_word' id='word_1_436' title='bbox 1585 591 1630 614; x_wconf 85' lang='lat' dir='ltr'><strong>tuo</strong></span> <span class='ocrx_word' id='word_1_437' title='bbox 1643 587 1681 614; x_wconf 66' lang='grc' dir='ltr'><strong>’νε</strong></span> <span class='ocrx_word' id='word_1_438' title='bbox 1693 596 1728 615; x_wconf 89' lang='lat' dir='ltr'><strong>ne</strong></span> <span class='ocrx_word' id='word_1_439' title='bbox 1752 588 1842 615; x_wconf 90' lang='lat' dir='ltr'><strong>solum</strong></span> 
     </span>
    </p>
   </div>
   <div class='ocr_carea' id='block_1_57' title="bbox 1053 632 1841 668">
    <p class='ocr_par' dir='ltr' id='par_1_57' title="bbox 1053 632 1841 668">
     <span class='ocr_line' id='line_1_57' title="bbox 1053 632 1841 668; baseline 0.003 -10"><span class='ocrx_word' id='word_1_440' title='bbox 1053 632 1164 666; x_wconf 83' lang='lat' dir='ltr'><strong>quando</strong></span> <span class='ocrx_word' id='word_1_441' title='bbox 1190 632 1344 668; x_wconf 82' lang='lat' dir='ltr'><strong>ingreditur</strong></span> <span class='ocrx_word' id='word_1_442' title='bbox 1367 633 1532 665; x_wconf 87' lang='lat' dir='ltr'><strong>oratorium,</strong></span> <span class='ocrx_word' id='word_1_443' title='bbox 1558 633 1654 668; x_wconf 85' lang='lat' dir='ltr'><strong>diligat</strong></span> <span class='ocrx_word' id='word_1_444' title='bbox 1683 633 1841 666; x_wconf 88' lang='lat' dir='ltr'><strong>Dominum,</strong></span> 
     </span>
    </p>
   </div>
   <div class='ocr_carea' id='block_1_58' title="bbox 1053 675 1843 713">
    <p class='ocr_par' dir='ltr' id='par_1_58' title="bbox 1053 675 1843 713">
     <span class='ocr_line' id='line_1_58' title="bbox 1053 675 1843 713; baseline 0.004 -11"><span class='ocrx_word' id='word_1_445' title='bbox 1053 675 1102 702; x_wconf 87' lang='lat' dir='ltr'><strong>sed</strong></span> <span class='ocrx_word' id='word_1_446' title='bbox 1127 676 1211 703; x_wconf 79' lang='lat' dir='ltr'><strong>etiam</strong></span> <span class='ocrx_word' id='word_1_447' title='bbox 1234 677 1389 709; x_wconf 73' lang='lat' dir='ltr'><strong>ambulans,</strong></span> <span class='ocrx_word' id='word_1_448' title='bbox 1416 678 1587 713; x_wconf 90' lang='lat' dir='ltr'><strong>colloquens,</strong></span> <span class='ocrx_word' id='word_1_449' title='bbox 1598 682 1626 705; x_wconf 91' lang='lat' dir='ltr'><strong>et</strong></span> <span class='ocrx_word' id='word_1_450' title='bbox 1644 678 1802 711; x_wconf 86' lang='lat' dir='ltr'><strong>comedens,</strong></span> <span class='ocrx_word' id='word_1_451' title='bbox 1815 678 1843 705; x_wconf 87' lang='lat' dir='ltr'><strong>in</strong></span> 
     </span>
    </p>
   </div>
   <div class='ocr_carea' id='block_1_59' title="bbox 1053 722 1844 759">
    <p class='ocr_par' dir='ltr' id='par_1_59' title="bbox 1053 722 1844 759">
     <span class='ocr_line' id='line_1_59' title="bbox 1053 722 1844 759; baseline 0.005 -11"><span class='ocrx_word' id='word_1_452' title='bbox 1053 722 1185 749; x_wconf 82' lang='lat' dir='ltr'><strong>memoria</strong></span> <span class='ocrx_word' id='word_1_453' title='bbox 1209 722 1296 751; x_wconf 89' lang='lat' dir='ltr'><strong>Deum</strong></span> <span class='ocrx_word' id='word_1_454' title='bbox 1317 723 1431 754; x_wconf 81' lang='lat' dir='ltr'><strong>habeat.</strong></span> <span class='ocrx_word' id='word_1_455' title='bbox 1448 723 1553 758; x_wconf 78' lang='lat' dir='ltr'><strong>diligat,</strong></span> <span class='ocrx_word' id='word_1_456' title='bbox 1577 728 1605 751; x_wconf 89' lang='lat' dir='ltr'><strong>et</strong></span> <span class='ocrx_word' id='word_1_457' title='bbox 1630 731 1724 751; x_wconf 90' lang='lat' dir='ltr'><strong>amore</strong></span> <span class='ocrx_word' id='word_1_458' title='bbox 1750 731 1844 759; x_wconf 89' lang='lat' dir='ltr'><strong>prose-</strong></span> 
     </span>
    </p>
   </div>
   <div class='ocr_carea' id='block_1_60' title="bbox 1053 767 1844 805">
    <p class='ocr_par' dir='ltr' id='par_1_60' title="bbox 1053 767 1844 805">
     <span class='ocr_line' id='line_1_60' title="bbox 1053 767 1844 805; baseline 0.004 -11"><span class='ocrx_word' id='word_1_459' title='bbox 1053 772 1164 802; x_wconf 88' lang='lat' dir='ltr'><strong>quatur.</strong></span> <span class='ocrx_word' id='word_1_460' title='bbox 1176 767 1268 803; x_wconf 86' lang='lat' dir='ltr'><strong>lnquit</strong></span> <span class='ocrx_word' id='word_1_461' title='bbox 1278 769 1369 796; x_wconf 86' lang='lat' dir='ltr'><strong>enim:</strong></span> <span class='ocrx_word' id='word_1_462' title='bbox 1388 769 1435 797; x_wconf 89' lang='lat' dir='ltr'><strong>Ubi</strong></span> <span class='ocrx_word' id='word_1_463' title='bbox 1453 778 1526 797; x_wconf 68' lang='lat' dir='ltr'><strong>mens</strong></span> <span class='ocrx_word' id='word_1_464' title='bbox 1538 774 1596 801; x_wconf 85' lang='lat' dir='ltr'><strong>tua,</strong></span> <span class='ocrx_word' id='word_1_465' title='bbox 1612 770 1647 797; x_wconf 74' lang='lat' dir='ltr'><strong>ibi</strong></span> <span class='ocrx_word' id='word_1_466' title='bbox 1672 778 1774 805; x_wconf 85' lang='lat' dir='ltr'><strong>quoque</strong></span> <span class='ocrx_word' id='word_1_467' title='bbox 1787 771 1844 797; x_wconf 79' lang='lat' dir='ltr'><strong>the-</strong></span> 
     </span>
    </p>
   </div>
   <div class='ocr_carea' id='block_1_61' title="bbox 1053 815 1843 850">
    <p class='ocr_par' dir='ltr' id='par_1_61' title="bbox 1053 815 1843 850">
     <span class='ocr_line' id='line_1_61' title="bbox 1053 815 1843 850; baseline 0.004 -11"><span class='ocrx_word' id='word_1_468' title='bbox 1053 821 1148 840; x_wconf 77' lang='lat' dir='ltr'><strong>saurus</strong></span> <span class='ocrx_word' id='word_1_469' title='bbox 1160 818 1219 841; x_wconf 76' lang='lat' dir='ltr'><strong>tuus</strong></span> <span class='ocrx_word' id='word_1_470' title='bbox 1232 815 1266 842; x_wconf 78' lang='grc' dir='ltr'><strong>ὀ.</strong></span> <span class='ocrx_word' id='word_1_471' title='bbox 1282 815 1322 842; x_wconf 82' lang='lat' dir='ltr'><strong>Ad</strong></span> <span class='ocrx_word' id='word_1_472' title='bbox 1333 822 1526 850; x_wconf 88' lang='lat' dir='ltr'><strong>quamcunque</strong></span> <span class='ocrx_word' id='word_1_473' title='bbox 1535 816 1608 843; x_wconf 88' lang='lat' dir='ltr'><strong>enim</strong></span> <span class='ocrx_word' id='word_1_474' title='bbox 1622 823 1679 843; x_wconf 90' lang='lat' dir='ltr'><strong>rem</strong></span> <span class='ocrx_word' id='word_1_475' title='bbox 1691 823 1739 842; x_wconf 90' lang='lat' dir='ltr'><strong>cor</strong></span> <span class='ocrx_word' id='word_1_476' title='bbox 1755 815 1843 843; x_wconf 91' lang='lat' dir='ltr'><strong>alicu-</strong></span> 
     </span>
    </p>
   </div>
   <div class='ocr_carea' id='block_1_62' title="bbox 1052 859 1843 896">
    <p class='ocr_par' dir='ltr' id='par_1_62' title="bbox 1052 859 1843 896">
     <span class='ocr_line' id='line_1_62' title="bbox 1052 859 1843 896; baseline 0.003 -10"><span class='ocrx_word' id='word_1_477' title='bbox 1052 859 1096 894; x_wconf 86' lang='lat' dir='ltr'><strong>jus</strong></span> <span class='ocrx_word' id='word_1_478' title='bbox 1108 859 1244 895; x_wconf 78' lang='lat' dir='ltr'><strong>alligatur,</strong></span> <span class='ocrx_word' id='word_1_479' title='bbox 1257 864 1284 886; x_wconf 86' lang='lat' dir='ltr'><strong>et</strong></span> <span class='ocrx_word' id='word_1_480' title='bbox 1296 868 1351 895; x_wconf 87' lang='lat' dir='ltr'><strong>quo</strong></span> <span class='ocrx_word' id='word_1_481' title='bbox 1367 868 1430 887; x_wconf 79' lang='lat' dir='ltr'><strong>eum</strong></span> <span class='ocrx_word' id='word_1_482' title='bbox 1445 861 1530 888; x_wconf 86' lang='lat' dir='ltr'><strong>trahit</strong></span> <span class='ocrx_word' id='word_1_483' title='bbox 1548 860 1661 896; x_wconf 93' lang='lat' dir='ltr'><strong>cupido,</strong></span> <span class='ocrx_word' id='word_1_484' title='bbox 1676 860 1721 888; x_wconf 88' lang='lat' dir='ltr'><strong>illa</strong></span> <span class='ocrx_word' id='word_1_485' title='bbox 1734 868 1779 888; x_wconf 90' lang='lat' dir='ltr'><strong>res</strong></span> <span class='ocrx_word' id='word_1_486' title='bbox 1800 864 1843 888; x_wconf 79' lang='lat' dir='ltr'><strong>est</strong></span> 
     </span>
    </p>
   </div>
   <div class='ocr_carea' id='block_1_63' title="bbox 1054 905 1843 946">
    <p class='ocr_par' dir='ltr' id='par_1_63' title="bbox 1054 905 1843 946">
     <span class='ocr_line' id='line_1_63' title="bbox 1054 905 1843 946; baseline 0.004 -14"><span class='ocrx_word' id='word_1_487' title='bbox 1054 905 1114 940; x_wconf 89' lang='lat' dir='ltr'><strong>ejus</strong></span> <span class='ocrx_word' id='word_1_488' title='bbox 1130 905 1209 946; x_wconf 72' lang='lat' dir='ltr'><strong>deus.</strong></span> <span class='ocrx_word' id='word_1_489' title='bbox 1227 905 1255 932; x_wconf 90' lang='lat' dir='ltr'><strong>Si</strong></span> <span class='ocrx_word' id='word_1_490' title='bbox 1274 906 1412 933; x_wconf 86' lang='lat' dir='ltr'><strong>desideret</strong></span> <span class='ocrx_word' id='word_1_491' title='bbox 1427 914 1474 934; x_wconf 89' lang='lat' dir='ltr'><strong>cor</strong></span> <span class='ocrx_word' id='word_1_492' title='bbox 1491 906 1594 941; x_wconf 89' lang='lat' dir='ltr'><strong>ubique</strong></span> <span class='ocrx_word' id='word_1_493' title='bbox 1614 906 1771 938; x_wconf 90' lang='lat' dir='ltr'><strong>Dominum,</strong></span> <span class='ocrx_word' id='word_1_494' title='bbox 1784 907 1843 941; x_wconf 86' lang='lat' dir='ltr'><strong>ipse</strong></span> 
     </span>
    </p>
   </div>
   <div class='ocr_carea' id='block_1_64' title="bbox 1053 951 1844 987">
    <p class='ocr_par' dir='ltr' id='par_1_64' title="bbox 1053 951 1844 987">
     <span class='ocr_line' id='line_1_64' title="bbox 1053 951 1844 987; baseline 0 -8"><span class='ocrx_word' id='word_1_495' title='bbox 1053 955 1095 979; x_wconf 85' lang='lat' dir='ltr'><strong>est</strong></span> <span class='ocrx_word' id='word_1_496' title='bbox 1113 951 1247 979; x_wconf 89' lang='lat' dir='ltr'><strong>Dominus</strong></span> <span class='ocrx_word' id='word_1_497' title='bbox 1266 952 1357 979; x_wconf 87' lang='lat' dir='ltr'><strong>cordis</strong></span> <span class='ocrx_word' id='word_1_498' title='bbox 1373 952 1441 987; x_wconf 85' lang='lat' dir='ltr'><strong>ejus.</strong></span> <span class='ocrx_word' id='word_1_499' title='bbox 1458 952 1599 987; x_wconf 88' lang='lat' dir='ltr'><strong>Quispiam</strong></span> <span class='ocrx_word' id='word_1_500' title='bbox 1610 959 1686 984; x_wconf 88' lang='lat' dir='ltr'><strong>vero,</strong></span> <span class='ocrx_word' id='word_1_501' title='bbox 1702 952 1749 987; x_wconf 91' lang='lat' dir='ltr'><strong>qui</strong></span> <span class='ocrx_word' id='word_1_502' title='bbox 1761 952 1844 980; x_wconf 78' lang='lat' dir='ltr'><strong>abre-</strong></span> 
     </span>
    </p>
   </div>
   <div class='ocr_carea' id='block_1_65' title="bbox 1053 997 1844 1033">
    <p class='ocr_par' dir='ltr' id='par_1_65' title="bbox 1053 997 1844 1033">
     <span class='ocr_line' id='line_1_65' title="bbox 1053 997 1844 1033; baseline 0.001 -9"><span class='ocrx_word' id='word_1_503' title='bbox 1053 998 1200 1030; x_wconf 87' lang='lat' dir='ltr'><strong>nuntiavit,</strong></span> <span class='ocrx_word' id='word_1_504' title='bbox 1223 998 1407 1033; x_wconf 86' lang='lat' dir='ltr'><strong>omnibusque</strong></span> <span class='ocrx_word' id='word_1_505' title='bbox 1430 998 1487 1025; x_wconf 87' lang='lat' dir='ltr'><strong>suis</strong></span> <span class='ocrx_word' id='word_1_506' title='bbox 1513 997 1689 1025; x_wconf 82' lang='lat' dir='ltr'><strong>facultatibus</strong></span> <span class='ocrx_word' id='word_1_507' title='bbox 1715 1002 1743 1025; x_wconf 89' lang='lat' dir='ltr'><strong>et</strong></span> <span class='ocrx_word' id='word_1_508' title='bbox 1775 998 1844 1025; x_wconf 78' lang='lat' dir='ltr'><strong>urbe</strong></span> 
     </span>
    </p>
   </div>
   <div class='ocr_carea' id='block_1_66' title="bbox 1052 1043 1843 1078">
    <p class='ocr_par' dir='ltr' id='par_1_66' title="bbox 1052 1043 1843 1078">
     <span class='ocr_line' id='line_1_66' title="bbox 1052 1043 1843 1078; baseline 0.001 -9"><span class='ocrx_word' id='word_1_509' title='bbox 1052 1043 1167 1074; x_wconf 87' lang='lat' dir='ltr'><strong>relictis,</strong></span> <span class='ocrx_word' id='word_1_510' title='bbox 1181 1043 1285 1078; x_wconf 84' lang='lat' dir='ltr'><strong>jejunio</strong></span> <span class='ocrx_word' id='word_1_511' title='bbox 1303 1043 1350 1070; x_wconf 87' lang='lat' dir='ltr'><strong>dat</strong></span> <span class='ocrx_word' id='word_1_512' title='bbox 1367 1051 1492 1078; x_wconf 85' lang='lat' dir='ltr'><strong>operam,</strong></span> <span class='ocrx_word' id='word_1_513' title='bbox 1507 1044 1558 1071; x_wconf 89' lang='lat' dir='ltr'><strong>iste</strong></span> <span class='ocrx_word' id='word_1_514' title='bbox 1575 1043 1618 1071; x_wconf 87' lang='lat' dir='ltr'><strong>sui</strong></span> <span class='ocrx_word' id='word_1_515' title='bbox 1638 1043 1725 1078; x_wconf 90' lang='lat' dir='ltr'><strong>ipsius</strong></span> <span class='ocrx_word' id='word_1_516' title='bbox 1737 1043 1843 1070; x_wconf 90' lang='lat' dir='ltr'><strong>homini</strong></span> 
     </span>
    </p>
   </div>
   <div class='ocr_carea' id='block_1_67' title="bbox 1052 1088 1844 1124">
    <p class='ocr_par' dir='ltr' id='par_1_67' title="bbox 1052 1088 1844 1124">
     <span class='ocr_line' id='line_1_67' title="bbox 1052 1088 1844 1124; baseline 0.003 -10"><span class='ocrx_word' id='word_1_517' title='bbox 1052 1088 1142 1115; x_wconf 91' lang='lat' dir='ltr'><strong>adhuc</strong></span> <span class='ocrx_word' id='word_1_518' title='bbox 1155 1089 1282 1124; x_wconf 81' lang='lat' dir='ltr'><strong>alligatus</strong></span> <span class='ocrx_word' id='word_1_519' title='bbox 1299 1088 1395 1121; x_wconf 59' lang='lat' dir='ltr'><strong>haeret,</strong></span> <span class='ocrx_word' id='word_1_520' title='bbox 1413 1094 1461 1116; x_wconf 86' lang='lat' dir='ltr'><strong>aut</strong></span> <span class='ocrx_word' id='word_1_521' title='bbox 1477 1089 1560 1117; x_wconf 89' lang='lat' dir='ltr'><strong>rebus</strong></span> <span class='ocrx_word' id='word_1_522' title='bbox 1571 1089 1730 1121; x_wconf 88' lang='lat' dir='ltr'><strong>mundanis,</strong></span> <span class='ocrx_word' id='word_1_523' title='bbox 1741 1094 1790 1116; x_wconf 88' lang='lat' dir='ltr'><strong>aut</strong></span> <span class='ocrx_word' id='word_1_524' title='bbox 1804 1088 1844 1116; x_wconf 81' lang='lat' dir='ltr'><strong>fa-</strong></span> 
     </span>
    </p>
   </div>
   <div class='ocr_carea' id='block_1_68' title="bbox 1051 1134 1844 1171">
    <p class='ocr_par' dir='ltr' id='par_1_68' title="bbox 1051 1134 1844 1171">
     <span class='ocr_line' id='line_1_68' title="bbox 1051 1134 1844 1171; baseline 0.004 -11"><span class='ocrx_word' id='word_1_525' title='bbox 1051 1134 1217 1166; x_wconf 89' lang='lat' dir='ltr'><strong>miliaribus,</strong></span> <span class='ocrx_word' id='word_1_526' title='bbox 1232 1139 1279 1161; x_wconf 87' lang='lat' dir='ltr'><strong>aut</strong></span> <span class='ocrx_word' id='word_1_527' title='bbox 1291 1135 1379 1162; x_wconf 88' lang='lat' dir='ltr'><strong>amori</strong></span> <span class='ocrx_word' id='word_1_528' title='bbox 1395 1139 1541 1170; x_wconf 87' lang='lat' dir='ltr'><strong>parentum</strong></span> <span class='ocrx_word' id='word_1_529' title='bbox 1557 1144 1564 1162; x_wconf 86' lang='lat'><strong>:</strong></span> <span class='ocrx_word' id='word_1_530' title='bbox 1581 1135 1629 1162; x_wconf 90' lang='lat' dir='ltr'><strong>ubi</strong></span> <span class='ocrx_word' id='word_1_531' title='bbox 1645 1135 1786 1171; x_wconf 80' lang='lat' dir='ltr'><strong>alligatum</strong></span> <span class='ocrx_word' id='word_1_532' title='bbox 1799 1139 1844 1163; x_wconf 82' lang='lat' dir='ltr'><strong>est</strong></span> 
     </span>
    </p>
   </div>
   <div class='ocr_carea' id='block_1_69' title="bbox 1051 1180 1842 1216">
    <p class='ocr_par' dir='ltr' id='par_1_69' title="bbox 1051 1180 1842 1216">
     <span class='ocr_line' id='line_1_69' title="bbox 1051 1180 1842 1216; baseline 0.004 -11"><span class='ocrx_word' id='word_1_533' title='bbox 1051 1180 1110 1214; x_wconf 88' lang='lat' dir='ltr'><strong>ejus</strong></span> <span class='ocrx_word' id='word_1_534' title='bbox 1123 1187 1180 1211; x_wconf 90' lang='lat' dir='ltr'><strong>cor,</strong></span> <span class='ocrx_word' id='word_1_535' title='bbox 1197 1183 1225 1206; x_wconf 87' lang='lat' dir='ltr'><strong>et</strong></span> <span class='ocrx_word' id='word_1_536' title='bbox 1238 1187 1317 1207; x_wconf 88' lang='lat' dir='ltr'><strong>mens</strong></span> <span class='ocrx_word' id='word_1_537' title='bbox 1337 1182 1397 1216; x_wconf 87' lang='lat' dir='ltr'><strong>ejus</strong></span> <span class='ocrx_word' id='word_1_538' title='bbox 1412 1180 1559 1215; x_wconf 85' lang='lat' dir='ltr'><strong>captivata,</strong></span> <span class='ocrx_word' id='word_1_539' title='bbox 1575 1180 1602 1207; x_wconf 89' lang='lat' dir='ltr'><strong>id</strong></span> <span class='ocrx_word' id='word_1_540' title='bbox 1619 1180 1709 1215; x_wconf 83' lang='lat' dir='ltr'><strong>ipsum</strong></span> <span class='ocrx_word' id='word_1_541' title='bbox 1725 1186 1767 1208; x_wconf 83' lang='lat' dir='ltr'><strong>est</strong></span> <span class='ocrx_word' id='word_1_542' title='bbox 1781 1181 1842 1216; x_wconf 85' lang='lat' dir='ltr'><strong>ejus</strong></span> 
     </span>
    </p>
   </div>
   <div class='ocr_carea' id='block_1_70' title="bbox 1051 1225 1844 1262">
    <p class='ocr_par' dir='ltr' id='par_1_70' title="bbox 1051 1225 1844 1262">
     <span class='ocr_line' id='line_1_70' title="bbox 1051 1225 1844 1262; baseline 0.001 -10"><span class='ocrx_word' id='word_1_543' title='bbox 1051 1225 1137 1252; x_wconf 91' lang='lat' dir='ltr'><strong>deus:</strong></span> <span class='ocrx_word' id='word_1_544' title='bbox 1158 1230 1186 1252; x_wconf 90' lang='lat' dir='ltr'><strong>et</strong></span> <span class='ocrx_word' id='word_1_545' title='bbox 1200 1225 1418 1260; x_wconf 82' lang='lat' dir='ltr'><strong>deprehenditur</strong></span> <span class='ocrx_word' id='word_1_546' title='bbox 1443 1226 1556 1260; x_wconf 88' lang='lat' dir='ltr'><strong>quidem</strong></span> <span class='ocrx_word' id='word_1_547' title='bbox 1574 1234 1625 1261; x_wconf 91' lang='lat' dir='ltr'><strong>per</strong></span> <span class='ocrx_word' id='word_1_548' title='bbox 1640 1226 1760 1261; x_wconf 88' lang='lat' dir='ltr'><strong>amplam</strong></span> <span class='ocrx_word' id='word_1_549' title='bbox 1777 1234 1844 1262; x_wconf 79' lang='lat' dir='ltr'><strong>por-</strong></span> 
     </span>
    </p>
   </div>
   <div class='ocr_carea' id='block_1_71' title="bbox 1051 1271 1843 1307">
    <p class='ocr_par' dir='ltr' id='par_1_71' title="bbox 1051 1271 1843 1307">
     <span class='ocr_line' id='line_1_71' title="bbox 1051 1271 1843 1307; baseline 0.001 -9"><span class='ocrx_word' id='word_1_550' title='bbox 1051 1276 1106 1298; x_wconf 89' lang='lat' dir='ltr'><strong>tam</strong></span> <span class='ocrx_word' id='word_1_551' title='bbox 1125 1279 1140 1299; x_wconf 91' lang='lat' dir='ltr'><strong>e</strong></span> <span class='ocrx_word' id='word_1_552' title='bbox 1155 1272 1258 1299; x_wconf 91' lang='lat' dir='ltr'><strong>mundo</strong></span> <span class='ocrx_word' id='word_1_553' title='bbox 1281 1271 1444 1304; x_wconf 76' lang='lat' dir='ltr'><strong>exce5sisse,</strong></span> <span class='ocrx_word' id='word_1_554' title='bbox 1459 1280 1509 1307; x_wconf 87' lang='lat' dir='ltr'><strong>per</strong></span> <span class='ocrx_word' id='word_1_555' title='bbox 1534 1272 1665 1300; x_wconf 85' lang='lat' dir='ltr'><strong>ostiolum</strong></span> <span class='ocrx_word' id='word_1_556' title='bbox 1684 1277 1777 1300; x_wconf 87' lang='lat' dir='ltr'><strong>autem</strong></span> <span class='ocrx_word' id='word_1_557' title='bbox 1800 1273 1843 1299; x_wconf 86' lang='lat' dir='ltr'><strong>in-</strong></span> 
     </span>
    </p>
   </div>
   <div class='ocr_carea' id='block_1_72' title="bbox 1051 1317 1843 1352">
    <p class='ocr_par' dir='ltr' id='par_1_72' title="bbox 1051 1317 1843 1352">
     <span class='ocr_line' id='line_1_72' title="bbox 1051 1317 1843 1352; baseline 0.003 -8"><span class='ocrx_word' id='word_1_558' title='bbox 1051 1325 1161 1352; x_wconf 81' lang='lat' dir='ltr'><strong>gressus</strong></span> <span class='ocrx_word' id='word_1_559' title='bbox 1178 1318 1205 1344; x_wconf 89' lang='lat' dir='ltr'><strong>in</strong></span> <span class='ocrx_word' id='word_1_560' title='bbox 1223 1318 1356 1345; x_wconf 85' lang='lat' dir='ltr'><strong>mundum</strong></span> <span class='ocrx_word' id='word_1_561' title='bbox 1381 1317 1523 1345; x_wconf 89' lang='lat' dir='ltr'><strong>incidisse.</strong></span> <span class='ocrx_word' id='word_1_562' title='bbox 1535 1318 1773 1351; x_wconf 83' lang='lat' dir='ltr'><strong>Quemadmodum</strong></span> <span class='ocrx_word' id='word_1_563' title='bbox 1787 1326 1843 1346; x_wconf 85' lang='lat' dir='ltr'><strong>sar-</strong></span> 
     </span>
    </p>
   </div>
   <div class='ocr_carea' id='block_1_73' title="bbox 1051 1363 1841 1399">
    <p class='ocr_par' dir='ltr' id='par_1_73' title="bbox 1051 1363 1841 1399">
     <span class='ocr_line' id='line_1_73' title="bbox 1051 1363 1841 1399; baseline 0.001 -9"><span class='ocrx_word' id='word_1_564' title='bbox 1051 1368 1143 1391; x_wconf 89' lang='lat' dir='ltr'><strong>menta</strong></span> <span class='ocrx_word' id='word_1_565' title='bbox 1156 1364 1182 1390; x_wconf 91' lang='lat' dir='ltr'><strong>in</strong></span> <span class='ocrx_word' id='word_1_566' title='bbox 1195 1364 1283 1399; x_wconf 82' lang='lat' dir='ltr'><strong>ignem</strong></span> <span class='ocrx_word' id='word_1_567' title='bbox 1296 1364 1418 1399; x_wconf 85' lang='lat' dir='ltr'><strong>projecta</strong></span> <span class='ocrx_word' id='word_1_568' title='bbox 1427 1369 1569 1399; x_wconf 88' lang='lat' dir='ltr'><strong>nequeunt</strong></span> <span class='ocrx_word' id='word_1_569' title='bbox 1580 1364 1710 1391; x_wconf 81' lang='lat' dir='ltr'><strong>resistere</strong></span> <span class='ocrx_word' id='word_1_570' title='bbox 1722 1364 1747 1391; x_wconf 87' lang='lat' dir='ltr'><strong>vi</strong></span> <span class='ocrx_word' id='word_1_571' title='bbox 1759 1363 1841 1399; x_wconf 78' lang='lat' dir='ltr'><strong>ignis,</strong></span> 
     </span>
    </p>
   </div>
   <div class='ocr_carea' id='block_1_74' title="bbox 1051 1408 1840 1443">
    <p class='ocr_par' dir='ltr' id='par_1_74' title="bbox 1051 1408 1840 1443">
     <span class='ocr_line' id='line_1_74' title="bbox 1051 1408 1840 1443; baseline -0.001 -7"><span class='ocrx_word' id='word_1_572' title='bbox 1051 1409 1098 1436; x_wconf 85' lang='lat' dir='ltr'><strong>sed</strong></span> <span class='ocrx_word' id='word_1_573' title='bbox 1112 1409 1257 1436; x_wconf 82' lang='lat' dir='ltr'><strong>confestim</strong></span> <span class='ocrx_word' id='word_1_574' title='bbox 1278 1409 1497 1441; x_wconf 81' lang='lat' dir='ltr'><strong>comburuntur;</strong></span> <span class='ocrx_word' id='word_1_575' title='bbox 1515 1409 1555 1435; x_wconf 86' lang='lat' dir='ltr'><strong>sic</strong></span> <span class='ocrx_word' id='word_1_576' title='bbox 1565 1416 1676 1443; x_wconf 89' lang='lat' dir='ltr'><strong>quoque</strong></span> <span class='ocrx_word' id='word_1_577' title='bbox 1691 1408 1840 1440; x_wconf 62' lang='lat' dir='ltr'><strong>daemones,</strong></span> 
     </span>
    </p>
   </div>
   <div class='ocr_carea' id='block_1_75' title="bbox 1051 1453 1843 1489">
    <p class='ocr_par' dir='ltr' id='par_1_75' title="bbox 1051 1453 1843 1489">
     <span class='ocr_line' id='line_1_75' title="bbox 1051 1453 1843 1489; baseline 0.003 -9"><span class='ocrx_word' id='word_1_578' title='bbox 1051 1454 1098 1488; x_wconf 89' lang='lat' dir='ltr'><strong>qui</strong></span> <span class='ocrx_word' id='word_1_579' title='bbox 1112 1454 1215 1481; x_wconf 86' lang='lat' dir='ltr'><strong>bellum</strong></span> <span class='ocrx_word' id='word_1_580' title='bbox 1236 1455 1331 1481; x_wconf 81' lang='lat' dir='ltr'><strong>volunt</strong></span> <span class='ocrx_word' id='word_1_581' title='bbox 1348 1454 1451 1482; x_wconf 82' lang='lat' dir='ltr'><strong>inferre</strong></span> <span class='ocrx_word' id='word_1_582' title='bbox 1471 1454 1574 1481; x_wconf 83' lang='lat' dir='ltr'><strong>homini</strong></span> <span class='ocrx_word' id='word_1_583' title='bbox 1594 1453 1727 1489; x_wconf 88' lang='lat' dir='ltr'><strong>Spiritum</strong></span> <span class='ocrx_word' id='word_1_584' title='bbox 1743 1462 1843 1482; x_wconf 85' lang='lat' dir='ltr'><strong>conse-</strong></span> 
     </span>
    </p>
   </div>
   <div class='ocr_carea' id='block_1_76' title="bbox 1052 1500 1843 1533">
    <p class='ocr_par' dir='ltr' id='par_1_76' title="bbox 1052 1500 1843 1533">
     <span class='ocr_line' id='line_1_76' title="bbox 1052 1500 1843 1533; baseline 0 -6"><span class='ocrx_word' id='word_1_585' title='bbox 1052 1505 1127 1533; x_wconf 88' lang='lat' dir='ltr'><strong>cuto,</strong></span> <span class='ocrx_word' id='word_1_586' title='bbox 1140 1501 1341 1528; x_wconf 89' lang='lat' dir='ltr'><strong>comburuntur</strong></span> <span class='ocrx_word' id='word_1_587' title='bbox 1352 1504 1378 1527; x_wconf 85' lang='lat' dir='ltr'><strong>et</strong></span> <span class='ocrx_word' id='word_1_588' title='bbox 1388 1506 1589 1528; x_wconf 88' lang='lat' dir='ltr'><strong>consumuntur</strong></span> <span class='ocrx_word' id='word_1_589' title='bbox 1603 1508 1618 1527; x_wconf 90' lang='lat' dir='ltr'><strong>a</strong></span> <span class='ocrx_word' id='word_1_590' title='bbox 1631 1500 1725 1528; x_wconf 87' lang='lat' dir='ltr'><strong>divina</strong></span> <span class='ocrx_word' id='word_1_591' title='bbox 1738 1501 1843 1528; x_wconf 81' lang='lat' dir='ltr'><strong>virtute.</strong></span> 
     </span>
    </p>
   </div>
   <div class='ocr_carea' id='block_1_77' title="bbox 1052 1546 1842 1581">
    <p class='ocr_par' dir='ltr' id='par_1_77' title="bbox 1052 1546 1842 1581">
     <span class='ocr_line' id='line_1_77' title="bbox 1052 1546 1842 1581; baseline 0.001 -9"><span class='ocrx_word' id='word_1_592' title='bbox 1052 1546 1132 1581; x_wconf 80' lang='lat' dir='ltr'><strong>ignis,</strong></span> <span class='ocrx_word' id='word_1_593' title='bbox 1144 1546 1225 1573; x_wconf 84' lang='lat' dir='ltr'><strong>modo</strong></span> <span class='ocrx_word' id='word_1_594' title='bbox 1239 1547 1321 1573; x_wconf 89' lang='lat' dir='ltr'><strong>homo</strong></span> <span class='ocrx_word' id='word_1_595' title='bbox 1333 1546 1466 1581; x_wconf 75' lang='lat' dir='ltr'><strong>perpetuo</strong></span> <span class='ocrx_word' id='word_1_596' title='bbox 1479 1546 1596 1574; x_wconf 89' lang='lat' dir='ltr'><strong>Domino</strong></span> <span class='ocrx_word' id='word_1_597' title='bbox 1608 1546 1759 1577; x_wconf 81' lang='lat' dir='ltr'><strong>adhaereat.</strong></span> <span class='ocrx_word' id='word_1_598' title='bbox 1773 1546 1842 1573; x_wconf 80' lang='lat' dir='ltr'><strong>[ldu-</strong></span> 
     </span>
    </p>
   </div>
   <div class='ocr_carea' id='block_1_78' title="bbox 1054 1592 1842 1628">
    <p class='ocr_par' dir='ltr' id='par_1_78' title="bbox 1054 1592 1842 1628">
     <span class='ocr_line' id='line_1_78' title="bbox 1054 1592 1842 1628; baseline 0.001 -10"><span class='ocrx_word' id='word_1_599' title='bbox 1054 1592 1179 1626; x_wconf 86' lang='lat' dir='ltr'><strong>ciamque</strong></span> <span class='ocrx_word' id='word_1_600' title='bbox 1190 1597 1217 1619; x_wconf 88' lang='lat' dir='ltr'><strong>et</strong></span> <span class='ocrx_word' id='word_1_601' title='bbox 1228 1600 1304 1627; x_wconf 89' lang='lat' dir='ltr'><strong>spem</strong></span> <span class='ocrx_word' id='word_1_602' title='bbox 1318 1593 1345 1619; x_wconf 92' lang='lat' dir='ltr'><strong>in</strong></span> <span class='ocrx_word' id='word_1_603' title='bbox 1357 1600 1420 1619; x_wconf 91' lang='lat' dir='ltr'><strong>eum</strong></span> <span class='ocrx_word' id='word_1_604' title='bbox 1432 1592 1558 1619; x_wconf 88' lang='lat' dir='ltr'><strong>collocet.</strong></span> <span class='ocrx_word' id='word_1_605' title='bbox 1570 1592 1605 1620; x_wconf 84' lang='lat' dir='ltr'><strong>Et</strong></span> <span class='ocrx_word' id='word_1_606' title='bbox 1621 1592 1728 1628; x_wconf 78' lang='lat' dir='ltr'><strong>si138</strong></span> <span class='ocrx_word' id='word_1_607' title='bbox 1739 1592 1842 1619; x_wconf 82' lang='lat' dir='ltr'><strong>fuerint</strong></span> 
     </span>
    </p>
   </div>
   <div class='ocr_carea' id='block_1_79' title="bbox 1052 1638 1842 1671">
    <p class='ocr_par' dir='ltr' id='par_1_79' title="bbox 1052 1638 1842 1671">
     <span class='ocr_line' id='line_1_79' title="bbox 1052 1638 1842 1671; baseline 0 -6"><span class='ocrx_word' id='word_1_608' title='bbox 1052 1638 1292 1671; x_wconf 71' lang='lat' dir='ltr'><strong>daamonesforles,</strong></span> <span class='ocrx_word' id='word_1_609' title='bbox 1307 1639 1404 1666; x_wconf 83' lang='lat' dir='ltr'><strong>robore</strong></span> <span class='ocrx_word' id='word_1_610' title='bbox 1416 1639 1557 1666; x_wconf 91' lang='lat' dir='ltr'><strong>montibus</strong></span> <span class='ocrx_word' id='word_1_611' title='bbox 1566 1638 1638 1665; x_wconf 85' lang='lat' dir='ltr'><strong>haud</strong></span> <span class='ocrx_word' id='word_1_612' title='bbox 1649 1639 1798 1669; x_wconf 89' lang='lat' dir='ltr'><strong>absimiles,</strong></span> <span class='ocrx_word' id='word_1_613' title='bbox 1806 1639 1842 1666; x_wconf 89' lang='lat' dir='ltr'><strong>ab</strong></span> 
     </span>
    </p>
   </div>
   <div class='ocr_carea' id='block_1_80' title="bbox 1052 1685 1841 1721">
    <p class='ocr_par' dir='ltr' id='par_1_80' title="bbox 1052 1685 1841 1721">
     <span class='ocr_line' id='line_1_80' title="bbox 1052 1685 1841 1721; baseline 0 -9"><span class='ocrx_word' id='word_1_614' title='bbox 1052 1685 1176 1712; x_wconf 88' lang='lat' dir='ltr'><strong>oratione</strong></span> <span class='ocrx_word' id='word_1_615' title='bbox 1199 1685 1413 1717; x_wconf 90' lang='lat' dir='ltr'><strong>comburuntur,</strong></span> <span class='ocrx_word' id='word_1_616' title='bbox 1430 1685 1505 1713; x_wconf 89' lang='lat' dir='ltr'><strong>velut</strong></span> <span class='ocrx_word' id='word_1_617' title='bbox 1527 1692 1590 1713; x_wconf 89' lang='lat' dir='ltr'><strong>cera</strong></span> <span class='ocrx_word' id='word_1_618' title='bbox 1612 1685 1648 1712; x_wconf 86' lang='lat' dir='ltr'><strong>ab</strong></span> <span class='ocrx_word' id='word_1_619' title='bbox 1664 1685 1841 1721; x_wconf 77' lang='lat' dir='ltr'><strong>igni.lngens</strong></span> 
     </span>
    </p>
   </div>
   <div class='ocr_carea' id='block_1_81' title="bbox 1051 1731 1842 1759">
    <p class='ocr_par' dir='ltr' id='par_1_81' title="bbox 1051 1731 1842 1759">
     <span class='ocr_line' id='line_1_81' title="bbox 1051 1731 1842 1759; baseline 0.001 -1"><span class='ocrx_word' id='word_1_620' title='bbox 1051 1739 1117 1758; x_wconf 86' lang='lat' dir='ltr'><strong>vero</strong></span> <span class='ocrx_word' id='word_1_621' title='bbox 1131 1731 1235 1758; x_wconf 84' lang='lat' dir='ltr'><strong>interea</strong></span> <span class='ocrx_word' id='word_1_622' title='bbox 1253 1731 1400 1759; x_wconf 88' lang='lat' dir='ltr'><strong>intercedit</strong></span> <span class='ocrx_word' id='word_1_623' title='bbox 1424 1735 1564 1759; x_wconf 91' lang='lat' dir='ltr'><strong>certamen</strong></span> <span class='ocrx_word' id='word_1_624' title='bbox 1578 1739 1610 1759; x_wconf 89' lang='lat' dir='ltr'><strong>ac</strong></span> <span class='ocrx_word' id='word_1_625' title='bbox 1626 1731 1727 1758; x_wconf 88' lang='lat' dir='ltr'><strong>bellum</strong></span> <span class='ocrx_word' id='word_1_626' title='bbox 1743 1731 1842 1759; x_wconf 62' lang='lat' dir='ltr'><strong>animae</strong></span> 
     </span>
    </p>
   </div>
   <div class='ocr_carea' id='block_1_82' title="bbox 1051 1777 1840 1812">
    <p class='ocr_par' dir='ltr' id='par_1_82' title="bbox 1051 1777 1840 1812">
     <span class='ocr_line' id='line_1_82' title="bbox 1051 1777 1840 1812; baseline -0.001 -7"><span class='ocrx_word' id='word_1_627' title='bbox 1051 1778 1184 1805; x_wconf 75' lang='lat' dir='ltr'><strong>adversus</strong></span> <span class='ocrx_word' id='word_1_628' title='bbox 1195 1778 1318 1805; x_wconf 87' lang='lat' dir='ltr'><strong>eosdem.</strong></span> <span class='ocrx_word' id='word_1_629' title='bbox 1332 1777 1420 1804; x_wconf 86' lang='lat' dir='ltr'><strong>Fluvii</strong></span> <span class='ocrx_word' id='word_1_630' title='bbox 1433 1777 1585 1805; x_wconf 89' lang='lat' dir='ltr'><strong>draconum</strong></span> <span class='ocrx_word' id='word_1_631' title='bbox 1600 1784 1665 1805; x_wconf 89' lang='lat' dir='ltr'><strong>sunt</strong></span> <span class='ocrx_word' id='word_1_632' title='bbox 1679 1777 1745 1809; x_wconf 82' lang='lat' dir='ltr'><strong>illic,</strong></span> <span class='ocrx_word' id='word_1_633' title='bbox 1758 1782 1840 1812; x_wconf 84' lang='lat' dir='ltr'><strong>atque</strong></span> 
     </span>
    </p>
   </div>
   <div class='ocr_carea' id='block_1_83' title="bbox 1051 1823 1841 1858">
    <p class='ocr_par' dir='ltr' id='par_1_83' title="bbox 1051 1823 1841 1858">
     <span class='ocr_line' id='line_1_83' title="bbox 1051 1823 1841 1858; baseline -0.003 -7"><span class='ocrx_word' id='word_1_634' title='bbox 1051 1831 1099 1851; x_wconf 80' lang='lat' dir='ltr'><strong>ora</strong></span> <span class='ocrx_word' id='word_1_635' title='bbox 1113 1824 1241 1856; x_wconf 86' lang='lat' dir='ltr'><strong>leonum;</strong></span> <span class='ocrx_word' id='word_1_636' title='bbox 1259 1824 1329 1858; x_wconf 87' lang='lat' dir='ltr'><strong>ignis</strong></span> <span class='ocrx_word' id='word_1_637' title='bbox 1345 1823 1499 1850; x_wconf 83' lang='lat' dir='ltr'><strong>accendens</strong></span> <span class='ocrx_word' id='word_1_638' title='bbox 1513 1823 1643 1850; x_wconf 82' lang='lat' dir='ltr'><strong>animam.</strong></span> <span class='ocrx_word' id='word_1_639' title='bbox 1657 1823 1841 1856; x_wconf 85' lang='lat' dir='ltr'><strong>Quemadmo-</strong></span> 
     </span>
    </p>
   </div>
   <div class='ocr_carea' id='block_1_84' title="bbox 1051 1867 1841 1903">
    <p class='ocr_par' dir='ltr' id='par_1_84' title="bbox 1051 1867 1841 1903">
     <span class='ocr_line' id='line_1_84' title="bbox 1051 1867 1841 1903; baseline -0.001 -8"><span class='ocrx_word' id='word_1_640' title='bbox 1051 1868 1117 1895; x_wconf 93' lang='lat' dir='ltr'><strong>dum</strong></span> <span class='ocrx_word' id='word_1_641' title='bbox 1129 1868 1347 1903; x_wconf 76' lang='lat' dir='ltr'><strong>ergoperl’ectus</strong></span> <span class='ocrx_word' id='word_1_642' title='bbox 1368 1868 1395 1895; x_wconf 93' lang='lat' dir='ltr'><strong>in</strong></span> <span class='ocrx_word' id='word_1_643' title='bbox 1409 1868 1481 1894; x_wconf 85' lang='lat' dir='ltr'><strong>malo</strong></span> <span class='ocrx_word' id='word_1_644' title='bbox 1494 1867 1703 1899; x_wconf 80' lang='lat' dir='ltr'><strong>committenda,</strong></span> <span class='ocrx_word' id='word_1_645' title='bbox 1720 1867 1841 1894; x_wconf 86' lang='lat' dir='ltr'><strong>inebria-</strong></span> 
     </span>
    </p>
   </div>
   <div class='ocr_carea' id='block_1_85' title="bbox 1052 1913 1838 1949">
    <p class='ocr_par' dir='ltr' id='par_1_85' title="bbox 1052 1913 1838 1949">
     <span class='ocr_line' id='line_1_85' title="bbox 1052 1913 1838 1949; baseline -0.001 -7"><span class='ocrx_word' id='word_1_646' title='bbox 1052 1919 1096 1942; x_wconf 87' lang='lat' dir='ltr'><strong>tus</strong></span> <span class='ocrx_word' id='word_1_647' title='bbox 1107 1915 1207 1949; x_wconf 88' lang='lat' dir='ltr'><strong>spiritu</strong></span> <span class='ocrx_word' id='word_1_648' title='bbox 1222 1914 1334 1946; x_wconf 84' lang='lat' dir='ltr'><strong>erroris,</strong></span> <span class='ocrx_word' id='word_1_649' title='bbox 1345 1914 1496 1941; x_wconf 91' lang='lat' dir='ltr'><strong>homicidio</strong></span> <span class='ocrx_word' id='word_1_650' title='bbox 1510 1918 1558 1941; x_wconf 81' lang='lat' dir='ltr'><strong>aut</strong></span> <span class='ocrx_word' id='word_1_651' title='bbox 1570 1913 1706 1940; x_wconf 91' lang='lat' dir='ltr'><strong>adulterio</strong></span> <span class='ocrx_word' id='word_1_652' title='bbox 1717 1914 1838 1947; x_wconf 87' lang='lat' dir='ltr'><strong>deditus,</strong></span> 
     </span>
    </p>
   </div>
   <div class='ocr_carea' id='block_1_86' title="bbox 1051 1959 1838 1995">
    <p class='ocr_par' dir='ltr' id='par_1_86' title="bbox 1051 1959 1838 1995">
     <span class='ocr_line' id='line_1_86' title="bbox 1051 1959 1838 1995; baseline -0.001 -8"><span class='ocrx_word' id='word_1_653' title='bbox 1051 1961 1203 1987; x_wconf 83' lang='lat' dir='ltr'><strong>exsaturari</strong></span> <span class='ocrx_word' id='word_1_654' title='bbox 1227 1961 1330 1987; x_wconf 85' lang='lat' dir='ltr'><strong>malitia</strong></span> <span class='ocrx_word' id='word_1_655' title='bbox 1352 1960 1524 1995; x_wconf 74' lang='lat' dir='ltr'><strong>nequitzsic</strong></span> <span class='ocrx_word' id='word_1_656' title='bbox 1545 1967 1655 1994; x_wconf 90' lang='lat' dir='ltr'><strong>quoque</strong></span> <span class='ocrx_word' id='word_1_657' title='bbox 1678 1959 1838 1991; x_wconf 87' lang='lat' dir='ltr'><strong>Christiani,</strong></span> 
     </span>
    </p>
   </div>
   <div class='ocr_carea' id='block_1_87' title="bbox 1052 2005 1841 2041">
    <p class='ocr_par' dir='ltr' id='par_1_87' title="bbox 1052 2005 1841 2041">
     <span class='ocr_line' id='line_1_87' title="bbox 1052 2005 1841 2041; baseline -0.001 -8"><span class='ocrx_word' id='word_1_658' title='bbox 1052 2007 1180 2040; x_wconf 83' lang='lat' dir='ltr'><strong>baptizali</strong></span> <span class='ocrx_word' id='word_1_659' title='bbox 1194 2007 1221 2033; x_wconf 88' lang='lat' dir='ltr'><strong>in</strong></span> <span class='ocrx_word' id='word_1_660' title='bbox 1232 2007 1363 2041; x_wconf 88' lang='lat' dir='ltr'><strong>Spiritum</strong></span> <span class='ocrx_word' id='word_1_661' title='bbox 1381 2011 1517 2038; x_wconf 83' lang='lat' dir='ltr'><strong>sanctum,</strong></span> <span class='ocrx_word' id='word_1_662' title='bbox 1530 2006 1612 2033; x_wconf 87' lang='lat' dir='ltr'><strong>rudes</strong></span> <span class='ocrx_word' id='word_1_663' title='bbox 1627 2005 1748 2033; x_wconf 87' lang='lat' dir='ltr'><strong>evadunt</strong></span> <span class='ocrx_word' id='word_1_664' title='bbox 1759 2006 1841 2033; x_wconf 82' lang='lat' dir='ltr'><strong>vilio—</strong></span> 
     </span>
    </p>
   </div>
   <div class='ocr_carea' id='block_1_88' title="bbox 1051 2051 1840 2087">
    <p class='ocr_par' dir='ltr' id='par_1_88' title="bbox 1051 2051 1840 2087">
     <span class='ocr_line' id='line_1_88' title="bbox 1051 2051 1840 2087; baseline -0.003 -8"><span class='ocrx_word' id='word_1_665' title='bbox 1051 2061 1122 2079; x_wconf 81' lang='lat' dir='ltr'><strong>rum.</strong></span> <span class='ocrx_word' id='word_1_666' title='bbox 1135 2052 1185 2086; x_wconf 87' lang='lat' dir='ltr'><strong>Qui</strong></span> <span class='ocrx_word' id='word_1_667' title='bbox 1204 2060 1270 2079; x_wconf 88' lang='lat' dir='ltr'><strong>vero</strong></span> <span class='ocrx_word' id='word_1_668' title='bbox 1283 2052 1424 2079; x_wconf 82' lang='lat' dir='ltr'><strong>consecuti</strong></span> <span class='ocrx_word' id='word_1_669' title='bbox 1438 2052 1554 2087; x_wconf 82' lang='lat' dir='ltr'><strong>gratiam</strong></span> <span class='ocrx_word' id='word_1_670' title='bbox 1570 2051 1661 2079; x_wconf 90' lang='lat' dir='ltr'><strong>adhuc</strong></span> <span class='ocrx_word' id='word_1_671' title='bbox 1671 2051 1840 2086; x_wconf 88' lang='lat' dir='ltr'><strong>permiscen-</strong></span> 
     </span>
    </p>
   </div>
   <div class='ocr_carea' id='block_1_89' title="bbox 1052 2096 1839 2132">
    <p class='ocr_par' dir='ltr' id='par_1_89' title="bbox 1052 2096 1839 2132">
     <span class='ocr_line' id='line_1_89' title="bbox 1052 2096 1839 2132; baseline -0.001 -8"><span class='ocrx_word' id='word_1_672' title='bbox 1052 2103 1096 2125; x_wconf 86' lang='lat' dir='ltr'><strong>tur</strong></span> <span class='ocrx_word' id='word_1_673' title='bbox 1108 2103 1230 2132; x_wconf 86' lang='lat' dir='ltr'><strong>peccato,</strong></span> <span class='ocrx_word' id='word_1_674' title='bbox 1249 2098 1276 2124; x_wconf 90' lang='lat' dir='ltr'><strong>hi</strong></span> <span class='ocrx_word' id='word_1_675' title='bbox 1298 2097 1349 2124; x_wconf 87' lang='lat' dir='ltr'><strong>sub</strong></span> <span class='ocrx_word' id='word_1_676' title='bbox 1367 2100 1440 2123; x_wconf 84' lang='lat' dir='ltr'><strong>metu</strong></span> <span class='ocrx_word' id='word_1_677' title='bbox 1461 2101 1535 2129; x_wconf 85' lang='lat' dir='ltr'><strong>sunt,</strong></span> <span class='ocrx_word' id='word_1_678' title='bbox 1559 2101 1587 2124; x_wconf 88' lang='lat' dir='ltr'><strong>et</strong></span> <span class='ocrx_word' id='word_1_679' title='bbox 1612 2104 1662 2132; x_wconf 90' lang='lat' dir='ltr'><strong>per</strong></span> <span class='ocrx_word' id='word_1_680' title='bbox 1678 2096 1839 2123; x_wconf 78' lang='lat' dir='ltr'><strong>formidabi-</strong></span> 
     </span>
    </p>
   </div>
   <div class='ocr_carea' id='block_1_90' title="bbox 1049 2143 1412 2171">
    <p class='ocr_par' dir='ltr' id='par_1_90' title="bbox 1049 2143 1412 2171">
     <span class='ocr_line' id='line_1_90' title="bbox 1049 2143 1412 2171; baseline 0 -1"><span class='ocrx_word' id='word_1_681' title='bbox 1049 2143 1103 2170; x_wconf 88' lang='lat' dir='ltr'><strong>lem</strong></span> <span class='ocrx_word' id='word_1_682' title='bbox 1118 2144 1208 2170; x_wconf 91' lang='lat' dir='ltr'><strong>locum</strong></span> <span class='ocrx_word' id='word_1_683' title='bbox 1225 2143 1277 2170; x_wconf 88' lang='lat' dir='ltr'><strong>iter</strong></span> <span class='ocrx_word' id='word_1_684' title='bbox 1296 2143 1412 2171; x_wconf 78' lang='lat' dir='ltr'><strong>faciunt.</strong></span> 
     </span>
    </p>
   </div>
   <div class='ocr_carea' id='block_1_91' title="bbox 1085 2232 1838 2266">
    <p class='ocr_par' dir='ltr' id='par_1_91' title="bbox 1085 2232 1838 2266">
     <span class='ocr_line' id='line_1_91' title="bbox 1085 2232 1838 2266; baseline 0 -6"><span class='ocrx_word' id='word_1_685' title='bbox 1085 2232 1130 2260; x_wconf 83' lang='grc' dir='ltr'>ιν.</span> <span class='ocrx_word' id='word_1_686' title='bbox 1144 2232 1381 2266; x_wconf 85' lang='lat' dir='ltr'><strong>Quemadmodum</strong></span> <span class='ocrx_word' id='word_1_687' title='bbox 1395 2233 1470 2260; x_wconf 89' lang='lat' dir='ltr'><strong>enim</strong></span> <span class='ocrx_word' id='word_1_688' title='bbox 1494 2237 1661 2260; x_wconf 88' lang='lat' dir='ltr'><strong>mercatores</strong></span> <span class='ocrx_word' id='word_1_689' title='bbox 1677 2232 1742 2259; x_wconf 88' lang='lat' dir='ltr'><strong>dum</strong></span> <span class='ocrx_word' id='word_1_690' title='bbox 1762 2233 1838 2260; x_wconf 80' lang='lat' dir='ltr'><strong>navi-</strong></span> 
     </span>
    </p>
   </div>
   <div class='ocr_carea' id='block_1_92' title="bbox 210 2276 999 2314">
    <p class='ocr_par' dir='ltr' id='par_1_92' title="bbox 210 2276 997 2313">
     <span class='ocr_line' id='line_1_92' title="bbox 210 2276 997 2313; baseline 0.001 -10"><span class='ocrx_word' id='word_1_691' title='bbox 210 2276 275 2304; x_wconf 77' lang='grc' dir='ltr'>ίδιον</span> <span class='ocrx_word' id='word_1_692' title='bbox 290 2277 389 2312; x_wconf 83' lang='grc' dir='ltr'>ἄνεμον</span> <span class='ocrx_word' id='word_1_693' title='bbox 410 2278 458 2304; x_wconf 78' lang='grc' dir='ltr'>καὶ</span> <span class='ocrx_word' id='word_1_694' title='bbox 482 2277 654 2312; x_wconf 85' lang='grc' dir='ltr'>γαληνιῶσαν</span> <span class='ocrx_word' id='word_1_695' title='bbox 675 2278 725 2313; x_wconf 82' lang='grc' dir='ltr'><strong>τὴν</strong></span> <span class='ocrx_word' id='word_1_696' title='bbox 740 2277 887 2310; x_wconf 79' lang='grc' dir='ltr'>Θάλασσαν,</span> <span class='ocrx_word' id='word_1_697' title='bbox 915 2279 997 2313; x_wconf 87' lang='grc' dir='ltr'>μήπω</span> 
     </span>
    </p>
   </div>
   <div class='ocr_carea' id='block_1_93' title="bbox 1050 2276 1839 2314">
    <p class='ocr_par' dir='ltr' id='par_1_93' title="bbox 1050 2278 1839 2314">
     <span class='ocr_line' id='line_1_93' title="bbox 1050 2278 1839 2314; baseline 0 -9"><span class='ocrx_word' id='word_1_698' title='bbox 1050 2283 1124 2314; x_wconf 83' lang='lat' dir='ltr'><strong>gant.</strong></span> <span class='ocrx_word' id='word_1_699' title='bbox 1150 2279 1213 2306; x_wconf 87' lang='lat' dir='ltr'><strong>licet</strong></span> <span class='ocrx_word' id='word_1_700' title='bbox 1234 2278 1305 2305; x_wconf 86' lang='lat' dir='ltr'><strong>nacti</strong></span> <span class='ocrx_word' id='word_1_701' title='bbox 1336 2279 1391 2305; x_wconf 78' lang='lat' dir='ltr'><strong>sint</strong></span> <span class='ocrx_word' id='word_1_702' title='bbox 1411 2278 1563 2305; x_wconf 89' lang='lat' dir='ltr'><strong>secundum</strong></span> <span class='ocrx_word' id='word_1_703' title='bbox 1587 2283 1699 2305; x_wconf 83' lang='lat' dir='ltr'><strong>ventum</strong></span> <span class='ocrx_word' id='word_1_704' title='bbox 1722 2283 1751 2305; x_wconf 89' lang='lat' dir='ltr'><strong>et</strong></span> <span class='ocrx_word' id='word_1_705' title='bbox 1765 2283 1839 2305; x_wconf 91' lang='lat' dir='ltr'><strong>tran-</strong></span> 
     </span>
    </p>
   </div>
   <div class='ocr_carea' id='block_1_94' title="bbox 206 2322 997 2359">
    <p class='ocr_par' dir='ltr' id='par_1_94' title="bbox 206 2322 997 2359">
     <span class='ocr_line' id='line_1_94' title="bbox 206 2322 997 2359; baseline 0.001 -10"><span class='ocrx_word' id='word_1_706' title='bbox 206 2322 236 2350; x_wconf 77' lang='grc' dir='ltr'>δὲ</span> <span class='ocrx_word' id='word_1_707' title='bbox 259 2323 400 2358; x_wconf 80' lang='grc' dir='ltr'>φθάσωσιν</span> <span class='ocrx_word' id='word_1_708' title='bbox 423 2324 463 2356; x_wconf 77' lang='grc' dir='ltr'>εἰς</span> <span class='ocrx_word' id='word_1_709' title='bbox 488 2324 534 2350; x_wconf 80' lang='grc' dir='ltr'>τὸν</span> <span class='ocrx_word' id='word_1_710' title='bbox 552 2323 659 2359; x_wconf 78' lang='grc' dir='ltr'>λιμένα,</span> <span class='ocrx_word' id='word_1_711' title='bbox 689 2324 733 2350; x_wconf 80' lang='grc' dir='ltr'><strong>ἀεὶ</strong></span> <span class='ocrx_word' id='word_1_712' title='bbox 759 2323 811 2350; x_wconf 79' lang='grc' dir='ltr'><strong>ὑπὸ</strong></span> <span class='ocrx_word' id='word_1_713' title='bbox 836 2323 917 2358; x_wconf 76' lang='grc' dir='ltr'>φόϐον</span> <span class='ocrx_word' id='word_1_714' title='bbox 933 2323 997 2355; x_wconf 69' lang='lat' dir='ltr'><strong>alat,</strong></span> 
     </span>
    </p>
   </div>
   <div class='ocr_carea' id='block_1_95' title="bbox 209 2369 996 2405">
    <p class='ocr_par' dir='ltr' id='par_1_95' title="bbox 209 2369 996 2405">
     <span class='ocr_line' id='line_1_95' title="bbox 209 2369 996 2405; baseline 0 -10"><span class='ocrx_word' id='word_1_715' title='bbox 209 2369 307 2404; x_wconf 86' lang='grc' dir='ltr'>μήπως</span> <span class='ocrx_word' id='word_1_716' title='bbox 322 2369 399 2404; x_wconf 77' lang='grc' dir='ltr'>ἄφνω</span> <span class='ocrx_word' id='word_1_717' title='bbox 413 2369 534 2396; x_wconf 77' lang='grc' dir='ltr'>ἐναντίου</span> <span class='ocrx_word' id='word_1_718' title='bbox 548 2369 703 2405; x_wconf 80' lang='grc' dir='ltr'>κινηθέντος</span> <span class='ocrx_word' id='word_1_719' title='bbox 716 2369 818 2402; x_wconf 77' lang='grc' dir='ltr'>ἀνέμου</span> <span class='ocrx_word' id='word_1_720' title='bbox 831 2369 996 2405; x_wconf 82' lang='grc' dir='ltr'>κλυδωνισθῇ</span> 
     </span>
    </p>
   </div>
   <div class='ocr_carea' id='block_1_96' title="bbox 207 2415 996 2451">
    <p class='ocr_par' dir='ltr' id='par_1_96' title="bbox 207 2415 996 2451">
     <span class='ocr_line' id='line_1_96' title="bbox 207 2415 996 2451; baseline 0.001 -9"><span class='ocrx_word' id='word_1_721' title='bbox 207 2415 225 2450; x_wconf 82' lang='grc' dir='ltr'>ἡ</span> <span class='ocrx_word' id='word_1_722' title='bbox 240 2415 373 2448; x_wconf 82' lang='grc' dir='ltr'>θάλασσα,</span> <span class='ocrx_word' id='word_1_723' title='bbox 392 2416 440 2442; x_wconf 74' lang='grc' dir='ltr'>καὶ</span> <span class='ocrx_word' id='word_1_724' title='bbox 454 2415 615 2451; x_wconf 79' lang='grc' dir='ltr'>κινδυνεύσῃ</span> <span class='ocrx_word' id='word_1_725' title='bbox 627 2415 657 2441; x_wconf 85' lang='grc' dir='ltr'><strong>τδ</strong></span> <span class='ocrx_word' id='word_1_726' title='bbox 675 2415 766 2441; x_wconf 78' lang='grc' dir='ltr'>πλοῖον</span> <span class='ocrx_word' id='word_1_727' title='bbox 781 2425 788 2431; x_wconf 88' lang='grc'><strong>·</strong></span> <span class='ocrx_word' id='word_1_728' title='bbox 813 2415 884 2442; x_wconf 81' lang='grc' dir='ltr'>οὕτω</span> <span class='ocrx_word' id='word_1_729' title='bbox 912 2417 958 2442; x_wconf 74' lang='grc' dir='ltr'>καὶ</span> <span class='ocrx_word' id='word_1_730' title='bbox 972 2418 996 2443; x_wconf 71' lang='grc' dir='ltr'>οἱ</span> 
     </span>
    </p>
   </div>
   <div class='ocr_carea' id='block_1_97' title="bbox 207 2460 996 2498">
    <p class='ocr_par' dir='ltr' id='par_1_97' title="bbox 207 2460 996 2498">
     <span class='ocr_line' id='line_1_97' title="bbox 207 2460 996 2498; baseline 0.004 -11"><span class='ocrx_word' id='word_1_731' title='bbox 207 2460 378 2495; x_wconf 70' lang='grc' dir='ltr'>Χριστιανοὶ,</span> <span class='ocrx_word' id='word_1_732' title='bbox 395 2462 420 2488; x_wconf 85' lang='grc' dir='ltr'><strong>εί</strong></span> <span class='ocrx_word' id='word_1_733' title='bbox 435 2462 482 2488; x_wconf 77' lang='grc' dir='ltr'>καὶ</span> <span class='ocrx_word' id='word_1_734' title='bbox 497 2461 605 2496; x_wconf 73' lang='grc' dir='ltr'>ἔχουσιν</span> <span class='ocrx_word' id='word_1_735' title='bbox 615 2462 644 2488; x_wconf 82' lang='grc' dir='ltr'><strong>ἐν</strong></span> <span class='ocrx_word' id='word_1_736' title='bbox 667 2462 759 2493; x_wconf 82' lang='grc' dir='ltr'>αὐτοῖς</span> <span class='ocrx_word' id='word_1_737' title='bbox 786 2462 873 2489; x_wconf 68' lang='grc' dir='ltr'>αἴσιον</span> <span class='ocrx_word' id='word_1_738' title='bbox 896 2463 996 2498; x_wconf 79' lang='grc' dir='ltr'>ἄνεμον</span> 
     </span>
    </p>
   </div>
   <div class='ocr_carea' id='block_1_98' title="bbox 205 2506 995 2542">
    <p class='ocr_par' dir='ltr' id='par_1_98' title="bbox 205 2506 995 2542">
     <span class='ocr_line' id='line_1_98' title="bbox 205 2506 995 2542; baseline 0.003 -10"><span class='ocrx_word' id='word_1_739' title='bbox 205 2506 252 2532; x_wconf 85' lang='grc' dir='ltr'><strong>τοῦ</strong></span> <span class='ocrx_word' id='word_1_740' title='bbox 279 2506 357 2540; x_wconf 86' lang='grc' dir='ltr'>ἁγίου</span> <span class='ocrx_word' id='word_1_741' title='bbox 382 2506 540 2541; x_wconf 75' lang='grc' dir='ltr'>Πνεῦματος</span> <span class='ocrx_word' id='word_1_742' title='bbox 567 2507 695 2538; x_wconf 82' lang='grc' dir='ltr'>πνέοντα,</span> <span class='ocrx_word' id='word_1_743' title='bbox 711 2507 767 2534; x_wconf 84' lang='grc' dir='ltr'>ἀλλ’</span> <span class='ocrx_word' id='word_1_744' title='bbox 784 2507 890 2534; x_wconf 75' lang='grc' dir='ltr'>ἔτιὺπὺ</span> <span class='ocrx_word' id='word_1_745' title='bbox 914 2508 995 2542; x_wconf 73' lang='grc' dir='ltr'>φόϐον</span> 
     </span>
    </p>
   </div>
   <div class='ocr_carea' id='block_1_99' title="bbox 206 2553 994 2588">
    <p class='ocr_par' dir='ltr' id='par_1_99' title="bbox 206 2553 994 2588">
     <span class='ocr_line' id='line_1_99' title="bbox 206 2553 994 2588; baseline 0.001 -9"><span class='ocrx_word' id='word_1_746' title='bbox 206 2553 270 2584; x_wconf 81' lang='grc' dir='ltr'>εἰσὶ,</span> <span class='ocrx_word' id='word_1_747' title='bbox 289 2553 388 2588; x_wconf 84' lang='grc' dir='ltr'>μήπως</span> <span class='ocrx_word' id='word_1_748' title='bbox 403 2554 417 2580; x_wconf 87' lang='lat'><strong>6</strong></span> <span class='ocrx_word' id='word_1_749' title='bbox 432 2554 532 2588; x_wconf 77' lang='grc' dir='ltr'>ἄνεμος</span> <span class='ocrx_word' id='word_1_750' title='bbox 546 2553 597 2588; x_wconf 83' lang='grc' dir='ltr'>τῆς</span> <span class='ocrx_word' id='word_1_751' title='bbox 617 2553 740 2585; x_wconf 78' lang='grc' dir='ltr'>ἐναντίας</span> <span class='ocrx_word' id='word_1_752' title='bbox 757 2554 897 2588; x_wconf 80' lang='grc' dir='ltr'>δυνάμεως</span> <span class='ocrx_word' id='word_1_753' title='bbox 912 2554 994 2581; x_wconf 79' lang='grc' dir='ltr'>πνεύ-</span> 
     </span>
    </p>
   </div>
   <div class='ocr_carea' id='block_1_100' title="bbox 206 2599 992 2636">
    <p class='ocr_par' dir='ltr' id='par_1_100' title="bbox 206 2599 992 2636">
     <span class='ocr_line' id='line_1_100' title="bbox 206 2599 992 2636; baseline 0.004 -11"><span class='ocrx_word' id='word_1_754' title='bbox 206 2607 240 2634; x_wconf 80' lang='grc' dir='ltr'>σῃ</span> <span class='ocrx_word' id='word_1_755' title='bbox 252 2599 375 2626; x_wconf 85' lang='grc' dir='ltr'>ἐπελθὼν</span> <span class='ocrx_word' id='word_1_756' title='bbox 388 2620 396 2632; x_wconf 86' lang='grc'><strong>,</strong></span> <span class='ocrx_word' id='word_1_757' title='bbox 412 2600 459 2626; x_wconf 78' lang='grc' dir='ltr'>καὶ</span> <span class='ocrx_word' id='word_1_758' title='bbox 474 2600 597 2635; x_wconf 81' lang='grc' dir='ltr'>ταραχήν</span> <span class='ocrx_word' id='word_1_759' title='bbox 612 2608 673 2627; x_wconf 83' lang='grc' dir='ltr'>τινα</span> <span class='ocrx_word' id='word_1_760' title='bbox 693 2601 740 2627; x_wconf 66' lang='grc' dir='ltr'>καὶ</span> <span class='ocrx_word' id='word_1_761' title='bbox 756 2601 878 2627; x_wconf 81' lang='grc' dir='ltr'>κλύδωνα</span> <span class='ocrx_word' id='word_1_762' title='bbox 895 2602 992 2636; x_wconf 82' lang='grc' dir='ltr'>κινήσῃ</span> 
     </span>
    </p>
   </div>
   <div class='ocr_carea' id='block_1_101' title="bbox 205 2645 995 2681">
    <p class='ocr_par' dir='ltr' id='par_1_101' title="bbox 205 2645 995 2681">
     <span class='ocr_line' id='line_1_101' title="bbox 205 2645 995 2681; baseline 0.004 -11"><span class='ocrx_word' id='word_1_763' title='bbox 205 2645 266 2675; x_wconf 83' lang='grc' dir='ltr'>ταῖς</span> <span class='ocrx_word' id='word_1_764' title='bbox 281 2645 381 2680; x_wconf 71' lang='grc' dir='ltr'>ψυχαῖς</span> <span class='ocrx_word' id='word_1_765' title='bbox 393 2645 495 2673; x_wconf 79' lang='grc' dir='ltr'>αὐτῶν.</span> <span class='ocrx_word' id='word_1_766' title='bbox 513 2645 635 2681; x_wconf 83' lang='grc' dir='ltr'>Σπουδῆς</span> <span class='ocrx_word' id='word_1_767' title='bbox 650 2645 697 2673; x_wconf 77' lang='grc' dir='ltr'>οὖν</span> <span class='ocrx_word' id='word_1_768' title='bbox 711 2646 812 2681; x_wconf 78' lang='grc' dir='ltr'>πολλῆς</span> <span class='ocrx_word' id='word_1_769' title='bbox 833 2646 929 2681; x_wconf 81' lang='grc' dir='ltr'><strong>χρεία⁹</strong></span> <span class='ocrx_word' id='word_1_770' title='bbox 953 2647 995 2673; x_wconf 87' lang='grc' dir='ltr'><strong>ῐνα</strong></span> 
     </span>
    </p>
   </div>
   <div class='ocr_carea' id='block_1_102' title="bbox 206 2691 994 2727">
    <p class='ocr_par' dir='ltr' id='par_1_102' title="bbox 206 2691 994 2727">
     <span class='ocr_line' id='line_1_102' title="bbox 206 2691 994 2727; baseline 0.003 -10"><span class='ocrx_word' id='word_1_771' title='bbox 206 2691 354 2726; x_wconf 79' lang='grc' dir='ltr'>φθάσωμεν</span> <span class='ocrx_word' id='word_1_772' title='bbox 369 2692 410 2723; x_wconf 79' lang='grc' dir='ltr'><strong>είς</strong></span> <span class='ocrx_word' id='word_1_773' title='bbox 423 2692 469 2719; x_wconf 81' lang='grc' dir='ltr'><strong>τὸν</strong></span> <span class='ocrx_word' id='word_1_774' title='bbox 483 2691 580 2727; x_wconf 81' lang='grc' dir='ltr'>λιμένα</span> <span class='ocrx_word' id='word_1_775' title='bbox 594 2693 643 2727; x_wconf 84' lang='grc' dir='ltr'>τῆς</span> <span class='ocrx_word' id='word_1_776' title='bbox 660 2692 868 2724; x_wconf 73' lang='grc' dir='ltr'>καταπαύσεως,</span> <span class='ocrx_word' id='word_1_777' title='bbox 891 2693 931 2724; x_wconf 75' lang='grc' dir='ltr'><strong>εἰς</strong></span> <span class='ocrx_word' id='word_1_778' title='bbox 949 2693 994 2719; x_wconf 75' lang='grc' dir='ltr'><strong>τὸν</strong></span> 
     </span>
    </p>
   </div>
   <div class='ocr_carea' id='block_1_103' title="bbox 205 2737 992 2774">
    <p class='ocr_par' dir='ltr' id='par_1_103' title="bbox 205 2737 992 2774">
     <span class='ocr_line' id='line_1_103' title="bbox 205 2737 992 2774; baseline 0.001 -12"><span class='ocrx_word' id='word_1_779' title='bbox 205 2737 307 2764; x_wconf 81' lang='grc' dir='ltr'>τέλειον</span> <span class='ocrx_word' id='word_1_780' title='bbox 324 2738 436 2774; x_wconf 85' lang='grc' dir='ltr'>κόσμον,</span> <span class='ocrx_word' id='word_1_781' title='bbox 453 2738 493 2770; x_wconf 89' lang='grc' dir='ltr'><strong>είς</strong></span> <span class='ocrx_word' id='word_1_782' title='bbox 502 2738 551 2774; x_wconf 82' lang='grc' dir='ltr'>τὴν</span> <span class='ocrx_word' id='word_1_783' title='bbox 568 2738 681 2765; x_wconf 85' lang='grc' dir='ltr'>αἰωνίαν</span> <span class='ocrx_word' id='word_1_784' title='bbox 702 2737 775 2772; x_wconf 82' lang='grc' dir='ltr'>ζωὴν</span> <span class='ocrx_word' id='word_1_785' title='bbox 795 2737 841 2764; x_wconf 77' lang='grc' dir='ltr'>καὶ</span> <span class='ocrx_word' id='word_1_786' title='bbox 865 2738 970 2773; x_wconf 81' lang='grc' dir='ltr'>τρυφὴν</span> <span class='ocrx_word' id='word_1_787' title='bbox 985 2759 992 2771; x_wconf 83' lang='grc'><strong>,</strong></span> 
     </span>
    </p>
   </div>
   <div class='ocr_carea' id='block_1_104' title="bbox 206 2782 994 2818">
    <p class='ocr_par' dir='ltr' id='par_1_104' title="bbox 206 2782 994 2818">
     <span class='ocr_line' id='line_1_104' title="bbox 206 2782 994 2818; baseline 0.003 -11"><span class='ocrx_word' id='word_1_788' title='bbox 206 2782 246 2813; x_wconf 75' lang='grc' dir='ltr'>εἰς</span> <span class='ocrx_word' id='word_1_789' title='bbox 257 2782 307 2818; x_wconf 83' lang='grc' dir='ltr'>τὴν</span> <span class='ocrx_word' id='word_1_790' title='bbox 321 2783 399 2810; x_wconf 83' lang='grc' dir='ltr'>πόλιν</span> <span class='ocrx_word' id='word_1_791' title='bbox 414 2784 469 2811; x_wconf 86' lang='grc' dir='ltr'>τῶν</span> <span class='ocrx_word' id='word_1_792' title='bbox 483 2784 580 2818; x_wconf 84' lang='grc' dir='ltr'>ἁγίων,</span> <span class='ocrx_word' id='word_1_793' title='bbox 598 2784 637 2815; x_wconf 78' lang='grc' dir='ltr'><strong>εἰς</strong></span> <span class='ocrx_word' id='word_1_794' title='bbox 653 2782 702 2818; x_wconf 81' lang='grc' dir='ltr'>τὴν</span> <span class='ocrx_word' id='word_1_795' title='bbox 718 2783 879 2818; x_wconf 81' lang='grc' dir='ltr'>ἐπουράνιον</span> <span class='ocrx_word' id='word_1_796' title='bbox 896 2783 994 2818; x_wconf 84' lang='grc' dir='ltr'>Ἰερου-</span> 
     </span>
    </p>
   </div>
   <div class='ocr_carea' id='block_1_105' title="bbox 207 2827 993 2865">
    <p class='ocr_par' dir='ltr' id='par_1_105' title="bbox 207 2827 993 2865">
     <span class='ocr_line' id='line_1_105' title="bbox 207 2827 993 2865; baseline 0.001 -12"><span class='ocrx_word' id='word_1_797' title='bbox 207 2827 308 2863; x_wconf 86' lang='grc' dir='ltr'>σαλὴμ,</span> <span class='ocrx_word' id='word_1_798' title='bbox 321 2829 360 2861; x_wconf 80' lang='grc' dir='ltr'>εἰς</span> <span class='ocrx_word' id='word_1_799' title='bbox 375 2829 424 2865; x_wconf 85' lang='grc' dir='ltr'><strong>τὴν</strong></span> <span class='ocrx_word' id='word_1_800' title='bbox 438 2829 602 2865; x_wconf 80' lang='grc' dir='ltr'>Ἐκκλησίαν</span> <span class='ocrx_word' id='word_1_801' title='bbox 613 2828 666 2855; x_wconf 86' lang='grc' dir='ltr'>τῶν</span> <span class='ocrx_word' id='word_1_802' title='bbox 677 2828 868 2863; x_wconf 77' lang='grc' dir='ltr'>πρωτοτόκων.</span> <span class='ocrx_word' id='word_1_803' title='bbox 890 2828 952 2855; x_wconf 76' lang='grc' dir='ltr'>Ἐὰν</span> <span class='ocrx_word' id='word_1_804' title='bbox 964 2828 993 2854; x_wconf 79' lang='grc' dir='ltr'>δὲ</span> 
     </span>
    </p>
   </div>
   <div class='ocr_carea' id='block_1_106' title="bbox 1047 2324 1838 2360">
    <p class='ocr_par' dir='ltr' id='par_1_106' title="bbox 1047 2324 1838 2360">
     <span class='ocr_line' id='line_1_106' title="bbox 1047 2324 1838 2360; baseline -0.003 -8"><span class='ocrx_word' id='word_1_805' title='bbox 1047 2325 1163 2360; x_wconf 89' lang='lat' dir='ltr'><strong>quillum</strong></span> <span class='ocrx_word' id='word_1_806' title='bbox 1177 2333 1322 2356; x_wconf 84' lang='lat' dir='ltr'><strong>mare,nec</strong></span> <span class='ocrx_word' id='word_1_807' title='bbox 1334 2325 1398 2351; x_wconf 92' lang='lat' dir='ltr'><strong>dum</strong></span> <span class='ocrx_word' id='word_1_808' title='bbox 1412 2324 1628 2359; x_wconf 86' lang='lat' dir='ltr'><strong>pervenerintad</strong></span> <span class='ocrx_word' id='word_1_809' title='bbox 1642 2328 1763 2358; x_wconf 88' lang='lat' dir='ltr'><strong>portum,</strong></span> <span class='ocrx_word' id='word_1_810' title='bbox 1773 2332 1838 2351; x_wconf 92' lang='lat' dir='ltr'><strong>con-</strong></span> 
     </span>
    </p>
   </div>
   <div class='ocr_carea' id='block_1_107' title="bbox 1047 2369 1838 2404">
    <p class='ocr_par' dir='ltr' id='par_1_107' title="bbox 1047 2369 1838 2404">
     <span class='ocr_line' id='line_1_107' title="bbox 1047 2369 1838 2404; baseline -0.005 -5"><span class='ocrx_word' id='word_1_811' title='bbox 1047 2373 1126 2399; x_wconf 82' lang='lat' dir='ltr'><strong>tinuo</strong></span> <span class='ocrx_word' id='word_1_812' title='bbox 1140 2371 1191 2399; x_wconf 87' lang='lat' dir='ltr'><strong>sub</strong></span> <span class='ocrx_word' id='word_1_813' title='bbox 1203 2375 1276 2398; x_wconf 84' lang='lat' dir='ltr'><strong>metu</strong></span> <span class='ocrx_word' id='word_1_814' title='bbox 1292 2375 1367 2403; x_wconf 85' lang='lat' dir='ltr'><strong>sunt,</strong></span> <span class='ocrx_word' id='word_1_815' title='bbox 1380 2378 1415 2397; x_wconf 90' lang='lat' dir='ltr'><strong>ne</strong></span> <span class='ocrx_word' id='word_1_816' title='bbox 1431 2370 1580 2404; x_wconf 88' lang='lat' dir='ltr'><strong>derepente</strong></span> <span class='ocrx_word' id='word_1_817' title='bbox 1606 2369 1746 2397; x_wconf 88' lang='lat' dir='ltr'><strong>contrario</strong></span> <span class='ocrx_word' id='word_1_818' title='bbox 1763 2370 1838 2396; x_wconf 83' lang='lat' dir='ltr'><strong>exei-</strong></span> 
     </span>
    </p>
   </div>
   <div class='ocr_carea' id='block_1_108' title="bbox 1047 2414 1837 2450">
    <p class='ocr_par' dir='ltr' id='par_1_108' title="bbox 1047 2414 1837 2450">
     <span class='ocr_line' id='line_1_108' title="bbox 1047 2414 1837 2450; baseline -0.005 -6"><span class='ocrx_word' id='word_1_819' title='bbox 1047 2422 1103 2444; x_wconf 82' lang='lat' dir='ltr'><strong>tato</strong></span> <span class='ocrx_word' id='word_1_820' title='bbox 1118 2421 1199 2444; x_wconf 86' lang='lat' dir='ltr'><strong>vento</strong></span> <span class='ocrx_word' id='word_1_821' title='bbox 1219 2416 1351 2443; x_wconf 79' lang='lat' dir='ltr'><strong>ﬂuctibus</strong></span> <span class='ocrx_word' id='word_1_822' title='bbox 1368 2423 1444 2442; x_wconf 86' lang='lat' dir='ltr'><strong>mare</strong></span> <span class='ocrx_word' id='word_1_823' title='bbox 1459 2415 1589 2450; x_wconf 80' lang='lat' dir='ltr'><strong>agitetur,</strong></span> <span class='ocrx_word' id='word_1_824' title='bbox 1610 2419 1639 2441; x_wconf 86' lang='lat' dir='ltr'><strong>ct</strong></span> <span class='ocrx_word' id='word_1_825' title='bbox 1657 2415 1734 2441; x_wconf 75' lang='lat' dir='ltr'><strong>navis</strong></span> <span class='ocrx_word' id='word_1_826' title='bbox 1749 2414 1776 2440; x_wconf 92' lang='lat' dir='ltr'><strong>in</strong></span> <span class='ocrx_word' id='word_1_827' title='bbox 1790 2421 1837 2448; x_wconf 91' lang='lat' dir='ltr'><strong>pe-</strong></span> 
     </span>
    </p>
   </div>
   <div class='ocr_carea' id='block_1_109' title="bbox 1045 2459 1836 2496">
    <p class='ocr_par' dir='ltr' id='par_1_109' title="bbox 1045 2459 1836 2496">
     <span class='ocr_line' id='line_1_109' title="bbox 1045 2459 1836 2496; baseline -0.005 -6"><span class='ocrx_word' id='word_1_828' title='bbox 1045 2463 1162 2491; x_wconf 89' lang='lat' dir='ltr'><strong>riculum</strong></span> <span class='ocrx_word' id='word_1_829' title='bbox 1176 2462 1279 2489; x_wconf 82' lang='lat' dir='ltr'><strong>incidat</strong></span> <span class='ocrx_word' id='word_1_830' title='bbox 1289 2470 1295 2488; x_wconf 79' lang='grc' dir='ltr'><strong>ι</strong></span> <span class='ocrx_word' id='word_1_831' title='bbox 1305 2462 1345 2489; x_wconf 80' lang='lat' dir='ltr'><strong>sic</strong></span> <span class='ocrx_word' id='word_1_832' title='bbox 1355 2469 1466 2496; x_wconf 90' lang='lat' dir='ltr'><strong>quoque</strong></span> <span class='ocrx_word' id='word_1_833' title='bbox 1474 2460 1708 2491; x_wconf 88' lang='lat' dir='ltr'><strong>Christiani,licet</strong></span> <span class='ocrx_word' id='word_1_834' title='bbox 1716 2459 1836 2487; x_wconf 83' lang='lat' dir='ltr'><strong>habeant</strong></span> 
     </span>
    </p>
   </div>
   <div class='ocr_carea' id='block_1_110' title="bbox 1047 2504 1834 2543">
    <p class='ocr_par' dir='ltr' id='par_1_110' title="bbox 1047 2504 1834 2543">
     <span class='ocr_line' id='line_1_110' title="bbox 1047 2504 1834 2543; baseline -0.006 -7"><span class='ocrx_word' id='word_1_835' title='bbox 1047 2509 1075 2536; x_wconf 92' lang='lat' dir='ltr'><strong>in</strong></span> <span class='ocrx_word' id='word_1_836' title='bbox 1093 2516 1121 2536; x_wconf 85' lang='lat' dir='ltr'><strong>se</strong></span> <span class='ocrx_word' id='word_1_837' title='bbox 1137 2515 1298 2543; x_wconf 87' lang='lat' dir='ltr'><strong>prosperum</strong></span> <span class='ocrx_word' id='word_1_838' title='bbox 1318 2511 1431 2533; x_wconf 90' lang='lat' dir='ltr'><strong>ventum</strong></span> <span class='ocrx_word' id='word_1_839' title='bbox 1454 2507 1541 2533; x_wconf 89' lang='lat' dir='ltr'><strong>sancti</strong></span> <span class='ocrx_word' id='word_1_840' title='bbox 1567 2505 1687 2540; x_wconf 85' lang='lat' dir='ltr'><strong>Spiritus</strong></span> <span class='ocrx_word' id='word_1_841' title='bbox 1711 2504 1834 2535; x_wconf 81' lang='lat' dir='ltr'><strong>ﬂantem,</strong></span> 
     </span>
    </p>
   </div>
   <div class='ocr_carea' id='block_1_111' title="bbox 1046 2550 1835 2586">
    <p class='ocr_par' dir='ltr' id='par_1_111' title="bbox 1046 2550 1835 2586">
     <span class='ocr_line' id='line_1_111' title="bbox 1046 2550 1835 2586; baseline -0.005 -5"><span class='ocrx_word' id='word_1_842' title='bbox 1046 2553 1228 2581; x_wconf 89' lang='lat' dir='ltr'><strong>nihilominus</strong></span> <span class='ocrx_word' id='word_1_843' title='bbox 1244 2556 1381 2585; x_wconf 90' lang='lat' dir='ltr'><strong>metuunt,</strong></span> <span class='ocrx_word' id='word_1_844' title='bbox 1403 2559 1436 2579; x_wconf 92' lang='lat' dir='ltr'><strong>ne</strong></span> <span class='ocrx_word' id='word_1_845' title='bbox 1453 2550 1603 2586; x_wconf 85' lang='lat' dir='ltr'><strong>aliquando</strong></span> <span class='ocrx_word' id='word_1_846' title='bbox 1616 2554 1715 2578; x_wconf 87' lang='lat' dir='ltr'><strong>ventus</strong></span> <span class='ocrx_word' id='word_1_847' title='bbox 1727 2555 1835 2577; x_wconf 87' lang='lat' dir='ltr'><strong>contra-</strong></span> 
     </span>
    </p>
   </div>
   <div class='ocr_carea' id='block_1_112' title="bbox 1045 2597 1834 2634">
    <p class='ocr_par' dir='ltr' id='par_1_112' title="bbox 1045 2597 1834 2634">
     <span class='ocr_line' id='line_1_112' title="bbox 1045 2597 1834 2634; baseline -0.006 -7"><span class='ocrx_word' id='word_1_848' title='bbox 1045 2600 1093 2627; x_wconf 68' lang='lat' dir='ltr'><strong>riae</strong></span> <span class='ocrx_word' id='word_1_849' title='bbox 1117 2598 1261 2634; x_wconf 85' lang='lat' dir='ltr'><strong>potestatis</strong></span> <span class='ocrx_word' id='word_1_850' title='bbox 1280 2598 1365 2632; x_wconf 87' lang='lat' dir='ltr'><strong>spiret</strong></span> <span class='ocrx_word' id='word_1_851' title='bbox 1391 2602 1418 2624; x_wconf 91' lang='lat' dir='ltr'><strong>et</strong></span> <span class='ocrx_word' id='word_1_852' title='bbox 1446 2597 1576 2631; x_wconf 70' lang='lat' dir='ltr'><strong>insurgat,</strong></span> <span class='ocrx_word' id='word_1_853' title='bbox 1591 2600 1620 2623; x_wconf 86' lang='lat' dir='ltr'><strong>et</strong></span> <span class='ocrx_word' id='word_1_854' title='bbox 1643 2599 1834 2631; x_wconf 81' lang='lat' dir='ltr'><strong>tempestatem</strong></span> 
     </span>
    </p>
   </div>
   <div class='ocr_carea' id='block_1_113' title="bbox 1046 2641 1836 2681">
    <p class='ocr_par' dir='ltr' id='par_1_113' title="bbox 1046 2641 1836 2681">
     <span class='ocr_line' id='line_1_113' title="bbox 1046 2641 1836 2681; baseline -0.005 -9"><span class='ocrx_word' id='word_1_855' title='bbox 1046 2645 1191 2681; x_wconf 89' lang='lat' dir='ltr'><strong>quamdam</strong></span> <span class='ocrx_word' id='word_1_856' title='bbox 1207 2652 1239 2671; x_wconf 87' lang='lat' dir='ltr'><strong>ac</strong></span> <span class='ocrx_word' id='word_1_857' title='bbox 1251 2644 1351 2671; x_wconf 80' lang='lat' dir='ltr'><strong>ﬂuctus</strong></span> <span class='ocrx_word' id='word_1_858' title='bbox 1363 2643 1464 2671; x_wconf 81' lang='lat' dir='ltr'><strong>excitet</strong></span> <span class='ocrx_word' id='word_1_859' title='bbox 1480 2642 1580 2670; x_wconf 89' lang='lat' dir='ltr'><strong>animis</strong></span> <span class='ocrx_word' id='word_1_860' title='bbox 1595 2649 1702 2670; x_wconf 91' lang='lat' dir='ltr'><strong>eorum.</strong></span> <span class='ocrx_word' id='word_1_861' title='bbox 1714 2641 1836 2677; x_wconf 74' lang='lat' dir='ltr'><strong>Diligen-</strong></span> 
     </span>
    </p>
   </div>
   <div class='ocr_carea' id='block_1_114' title="bbox 1048 2688 1834 2725">
    <p class='ocr_par' dir='ltr' id='par_1_114' title="bbox 1048 2688 1834 2725">
     <span class='ocr_line' id='line_1_114' title="bbox 1048 2688 1834 2725; baseline -0.005 -7"><span class='ocrx_word' id='word_1_862' title='bbox 1048 2692 1084 2718; x_wconf 84' lang='lat' dir='ltr'><strong>tia</strong></span> <span class='ocrx_word' id='word_1_863' title='bbox 1095 2697 1161 2725; x_wconf 80' lang='lat' dir='ltr'><strong>ergo</strong></span> <span class='ocrx_word' id='word_1_864' title='bbox 1181 2697 1286 2717; x_wconf 88' lang='lat' dir='ltr'><strong>summa</strong></span> <span class='ocrx_word' id='word_1_865' title='bbox 1314 2696 1394 2724; x_wconf 84' lang='lat' dir='ltr'><strong>opus,</strong></span> <span class='ocrx_word' id='word_1_866' title='bbox 1414 2694 1445 2716; x_wconf 91' lang='lat' dir='ltr'><strong>ut</strong></span> <span class='ocrx_word' id='word_1_867' title='bbox 1470 2688 1662 2724; x_wconf 86' lang='lat' dir='ltr'><strong>perveniamus</strong></span> <span class='ocrx_word' id='word_1_868' title='bbox 1675 2688 1709 2715; x_wconf 89' lang='lat' dir='ltr'><strong>ad</strong></span> <span class='ocrx_word' id='word_1_869' title='bbox 1725 2692 1834 2723; x_wconf 90' lang='lat' dir='ltr'><strong>portum</strong></span> 
     </span>
    </p>
   </div>
   <div class='ocr_carea' id='block_1_115' title="bbox 1047 2734 1834 2772">
    <p class='ocr_par' dir='ltr' id='par_1_115' title="bbox 1047 2734 1834 2772">
     <span class='ocr_line' id='line_1_115' title="bbox 1047 2734 1834 2772; baseline -0.004 -8"><span class='ocrx_word' id='word_1_870' title='bbox 1047 2737 1161 2772; x_wconf 86' lang='lat' dir='ltr'><strong>requiei,</strong></span> <span class='ocrx_word' id='word_1_871' title='bbox 1178 2737 1211 2763; x_wconf 87' lang='lat' dir='ltr'><strong>ad</strong></span> <span class='ocrx_word' id='word_1_872' title='bbox 1227 2735 1359 2763; x_wconf 89' lang='lat' dir='ltr'><strong>mundum</strong></span> <span class='ocrx_word' id='word_1_873' title='bbox 1379 2735 1543 2770; x_wconf 76' lang='lat' dir='ltr'><strong>perfectum,</strong></span> <span class='ocrx_word' id='word_1_874' title='bbox 1561 2734 1594 2762; x_wconf 88' lang='lat' dir='ltr'><strong>ad</strong></span> <span class='ocrx_word' id='word_1_875' title='bbox 1610 2735 1694 2762; x_wconf 82' lang='lat' dir='ltr'><strong>vitam</strong></span> <span class='ocrx_word' id='word_1_876' title='bbox 1713 2739 1740 2762; x_wconf 89' lang='lat' dir='ltr'><strong>et</strong></span> <span class='ocrx_word' id='word_1_877' title='bbox 1763 2734 1834 2762; x_wconf 84' lang='lat' dir='ltr'><strong>deli-</strong></span> 
     </span>
    </p>
   </div>
   <div class='ocr_carea' id='block_1_116' title="bbox 1045 2779 1834 2812">
    <p class='ocr_par' dir='ltr' id='par_1_116' title="bbox 1045 2779 1834 2812">
     <span class='ocr_line' id='line_1_116' title="bbox 1045 2779 1834 2812; baseline -0.003 -4"><span class='ocrx_word' id='word_1_878' title='bbox 1045 2782 1101 2808; x_wconf 87' lang='lat' dir='ltr'><strong>cias</strong></span> <span class='ocrx_word' id='word_1_879' title='bbox 1116 2786 1243 2812; x_wconf 79' lang='lat' dir='ltr'><strong>aeternas,</strong></span> <span class='ocrx_word' id='word_1_880' title='bbox 1258 2779 1291 2806; x_wconf 85' lang='lat' dir='ltr'><strong>ad</strong></span> <span class='ocrx_word' id='word_1_881' title='bbox 1307 2779 1445 2807; x_wconf 84' lang='lat' dir='ltr'><strong>civitatem</strong></span> <span class='ocrx_word' id='word_1_882' title='bbox 1462 2784 1632 2811; x_wconf 85' lang='lat' dir='ltr'><strong>sanctorum,</strong></span> <span class='ocrx_word' id='word_1_883' title='bbox 1647 2787 1680 2807; x_wconf 87' lang='lat' dir='ltr'><strong>ac</strong></span> <span class='ocrx_word' id='word_1_884' title='bbox 1694 2779 1834 2807; x_wconf 70' lang='lat' dir='ltr'><strong>caelestem</strong></span> 
     </span>
    </p>
   </div>
   <div class='ocr_carea' id='block_1_117' title="bbox 1044 2824 1833 2861">
    <p class='ocr_par' dir='ltr' id='par_1_117' title="bbox 1044 2824 1833 2861">
     <span class='ocr_line' id='line_1_117' title="bbox 1044 2824 1833 2861; baseline -0.001 -7"><span class='ocrx_word' id='word_1_885' title='bbox 1044 2826 1236 2858; x_wconf 82' lang='lat' dir='ltr'><strong>Jerusalem&quot;.</strong></span> <span class='ocrx_word' id='word_1_886' title='bbox 1261 2825 1295 2853; x_wconf 85' lang='lat' dir='ltr'><strong>ad</strong></span> <span class='ocrx_word' id='word_1_887' title='bbox 1319 2824 1469 2853; x_wconf 71' lang='lat' dir='ltr'><strong>Ecclesium</strong></span> <span class='ocrx_word' id='word_1_888' title='bbox 1490 2825 1748 2861; x_wconf 72' lang='lat' dir='ltr'><strong>primogenitorum.</strong></span> <span class='ocrx_word' id='word_1_889' title='bbox 1774 2824 1833 2853; x_wconf 73' lang='lat' dir='ltr'><strong>Nisi</strong></span> 
     </span>
    </p>
   </div>
   <div class='ocr_carea' id='block_1_118' title="bbox 242 2914 999 2960">
    <p class='ocr_par' dir='ltr' id='par_1_118' title="bbox 242 2918 998 2960">
     <span class='ocr_line' id='line_1_118' title="bbox 242 2918 998 2960; baseline -0.003 -14"><span class='ocrx_word' id='word_1_890' title='bbox 242 2919 265 2936; x_wconf 80' lang='grc'><strong>⁸⁸</strong></span> <span class='ocrx_word' id='word_1_891' title='bbox 277 2919 337 2947; x_wconf 83' lang='lat' dir='ltr'><strong>Gal.</strong></span> <span class='ocrx_word' id='word_1_892' title='bbox 352 2927 390 2953; x_wconf 79' lang='lat' dir='ltr'><strong>tv,</strong></span> <span class='ocrx_word' id='word_1_893' title='bbox 404 2921 430 2947; x_wconf 76' lang='lat' dir='ltr'><strong>i.</strong></span> <span class='ocrx_word' id='word_1_894' title='bbox 469 2921 491 2938; x_wconf 82' lang='lat'>&quot;</span> <span class='ocrx_word' id='word_1_895' title='bbox 504 2921 583 2948; x_wconf 83' lang='lat' dir='ltr'><strong>Deut.</strong></span> <span class='ocrx_word' id='word_1_896' title='bbox 595 2928 632 2954; x_wconf 78' lang='lat' dir='ltr'><strong>vr,</strong></span> <span class='ocrx_word' id='word_1_897' title='bbox 645 2919 670 2946; x_wconf 77' lang='grc' dir='ltr'><strong>ὕ.</strong></span> <span class='ocrx_word' id='word_1_898' title='bbox 710 2918 732 2936; x_wconf 83' lang='grc' dir='ltr'><strong>⁷ο</strong></span> <span class='ocrx_word' id='word_1_899' title='bbox 748 2918 844 2960; x_wconf 55' lang='grc' dir='ltr'><strong>Μιδίιιιτ</strong></span> <span class='ocrx_word' id='word_1_900' title='bbox 859 2919 950 2951; x_wconf 60' lang='lat' dir='ltr'><strong>vum.</strong></span> <span class='ocrx_word' id='word_1_901' title='bbox 989 2918 998 2934; x_wconf 82' lang='grc' dir='ltr'>τ</span> 
     </span>
    </p>
   </div>
   <div class='ocr_carea' id='block_1_119' title="bbox 1050 2914 1304 2960">
    <p class='ocr_par' dir='ltr' id='par_1_119' title="bbox 1050 2914 1304 2949">
     <span class='ocr_line' id='line_1_119' title="bbox 1050 2914 1304 2949; baseline -0.008 -5"><span class='ocrx_word' id='word_1_902' title='bbox 1050 2916 1117 2944; x_wconf 79' lang='lat' dir='ltr'><strong>iebr.</strong></span> <span class='ocrx_word' id='word_1_903' title='bbox 1134 2923 1181 2949; x_wconf 72' lang='grc' dir='ltr'>ιιι,</span> <span class='ocrx_word' id='word_1_904' title='bbox 1197 2915 1242 2949; x_wconf 79' lang='lat'><strong>22,</strong></span> <span class='ocrx_word' id='word_1_905' title='bbox 1257 2914 1304 2942; x_wconf 71' lang='grc'><strong>23.</strong></span> 
     </span>
    </p>
   </div>
  </div>
