2079 3152
268 203 321 236 ’175

887 199 918 229 S.
938 195 1097 228 MACARII
1116 194 1276 226 IEGYPTII

1836 185 1895 225 7'16

266 266 335 288 vero
348 259 410 294 quis
431 257 532 293 gradus
549 257 610 290 illas
638 255 791 289 transierit,
812 261 987 290 summopere
1001 261 1059 281 me-

1112 253 1148 289 μὴ
1163 252 1254 288 διέλθῃ
1266 260 1308 284 τις
1323 251 1358 280 τὰ
1374 251 1462 288 μέτρα
1484 251 1592 283 ἔκεῖνα,
1606 250 1660 278 ὑπὸ
1675 249 1758 285 φόϐον
1770 249 1829 277 ἐστὶ
1845 258 1898 277 πο-

267 303 330 335 tuit,
348 310 382 330 ne
398 302 469 329 forte
486 301 590 328 interea
608 301 715 335 lapsum
731 298 878 335 quemdam
895 297 1054 326 adversaria

266 352 388 383 potestas
405 347 546 374 moliatur.

302 394 334 420 ν.
349 393 468 420 Perinde
489 400 556 420 vero
573 399 606 420 ac
629 393 729 420 mulier
749 400 810 428 qua:
827 392 964 428 concepit,
980 392 1056 420 intus

266 439 350 466 habet
369 438 501 466 infantem
517 446 598 466 suum
614 438 640 465 in
656 439 789 470 tenebris,
806 443 837 465 ut
852 438 890 466 ita
911 438 1011 471 dicam,
1027 441 1057 465 et

266 484 352 511 denso
368 484 429 511 loco
443 492 450 510 :
478 484 502 511 si
527 492 593 511 vero
616 484 791 519 postmodum
808 485 948 520 contingat
962 483 1056 520 egredi

266 536 383 564 puerum
399 533 523 563 tempore
544 529 649 562 debito,
666 530 791 557 intuetur
818 537 916 557 novam
949 534 1058 557 creatu-

266 581 336 607 ram,
349 581 432 609 quam
446 582 587 609 nunquam
602 575 720 607 viderat,
743 575 817 608 caali,
840 580 921 603 terra:
932 580 960 603 et
977 575 1055 607 solis,

266 623 294 646 et
309 619 390 646 amici
406 623 489 654 atque
506 619 615 654 cognati
643 620 775 647 continuo
800 620 880 647 hilari
905 620 982 647 vultu
1010 627 1057 648 ex-

267 665 374 700 cipiunt
397 672 460 692 eum
481 665 509 692 in
534 666 635 692 ulnas:
651 665 724 700 quod
747 666 770 693 si
791 673 858 693 vero
880 666 1020 701 contingat
1041 673 1057 692 a

268 711 431 739 confusione
444 711 562 746 quadam
579 711 672 739 divelli
685 712 759 739 intus
773 712 916 744 infantem,
930 719 1058 740 necessa-

268 757 310 784 rio
329 761 464 792 superest,
481 761 512 784 ut
537 757 570 784 ad
594 757 647 785 hoc
668 758 812 786 constituti
830 758 928 786 medici
946 757 1058 786 cultello

269 807 401 835 utantur,
427 803 519 838 itaque
549 802 767 838 deprehenditur
797 808 891 838 postea
923 803 1013 831 infans
1041 810 1057 831 a

267 853 356 876 morte
372 849 399 876 in
411 854 526 876 mortem
541 856 666 884 pergere,
682 857 696 876 a
717 849 839 876 tenebris
856 849 884 876 in
907 849 1056 876 tenebras:

269 895 310 922 sic
335 894 429 929 accipe
455 901 566 928 quoque
601 894 628 921 in
659 902 690 921 re
720 895 868 930 spirituali.
896 894 1057 929 Quicunque

269 943 450 973 susceperunt
469 946 564 966 semen
591 939 754 971 divinitatis,
773 939 801 966 hi
828 939 959 967 invisibili
975 940 1057 967 modo

269 983 398 1010 obtinent
415 982 493 1015 illud,
506 987 535 1010 et
551 987 663 1018 propter
677 983 835 1011 inhabitans
847 983 899 1011 sibi
914 987 1057 1019 peccatum

270 1028 299 1055 in
315 1028 495 1055 tenebricosis
511 1033 539 1056 et
552 1028 681 1056 timendis
695 1029 763 1056 locis
778 1029 928 1056 occultant.
944 1029 972 1056 Si
991 1037 1058 1064 ergo

271 1074 395 1101 muniant
409 1081 438 1101 se
455 1073 539 1108 ipsos.
555 1078 583 1101 et
597 1079 761 1102 conservent
785 1082 889 1107 semen,
906 1075 950 1102 isti
964 1075 1058 1102 debito

271 1123 394 1153 tempore
406 1119 563 1154 producunt
579 1119 607 1146 in
624 1119 722 1153 lucem,
748 1123 776 1147 et
793 1120 902 1148 tandem
925 1121 953 1148 in
969 1120 1059 1148 disso—

271 1166 376 1193 lutione
400 1166 534 1200 corporis,
553 1166 641 1201 angeli
668 1171 695 1194 et
713 1174 809 1194 omnes
839 1166 951 1201 superni
981 1166 1059 1194 chori

271 1212 334 1239 laeto
350 1211 428 1238 vultu
445 1211 588 1246 excipiunt
612 1212 683 1239 illos.
707 1211 734 1240 Si
750 1219 816 1240 vero
842 1212 904 1247 quis
925 1212 1060 1247 susceptis

271 1257 356 1284 armis
371 1256 474 1285 Christi
491 1256 526 1284 ad
543 1256 645 1284 bellum
663 1257 770 1284 fortiter
788 1256 950 1292 gerendum,
966 1264 1061 1284 socor-

271 1301 317 1329 dia
331 1301 473 1334 dilliuerit,
489 1301 624 1337 ejusmodi
638 1301 685 1336 qui
700 1305 752 1334 est,
768 1308 849 1336 quam
873 1300 992 1335 primum
1009 1304 1062 1327 tra-

271 1347 347 1374 ditur
362 1347 500 1380 hostibus,
515 1352 544 1375 et
558 1347 587 1375 in
601 1347 783 1375 dissolutione
804 1347 929 1381 corporis
950 1354 964 1373 a
985 1351 1061 1373 tene-

272 1392 341 1424 bris,
357 1400 418 1427 qua:
429 1400 504 1420 nunc
519 1391 757 1427 comprehendunt
771 1391 858 1423 illum,
874 1391 902 1418 in
920 1391 987 1418 alias
1001 1398 1061 1418 mo-

272 1438 400 1465 lestiores
410 1438 539 1465 tenebras
557 1442 586 1465 et
604 1437 632 1464 in
649 1438 791 1465 interitum
804 1437 902 1472 pergit.

309 1483 352 1510 Vl.
367 1483 486 1510 Perinde
502 1490 569 1510 vero
582 1491 614 1510 ac
627 1483 650 1510 si
671 1483 707 1510 sit
721 1483 828 1515 hortus,
843 1482 991 1510 arboribus
1003 1481 1062 1509 fru-

272 1528 378 1556 ctiferis
389 1532 417 1556 et
431 1529 492 1556 aliis
506 1528 691 1564 fragrantibus
710 1528 811 1564 plantis
822 1529 955 1559 consitus,
981 1532 1062 1563 atque

1105 298 1166 331 λὺν,
1191 298 1290 333 μήπως
1310 298 1340 325 ὲν
1355 296 1395 332 τῷ
1413 296 1514 332 μεταξὺ
1542 296 1646 324 πτῶσίν
1669 304 1731 324 τινα
1752 296 1768 332 ἡ
1788 295 1897 332 πονηρὰ

1105 345 1220 380 δύναμις
1236 343 1402 380 ἐργάσηται.

1141 390 1180 418 E'.
1196 390 1302 426 Ὠσπερ
1313 390 1342 416 δὲ
1355 389 1425 424 γυνὴ
1439 387 1609 416 συλλαϐοῦσα
1626 387 1702 420 έντδς
1717 387 1774 423 ἔχει
1785 387 1816 415 τδ
1828 387 1898 424 βρέ-

1107 445 1158 472 φος
1172 435 1261 472 αὐτῆς
1275 436 1305 463 ὲν
1318 435 1419 468 σκότει,
1436 435 1473 467 ὡς
1489 435 1587 467 εἰπεῖν,
1605 434 1654 461 καὶ
1677 433 1774 460 ὑλώδει
1794 433 1875 469 τόπῳ
1888 441 1897 449 ·

1107 482 1156 508 ἐὰν
1181 481 1210 509 δέ
1235 481 1326 517 συμϐῇ
1353 480 1445 507 λοιπδν
1468 479 1587 514 ἐξελθεῖν
1600 479 1631 506 τδ
1644 479 1750 506 παιδίον
1768 479 1797 505 ἰν
1809 479 1899 506 δέοντι

1107 527 1207 564 καιρῷ,
1225 527 1318 562 βλέπει
1334 526 1424 553 κτίσιν
1437 526 1608 562 καινοτέραν,
1621 526 1655 560 ἦν
1670 525 1798 552 οὐδέποτε
1813 522 1898 557 εῖδεν,

1106 572 1235 609 οὐρανοῦ,
1251 573 1298 600 καὶ
1313 572 1378 607 γῆς,
1391 572 1439 599 καὶ
1456 571 1534 606 ἡλίου
1548 580 1556 588 σ
1571 572 1619 598 καὶ
1631 571 1713 603 εὐθὺς
1725 571 1751 598 οἱ
1763 571 1835 605 φίλοι
1847 571 1899 597 καὶ

1109 619 1252 654 συγγενεῖς
1266 618 1352 654 ίλαρῷ
1367 617 1407 653 τῷ
1417 617 1557 654 προσώπῳ
1569 617 1692 652 δέχονται
1706 616 1773 644 αὐτὸ
1787 617 1828 647 είς
1848 616 1900 648 τὰς

1108 665 1232 700 ἀγκάλας
1248 672 1255 681 ·
1270 664 1319 691 ἐὰν
1335 663 1363 690 δδ
1378 664 1469 699 συμϐῇ
1484 663 1537 690 ὑπὸ
1554 663 1665 696 ἀταξίας
1676 663 1750 695 τινὸς
1772 662 1900 698 σπασθῆ-

1108 720 1153 739 ναι
1170 711 1244 738 ἔνδον
1256 710 1287 737 τὸ
1299 709 1407 737 παιδίον
1420 729 1428 743 ,
1443 710 1550 746 ἀνάγκη
1563 709 1657 736 λοιπδν
1677 710 1742 741 τοὺς
1755 710 1796 740 είς
1815 709 1900 736 τοῦτο

1108 755 1292 792 τεταγμένους
1308 756 1416 791 ίατροὺς
1431 754 1503 790 ξίφει
1526 754 1681 790 χρήσασθαι
1704 763 1712 771 ·
1733 755 1782 782 καὶ
1803 754 1899 781 λοιπὸν

1109 801 1268 837 εὑρίσκεται
1279 802 1310 828 τδ
1325 801 1432 828 παιδίον
1446 801 1500 828 ἀπὸ
1515 800 1632 828 θανάτου
1647 801 1686 832 είς
1707 800 1823 827 θάνατον
1843 809 1899 835 χω-

1110 846 1174 883 ροῦν
1185 867 1193 880 ,
1207 848 1255 874 καὶ
1270 847 1325 874 ἀπὸ
1340 847 1454 879 σκότους
1473 847 1513 879 είς
1530 846 1625 879 σκότος
1636 855 1644 863 ⁸
1668 846 1756 878 οὕτως
1777 845 1899 873 ἀνάλαϐε

1108 895 1156 921 καὶ
1167 895 1207 926 είς
1217 895 1248 921 τὸ
1263 894 1457 930 πνευματικόν.
1469 894 1546 921 Ὅσοι
1562 893 1726 925 ὑπεδέξαντο
1739 893 1785 919 τὸν
1796 892 1900 927 σπόρον

1107 941 1158 976 τῆς
1170 940 1309 977 θεότητος,
1320 937 1392 968 οὖτοι
1410 941 1534 975 ἀοράτως
1547 940 1656 975 ἔχουσιν
1670 939 1763 972 αὑτὸν,
1783 938 1832 965 καὶ
1854 937 1901 965 διὰ

1107 986 1157 1022 τὴν
1173 986 1297 1013 σύνοικον
1313 986 1451 1022 ἁμαρτίαν
1472 987 1501 1013 έν
1522 986 1670 1017 σκοτεινοῖς
1694 986 1742 1012 καὶ
1769 985 1900 1019 φοϐεροῖς

1107 1033 1200 1064 τόποις
1211 1032 1388 1068 κρύπτουσιν.
1403 1032 1468 1060 Ἐὰν
1478 1029 1525 1059 οὗν
1537 1031 1740 1066 ἀσφαλίσωνται
1760 1030 1876 1061 ἑαυτοὺς
1889 1049 1898 1063 ,

1108 1077 1156 1104 καὶ
1175 1078 1316 1112 τηρήσωσι
1341 1077 1372 1103 τὸ
1386 1077 1508 1112 σπέρμα,
1532 1074 1604 1104 οὗτοι
1629 1075 1667 1111 τῷ
1693 1075 1781 1102 δέοντι
1806 1074 1900 1109 καιρῷ

1109 1120 1314 1155 ἀναγεννῶντες
1332 1122 1372 1153 είς
1388 1121 1418 1148 τὺ
1435 1121 1563 1157 φανερὸν,
1583 1121 1630 1148 καὶ
1644 1120 1737 1147 λοιπδν
1749 1121 1778 1146 ὲν
1791 1121 1825 1155 τῇ
1841 1120 1901 1146 δια-

1108 1166 1184 1193 λύσει
1194 1166 1241 1193 τοῦ
1253 1166 1378 1201 σώματος
1387 1167 1410 1194 oi
1420 1166 1530 1201 ἄγγελοι
1544 1167 1591 1193 καὶ
1602 1166 1701 1197 πάντες
1712 1167 1737 1192 ot
1751 1165 1806 1193 ἀνω
1822 1163 1901 1200 χοροὶ

1110 1211 1212 1247 ἱλαροῖς
1237 1211 1394 1246 προσώποις
1420 1212 1615 1248 προσδέχονται
1645 1211 1755 1242 αὐτούς.
1779 1210 1845 1237 Ἐὰν
1869 1208 1900 1236 δὲ

1110 1257 1310 1293 ὑποδεξάμενος
1319 1258 1354 1285 τά
1362 1258 1432 1285 ὅπλα
1443 1258 1490 1285 τοῦ
1502 1258 1622 1293 Χριστοῦ
1639 1259 1680 1290 είς
1692 1257 1722 1284 τὸ
1743 1256 1900 1291 πολεμῆσαι

1110 1303 1242 1337 ἀνδρείως
1258 1303 1385 1338 χαυνωθῇ
1396 1322 1404 1335 ,
1429 1303 1531 1334 εὐθέως
1555 1304 1568 1329 ό
1583 1302 1703 1334 τοιοῦτος
1719 1300 1901 1337 παραδίδοται

1110 1348 1167 1379 τοῖς
1182 1347 1301 1382 ἐχθροῖς,
1319 1348 1366 1374 καὶ
1384 1348 1414 1375 ὲν
1433 1349 1467 1384 τῇ
1494 1348 1616 1374 διαλύσει
1638 1347 1685 1374 τοῦ
1704 1346 1830 1382 σώματος
1843 1345 1903 1372 ἀπὸ

1112 1393 1225 1425 σκότους
1243 1393 1290 1419 τοῦ
1311 1393 1359 1420 νῦν
1387 1394 1561 1429 περιέχοντος
1580 1393 1662 1420 αὐτὸν
1685 1394 1725 1426 είς
1742 1393 1806 1421 ἀλλο
1819 1394 1903 1430 χαλι-

1112 1437 1236 1474 πώτερον
1251 1439 1347 1471 σκότος
1357 1440 1442 1475 χωρεῖ
1455 1440 1501 1466 καὶ
1512 1439 1661 1467 ἀπώλειαν.

1148 1485 1195 1518 ς’.
1207 1485 1314 1521 Ὥσπερ
1324 1485 1352 1511 δὲ
1367 1485 1414 1512 ἐὰν
1458 1485 1621 1520 παράδεισος
1636 1484 1705 1520 ἔχων
1719 1484 1814 1520 δένδρα
1829 1493 1904 1520 καρ-

1113 1531 1230 1566 ποφόρα,
1258 1531 1306 1557 καὶ
1328 1530 1395 1558 ἀλλα
1425 1531 1495 1566 φυτὰ
1509 1531 1606 1565 εὐώδη,
1625 1530 1671 1557 καὶ
1684 1530 1753 1561 ὅλως
1809 1530 1903 1562 καλῶς

272 1582 323 1609 per
345 1574 436 1602 omnia
461 1573 532 1601 bene
559 1574 686 1602 excultus
709 1578 737 1602 et.
757 1578 918 1605 exornatus,
941 1574 1062 1602 munitus

1114 1577 1294 1613 είργασμένος
1313 1578 1360 1604 καὶ
1382 1576 1631 1612 πεφιλοκαλημένος
1643 1596 1650 1609 ,
1680 1576 1729 1612 ἔχῃ
1744 1576 1772 1603 δὲ
1788 1576 1833 1603 καὶ
1853 1585 1902 1612 μι-

273 1627 383 1654 quoque
401 1627 452 1654 pro
467 1620 549 1652 vallo,
560 1619 658 1655 exiguo
673 1620 778 1655 pariete
789 1624 969 1648 conservante
980 1628 1059 1654 eum;

274 1666 417 1700 contingat
434 1673 500 1693 vero
517 1665 631 1692 fluvium
650 1665 775 1700 rapidum
792 1666 847 1693 illic
862 1670 1060 1699 transcurrere,

274 1711 340 1738 licet
353 1711 490 1738 modicum
508 1719 585 1746 aqua;
602 1711 697 1739 allidat
713 1711 822 1746 parieti,
836 1712 989 1747 corrumpit
1001 1712 1063 1739 fun-

275 1757 445 1789 damentum.
470 1761 633 1792 sumptaque
661 1757 808 1786 eductione
846 1758 978 1793 paulatim
1004 1758 1062 1786 dis-

276 1803 374 1836 solvit,
405 1809 486 1838 atque
516 1804 626 1832 irruens
654 1804 776 1840 aliringit
798 1809 826 1832 et
848 1805 982 1840 exstirpat
1004 1813 1064 1833 om-

275 1855 325 1875 nes
349 1848 464 1883 plantas,
478 1853 506 1875 et
520 1848 676 1876 universam
699 1850 834 1877 culturam
848 1849 930 1881 delet,
956 1853 984 1877 et
1007 1853 1063 1877 ste-

275 1893 354 1920 rilem
368 1892 458 1920 reddit
470 1901 476 1919 :
488 1893 527 1920 sic
539 1900 648 1928 quoque
659 1900 687 1920 se
699 1893 782 1921 habet
793 1901 841 1921 cor
851 1894 989 1922 hominis:
1001 1901 1065 1929 pos-

275 1937 348 1964 sidet
374 1937 552 1973 cogitationes
575 1938 724 1970 honestas;
750 1939 972 1974 appropinquant
998 1947 1064 1967 vero

276 1981 352 2008 cordi
369 1987 503 2017 perpetuo
530 1986 558 2009 et
585 1982 661 2009 ﬂuvii
689 1984 830 2017 vitiorum,
848 1984 972 2012 volentes
996 1984 1062 2012 illud

276 2026 406 2062 dejicere,
424 2032 506 2062 atque
520 2028 548 2054 in
565 2036 642 2055 suam
663 2034 769 2063 partem
786 2030 955 2064 protrahere.
970 2030 1065 2065 Itaque

277 2073 299 2099 si
317 2073 397 2107 139
411 2074 520 2100 animus
535 2074 677 2108 paululum
697 2075 766 2103 levis
780 2075 878 2109 factus,
893 2076 1021 2103 illabatur
1036 2076 1064 2103 in

277 2117 399 2152 impurus
427 2119 624 2153 cogitationes,
651 2128 715 2148 ecce
744 2125 911 2156 acceperunt
933 2121 1064 2156 pabulum

277 2163 392 2198 spiritus
407 2164 521 2197 erroris,
535 2169 563 2192 et
578 2164 692 2200 ingressi
709 2172 869 2194 everterunt
891 2167 965 2195 illius
981 2174 1063 2194 orna-

277 2213 380 2242 menta,
394 2210 591 2245 exstinctisque
613 2211 694 2239 bonis
718 2212 930 2247 cogitationibus
944 2213 1063 2241 animam

277 2255 466 2283 devastarunt.

315 2301 370 2328 Vll.
381 2301 616 2334 Quemadmodum
634 2311 701 2331 vero
720 2304 817 2331 oculus
841 2304 965 2332 omnium
980 2313 1067 2332 mem-

278 2347 392 2375 brorum
408 2352 450 2375 est
465 2348 607 2381 minimus,
623 2354 651 2377 et
673 2350 731 2384 ipsa
748 2350 861 2385 pupilla,
883 2359 943 2386 qua
958 2355 1000 2378 est
1011 2351 1069 2379 exi-

277 2401 340 2427 gua,
359 2397 401 2421 est
425 2402 472 2422 vas
488 2394 584 2430 ingens
603 2404 610 2423 :
635 2396 758 2424 intuetur
770 2397 843 2424 enim
861 2405 916 2424 uno
929 2401 1068 2424 momento

279 2439 392 2472 cwlum,
407 2445 490 2472 astra,
507 2440 605 2474 solem,
626 2441 730 2475 lunam,
753 2442 847 2474 urbes,
863 2448 891 2470 et
905 2442 973 2470 alias
991 2449 1068 2470 crea-

279 2489 375 2512 turas:
394 2485 490 2513 eodem
516 2494 626 2522 quoque
653 2487 744 2520 modo,
773 2495 835 2522 qua:
861 2488 1070 2522 conspiciuntur

278 2538 336 2557 uno
351 2531 504 2566 eodemque
518 2538 668 2565 momento,
683 2533 711 2559 in
727 2533 772 2560 illa
787 2540 869 2568 parva
883 2533 985 2568 pupilla
997 2533 1069 2560 oculi

278 2575 435 2603 formantur
448 2582 475 2604 et
490 2577 657 2612 ellinguntur
669 2586 675 2604 :
686 2577 725 2604 sic
735 2585 844 2612 quoque
858 2585 886 2605 se
897 2585 975 2605 mens
988 2578 1071 2605 habet

280 2622 308 2648 in
324 2622 425 2650 corde:
443 2623 588 2658 ipsumque
601 2631 650 2651 eor
664 2629 706 2651 est
716 2632 763 2651 vas
777 2624 914 2659 quoddam
929 2624 1068 2659 exiguum,

280 2668 376 2703 ibique
391 2675 455 2697 sunt
472 2670 618 2703 dracones,
631 2670 668 2697 ibi
688 2671 792 2703 leones,
809 2671 846 2697 ibi
862 2679 1007 2698 venenosa:
1019 2671 1070 2698 be—

280 2715 349 2747 stiae,
363 2715 400 2743 ibi
418 2717 509 2743 cuncti
524 2717 655 2744 vitiorum
669 2717 790 2744 thesauri
804 2717 858 2744 :ibi
873 2724 983 2752 quoque
992 2724 1071 2751 aspe-

281 2768 319 2788 ra:
330 2766 358 2788 et
373 2762 519 2790 salebrosze
535 2763 596 2794 viae,
612 2763 650 2790 ibi
667 2762 835 2798 praecipitia:
860 2762 955 2789 itidem
982 2769 997 2789 e
1026 2761 1069 2788 di-

280 2812 373 2838 verso,
396 2806 434 2833 ibi
452 2812 493 2834 est
510 2808 592 2840 Deus,
617 2807 654 2835 ibi
677 2815 787 2842 quoque
803 2807 903 2842 angeli,
920 2805 957 2833 ibi
973 2806 1027 2834 vita
1043 2810 1071 2833 et

282 2856 409 2884 regnum,
423 2851 461 2879 ibi
476 2852 568 2879 lumen
583 2857 610 2880 et
623 2853 750 2887 apostoli,
767 2852 804 2879 ibi
822 2852 943 2879 thesauri
955 2852 1049 2888 gratia:
1062 2861 1068 2878 :

283 2894 323 2922 ibi
338 2901 402 2924 sunt
425 2897 527 2924 omnia.
540 2897 775 2931 Quemadmodum
802 2898 874 2926 enim
899 2902 942 2925 est
968 2897 1070 2925 nebula

1114 1622 1180 1658 κρὸν
1202 1623 1292 1657 τεῖχος
1313 1622 1374 1649 ἀντὶ
1398 1622 1523 1658 θριγγίου
1541 1622 1677 1657 φυλάσσον
1690 1622 1772 1649 αὐτόν
1783 1630 1791 1638 ·
1808 1621 1902 1658 συμϐῇ

1113 1667 1141 1694 δὲ
1156 1668 1214 1694 ἐκεῖ
1230 1667 1352 1702 ποταμὸν
1367 1668 1528 1703 όρμητιαῖον
1552 1667 1720 1703 διέρχεσθαι,
1749 1668 1774 1694 εί
1792 1668 1840 1694 καὶ
1856 1677 1904 1702 μι-

1113 1714 1179 1748 κρὸν
1193 1714 1240 1740 τοῦ
1258 1713 1354 1746 ὓδατος
1372 1714 1555 1750 προσκρούσει
1569 1713 1609 1749 τῷ
1623 1714 1707 1750 τοίχῳ
1718 1734 1726 1748 ,
1741 1714 1903 1750 ὑποφθείρει

1113 1759 1160 1786 τὸν
1174 1759 1310 1794 θεμέλιον,
1332 1759 1467 1795 λαμϐάνει
1500 1760 1623 1794 ἀγωγὴν,
1646 1760 1778 1787 καὶκατὰ
1803 1760 1903 1795 μικρὸν

1113 1803 1172 1831 λύει
1184 1805 1230 1832 τὸν
1243 1804 1378 1839 θεμέλιον,
1389 1805 1437 1832 καὶ
1451 1804 1578 1832 εἰσελθὼν
1594 1805 1753 1841 διαρρήσσει
1768 1805 1814 1832 καὶ
1825 1805 1904 1840 ἔκρι-

1115 1849 1156 1882 ζοῖ
1171 1850 1260 1877 πάντα
1269 1850 1304 1877 τὰ
1318 1850 1399 1884 φυτὰ,
1415 1850 1462 1877 καὶ
1476 1850 1540 1886 δλην
1558 1851 1607 1886 τὴν
1620 1850 1752 1886 ἐργασίαν
1765 1850 1902 1884 ἀφανίζει,

1114 1895 1162 1921 καὶ
1177 1894 1302 1930 ἄκαρπον
1327 1896 1421 1921 ποιεῖ’
1438 1894 1527 1927 οὓτως
1554 1896 1613 1922 ἐστὶ
1629 1895 1677 1922 καὶ
1690 1896 1708 1931 ἠ
1735 1895 1834 1930 καρδία
1855 1894 1903 1921 τοῦ

1113 1940 1162 1967 ἀνθ
1166 1940 1351 1976 ρώπου.¹Ἐχει
1361 1942 1424 1973 τοὺς
1438 1941 1586 1976 λογισμοὺς
1595 1942 1657 1973 τοὺς
1665 1941 1773 1975 καλοὺς,
1788 1940 1903 1975 πλησιά-

1115 1985 1192 2018 ζουσι
1206 1986 1235 2013 δὲ
1250 1987 1365 2013 πάντοτε
1380 1987 1427 2013 καὶ
1437 1987 1462 2013 oi
1475 1986 1592 2021 ποταμοὶ
1602 1987 1652 2022 τῆς
1665 1986 1763 2018 κακίας
1780 1987 1813 2021 τῇ
1833 1994 1903 2019 καρ-

1113 2031 1168 2067 δίᾳ,
1182 2031 1307 2063 θέλοντες
1321 2032 1407 2067 αὐτὴν
1421 2031 1584 2059 καταϐαλεῖν
1595 2033 1642 2059 καὶ
1656 2032 1733 2068 ῥίψαι
1747 2032 1786 2064 είς
1797 2032 1828 2058 τὸ
1838 2032 1903 2058 ἴδιον

1116 2076 1210 2112 μέρος,
1233 2076 1325 2104 λοιπὸν
1339 2075 1417 2114 έάνῇ
1435 2078 1533 2113 μικρὸν
1548 2077 1648 2112 κοῦφος
1665 2078 1680 2104 ό
1697 2078 1770 2110 νοῦς,
1788 2079 1835 2106 καὶ
1848 2078 1902 2115 ἠξῃ

1114 2122 1171 2153 τοῖς
1188 2121 1354 2157 ἀκαθάρτοις
1377 2122 1518 2158 λογισμοῖς
1531 2144 1538 2155 ,
1566 2123 1620 2150 ἰδοὺ
1645 2122 1741 2150 ἔλαϐον
1766 2123 1850 2158 νομὴν
1868 2125 1903 2150 τά

1115 2166 1258 2201 πνεύματα
1265 2167 1315 2202 τῆς
1327 2167 1441 2202 πλάνης,
1456 2168 1503 2194 καὶ
1519 2168 1644 2202 εἰσῆλθον
1658 2169 1706 2195 καὶ
1715 2168 1902 2203 κατέστρεψαν

1114 2211 1150 2238 τὰ
1168 2213 1226 2238 ἐκεῖ
1243 2212 1340 2248 κάλλη,
1364 2214 1500 2248 ἠφάνισαν
1515 2214 1580 2254 τοὺς
1601 2213 1721 2248 ἀγαθοὺς
1745 2213 1901 2249 λογισμοὺς,

1079 2260 1101 2288 D
1115 2255 1163 2282 καὶ
1174 2256 1327 2291 ἡρήμωσαν
1336 2257 1385 2292 τὴν
1397 2257 1496 2293 ψυχήν.

1154 2303 1192 2329 Z'.
1209 2302 1313 2338 Ὥσπερ
1327 2303 1401 2329 ἔστιν
1416 2304 1431 2330 ό
1450 2303 1588 2338 ὀφθαλμὸς
1603 2303 1701 2339 μικρδς
1721 2304 1787 2339 παρ’
1801 2303 1850 2330 ὅλα
1868 2304 1902 2330 τὰ

1119 2347 1200 2382 μέλη,
1223 2348 1271 2375 καὶ
1294 2348 1363 2383 αὐτὴ
1383 2348 1400 2384 ἡ
1427 2348 1495 2383 κόρη
1527 2349 1613 2384 μικρά
1642 2347 1720 2382 οὖσα,
1751 2348 1823 2384 μέγα
1844 2350 1902 2376 ἐστὶ

1120 2392 1218 2423 σκεῦος
1232 2400 1239 2408 ⁸
1255 2392 1348 2428 βλέπει
1358 2392 1412 2428 γὰρ
1427 2393 1473 2427 ὑφ’
1489 2393 1528 2425 ἓν,
1546 2393 1670 2428 οὐρανὸν,
1687 2394 1800 2430 ἀστέρα,
1816 2394 1901 2429 ἥλιον,

1120 2439 1245 2474 σελήνην,
1274 2439 1367 2471 πόλεις
1395 2440 1443 2465 καὶ
1467 2439 1535 2466 ἄλλα
1561 2440 1713 2475 κτίσμα-ια·
1734 2441 1837 2475 ὁμοίως
1856 2441 1903 2467 καὶ

1119 2485 1189 2511 αὺτά
1212 2485 1247 2512 τά
1261 2485 1389 2520 ὁρώμενα
1403 2485 1456 2512 ὑπὸ
1482 2485 1514 2512 τὸ
1537 2485 1576 2517 ἓν,
1595 2487 1628 2521 τῇ
1658 2487 1746 2521 μικρᾷ
1764 2487 1834 2522 κόρῃ
1856 2485 1902 2512 τοῦ

1119 2530 1259 2566 ὀφθαλμοῦ
1272 2531 1463 2566 ὲμμορφοῦται
1475 2531 1523 2559 καὶ
1532 2531 1735 2563 ἐνεικονίζεται·
1747 2531 1834 2563 οὕτως
1847 2532 1904 2558 ἐστὶ

1120 2576 1168 2602 καὶ
1175 2576 1190 2602 ό
1203 2575 1264 2607 νοῦς
1272 2577 1311 2608 είς
1320 2576 1368 2611 τὴν
1378 2577 1502 2612 καρδίαν.
1517 2577 1572 2603 Καὶ
1581 2577 1673 2612 αὺτὴὴ
1689 2577 1795 2612 καρδία,
1807 2577 1903 2612 μικρόν

1119 2630 1146 2648 τι
1153 2620 1249 2652 σκεῦός
1258 2622 1325 2653 ἐστι,
1339 2622 1387 2648 καὶ
1398 2623 1458 2649 ἐκεῖ
1466 2623 1491 2648 οἱ
1501 2622 1660 2657 δράκοντες,
1670 2623 1716 2649 καὶ
1727 2623 1786 2649 ἐκεῖ
1794 2623 1819 2648 οί
1830 2621 1904 2648 λέον-

1120 2675 1175 2699 τες,
1187 2668 1247 2694 ἐκεῖ
1253 2667 1286 2694 τὰ
1295 2667 1385 2694 ἰοϐόλα
1397 2667 1489 2703 θηρία,
1501 2669 1548 2694 καὶ
1555 2667 1611 2694 ὅλοι
1622 2668 1647 2694 οἱ
1658 2667 1790 2703 θησαυροὶ
1797 2669 1846 2702 τῆς
1857 2675 1904 2693 κα·
1920 2681 1927 2685 ι

1121 2713 1193 2745 κίαςι
1203 2713 1250 2740 καὶ
1260 2714 1318 2740 ἐκεῖ
1331 2714 1358 2740 at
1369 2715 1495 2749 τραχεῖαι
1511 2714 1559 2740 καὶ
1572 2713 1712 2748 ἀνώμαλοι
1724 2713 1788 2746 ὁδοὶ,
1803 2713 1862 2739 ἐκεῖ
1876 2712 1903 2738 αί

1122 2759 1262 2795 φάραγγες
1272 2768 1279 2774 ·
1293 2760 1393 2794 ὁμοίως
1407 2759 1489 2786 πάλιν
1502 2759 1560 2786 ἐκεῖ
1572 2761 1586 2786 ὁ
1599 2759 1675 2792 Θεδς,
1687 2760 1747 2786 ἐκεῖ
1759 2759 1807 2785 καὶ
1820 2758 1845 2784 oi
1856 2757 1905 2791 ἀγ-

1121 2805 1205 2840 γελοι,
1221 2806 1279 2832 ἐκεῖ
1291 2806 1307 2841 ὴ
1321 2805 1377 2841 ζωὴ
1393 2806 1440 2832 καὶ
1454 2806 1470 2840 ἡ
1488 2805 1621 2840 βασιλεία,
1634 2806 1692 2832 ἐκεῖ
1701 2805 1731 2832 τὸ
1749 2804 1807 2840 φῶς
1818 2804 1866 2830 καὶ
1879 2802 1903 2830 οἱ
1943 2837 1946 2839 _

1121 2850 1276 2883 ἀπόστολοι,
1294 2851 1353 2878 ἐκεῖ
1377 2851 1403 2878 οἱ
1429 2851 1561 2886 θησαυροὶ
1581 2851 1632 2886 τῆς
1656 2852 1783 2887 χάριτος,
1800 2849 1859 2877 ἐκεῖ
1872 2848 1905 2875 τὰ

1122 2897 1211 2925 πάντα
1226 2897 1310 2925 ἐστίν.
1324 2897 1431 2933 ’Ὠσπερ
1444 2897 1499 2933 γάρ
1514 2897 1590 2924 ἐστιν
1603 2897 1702 2933 ὀμίχλη
1725 2897 1766 2928 είς
1778 2895 1843 2923 ὅλον
1855 2892 1904 2920 τίεν
