2079 3152
205 142 259 178 777

801 146 986 178 HOMILUE.
1000 159 1036 166 --
1050 147 1144 179 ΗΟΜ.
1164 149 1274 181 XLIII.

1784 152 1837 185 778

206 197 372 233 οἰκουμένην
383 197 558 235 ἐπικειμένη,
577 199 624 227 καὶ
637 199 780 236 ἅνθρωπος
793 200 937 236 ἄνθρωπον
946 200 996 236 οὑχ

1053 209 1132 238 super
1157 203 1314 231 universam
1341 207 1440 233 terram
1456 208 1579 238 extensa,
1597 207 1625 233 et
1646 203 1729 232 homo
1749 205 1840 233 homi-

206 245 257 280 ὸρᾷ
269 252 277 260 θ
298 243 386 277 οὕτως
404 246 462 272 ἐστὶ
488 246 535 272 καὶ
548 245 578 272 τὺ
593 246 696 279 ζσκότος
716 245 763 273 τοῦ
785 246 883 278 αἰῶνος
901 246 997 274 τοῦτου

207 290 381 326 ἐπικείμενον
398 292 473 328 πάσῃ
487 294 519 328 τῇ
540 293 629 319 κτίσει
645 293 692 320 καὶ
706 293 781 329 πάσῃ
797 293 878 328 φύσει
893 293 999 329 ἀνθρώ-

207 345 259 363 που
278 336 332 364 ἀπὸ
344 337 395 372 τῆς
414 339 597 373 παραϐάσεως
613 345 620 352 ·
644 338 706 366 ὅθεν
728 339 952 375 ὲπισκιαζόμενοι
966 340 999 367 ὲκ

207 381 254 408 τοῦ
277 382 375 408 σκότου
398 383 427 408 ὲν
450 383 528 410 νυκτί
556 384 620 415 εἰσι,
638 384 685 410 καὶ
704 384 733 411 ὲν
758 385 885 420 φοσεροῖς
906 385 1000 417 τόποις

207 424 298 460 ἔχουσι
323 425 373 461 τὴν
399 426 558 463 διαγωγήν·
584 429 631 455 καὶ
654 428 749 465 ὥσπερ
766 429 873 457 καπνοῦ
896 430 1000 465 πλῆθός

209 472 283 499 ἐστιν
297 472 326 498 ἐν
344 473 411 509 οτκῳ
424 474 475 506 ἑνὶ,
500 473 588 506 οὕτως
610 475 668 502 ἐστὶ
680 477 728 503 καὶ
749 476 767 512 ἡ
787 477 908 513 ἁμαρτία
931 476 1001 512 μιτά

208 517 264 544 τῶν
286 518 419 553 ῥυπαρῶν
442 519 581 555 λογισμῶν
607 521 702 556 αὐτῆς,
731 522 936 558 ἐγκαθεζομένη
952 523 1001 550 καὶ

209 563 369 599 ὲφέρπουσα
393 565 434 596 εἰς
456 565 520 597 τοὺς
547 565 694 602 λογισμοὺς
717 567 767 602 τῆς
796 566 924 603 καρδίας,
954 568 1001 595 καὶ

209 609 324 645 ἄπειρον
339 610 440 646 πλῆθος
456 611 603 646 δαιμόνων.

245 655 395 691 Η’.”Ωσπερ
404 655 432 682 δὲ
445 657 475 683 ὲν
484 658 539 689 τοῖς
550 658 735 693 φαινομένοις,
746 668 866 696 πολεμου
883 669 1002 697 συγκρο-

210 701 355 735 τουμένου.
371 701 421 728 οὐκ
442 702 608 738 ἀπέρχονται
622 705 646 731 οί
665 705 743 740 σοφοὶ
770 706 818 733 καὶ
839 707 1003 742 μεγιστᾶνες

211 746 279 778 ὲκεϊ,
309 746 376 773 ἀλλά
403 747 565 783 φοϐούμενοι
594 749 639 775 τὸν
665 749 780 778 θάνατον
811 752 1002 787 ἀπομένουσι⁹

210 791 303 818 λοιπὸν
327 792 525 827 προϐάλλονται
558 795 583 820 οἰ
606 795 733 831 τίρωνες,
753 797 842 824 κα.ὶοί
873 797 1000 833 πένητες,

1050 255 1113 275 nem
1126 256 1181 276 non
1198 249 1289 283 videt;
1307 250 1347 278 sic
1363 258 1472 286 quoque
1504 255 1569 279 sunt
1595 250 1716 278 tenebrae
1745 251 1838 278 saeculi

1049 293 1132 328 hujus
1152 302 1279 329 expansa:
1295 302 1378 330 super
1394 303 1503 323 omnem
1517 300 1670 323 creaturam
1685 301 1713 323 et
1728 295 1838 322 univer-

1049 346 1110 366 sam
1127 343 1254 366 naturam
1263 339 1412 367 humanam
1425 348 1441 367 a
1454 345 1577 376 tempore
1592 340 1836 376 transgressionis;

1051 383 1124 411 unde
1141 383 1265 412 tenebris
1278 384 1360 412 oti‘usi
1382 389 1446 413 sunt
1467 385 1495 412 in
1510 391 1605 419 nocte,
1622 390 1650 413 et
1664 386 1691 413 in
1710 386 1840 413 formida-

1050 429 1154 458 biiibus
1167 430 1235 458 locis
1246 430 1330 459 vitam
1344 436 1438 467 agunt.
1450 432 1485 459 Et
1500 432 1731 467 quemadmodum
1742 440 1840 467 magna

1050 475 1119 503 fumi
1139 476 1218 511 copia
1228 481 1271 504 est
1284 478 1313 504 in
1329 476 1411 504 domo
1428 478 1577 513 quapiam;
1595 478 1635 506 sic
1648 485 1759 513 quoque
1776 485 1841 513 pec-

1050 525 1143 549 catum
1160 529 1222 549 cum
1236 522 1364 550 obscenis
1387 522 1601 559 cogitationibus
1620 524 1679 551 suis
1695 523 1796 551 insidet
1813 527 1842 550 et

1051 567 1139 602 serpit
1153 567 1180 595 in
1198 568 1379 604 cogitationes
1400 569 1503 603 cordis,
1518 574 1548 598 et
1568 569 1675 597 infinita
1692 567 1841 596 multitudo

1052 613 1218 642 daemonum.

1087 659 1157 687 Vlll.
1172 659 1251 688 Sicut
1273 667 1340 688 vero
1367 660 1394 687 in
1421 660 1505 688 rebus
1522 661 1666 689 oculorum
1687 663 1756 690 aciei
1773 663 1841 690 sub-

1049 705 1140 742 jectis,
1154 706 1226 733 bello
1246 706 1361 740 indicto,
1384 715 1439 735 non
1464 707 1678 742 proﬁciscuntur
1703 708 1842 743 sapientes

1052 754 1101 778 aut
1124 755 1265 786 magnates
1285 759 1330 784 eo,
1350 752 1410 784 sed,
1429 757 1545 780 mortem
1560 753 1752 787 formidantes,
1768 754 1842 782 domi

1053 800 1218 830 remanent;
1238 804 1305 832 ergo
1322 797 1501 832 proferuntur
1524 799 1639 832 tirones,
1655 808 1791 836 pauperes
1814 804 1844 828 ct

212 838 258 865 καὶ
271 839 295 864 οἰ
311 838 424 872 ἰδιῶται,
446 841 492 866 καὶ
512 841 658 876 συμϐαίνει
672 842 715 869 δτι
740 842 820 878 νίκην
836 843 1000 879 ἐργάζονται

1053 839 1147 868 idiota
1158 862 1166 873 ,
1185 845 1214 869 et
1237 841 1348 874 accidit,
1365 846 1395 869 ut
1409 843 1525 871 victoria
1540 849 1696 880 comparata
1710 845 1844 873 adversus

211 884 282 910 κατά
305 884 359 911 τῶν
376 886 527 920 πολεμίων,
550 888 598 913 καὶ
619 888 764 916 διώκουσιν
778 889 877 922 αὐτοὺς
894 891 927 916 ὲκ
947 890 1002 917 τῶν

1053 885 1156 918 hostes.
1172 890 1376 921 persequantur
1385 896 1433 916 eos
1444 893 1521 916 extra
1537 890 1640 918 limites
1654 898 1751 925 usque.
1761 895 1845 926 atque

213 929 306 964 ὁρίων,
324 931 370 957 καὶ
386 930 420 958 τά
442 931 565 959 ἐπινίκια
579 933 628 959 καὶ
654 933 716 965 τοὺς
734 934 884 969 στεφάνους
899 934 1003 970 λαμϐά-

210 985 301 1003 νουσιν
315 977 368 1003 ἀπὸ
382 977 429 1004 τοῦ
442 977 584 1013 βασιλέως,
607 980 653 1006 καὶ
667 979 794 1015 ἔρχονται
807 981 847 1012 εἰς
859 981 1002 1016 προκοπὰς

211 1022 258 1049 καὶ
282 1023 436 1059 ἀξιώματα,
461 1025 584 1053 κάκεῖνοι
608 1028 632 1053 οἱ
650 1027 763 1062 μεγάλοι
782 1027 872 1055 ὀπίσω
894 1027 1000 1055 τούτων

211 1068 393 1104 εὑρίσκονται·
403 1070 489 1103 οὕτως
501 1072 559 1098 ἐστὶ
569 1073 653 1099 καὶτὸ
664 1073 747 1109 μέρος
758 1073 790 1101 τὸ
803 1074 999 1109 πνευματικόν.

212 1115 243 1140 01.
257 1115 359 1142 ἰδιῶται
372 1116 517 1149 ἀκούοντες
536 1118 565 1150 ἐξ
583 1118 670 1154 ἀρχῆς
681 1119 727 1147 τὸν
746 1119 837 1154 λόγον,
858 1119 1002 1155 φιλαλήθει

210 1160 334 1196 λογισμῷ
357 1162 387 1188 τὺ
403 1162 483 1198 ἔργον
511 1163 593 1190 αὑτοῦ
622 1164 740 1198 ποιοῦσι,
765 1166 812 1192 καὶ¹
828 1165 1000 1200 λαμϐάνουσι

211 1205 287 1240 παρά
299 1205 367 1232 Θεοῦ
391 1207 441 1242 τὴν
466 1208 547 1243 χάριν
564 1209 611 1235 τοῦ
636 1209 800 1245 Πνεῦματος
813 1218 820 1225 ·
840 1210 866 1237 οι
881 1210 910 1236 δὲ
923 1210 1003 1245 σοφοὶ

212 1251 259 1276 καὶ
275 1250 380 1283 λεπτῶς
398 1251 543 1287 ζητοῦντες
554 1253 599 1279 τὸν
612 1253 702 1289 λόγον,
719 1251 792 1281 οὗτοι
809 1254 940 1290 φεύγουσι
955 1254 1002 1281 τδν

212 1295 342 1330 πόλεμον,
360 1296 407 1324 καὶ
427 1297 457 1323 οὐ
477 1299 677 1333 προκόπτουσι,
698 1299 745 1327 καὶ
760 1299 849 1327 ὀπίσω
863 1299 1003 1335 εὑρίσκον-

211 1349 257 1369 ται
272 1341 326 1368 τῶν
342 1341 555 1377 πολεμησάντων
571 1344 618 1370 καὶ
632 1344 816 1380 νικησάντων.

247 1387 286 1414 8'.
309 1387 415 1423 Ὠσπερ
427 1388 455 1414 δὲ
469 1389 492 1416 ot
510 1388 606 1425 ἄνεμοι
627 1390 751 1426 σφοδρῶς
767 1391 894 1425 πνέοντες
913 1393 1003 1420 πάντα

212 1432 248 1459 τά
261 1433 398 1466 κτίσματα
415 1434 450 1460 τά
467 1434 519 1461 ὑπὸ
533 1435 588 1462 τῶν
607 1436 732 1472 οὐρανῶν
748 1437 866 1471 κινοῦσι,
876 1438 923 1465 καὶ
934 1436 1002 1474 ἦχον

213 1476 298 1503 πολὺν
323 1477 520 1505 ἀποτελοῦσιν·
547 1478 634 1511 οὕτως
656 1483 673 1516 ἡ
696 1480 811 1518 δύναμις
836 1482 884 1509 τοῦ
903 1482 1003 1519 ἐχθροῦ

214 1523 309 1558 κρούει
325 1523 372 1551 καὶ
392 1523 470 1559 φέρει
487 1525 550 1557 τοὺς
574 1526 733 1562 λογισμοὺς,
761 1528 809 1555 καὶ
833 1528 941 1557 σαλεύει
969 1530 1003 1556 τὰ

216 1568 285 1604 βάθη
303 1570 352 1604 τῆς
372 1570 486 1606 καρδίας
500 1571 569 1606 πρὸς
595 1572 625 1598 τὺ
642 1572 740 1600 ἑαυτοῦ
755 1573 873 1610 θέλημα,
893 1576 941 1602 καὶ
963 1577 1004 1609 εἰς

215 1616 264 1651 τὴν
290 1616 429 1644 διακονίαν
459 1618 544 1645 αὐτοῦ
573 1619 717 1655 σκορπίζει
753 1622 818 1654 τοὺς
845 1622 1003 1659 λογισμούς.

215 1660 321 1696 Ὠτπερ
337 1661 405 1688 εἰσὶν
422 1663 446 1688 οἰ
463 1662 579 1690 τελῶναι
600 1664 780 1700 καθεζόμενοι
791 1666 832 1699 εἰς
846 1667 896 1700 τὰς
908 1668 1006 1701 στενὰς

215 1707 302 1739 ὁδοὺς,
319 1707 366 1733 καὶ
382 1708 542 1743 κατέχοντες
557 1709 620 1742 τοὺς
647 1711 797 1746 παριόντας
812 1712 860 1739 καὶ
875 1713 1007 1741 διασείον-

216 1761 262 1784 τες
275 1773 281 1784 ,
299 1753 384 1785 οὕτως
399 1754 445 1780 καὶ
458 1754 482 1780 οἱ
493 1755 621 1790 δαίμονες
632 1756 793 1792 ὲπιτηροῦσι
805 1758 853 1785 καὶ
861 1759 1006 1795 κατέχουσι

216 1799 266 1830 τὰς
280 1799 380 1834 ψυχὰς,
398 1800 446 1826 καὶ
457 1802 485 1826 ὲν
497 1800 536 1836 τῷ
551 1801 711 1836 ὲξέρχεσθαι
727 1803 813 1836 αὑτὰς
835 1805 869 1831 ὲκ
886 1805 935 1832 τοῦ
950 1805 1005 1833 σώ-

219 1853 313 1879 ματος,
331 1845 378 1872 ὲάν
399 1846 437 1881 μὴ
453 1846 565 1879 τελείως
590 1847 804 1883 καθαρισθῶσιν,
828 1850 879 1877 οὐκ
893 1850 1006 1887 ἀπιτρέ-

216 1897 312 1916 πονται
336 1891 457 1917 ἀνελθεῖν
477 1892 516 1923 εἰς
544 1891 594 1923 τὰς
623 1892 708 1927 μονὰς
726 1893 774 1921 τοῦ
798 1894 925 1931 οὐρανοῦ,
958 1897 1007 1923 καὶ

216 1936 373 1971 ἀπαντῆσαι
393 1937 432 1973 τῷ
446 1938 569 1974 Δεσπότῃ
594 1939 702 1966 αὐτῶν·
724 1941 928 1976 καταφέρονται
952 1942 1007 1978 γὰρ

216 1982 269 2009 ὑπὸ
287 1983 343 2010 τῶν
368 1984 469 2019 ἀερίων
498 1985 644 2019 δαιμόνων.
665 1986 697 2012 υἱ
719 1986 749 2013 δὲ
776 1987 946 2023 ὑπάρχοντες
976 1989 1006 2015 ὲν

219 2030 312 2065 σαρκὶ,
343 2029 383 2056 ἔτι
410 2030 454 2056 διά
485 2030 566 2057 πόνου
598 2031 644 2057 καὶ
668 2031 775 2066 ἀγῶνος
799 2032 897 2059 πολλοῦ
912 2032 962 2068 τὴν
977 2032 1008 2065 ἐξ

216 2075 299 2110 ὕψους
315 2077 391 2111 παρά
403 2076 506 2112 Κυρίου
522 2077 669 2112 κτήσονται
699 2078 781 2113 χάριν
792 2086 800 2095 ·
815 2078 917 2115 δηλαδὴ
932 2075 1007 2106 οὗτοι

217 2122 287 2157 μετά
306 2122 360 2149 τῶν
385 2123 418 2149 δι’
447 2123 576 2158 ἐναρέτου
597 2124 836 2159 ἀναπαυσαμένων
856 2125 1006 2160 πολιτείας,

217 2168 285 2203 πρὸς
300 2169 345 2195 τὸν
358 2168 461 2204 Κύριον
473 2169 680 2203 ἀπελεύσονται,
705 2170 796 2202 καθὼς
810 2171 1006 2211 ἐπηγγείλατο,

1051 932 1174 961 victoriae
1201 933 1323 974 praemiis
1348 941 1381 961 ac
1412 936 1521 963 coronis
1538 944 1553 963 a
1569 944 1633 971 rege
1658 938 1789 972 acceptis.
1809 938 1845 965 ad

1052 978 1202 1014 dignitates
1216 983 1245 1007 et
1259 979 1397 1008 honorum
1419 981 1522 1016 gradus
1546 986 1781 1017 promoveantur;
1804 983 1845 1010 illi

1052 1031 1120 1051 vero
1134 1024 1224 1060 magni
1240 1024 1321 1060 longe
1340 1025 1375 1053 ab
1389 1026 1489 1054 horum
1505 1031 1582 1062 tergo
1596 1026 1789 1062 reperiuntur:
1805 1028 1846 1055 sic

1052 1076 1163 1105 quoque
1178 1077 1207 1098 se
1229 1077 1274 1098 res
1296 1070 1381 1098 habet
1394 1071 1556 1106 spiritualis.
1568 1072 1662 1100 Rudes
1676 1080 1708 1101 ac
1732 1073 1845 1108 plebeii,

1053 1117 1197 1146 audientes
1205 1117 1285 1145 initio
1295 1119 1409 1147 verbum
1417 1118 1553 1151 veritatis,
1566 1120 1668 1147 amanti
1680 1119 1846 1155 cogitatione

1052 1170 1123 1198 opus
1145 1163 1205 1199 ejus
1230 1163 1431 1198 perﬁciunt,et
1446 1164 1587 1199 accipiunt
1611 1173 1627 1192 a
1651 1166 1707 1193 Deo
1729 1165 1846 1201 gratiam

1053 1208 1193 1244 Spiritus;
1217 1210 1356 1244 sapientes
1377 1217 1454 1241 vero.
1468 1214 1497 1237 et
1511 1210 1559 1245 qui
1579 1210 1761 1238 subtilitatem
1785 1219 1847 1238 ver-

1052 1254 1153 1283 borum
1164 1255 1319 1289 requirunt.
1331 1254 1359 1282 hi
1371 1254 1481 1290 fugiunt
1491 1254 1604 1287 bellum,
1619 1262 1671 1282 nec
1685 1255 1845 1290 proﬁciunt,

1052 1300 1101 1329 sed
1114 1300 1285 1335 posteriores
1299 1300 1479 1328 inveniuntur
1501 1300 1535 1328 iis
1557 1300 1606 1335 qui
1622 1300 1697 1328 bello
1710 1305 1788 1336 gesto
1803 1301 1847 1328 vi-

1053 1346 1170 1375 ctoriam
1185 1349 1372 1381 reportarunt.

1092 1390 1139 1419 IX.
1151 1390 1390 1424 Quemadmodum
1398 1397 1465 1418 vero
1476 1390 1552 1417 venti
1562 1389 1741 1417 vehementer
1751 1389 1848 1416 ﬂantes

1053 1444 1152 1465 omnes
1163 1440 1305 1464 creaturas
1331 1443 1393 1471 quae
1410 1439 1475 1464 sunt
1488 1435 1539 1463 sub
1556 1435 1645 1468 ccelis,
1660 1439 1847 1465 commovent,

1054 1487 1138 1517 atque
1159 1489 1258 1511 sonum
1274 1481 1413 1517 ingentem
1436 1481 1541 1514 edunt;
1557 1481 1597 1509 sic
1610 1481 1734 1516 potentia
1760 1481 1849 1509 hostis

1017 1543 1039 1573 α
1055 1529 1156 1565 pulsat,
1169 1528 1224 1556 fert
1237 1527 1431 1564 cogitationes,
1448 1531 1531 1563 atque
1544 1527 1630 1563 agitat
1644 1526 1779 1573 profunda
1791 1534 1852 1554 cor-

1056 1575 1100 1603 dis
1112 1581 1162 1609 pro
1178 1581 1229 1602 suo
1241 1574 1327 1609 ipsius
1343 1574 1444 1606 lubitu,
1465 1577 1494 1601 et
1512 1573 1540 1601 in
1554 1572 1738 1600 ministerium
1751 1573 1793 1600 sui
1805 1572 1849 1600 di-

1056 1617 1162 1654 spergit
1177 1618 1370 1654 cogitationes.
1390 1617 1468 1647 Sicut
1486 1615 1627 1653 publicani
1651 1617 1747 1645 sedent
1772 1617 1850 1652 juxta

1055 1666 1115 1694 vias
1131 1671 1270 1702 angustas,
1285 1670 1313 1694 et
1324 1666 1446 1694 retinent
1459 1670 1542 1701 atque
1559 1666 1723 1693 concutiunt
1734 1670 1850 1701 praeter-

1056 1717 1155 1741 euntes
1167 1722 1174 1740 :
1184 1713 1224 1741 sic
1243 1720 1355 1748 quoque
1368 1712 1508 1740 daemones
1519 1712 1671 1741 observant
1683 1716 1712 1740 et
1721 1711 1851 1739 detinent

1057 1761 1174 1794 animas,
1191 1765 1220 1789 et
1234 1760 1299 1788 dum
1323 1760 1463 1788 decedunt
1481 1768 1521 1788 exe
1540 1768 1556 1788 e
1573 1768 1702 1796 corpore,
1718 1760 1773 1788 nisi
1786 1768 1851 1795 pcr-

1056 1807 1129 1835 fecte
1143 1806 1246 1834 fuerint
1263 1811 1430 1841 expurgatae,
1447 1814 1502 1834 non
1517 1807 1683 1841 permittunt
1694 1807 1736 1834 eis
1751 1814 1849 1834 ascen-

1057 1852 1125 1880 dere
1138 1852 1173 1879 ad
1188 1852 1346 1879 mansiones
1357 1851 1431 1884 cmli,
1444 1855 1473 1879 et
1490 1858 1638 1879 occurrere
1649 1852 1766 1879 Domino
1781 1860 1849 1880 suo:

1057 1903 1221 1927 evertuntur
1246 1899 1320 1926 enim
1345 1898 1379 1926 ab
1402 1897 1487 1926 aeriis
1507 1897 1690 1925 daemonibus.
1716 1897 1768 1931 Qui
1785 1906 1852 1926 vero
1901 1895 1908 1900 “

1057 1948 1204 1973 versantur
1219 1944 1248 1972 in
1264 1952 1358 1977 carne,
1378 1944 1564 1972 nihilominus
1587 1951 1695 1971 summo
1711 1943 1805 1970 labore
1820 1950 1852 1970 ac

1058 1991 1209 2020 certamine
1224 1998 1373 2026 supernam
1389 1998 1405 2018 a
1419 1990 1536 2018 Domino
1558 1993 1764 2025 consequentur
1791 1996 1853 2025 gra-

1058 2035 1144 2064 tiam:
1161 2041 1261 2069 nempe
1277 2033 1306 2063 hi
1325 2041 1388 2061 cum
1404 2033 1469 2067 illis,
1482 2034 1530 2070 qui
1545 2041 1595 2068 per
1609 2033 1754 2061 honestam
1771 2033 1852 2068 quic-

1058 2083 1159 2108 verunt
1178 2079 1428 2112 conversationem,
1448 2079 1483 2107 ad
1506 2079 1653 2107 Dominum
1675 2078 1853 2114 proﬁciscen-

1059 2130 1114 2158 tur,
1131 2129 1161 2153 ut
1176 2125 1315 2160 pollicitus
1333 2129 1392 2153 est:
1412 2125 1460 2153 Ubi
1476 2134 1535 2152 sum
1550 2133 1607 2160 ego,
1625 2124 1681 2153 illic
1695 2128 1720 2151 et
1732 2125 1852 2152 minister

1059 2181 1132 2200 meus
1148 2173 1242 2206 erit";
1258 2176 1287 2200 et
1301 2180 1352 2208 per
1366 2172 1474 2200 inﬁnita
1495 2172 1594 2200 saecula
1613 2172 1769 2208 regnabunt
1788 2179 1852 2199 cum

217 2215 310 2242 Ὅπου
318 2215 376 2250 εἰμί
390 2214 458 2250 ἐγὼ,
474 2215 540 2242 ἐκεῖ
548 2216 596 2243 καί
613 2218 629 2243 d
639 2215 779 2250 διάκονος
793 2218 810 2244 ὀ
821 2217 894 2252 ἐμὸς
908 2218 1003 2245 ἔσταν

1060 2218 1141 2246 Patre
1155 2222 1184 2246 et
1201 2218 1281 2251 Filio,
1298 2223 1325 2246 et
1340 2218 1445 2254 Spiritu
1461 2222 1570 2252 sancto,
1588 2225 1665 2249 nunc
1685 2221 1714 2246 et
1732 2225 1853 2254 semper,

217 2261 266 2288 καὶ
286 2262 326 2293 εἰς
340 2262 403 2293 τοὺς
428 2262 599 2297 ἀπεράντους
627 2264 730 2295 αἰῶνας
760 2263 1007 2300 συμϐασιλεύσουσι

216 2307 254 2341 τῷ
269 2307 366 2342 Πατρὶ,
383 2308 429 2334 καὶ
449 2308 513 2343 Υἱῷ,
528 2309 575 2336 καί
588 2309 658 2345 ἁγίῳ
672 2309 822 2345 Πνεύματι,
835 2309 884 2338 νῦν
899 2311 947 2338 καὶ
960 2311 1007 2338 ἀεὶ

215 2353 262 2379 καὶ
280 2354 320 2385 εἰς
335 2354 397 2385 τοὺς
411 2354 513 2386 αἰῶνας
524 2355 579 2382 τῶν
596 2354 713 2382 αἰώνων.
731 2356 829 2392 Ἀμήν.

500 2412 622 2439 OMIAIA
656 2413 723 2439 MA'.

216 2456 310 2494 Ilo/ar
334 2457 369 2494 ἐν
390 2457 535 2494 ἀνθρῶπῳ
557 2458 724 2494 Χριστιανῷ
750 2459 925 2494 μεταϐολὴν
954 2461 1004 2488 καί.

249 2491 443 2531 ᾀνακέιίνιᾳιν
457 2493 648 2531 ἀπεργάζεται
667 2495 683 2521 δ
706 2491 844 2529 Χρὶστὸς,
860 2496 878 2522 ό
894 2491 932 2523 τὰ
949 2495 1005 2531 τῆς

250 2527 355 2561 ψυχῆς
372 2527 450 2561 πάθη
464 2529 513 2555 καί
528 2529 642 2562 νόσους
657 2527 856 2564 θεραὶτεύσὰς.

249 2584 289 2611 A’.
313 2584 342 2611 '0
354 2585 573 2620 προσερχόμενος
593 2585 631 2620 τῷ
642 2585 714 2621 Θεῷ,
730 2586 779 2614 καὶ
795 2587 916 2623 Χριστοῦ
932 2589 1005 2624 πάρ-

216 2630 291 2665 εδρος
320 2631 350 2657 ὲν
385 2631 501 2666 ἀληθεία
519 2631 591 2658 θέλει
616 2629 700 2666 εἶναι,
730 2632 829 2660 τούτου
852 2634 934 2670 χάριν
959 2635 1006 2662 τοῦ

217 2675 320 2703 σκοποῦ
340 2676 445 2711 ὀφείλει
461 2677 663 2712 προσέρχεσθαι
684 2677 733 2705 τοῦ
747 2678 901 2715 ἀλλαγῆναι
914 2680 1006 2715 αὐτὸν,

217 2722 264 2749 καὶ
281 2723 487 2758 μεταϐληθῆναι
508 2724 563 2751 ἀπὺ
583 2723 633 2758 τῆς
660 2724 798 2760 προτέρας
814 2727 1008 2758 καταστάσεως

218 2767 268 2796 καὶ
293 2769 481 2805 ἀναστροφῆς,
499 2770 547 2797 καὶ
571 2769 653 2798 καλὸν
670 2770 718 2798 καὶ
744 2770 838 2799 καινὸν
863 2772 1007 2808 ἄνθρωπον

265 2858 289 2875 ⁷⁵
302 2858 381 2888 Joau.
394 2867 441 2893 xu,
455 2860 499 2889 26.

1057 2268 1086 2292 et
1100 2263 1130 2292 in
1144 2264 1244 2293 simula
1263 2263 1441 2295 saeculorum.
1452 2263 1552 2294 Amen.

1290 2413 1373 2450 ιω
1384 2412 1527 2441 nouum
1542 2412 1634 2442 xuv.

1060 2460 1195 2493 Quantam
1213 2459 1241 2487 in
1254 2459 1359 2486 homine
1377 2458 1529 2486 Christiano
1549 2458 1723 2485 mutationem
1736 2462 1762 2485 et
1779 2466 1854 2485 reno-

1095 2497 1229 2523 uationem
1247 2494 1329 2529 faciat
1348 2493 1478 2527 Christus,
1491 2493 1537 2529 qui
1550 2493 1648 2520 animt:
1659 2494 1806 2529 affectiones
1822 2503 1853 2521 ac

1097 2531 1200 2558 morbos
1212 2529 1329 2557 sanavit.

1098 2587 1119 2615 l.
1137 2586 1190 2621 Qui
1215 2586 1321 2614 accedit
1342 2585 1376 2613 ad
1390 2586 1487 2618 Deum,
1505 2589 1533 2613 et
1553 2585 1655 2613 Christi
1673 2593 1794 2614 assessor
1810 2595 1854 2614 rc-

1059 2641 1124 2662 vera
1142 2640 1203 2661 esse
1226 2632 1376 2665 desiderat,
1400 2632 1483 2667 hujus
1508 2631 1585 2667 scopi
1608 2631 1694 2667 gratia
1720 2632 1854 2660 accedere

1060 2680 1152 2711 debet.
1165 2683 1196 2706 ut
1208 2681 1386 2706 convertatur
1397 2677 1466 2712 ipse,
1480 2681 1509 2705 et
1522 2681 1722 2704 transmutelur
1736 2685 1751 2704 a
1767 2678 1853 2713 priori

1059 2729 1134 2754 statu
1147 2729 1174 2753 et
1187 2723 1406 2754 conversatione,
1422 2730 1456 2750 ac
1468 2722 1571 2750 bonum
1598 2726 1626 2750 et
1650 2730 1751 2751 novum
1768 2723 1855 2751 homi-

1061 2778 1125 2801 nem
1144 2770 1327 2804 demonstret,
1343 2770 1390 2805 qui
1405 2768 1474 2798 uihil
1489 2768 1593 2797 veteris
1610 2768 1731 2798 hominis
1745 2773 1852 2807 gestet:
