2076 3151
240 143 297 176 779

864 146 895 177 S.
916 144 1076 176 MACARII
1095 144 1257 176 EGYPTII

1819 147 1874 181 780

239 198 272 226 Si
292 199 352 233 quia
366 200 453 232 enim,
478 200 578 236 inquit,
599 201 627 227 in
642 198 757 232 Christo,
779 207 846 227 nava
866 201 1034 228 creatura".

1089 201 1292 237 ἀποδειχθῆναι,
1333 203 1417 238 μηδέν
1444 212 1471 231 τι
1497 202 1544 231 τοῦ
1583 203 1701 232 παλαιοῦ
1729 204 1876 241 ανθρώπου

240 245 376 274 nominus
388 246 462 274 enim
479 251 574 274 noster
589 246 670 274 Jesus
685 246 812 274 Christus
826 251 972 282 propterea
988 254 1036 275 ve-

241 293 294 325 nit,
306 297 337 320 ut
353 296 479 320 naturam
496 296 682 326 converteret,
698 298 819 321 mutaret
831 297 860 320 et
877 299 1034 327 renovaret,

241 345 324 376 atque
338 348 447 368 rursum
462 341 596 369 conderet
611 341 730 369 animam
757 342 828 369 hanc
853 350 978 370 eversam
993 342 1035 370 al“-

241 387 409 415 fectionibus
433 392 547 422 propter
571 389 830 424 transgressionem,
852 389 1036 417 commiscens

241 432 366 460 eamdem
384 440 447 460 cum
469 440 520 460 suo
538 433 644 468 Spiritu
661 434 767 461 divino.
781 434 885 462 Novam
902 439 1034 469 mentem,

242 485 343 505 novam
358 478 490 511 animam,
504 486 591 506 novos
608 479 714 513 oculos,
730 487 816 507 novas
829 484 922 513 auras,
935 487 1036 508 novam

241 527 373 562 linguam'
393 526 579 562 spiritualem,
594 531 622 555 et
642 532 674 555 ut
695 528 809 556 omnino
831 529 931 563 dicam,
948 537 1036 557 novos

243 572 369 600 homines
387 572 534 600 credentes
552 573 578 600 ei
590 576 622 599 ut
635 572 768 606 elﬁceret,
782 574 868 607 venit,
885 582 934 602 seu
950 582 1036 603 novos

242 623 330 650 utres,
352 625 459 653 ungens
477 625 526 645 eos
548 625 599 646 suo
621 618 709 654 ipsius
730 620 835 648 lumine
858 621 1034 656 cognitionis,

242 668 274 691 ut
298 663 457 690 infunderet
479 663 575 691 vinum
600 672 720 698 novum,
749 666 823 700 quod
846 670 889 694 est
915 666 1037 702 Spiritus

242 710 312 744 ejus.
327 709 421 737 Vinum
433 709 518 742 enim,
531 710 580 744 ait,
596 719 692 738 nasum
705 712 732 738 in
750 716 824 739 utres
839 720 917 740 novos
931 713 1036 740 mitten-

243 754 306 781 dum
315 754 348 781 “.

279 895 312 922 ll.
329 895 568 929 Quemadmodum
587 898 662 926 enim
679 898 767 927 hostis
783 905 881 928 nactus
897 900 1038 928 hominem

245 941 298 968 sibi
314 942 501 977 subiugatum,
510 951 574 971 eum
587 952 690 972 novum
709 945 736 972 in
748 946 791 974 sui
807 947 921 982 gratiam
933 945 1038 978 ell‘ecit.

243 987 407 1022 vitiosisque
448 988 644 1018 affectionibus
685 991 919 1019 circumvolutum
960 992 1039 1019 unxit

245 1034 346 1067 spiritu
360 1035 477 1068 peccati,
497 1043 528 1063 ac
543 1036 638 1064 vinum
651 1037 742 1065 omnis
761 1037 916 1073 iniquitatis
933 1042 961 1066 et
973 1046 1038 1075 pra-

243 1087 286 1107 vae
296 1079 428 1109 doctrinae
441 1080 470 1108 in
481 1089 545 1110 eum
565 1082 679 1110 immisit
691 1092 698 1111 :
715 1083 756 1112 sic
769 1091 879 1119 quoque
893 1085 1037 1118 Dominus,

244 1133 308 1154 curn
325 1125 486 1154 redemisset
500 1134 564 1155 eum
583 1127 618 1155 ab
640 1128 730 1162 hoste,
748 1137 850 1157 novum
873 1131 1036 1158 constituit:

244 1179 364 1206 eumque
378 1171 504 1200 unxisset
516 1180 569 1201 suo
583 1174 672 1209 ipsius
685 1175 799 1209 Spiritu,
815 1175 912 1203 vinum
926 1183 1037 1211 quoque

242 1217 308 1245 vita:
325 1222 354 1245 et
370 1225 469 1246 novam
493 1218 612 1254 Spiritus
625 1220 780 1248 doctrinam
801 1221 830 1248 in
845 1228 907 1248 eum
924 1221 1035 1249 infudit.

242 1261 296 1295 Qui
316 1263 391 1291 enim
406 1264 524 1292 mutavit
535 1269 663 1293 naturam
680 1266 803 1302 quinque
820 1274 922 1302 panum
938 1268 966 1295 in
988 1275 1037 1295 na-

242 1311 331 1336 turam
347 1310 536 1338 multitudinis
547 1331 555 1344 ,
577 1315 606 1339 et
619 1316 724 1340 naturae
737 1312 808 1340 asini
825 1313 932 1340 ratione
949 1313 1036 1340 desti-

241 1356 310 1381 tutae
327 1361 423 1382 vocem
441 1355 528 1388 dedit,
540 1360 570 1384 et
581 1357 755 1385 meretricem
773 1357 808 1385 ad
826 1359 1036 1394 temperantiam

242 1400 393 1433 convertit,
409 1405 438 1428 et
452 1401 534 1437 ignis,
549 1401 685 1430 adurendi
707 1403 744 1430 vi‘
759 1403 879 1439 praediti,
908 1409 1035 1434 naturam

241 1446 276 1473 ad
297 1447 453 1482 irrigandos
479 1455 526 1475 eos
543 1448 591 1483 qui
612 1453 694 1476 erant
720 1449 748 1476 in
773 1450 883 1478 camino
907 1451 1034 1480 idoneam

241 1492 380 1526 reddidit,
401 1497 429 1521 et
447 1497 574 1522 naturam
600 1494 711 1522 leonum
736 1496 888 1531 agrestium
913 1497 1034 1526 ferarum

1088 248 1298 284 ἐπιφερόμενον.
1310 250 1348 277 El
1360 259 1406 283 τις
1418 251 1484 287 γὰρ,
1498 251 1592 287 φησιν,
1602 251 1637 278 ἐν
1646 250 1774 285 Χριστῷ,
1787 251 1876 286 καινὴ

1088 294 1198 328 κτίσις.
1211 295 1267 322 Καὶ
1277 295 1332 331 γὰρ
1343 296 1357 323 ό
1371 296 1474 332 Κύριος
1486 296 1564 331 ἡμῶν
1583 292 1688 332 Ἰησοῦς
1700 296 1819 332 Χριστὸς
1833 296 1878 323 διὰ

1087 339 1169 366 τοῦτο
1193 341 1395 376 παραγέγονεν,
1418 341 1489 368 ὥστε
1513 342 1566 377 τὴν
1593 341 1675 377 φύσιν
1700 341 1815 374 ἀλλάξαι
1831 342 1878 369 καὶ

1091 386 1255 422 μεταϐαλεῖν
1270 387 1318 414 καὶ
1334 388 1519 421 ἀνακαινίσαι,
1532 388 1580 415 καὶ
1594 388 1751 417 ἀνακτίσαι.
1760 388 1810 424 τὴν
1823 388 1877 423 ψυ-

1089 432 1140 469 χὴν
1166 433 1268 469 ταύτην
1295 433 1346 470 τὴν
1373 434 1622 470 κατεστραμμένην
1643 435 1700 466 τοῖς
1720 434 1819 461 πάθεσι
1833 434 1878 461 διὰ

1089 480 1140 516 τὴν
1156 480 1324 514 παράϐασιν,
1357 480 1477 515 κεράσας
1489 480 1529 516 τῷ
1554 480 1613 516 ίδίῳ
1637 481 1721 508 αὐτοῦ
1737 480 1878 515 Πνεύματι

1088 527 1138 561 τῆς
1154 526 1290 562 θεότητος.
1315 527 1418 554 nam
1440 526 1514 558 νοῦν,
1530 527 1578 554 καὶ
1597 527 1694 562 καινὴν
1713 526 1814 562 ψυχὴν,
1830 526 1878 553 καὶ

1087 573 1199 604 καινοὺς
1229 572 1396 608 ὀφθαλμοὺς,
1428 572 1511 599 καινά
1535 569 1603 605 ὦτα,
1632 572 1729 608 καινὴν
1753 571 1878 606 γλῶτταν

1089 618 1290 655 πνευματικὴν,
1319 619 1367 646 καὶ
1389 618 1560 652 ἁπαξαπλῶς
1586 618 1696 650 καινοὺς
1716 618 1878 654 ἀνθρώπους

1087 665 1152 697 τοὺς
1170 665 1353 697 πιστεύοντας
1375 665 1449 701 αὐτῷ
1467 663 1550 701 ἦλθεν
1575 664 1798 700 ἀπεργάσασθαι,
1817 665 1878 700 ἦτοι

1087 713 1198 743 καινοὺς
1211 712 1323 745 ἀσκοὺς,
1341 712 1440 748 χρίσας
1455 711 1554 743 αὐτοὺς
1568 710 1608 746 τῷ
1629 710 1726 737 ἑαυτοῦ
1742 709 1812 744 φωτὶ
1827 709 1878 744 τῆς

1086 758 1227 793 γνώσεως,
1242 758 1286 785 ἵνα
1310 757 1451 795 μεταϐάλῃ
1469 757 1528 785 νέον
1541 755 1624 788 οἶνον,
1640 757 1654 784 ὅ
1670 757 1729 783 ἐστι
1750 755 1781 783 τὸ
1794 755 1878 782 Πνεῦ-

1089 812 1127 839 μα
1156 803 1250 831 αὐτοῦ.
1283 801 1374 830 οἶνον
1395 803 1462 839 γὰρ,
1494 802 1571 839 φησὶ,
1597 801 1670 830 νέον
1690 803 1734 836 εις
1762 800 1880 834 ἀσκοὺς

1089 849 1214 884 καινοὺς
1222 849 1368 884 βλητέον.

1127 896 1164 923 B'.
1193 896 1300 931 Ὥσπερ
1313 894 1368 930 γὰρ
1396 895 1411 922 δ
1427 895 1524 930 ἐχθρὸς
1546 894 1637 922 λαϐὼν
1663 893 1709 921 τδν
1735 893 1879 929 ἄνθρωπον

1095 941 1263 977 ὑποχείριον,
1300 941 1392 968 καινὸν
1417 940 1504 974 αὐτδνξ
1527 941 1567 972 εἰς
1594 939 1689 967 ἑαυτὸν
1719 939 1877 976 εἰργάσατο,

1090 988 1192 1015 πάθεσι
1212 987 1313 1019 κακίας
1329 986 1496 1022 περιϐαλὼν,
1510 986 1557 1013 καὶ
1572 986 1672 1022 χρίσας
1684 984 1723 1020 τῷ
1740 984 1878 1020 πνεύματι

1089 1034 1139 1068 τῆς
1163 1033 1313 1069 ἁμαρτίας,
1335 1033 1381 1060 τὸν
1405 1029 1477 1060 οῐνον
1500 1033 1552 1068 τῆς
1572 1031 1689 1067 ἀνομίας
1709 1031 1799 1066 πάσης
1830 1029 1879 1057 καὶ

1091 1080 1191 1113 κακίας
1206 1079 1381 1111 διδασκαλίας
1407 1079 1537 1106 ἐνέϐαλεν
1556 1079 1596 1110 εἰς
1607 1078 1688 1105 αὐτόν
1701 1086 1708 1094 ο
1724 1077 1811 1109 οὕτως
1831 1077 1878 1104 καὶ

1089 1128 1104 1154 ὀ
1119 1127 1221 1162 Κύριος
1237 1127 1447 1162 λυτρωσάμενος
1464 1126 1546 1153 αὑτὸν
1561 1125 1615 1152 ἀπὸ
1629 1124 1676 1152 τοῦ
1691 1124 1799 1160 ἐχθροῦ,
1815 1132 1878 1151 και-

1088 1171 1134 1199 νὸν
1147 1172 1353 1207 ἀπειργάσατο·
1373 1170 1471 1207 χρίσας
1488 1169 1527 1206 τῷ
1545 1169 1644 1197 ἑαυτοῦ
1660 1169 1811 1204 Πνεύματι,
1827 1168 1877 1196 καὶ

1088 1218 1134 1245 τδν
1160 1218 1212 1253 τῆς
1238 1217 1313 1253 ζωῆς
1334 1215 1417 1250 οἶνον,
1449 1216 1499 1252 τὴν
1524 1216 1622 1252 καινὴν
1648 1215 1696 1242 τοῦ
1717 1214 1877 1250 Πνεύματος

1088 1264 1265 1292 διδασκαλίαν
1290 1264 1330 1295 είς
1355 1263 1437 1290 αὑτὸν
1452 1263 1571 1299 ἐνέχεεν.
1593 1262 1622 1289 '0
1638 1261 1693 1298 γὰρ
1714 1259 1876 1297 μεταϐαλὼν

1087 1311 1136 1346 τὴν
1151 1310 1233 1345 φύσιν
1248 1309 1302 1336 τῶν
1313 1309 1394 1336 πέντε
1406 1309 1498 1344 ἀρτων
1519 1309 1560 1340 είς
1577 1308 1658 1342 φύσιν
1674 1307 1805 1342 πλήθους,
1827 1307 1877 1334 καὶ

1088 1356 1170 1391 φύσει
1185 1355 1246 1383 ὖνου
1258 1355 1349 1391 ἀλόγῳ
1359 1355 1422 1386 δοὺς
1444 1354 1547 1390 φωνὴν,
1576 1353 1625 1380 καὶ
1648 1352 1697 1389 τὴν
1712 1353 1816 1387 πόρνην
1835 1352 1880 1383 είςι

1088 1403 1267 1438 σωφροσύνην
1298 1401 1502 1437 μεταστρέψας,
1526 1400 1575 1427 καὶ
1592 1399 1679 1435 πυρὸς
1705 1398 1786 1433 φύσιν
1809 1407 1877 1425 καυ-

1088 1448 1182 1476 στικοῦ
1197 1447 1332 1484 δροσίζειν
1354 1447 1417 1480 τοὺς
1430 1448 1459 1475 ὲν
1471 1448 1505 1483 τῇ
1527 1446 1636 1482 καμίνῳ
1651 1445 1876 1481 παρασκευάσας,

1087 1495 1135 1522 καὶ
1152 1494 1235 1529 φύσιν
1250 1493 1367 1520 λεόντων
1390 1493 1496 1529 ἀγρίων
1518 1493 1622 1529 θηρίων
1639 1491 1677 1527 τῷ
1694 1491 1794 1526 Δανιὴλ
1808 1491 1878 1526 ἡμε-

240 1544 355 1575 propter
378 1540 520 1568 Danielem
537 1542 738 1577 mansuefecit,
754 1543 800 1571 hic
816 1552 927 1580 quoque
945 1550 1035 1581 potest

1088 1540 1192 1576 ρώσας,
1210 1536 1288 1571 οὗτος
1311 1539 1423 1566 δύναται
1451 1539 1500 1565 καὶ
1522 1538 1571 1574 τὴν
1589 1536 1744 1573 ψυχὴνιτὴν
1771 1536 1877 1572 ἔρημον

239 1586 359 1625 animam
372 1586 510 1614 desertam
529 1591 559 1615 et
577 1593 715 1623 agrestem
732 1597 748 1616 a
762 1595 876 1625 peccato
896 1591 1034 1625 ell'ectam,

241 1624 403 1660 convertere
429 1633 457 1661 in
483 1641 561 1661 suam
577 1634 664 1670 ipsius
683 1634 846 1669 bonitatem,
860 1637 1035 1666 clementiam

239 1683 268 1707 et
281 1687 388 1714 pacem,
407 1680 511 1715 Spiritu
531 1681 723 1716 promissionis
736 1687 831 1710 sancto
842 1688 870 1711 et
885 1683 989 1712 divino.

274 1725 320 1753 lll.
332 1726 453 1755 Perinde
466 1727 541 1754 enim
556 1735 589 1755 ac
603 1732 698 1762 pastor
711 1729 864 1757 scabiosam
885 1737 964 1758 ovem
985 1739 1035 1766 po-

239 1775 294 1798 test
308 1779 418 1805 curare,
432 1777 461 1800 et
473 1780 489 1800 a
503 1773 576 1808 lupis
599 1774 751 1808 custodire,
772 1776 869 1803 eodem
887 1777 971 1804 modo
987 1785 1035 1804 ve-

239 1823 288 1844 rus
298 1822 392 1852 pastor
410 1817 540 1846 Christus
556 1820 672 1847 veniens
686 1821 762 1849 solus
784 1822 874 1856 potuit
892 1830 989 1851 curare
1006 1827 1035 1851 et

239 1867 402 1891 convertere
417 1864 554 1898 perditam
568 1869 595 1892 et
609 1865 763 1894 scabiosam
778 1875 869 1900 ovem,
880 1868 1033 1903 hominem,

238 1916 254 1936 a
268 1909 362 1936 scabie
378 1913 406 1937 et
421 1910 496 1945 lepra
516 1911 633 1946 peccati.
645 1912 755 1941 Priores
771 1913 846 1941 enim
862 1915 1032 1950 sacerdotes,

239 1953 341 1982 Levita.-
353 1960 437 1990 atque
454 1956 588 1991 magistri,
605 1965 661 1985 non
674 1963 825 1993 potuerunt
850 1967 949 1988 sanare
975 1962 1035 1989 ani-

238 2009 311 2028 mam
333 2001 521 2030 oblationibus
539 2011 684 2031 munerum
710 2009 737 2032 et
762 2005 971 2039 sacriliciorum,
992 2012 1034 2035 at-

1087 1587 1135 1614 καὶ
1155 1585 1340 1622 ἀγριωθεῖσαν
1357 1585 1411 1612 ἀπὸ
1425 1585 1475 1620 τῆς
1500 1583 1638 1620 ἁμαρτίας
1655 1582 1816 1619 μεταϐαλεῖν
1835 1583 1879 1615 εἰς-

1085 1632 1134 1668 τὴν
1152 1631 1250 1658 ἑαυτοῦ
1268 1631 1434 1667 ἀγαθότητα,
1446 1631 1493 1658 καὶ
1505 1631 1690 1667 χρηστότητα,
1707 1629 1754 1657 καὶ
1764 1629 1882 1665 εἰρήνην

1084 1680 1125 1716 τῷ
1143 1679 1284 1715 Πνεύματι
1302 1679 1352 1715 τῆς
1366 1678 1535 1713 ἐπαγγελίας
1549 1676 1589 1713 τῷ
1606 1676 1677 1713 ἁγίῳ
1690 1676 1738 1703 καὶ
1751 1674 1857 1710 ἀγαθῷ.

1121 1726 1158 1754 Γ’.
1177 1727 1225 1753 Ὃν
1238 1726 1293 1761 γάρ
1315 1725 1418 1761 τρόπον
1441 1725 1546 1760 ποιμὴν
1569 1723 1599 1750 τὸ
1614 1722 1726 1759 ψωριῶν
1740 1721 1881 1758 πρόϐατον,

1085 1772 1198 1799 δύναται
1212 1770 1392 1807 θεραπεῦσαι,
1407 1770 1455 1798 καὶ
1467 1770 1521 1797 ἀπὸ
1534 1769 1625 1796 λύκων
1638 1767 1755 1804 φυλάξαι
1766 1775 1774 1783 ·
1784 1766 1877 1794 ὡσαύ-

1085 1827 1139 1849 τως
1158 1820 1172 1845 ὁ
1193 1817 1320 1854 ἀληθινὸς
1335 1817 1438 1853 ποιμὴν
1453 1816 1572 1853 Χριστὸς
1599 1814 1696 1854 ἐλθὼν,
1711 1814 1792 1850 μόνος
1812 1813 1878 1848 ἠδυη

1086 1865 1154 1901 νήθη
1167 1863 1348 1901 θεραπεῦσαι,
1363 1863 1411 1891 καὶ
1433 1863 1598 1899 ἐπιστρέψαι
1622 1862 1653 1889 ἰδ
1673 1860 1813 1892 ἀπολωλὸς
1828 1859 1878 1886 καὶ

1085 1911 1197 1948 ψωμῶν
1218 1911 1367 1948 πρόϐατον,
1393 1909 1440 1937 τδν
1469 1907 1691 1945 ἀνθρωπον,ἁπὸ
1707 1907 1756 1942 τῆς
1781 1905 1877 1941 ψώρας

1085 1959 1133 1986 καὶ
1147 1959 1250 1994 λέπρας
1264 1958 1314 1992 τῆς
1336 1956 1487 1992 ἁμαρτίας.
1509 1956 1541 1982 Ui
1560 1955 1615 1990 γὰρ
1639 1953 1704 1990 πρὶν
1729 1953 1812 1988 ἱερεῖς
1828 1951 1877 1978 καὶ

1084 2003 1198 2032 Λευῖται
1214 2004 1262 2030 καὶ
1274 2003 1432 2030 διδάσκαλοι
1444 2002 1496 2029 οὐκ
1509 2001 1685 2037 ἠδυνήθησαν
1707 1998 1876 2035 θεραπεῦσαι

237 2054 292 2080 que
319 2048 531 2082 aspersionibus
553 2049 708 2083 sanguinis,
730 2058 792 2078 cum
816 2059 869 2079 nec
904 2060 933 2080 se
959 2053 1034 2088 ipsos

1087 2051 1134 2087 τὴν
1146 2051 1237 2087 ψυχὴν
1251 2051 1312 2082 ταῖς
1328 2049 1500 2085 προσφοραῖς
1520 2048 1575 2075 τῶν
1593 2046 1687 2083 δώρων
1699 2046 1746 2073 καὶ
1762 2044 1874 2077 θυσιῶν,

237 2091 382 2126 potuerint
399 2099 514 2125 curare;
541 2093 643 2120 etenim
665 2094 716 2128 ipsi
737 2103 848 2130 quoque
872 2096 1033 2126 inlirmitate

1087 2099 1134 2126 καὶ
1151 2098 1311 2134 ραντισμοῖς
1325 2098 1455 2132 αἳματος,
1475 2095 1576 2129 ὅπουγε
1591 2093 1653 2120 οὐδὲ
1664 2093 1763 2124 αὐτοὺς
1778 2092 1877 2127 ⁴ἠδυνή-

237 2141 318 2165 erant
330 2137 433 2169 amicti.
446 2138 504 2166 Non
521 2139 589 2166 enim
602 2144 696 2175 potest,
711 2140 814 2176 inquit,
822 2145 931 2179 sanguis
943 2149 1034 2172 tauro-

1087 2145 1171 2180 θησαν
1190 2144 1360 2180 θεραπεῦσαι
1373 2151 1381 2158 ·
1397 2142 1446 2169 καὶ
1462 2141 1518 2178 γὰρ
1533 2140 1611 2168 αὐτόὶ
1627 2139 1769 2167 ἀσθένειαν
1797 2146 1876 2174 περι-

238 2193 298 2211 rum
323 2189 347 2211 et
363 2185 495 2222 hircorum
520 2186 625 2221 auferre
642 2191 748 2222 peccata
757 2189 791 2216 ".
813 2189 945 2218 Dominus
965 2199 1032 2219 vero

1087 2191 1199 2218 ἔκειντο.
1223 2190 1383 2218 Ἀδύνατον
1398 2190 1465 2225 γὰρ,
1493 2188 1585 2223 φησὶν,
1602 2184 1674 2222 αἷμα
1696 2185 1812 2220 ταύρων
1824 2183 1876 2210 καὶ

238 2229 318 2261 dixit,
345 2233 565 2258 commonstrans
597 2230 784 2260 inﬁrmitatem
814 2238 871 2260 tum
900 2235 1032 2270 temporis

1087 2235 1202 2271 τράγων
1224 2235 1350 2270 ἀφελεῖν
1375 2234 1533 2269 ἁμαρτίαν.
1554 2233 1585 2260 '0
1608 2232 1637 2259 δὲ
1662 2230 1764 2266 Κύριος
1785 2229 1874 2263 ἔλεγε,

237 2275 408 2302 medicorum
419 2284 426 2302 :
439 2275 552 2303 Omnino
561 2277 651 2305 dicetis
662 2279 726 2306 mihi
734 2280 803 2307 hanc
814 2280 1032 2310 similitudinem:

1087 2282 1190 2313 δεικνὺς
1208 2281 1258 2317 τὴν
1285 2280 1431 2307 ἀσθένειαν
1455 2279 1511 2306 τῶν
1538 2279 1601 2305 τότε
1621 2276 1734 2313 ίατρῶν,
1752 2275 1876 2308 Πάντως

236 2321 347 2354 Medico,
362 2330 427 2349 cura
445 2326 469 2348 te
489 2323 616 2358 ipsum".
633 2324 686 2352 Pro
705 2332 756 2352 eo:
772 2325 831 2353 Non
845 2335 904 2354 sum
929 2335 976 2363 ego
1003 2333 1032 2354 ut

1087 2328 1177 2363 ἐρεῖτέ
1186 2336 1239 2363 μοι
1257 2327 1316 2361 τὴν
1332 2325 1510 2360 παραϐολὴν
1533 2325 1658 2358 ταύτην,
1675 2322 1776 2358 Ἰατρὲ.
1790 2320 1876 2356 θερά-

236 2367 287 2400 illi,
301 2369 347 2403 qut'
362 2376 409 2394 nec
421 2376 449 2395 se
465 2368 535 2404 ipsos
550 2374 660 2404 possunt
681 2379 786 2398 curare.
801 2371 858 2407 Ego
874 2380 934 2400 sum
949 2381 1032 2401 verus

1087 2382 1201 2402 πευσον
1210 2374 1342 2402 σεαυτόν
1358 2381 1365 2388 ·
1385 2373 1446 2399 ἀντὶ
1460 2371 1519 2404 τοῦ,
1531 2372 1592 2399 Οὐκ
1603 2370 1662 2406 ειμὶ
1676 2370 1733 2405 ἐγὼ
1744 2370 1784 2402 ὡς
1798 2368 1876 2396 ἐκεῖ·

237 2413 374 2446 medicus,
388 2417 416 2441 et
429 2413 520 2441 bonus
531 2419 635 2449 pastor,
649 2415 696 2450 qui
712 2424 784 2451 pono
799 2418 917 2444 animam
941 2426 1031 2446 meam

1087 2430 1140 2454 νοι,
1152 2422 1180 2448 οὶ
1187 2421 1264 2456 μήτε
1274 2420 1403 2452 ἑαυτοὺς
1413 2418 1576 2453 δυνάμενοι
1588 2416 1781 2451 θεραπεῦσαι.
1805 2413 1876 2447 Ἐγώ

236 2465 289 2494 pro
301 2458 411 2491 ovibus,
423 2458 470 2494 qui
487 2467 599 2494 possunt
619 2468 718 2489 curare
735 2470 848 2490 omnem
864 2463 992 2491 morbum
1004 2469 1032 2492 et

1087 2467 1140 2502 είμι
1150 2468 1164 2493 ὁ
1181 2465 1309 2502 ἀληθινὸς
1324 2465 1427 2501 ἰατρὸς,
1443 2464 1490 2491 καὶ
1503 2463 1585 2495 καλὸς
1598 2461 1711 2498 ποιμὴν,
1728 2461 1743 2487 ὁ
1755 2460 1812 2492 θεὶς
1825 2460 1875 2495 τὴν

235 2514 346 2534 omnem
364 2507 582 2536 imbecillitatem
591 2508 700 2537 animae.
710 2509 766 2545 Ego
781 2517 841 2539 sum
857 2511 1030 2541 immaculata

1087 2513 1172 2548 ψυχήν
1186 2521 1237 2548 μου
1258 2512 1328 2549 όπὲρ
1339 2511 1395 2537 τῶν
1418 2510 1573 2546 προϐάτων,
1595 2509 1609 2536 ὁ
1628 2509 1776 2543 δυνάμενος
1792 2506 1876 2541 θερα-

235 2555 306 2587 ovis,
321 2563 381 2590 quae
397 2555 483 2583 semei
499 2556 591 2584 oblata
608 2561 660 2590 cst,
678 2562 705 2584 et
715 2557 763 2592 qui
777 2558 913 2585 accedunt
929 2559 962 2586 ad
976 2567 1029 2593 me,

1087 2559 1178 2586 πεύειν
1208 2559 1300 2585 πᾶσαν
1317 2558 1406 2589 νόσον,
1435 2558 1481 2583 καὶ
1497 2558 1587 2583 πᾶσαν
1615 2555 1752 2591 μαλακίαν
1764 2552 1854 2589 ψυχῆς
1866 2560 1874 2567 ·

233 2607 283 2627 cos
305 2607 417 2636 possum
435 2609 542 2629 curare.
565 2602 634 2630 Vera
658 2603 732 2630 enim
756 2604 860 2631 sanitas
877 2612 892 2631 a
913 2605 1030 2632 Domino

1087 2604 1139 2640 ἐγώ
1153 2606 1212 2639 εἰμι
1231 2604 1261 2630 τὺ
1274 2604 1389 2639 ἄμωμον
1403 2602 1551 2638 πρόϐατον,
1561 2601 1591 2629 τὸ
1600 2600 1674 2633 ἅπαξ
1682 2598 1874 2636 προσενεχθὲν,

234 2645 295 2673 solo
313 2644 508 2680 proﬁciscitur.
533 2646 600 2674 Ecce
621 2648 707 2680 enim,
738 2649 838 2684 inquit,
858 2651 948 2686 Agnus
969 2651 1028 2684 Dei,

234 2691 279 2726 qui
293 2691 361 2719 tollit
375 2697 483 2728 peccata
495 2693 619 2720 mundi"
633 2694 748 2722 :anima:
763 2696 894 2724 nimirum
911 2697 1027 2726 creden-

233 2735 270 2762 tis
288 2735 325 2767 ci.
344 2741 372 2764 et
388 2737 528 2773 diligentis
545 2746 608 2765 eum
625 2746 660 2766 ex
676 2743 734 2767 toto
748 2740 841 2769 corde.

1082 2652 1129 2679 καὶ
1149 2652 1213 2683 τοὺς
1231 2651 1293 2686 ἐμοὶ
1312 2649 1551 2686 προσερχομένους
1571 2648 1720 2682 δυνάμενος
1736 2644 1874 2682 θεραπεῦ-

1083 2707 1138 2725 σαι.
1159 2697 1192 2723 Ἦ
1208 2698 1261 2732 γὰρ
1280 2696 1395 2732 ἀληθινὴ
1418 2696 1490 2727 ῐασις
1514 2694 1564 2729 τῆς
1583 2693 1673 2729 ψυχῆς
1689 2692 1752 2742 ἀπὸ
1768 2690 1873 2742 ίὶυρίομ

1083 2745 1164 2781 μόνου
1179 2743 1303 2778 γίνεται·
1333 2741 1410 2770 Ἰδοὺ
1436 2741 1500 2777 γὰρ,
1529 2741 1621 2776 φησὶν,
1648 2740 1664 2766 ὀ
1689 2738 1795 2773 ’Δμνὸς
1817 2738 1873 2764 τοῦ

235 2783 310 2809 Θεοῦ
335 2785 352 2811 ὀ
376 2784 469 2818 αἴρων
494 2785 553 2819 τὴν
570 2786 719 2820 ἁμαρτίαν
748 2788 802 2816 τοῦ
833 2790 960 2826 κόσμου,
979 2793 1028 2829 τῆς
1046 2793 1135 2830 ψυχῆς
1169 2792 1291 2828 δηλονότι
1317 2791 1502 2825 πιστευσάσης
1522 2788 1607 2824 αὐτῷ,
1636 2789 1684 2815 καὶ
1718 2786 1872 2822 ἀγαπώσης

234 2831 314 2858 eam
327 2831 357 2864 ἐξ
369 2832 433 2868 ὅλης
445 2834 568 2870 καρδίας.

282 2892 304 2909 ’³
318 2892 341 2922 ﬂ
362 2891 457 2928 Conv,
476 2895 517 2922 l7.
557 2896 579 2913 ⁷³
596 2896 692 2926 Matth.
706 2907 742 2933 rx,
755 2899 798 2927 Π.

850 2902 871 2918 ⁷³
892 2901 976 2930 llcbr.
993 2911 1018 2937 τ,
1039 2903 1064 2930 ι.
1102 2903 1125 2920 ⁷⁸
1145 2902 1212 2930 Luc.
1227 2909 1263 2936 iv,
1277 2901 1322 2929 25.

1363 2900 1384 2915 ⁷⁷
1396 2894 1479 2927 Ἱοαη.
1498 2907 1516 2932 ι,
1533 2898 1578 2925 29.
