2076 3151
202 141 253 175 ’181

791 141 972 172 HOMILIIE.
985 154 1019 160 -
1029 142 1121 173 ΗΟΜ.
1136 142 1237 173 XLIV.

1777 140 1833 174 782

237 202 275 228 Δ’.
293 198 324 225 '0
337 198 442 234 ποιμὴν
461 197 552 226 ¹τοίνυν
567 199 582 225 6
594 198 676 230 καλὸς
692 197 722 225 τὸ
735 197 846 233 ψωριῶν
859 198 997 233 πρόϐατον

1085 198 1162 235 14],
1179 200 1224 227 ιν,
1249 198 1345 227 Pastor
1365 207 1432 236 ergo
1460 199 1551 227 bonus
1572 199 1726 228 scabiosum
1750 206 1832 227 ovem

204 244 360 280 θεραπεύει.
375 244 514 280 Πρόῦατον
528 244 556 270 δὲ
571 243 706 279 πρόϐατον
718 243 888 278 θεραπεῦσαι
903 244 934 270 οὐ
949 243 994 270 δύ-

203 300 295 319 ναται.
314 291 369 318 Καὶ
386 290 411 317 εἰ
432 291 469 325 μὴ
485 289 641 324 θεραπευθῇ
656 290 687 316 τὸ
697 289 805 323 λογικὸν
816 288 962 324 πρόϐατον,
980 289 994 315 ὁ

204 337 358 372 ἄνθρωπος,
373 337 414 367 είς
431 335 592 370 Ἐκκλησίαν
601 336 705 370 Κυρίου
713 336 763 370 τὴν
776 336 937 370 ἐπουράνιον
945 335 996 361 οὐκ

209 384 374 419 εἰσέρχεται.
394 383 487 414 Οὕτως
508 382 563 417 γὰρ
578 383 623 408 καὶ
647 383 676 408 ὲν
689 382 728 417 τῷ
739 382 813 417 νόμῳ
830 382 939 417 εἴρηται
952 382 995 409 διὰ

210 429 290 460 σκιᾶς
304 429 352 455 καὶ
364 428 468 459 εἰκόνος
482 436 489 443 '
510 429 574 462 περὶ
597 428 652 463 γὰρ
670 427 718 454 τοῦ
738 427 852 462 λεπροῦ,
873 427 920 453 καὶ
939 427 995 461 μῶ-

207 483 257 510 μον
274 474 392 509 ἔχοντος,
409 473 495 500 ταῦτα
518 473 668 500 αξνίσσεται
686 472 788 508 μηνύον
812 472 844 498 τὸ
863 471 994 505 Πνεῦμα·

210 520 337 554 Λοκρὸς,
354 519 448 554 φησὶν,
463 519 483 552 ἢ
495 518 600 553 μῶμον
612 519 700 552 ἔχων,
714 518 770 545 οὐκ
791 518 996 544 εἰσελεύσεται

206 567 249 598 είς
264 565 449 597 Ἐκκλησίαν
459 563 670 598 Κυρίου.Ἀλλὰ
688 561 839 597 προσέταξε
852 561 892 597 τῷ
903 562 996 596 λεπρῷ

208 610 379 644 ἀπέρχεσθαι
400 609 467 643 πρὸς
480 609 526 635 τὸν
545 608 632 643 ἱερέα,
647 608 693 634 καὶ
715 607 887 642 παρακλήσει
912 607 996 641 πολλῇ

209 655 286 689 ἄγειν
310 655 392 680 αὑτὸν
405 654 446 685 εἰς
466 654 511 680 τὸν
540 651 614 679 οἶκον
640 653 691 687 τῆς
712 653 817 687 σκηνῆς
840 651 934 685 αὑτοῦ,
950 652 998 678 καὶ

210 700 361 727 ἐπιτιθέναι
389 699 439 731 τὰς
463 701 558 734 χεῖρας
578 698 660 725 αὑτοῦ
675 699 722 724 ἐπὶ
744 698 793 733 τὴν
816 697 930 733 λέπραν,
947 706 997 732 ση-

212 746 374 781 μειούμενον
396 745 442 772 τὸν
463 746 546 772 τόπον
572 746 621 780 τῆς
637 744 710 780 ἁφῆς
737 745 788 779 τῆς
811 744 925 779 λέπρας,
951 743 998 770 καὶ

210 792 383 828 θεραπεύειν.
404 791 456 818 Τὸν
474 791 555 819 αὑτὸν
578 791 680 826 τρόπον
695 790 743 817 καὶ
764 790 882 824 Χριστὸς
899 791 913 816 ὀ
930 789 997 824 ἀλη-

211 838 259 873 θὴς
275 838 418 873 ἀρχιερεὺς
434 836 488 863 τῶν
515 836 666 871 μελλόντων
687 835 799 870 ἀγαθῶν
811 837 871 868 ταῖς
889 835 996 870 λεπρώ-

211 893 271 915 ut;
280 883 378 918 ψυχαῖς
390 883 493 918 λέπραν
503 883 641 918 ἁμαρτίας
650 881 1000 917 ὲπικαμπτόμενος,εῑσέρ-
1014 876 1036 904 Β

211 938 287 965 χεται
302 931 342 961 εἰς
356 930 405 964 τὴν
421 929 523 964 σκηνὴν
535 929 582 955 τοῦ
598 928 723 964 σώματος
735 927 836 959 αὐτῶν,
852 928 900 955 καὶ
915 927 997 963 θερα-

212 975 290 1002 inde:
305 976 352 1002 καὶ
369 976 442 1002 ἰᾶται
456 975 490 1001 τὰ
507 975 592 1010 πάθη.
620 974 677 1001 Καὶ
702 974 789 1006 οὕτως
811 974 955 1010 δυνήσεται
984 975 998 1009 ἡ

211 1020 284 1056 ψυχὴ
302 1020 433 1047 εἰσελθεῖν
451 1022 491 1052 εἰς
516 1019 565 1056 τὴν
583 1020 746 1055 ἐπουράνιον
768 1020 933 1056 Ἐκκλησίαν
945 1019 1000 1047 τῶν

214 1067 299 1101 ἁγίων
316 1066 362 1094 τοῦ
391 1066 519 1101 ἀληθινοῦ
548 1066 659 1102 Ἰσραήλ
671 1075 678 1083 ο
696 1067 773 1093 πᾶσα
795 1067 851 1102 γὰρ
864 1067 936 1102 ψυχὴ
952 1074 1001 1100 φο-

216 1111 301 1147 ροῦσα
314 1111 416 1147 λέπραν
436 1111 572 1147 ἁμαρτίας
591 1111 697 1144 παθῶν,
713 1112 761 1138 καὶ
785 1111 822 1147 μὴ
835 1110 1001 1146 προσελθοῦ-

214 1166 248 1184 σα
262 1157 300 1193 τῷ
316 1157 435 1192 ἀληθινῷ
451 1158 586 1193 ἀρχιερεῖ,
601 1158 648 1184 καὶ
666 1157 871 1192 θεραπευθείσα
887 1157 945 1190 νῦν,
961 1157 1002 1188 είς

214 1203 263 1238 τὴν
286 1202 461 1237 παρεμϐολὴν
494 1202 549 1229 τῶν
569 1202 664 1236 ἁγίων,
691 1203 731 1235 εἰς
764 1202 814 1237 τὴν
839 1201 1002 1237 ἐπουράνιον

221 1249 383 1284 Ἐκκλησίαν
399 1249 450 1275 οὐκ
461 1250 624 1284 εἰσέρχεται.
646 1249 778 1283 Ἀμωμος
797 1248 852 1283 γὰρ
868 1246 936 1274 οὖσα
955 1247 1003 1274 καὶ

215 1293 335 1328 καθαρὰ,
353 1292 487 1328 ἀμώμους
502 1293 550 1319 καὶ
566 1292 689 1328 καθαρὰς
702 1292 789 1327 ψυχὰς
799 1292 885 1327 ζητεῖ.
901 1291 1004 1319 Μακά-

213 1347 273 1373 ριοι
294 1338 358 1372 τὰρ,
379 1339 473 1373 φησὶν,
487 1339 515 1364 οἱ
531 1338 654 1372 καθαροί
666 1337 703 1372 τῇ
720 1337 837 1372 καρδίᾳ,
858 1337 903 1364 ὅτι
919 1337 1004 1364 αὐτοὶ

216 1384 270 1411 τὸν
285 1384 360 1411 Θεὸν
370 1384 508 1418 ὄψονται.

253 1431 292 1458 Ε’.
307 1432 353 1457 Δεῖ
373 1431 428 1467 γὰρ
448 1431 498 1466 τὴν
519 1430 607 1466 ψυχὴν
624 1430 673 1465 τὴν
686 1430 714 1458 ὲν
729 1430 844 1465 ἀληθείᾳ
860 1429 1005 1458 πιστεύου-

219 1486 269 1504 σαν
293 1477 423 1513 Χριστῷ,
445 1477 627 1512 μετατεθῆναι
645 1477 693 1504 καὶ
715 1476 865 1511 ἀλλαγῆναι
881 1476 936 1503 ἀπὸ
957 1476 1007 1510 τῆς

219 1523 267 1550 νῦν
285 1523 407 1558 πονηρᾶς
432 1523 636 1554 καταστάσεως,
666 1523 706 1554 εἰς
724 1522 821 1558 ἑτέραν
839 1522 1007 1548 κατάστασιν

220 1569 336 1603 ἀγαθὴν,
354 1569 402 1596 καὶ
417 1569 472 1595 άπὸ
483 1568 531 1603 τῆς
545 1568 593 1595 νῦν
615 1567 723 1602 φύσεως
742 1568 884 1603 ταπεινῆς,
900 1569 938 1599 είς
952 1567 1009 1594 ἐτέ-

222 1625 272 1651 ραν
299 1615 373 1642 θείαν
397 1615 491 1650 φύσιν,
518 1615 567 1642 καὶ
584 1615 681 1650 καινὴν
698 1615 783 1649 αὐτὴν
800 1614 1010 1650 ἀπεργασθῆναι

222 1662 266 1689 διὰ
285 1662 335 1696 τῆς
347 1662 488 1696 δυνάμεως
502 1661 550 1688 τοῦ
568 1661 647 1696 ἁγίου
662 1660 832 1695 Πνεύματος.
849 1662 905 1688 Καὶ
925 1660 1012 1691 οὕτως

223 1707 333 1734 δύναται
349 1707 536 1743 χρησιμεῦσαι
554 1708 593 1739 είς
611 1707 659 1742 τὴν
683 1707 845 1741 ἐπουράνιον
861 1706 1010 1742 βασιλείαν.

223 1754 320 1788 Τυχεῖν
330 1753 358 1780 δὲ
371 1753 473 1780 τούτων
485 1753 550 1788 ἡμῖν
565 1752 642 1779 ἔσται
654 1752 824 1785 πιστεύουσι,
841 1753 889 1780 καὶ
901 1753 1014 1787 ἀγαπῶ-

226 1809 268 1828 σιν
297 1800 379 1828 αὑτὸν
405 1800 434 1827 ὲν
449 1799 576 1834 ἀληθείᾳ,
600 1799 648 1826 καὶ
667 1799 697 1825 ὲν
713 1799 817 1830 πάσαις
833 1799 895 1829 ταῖς
921 1798 1014 1832 ἁγίαις

226 1848 309 1875 αὑτοῦ
339 1846 461 1878 ἐντολαῖς
491 1845 755 1881 ἀναστρεφομένοις.
772 1844 872 1880 Είγὰρ
896 1845 943 1870 ἐπὶ
966 1843 1013 1870 τοῦ

232 1893 386 1922 Ἐλισσαίου
412 1893 443 1919 τὸ
470 1891 552 1926 φύσει
578 1890 679 1925 κοῦφον
706 1890 785 1922 ξύλον
805 1890 834 1916 ὲν
858 1890 915 1920 τοῖς
937 1888 1015 1915 ὕδασι

228 1939 326 1974 βληθὲν
351 1939 486 1973 ἀνήνεγκε
511 1937 543 1964 τὸ
571 1937 653 1972 φύσει
679 1936 747 1972 βαρὺ
778 1935 909 1971 σιδήριον,
940 1934 1016 1970 πόσῳ

230 1985 330 2021 μᾶλλον
347 1984 465 2011 ἐνταῦθα
487 1982 633 2011 ἀποστελεῖ
646 1984 661 2009 ὁ
677 1983 780 2018 Κύριος
796 1982 827 2009 τὸ
841 1981 953 2016 κοῦφον,
970 1982 1017 2007 καὶ

228 2032 358 2067 ἐλαφρὸν,
373 2032 418 2058 καὶ
428 2030 540 2065 ἀγαθὸν,
553 2030 601 2057 καὶ
614 2029 775 2065 ἐπουράνιον
791 2028 875 2055 αὑτοῦ
893 2027 1016 2063 Πνεῦμα,

229 2079 276 2105 καὶ
290 2077 324 2104 δι’
338 2076 420 2104 αὑτοῦ
436 2076 487 2112 τὴν
506 2075 707 2112 βεσυθισμὲνην
731 2076 788 2106 τοῖς
807 2074 885 2100 ὕδασι
904 2074 954 2108 τῆς
969 2081 1018 2099 πο-

229 2124 326 2159 νηρίας
340 2123 428 2158 ψυχὴν
444 2123 597 2156 ἀνενεγκεῖ,
616 2122 663 2148 καὶ
680 2121 818 2155 κουφίσει,
838 2120 887 2147 καὶ
911 2118 1019 2154 πτερώ-

231 2179 271 2197 σει
286 2169 354 2204 πρὸς
367 2169 403 2195 τὰ
422 2167 477 2203 ὕψη
499 2167 554 2194 τῶν
576 2167 711 2202 οὐρανῶν,
735 2166 783 2192 καὶ
798 2165 949 2201 μεταὸαλεῖ
971 2165 1018 2193 καὶ

230 2216 340 2248 ἀλλάξει
356 2214 441 2249 αὐτὴν
457 2216 488 2241 ὲκ
504 2213 555 2247 τῆς
568 2213 638 2244 ἰδίας
652 2212 759 2246 φύσεως
773 2213 778 2240 l
1035 2212 1057 2240 Ι)

266 2263 312 2296 ς’.
329 2261 384 2288 Καὶ
399 2260 494 2295 ὥσπερ
508 2260 538 2286 ὲν
553 2259 609 2290 τοῖς
624 2258 799 2294 φαινομένοις
809 2258 897 2291 οὐδεὶς
911 2258 1021 2285 δύναται

231 2309 264 2335 δι’
279 2306 377 2335 ἑαυτοῦ
391 2308 510 2342 περᾶσαι
528 2305 576 2332 καὶ
592 2304 707 2332 διελθεῖν
718 2304 768 2339 τὴν
783 2303 932 2337 θάλασσαν,
945 2305 969 2331 εἰ
982 2305 1020 2340 μὴ

232 2354 328 2390 ἔχειτδ
348 2353 450 2388 κοῦφον
464 2352 512 2379 καὶ
526 2351 645 2387 ἐλαφρὸν
659 2350 762 2383 πλοῖον,
779 2350 810 2377 τὺ
825 2350 857 2377 ὲκ
874 2350 954 2382 ξύλου
969 2358 1022 2377 κα-

233 2400 430 2433 τασκευασθὲν,
445 2399 476 2426 τὸ
501 2399 582 2434 μόνον
599 2398 692 2426 ἐπάνω
711 2397 765 2424 τῶν
782 2397 886 2424 ὑδάτων
904 2405 1023 2432 περιπα-

232 2449 290 2476 τεῖν
303 2447 468 2482 δυνάμενον·
485 2444 712 2476 καταποντίζεται
726 2444 780 2479 γὰρ
795 2444 842 2470 καὶ
860 2443 1020 2474 ἀπόλλυται,

234 2496 267 2523 ἂν
278 2493 406 2529 ὲπιὸαίνῃ
422 2500 463 2524 τις
486 2492 515 2519 ὲν
534 2493 567 2526 τῇ
590 2490 730 2527 θαλάσστγ
747 2490 795 2516 τὸν
811 2490 895 2517 αὑτὸν
921 2489 1023 2525 τρόπον

234 2540 364 2568 ἀδύνατον
384 2538 474 2574 ψυχὴν
489 2537 523 2564 δι’
544 2538 644 2572 ἑαυτῆς
667 2535 782 2564 διελθεῖν
797 2537 844 2564 καὶ
857 2536 1023 2572 ὑπερϐῆναι,

234 2588 282 2615 καὶ
296 2586 462 2622 διαπεράσαι
473 2584 521 2620 τὴν
539 2583 642 2620 πικρὰν
652 2583 793 2611 θάλασσαν
815 2583 864 2618 τῆς
877 2582 1024 2617 ἁμαρτίας,

234 2634 282 2661 καὶ
296 2633 346 2668 τὴν
365 2631 488 2668 χαλεπὴν
509 2631 628 2658 ἀσυσσον
649 2629 705 2657 τῶν
730 2630 859 2665 πονηρῶν
882 2629 1025 2663 δυνάμεων

234 2680 282 2706 τοῦ
297 2681 410 2712 σκότους
425 2680 480 2707 τῶν
492 2680 598 2713 παθῶν,
618 2679 643 2706 εί
657 2678 695 2715 μὴ
704 2679 735 2705 τδ
751 2678 868 2714 ἐλαφρὸν
885 2678 932 2704 καὶ
946 2679 1026 2704 ἐπου-

215 2721 328 2795 ἐράνιον
350 2726 398 2753 καὶ
418 2725 550 2762 εὔπτερον
566 2725 613 2752 τοῦ
637 2724 756 2760 Χριστοῦ
772 2723 886 2759 Πνεῦμα
910 2723 1024 2756 δέξεται,

237 2772 330 2795 ἐπάνω
343 2772 393 2795 ἐἴτε
407 2772 540 2795 πονῇοίαε
564 2772 628 2795 ὅλης
645 2771 815 2795 πεοιπατοῦν
828 2770 876 2795 καὶ
892 2769 1022 2795 διοδεῦον.

237 2772 330 2800 ἐπάνω
343 2772 393 2807 τῆς
407 2772 540 2808 πονηρίας
564 2772 628 2807 ὅλης
645 2771 815 2807 περιπατοῦν
828 2770 876 2796 καὶ
892 2769 1022 2803 διοδεῦον,

274 2860 297 2878 ¹¹
310 2861 378 2891 Lev.
395 2869 451 2897 ut,
467 2862 511 2890 l8.
550 2861 573 2878 "
592 2859 688 2889 Matth.
701 2868 728 2894 ν,
741 2859 766 2887 8.
805 2859 828 2875 '°
844 2859 877 2887 iV
892 2860 958 2896 Reg.
975 2866 1013 2892 vt,
1031 2858 1059 2887 5.

1045 250 1134 272 curat.
1158 245 1224 273 Ovis
1245 250 1336 273 autem
1362 253 1441 273 ovem
1467 253 1566 273 curare
1594 246 1700 280 nequit.
1728 246 1762 273 Et
1778 246 1833 273 nisi

1046 295 1143 317 curata
1167 291 1252 317 fuerit
1280 291 1423 319 rationalis
1448 292 1519 324 ovis,
1556 292 1639 327 homo
1663 291 1781 323 scilicet,
1805 291 1834 319 in

1046 337 1196 364 Ecclesiam
1205 337 1313 364 Domini
1321 338 1461 366 catlestem
1470 346 1524 364 non
1535 337 1697 372 ingreditur.
1709 337 1749 365 Ad
1761 338 1835 364 hunc

1046 383 1120 410 enim
1132 383 1244 410 modum
1262 383 1290 410 in
1302 383 1361 418 lege
1379 391 1490 418 quoque
1506 383 1612 410 dictum
1621 388 1663 410 est
1673 383 1726 410 sub
1739 383 1833 410 umbra

1046 433 1075 456 et
1087 429 1216 463 imagine.
1230 429 1268 456 De
1283 429 1391 464 leproso
1407 429 1481 456 enim
1493 434 1541 456 aut
1563 429 1698 456 maculam
1716 428 1835 456 habente

1046 475 1106 504 haec
1121 475 1239 502 obscure
1251 475 1368 509 loquens
1381 475 1517 510 signiﬁcat
1533 474 1653 509 Spiritus
1666 483 1672 500 :
1693 474 1832 509 Leprosus,

1047 521 1148 556 inquit,
1165 526 1191 548 et
1212 521 1348 548 maculam
1363 522 1473 553 habens,
1492 529 1546 547 non
1561 521 1724 555 ingredietur
1740 521 1768 547 in
1785 520 1838 547 lic--

1048 567 1154 593 clesiam
1169 567 1275 594 Domini
1285 567 1317 593 ⁷⁸.
1330 567 1432 594 Verum
1443 567 1572 602 praecepit
1584 568 1704 601 lcproso.
1715 571 1745 593 ut
1757 566 1837 593 abeat

1047 613 1081 640 ad
1099 613 1280 645 sacerdotem,
1297 617 1325 639 et
1344 613 1474 647 precibus
1486 612 1579 640 multis
1589 612 1709 639 adducat
1730 619 1794 638 eum
1812 611 1842 638 in

1049 657 1163 684 domum
1191 657 1361 685 tabernaculi
1383 658 1438 690 sui,
1465 662 1494 685 et
1514 657 1636 692 imponat
1660 664 1758 684 manus
1775 663 1840 684 suas

1049 711 1133 738 super
1149 704 1265 738 lepram,
1274 704 1365 730 locum
1377 703 1509 731 nimirum
1521 708 1645 731 notatum
1656 706 1730 730 tactu
1745 702 1834 736 leprte,

1048 754 1076 776 et
1092 753 1181 777 curet.
1190 749 1292 776 Eodem
1303 757 1413 784 quoque
1424 749 1505 776 modo
1514 748 1654 780 Christus,
1668 755 1752 776 verus
1764 748 1838 775 Pon-

1051 795 1116 823 tifex
1132 795 1287 822 futurorum
1300 795 1445 827 bonorum,
1457 795 1490 822 ad
1503 795 1626 830 leprosas
1637 793 1753 825 animas,
1763 793 1840 828 lepra

1049 842 1153 877 peccati
1162 842 1467 875 laborantesinclinans,
1475 841 1628 876 ingreditur
1637 839 1843 867 tabernaculum

1049 887 1142 914 cordis
1169 887 1288 919 illarum,
1312 891 1341 914 et
1365 891 1443 914 curat
1459 894 1492 914 ac
1508 892 1587 913 sanat
1610 885 1777 913 all'ectiones.
1793 884 1844 912 At-

1051 941 1104 968 que
1121 933 1174 960 hoc
1190 938 1269 968 pacto
1285 933 1387 967 poterit
1402 933 1493 960 anima
1523 932 1629 967 ingredi
1653 931 1681 958 in
1702 931 1844 958 cmlestem

1051 980 1201 1008 Ecclesium
1213 983 1371 1007 sanctorum
1384 978 1440 1005 veri
1456 978 1573 1006 lsraelis.
1584 977 1760 1012 Quaecunque
1770 976 1844 1004 enim

1052 1027 1153 1058 anima,
1170 1026 1299 1053 laborans
1311 1025 1388 1060 lepra
1403 1024 1580 1052 aﬂ‘ectionum
1597 1023 1713 1059 peccati,
1726 1029 1780 1050 non
1798 1029 1845 1049 ac-

1052 1072 1167 1100 cesserit
1181 1071 1214 1098 ad
1231 1078 1326 1099 verum
1348 1070 1561 1102 Pontiticem,et
1576 1077 1650 1097 nunc
1674 1073 1770 1096 curata
1786 1068 1846 1096 iue-

1053 1120 1100 1151 rit,
1112 1119 1140 1146 in
1150 1118 1274 1146 ordinem
1286 1122 1455 1148 sanctorum,
1484 1117 1511 1144 in
1538 1116 1678 1144 cmlestem
1692 1114 1843 1143 Ecclesiani

1053 1172 1110 1191 non
1128 1163 1296 1199 ingreditur.
1310 1162 1490 1190 Immaculata
1504 1162 1578 1188 enim
1588 1168 1651 1188 cum
1667 1161 1704 1187 sit
1722 1164 1750 1187 et
1764 1167 1843 1194 pura.

1055 1210 1286 1237 incontaminatas
1310 1213 1339 1236 et
1364 1216 1448 1243 puras
1481 1206 1580 1242 qumrit
1615 1205 1730 1233 animas.
1768 1205 1848 1232 Beati

1054 1256 1136 1288 enim,
1152 1254 1252 1290 inquit,
1269 1254 1360 1281 mundi
1374 1253 1461 1286 corde,
1475 1253 1603 1289 quoniam
1614 1252 1665 1287 ipsi
1676 1251 1760 1279 Deum
1771 1251 1843 1278 vide-

1056 1303 1120 1330 bunt
1131 1302 1164 1329 ⁷⁵.

1095 1434 1126 1462 ν.
1141 1433 1255 1469 Oportet
1266 1433 1340 1460 enim
1352 1432 1471 1460 animam
1500 1439 1561 1466 quae
1577 1438 1642 1459 vere
1657 1430 1768 1459 Christo
1789 1438 1849 1457 cre-

1058 1480 1109 1513 dit,
1119 1479 1263 1507 transferri
1271 1487 1303 1506 ac
1311 1478 1412 1506 mutari
1425 1478 1459 1505 ab
1471 1478 1525 1505 hoc
1538 1484 1625 1512 pravo
1633 1481 1706 1504 statu
1727 1477 1756 1504 in
1764 1477 1848 1503 alium

1059 1530 1161 1554 statum
1175 1526 1329 1558 bonum,et
1350 1525 1385 1551 ah
1413 1524 1466 1551 hac
1479 1523 1578 1550 humili
1591 1527 1702 1555 natura,
1729 1522 1758 1549 in
1780 1522 1850 1549 alte-

1062 1580 1120 1599 ram
1133 1572 1256 1599 divinam
1271 1575 1409 1602 naturam,
1422 1576 1539 1604 eamque
1556 1575 1656 1596 novam
1666 1567 1735 1595 eilici
1748 1568 1850 1595 virtute

1063 1618 1183 1653 Spiritus
1202 1616 1307 1649 sancti;
1320 1621 1348 1643 et
1363 1616 1415 1643 hac
1430 1615 1537 1642 ratione
1552 1614 1655 1650 poterit
1667 1613 1767 1642 idonea
1790 1621 1852 1641 esse

1063 1664 1096 1691 ad
1109 1664 1220 1691 caeleste
1239 1671 1362 1698 regnum.
1382 1661 1519 1696 Consequi
1538 1665 1630 1688 autem
1652 1660 1710 1688 haec
1726 1664 1853 1688 nostrum

1063 1714 1115 1742 est,
1132 1710 1179 1744 qui
1192 1709 1330 1736 credimus
1355 1711 1383 1735 et
1405 1715 1470 1735 vere
1493 1706 1635 1742 diligimus
1658 1706 1746 1738 illum,
1770 1710 1800 1733 et
1824 1705 1853 1733 in

1065 1757 1194 1785 omnibus
1201 1756 1303 1783 sanctis
1313 1754 1450 1782 mandatis
1456 1754 1517 1789 ejus
1525 1760 1732 1781 conversamur.
1742 1751 1770 1781 Si
1779 1753 1855 1780 enim

1065 1808 1191 1838 tempore
1209 1801 1311 1834 Eliszei,
1330 1800 1444 1835 lignum,
1461 1799 1535 1834 quod
1564 1803 1662 1826 natura
1678 1799 1737 1826 leve
1758 1803 1811 1832 est,
1826 1798 1855 1825 in

1067 1857 1168 1885 aquam
1183 1848 1339 1884 conjectum
1354 1846 1388 1878 '°,
1402 1846 1501 1874 extulit
1521 1845 1636 1878 ferrum,
1657 1845 1731 1880 quod
1754 1850 1855 1873 natura
1910 1872 1921 1877 _

1067 1905 1149 1932 grave
1159 1900 1219 1923 est:
1234 1900 1337 1930 quanto
1349 1893 1436 1928 magis
1449 1892 1600 1920 mittethuc
1610 1891 1743 1918 Dominus
1753 1891 1854 1924 levem,

1067 1942 1208 1974 subtilem,
1221 1941 1325 1968 bonum
1338 1944 1366 1967 et
1379 1939 1518 1967 caelestem
1528 1946 1608 1966 suum
1623 1938 1769 1973 Spiritum,
1781 1937 1857 1972 eju5<

1069 1995 1123 2023 que
1136 1995 1187 2022 ope
1200 1978 1371 2014 submersam
1381 1985 1598 2020 aquisnequitiae
1607 1983 1856 2015 animamextollet,

1068 2037 1096 2061 et
1128 2031 1247 2060 elcvabit
1269 2035 1350 2066 atque
1371 2030 1479 2057 evolare
1496 2029 1578 2057 faciet
1597 2029 1631 2057 ad
1646 2029 1775 2057 sublimia
1801 2035 1858 2056 cm-

1069 2079 1169 2111 lorum,
1186 2086 1217 2106 ac
1241 2076 1439 2113 transmutabit.
1457 2080 1485 2105 et
1498 2080 1642 2106 convertet
1656 2083 1716 2103 eam
1730 2083 1746 2102 a
1759 2077 1860 2102 natura

1070 2133 1119 2152 sua
1130 2126 1137 2152 ι

1107 2263 1153 2291 VI.
1165 2262 1200 2289 Et
1216 2260 1449 2297 quemadmodum
1467 2260 1495 2287 in
1513 2259 1596 2288 rebus
1611 2259 1768 2294 conspicuis
1781 2265 1863 2285 nemo

1071 2312 1163 2344 potest
1173 2315 1222 2343 per
1233 2315 1262 2335 se
1272 2306 1390 2334 transire
1404 2310 1433 2333 et
1451 2305 1579 2340 trajicere
1595 2312 1682 2337 mare,
1695 2304 1748 2331 nisi
1764 2303 1865 2330 habeat

1071 2355 1161 2382 levem
1174 2357 1202 2381 et
1215 2357 1327 2380 tenuem
1345 2351 1512 2382 naviculam,
1527 2358 1561 2377 ex
1577 2349 1652 2385 ligno
1664 2352 1862 2379 constructam,

1073 2409 1134 2436 quin
1147 2400 1205 2428 sola
1221 2406 1304 2434 super
1317 2405 1402 2433 aquas
1414 2397 1543 2424 incedere
1560 2399 1669 2431 potest;
1693 2394 1864 2429 demergitur

1076 2447 1150 2474 enim
1162 2450 1190 2473 et
1204 2445 1308 2477 interit,
1324 2444 1347 2471 si
1361 2443 1484 2471 ambulet
1510 2442 1573 2477 quis
1597 2441 1627 2469 in
1654 2440 1743 2468 mari:
1766 2439 1865 2467 eodem

1077 2493 1158 2521 modo
1174 2492 1270 2527 nequit
1284 2491 1374 2518 anima
1387 2497 1437 2525 per
1453 2497 1482 2517 se
1498 2488 1584 2524 ipsam
1593 2487 1721 2519 transire,
1734 2493 1866 2521 superare

1079 2544 1127 2568 aut
1144 2539 1272 2575 trajicere
1288 2536 1419 2564 acerbum
1435 2543 1510 2562 mare
1529 2533 1645 2570 peccati,
1674 2537 1702 2560 et
1727 2531 1865 2559 dilﬁcilem

1079 2587 1207 2623 abyssum
1217 2590 1364 2619 pravorum
1380 2582 1528 2617 spirituum
1543 2579 1668 2615 caliginis
1677 2578 1865 2610 aﬂectionum,

1079 2632 1133 2660 nisi
1154 2631 1294 2662 subtilem,
1315 2628 1454 2656 C(elestem
1477 2632 1505 2654 et
1525 2625 1664 2653 volatilem
1686 2623 1789 2652 Christi
1805 2623 1868 2658 Spi-

1079 2679 1162 2706 ritum
1175 2675 1338 2711 susceperit,
1359 2681 1442 2708 super
1456 2678 1566 2700 omnem
1588 2669 1740 2705 nequitiam
1770 2668 1868 2695 ambu-

1078 2726 1179 2753 lantem
1209 2727 1238 2751 ct
1265 2721 1449 2752 incedentem,
1471 2718 1550 2753 cujus
1574 2724 1638 2752 ope,
1655 2715 1769 2747 auxilio,
1791 2718 1868 2742 recto

1078 2774 1105 2797 et
1120 2769 1211 2796 minus
1222 2774 1340 2795 crroneo
1349 2772 1431 2794 cursu
1442 2763 1475 2792 ad
1485 2763 1626 2792 ccelestem
1636 2764 1747 2797 portum
1755 2759 1867 2795 quietis,
