2076 3151
256 144 313 178 783

881 144 912 175 S.
932 142 1092 175 MACARII
1111 142 1272 174 [EGYPTII

1822 142 1875 178 ’184

257 203 294 232 ιιι
310 202 451 232 civitatem
467 202 544 237 regni
557 201 660 237 poterit
678 201 833 237 pervenire.
857 201 1032 234 Quemadmo-

1091 201 1126 228 δι’
1137 197 1169 228 οὖ
1181 200 1356 236 εὑθυδρόμως
1371 194 1418 227 καὶ
1434 199 1522 235 ὀρθῶς
1539 199 1580 232 τίς
1596 199 1642 227 τὸν
1658 199 1820 236 ἐπουράνιον
1832 202 1874 230 λι-

256 249 325 278 dum
338 253 428 276 autem
440 249 488 284 qui
499 252 564 275 sunt
578 248 607 275 in
620 247 695 280 navi.
718 255 734 275 θ
756 246 826 275 mari
840 255 894 274 non
905 246 1042 274 hauriunt

256 303 308 323 nec
319 295 429 325 bibunt.
441 301 494 321 nec
512 301 547 320 ex
560 301 594 321 eo
607 293 770 321 vestimenta
796 297 844 320 aut
864 292 968 320 vietum
993 299 1040 319 ac-

255 341 375 376 cipiunt.
390 340 438 368 sed
448 339 560 367 aliunde
570 339 598 367 in
613 347 711 367 navem
727 339 893 374 important:
917 338 958 365 sic
968 344 1039 373 quo-

255 394 310 422 que
319 386 417 413 anima:
428 385 649 414 Christianorum
662 392 717 412 non
734 392 767 412 ex
785 384 838 412 hoc
852 383 962 416 saeculo,
991 382 1040 410 sed

255 431 414 466 supemitus
427 438 444 459 e
466 431 537 458 celo
555 430 648 458 cibum
666 430 805 458 caelestem
826 434 855 457 et
880 429 1040 457 indumenta

254 476 407 511 spiritualia
422 477 580 511 accipiunt:
595 480 679 512 atque
690 476 753 504 inde
767 476 891 503 viventes
901 495 909 507 ,
932 475 961 502 in
976 474 1039 502 navi

254 523 320 550 boni
327 528 355 551 et
362 523 465 551 viviﬁci
476 523 596 559 Spiritus
604 523 755 555 ambulant,
763 526 791 550 et
801 521 1039 557 transgrediuntur

253 569 427 597 adversariae
437 570 593 605 principum
604 575 632 597 et
639 573 804 604 potestatum
818 575 916 603 pravas
926 567 1040 595 facultas

253 620 306 644 tes.
316 616 351 644 Et
363 616 595 651 quemadmodum
607 623 641 644 ex
653 615 733 643 unica
748 620 847 643 natura
862 615 931 650 ligni
942 622 1038 642 omnes

251 670 338 690 naves
347 666 554 694 construuntur,
561 669 678 697 quarum
686 661 820 689 beneﬁcio
830 660 957 688 homines
964 667 1039 687 ama-

255 715 317 735 rum
329 712 444 742 possunt
458 712 625 736 transmeare
637 714 712 734 mare
725 715 732 733 :
750 706 790 733 sic
799 713 833 733 ex
845 705 926 733 unica
936 704 1038 732 divini-

253 756 309 779 tate
321 752 392 780 lucis
402 752 522 780 ccelestis
529 751 700 780 diversorum
712 751 805 786 gratiae
814 749 1039 785 donorumunius

254 797 333 834 142
353 797 483 833 Spiritus,
495 805 591 825 omnes
599 796 818 825 Christianorum
833 795 931 822 animae
941 801 1037 822 corro-

251 843 356 871 borata;
372 843 530 870 universam
541 843 722 878 supervolant
733 841 897 876 nequitiam.

1092 247 1162 282 μένα
1177 247 1226 282 τῆς
1242 246 1431 279 ἀναπαύσεως,
1453 247 1493 277 είς
1508 246 1558 281 τὴν
1574 246 1652 273 πόλιν
1663 246 1713 282 τῆς
1736 247 1876 282 βασιλείας

1090 293 1233 326 δυνήσεται
1261 291 1440 326 καταντῆσαι.
1459 291 1565 326 Ὠσπερ
1595 291 1624 318 δὲ
1640 292 1665 318 οί
1688 292 1719 319 ὲν
1732 292 1772 328 τῷ
1787 293 1874 329 πλοίῳ

1090 338 1124 365 ἐκ
1135 338 1186 373 τῆς
1201 337 1341 373 Θαλάσσης
1355 337 1405 364 οὐκ
1415 337 1544 371 ἀρύονται
1554 337 1600 364 καὶ
1614 337 1747 371 πίνουσιν,
1765 338 1827 366 οὔτε
1842 339 1873 373 ἐξ

1090 383 1176 418 αὐτῆς
1196 383 1232 410 τὰ
1253 383 1390 418 ἐνδύματα
1407 383 1455 410 καὶ
1481 383 1531 414 τὰς
1559 383 1664 418 τροφὰς
1679 383 1797 419 ἔχουσιν.
1812 385 1872 412 ἀλλ’

1090 428 1189 461 ἔξωθεν
1206 430 1236 456 ὲν
1247 428 1286 464 τῷ
1309 428 1394 464 πλοίῳ
1407 428 1613 464 ὲπικομίζονται
1625 437 1632 444 ·
1644 429 1731 460 οὕτως
1744 431 1772 456 αι
1786 430 1873 465 ψυχαὶ

1089 473 1144 501 τῶν
1159 473 1342 509 Χριστιανῶν,
1367 474 1417 500 οὐκ
1440 474 1473 500 ὲκ
1491 473 1538 500 τοῦ
1572 473 1671 506 αἰῶνος
1691 474 1798 508 τούτου,
1811 476 1870 504 ἀλλ’

1089 518 1193 546 ἀνωθεν
1209 519 1241 551 ἐξ
1270 518 1387 554 ούρανοῦ
1400 519 1503 555 τροφὴν
1523 519 1648 554 οὐράνιον
1675 520 1723 547 καὶ
1736 520 1872 555 ἐνδύματα

1089 565 1263 600 πνευματικά
1278 565 1457 600 λαμεάνουσι,
1479 565 1606 592 κάκεῖθεν
1619 565 1706 598 ζῶσαι
1723 566 1753 593 ιν
1775 568 1806 601 τῇ
1824 566 1870 602 νηῒ

1088 610 1137 637 τοῦ
1167 610 1270 645 ἀγαθοῦ
1303 611 1356 641 καὶ
1380 611 1512 643 ζωοποιοῦ
1548 611 1708 646 Πνεύματος
1738 612 1868 646 ἑμὸᾶσαι,

1088 655 1274 691 παρέρχονται
1299 656 1350 688 τὰς
1360 656 1483 688 ἐναντίας
1500 656 1556 683 τῶν
1572 657 1665 693 ἀρχῶν
1675 658 1723 684 καὶ
1739 657 1869 690 ἐξουσιῶν

1088 703 1211 738 πονηρὰς
1222 702 1364 737 δυνάμεις.
1372 702 1428 729 Καὶ
1442 702 1537 738 ὥσπερ
1549 703 1582 729 ὲκ
1594 703 1659 738 μιᾶς
1671 703 1779 737 φύσεως
1788 703 1867 736 ξύλου

1087 748 1178 776 πάντα
1194 748 1230 774 τὰ
1244 748 1325 775 πλοῖα
1338 748 1605 782 κατασκευάζονται,¹
1619 749 1653 775 δι’
1669 745 1706 776 ὧν
1721 749 1868 784 παρελθεῖν

1086 794 1112 821 οι
1138 793 1276 829 ἄνθρωποι
1302 794 1354 829 τὴν
1381 796 1484 829 πικρὰν
1515 794 1674 830 δυνήσονται
1711 795 1865 822 θάλασσαν-

1088 839 1174 872 οὖτως
1186 840 1220 866 ὲκ
1233 840 1298 874 μιᾶς
1317 839 1444 875 θεότητος
1459 840 1547 875 φωτὸς
1557 840 1683 876 οὐρανίου
1697 841 1752 868 τῶν
1773 841 1867 876 διαφό-

253 898 308 924 ρων
326 889 507 924 χαρισμάτων
528 889 577 916 τοῦ
605 889 665 921 ινδς
688 888 858 924 Πνεύματος,
884 887 971 914 πᾶσαι
1000 885 1056 913 τῶν
1074 885 1245 921 Χριστιανῶν
1273 886 1303 913 αι
1320 886 1407 922 ψυχαὶ
1427 886 1627 922 δυναμούμεναι
1640 887 1689 922 τὴν
1701 887 1767 922 ὅλην
1790 896 1869 923 περι-

253 935 380 962 ίπτανται
397 934 544 969 πονηρίαν.

286 980 344 1008 Vll.
362 980 464 1011 Verum
479 988 542 1009 cum
564 981 643 1008 navis
655 984 685 1008 et
704 980 888 1017 gubernatore
904 979 1032 1015 indigeat,

1125 979 1162 1006 Z’.
1189 978 1266 1005 Ἐπεὶ
1293 978 1323 1005 δὲ
1341 978 1373 1005 τὸ
1390 978 1483 1006 πλοῖον
1499 978 1547 1006 καὶ
1567 979 1736 1014 κυὸερνήτου
1748 979 1867 1015 χρῄζει,

251 1030 280 1053 et
292 1029 443 1061 temperato
458 1030 487 1054 et
497 1033 606 1054 amomo
617 1031 711 1060 vento,
728 1026 763 1054 ad
773 1026 891 1054 feliciter
906 1026 1037 1061 navigan-

251 1072 335 1104 dum;
349 1072 410 1100 haec
420 1072 514 1099 omnia
525 1076 568 1100 est
586 1071 644 1107 ipse
658 1072 792 1100 Dominus
801 1071 829 1099 in
851 1072 942 1099 anima
962 1070 1036 1099 fideli

250 1117 363 1152 degens,
381 1121 409 1145 et
423 1117 547 1152 perferre
563 1124 623 1144 eam
638 1117 742 1145 faciens
765 1117 896 1145 molestas
932 1121 1037 1152 tempe-

249 1167 335 1190 states
346 1167 375 1190 et
389 1162 497 1191 feroces
506 1163 616 1190 malitia:
625 1162 736 1196 ﬂuctus,
748 1166 833 1198 atque
845 1162 963 1198 impetus
975 1163 1036 1190 vio-

248 1206 388 1235 lentorum
413 1207 516 1242 peccati
541 1212 707 1239 ventorum;
729 1211 758 1235 et
777 1207 889 1242 quidem
916 1207 1035 1240 fortiter,

251 1252 393 1281 ferventer
404 1261 437 1281 ac
451 1253 530 1286 scite,
547 1257 579 1281 ut
590 1253 649 1288 ipse
671 1253 758 1285 novit,
777 1253 912 1281 dissoluto
938 1260 1034 1280 eorum

248 1303 330 1326 testu.
345 1298 457 1334 Absque
473 1298 579 1326 caelesti
600 1299 674 1326 enim
696 1299 888 1335 gubernatore,
911 1297 1033 1332 Christo,

249 1351 306 1371 non
334 1348 425 1378 potest
446 1343 582 1378 quispiam
612 1343 738 1378 trajicere
766 1351 926 1378 perversum
960 1350 1035 1371 mare

248 1392 419 1424 potestatum
432 1389 620 1420 tenebrarum,
627 1395 659 1416 ac
669 1388 846 1416 molestarum
853 1387 1034 1415 tentationum

248 1433 365 1462 adlatus.
380 1434 530 1461 Auendunt
545 1433 632 1466 enim,
647 1433 747 1468 inquit,
762 1441 844 1469 usque
857 1433 892 1460 ad
904 1433 992 1466 εοείοε,
1009 1437 1035 1460 et

248 1479 407 1507 descendunt
423 1487 506 1514 usque
528 1479 563 1507 ad
579 1479 684 1514 abysso;
695 1479 730 1506 ".
748 1478 863 1506 Omnem
883 1486 966 1514 porro
985 1486 1035 1514 gu-

248 1524 384 1553 bernandi
396 1524 552 1557 scientiam,
567 1525 633 1553 item
644 1524 781 1552 bellorum
795 1532 828 1553 ac
852 1525 1034 1552 tentationum

247 1571 336 1602 novit.
361 1578 445 1606 super
470 1570 578 1598 feroces
597 1569 697 1598 fluctus
720 1569 861 1598 incedens.
877 1569 936 1605 Ipse
953 1570 1033 1603 enim,

247 1615 350 1652 inquit,
375 1619 503 1650 tentatus,
526 1619 610 1652 potest
631 1615 664 1644 iis
684 1615 729 1651 qui
754 1619 900 1649 tentantur,
926 1623 1034 1643 succur-

247 1669 309 1692 rere
319 1662 354 1690 ιθ.

282 1749 351 1779 Vill.
373 1751 488 1787 Oportet
503 1758 568 1787 ergo
581 1751 705 1780 converti
721 1757 753 1779 ac
767 1751 946 1779 transmutari
970 1750 1032 1779 ani-

247 1804 308 1827 mas
320 1801 430 1825 nostras
444 1805 460 1824 a
474 1797 600 1832 praesenti
616 1801 689 1825 statu
707 1797 735 1824 in
752 1797 868 1825 alterum
881 1800 1031 1829 statum,et

246 1840 368 1873 divinam
385 1846 528 1875 naturam,
553 1846 581 1870 et
600 1841 658 1870 fieri
671 1849 757 1869 novos
779 1849 795 1870 e
813 1842 963 1874 veteribus,
977 1841 1030 1870 hoc

248 1892 301 1920 est,
318 1887 415 1920 bonos,
431 1887 565 1923 benignos
578 1895 611 1915 ac
628 1887 733 1920 fideles,
746 1895 780 1915 ex
793 1887 902 1916 acerbis
916 1891 944 1914 et
967 1886 1030 1914 inﬂ-

245 1933 354 1968 delibus
366 1952 374 1968 ,
386 1938 414 1961 et
423 1933 464 1963 sic
476 1933 590 1963 idoneos
604 1932 709 1961 caelesti
721 1940 805 1968 regno
816 1932 875 1960 fleri
889 1935 918 1959 et
928 1931 1029 1960 consti-

245 1979 298 2013 tui.
312 1979 414 2013 Beatus
424 1979 498 2011 enim
514 1979 616 2011 Paulus
631 1978 665 2012 de
681 1978 861 2006 conversione
874 1982 903 2005 et
920 1985 1028 2005 assum-

244 2025 340 2060 ptione
351 2032 471 2059 sua,qua
484 2024 702 2059 comprehensus
715 2027 759 2053 est
768 2031 784 2051 a
795 2023 923 2056 Domino,
931 2022 1028 2050 scribit

244 2070 321 2104 haec:
350 2069 401 2097 Sed
427 2074 522 2102 rector,
535 2071 559 2097 si
575 2070 654 2103 etiam
670 2069 878 2104 apprehendam,
898 2073 1027 2104 quatenus

244 2120 270 2144 et
286 2119 465 2151 apprehensus
482 2124 542 2143 sum
566 2124 583 2142 a
597 2115 700 2143 Christo
711 2115 745 2142 ⁸⁸.
768 2114 828 2148 Quo
847 2115 931 2150 igitur
946 2119 1027 2150 pacto

244 2161 488 2198 comprehenditur
509 2169 525 2188 a
550 2161 625 2188 Deo?
653 2160 889 2195 Quemadmodum
908 2159 982 2187 enim
1003 2159 1027 2187 si

244 2206 367 2241 captivos
375 2205 518 2241 quosdam,
528 2214 597 2242 quos
607 2210 745 2241 rapuerat,
757 2210 889 2241 tyrannus
897 2205 1025 2238 abducat,

244 2251 375 2286 deinceps
387 2251 446 2286 ipse
456 2251 705 2287 comprehendatur
715 2259 731 2279 a
742 2259 807 2279 vero
815 2259 878 2287 rege
887 2260 893 2277 :
909 2251 945 2279 ita
954 2259 1025 2286 quo-

243 2304 298 2332 que
315 2296 417 2324 Paulus
431 2316 439 2329 ,
453 2304 515 2324 cum
532 2304 547 2324 a
563 2295 706 2332 tyrannica
722 2296 820 2332 spiritu
838 2297 942 2332 peccati
965 2300 1024 2324 tor-

1088 1025 1138 1066 καὶ
1157 1025 1292 1061 εὐκράτου
1319 1025 1366 1052 καὶ
1379 1025 1458 1060 ἡδέος
1474 1024 1576 1060 ἀνέμου
1598 1026 1667 1060 πρὸς
1685 1025 1716 1052 τὸ
1738 1025 1866 1052 διαπλεῦ-

1087 1078 1132 1097 σαι
1143 1069 1243 1102 καλῶς,
1256 1068 1343 1096 ταῦτα
1356 1069 1446 1096 πάντα
1460 1068 1540 1101 αὑτός
1552 1069 1627 1095 ἐστιν
1644 1070 1658 1096 ό
1668 1069 1770 1104 Κύριος
1782 1070 1812 1096 ὲν
1826 1070 1859 1104 τῇ

1086 1116 1169 1150 πιστῇ
1194 1115 1267 1150 ψυχῇ
1285 1114 1438 1150 γινόμενος,
1456 1115 1504 1141 καὶ
1525 1115 1662 1150 διαπερῶν
1690 1115 1774 1150 αὐτὴν
1802 1116 1867 1147 τοὺς

1086 1159 1191 1191 δεινοὺς
1206 1159 1356 1195 χειμῶνας,
1367 1158 1416 1186 καὶ
1428 1158 1463 1185 τὰ
1476 1159 1560 1194 ἄγρια
1570 1159 1619 1193 τῆς
1630 1159 1763 1194 πονηρίας
1779 1159 1866 1194 κύμα-

1085 1212 1131 1237 τα,
1149 1204 1198 1231 καί¹
1220 1204 1269 1236 τὰς
1293 1204 1453 1239 καταιγίδας
1466 1204 1520 1231 τῶν
1535 1203 1632 1239 βιαίων
1653 1204 1704 1239 τῆς
1729 1205 1868 1240 ἁμαρτίας

1085 1249 1196 1285 ἀνέμων
1210 1269 1218 1282 ,
1240 1250 1361 1282 δυνατῶς
1383 1250 1431 1277 καὶ
1450 1250 1580 1285 ὲμπύρως
1599 1250 1646 1277 καὶ
1665 1251 1867 1285 ἐπιστημόνως,

1084 1295 1123 1326 ὡς
1145 1295 1227 1328 αὐτὸς
1252 1295 1406 1329 ἐπίσταται,
1425 1295 1540 1322 διαλύων
1565 1296 1611 1322 τὸν
1629 1295 1751 1323 κλύδωνα
1764 1296 1865 1324 αὐτῶν.

1087 1340 1169 1368 ’Δνευ
1195 1341 1251 1377 γὰρ
1270 1340 1317 1368 τοῦ
1348 1342 1510 1377 ἐπουρανίου
1540 1341 1706 1377 κυϐερνήτου
1730 1342 1864 1377 Χριστοῦ,

1085 1385 1216 1414 ἀδύνατόν
1231 1395 1285 1413 τινι
1297 1387 1443 1423 παρελθεῖν
1453 1388 1502 1423 τὴν
1524 1388 1645 1424 πονηρὰν
1660 1388 1796 1415 θάλασσαν
1811 1389 1867 1416 τῶν

1086 1432 1229 1468 δυνάμεων
1251 1433 1298 1460 τοῦ
1324 1435 1454 1467 σκότους,
1477 1434 1525 1460 καὶ
1546 1434 1601 1461 τῶν
1634 1434 1741 1469 πικρῶν
1767 1443 1866 1470 πειρα-

1085 1476 1162 1511 σμῶν
1168 1477 1203 1503 τὰ
1211 1478 1432 1513 καταφυσήματα
1442 1486 1450 1493 ’
1471 1479 1676 1506 Ἀναϐαίνουσι
1689 1479 1754 1513 γὰρ,
1770 1480 1863 1515 φησιν,

1082 1521 1139 1556 ἕως
1166 1522 1226 1549 τῶν
1247 1523 1394 1557 οὐρανῶν,
1415 1524 1466 1550 καὶ
1484 1525 1717 1552 καταϐαίνουσιν
1736 1525 1792 1558 ἕως
1805 1525 1867 1553 τῶν

1083 1567 1238 1596 ἀϐύσσων.
1261 1569 1356 1597 Πᾶσαν
1382 1569 1411 1596 δὲ
1433 1570 1632 1606 κυσερνητικὴν
1647 1571 1800 1606 ἐπιστήμην
1816 1571 1865 1598 καὶ

1083 1613 1210 1649 πολέμων
1236 1615 1284 1641 καὶ
1306 1615 1467 1651 πειρασμῶν
1495 1616 1648 1649 ἐπίσταται,
1669 1617 1797 1653 ὑπεράνω
1810 1617 1865 1644 τῶν

1045 1659 1068 1692 C
1083 1659 1188 1695 ἀγρίων
1219 1661 1350 1696 κυμάτων
1374 1661 1542 1688 ὲπισαίνων·
1569 1662 1663 1694 Αὐτὸς
1691 1662 1758 1697 γὰρ,
1785 1663 1864 1698 φησὶ,

1083 1707 1256 1740 πειρασθείς
1292 1707 1418 1734 δύναται
1455 1706 1673 1742 πειραζομένοις
1696 1707 1862 1742 βοηθῆσαι.

1119 1749 1161 1778 ιν.
1174 1752 1220 1777 Δεί
1245 1751 1335 1778 τοίνυν
1362 1750 1512 1786 ἀλλαγῆναι
1533 1752 1582 1779 καὶ
1598 1751 1799 1787 μεταϐληθῆναι
1811 1752 1863 1784 τὰς

1082 1795 1171 1831 ψυχὰς
1182 1797 1260 1832 ἡμῶν
1272 1796 1326 1823 ἀπὸ
1340 1797 1390 1831 τῆς
1408 1796 1456 1823 νῦν
1479 1797 1672 1829 καταστάσεως
1699 1798 1739 1829 εἰς
1765 1797 1863 1832 ἑτέραν

1083 1843 1260 1875 κατάστασιν,
1277 1843 1324 1870 καὶ
1349 1843 1430 1876 φύσιν
1441 1842 1528 1876 Θείαν,
1543 1843 1590 1870 καὶ
1611 1843 1736 1877 γενέσθαι
1752 1843 1864 1874 καινοὺς

1081 1888 1115 1915 ἐκ
1129 1888 1262 1921 παλαιῶν,
1289 1888 1428 1915 τουτέστιν
1446 1889 1565 1923 ἀγαθοὺς
1580 1889 1628 1916 καὶ
1652 1889 1786 1925 χρηστοὺς
1814 1889 1863 1916 καὶ

1083 1934 1207 1966 πιστοὺς,
1219 1934 1251 1960 ὲκ
1261 1934 1369 1969 πικρῶν
1383 1934 1431 1961 καὶ
1438 1934 1570 1962 ἀπίστων·
1579 1934 1628 1961 καὶ
1635 1934 1704 1961 οὕτω
1711 1934 1864 1970 χρησίμους

1085 1987 1149 2014 γενο
1152 1979 1249 2015 μένους
1255 1979 1295 2011 είς
1301 1980 1350 2015 τὴν
1358 1980 1519 2015 ἐπουράνιον
1530 1979 1667 2015 βασιλείαν
1672 1980 1863 2015 ἀποκαταπῆ-

1082 2034 1137 2053 ναι.
1154 2025 1208 2052 Καὶ
1218 2025 1272 2060 γὰρ
1285 2025 1300 2051 ὁ
1314 2026 1447 2061 μακάριος
1461 2026 1566 2058 Παῦλος
1577 2027 1641 2061 περὶ
1647 2027 1698 2061 τῆς
1711 2026 1863 2061 μεταϐολῆς

1082 2069 1165 2097 αὐτοῦ
1183 2070 1231 2097 καὶ
1248 2070 1435 2106 καταλήψεως.
1457 2069 1491 2107 ἦς
1509 2071 1665 2107 κατελήφθη
1681 2071 1732 2098 ὑπὸ
1746 2072 1861 2106 Κυρίου,

1080 2115 1182 2151 γράφει
1192 2115 1277 2142 ταῦτα
1290 2124 1297 2132 '
1311 2116 1409 2144 Διὼκω
1424 2117 1468 2148 δὲ,
1485 2119 1511 2144 εὶ
1525 2117 1691 2149 καταλάϐω,
1713 2117 1759 2152 ἐφ’
1775 2115 1799 2151 ᾦ
1812 2117 1863 2144 καί

1080 2160 1274 2195 κατελήφθην
1295 2163 1354 2189 ὑπὸ
1373 2163 1513 2197 Χριστοῦ.
1529 2164 1597 2196 ,Πῶς
1611 2165 1637 2190 τί
1654 2163 1705 2198 ἄρα
1718 2163 1862 2198 καταλαμ-

1080 2206 1191 2233 ϐάνεται
1205 2207 1256 2233 ὑπὸ
1268 2207 1316 2234 τοῦ
1334 2207 1400 2234 Θεοῦ
1410 2217 1418 2241 ;
1428 2209 1533 2245 Ὥσπερ
1547 2209 1601 2244 γὰρ
1617 2209 1665 2236 ὲὰν
1674 2209 1862 2244 αίχμαλωσίαν

1079 2254 1141 2280 τινὰ
1161 2253 1293 2289 τύραννος
1321 2254 1448 2290 ἀρπάσας
1480 2254 1586 2290 ἀπάγῃ,
1614 2251 1674 2283 εἶτα
1700 2254 1860 2289 καταληφθῇ

1078 2298 1132 2328 ὐπὺ
1146 2299 1192 2326 τοῦ
1208 2299 1335 2335 ἀληθινοῦ
1356 2299 1506 2335 βασιλέωςο
1529 2299 1601 2326 οὓτω
1621 2300 1670 2326 καὶ
1685 2300 1800 2332 Παῦλος,
1814 2301 1860 2327 ὅτε

242 2347 385 2378 queretur,
405 2342 554 2378 Ecclesium
569 2342 786 2377 persequebatur
805 2347 834 2370 et
850 2342 1026 2370 devastabat:

1082 2343 1133 2371 ὑπὸ
1149 2343 1197 2371 τοῦ
1209 2344 1371 2381 τυραννικοῦ
1388 2345 1542 2380 πνεύματος
1557 2346 1605 2380 τῆς
1623 2345 1760 2380 ἁμαρτίας
1779 2347 1862 2380 ἐνηρ-

241 2395 338 2418 verum
352 2396 414 2423 cum
430 2395 486 2420 non
503 2388 568 2423 odio,
582 2388 642 2419 Dei,
656 2387 705 2415 sed
722 2395 772 2424 per
783 2387 962 2423 ignorantiam
974 2388 1028 2416 hoc

240 2437 344 2469 ageret,
372 2438 500 2470 tanquam
523 2441 574 2469 pro
595 2433 711 2467 veritate
735 2433 880 2466 dimicans,
903 2441 958 2460 non
984 2437 1027 2460 est

241 2480 383 2516 neglectus
394 2500 401 2512 ,
416 2479 464 2507 sed
481 2478 664 2517 apprehendit
673 2486 738 2512 eum
762 2486 917 2513 arcanoque
934 2478 1025 2514 splen-

240 2523 309 2556 dore
323 2523 499 2551 circumfudit
517 2523 660 2559 Dominus,
681 2523 802 2556 coalestis
826 2527 854 2550 et
867 2530 950 2556 verus
964 2530 1023 2556 rex,

238 2577 360 2604 eumque
367 2577 434 2603 voce
443 2577 492 2603 sua
500 2569 638 2605 dignatus,
646 2569 675 2596 in
683 2569 779 2596 faciem
788 2569 934 2605 percussit,
941 2573 1023 2604 atque

240 2620 271 2647 ut
285 2622 395 2644 servum
424 2615 562 2642 liberavit.
592 2614 662 2649 Vide
685 2614 794 2649 Domini
819 2614 972 2650 bonitatem
995 2619 1024 2642 et

238 2660 459 2695 conversionem,
487 2666 543 2695 quo
561 2663 642 2694 pacto
669 2659 757 2694 possit
782 2665 888 2687 mutare
916 2658 1022 2686 animas

239 2707 309 2740 vitio
320 2706 512 2742 agglutinatas,
533 2709 561 2739 et
586 2705 693 2734 feroces
711 2705 833 2740 effectus,
861 2709 943 2740 atque
964 2713 1022 2732 mo-

238 2755 332 2788 mento
348 2751 421 2779 horae
434 2751 462 2778 in
478 2758 555 2778 suam
565 2750 652 2789 ipsius
661 2751 813 2787 bonitatem
822 2754 849 2778 et
861 2758 956 2785 pacem
967 2754 1023 2777 tra-

238 2795 340 2824 ducere
353 2797 360 2823 I

273 2853 296 2876 υ
311 2854 381 2882 Psal.
397 2862 460 2888 cvu,
481 2854 526 2882 26.
563 2855 585 2872 "
602 2855 684 2883 Hebr.
697 2863 726 2890 ιι,
744 2855 784 2883 18.

1082 2389 1167 2423 γεῖτο,
1179 2388 1228 2424 τὴν
1252 2389 1416 2424 Ἐκκλησίαν
1439 2390 1534 2416 ὲδίωκε
1555 2391 1602 2417 καὶ
1615 2390 1769 2416 ὲσκύλευεν.
1792 2390 1860 2416 Ἀλλ’

1081 2433 1143 2467 ἐπεὶ
1158 2434 1195 2469 μὴ
1221 2434 1295 2470 ζήλῳ
1317 2434 1384 2462 θεοῦ
1411 2435 1482 2462 κατὰ
1501 2435 1613 2470 ἄγνοιαν
1627 2435 1724 2468 ἐποίει,
1738 2435 1776 2467 ὼς
1791 2435 1862 2471 ὑπὲρ

1077 2480 1209 2516 ἀληθείας
1225 2481 1436 2516 ἀγωνιζόμενος,
1461 2482 1491 2508 ού
1508 2481 1671 2517 παρωράθη,
1696 2481 1764 2508 ἀλλὰ
1795 2491 1861 2508 κατ-

1077 2525 1174 2557 έλαϐεν
1186 2526 1268 2553 αὑτὸν
1282 2527 1296 2552 ό
1307 2527 1418 2562 Κύριος,
1433 2527 1606 2562 περιλάμψας
1614 2528 1741 2562 ἀρρήτως
1755 2528 1769 2553 δ
1779 2528 1861 2553 ἐπου-

1077 2572 1168 2607 ράνιος
1187 2573 1233 2599 καὶ
1257 2573 1383 2608 ἀληθινὸς
1417 2573 1553 2607 βασιλεὺς,
1589 2574 1681 2608 φωνῆς
1704 2574 1753 2609 τῆς
1776 2572 1858 2600 αὑτοῦ

1075 2615 1170 2648 τοῦτον
1180 2616 1311 2649 ἀξιώσας,
1322 2619 1369 2647 καὶ
1382 2619 1499 2654 ῥαπίσας
1512 2619 1549 2650 ὡς
1561 2618 1652 2645 δοῦλον
1661 2618 1857 2654 ἠλευθέρωσεν,

1077 2661 1130 2688 ’ίδε
1145 2662 1281 2689 Δεσπότου
1295 2663 1450 2699 ἀγαθότητα
1471 2665 1517 2690 καὶ
1531 2663 1692 2700 μεταϐολὴν,
1706 2665 1762 2696 πῶς
1778 2663 1859 2691 δύναη

1074 2714 1120 2733 ται
1135 2707 1299 2742 μεταϐαλεῖν
1315 2708 1404 2744 ψυχὰς
1420 2709 1470 2741 τὰς
1483 2710 1517 2745 τῇ
1535 2710 1618 2745 κακίᾳ
1639 2709 1855 2744 συμπλακείσας,

1076 2752 1125 2779 καὶ
1139 2752 1238 2787 ἀγρίας
1251 2754 1489 2786 ἀποκαταστάσας,
1509 2755 1556 2781 καὶ
1577 2756 1647 2790 ῥοπῇ
1664 2754 1736 2790 ὥρας
1753 2755 1792 2786 είς
1805 2754 1854 2793 τὴν

1075 2797 1172 2825 ἑαυτοῦ
1190 2798 1355 2834 ἁγαθότητα,
1368 2799 1416 2827 καὶ
1433 2800 1544 2836 εἰρήνην
1567 2801 1749 2835 μετενεγκεῖν.

823 2856 846 2872 ’³
865 2856 982 2892 Philipp.
1004 2865 1045 2890 ιιι,
1061 2857 1103 2886 12.
