2079 3152
193 153 249 187 ’185

799 156 979 188 HOMILLE.
989 170 1025 176 —

1033 155 1127 189 ιιοιιι.
1147 148 1234 188 XLV.
1769 157 1829 188 '786

230 211 269 239 Θ.
284 210 378 239 Πάντα
391 210 447 248 γὰρ
461 211 561 240 δυνατὰ
578 213 654 248 παρὰ
671 213 741 249 Θεῷ,
763 213 859 250 ὥσπερ
875 215 922 242 επὶ
935 214 983 241 τοῦ

1069 213 1116 242 1x.
1137 213 1236 242 Omnia
1249 213 1324 242 enim
1337 211 1413 248 apud
1430 213 1517 241 Deum
1531 217 1597 241 sunt
1615 211 1759 248 possibilia
1773 234 1781 247 ,
1801 217 1832 240 ut

196 258 297 296 λῃστοῦ
310 259 416 293 γέγονε,
434 260 504 294 ῥοπῇ
515 258 589 294 ὥρας
600 258 645 286 διὰ
661 260 710 294 τῆς
725 259 845 292 πίστεως
856 260 987 295 μετεϐλή-

197 303 243 339 θη,
259 303 305 330 καὶ
320 303 361 334 είς
373 303 540 338 παράδεισον
550 303 736 338 ἀποκατέστη.
749 304 799 331 Διὰ
811 304 891 331 τοῦτο
904 302 987 340 ἦλθεν

197 348 213 374 ὸ
223 347 336 382 Κύριος,
353 348 396 373 ἴνα
410 347 460 378 τὰς
473 347 563 382 ψυχὰς
573 347 654 382 ἡμῶν
664 347 767 384 ἀλλάξῃ
778 348 826 374 καὶ
840 349 986 384 ἁνακτὶσῃ,

198 394 245 420 καὶ
260 392 363 428 ποιήσῃ
377 393 472 425 αὑτὰς,
486 392 577 425 καθὼς
593 393 760 429 γέγραπται,
776 394 859 428 θείας
884 402 988 421 κοινω-

198 439 272 472 νοὺς
282 440 413 474 φύσεως,
424 440 471 466 καὶ
483 438 574 466 δοῦναι
587 440 628 470 είς
640 440 690 475 τὴν
700 439 790 475 ψυχὴν
812 440 891 475 ἡμῶν
907 441 988 466 ἔπου-

200 487 292 522 ράνιον
313 486 413 521 ψυχὴν,
439 486 566 513 τουτέστι
594 486 707 522 Πνεῦμα
729 486 855 522 θεότητος
872 485 988 521 ὀδηγοῦν

200 533 275 567 ἡμᾶς
292 533 333 564 είς
354 534 445 559 πᾶσαν
463 532 576 568 ἀρετὴν,
597 532 672 563 ὅπως
691 531 765 567 ζωὴν
781 531 891 559 αἰώνιον
907 531 990 566 ζῆσαι

200 578 371 614 δυνηθῶμεν.
387 579 438 612 Εῐη
461 578 551 606 τοίνυν
566 578 596 610 ἐξ
616 578 681 613 ὅλης
705 578 821 613 καρδίας
842 577 990 605 πιστεῦσαι

200 623 276 659 ἡμᾶς
303 624 364 655 ταῖς
391 623 599 659 ἀνεκδιηγήτοις
624 623 707 650 αὐτοῦ
733 622 923 657 ἐπαγγελίαις,
948 623 990 649 ὅτι

202 668 307 704 ἀληθής
323 669 397 695 ἔστιν
414 669 429 695 ό
446 668 692 704 ἐπαγγειλάμενος.
708 668 769 704 Χρὴ
788 666 835 695 οὖν
847 668 991 704 ἀγαπῆσαι

201 714 248 742 τδν
261 715 374 750 Κύριον,
390 714 438 741 καὶ
452 714 602 742 σπουδάσαι
617 714 751 746 παντοίως
762 714 792 741 ἐν
809 714 911 746 πάσαις
927 715 992 747 ἀρε-

203 763 276 795 ταῖς,
303 761 351 788 καὶ
375 761 486 796 αἰτῆσαι
512 761 649 796 ἐπιμόνως
668 761 716 788 καὶ
740 761 898 796 ὲνδιλεχῶς,
920 760 993 788 ὥστε

202 806 330 839 δέξασθαι
343 806 394 842 τὴν
404 806 574 840 ἐπαγγελίαν
586 806 635 833 τοῦ
652 807 814 842 Πνεύματος
831 806 914 834 αὐτοῦ
932 806 993 834 ὁλο-

202 851 313 886 κλήρως
335 851 383 878 καὶ
405 851 527 884 τελείως,
543 851 587 878 ῐνα
618 850 827 886 ζωοποιηθῶσιν
853 852 882 878 αι
907 851 993 886 ψυχαὶ

201 898 294 933 ἡμῶν,
307 897 345 929 ὡς
358 896 397 924 ἔτι
412 897 442 924 ὲν
456 897 539 933 σαρκί
557 897 653 933 ἐσμεν.
678 897 742 924 Ἐὰν
768 898 806 933 μὴ
831 897 886 933 γὰρ
899 898 928 925 ἐν
956 897 994 933 τῷ

201 943 297 978 κόσμῳ
323 942 412 979 τούτῳ
433 941 543 977 δέξηται
566 944 583 978 ὴ
610 942 684 978 ψυχὴ
712 943 758 970 τδν
784 943 921 978 ἁγιασμὸν
942 942 991 969 τοῦ

202 989 362 1025 Πνεύματος
387 989 432 1016 διὰ
458 989 559 1024 πολλῆς
583 988 701 1021 πίστεως
730 988 777 1016 καὶ
791 989 921 1024 δεήσεως,
943 988 992 1015 καὶ

201 1036 331 1067 κοινωνὸς
355 1035 432 1067 θείας
459 1035 567 1069 φύσεως
590 1035 718 1070 γένηται,
737 1035 925 1071 ἁνακραθεῖσα
956 1035 990 1070 τῇ

201 1083 304 1118 χάριτι.
318 1083 353 1109 δι’
367 1079 401 1118 ἧς
414 1083 504 1109 πᾶσαν
523 1081 634 1117 ἐντολὴν
655 1081 781 1117 ἁμώμως
798 1082 846 1108 καὶ
862 1081 992 1117 καθαρῶς

201 1128 337 1156 ιπιτελείν
348 1128 504 1164 δυνήσεται,
534 1127 668 1164 ἀποίητός
691 1128 766 1154 ἐστιν
783 1128 823 1160 εις
838 1127 889 1162 τὴν
912 1127 991 1162 βασι-

201 1173 277 1200 λείαν
287 1173 341 1200 τῶν
355 1173 489 1208 οὐρανῶν.
507 1173 598 1209 ὀπερ
607 1174 664 1208 γάρ
685 1182 728 1205 τις
749 1173 876 1200 ἐντεῦθεν
890 1173 991 1207 ἀγαθὸν

202 1219 348 1253 ικτήσατο,
369 1218 448 1245 τοῦτο
477 1218 544 1245 αὐτὸ
569 1219 598 1245 ὲν
621 1218 716 1254 ἐκείνῃ
740 1219 773 1253 τῇ
800 1218 893 1253 ἡμέρᾳ
913 1217 991 1245 ἔσται

201 1264 285 1293 αὑτοῦ
296 1265 354 1300 ζωὴ
368 1264 413 1291 διὰ
436 1264 484 1292 τοῦ
513 1264 632 1300 Πατρὺς,
659 1264 708 1291 καὶ
734 1264 781 1291 τοῦ
802 1263 868 1291 Υιοῦ
883 1265 931 1291 καὶ
943 1263 991 1291 τοῦ

202 1311 280 1346 ἁγίου
296 1310 464 1346 Πνεῦματος,
484 1311 524 1342 εἰς
536 1310 600 1342 τοὺς
614 1309 726 1343 αἰῶνας.
746 1310 843 1346 Ἀμήν.

492 1368 612 1396 ΟΜΙΛΙΔ
630 1369 698 1396 ΜΕ’.

204 1414 332 1449 οὐδεμία
354 1413 455 1449 τέχνη.
475 1415 512 1441 οὐ
530 1414 663 1447 πλοῦτος
673 1414 781 1441 τούτου
797 1413 852 1441 τοῦ
864 1414 990 1448 κόσμου,

237 1451 264 1477 et
275 1449 318 1484 μὴ
340 1449 420 1483 μόνη
432 1450 451 1483 ἠ
464 1449 518 1476 τοῦ
532 1449 662 1482 Χριστοῦ
678 1449 837 1482 ἐπιφάνεια
852 1449 992 1483 θεραπεῦ-

238 1483 291 1512 σαι
308 1485 361 1510 τὸν
374 1483 533 1518 ἄνθρωπον
549 1485 685 1517 δύναται,
702 1483 739 1513 οὖ
752 1485 902 1519 μεγίστην
916 1483 993 1517 πρὸς

236 1520 291 1547 τὸν
307 1519 382 1547 Θεὸν
397 1519 578 1555 συγγένειαν
591 1520 668 1555 αὕτη
694 1520 714 1555 ἠ
738 1520 839 1556 ὁμιλία
865 1519 994 1554 ἀποφαί-

236 1563 330 1582 νεῖαι.

238 1611 277 1638 Α’.
300 1610 329 1637 '0
351 1609 398 1637 τδν
423 1611 528 1647 μονήρη
548 1609 605 1646 βίον
625 1611 836 1647 ἐπιλεξάμενος,
857 1611 948 1638 πάντα
961 1609 996 1638 τὰ

205 1657 234 1684 ἐν
249 1656 286 1692 τῷ
307 1656 403 1692 κόσμῳ
416 1656 504 1692 τούτῳ
519 1657 692 1692 στρεφόμενα
706 1659 858 1693 πράγματα
868 1657 997 1692 ἀλλότρια

204 1701 303 1729 ἑαυτοῦ
317 1703 364 1729 καὶ
386 1701 450 1735 ξένα
469 1702 595 1737 ἡγεῖσθαι
617 1703 731 1736 ὀφείλει.
756 1702 785 1729 Ὀ
801 1703 856 1737 γὰρ
881 1702 910 1736 ὲξ
927 1702 996 1737 ἀλη-

204 1748 280 1779 θείας
296 1747 470 1783 μεταδιώκων
484 1747 530 1774 τὸν
550 1747 666 1783 σταυρὸν
677 1748 724 1774 τοῦ
747 1747 877 1783 Χριστοῦ,
907 1748 997 1774 πάντα

204 1793 403 1829 ἀρνησάμενος,
416 1792 457 1819 ἐτι
474 1792 503 1820 δὲ
518 1793 567 1829 τὴν
586 1792 683 1819 ἑαυτοῦ
699 1792 799 1828 ψυχὴν,
813 1791 995 1827 προσηλωμέ-

203 1849 248 1868 νον
269 1840 315 1867 τδν
337 1839 399 1866 νοῦν
425 1839 466 1870 είς
492 1839 542 1875 τὴν
567 1839 676 1874 ἀγάπην
699 1838 746 1866 τοῦ
776 1837 896 1872 Χριστοῦ
924 1837 997 1872 ἔχειν

203 1886 317 1921 ὀφείλει·
335 1885 477 1921 προτιμῶν
494 1884 594 1921 δηλαδὴ
610 1884 656 1911 τὸν
673 1884 776 1920 Κύριον
790 1884 902 1919 γονέων,
920 1883 998 1911 ἀδελ-

204 1932 272 1967 φῶν,
293 1931 434 1966 γυναικὸς,
458 1930 573 1964 τέκνων,
596 1930 768 1965 συγγενείας,
791 1930 887 1965 φίλων,
909 1930 997 1966 ὑπαρ-

204 1978 314 2014 χόντων.
350 1978 436 2004 Τοῦτο
461 1977 516 2013 γὰρ
548 1977 562 2004 δ
585 1977 688 2013 Κύριος
711 1977 873 2012 ἀπεφήνατο
899 1975 995 2009 εἰπὼν,

203 2025 267 2058 Πᾶς
280 2024 366 2058 ὅστις
374 2025 430 2051 οὐκ
440 2023 540 2058 ἀςρῆιιε
557 2023 679 2058 πατέρα,
695 2023 714 2058 ἢ
729 2021 854 2058 μητέρα,
874 2021 893 2057 ἢ
907 2021 997 2050 ἀδελ-

203 2071 290 2106 φοὺς,
314 2071 334 2105 ἢ
354 2070 492 2105 γυναῖκα,
509 2070 528 2105 ἢ
548 2070 649 2103 τέκνα,
677 2069 696 2104 ἢ
720 2069 850 2104 ἀγροὺς,
869 2068 919 2096 καί
941 2069 998 2095 οὐκ

202 2117 367 2145 ἀκολουθεῖ
387 2125 450 2151 μοι,
479 2117 534 2144 οὐκ
554 2115 621 2143 ἐστι
642 2124 702 2150 μου
730 2114 826 2148 ἄξιος.
848 2114 894 2141 Ἐν
911 2114 999 2141 οὐδενὶ

202 2164 258 2199 γὰρ
280 2163 368 2199 ἑτέρῳ
393 2161 550 2197 εὑρίσκεται
568 2159 690 2196 σωτηρία
708 2161 764 2193 τοῖς
779 2159 936 2195 ἀνθρώποις
952 2158 998 2186 καὶ¹

203 2210 369 2240 ἀνάπαυσις,
384 2207 421 2240 ὡς
440 2207 609 2243 ἠκούσαμεν,
627 2207 709 2235 Πόσοι
726 2207 783 2242 γὰρ
801 2205 921 2242 βασιλεῖς
949 2206 998 2232 ἀν-

1039 259 1068 287 in
1089 260 1198 287 latrone
1214 254 1340 295 contigit,
1360 259 1407 294 qui
1424 264 1564 287 momento
1582 260 1657 287 horae
1680 267 1730 294 per
1749 259 1831 287 ﬁdem

1037 313 1190 333 conversus
1201 309 1255 337 est,
1269 310 1297 332 et
1307 305 1335 332 in
1348 305 1506 340 paradisum
1522 306 1683 333 translatus.
1700 305 1831 340 l’ropler-

1037 359 1070 379 ea
1089 351 1166 379 venit
1196 351 1340 384 Dominus,
1356 356 1388 378 ut
1400 352 1506 378 animas
1522 356 1632 379 nostras
1659 355 1834 378 converteret

1038 402 1122 433 atque
1135 397 1316 430 reformaret;
1342 404 1375 424 ac
1396 396 1480 424 faciat
1495 405 1552 428 eas.
1573 401 1604 424 ut
1619 397 1752 431 scriptum
1779 401 1832 427 est,

1039 445 1136 473 divina
1158 448 1292 472 consorte:
1306 448 1411 472 notum
1422 444 1458 477 ",
1483 449 1512 472 et
1527 444 1649 472 conferat
1671 445 1698 471 in
1715 445 1833 471 animam

1039 496 1164 520 nostram
1178 491 1318 519 caelestem
1334 491 1465 523 animam,
1484 490 1538 517 hoc
1558 493 1612 522 est,
1641 489 1774 524 Spiritum
1790 489 1835 516 di-

1039 538 1146 570 vinum,
1165 537 1349 565 deducentem
1375 544 1427 564 nos
1447 536 1474 563 in
1500 543 1611 563 omnem
1636 535 1777 566 virtutem,
1804 539 1836 562 ut

1039 584 1124 612 vitam
1137 588 1271 611 aeternam
1292 583 1386 610 vivere
1407 582 1557 618 possimus.
1587 581 1704 616 Oportet
1718 589 1784 616 ergo
1801 589 1835 608 ex

1041 634 1098 657 toto
1110 629 1193 657 corde
1204 637 1255 657 nos
1268 628 1383 657 credere
1397 627 1630 656 inenarrabilibus
1644 627 1705 662 ejus
1717 626 1837 662 promis-

1039 676 1175 708 sionibus,
1193 676 1258 710 quia
1271 683 1356 702 verax
1369 679 1422 708 est,
1439 674 1487 710 qui
1505 673 1645 709 promisit.-
1663 673 1837 708 Quapropter

1041 720 1121 748 decet
1135 719 1249 756 diligere
1263 719 1421 751 Dominum,
1437 723 1520 754 atque
1535 718 1705 746 contendere
1720 717 1836 744 omnino

1041 766 1070 794 in
1079 766 1208 793 omnibus
1218 765 1378 797 virtutibus,
1385 768 1414 792 et
1422 764 1532 792 assidue
1541 768 1636 799 petere
1645 763 1749 798 absque
1761 762 1837 790 omni

1042 811 1260 843 intermissione,
1277 815 1307 838 ιιι
1323 817 1528 845 consequamur
1545 809 1758 845 promissionem
1773 807 1836 843 Spi-

1044 857 1116 884 ritus
1127 856 1187 891 ejus
1200 856 1306 890 integre
1320 862 1352 883 ac
1367 855 1500 890 perfecte,
1512 862 1568 890 quo
1582 854 1760 882 viviﬁcentur
1775 853 1836 880 ani-

1009 901 1031 929 Β
1045 910 1097 930 mae
1113 906 1223 933 nostrae,
1233 903 1335 937 quippe
1351 902 1398 936 qui
1418 902 1509 929 adhuc
1521 901 1550 928 in
1560 909 1642 929 carne
1658 908 1764 928 sumus.
1777 899 1836 927 Nisi

1045 947 1120 975 enim
1132 947 1160 974 in
1174 947 1227 974 hoc
1242 946 1346 974 saeculo
1362 950 1511 974 consecuta
1528 946 1613 973 fuerit
1627 946 1717 972 anima
1732 945 1837 973 sancti-

1046 992 1201 1021 ﬁcationcm
1219 992 1339 1028 Spiritus
1351 999 1457 1019 summa
1470 991 1524 1019 ﬁde
1536 996 1619 1026 atque
1628 990 1837 1023 obsecratione,

1045 1043 1074 1066 et
1088 1038 1226 1074 particeps
1241 1038 1343 1066 divinae
1368 1042 1474 1065 natura
1491 1037 1562 1065 facta
1588 1037 1684 1070 fuerit,
1698 1036 1836 1072 permixta

1044 1084 1150 1120 gratiae,
1165 1084 1244 1119 cujus
1258 1083 1394 1111 beneﬁcio
1405 1091 1487 1111 omne
1505 1083 1665 1111 mandatum
1678 1082 1782 1118 absque
1795 1090 1840 1110 re-

1045 1129 1229 1165 prehensione
1248 1134 1276 1157 et
1289 1137 1357 1164 pure
1376 1129 1509 1164 perficere
1527 1129 1639 1164 poterit,
1657 1137 1712 1156 non
1726 1133 1839 1164 estapta

1045 1175 1079 1202 ad
1093 1183 1207 1210 regnum
1220 1175 1365 1202 caelorum.
1378 1175 1516 1210 Quidquid
1528 1175 1603 1202 enim
1620 1175 1686 1202 boni
1700 1174 1765 1209 quis
1781 1175 1838 1209 jam

1045 1220 1282 1253 hincobtinuerit,
1292 1221 1344 1248 hoc
1358 1221 1447 1256 ipsum
1463 1221 1491 1248 in
1510 1221 1556 1248 illa
1574 1221 1619 1248 die
1632 1221 1687 1248 erit
1697 1221 1758 1256 ejus
1769 1220 1838 1254 vita,

1044 1273 1094 1301 per
1112 1265 1232 1298 Patrem,
1248 1270 1276 1293 et
1292 1266 1403 1299 Filium,
1428 1270 1457 1293 et
1481 1266 1617 1301 Spiritum
1641 1271 1778 1298 sanctum,
1805 1265 1836 1293 in

1046 1311 1155 1339 saecula.
1170 1311 1269 1339 Amen.

1271 1368 1349 1404 ιω
1372 1368 1515 1396 ιιοιιιιιΑ
1530 1369 1612 1396 XLV.

1045 1414 1203 1450 Nullararc
1233 1418 1280 1450 out
1315 1414 1414 1441 divitia
1443 1415 1522 1450 hujus
1555 1415 1657 1446 mundi,
1692 1415 1738 1442 sed
1766 1414 1838 1443 solus

1081 1449 1178 1491 Christi
1210 1449 1338 1477 adventus
1356 1458 1461 1492 lunare
1476 1449 1619 1491 hominem
1641 1455 1739 1492 potest,
1764 1452 1840 1492 ευλιισ

1080 1486 1226 1547 ηιαξιὶξηιιῖηι
1256 1493 1315 1512 cum
1350 1484 1406 1512 Deo
1433 1486 1617 1520 cognationem
1642 1484 1698 1513 Ιιιεο
1728 1484 1839 1514 Ιιοηιίίὶα

1081 1528 1131 1556 exp
1143 1528 1183 1548 ica
1199 1540 1206 1548 .

1081 1615 1104 1644 1.
1123 1615 1175 1649 Qui
1191 1614 1343 1643 solitariam
1354 1615 1440 1643 vitam
1466 1615 1560 1651 elegit,
1579 1615 1709 1643 universa
1729 1623 1790 1650 qua:
1811 1615 1841 1643 in

1047 1662 1101 1689 hoc
1123 1662 1225 1689 saeculo
1254 1666 1415 1695 versantur,
1438 1669 1453 1689 a
1476 1669 1506 1689 se
1533 1661 1622 1689 aliena
1641 1665 1724 1696 atque
1757 1668 1840 1696 pcre-

1048 1707 1129 1742 grina
1148 1706 1309 1734 existimare
1338 1705 1432 1734 debet.
1450 1705 1502 1739 Qui
1517 1706 1592 1733 enim
1609 1714 1674 1734 vere
1695 1707 1842 1741 prosequi-

1048 1757 1094 1780 tur
1112 1760 1223 1780 crucem
1247 1752 1364 1785 Christi,
1394 1753 1523 1780 omnibus
1548 1753 1702 1788 abnegatis,
1725 1753 1768 1780 vel
1792 1761 1842 1781 sua

1052 1798 1140 1834 ipsius
1165 1798 1267 1831 anima,
1290 1798 1371 1825 ﬁxam
1397 1802 1517 1826 mentem
1541 1798 1569 1825 in
1596 1806 1717 1825 amorem
1739 1797 1842 1825 Christi

1049 1843 1153 1871 habere
1172 1843 1269 1876 debet,
1284 1846 1457 1878 anteponens
1475 1842 1604 1870 videlicet
1618 1843 1766 1870 Dominum
1792 1850 1843 1877 pa«

1049 1886 1186 1920 rentibus,
1201 1887 1345 1920 fratribus,
1361 1887 1449 1918 uxori,
1465 1886 1573 1919 liberis,
1589 1887 1722 1922 cognatis,
1734 1886 1842 1919 amicis,

1049 1932 1238 1961 facultatibus.
1262 1932 1320 1960 Hoc
1343 1932 1418 1960 enim
1445 1933 1579 1960 Dominus
1601 1933 1704 1965 innuit,
1728 1932 1842 1960 dicens:

1049 1978 1204 2014 Quicunque
1233 1987 1286 2006 non
1319 1979 1448 2006 dimiserit
1484 1983 1606 2015 patrem,
1641 1982 1688 2006 aut
1719 1982 1844 2011 matrem,

1049 2029 1096 2052 aut
1109 2024 1217 2060 fratres,
1232 2029 1278 2052 aut
1294 2033 1416 2058 uxorem,
1428 2029 1474 2052 aut
1486 2024 1590 2058 liberos,
1606 2029 1652 2052 aut
1665 2033 1755 2060 agros,
1768 2029 1846 2052 etme

1051 2074 1156 2097 secutus
1176 2079 1228 2097 non
1242 2070 1332 2105 fuerit,
1343 2078 1396 2097 non
1413 2075 1450 2097 est
1462 2078 1502 2096 me
1512 2070 1618 2106 dignus.
1634 2070 1663 2097 ιιι
1681 2070 1757 2098 nullo
1769 2070 1843 2098 enim

1050 2115 1105 2142 alio
1140 2115 1281 2142 invenitur
1312 2115 1386 2142 salus
1417 2114 1560 2142 hominum
1600 2120 1628 2142 et
1652 2115 1781 2150 requies,
1814 2118 1845 2142 ut

1049 2161 1218 2188 audivimus.
1241 2161 1314 2194 Quot
1332 2161 1406 2188 enim
1425 2169 1504 2197 reges
1520 2161 1695 2190 emicuerunt
1713 2169 1728 2189 e
1742 2169 1843 2195 genere

1049 2206 1125 2240 Adae,
1146 2207 1194 2242 qui
1215 2207 1288 2234 nacti
1313 2206 1467 2234 dominium
1494 2208 1630 2236 universae
1656 2213 1746 2241 terrae,
1775 2209 1846 2236 altos

205 2255 345 2289 εφάνησαν
370 2254 403 2280 ἐκ
424 2253 471 2280 τοῦ
485 2253 580 2288 γένους
601 2253 704 2288 Ἀδὰμ,
723 2251 887 2287 κρατοῦντες
910 2251 993 2287 πάσης

1055 2253 1110 2281 sibi
1124 2253 1271 2281 sumebant
1290 2253 1406 2288 spiritus
1427 2258 1540 2289 propter
1556 2255 1658 2290 regiam
1675 2255 1844 2289 potentiam!

202 2300 252 2335 τῆς
261 2301 324 2335 γῆς.
337 2299 411 2334 μέγα
423 2298 584 2334 φρονοῦντες
595 2298 641 2325 ἐπὶ
650 2300 683 2334 τῇ
695 2297 822 2333 βασιλικῇ
833 2297 994 2332 δυναστείᾳι

202 2347 251 2374 καὶ
261 2346 364 2373 τούτων
377 2346 464 2377 οὐδεὶς
474 2345 519 2373 διὰ
526 2345 575 2380 τῆς
588 2345 717 2381 τοιαύτης
732 2344 892 2379 ῐκανότητος
902 2343 996 2379 ἴσχυσε

202 2393 334 2427 γνωρίσαι
355 2392 405 2428 τὴν
421 2393 453 2419 ὲκ
472 2392 523 2427 τῆς
549 2391 733 2427 παραϐάσεως
756 2390 804 2418 τοῦ
822 2389 932 2427 πρώτου
946 2390 995 2416 ἀν-

203 2438 314 2476 θρώπου
330 2437 540 2465 ἐπεισελθοῦσαν
561 2439 595 2472 τῇ
619 2438 692 2472 ψυχῇ
710 2436 823 2470 κακίαν,
841 2435 890 2462 καὶ
903 2435 996 2462 σκοτί-

203 2493 290 2512 σασαν
305 2484 400 2520 αὐτὴν,
420 2484 488 2520 πρὸς
502 2483 533 2510 τὸ
549 2483 587 2519 μὴ
605 2482 754 2517 ἐπιγνῶναι
770 2482 820 2518 τὴν
832 2481 995 2517 μεταὸολὴν,

200 2530 242 2558 ὅτι
262 2529 369 2565 πρῶτον
388 2528 548 2564 καθαρεύων
566 2529 581 2556 6
603 2528 665 2560 νοῦς
691 2528 765 2563 ἑώρα
784 2528 831 2555 τὸν
856 2527 997 2562 Δεσπότην

200 2575 284 2602 αὑτοῦ
312 2576 341 2601 ιν
365 2574 500 2609 ἀξιώματι
523 2573 571 2606 ὥν,
594 2573 642 2601 καὶ
659 2573 708 2601 νῦν
723 2573 863 2600 ὲνδέδυται
881 2572 927 2600 διὰ
946 2571 996 2608 τὴν

200 2621 340 2647 ἔκπτωσιν
356 2620 500 2656 αἰσχύνην,
513 2619 707 2654 τυφλωθέντων
719 2619 774 2646 τῶν
787 2618 936 2654 ὀφθαλμῶν
948 2618 998 2653 τῆς

200 2666 314 2702 καρδίας
324 2666 372 2693 τοῦ
387 2666 424 2702 μὴ
440 2665 551 2701 βλέπειν
562 2665 670 2700 ἐκείνην
685 2665 734 2701 τὴν
743 2665 833 2699 δόξαν,
849 2665 883 2701 ἢν
896 2664 993 2691 ἔϐλεπε

199 2713 254 2748 πρὸ
265 2712 316 2747 τῆς
333 2713 474 2748 παρακοῆς
489 2713 504 2739 ὁ
520 2713 611 2748 πατὴρ
625 2712 706 2748 ἡμῶν
722 2712 816 2748 ’Δδάμη

235 2759 274 2786 B'.
298 2758 438 2793 Ἐγένοντο
451 2758 481 2786 δὲ
498 2759 544 2786 καὶ
561 2759 685 2794 διάφοροι
701 2759 778 2793 σοφοὶ
793 2757 863 2785 κατὰ
876 2758 989 2794 κόσμον

199 2803 238 2836 ὧν
251 2806 276 2833 οἱ
293 2806 342 2842 μὲν
360 2806 406 2834 διὰ
418 2806 578 2842 φιλοσοφίας
597 2806 697 2842 ἀρετὴν
713 2805 884 2840 ἐπεδείξαντο
896 2813 904 2821 ·
919 2807 944 2832 οἱ
960 2805 989 2833 δὲ

239 2883 262 2900 ⁸⁸
277 2883 299 2912 ιι
313 2883 385 2912 Petr.
402 2892 420 2917 I,
437 2885 463 2912 4.
501 2884 523 2901 ⁸·
536 2883 604 2917 Luc,
623 2893 676 2917 xiv,
689 2884 739 2915 26;
756 2883 850 2911 .‘lullh.
869 2891 894 2917 ιι,
916 2882 959 2910 57.

1049 2297 1147 2326 horum
1165 2303 1256 2326 tamen
1276 2298 1370 2326 nullus
1382 2306 1416 2325 ex
1430 2299 1482 2326 hac
1492 2307 1586 2326 rerum
1602 2300 1683 2334 copia
1696 2300 1785 2334 potuit
1799 2307 1846 2326 co-

1048 2354 1191 2382 gnoscere,
1209 2346 1342 2373 malitiam
1358 2353 1374 2373 e
1390 2347 1612 2382 transgressione
1627 2347 1708 2382 primi
1722 2347 1846 2373 hominis

1048 2393 1250 2429 ingredientem
1271 2393 1298 2419 in
1315 2393 1445 2425 animam,
1470 2398 1498 2420 et
1521 2393 1751 2421 obtenebrautem
1771 2401 1844 2424 eam,

1047 2448 1083 2468 ne
1097 2443 1257 2475 agnosceret
1273 2439 1465 2473 mutationem,
1480 2439 1554 2474 quod
1569 2447 1667 2474 nempe
1680 2447 1759 2466 mens
1776 2446 1844 2474 pura

1047 2485 1125 2520 prius
1137 2484 1239 2513 viderit
1249 2484 1396 2512 Dominum
1422 2492 1503 2512 suum
1529 2485 1557 2513 in
1585 2485 1718 2520 dignitate
1743 2485 1844 2512 consti-

1047 2535 1126 2564 tuta;
1144 2538 1218 2558 nunc
1235 2537 1302 2557 vero
1317 2530 1414 2557 induta
1428 2530 1585 2565 sitpropter
1599 2530 1707 2565 lapsum
1725 2530 1843 2564 pudore.

1046 2576 1192 2605 excmcatis
1205 2576 1294 2604 oculis
1310 2576 1412 2609 cordis,
1432 2584 1467 2604 ne
1483 2576 1655 2611 conspiciant
1672 2576 1790 2611 gloriam
1809 2576 1843 2602 il-

1045 2625 1099 2653 lam
1128 2632 1211 2659 quam
1242 2623 1386 2659 spectabat
1412 2628 1477 2652 ante
1509 2623 1729 2652 inobedientiam
1763 2627 1843 2658 pater

1046 2675 1142 2698 noster
1159 2668 1257 2697 Adam.

1081 2759 1115 2787 ll.
1136 2758 1271 2787 Caeterum
1284 2757 1424 2793 sapientes
1435 2756 1463 2785 in
1476 2756 1579 2785 mundo
1592 2755 1670 2785 fuere
1681 2755 1844 2784 diversimo-

1046 2805 1211 2841 di,quorum
1224 2803 1347 2831 nonnulli
1360 2802 1542 2839 philosophia:
1559 2801 1693 2830 beneﬁcio
1709 2801 1840 2830 virtutem
