2079 3152
253 151 306 185 787

876 141 908 172 s.
926 138 1086 172 MACARII
1096 130 1275 170 laevent

1832 135 1886 166 788

254 206 456 235 ostendebant:
482 204 531 233 alil
555 208 634 234 vero.
650 199 687 228 ob
701 196 867 234 sophistices
880 194 1044 224 exercitium
1059 225 1060 228 η

1111 193 1145 229 ὴν
1161 191 1323 228 σοφιστικὴν
1334 190 1537 226 ἐξασκήσαντες
1551 189 1821 226 ὲθσαυμιιστώθησαν⁸
1840 193 1889 219 ἄλ.

253 251 431 280 admirationi
448 255 514 278 sunt
532 246 621 276 habiti
636 254 643 273 :
656 245 703 273 alii
722 243 890 272 rhetoricam
909 240 1046 268 docebant

255 298 418 333 gravitatem
441 305 449 323 :
473 294 519 323 alii
541 290 714 329 grammatici
735 293 763 317 et
792 292 880 323 poeta:
906 285 971 313 facti
997 292 1047 320 pro

256 343 384 370 instituto
390 339 549 368 scribebam
559 337 702 365 historias.
714 335 801 362 Porro
809 333 924 360 fuerunt
936 337 1046 366 quoque

257 388 325 415 varii
357 386 487 417 artiﬁces,
514 383 574 419 qui,
602 389 664 418 quae
690 384 764 408 sunt-
784 378 812 405 in
844 375 958 408 mundo,
973 379 1048 402 artes

256 436 449 461 exercuerunt.
471 430 596 464 Quorum
627 426 754 455 nonnulli
775 423 888 459 quidem
908 422 936 448 in
965 420 1048 456 lignis

258 483 401 507 toruantes
414 484 514 513 genera
535 475 627 503 avium
650 478 679 501 et
703 471 832 507 piscium,
860 473 889 496 et
916 466 1049 502 imagines

259 526 415 556 hominum,
435 524 463 551 in
481 523 535 550 illis
549 529 628 549 suam
649 518 812 547 industriam
832 516 1050 543 commonstrare

259 572 482 601 contenderunt:
499 568 625 598 nonnulli
644 573 711 593 vero
736 564 764 591 in
778 570 832 591 aere
853 559 1050 589 similitudines

260 625 412 647 statuarum
431 617 606 649 aliorumque
621 610 804 647 quorumdam
821 607 946 642 sculpere
958 604 1050 633 conati

261 670 337 693 sunt:
366 663 412 691 alii
436 662 553 690 asdilieia
575 658 696 695 ingentia
719 663 751 683 ac
768 653 912 691 splendida
932 651 1051 690 fabrica-

261 715 377 738 verunt:
418 707 465 736 alii
500 712 602 735 terram
635 703 770 731 fodientes
807 700 940 731 referunt,
978 696 1053 732 quod

262 754 461 789 corrumpitur,
476 759 572 780 aurum
591 755 619 778 et
629 753 790 784 argentum:
808 745 854 772 alii
864 743 970 779 lapides
989 749 1053 777 pre-

263 785 384 827 “0503:.
405 798 451 826 alii
488 803 555 824 vero
590 793 714 829 corporis
754 789 890 826 elegantia
933 785 1053 823 praediti,

263 853 326 872 cum
361 843 397 871 ob
427 845 603 870 venustatem
637 839 732 866 vultus
766 836 809 864 sui
840 834 1054 864 extollerentur,

264 889 351 924 magis
369 888 453 916 illecti
481 891 546 914 sunt
571 894 586 913 a
615 885 728 915 Satana.
755 886 838 916 atque
861 880 889 908 in
910 883 1053 914 peccatum
1068 869 1092 899 Β

265 923 344 971 lapsi.
364 935 396 962 Et
415 935 443 961 hi
468 940 565 961 omnes
594 929 719 966 praedicti
745 927 867 956 artiﬁces
891 925 994 953 detenti
1020 923 1055 951 ab

266 979 342 1006 intus
380 977 524 1004 habitante
550 976 691 1008 serpente,
725 975 754 998 et
778 977 834 997 non
859 971 1056 1003 cognoscentes

267 1031 360 1052 secum
377 1021 500 1049 habitare
515 1022 670 1055 peccatum,
684 1015 785 1051 captivi
797 1023 829 1042 ac
836 1013 908 1041 servi
920 1019 1057 1048 perversae

268 1067 413 1104 potestatis
429 1065 495 1094 facti
507 1069 583 1097 sunt,
599 1062 670 1090 nihil
681 1060 768 1098 adjuti
785 1067 801 1087 a
823 1058 937 1087 Scientia
953 1062 981 1085 et
998 1062 1057 1085 arte

268 1122 328 1142 [illi].

303 1166 348 1194 Ill.
362 1164 467 1193 Similis
480 1168 523 1192 est
537 1170 602 1198 ergo
619 1161 750 1194 mundus,
765 1160 840 1188 omni
855 1159 986 1187 varietate
1000 1157 1058 1192 ple-

268 1220 330 1245 nus,
344 1211 449 1239 homini
463 1209 542 1238 diviti
567 1207 720 1244 possidenti
746 1206 843 1233 domos
862 1204 1018 1239 splendidas
1032 1207 1060 1230 et

269 1265 391 1294 magnas,
401 1264 499 1284 aurum
514 1260 542 1283 et
550 1258 707 1290 argentum,
717 1260 750 1280 ac
758 1251 947 1287 possessiones
956 1250 1058 1282 varias,

269 1311 404 1338 omneque
417 1302 599 1330 ministerium
610 1298 789 1327 invidendum
800 1306 807 1324 ι
820 1304 916 1324 verum
924 1303 987 1323 cum
997 1303 1059 1330 gra-

270 1349 341 1376 viter
357 1348 461 1375 morbis
480 1351 561 1381 atque
574 1344 771 1373 adlictionibus
786 1342 977 1374 distineretur,
994 1340 1061 1368 asti-

272 1399 366 1422 terunt
377 1394 402 1421 ei
417 1393 511 1420 cuncti
525 1391 633 1426 cognati
651 1398 714 1418 eum
729 1388 859 1416 omnibus
881 1387 982 1422 opibus
1006 1393 1061 1412 non

271 1441 395 1468 valentes
407 1446 471 1466 eum
486 1445 520 1465 ex
544 1436 703 1464 inﬁrmitate
728 1433 870 1468 expedire.
895 1431 975 1459 Nulla
996 1438 1062 1465 ergo

272 1485 414 1520 diligentia
429 1491 536 1515 eorum,
555 1482 603 1517 qui
619 1486 683 1509 sunt
699 1481 726 1507 in
743 1479 854 1511 saeculo,
875 1485 929 1505 non
950 1477 1061 1508 fratres,

273 1540 330 1560 non
347 1531 460 1559 divitiae.
477 1537 533 1556 non
546 1527 690 1558 fortitudo,
710 1534 761 1554 nec
776 1526 839 1559 alia,
855 1532 915 1559 qua:
931 1523 1062 1559 praedicta

274 1578 349 1608 sunt,
366 1577 518 1604 demersant
537 1583 552 1601 a
567 1577 679 1609 peccato
699 1572 831 1604 animam,
864 1575 892 1598 et
912 1578 973 1606 quze
992 1577 1062 1604 pure

275 1622 434 1657 prospicere
457 1620 564 1655 nequit,
592 1618 715 1653 eripiunt
737 1625 752 1644 e
772 1620 885 1651 peccato
908 1615 977 1648 ;sed
1004 1614 1062 1642 sola

274 1668 378 1696 Christi
394 1666 529 1702 apparitio
546 1671 699 1700 expurgare
718 1666 809 1698 potest
824 1662 942 1689 animam
957 1666 986 1688 et
1000 1668 1063 1687 eor-

276 1719 337 1747 pus.
351 1711 392 1738 Ab
407 1710 480 1737 omni
497 1710 581 1745 igitur
592 1709 674 1743 hujus
692 1707 757 1734 vitae
773 1713 839 1733 cura
861 1705 982 1736 liberati,
1013 1712 1062 1731 va-

276 1765 370 1784 cemus
385 1756 511 1788 Domino,
529 1755 679 1782 clamantes
694 1753 727 1780 ad
751 1760 814 1780 eum
838 1756 923 1778 noctu
949 1751 1062 1785 diuque.

279 1801 358 1842 1M
373 1801 491 1829 Mundus
505 1800 579 1829 enim
592 1800 637 1827 hic
653 1798 828 1833 conspicuus,
850 1802 878 1824 et
891 1804 951 1831 quae
967 1800 1008 1823 est
1035 1795 1064 1822 in

276 1856 310 1875 eo
327 1848 446 1883 requies,
465 1852 568 1882 qttanto
584 1845 670 1881 magis
686 1852 787 1879 corpus
803 1843 935 1870 videntur
956 1842 1063 1873 fovere,

277 1899 353 1922 tanto
368 1892 558 1920 vehementius
567 1892 665 1918 anima:
674 1889 836 1917 ail'eetioues
851 1887 970 1920 irritant,
983 1890 1065 1921 atque

276 1943 377 1976 augent
391 1940 451 1975 ejus
469 1938 656 1967 alllietioncm.

311 2032 358 2059 IV.
374 2030 491 2064 Quidam
509 2036 576 2056 vero
590 2028 634 2055 vir
646 2026 780 2063 prudens,
808 2033 870 2053 cum
895 2024 1066 2052 desideraret

278 2085 371 2105 curam
385 2083 480 2111 gerere
495 2075 537 2102 sui
550 2074 646 2106 studii,
667 2071 810 2100 contendit
837 2070 956 2106 experiri
974 2069 1066 2099 omnia

279 2131 340 2158 qua:
353 2123 502 2149 volvuntur
517 2120 545 2147 in
559 2120 610 2147 hoc
632 2118 745 2150 mundo,
759 2117 782 2145 si
800 2117 871 2144 forte
886 2116 1066 2144 emolumenti

279 2168 346 2203 quid
364 2167 488 2194 invenire
508 2166 604 2201 possit.
615 2164 737 2192 Accessit
752 2163 786 2190 ad
797 2170 886 2197 reges,
898 2166 1026 2197 potentes
1039 2165 1067 2189 et

1095 239 1137 267 λοι
1166 239 1216 275 τὴν
1243 238 1390 274 ῥητορικὴν
1422 237 1598 273 ἐπεδείξαντο
1628 236 1785 272 δεινότητα·
1814 237 1888 264 ἄλλοι

1096 285 1289 322 γραμματικοὶ
1304 285 1351 311 καὶ
1365 283 1478 318 ποιηταὶ
1500 283 1655 317 γενόμενοι,
1671 282 1720 314 τὰς
1734 282 1806 309 κατά
1828 291 1891 309 συν-

1097 331 1184 368 θήκην
1207 330 1327 365 ἱστορίας
1343 329 1506 365 εγράψαντο.
1528 328 1608 355 Ἀλλά
1631 328 1679 355 καὶ
1697 330 1817 363 τεχνῖται
1833 329 1890 356 διά-

1098 386 1176 414 φοροι
1198 377 1327 412 γεγόνασι
1349 376 1399 408 τὰς
1423 375 1495 402 κατὰ
1510 375 1555 402 τὸν
1569 376 1672 410 κόσμον
1688 375 1891 410 ἐξασκήσαντες

1098 425 1195 460 τέχνας
1207 432 1214 439 ·
1230 419 1267 450 ὦν
1283 423 1309 449 oi.
1327 422 1376 458 μὲν
1391 423 1419 448 ἐν
1441 423 1497 454 τοῖς
1517 421 1604 454 ξύλοις
1619 421 1811 457 τορνεύσαντες
1823 422 1890 456 γένη

1099 471 1209 506 ὀρνέων,
1227 469 1275 497 καὶ
1289 469 1398 504 ἰχθύων,
1413 468 1460 495 καὶ
1477 468 1584 499 εἰκόνας
1597 467 1761 503 ἀνθρώπων,
1778 468 1806 494 ἐν
1820 467 1892 494 ἐκεί⁸

1099 525 1156 548 νοις
1171 515 1220 551 τὴν
1235 515 1339 542 ἐαυτῶν
1361 514 1462 550 ἀρετὴν
1476 514 1607 547 ἐπιδεῖξαι
1619 513 1800 540 ἐσπούδασαν·
1816 512 1892 540 ἄλλοι

1100 561 1129 588 δὲ
1160 561 1204 588 διὰ
1222 560 1325 596 χαλκοῦ
1350 560 1510 596 ὁμοιώματα
1538 560 1704 595 ἀνδριάντων
1729 559 1778 586 καλ⁵
1803 558 1893 585 ἄλλων

1100 606 1183 633 τινῶν
1202 607 1387 642 ἐπεχείρησαν
1409 606 1624 633 κατασκευάσαι·
1651 605 1725 632 ἄλλοι
1749 604 1894 639 οἰκοδομὰς

1104 653 1235 688 μεγίστας
1248 652 1296 679 καὶ
1308 651 1482 687 περικαλλεῐς
1495 651 1617 678 ἔκτισαν’
1631 650 1721 686 ’έτεροι
1735 650 1763 677 δέ
1778 650 1827 684 τὴν
1840 649 1895 684 γῆν

1103 699 1276 734 ὀρύσσοντες,
1289 698 1457 734 ἀναφέρουσι
1467 697 1513 724 τδν
1524 696 1702 732 φθειρόμενον
1713 697 1833 731 ἄργυρον
1847 696 1896 722 καὶ

1103 745 1214 780 χρυσόν·
1239 744 1314 772 ἄλλοι
1344 743 1372 770 δὲ
1400 743 1490 775 λίθους
1505 743 1612 779 τιμίους
1630 751 1637 758 ·
1656 742 1732 769 ἀλλοι
1752 742 1781 768 δέ
1807 742 1896 776 κάλλη

1106 790 1240 825 σωμάτων
1253 789 1372 825 ἔχοντες,
1395 789 1442 815 ἐπὶ
1459 790 1492 824 τῇ
1509 788 1658 824 ὡραιότητι
1672 787 1727 814 τῶν
1742 787 1898 822 προσώπων

1106 835 1293 870 ἐπαιρόμενοι,
1318 834 1418 869 μᾶλλον
1434 833 1631 868 ἐδελεάσθησαν
1650 833 1702 860 ὑπὸ
1715 832 1763 859 τοῦ
1778 833 1898 863 Σατανᾶ,

1106 881 1153 908 καὶ
1165 881 1204 913 είς
1216 880 1354 916 ἁμαρτίαν
1373 880 1482 907 ἔπεσον.
1504 880 1560 906 Καὶ
1574 875 1647 906 οὗτοι
1661 879 1762 911 πάντες
1773 879 1798 905 oi
1813 879 1901 914 προρ-

1107 926 1236 962 ῥηθέντες
1254 926 1384 962 τεχνῖται,
1410 925 1588 961 κατεχόμενοι
1609 925 1662 952 ὑπὸ
1686 924 1734 952 τοῦ
1757 924 1832 951 ἔνδον
1857 925 1900 950 οἰ-

1107 972 1220 1004 κοῦντος
1237 972 1337 1006 ὄφεως,
1354 971 1402 998 καὶ
1416 971 1454 1007 μὴ
1471 972 1586 1005 γνόντες
1601 971 1652 1006 τὴν
1671 971 1794 997 σύνοικον
1807 969 1900 1002 αὐτοῖς

1108 1019 1257 1053 ἁμαρτίαν,
1275 1018 1444 1053 αίχμάλωτοι
1467 1018 1515 1044 καὶ
1538 1017 1627 1044 δοῦλοι
1646 1017 1697 1051 τῆς
1715 1017 1838 1051 πονηρᾶς
1851 1015 1901 1044 δυ-

1108 1065 1216 1099 νάμεως
1231 1065 1372 1098 γεγόνασι,
1390 1063 1474 1099 μηδὲν
1498 1063 1686 1099 ὠφεληθέντες
1705 1062 1760 1089 ἀπὸ
1773 1056 1826 1097 τῆς
1839 1062 1902 1088 ἐπι-

1110 1111 1217 1145 στήμης
1230 1110 1277 1136 καὶ
1292 1110 1390 1145 τέχνης
1410 1109 1511 1137 αὐτῶν.

1145 1157 1182 1184 Γ’.
1202 1156 1312 1183 Ἔοικεν
1330 1154 1378 1183 οὖν
1400 1157 1415 1182 ὁ
1431 1155 1543 1190 κόσμος,
1560 1156 1574 1182 ό
1589 1155 1679 1190 πάσης
1699 1154 1836 1185 ποικιλίας
1854 1162 1903 1180 πει

1110 1203 1299 1239 πληρωμένος,
1329 1202 1466 1238 ἀνθρώπῳ
1494 1201 1615 1237 πλουσίῳ
1629 1201 1794 1236 κεκτημένῳ
1807 1201 1902 1233 οῐκους

1110 1249 1254 1284 λαμπροὺς
1267 1250 1314 1276 καὶ
1331 1249 1477 1284 μεγάλους,
1489 1248 1590 1284 χρυσόν
1604 1257 1634 1275 τε
1648 1249 1695 1276 καὶ
1705 1248 1836 1283 ἄργυρον,
1852 1249 1903 1275 καὶ

1111 1295 1224 1330 κτήσεις
1248 1294 1394 1330 διαφόρους
1406 1315 1414 1327 ,
1431 1294 1479 1321 καὶ
1496 1295 1587 1321 πᾶσαν
1605 1294 1758 1329 ὑπηρεσίαν
1773 1293 1901 1328 ἄφθονον·

1112 1340 1218 1375 ἀθρόως
1237 1340 1265 1367 δὲ
1278 1340 1436 1375 συσχεθέντι
1451 1340 1539 1372 νόσοις
1561 1340 1609 1366 καὶ
1624 1339 1724 1366 πάθεσι
1741 1340 1816 1366 πᾶσα
1830 1347 1903 1374 παρ-

1112 1386 1228 1421 έστηκεν
1240 1387 1257 1421 ἡ
1273 1386 1429 1420 συγγένεια,
1446 1385 1514 1420 μετά
1535 1385 1637 1417 παντὸς
1650 1385 1697 1412 τοῦ
1714 1384 1843 1416 πλούτου,
1864 1384 1904 1420 μὴ

1113 1432 1252 1468 δυναμένη
1276 1433 1357 1460 αὐτὸν
1377 1432 1516 1466 ἐξελέσθαι
1539 1434 1589 1467 τῆς
1613 1431 1763 1463 ἀσθενείας.
1782 1431 1905 1466 Οὐδεμία

1112 1477 1204 1504 τοίνυν
1227 1478 1331 1513 σπουδὴ
1349 1477 1404 1504 τῶν
1430 1478 1500 1504 κατὰ
1523 1477 1569 1504 τὸν
1590 1477 1657 1512 βίον,
1671 1477 1722 1502 οὐκ
1738 1475 1858 1509 ἀδελφοὶ,
1872 1476 1904 1501 οὗ

1114 1523 1240 1556 πλοῦτος,
1256 1524 1306 1550 οὐκ
1320 1523 1425 1557 ἀνδρία,
1439 1522 1496 1550 οὒτ’
1510 1522 1588 1555 ἄλλα,
1607 1523 1657 1549 ὅσα
1672 1521 1904 1557 προείρηται,τὴν

1115 1568 1336 1604 βεϐαπτισμένην
1349 1569 1402 1595 ὑπὸ
1418 1569 1467 1603 τῆς
1485 1568 1623 1603 ἁμαρτίας
1639 1567 1740 1602 ψυχὴν,
1756 1568 1804 1593 καὶ
1819 1565 1906 1592 καθα-

1116 1614 1169 1649 ρῶς
1183 1613 1325 1649 διαϐλέψαι
1343 1614 1380 1649 μὴ
1402 1613 1564 1648 δυναμένην,
1580 1612 1728 1648 ἐξαιρεῖται
1747 1612 1796 1646 τῆς
1811 1612 1906 1646 ἁμαρ,

1113 1661 1183 1693 τίας,
1203 1661 1227 1687 εί
1248 1661 1285 1696 μὴ
1300 1660 1366 1695 μόνη
1381 1660 1398 1695 ἡ
1417 1660 1464 1687 τοῦ
1476 1659 1594 1696 Χριστοῦ
1615 1659 1761 1693 ἐπιφάνεια
1789 1657 1906 1693 καθαρί-

1116 1712 1161 1730 σαι
1193 1703 1305 1730 δύναται
1341 1703 1431 1739 ψυχὴν
1467 1703 1515 1730 καὶ
1539 1703 1630 1738 σῶμα.
1644 1703 1738 1738 Πάσης
1754 1700 1801 1729 οὖν
1815 1702 1906 1728 ἀπαλ-

1114 1749 1244 1784 λαγέντες
1263 1750 1314 1784 τῆς
1328 1750 1399 1777 κατά
1418 1749 1464 1776 τὸν
1478 1749 1536 1785 βίον
1561 1749 1706 1784 μερίμνης,
1731 1748 1908 1783 σχολάσωμεν

1114 1796 1153 1832 τῷ
1169 1796 1273 1831 Κυρίῳ,
1291 1796 1406 1832 βοῶντες
1429 1796 1497 1831 πρὸς
1516 1795 1596 1822 αὑτὸν
1610 1795 1708 1826 νυκτὸς
1720 1795 1768 1821 καὶ
1787 1794 1906 1829 ἡμέρας.

1121 1843 1152 1870 '0
1171 1845 1226 1878 γὰρ
1251 1843 1414 1878 φαινόμενος
1434 1839 1511 1874 οὗτος
1539 1841 1642 1876 κόσμος
1671 1840 1718 1867 καὶ
1736 1841 1753 1876 ἡ
1775 1841 1804 1866 ἐν
1833 1839 1908 1874 αὐτῷ

1115 1889 1277 1921 ἀνάπαυσις,
1295 1889 1350 1924 ὅσῳ
1370 1888 1400 1914 τὸ
1414 1888 1493 1923 σῶμα
1507 1887 1616 1914 δοκοῦσι
1631 1886 1754 1917 θάλπειν,
1779 1885 1908 1912 τοσοῦτον

1115 1935 1166 1969 τῆς
1182 1933 1272 1969 ψυχῆς
1294 1933 1328 1960 τὰ
1349 1933 1422 1969 πάθη
1438 1933 1630 1970 παροξύνουσι,
1647 1931 1696 1959 καὶ
1711 1931 1838 1964 αὔξουσιν
1856 1931 1908 1958 αὑ-

1115 1980 1166 2016 τῆς
1180 1980 1230 2015 τὴν
1252 1979 1388 2007 κάκωσιν.

1153 2025 1191 2053 Δ’.
1212 2026 1293 2061 Ἀνὴρ
1307 2026 1336 2052 δέ
1352 2035 1393 2058 τις
1407 2025 1539 2061 φρόνιμος
1558 2024 1734 2060 ἐπιθυμήσας
1749 2022 1909 2057 ἐπιμέλειαν

1117 2071 1283 2106 ποιήσασθαι
1300 2070 1351 2105 τῆς
1368 2070 1497 2105 σπουδῆς,
1515 2069 1680 2096 ἐσπούδασεν
1701 2067 1910 2103 άποπειρασϐἦ-

1118 2125 1161 2143 ναι
1185 2116 1294 2143 πάντων
1315 2115 1369 2142 τῶν
1393 2115 1562 2150 κυλιομένων
1585 2115 1614 2141 ἐν
1641 2113 1680 2149 τῷ
1701 2112 1778 2140 αίῶνι
1803 2112 1910 2147 τούτῳ,

1118 2163 1203 2194 εῐπως
1218 2162 1308 2198 εὑρεῖν
1321 2161 1455 2196 ὠφέλειαν
1468 2161 1580 2196 δυνηθῇ.
1603 2159 1742 2195 Προσῆλθε
1759 2159 1908 2194 βασιλεῦσι,

279 2215 429 2252 principes,
446 2221 497 2240 nec
522 2211 627 2239 invenit
651 2210 785 2238 medelam
804 2209 1060 2243 salutarem,,quam

1120 2208 1274 2239 δυνάσταις,
1292 2207 1416 2243 ἄρχουσι,
1433 2206 1481 2234 καὶ
1495 2206 1544 2242 οὐχ
1558 2204 1637 2242 εὗρεν
1653 2206 1722 2241 ῐαμα
1737 2205 1910 2239 σωτηριῶδες

280 2261 344 2289 inde
360 2260 458 2287 animat
474 2258 605 2286 afferret:
628 2261 657 2285 et
676 2264 739 2284 cum
753 2256 797 2283 his
812 2255 860 2282 diu
875 2258 1066 2286 conversatus,

279 2306 348 2336 nihil
357 2305 536 2334 emolumenti
547 2303 680 2339 percepit.
691 2301 767 2330 Abiit
779 2301 871 2329 denuo
882 2300 916 2327 ad
930 2300 1068 2335 sapientes

279 2353 376 2382 mundi
391 2357 419 2380 et
432 2356 567 2383 oratores,
584 2357 654 2385 quos
666 2349 764 2376 eodem
778 2355 889 2383 quoque
907 2347 988 2375 modo
1001 2347 1068 2374 relis-

279 2400 349 2435 quit,
365 2399 472 2426 nullum
486 2398 594 2425 lucrum
603 2395 740 2423 referens:
754 2394 864 2422 transiit
874 2402 923 2429 per
936 2393 1067 2428 pictores,

279 2451 307 2474 et
323 2454 371 2474 eos
386 2445 433 2480 qui
447 2451 545 2472 aurum
561 2447 589 2471 et
614 2446 759 2477 argentum
786 2448 801 2468 e
834 2444 909 2468 terra
931 2440 1067 2470 referunt.

279 2498 361 2528 atque
372 2500 421 2527 per
433 2498 530 2518 omnes
551 2489 682 2521 artiﬁces,
713 2495 766 2516 nec
788 2488 870 2515 ullam
895 2487 1069 2515 curationem

281 2539 370 2574 potuit
388 2539 445 2565 suis
463 2537 588 2565 invenire
600 2535 773 2563 vulneribus.
798 2534 922 2562 Tandem
936 2534 1070 2561 recedens

281 2585 315 2611 ab
331 2584 384 2615 his,
401 2583 559 2618 inquirebat
570 2582 620 2610 sibi
637 2582 734 2614 Deum,
751 2581 798 2616 qui
815 2586 893 2608 sanat
909 2580 1070 2607 aﬂ‘ecliones

281 2635 308 2657 ct
319 2630 431 2657 morbos
447 2629 560 2657 animae:
578 2636 641 2656 eum
650 2636 716 2656 vero
728 2635 756 2655 se
769 2628 857 2663 ipsum
869 2627 1068 2657 consideraret,

281 2679 308 2702 et
324 2676 382 2703 haec
403 2675 595 2707 meditaretur,
618 2673 790 2709 deprehensa
805 2677 847 2700 est
867 2680 946 2699 mens
968 2672 1039 2707 ejus,
1055 2679 1070 2698 a

281 2721 382 2755 quibus
397 2721 480 2748 rebus
491 2725 572 2748 antea
588 2724 721 2755 occupata
733 2719 824 2755 palam
840 2722 1001 2750 recesserat,
1011 2725 1070 2745 eas‘

282 2766 345 2796 dem
359 2767 462 2795 odisse.

322 2851 343 2881 Υ
365 2851 601 2885 Quemadmodum
611 2860 677 2880 vero
690 2851 787 2880 mulier
798 2850 921 2886 quaedam
935 2849 1070 2878 inmundo

1119 2253 1225 2281 ἐκεῖθεν
1244 2255 1278 2290 τῇ
1297 2253 1370 2289 ψυχῇ
1393 2253 1585 2288 προσενέγκαι·
1607 2251 1655 2278 καὶ
1675 2250 1779 2282 τούτοις
1793 2250 1908 2277 ἐπιπολὺ

1119 2299 1322 2335 συνδιατρίψας,
1342 2299 1419 2326 οὐδὲν
1443 2297 1557 2333 ὤνησεν.
1585 2297 1719 2332 ’Δπῆλθεν
1744 2294 1822 2327 αὖθις
1839 2297 1909 2332 πρὸς

1118 2345 1182 2376 τοὺς
1199 2344 1298 2378 σοφοὺς
1314 2343 1361 2370 τοῦ
1378 2342 1483 2378 κόσμου
1499 2343 1547 2369 καὶ
1564 2343 1692 2377 ῥήτορας·
1709 2341 1747 2376 τῷ
1761 2340 1836 2375 αὐτῷ
1850 2341 1912 2375 τρό-

1120 2399 1163 2426 πῳ
1178 2389 1309 2417 κατέλιπε
1332 2387 1485 2420 κάκείνους,
1501 2387 1583 2422 μηδὲν
1603 2386 1700 2421 κέρδος
1719 2385 1910 2420 ἀπενεγκάμε-

1120 2444 1174 2466 νος,
1193 2435 1289 2470 Διῆλθε
1304 2434 1349 2462 διὰ
1361 2434 1415 2461 τῶν
1431 2433 1595 2467 ζωγράφων,
1612 2434 1660 2459 καὶ
1672 2432 1727 2458 τῶν
1743 2431 1790 2458 τὸν
1809 2431 1909 2466 χρυσὸν

1119 2481 1168 2508 καὶ
1181 2481 1300 2516 ἄργυρον
1316 2480 1371 2507 ἀπὸ
1390 2480 1442 2515 γῆς
1470 2478 1672 2514 ἀναφερόντων,
1690 2477 1736 2504 διὰ
1750 2479 1859 2504 πάντων
1879 2485 1909 2504 τε

1119 2527 1173 2554 τῶν
1191 2527 1333 2562 τεχνιτῶν,
1357 2527 1405 2554 καὶ
1429 2525 1557 2561 οὐδεμίαν
1574 2524 1724 2560 θεραπείαν
1740 2524 1835 2558 ίσχυσε
1856 2524 1911 2555 τοῖς

1122 2574 1198 2605 ἰδίοις
1225 2573 1351 2608 ἐφευρεῖν
1370 2573 1520 2608 τραύμασι.
1545 2571 1628 2602 Τέλος
1644 2571 1824 2605 ἀναχωρήσας
1847 2569 1909 2595 τού-

1119 2629 1184 2654 των,
1203 2620 1330 2656 ἐπεζήτει
1344 2618 1433 2654 ἐαυτῷ
1452 2618 1518 2645 Θεὸν
1534 2616 1649 2652 ἰώμενον
1663 2616 1698 2642 τὰ
1715 2615 1788 2649 πάθη
1801 2615 1848 2641 καὶ
1862 2614 1910 2645 τὰς

1120 2666 1214 2698 νόσους
1230 2665 1280 2700 τῆς
1295 2665 1401 2700 ψυχῆς,
1420 2664 1458 2695 ὡς
1480 2663 1509 2690 δὲ
1534 2662 1719 2689 ἐπεσκέπτετο
1738 2659 1845 2693 ἐαυτὸν,
1864 2660 1910 2686 καὶ

1121 2712 1205 2739 ταῦτα
1219 2711 1394 2746 διελογίζετο,
1413 2710 1513 2746 εὑρέθη
1536 2708 1623 2740 ὁνοῦς
1647 2707 1730 2736 αὐτοῦ
1754 2709 1783 2733 ἐν
1796 2707 1910 2736 ἐκείνοις

1123 2757 1290 2793 ῥεμϐόμενος
1308 2757 1366 2788 τοῖς
1389 2756 1561 2792 πράγμασιν,
1575 2752 1613 2782 ὧν
1631 2753 1756 2789 φανερῶς
1774 2751 1912 2787 ἀνεχώρη-

1123 2811 1163 2834 σε,
1180 2803 1298 2838 μισήσας
1312 2802 1392 2829 αὐτά.

1157 2849 1195 2877 Ε’.
1211 2849 1318 2885 Ὠσπερ
1333 2848 1361 2876 δὲ
1387 2849 1454 2884 γυνή
1481 2857 1524 2881 τις
1554 2848 1583 2875 ἐν
1611 2846 1706 2882 κόσμῳ
1721 2844 1846 2879 πλουσία,
1865 2843 1910 2871 καὶ
