  <div class='ocr_page' id='page_1' title='image "/cluster/home/n/w/nwhite01/storage/ocr_20150623/34/njp.32101077772547/422.png"; bbox 0 0 2079 3152; ppageno 0'>
   <div class='ocr_carea' id='block_1_1' title="bbox 198 157 253 190">
    <p class='ocr_par' dir='ltr' id='par_1_1' title="bbox 198 157 253 190">
     <span class='ocr_line' id='line_1_1' title="bbox 198 157 253 190; baseline -0.018 0"><span class='ocrx_word' id='word_1_1' title='bbox 198 157 253 190; x_wconf 79' lang='lat'><strong>789</strong></span> 
     </span>
    </p>
   </div>
   <div class='ocr_carea' id='block_1_2' title="bbox 790 160 1027 192">
    <p class='ocr_par' dir='ltr' id='par_1_2' title="bbox 790 160 1027 192">
     <span class='ocr_line' id='line_1_2' title="bbox 790 160 1027 192; baseline -0.004 0"><span class='ocrx_word' id='word_1_2' title='bbox 790 160 975 192; x_wconf 63' lang='lat' dir='ltr'><strong>HOMILIIE.</strong></span> <span class='ocrx_word' id='word_1_3' title='bbox 991 171 1027 180; x_wconf 84' lang='lat'><strong>-</strong></span> 
     </span>
    </p>
   </div>
   <div class='ocr_carea' id='block_1_3' title="bbox 1040 159 1825 194">
    <p class='ocr_par' dir='ltr' id='par_1_3' title="bbox 1040 159 1825 194">
     <span class='ocr_line' id='line_1_3' title="bbox 1040 159 1825 194; baseline 0.003 -2"><span class='ocrx_word' id='word_1_4' title='bbox 1040 159 1237 192; x_wconf 79' lang='lat' dir='ltr'><strong>HOM.-XLV-</strong></span> <span class='ocrx_word' id='word_1_5' title='bbox 1770 162 1825 194; x_wconf 82' lang='lat'><strong>790</strong></span> 
     </span>
    </p>
   </div>
   <div class='ocr_carea' id='block_1_4' title="bbox 199 211 987 254">
    <p class='ocr_par' dir='ltr' id='par_1_4' title="bbox 199 211 983 252">
     <span class='ocr_line' id='line_1_4' title="bbox 199 211 983 252; baseline 0.006 -13"><span class='ocrx_word' id='word_1_6' title='bbox 199 213 329 249; x_wconf 80' lang='grc' dir='ltr'>χρήματα</span> <span class='ocrx_word' id='word_1_7' title='bbox 345 212 431 241; x_wconf 79' lang='grc' dir='ltr'>πολλὰ</span> <span class='ocrx_word' id='word_1_8' title='bbox 442 213 489 242; x_wconf 66' lang='grc' dir='ltr'>καὶ</span> <span class='ocrx_word' id='word_1_9' title='bbox 500 211 575 242; x_wconf 73' lang='grc' dir='ltr'>οἶκον</span> <span class='ocrx_word' id='word_1_10' title='bbox 590 215 717 252; x_wconf 75' lang='grc' dir='ltr'>λαμπρὸν</span> <span class='ocrx_word' id='word_1_11' title='bbox 734 215 846 252; x_wconf 72' lang='grc' dir='ltr'>ἔχουσα,</span> <span class='ocrx_word' id='word_1_12' title='bbox 861 217 983 244; x_wconf 78' lang='grc' dir='ltr'>λείπεται</span> 
     </span>
    </p>
   </div>
   <div class='ocr_carea' id='block_1_5' title="bbox 1039 211 1828 254">
    <p class='ocr_par' dir='ltr' id='par_1_5' title="bbox 1039 216 1828 254">
     <span class='ocr_line' id='line_1_5' title="bbox 1039 216 1828 254; baseline -0.001 -10"><span class='ocrx_word' id='word_1_13' title='bbox 1039 216 1168 254; x_wconf 85' lang='lat' dir='ltr'><strong>locuples,</strong></span> <span class='ocrx_word' id='word_1_14' title='bbox 1198 218 1243 246; x_wconf 84' lang='lat' dir='ltr'><strong>vel</strong></span> <span class='ocrx_word' id='word_1_15' title='bbox 1262 217 1367 253; x_wconf 76' lang='lat' dir='ltr'><strong>amplas</strong></span> <span class='ocrx_word' id='word_1_16' title='bbox 1389 217 1502 246; x_wconf 81' lang='lat' dir='ltr'><strong>divitias</strong></span> <span class='ocrx_word' id='word_1_17' title='bbox 1524 223 1558 245; x_wconf 75' lang='lat' dir='ltr'><strong>ac</strong></span> <span class='ocrx_word' id='word_1_18' title='bbox 1586 216 1701 244; x_wconf 91' lang='lat' dir='ltr'><strong>domum</strong></span> <span class='ocrx_word' id='word_1_19' title='bbox 1718 216 1828 252; x_wconf 74' lang='lat' dir='ltr'><strong>magni-</strong></span> 
     </span>
    </p>
   </div>
   <div class='ocr_carea' id='block_1_6' title="bbox 199 258 986 298">
    <p class='ocr_par' dir='ltr' id='par_1_6' title="bbox 199 258 986 298">
     <span class='ocr_line' id='line_1_6' title="bbox 199 258 986 298; baseline 0.006 -14"><span class='ocrx_word' id='word_1_20' title='bbox 199 258 382 294; x_wconf 81' lang='grc' dir='ltr'><strong>προστασίας·</strong></span> <span class='ocrx_word' id='word_1_21' title='bbox 396 260 444 287; x_wconf 74' lang='grc' dir='ltr'>καὶ</span> <span class='ocrx_word' id='word_1_22' title='bbox 463 261 488 288; x_wconf 84' lang='grc' dir='ltr'>οι</span> <span class='ocrx_word' id='word_1_23' title='bbox 504 261 684 297; x_wconf 76' lang='grc' dir='ltr'>ἐπερχόμενοι</span> <span class='ocrx_word' id='word_1_24' title='bbox 707 263 755 290; x_wconf 66' lang='grc' dir='ltr'><strong>ἐπὶ</strong></span> <span class='ocrx_word' id='word_1_25' title='bbox 777 263 808 289; x_wconf 87' lang='grc' dir='ltr'><strong>τδ</strong></span> <span class='ocrx_word' id='word_1_26' title='bbox 823 262 923 298; x_wconf 81' lang='grc' dir='ltr'>βλάψαι</span> <span class='ocrx_word' id='word_1_27' title='bbox 937 263 986 290; x_wconf 85' lang='grc' dir='ltr'><strong>αὺ-</strong></span> 
     </span>
    </p>
   </div>
   <div class='ocr_carea' id='block_1_7' title="bbox 200 305 985 344">
    <p class='ocr_par' dir='ltr' id='par_1_7' title="bbox 200 305 985 344">
     <span class='ocr_line' id='line_1_7' title="bbox 200 305 985 344; baseline 0.006 -14"><span class='ocrx_word' id='word_1_28' title='bbox 200 305 259 339; x_wconf 82' lang='grc' dir='ltr'>τὴν,</span> <span class='ocrx_word' id='word_1_29' title='bbox 283 305 328 331; x_wconf 73' lang='grc' dir='ltr'>καὶ</span> <span class='ocrx_word' id='word_1_30' title='bbox 350 306 400 337; x_wconf 85' lang='grc' dir='ltr'>τὰς</span> <span class='ocrx_word' id='word_1_31' title='bbox 419 306 540 342; x_wconf 78' lang='grc' dir='ltr'><strong>οἰκήσεις</strong></span> <span class='ocrx_word' id='word_1_32' title='bbox 560 308 715 342; x_wconf 75' lang='grc' dir='ltr'><strong>ἐρημῶσαι,</strong></span> <span class='ocrx_word' id='word_1_33' title='bbox 740 308 851 335; x_wconf 77' lang='grc' dir='ltr'><strong>πολλοί⁹</strong></span> <span class='ocrx_word' id='word_1_34' title='bbox 872 309 985 344; x_wconf 79' lang='grc' dir='ltr'>κάκείνη</span> 
     </span>
    </p>
   </div>
   <div class='ocr_carea' id='block_1_8' title="bbox 203 350 986 390">
    <p class='ocr_par' dir='ltr' id='par_1_8' title="bbox 203 350 986 390">
     <span class='ocr_line' id='line_1_8' title="bbox 203 350 986 390; baseline 0.006 -14"><span class='ocrx_word' id='word_1_35' title='bbox 203 350 239 386; x_wconf 87' lang='grc' dir='ltr'><strong>μὴ</strong></span> <span class='ocrx_word' id='word_1_36' title='bbox 258 351 378 385; x_wconf 73' lang='grc' dir='ltr'>φέρουσα</span> <span class='ocrx_word' id='word_1_37' title='bbox 393 353 442 387; x_wconf 85' lang='grc' dir='ltr'><strong>τὴν</strong></span> <span class='ocrx_word' id='word_1_38' title='bbox 458 353 548 389; x_wconf 78' lang='grc' dir='ltr'>ὕῦριν,</span> <span class='ocrx_word' id='word_1_39' title='bbox 565 355 738 389; x_wconf 79' lang='grc' dir='ltr'><strong>περιέρχεται</strong></span> <span class='ocrx_word' id='word_1_40' title='bbox 761 355 880 390; x_wconf 79' lang='grc' dir='ltr'><strong>ζητοῦσα</strong></span> <span class='ocrx_word' id='word_1_41' title='bbox 902 355 986 390; x_wconf 84' lang='grc' dir='ltr'>ἄνδρα</span> 
     </span>
    </p>
   </div>
   <div class='ocr_carea' id='block_1_9' title="bbox 200 394 986 434">
    <p class='ocr_par' dir='ltr' id='par_1_9' title="bbox 200 394 986 434">
     <span class='ocr_line' id='line_1_9' title="bbox 200 394 986 434; baseline 0.009 -14"><span class='ocrx_word' id='word_1_42' title='bbox 200 394 343 430; x_wconf 62' lang='grc' dir='ltr'>δυνάστην.</span> <span class='ocrx_word' id='word_1_43' title='bbox 357 397 448 424; x_wconf 89' lang='grc' dir='ltr'>ίκανόν</span> <span class='ocrx_word' id='word_1_44' title='bbox 463 407 493 424; x_wconf 89' lang='grc' dir='ltr'><strong>τε</strong></span> <span class='ocrx_word' id='word_1_45' title='bbox 509 400 556 425; x_wconf 79' lang='grc' dir='ltr'>καὶ</span> <span class='ocrx_word' id='word_1_46' title='bbox 574 400 790 434; x_wconf 79' lang='grc' dir='ltr'><strong>πεπαιδευμένον</strong></span> <span class='ocrx_word' id='word_1_47' title='bbox 807 401 835 426; x_wconf 83' lang='grc' dir='ltr'>ὲν</span> <span class='ocrx_word' id='word_1_48' title='bbox 849 402 927 427; x_wconf 73' lang='grc' dir='ltr'>πᾶσι·</span> <span class='ocrx_word' id='word_1_49' title='bbox 940 400 986 426; x_wconf 75' lang='grc' dir='ltr'><strong>καὶ</strong></span> 
     </span>
    </p>
   </div>
   <div class='ocr_carea' id='block_1_10' title="bbox 201 440 985 481">
    <p class='ocr_par' dir='ltr' id='par_1_10' title="bbox 201 440 985 481">
     <span class='ocr_line' id='line_1_10' title="bbox 201 440 985 481; baseline 0.009 -16"><span class='ocrx_word' id='word_1_50' title='bbox 201 440 264 467; x_wconf 80' lang='grc' dir='ltr'>ὅταν</span> <span class='ocrx_word' id='word_1_51' title='bbox 289 441 374 468; x_wconf 71' lang='grc' dir='ltr'>πολλὰ</span> <span class='ocrx_word' id='word_1_52' title='bbox 404 443 596 480; x_wconf 76' lang='grc' dir='ltr'><strong>ἀγωνισαμένη</strong></span> <span class='ocrx_word' id='word_1_53' title='bbox 631 445 700 480; x_wconf 85' lang='grc' dir='ltr'><strong>λὰὂῃ</strong></span> <span class='ocrx_word' id='word_1_54' title='bbox 732 445 852 471; x_wconf 75' lang='grc' dir='ltr'>τοιοῦτον</span> <span class='ocrx_word' id='word_1_55' title='bbox 882 445 985 481; x_wconf 76' lang='grc' dir='ltr'>ἄνδρα,</span> 
     </span>
    </p>
   </div>
   <div class='ocr_carea' id='block_1_11' title="bbox 201 486 987 526">
    <p class='ocr_par' dir='ltr' id='par_1_11' title="bbox 201 486 987 526">
     <span class='ocr_line' id='line_1_11' title="bbox 201 486 987 526; baseline 0.009 -15"><span class='ocrx_word' id='word_1_56' title='bbox 201 486 363 521; x_wconf 81' lang='grc' dir='ltr'>ἀγαλλιᾶται</span> <span class='ocrx_word' id='word_1_57' title='bbox 389 488 432 514; x_wconf 81' lang='grc' dir='ltr'><strong>ἐπ’</strong></span> <span class='ocrx_word' id='word_1_58' title='bbox 450 489 534 524; x_wconf 84' lang='grc' dir='ltr'>αὐτῷ,</span> <span class='ocrx_word' id='word_1_59' title='bbox 552 490 598 516; x_wconf 79' lang='grc' dir='ltr'><strong>καὶ</strong></span> <span class='ocrx_word' id='word_1_60' title='bbox 618 491 674 526; x_wconf 72' lang='grc' dir='ltr'>ἔχει</span> <span class='ocrx_word' id='word_1_61' title='bbox 694 491 774 518; x_wconf 72' lang='grc' dir='ltr'>αὑτὸν</span> <span class='ocrx_word' id='word_1_62' title='bbox 796 492 856 518; x_wconf 76' lang='grc' dir='ltr'>ἀντὶ</span> <span class='ocrx_word' id='word_1_63' title='bbox 879 492 987 526; x_wconf 78' lang='grc' dir='ltr'><strong>τείχους</strong></span> 
     </span>
    </p>
   </div>
   <div class='ocr_carea' id='block_1_12' title="bbox 202 531 986 573">
    <p class='ocr_par' dir='ltr' id='par_1_12' title="bbox 202 531 986 573">
     <span class='ocr_line' id='line_1_12' title="bbox 202 531 986 573; baseline 0.008 -15"><span class='ocrx_word' id='word_1_64' title='bbox 202 531 324 567; x_wconf 67' lang='grc' dir='ltr'>ἰσχυροῦ·</span> <span class='ocrx_word' id='word_1_65' title='bbox 341 534 387 560; x_wconf 81' lang='grc' dir='ltr'>τὸν</span> <span class='ocrx_word' id='word_1_66' title='bbox 403 535 483 561; x_wconf 69' lang='grc' dir='ltr'>αὐτὸν</span> <span class='ocrx_word' id='word_1_67' title='bbox 500 538 598 571; x_wconf 78' lang='grc' dir='ltr'>τρόπον</span> <span class='ocrx_word' id='word_1_68' title='bbox 620 538 636 572; x_wconf 88' lang='grc' dir='ltr'>ἡ</span> <span class='ocrx_word' id='word_1_69' title='bbox 654 537 726 572; x_wconf 78' lang='grc' dir='ltr'>ψυχὴ</span> <span class='ocrx_word' id='word_1_70' title='bbox 750 538 818 573; x_wconf 86' lang='grc' dir='ltr'>μετὰ</span> <span class='ocrx_word' id='word_1_71' title='bbox 832 539 880 573; x_wconf 84' lang='grc' dir='ltr'>τὴν</span> <span class='ocrx_word' id='word_1_72' title='bbox 896 537 986 572; x_wconf 83' lang='grc' dir='ltr'>παρά-</span> 
     </span>
    </p>
   </div>
   <div class='ocr_carea' id='block_1_13' title="bbox 201 577 984 618">
    <p class='ocr_par' dir='ltr' id='par_1_13' title="bbox 201 577 984 618">
     <span class='ocr_line' id='line_1_13' title="bbox 201 577 984 618; baseline 0.009 -15"><span class='ocrx_word' id='word_1_73' title='bbox 201 577 291 610; x_wconf 77' lang='grc' dir='ltr'>ϐασιν,</span> <span class='ocrx_word' id='word_1_74' title='bbox 307 580 422 606; x_wconf 75' lang='grc' dir='ltr'>ἐπιπολὺ</span> <span class='ocrx_word' id='word_1_75' title='bbox 438 581 558 609; x_wconf 76' lang='grc' dir='ltr'>θλιὸεἰσα</span> <span class='ocrx_word' id='word_1_76' title='bbox 573 584 625 609; x_wconf 83' lang='grc' dir='ltr'>ὑπὸ</span> <span class='ocrx_word' id='word_1_77' title='bbox 638 584 686 618; x_wconf 82' lang='grc' dir='ltr'><strong>τῆς</strong></span> <span class='ocrx_word' id='word_1_78' title='bbox 699 584 820 615; x_wconf 72' lang='grc' dir='ltr'>ἐναντίας</span> <span class='ocrx_word' id='word_1_79' title='bbox 834 584 984 618; x_wconf 80' lang='grc' dir='ltr'>δυνάμεως,</span> 
     </span>
    </p>
   </div>
   <div class='ocr_carea' id='block_1_14' title="bbox 201 624 985 665">
    <p class='ocr_par' dir='ltr' id='par_1_14' title="bbox 201 624 985 665">
     <span class='ocr_line' id='line_1_14' title="bbox 201 624 985 665; baseline 0.009 -16"><span class='ocrx_word' id='word_1_80' title='bbox 201 624 248 649; x_wconf 75' lang='grc' dir='ltr'><strong>καὶ</strong></span> <span class='ocrx_word' id='word_1_81' title='bbox 266 625 304 656; x_wconf 81' lang='grc' dir='ltr'><strong>είς</strong></span> <span class='ocrx_word' id='word_1_82' title='bbox 321 625 442 660; x_wconf 79' lang='grc' dir='ltr'>μεγάλην</span> <span class='ocrx_word' id='word_1_83' title='bbox 460 628 575 662; x_wconf 79' lang='grc' dir='ltr'>ἐρημίαν</span> <span class='ocrx_word' id='word_1_84' title='bbox 593 629 762 664; x_wconf 77' lang='grc' dir='ltr'>ἐμπεσοῦσα,</span> <span class='ocrx_word' id='word_1_85' title='bbox 779 630 826 656; x_wconf 82' lang='grc' dir='ltr'>καὶ</span> <span class='ocrx_word' id='word_1_86' title='bbox 843 630 925 665; x_wconf 83' lang='grc' dir='ltr'>χήρα,</span> <span class='ocrx_word' id='word_1_87' title='bbox 938 630 985 655; x_wconf 81' lang='grc' dir='ltr'><strong>καὶ</strong></span> 
     </span>
    </p>
   </div>
   <div class='ocr_carea' id='block_1_15' title="bbox 203 671 986 711">
    <p class='ocr_par' dir='ltr' id='par_1_15' title="bbox 203 671 986 711">
     <span class='ocr_line' id='line_1_15' title="bbox 203 671 986 711; baseline 0.011 -17"><span class='ocrx_word' id='word_1_88' title='bbox 203 671 382 705; x_wconf 79' lang='grc' dir='ltr'>μεμονωμένη</span> <span class='ocrx_word' id='word_1_89' title='bbox 401 672 454 698; x_wconf 78' lang='grc' dir='ltr'><strong>ἀπὺ</strong></span> <span class='ocrx_word' id='word_1_90' title='bbox 468 674 514 699; x_wconf 75' lang='grc' dir='ltr'><strong>τοῦ</strong></span> <span class='ocrx_word' id='word_1_91' title='bbox 528 674 688 709; x_wconf 79' lang='grc' dir='ltr'>ἐπουρανίου</span> <span class='ocrx_word' id='word_1_92' title='bbox 704 676 798 710; x_wconf 78' lang='grc' dir='ltr'>ἀνδρὸς</span> <span class='ocrx_word' id='word_1_93' title='bbox 813 676 856 702; x_wconf 78' lang='grc' dir='ltr'>διὰ</span> <span class='ocrx_word' id='word_1_94' title='bbox 872 677 920 711; x_wconf 78' lang='grc' dir='ltr'><strong>τὴν</strong></span> <span class='ocrx_word' id='word_1_95' title='bbox 934 684 986 702; x_wconf 79' lang='grc' dir='ltr'>πα-</span> 
     </span>
    </p>
   </div>
   <div class='ocr_carea' id='block_1_16' title="bbox 202 716 985 756">
    <p class='ocr_par' dir='ltr' id='par_1_16' title="bbox 202 716 985 756">
     <span class='ocr_line' id='line_1_16' title="bbox 202 716 985 756; baseline 0.009 -15"><span class='ocrx_word' id='word_1_96' title='bbox 202 716 317 750; x_wconf 79' lang='grc' dir='ltr'>ράϐασιν</span> <span class='ocrx_word' id='word_1_97' title='bbox 339 717 390 752; x_wconf 76' lang='grc' dir='ltr'>τῆς</span> <span class='ocrx_word' id='word_1_98' title='bbox 416 719 526 754; x_wconf 78' lang='grc' dir='ltr'>ἐντολῆς</span> <span class='ocrx_word' id='word_1_99' title='bbox 550 721 763 755; x_wconf 82' lang='grc' dir='ltr'>καταλειφθεῖσα</span> <span class='ocrx_word' id='word_1_100' title='bbox 789 722 836 749; x_wconf 72' lang='grc' dir='ltr'><strong>καὶ</strong></span> <span class='ocrx_word' id='word_1_101' title='bbox 860 722 985 756; x_wconf 81' lang='grc' dir='ltr'>παίγνιον</span> 
     </span>
    </p>
   </div>
   <div class='ocr_carea' id='block_1_17' title="bbox 200 762 986 803">
    <p class='ocr_par' dir='ltr' id='par_1_17' title="bbox 200 762 986 803">
     <span class='ocr_line' id='line_1_17' title="bbox 200 762 986 803; baseline 0.009 -15"><span class='ocrx_word' id='word_1_102' title='bbox 200 762 301 795; x_wconf 81' lang='grc' dir='ltr'>πάσαις</span> <span class='ocrx_word' id='word_1_103' title='bbox 319 765 379 795; x_wconf 79' lang='grc' dir='ltr'>ταῖς</span> <span class='ocrx_word' id='word_1_104' title='bbox 396 766 597 800; x_wconf 79' lang='grc' dir='ltr'>ἀντικειμέναις</span> <span class='ocrx_word' id='word_1_105' title='bbox 618 767 747 802; x_wconf 79' lang='grc' dir='ltr'>δυνάμεσι</span> <span class='ocrx_word' id='word_1_106' title='bbox 767 768 917 803; x_wconf 65' lang='grc' dir='ltr'>γενομένη·</span> <span class='ocrx_word' id='word_1_107' title='bbox 944 769 986 802; x_wconf 78' lang='grc' dir='ltr'><strong>ἐξ·</strong></span> 
     </span>
    </p>
   </div>
   <div class='ocr_carea' id='block_1_18' title="bbox 201 807 986 849">
    <p class='ocr_par' dir='ltr' id='par_1_18' title="bbox 201 807 986 849">
     <span class='ocr_line' id='line_1_18' title="bbox 201 807 986 849; baseline 0.009 -16"><span class='ocrx_word' id='word_1_108' title='bbox 201 807 319 843; x_wconf 81' lang='grc' dir='ltr'>έστησαν</span> <span class='ocrx_word' id='word_1_109' title='bbox 341 810 394 844; x_wconf 87' lang='grc' dir='ltr'>γὰρ</span> <span class='ocrx_word' id='word_1_110' title='bbox 407 811 491 845; x_wconf 81' lang='grc' dir='ltr'>αὐτὴν</span> <span class='ocrx_word' id='word_1_111' title='bbox 507 812 562 838; x_wconf 81' lang='grc' dir='ltr'><strong>τῶν</strong></span> <span class='ocrx_word' id='word_1_112' title='bbox 581 812 651 839; x_wconf 77' lang='grc' dir='ltr'>ἰδίων</span> <span class='ocrx_word' id='word_1_113' title='bbox 666 813 781 847; x_wconf 81' lang='grc' dir='ltr'>φρενῶν,</span> <span class='ocrx_word' id='word_1_114' title='bbox 798 814 986 849; x_wconf 79' lang='grc' dir='ltr'>θαμϐήσαντες</span> 
     </span>
    </p>
   </div>
   <div class='ocr_carea' id='block_1_19' title="bbox 200 854 986 895">
    <p class='ocr_par' dir='ltr' id='par_1_19' title="bbox 200 854 986 895">
     <span class='ocr_line' id='line_1_19' title="bbox 200 854 986 895; baseline 0.01 -16"><span class='ocrx_word' id='word_1_115' title='bbox 200 854 254 880; x_wconf 77' lang='grc' dir='ltr'><strong>ἀπὸ</strong></span> <span class='ocrx_word' id='word_1_116' title='bbox 277 856 327 889; x_wconf 83' lang='grc' dir='ltr'><strong>τῆς</strong></span> <span class='ocrx_word' id='word_1_117' title='bbox 342 855 468 889; x_wconf 77' lang='grc' dir='ltr'>οὐρανίου</span> <span class='ocrx_word' id='word_1_118' title='bbox 484 857 613 890; x_wconf 81' lang='grc' dir='ltr'>διανοίας,</span> <span class='ocrx_word' id='word_1_119' title='bbox 640 859 710 885; x_wconf 84' lang='grc' dir='ltr'>ὥστε</span> <span class='ocrx_word' id='word_1_120' title='bbox 732 860 769 895; x_wconf 83' lang='grc' dir='ltr'><strong>μὴ</strong></span> <span class='ocrx_word' id='word_1_121' title='bbox 792 860 858 895; x_wconf 72' lang='grc' dir='ltr'>όρᾷν</span> <span class='ocrx_word' id='word_1_122' title='bbox 877 861 911 886; x_wconf 86' lang='grc' dir='ltr'>τὰ</span> <span class='ocrx_word' id='word_1_123' title='bbox 940 860 986 887; x_wconf 80' lang='grc' dir='ltr'>ὑπ’</span> 
     </span>
    </p>
   </div>
   <div class='ocr_carea' id='block_1_20' title="bbox 200 899 986 939">
    <p class='ocr_par' dir='ltr' id='par_1_20' title="bbox 200 899 986 939">
     <span class='ocr_line' id='line_1_20' title="bbox 200 899 986 939; baseline 0.004 -10"><span class='ocrx_word' id='word_1_124' title='bbox 200 899 289 925; x_wconf 78' lang='grc' dir='ltr'>αὑτῶν</span> <span class='ocrx_word' id='word_1_125' title='bbox 304 899 344 930; x_wconf 64' lang='grc' dir='ltr'><strong>εἷς</strong></span> <span class='ocrx_word' id='word_1_126' title='bbox 360 901 445 935; x_wconf 75' lang='grc' dir='ltr'>αὐτὴν</span> <span class='ocrx_word' id='word_1_127' title='bbox 461 902 600 937; x_wconf 84' lang='grc' dir='ltr'>γινόμενα,</span> <span class='ocrx_word' id='word_1_128' title='bbox 622 904 689 931; x_wconf 76' lang='grc' dir='ltr'>ἀλλὰ</span> <span class='ocrx_word' id='word_1_129' title='bbox 701 905 831 939; x_wconf 78' lang='grc' dir='ltr'>νομίζειν,</span> <span class='ocrx_word' id='word_1_130' title='bbox 849 905 986 937; x_wconf 75' lang='grc' dir='ltr'>ὅτιοῦτως</span> 
     </span>
    </p>
   </div>
   <div class='ocr_carea' id='block_1_21' title="bbox 201 944 986 985">
    <p class='ocr_par' dir='ltr' id='par_1_21' title="bbox 201 944 986 985">
     <span class='ocr_line' id='line_1_21' title="bbox 201 944 986 985; baseline 0.008 -14"><span class='ocrx_word' id='word_1_131' title='bbox 201 944 230 976; x_wconf 80' lang='grc' dir='ltr'><strong>ἐξ</strong></span> <span class='ocrx_word' id='word_1_132' title='bbox 256 944 343 980; x_wconf 79' lang='grc' dir='ltr'>ἀρχῆς</span> <span class='ocrx_word' id='word_1_133' title='bbox 363 946 518 980; x_wconf 85' lang='grc' dir='ltr'>γεγένηται.</span> <span class='ocrx_word' id='word_1_134' title='bbox 543 945 610 974; x_wconf 77' lang='grc' dir='ltr'>Εἶτα</span> <span class='ocrx_word' id='word_1_135' title='bbox 633 949 666 975; x_wconf 81' lang='grc' dir='ltr'>δι’</span> <span class='ocrx_word' id='word_1_136' title='bbox 680 949 765 984; x_wconf 86' lang='grc' dir='ltr'>ἀκοῆς</span> <span class='ocrx_word' id='word_1_137' title='bbox 790 950 913 985; x_wconf 77' lang='grc' dir='ltr'>μαθοῦσα</span> <span class='ocrx_word' id='word_1_138' title='bbox 937 952 986 985; x_wconf 85' lang='grc' dir='ltr'>τὴν</span> 
     </span>
    </p>
   </div>
   <div class='ocr_carea' id='block_1_22' title="bbox 202 990 987 1032">
    <p class='ocr_par' dir='ltr' id='par_1_22' title="bbox 202 990 987 1032">
     <span class='ocr_line' id='line_1_22' title="bbox 202 990 987 1032; baseline 0.01 -16"><span class='ocrx_word' id='word_1_139' title='bbox 202 990 318 1026; x_wconf 84' lang='grc' dir='ltr'>μόνωσιν</span> <span class='ocrx_word' id='word_1_140' title='bbox 332 992 415 1026; x_wconf 73' lang='grc' dir='ltr'>αὐτῆς</span> <span class='ocrx_word' id='word_1_141' title='bbox 432 993 476 1019; x_wconf 80' lang='grc' dir='ltr'>καὶ</span> <span class='ocrx_word' id='word_1_142' title='bbox 494 994 620 1029; x_wconf 80' lang='grc' dir='ltr'>ἐρημίαν,</span> <span class='ocrx_word' id='word_1_143' title='bbox 643 995 794 1028; x_wconf 75' lang='grc' dir='ltr'>στενάξασα</span> <span class='ocrx_word' id='word_1_144' title='bbox 810 997 925 1023; x_wconf 73' lang='grc' dir='ltr'>ἐνώπιον</span> <span class='ocrx_word' id='word_1_145' title='bbox 938 997 987 1032; x_wconf 81' lang='grc' dir='ltr'>τῆς</span> 
     </span>
    </p>
   </div>
   <div class='ocr_carea' id='block_1_23' title="bbox 201 1037 985 1077">
    <p class='ocr_par' dir='ltr' id='par_1_23' title="bbox 201 1037 985 1077">
     <span class='ocr_line' id='line_1_23' title="bbox 201 1037 985 1077; baseline 0.008 -14"><span class='ocrx_word' id='word_1_146' title='bbox 201 1037 406 1073; x_wconf 74' lang='grc' dir='ltr'>φιλανθρωπίας</span> <span class='ocrx_word' id='word_1_147' title='bbox 428 1039 474 1066; x_wconf 80' lang='grc' dir='ltr'>τοῦ</span> <span class='ocrx_word' id='word_1_148' title='bbox 498 1040 577 1073; x_wconf 73' lang='grc' dir='ltr'>Θεοῦ,</span> <span class='ocrx_word' id='word_1_149' title='bbox 600 1038 664 1075; x_wconf 74' lang='grc' dir='ltr'>εὗρε</span> <span class='ocrx_word' id='word_1_150' title='bbox 678 1042 748 1076; x_wconf 80' lang='grc' dir='ltr'>ζωὴν</span> <span class='ocrx_word' id='word_1_151' title='bbox 770 1043 816 1069; x_wconf 71' lang='grc' dir='ltr'><strong>καὶ</strong></span> <span class='ocrx_word' id='word_1_152' title='bbox 838 1042 985 1077; x_wconf 82' lang='grc' dir='ltr'>σωτηρίαν.</span> 
     </span>
    </p>
   </div>
   <div class='ocr_carea' id='block_1_24' title="bbox 200 1083 986 1122">
    <p class='ocr_par' dir='ltr' id='par_1_24' title="bbox 200 1083 986 1122">
     <span class='ocr_line' id='line_1_24' title="bbox 200 1083 986 1122; baseline 0.006 -13"><span class='ocrx_word' id='word_1_153' title='bbox 200 1084 249 1110; x_wconf 84' lang='grc' dir='ltr'><strong>Διὰ</strong></span> <span class='ocrx_word' id='word_1_154' title='bbox 264 1083 308 1116; x_wconf 88' lang='grc' dir='ltr'>τί;</span> <span class='ocrx_word' id='word_1_155' title='bbox 332 1085 439 1120; x_wconf 77' lang='grc' dir='ltr'>Ἐπειδὴ</span> <span class='ocrx_word' id='word_1_156' title='bbox 459 1086 573 1120; x_wconf 75' lang='grc' dir='ltr'>ἀνῆλθεν</span> <span class='ocrx_word' id='word_1_157' title='bbox 591 1088 630 1118; x_wconf 84' lang='grc' dir='ltr'>εἰς</span> <span class='ocrx_word' id='word_1_158' title='bbox 648 1087 697 1122; x_wconf 81' lang='grc' dir='ltr'><strong>τὴν</strong></span> <span class='ocrx_word' id='word_1_159' title='bbox 716 1088 875 1121; x_wconf 84' lang='grc' dir='ltr'>συγγένειαν</span> <span class='ocrx_word' id='word_1_160' title='bbox 890 1089 986 1122; x_wconf 73' lang='grc' dir='ltr'>αὐτῆς.</span> 
     </span>
    </p>
   </div>
   <div class='ocr_carea' id='block_1_25' title="bbox 202 1129 987 1168">
    <p class='ocr_par' dir='ltr' id='par_1_25' title="bbox 202 1129 987 1168">
     <span class='ocr_line' id='line_1_25' title="bbox 202 1129 987 1168; baseline 0.006 -13"><span class='ocrx_word' id='word_1_161' title='bbox 202 1129 321 1163; x_wconf 78' lang='grc' dir='ltr'>Οὐδεμία</span> <span class='ocrx_word' id='word_1_162' title='bbox 340 1131 394 1165; x_wconf 72' lang='grc' dir='ltr'><strong>γὰρ</strong></span> <span class='ocrx_word' id='word_1_163' title='bbox 412 1131 479 1167; x_wconf 78' lang='grc' dir='ltr'>ἄλλη</span> <span class='ocrx_word' id='word_1_164' title='bbox 498 1140 540 1163; x_wconf 88' lang='grc' dir='ltr'><strong>τις</strong></span> <span class='ocrx_word' id='word_1_165' title='bbox 566 1134 701 1164; x_wconf 80' lang='grc' dir='ltr'>οικείωσῖς</span> <span class='ocrx_word' id='word_1_166' title='bbox 720 1135 777 1159; x_wconf 78' lang='grc' dir='ltr'>ἐστι</span> <span class='ocrx_word' id='word_1_167' title='bbox 805 1135 851 1160; x_wconf 74' lang='grc' dir='ltr'>καὶ</span> <span class='ocrx_word' id='word_1_168' title='bbox 870 1134 987 1168; x_wconf 77' lang='grc' dir='ltr'>ὠφέλεια</span> 
     </span>
    </p>
   </div>
   <div class='ocr_carea' id='block_1_26' title="bbox 202 1176 987 1214">
    <p class='ocr_par' dir='ltr' id='par_1_26' title="bbox 202 1176 987 1214">
     <span class='ocr_line' id='line_1_26' title="bbox 202 1176 987 1214; baseline 0.006 -13"><span class='ocrx_word' id='word_1_169' title='bbox 202 1176 324 1210; x_wconf 83' lang='grc' dir='ltr'>τοιαύτη,</span> <span class='ocrx_word' id='word_1_170' title='bbox 347 1177 370 1202; x_wconf 88' lang='grc' dir='ltr'><strong>εί</strong></span> <span class='ocrx_word' id='word_1_171' title='bbox 394 1177 432 1212; x_wconf 85' lang='grc' dir='ltr'>μὴ</span> <span class='ocrx_word' id='word_1_172' title='bbox 449 1177 537 1212; x_wconf 73' lang='grc' dir='ltr'>ψυχῆς</span> <span class='ocrx_word' id='word_1_173' title='bbox 559 1179 628 1213; x_wconf 85' lang='grc' dir='ltr'>πρὸς</span> <span class='ocrx_word' id='word_1_174' title='bbox 655 1179 731 1211; x_wconf 80' lang='grc' dir='ltr'>Θεὸν,</span> <span class='ocrx_word' id='word_1_175' title='bbox 753 1180 799 1206; x_wconf 70' lang='grc' dir='ltr'><strong>καὶ</strong></span> <span class='ocrx_word' id='word_1_176' title='bbox 825 1179 892 1206; x_wconf 81' lang='grc' dir='ltr'>Θεοῦ</span> <span class='ocrx_word' id='word_1_177' title='bbox 920 1180 987 1214; x_wconf 80' lang='grc' dir='ltr'>πρὸς</span> 
     </span>
    </p>
   </div>
   <div class='ocr_carea' id='block_1_27' title="bbox 201 1223 985 1261">
    <p class='ocr_par' dir='ltr' id='par_1_27' title="bbox 201 1223 985 1261">
     <span class='ocr_line' id='line_1_27' title="bbox 201 1223 985 1261; baseline 0.003 -11"><span class='ocrx_word' id='word_1_178' title='bbox 201 1223 295 1257; x_wconf 81' lang='grc' dir='ltr'>αὐτήν.</span> <span class='ocrx_word' id='word_1_179' title='bbox 320 1223 446 1258; x_wconf 86' lang='grc' dir='ltr'>Ἐποίησε</span> <span class='ocrx_word' id='word_1_180' title='bbox 464 1224 517 1260; x_wconf 87' lang='grc' dir='ltr'>γὰρ</span> <span class='ocrx_word' id='word_1_181' title='bbox 542 1225 555 1250; x_wconf 85' lang='grc' dir='ltr'><strong><em>ὸ</em></strong></span> <span class='ocrx_word' id='word_1_182' title='bbox 578 1225 643 1256; x_wconf 79' lang='grc' dir='ltr'>Θεὸς</span> <span class='ocrx_word' id='word_1_183' title='bbox 662 1225 763 1260; x_wconf 84' lang='grc' dir='ltr'>ὀρνέων</span> <span class='ocrx_word' id='word_1_184' title='bbox 781 1226 846 1261; x_wconf 87' lang='grc' dir='ltr'>γένη</span> <span class='ocrx_word' id='word_1_185' title='bbox 861 1226 985 1260; x_wconf 75' lang='grc' dir='ltr'>διάφορα·</span> 
     </span>
    </p>
   </div>
   <div class='ocr_carea' id='block_1_28' title="bbox 201 1269 987 1307">
    <p class='ocr_par' dir='ltr' id='par_1_28' title="bbox 201 1269 987 1307">
     <span class='ocr_line' id='line_1_28' title="bbox 201 1269 987 1307; baseline 0.005 -13"><span class='ocrx_word' id='word_1_186' title='bbox 201 1269 235 1295; x_wconf 77' lang='grc' dir='ltr'>τὰ</span> <span class='ocrx_word' id='word_1_187' title='bbox 252 1269 300 1303; x_wconf 86' lang='grc' dir='ltr'><strong>μὲν</strong></span> <span class='ocrx_word' id='word_1_188' title='bbox 317 1269 387 1296; x_wconf 79' lang='grc' dir='ltr'>ὥστε</span> <span class='ocrx_word' id='word_1_189' title='bbox 408 1270 539 1303; x_wconf 69' lang='grc' dir='ltr'>φωλεύειν</span> <span class='ocrx_word' id='word_1_190' title='bbox 558 1271 586 1296; x_wconf 77' lang='grc' dir='ltr'>ὲν</span> <span class='ocrx_word' id='word_1_191' title='bbox 602 1272 635 1306; x_wconf 85' lang='grc' dir='ltr'>τῇ</span> <span class='ocrx_word' id='word_1_192' title='bbox 651 1273 697 1306; x_wconf 85' lang='grc' dir='ltr'>γῇ,</span> <span class='ocrx_word' id='word_1_193' title='bbox 715 1272 841 1298; x_wconf 80' lang='grc' dir='ltr'>κάκεῖθεν</span> <span class='ocrx_word' id='word_1_194' title='bbox 858 1272 987 1307; x_wconf 79' lang='grc' dir='ltr'>ἔχειντὴν</span> 
     </span>
    </p>
   </div>
   <div class='ocr_carea' id='block_1_29' title="bbox 200 1313 987 1351">
    <p class='ocr_par' dir='ltr' id='par_1_29' title="bbox 200 1313 987 1351">
     <span class='ocr_line' id='line_1_29' title="bbox 200 1313 987 1351; baseline 0.004 -11"><span class='ocrx_word' id='word_1_195' title='bbox 200 1313 345 1350; x_wconf 74' lang='grc' dir='ltr'>διατροφὴν</span> <span class='ocrx_word' id='word_1_196' title='bbox 366 1315 413 1341; x_wconf 75' lang='grc' dir='ltr'>καὶ</span> <span class='ocrx_word' id='word_1_197' title='bbox 438 1315 488 1350; x_wconf 87' lang='grc' dir='ltr'>τὴν</span> <span class='ocrx_word' id='word_1_198' title='bbox 515 1316 685 1342; x_wconf 80' lang='grc' dir='ltr'>ἀνάπαυσιν·</span> <span class='ocrx_word' id='word_1_199' title='bbox 707 1317 740 1343; x_wconf 77' lang='grc' dir='ltr'>τὰ</span> <span class='ocrx_word' id='word_1_200' title='bbox 761 1317 788 1342; x_wconf 83' lang='grc' dir='ltr'>δὲ</span> <span class='ocrx_word' id='word_1_201' title='bbox 812 1316 987 1351; x_wconf 81' lang='grc' dir='ltr'>ᾠκονόμησεν</span> 
     </span>
    </p>
   </div>
   <div class='ocr_carea' id='block_1_30' title="bbox 201 1359 986 1397">
    <p class='ocr_par' dir='ltr' id='par_1_30' title="bbox 201 1359 986 1397">
     <span class='ocr_line' id='line_1_30' title="bbox 201 1359 986 1397; baseline 0.003 -11"><span class='ocrx_word' id='word_1_202' title='bbox 201 1359 253 1386; x_wconf 78' lang='grc' dir='ltr'>ὑπὸ</span> <span class='ocrx_word' id='word_1_203' title='bbox 275 1360 309 1386; x_wconf 86' lang='grc' dir='ltr'>τὰ</span> <span class='ocrx_word' id='word_1_204' title='bbox 331 1360 413 1386; x_wconf 79' lang='grc' dir='ltr'>ὕδατα</span> <span class='ocrx_word' id='word_1_205' title='bbox 435 1360 575 1394; x_wconf 78' lang='grc' dir='ltr'>φωλεύειν,</span> <span class='ocrx_word' id='word_1_206' title='bbox 595 1361 720 1387; x_wconf 82' lang='grc' dir='ltr'>κάκεῖθεν</span> <span class='ocrx_word' id='word_1_207' title='bbox 734 1362 804 1397; x_wconf 75' lang='grc' dir='ltr'>ἔχειν</span> <span class='ocrx_word' id='word_1_208' title='bbox 823 1362 872 1396; x_wconf 82' lang='grc' dir='ltr'>τὴν</span> <span class='ocrx_word' id='word_1_209' title='bbox 893 1362 965 1397; x_wconf 77' lang='grc' dir='ltr'>ζωήν</span> <span class='ocrx_word' id='word_1_210' title='bbox 978 1370 986 1377; x_wconf 90' lang='grc'><strong>·</strong></span> 
     </span>
    </p>
   </div>
   <div class='ocr_carea' id='block_1_31' title="bbox 201 1407 988 1444">
    <p class='ocr_par' dir='ltr' id='par_1_31' title="bbox 201 1407 988 1444">
     <span class='ocr_line' id='line_1_31' title="bbox 201 1407 988 1444; baseline 0.004 -11"><span class='ocrx_word' id='word_1_211' title='bbox 201 1407 400 1441; x_wconf 70' lang='grc' dir='ltr'>ἐδημιούργησε</span> <span class='ocrx_word' id='word_1_212' title='bbox 425 1408 471 1434; x_wconf 77' lang='grc' dir='ltr'><strong>καὶ</strong></span> <span class='ocrx_word' id='word_1_213' title='bbox 489 1408 535 1435; x_wconf 87' lang='grc' dir='ltr'><strong>δύο</strong></span> <span class='ocrx_word' id='word_1_214' title='bbox 559 1409 677 1443; x_wconf 79' lang='grc' dir='ltr'>κόσμους</span> <span class='ocrx_word' id='word_1_215' title='bbox 690 1429 697 1440; x_wconf 92' lang='grc'><strong>,</strong></span> <span class='ocrx_word' id='word_1_216' title='bbox 722 1410 767 1435; x_wconf 75' lang='grc' dir='ltr'>τὸν</span> <span class='ocrx_word' id='word_1_217' title='bbox 790 1410 839 1444; x_wconf 78' lang='grc' dir='ltr'><strong>μὲν</strong></span> <span class='ocrx_word' id='word_1_218' title='bbox 853 1410 908 1437; x_wconf 82' lang='grc' dir='ltr'>ἄνω</span> <span class='ocrx_word' id='word_1_219' title='bbox 921 1410 988 1441; x_wconf 74' lang='grc' dir='ltr'>’τοῖς</span> 
     </span>
    </p>
   </div>
   <div class='ocr_carea' id='block_1_32' title="bbox 200 1450 988 1489">
    <p class='ocr_par' dir='ltr' id='par_1_32' title="bbox 200 1450 988 1489">
     <span class='ocr_line' id='line_1_32' title="bbox 200 1450 988 1489; baseline 0.005 -13"><span class='ocrx_word' id='word_1_220' title='bbox 200 1450 395 1485; x_wconf 80' lang='grc' dir='ltr'>λειτουργικοῖς</span> <span class='ocrx_word' id='word_1_221' title='bbox 416 1452 563 1487; x_wconf 83' lang='grc' dir='ltr'>πνεύμασι,</span> <span class='ocrx_word' id='word_1_222' title='bbox 596 1454 642 1479; x_wconf 77' lang='grc' dir='ltr'>καὶ</span> <span class='ocrx_word' id='word_1_223' title='bbox 671 1453 720 1488; x_wconf 82' lang='grc' dir='ltr'><strong>τὴν</strong></span> <span class='ocrx_word' id='word_1_224' title='bbox 749 1454 886 1480; x_wconf 74' lang='grc' dir='ltr'>πολιτείαν</span> <span class='ocrx_word' id='word_1_225' title='bbox 915 1454 988 1489; x_wconf 72' lang='grc' dir='ltr'>ἔχειν</span> 
     </span>
    </p>
   </div>
   <div class='ocr_carea' id='block_1_33' title="bbox 202 1497 988 1534">
    <p class='ocr_par' dir='ltr' id='par_1_33' title="bbox 202 1497 988 1534">
     <span class='ocr_line' id='line_1_33' title="bbox 202 1497 988 1534; baseline 0.006 -12"><span class='ocrx_word' id='word_1_226' title='bbox 202 1497 259 1523; x_wconf 79' lang='grc' dir='ltr'>ἐκεῖ</span> <span class='ocrx_word' id='word_1_227' title='bbox 271 1497 420 1529; x_wconf 74' lang='grc' dir='ltr'>διετάξατο·</span> <span class='ocrx_word' id='word_1_228' title='bbox 437 1499 482 1524; x_wconf 84' lang='grc' dir='ltr'><strong>τὸν</strong></span> <span class='ocrx_word' id='word_1_229' title='bbox 494 1499 522 1525; x_wconf 76' lang='grc' dir='ltr'><strong>δὲ</strong></span> <span class='ocrx_word' id='word_1_230' title='bbox 538 1499 612 1526; x_wconf 83' lang='grc' dir='ltr'>κάτω</span> <span class='ocrx_word' id='word_1_231' title='bbox 626 1500 681 1530; x_wconf 81' lang='grc' dir='ltr'>τοῖς</span> <span class='ocrx_word' id='word_1_232' title='bbox 695 1499 859 1534; x_wconf 77' lang='grc' dir='ltr'>ἀνθρώποις,</span> <span class='ocrx_word' id='word_1_233' title='bbox 878 1500 930 1527; x_wconf 79' lang='grc' dir='ltr'><strong>ὑπὸ</strong></span> <span class='ocrx_word' id='word_1_234' title='bbox 943 1500 988 1527; x_wconf 80' lang='grc' dir='ltr'>τὸν</span> 
     </span>
    </p>
   </div>
   <div class='ocr_carea' id='block_1_34' title="bbox 1036 262 1822 300">
    <p class='ocr_par' dir='ltr' id='par_1_34' title="bbox 1036 262 1822 300">
     <span class='ocr_line' id='line_1_34' title="bbox 1036 262 1822 300; baseline -0.005 -8"><span class='ocrx_word' id='word_1_235' title='bbox 1036 265 1116 293; x_wconf 80' lang='lat' dir='ltr'><strong>ticam</strong></span> <span class='ocrx_word' id='word_1_236' title='bbox 1131 265 1284 300; x_wconf 84' lang='lat' dir='ltr'><strong>possidens,</strong></span> <span class='ocrx_word' id='word_1_237' title='bbox 1303 265 1465 292; x_wconf 84' lang='lat' dir='ltr'><strong>destituitur</strong></span> <span class='ocrx_word' id='word_1_238' title='bbox 1491 264 1636 298; x_wconf 62' lang='lat' dir='ltr'><strong>auxilio,et</strong></span> <span class='ocrx_word' id='word_1_239' title='bbox 1650 262 1822 297; x_wconf 86' lang='lat' dir='ltr'><strong>patrocinio;</strong></span> 
     </span>
    </p>
   </div>
   <div class='ocr_carea' id='block_1_35' title="bbox 1036 308 1823 346">
    <p class='ocr_par' dir='ltr' id='par_1_35' title="bbox 1036 308 1823 346">
     <span class='ocr_line' id='line_1_35' title="bbox 1036 308 1823 346; baseline -0.005 -8"><span class='ocrx_word' id='word_1_240' title='bbox 1036 315 1063 338; x_wconf 84' lang='lat' dir='ltr'><strong>et</strong></span> <span class='ocrx_word' id='word_1_241' title='bbox 1077 311 1124 345; x_wconf 90' lang='lat' dir='ltr'><strong>qui</strong></span> <span class='ocrx_word' id='word_1_242' title='bbox 1143 311 1169 337; x_wconf 92' lang='lat' dir='ltr'><strong>in</strong></span> <span class='ocrx_word' id='word_1_243' title='bbox 1184 318 1244 338; x_wconf 88' lang='lat' dir='ltr'><strong>eam</strong></span> <span class='ocrx_word' id='word_1_244' title='bbox 1259 310 1405 346; x_wconf 80' lang='lat' dir='ltr'><strong>insurgunt</strong></span> <span class='ocrx_word' id='word_1_245' title='bbox 1419 315 1450 337; x_wconf 92' lang='lat' dir='ltr'><strong>ut</strong></span> <span class='ocrx_word' id='word_1_246' title='bbox 1464 318 1523 337; x_wconf 84' lang='lat' dir='ltr'><strong>eam</strong></span> <span class='ocrx_word' id='word_1_247' title='bbox 1537 310 1647 341; x_wconf 50' lang='lat' dir='ltr'><strong>laedant,</strong></span> <span class='ocrx_word' id='word_1_248' title='bbox 1660 313 1688 335; x_wconf 87' lang='lat' dir='ltr'><strong>et</strong></span> <span class='ocrx_word' id='word_1_249' title='bbox 1707 308 1823 335; x_wconf 64' lang='lat' dir='ltr'><strong>aedilicia</strong></span> 
     </span>
    </p>
   </div>
   <div class='ocr_carea' id='block_1_36' title="bbox 1037 353 1823 391">
    <p class='ocr_par' dir='ltr' id='par_1_36' title="bbox 1037 353 1823 391">
     <span class='ocr_line' id='line_1_36' title="bbox 1037 353 1823 391; baseline -0.006 -8"><span class='ocrx_word' id='word_1_250' title='bbox 1037 356 1191 388; x_wconf 85' lang='lat' dir='ltr'><strong>devastent,</strong></span> <span class='ocrx_word' id='word_1_251' title='bbox 1205 364 1260 383; x_wconf 87' lang='lat' dir='ltr'><strong>non</strong></span> <span class='ocrx_word' id='word_1_252' title='bbox 1269 361 1333 383; x_wconf 91' lang='lat' dir='ltr'><strong>sunt</strong></span> <span class='ocrx_word' id='word_1_253' title='bbox 1347 356 1445 391; x_wconf 86' lang='lat' dir='ltr'><strong>pauci;</strong></span> <span class='ocrx_word' id='word_1_254' title='bbox 1460 356 1506 383; x_wconf 88' lang='lat' dir='ltr'><strong>illa</strong></span> <span class='ocrx_word' id='word_1_255' title='bbox 1519 363 1573 382; x_wconf 90' lang='lat' dir='ltr'><strong>non</strong></span> <span class='ocrx_word' id='word_1_256' title='bbox 1584 355 1678 382; x_wconf 78' lang='lat' dir='ltr'><strong>ferens</strong></span> <span class='ocrx_word' id='word_1_257' title='bbox 1695 353 1823 388; x_wconf 83' lang='lat' dir='ltr'><strong>injuriam</strong></span> 
     </span>
    </p>
   </div>
   <div class='ocr_carea' id='block_1_37' title="bbox 1037 399 1822 437">
    <p class='ocr_par' dir='ltr' id='par_1_37' title="bbox 1037 399 1822 437">
     <span class='ocr_line' id='line_1_37' title="bbox 1037 399 1822 437; baseline -0.008 -7"><span class='ocrx_word' id='word_1_258' title='bbox 1037 402 1207 434; x_wconf 90' lang='lat' dir='ltr'><strong>obambulat,</strong></span> <span class='ocrx_word' id='word_1_259' title='bbox 1232 410 1360 437; x_wconf 55' lang='lat' dir='ltr'><strong>quaerens</strong></span> <span class='ocrx_word' id='word_1_260' title='bbox 1387 402 1478 428; x_wconf 90' lang='lat' dir='ltr'><strong>virum</strong></span> <span class='ocrx_word' id='word_1_261' title='bbox 1507 405 1659 435; x_wconf 86' lang='lat' dir='ltr'><strong>potentem,</strong></span> <span class='ocrx_word' id='word_1_262' title='bbox 1680 399 1822 429; x_wconf 86' lang='lat' dir='ltr'><strong>idoneum,</strong></span> 
     </span>
    </p>
   </div>
   <div class='ocr_carea' id='block_1_38' title="bbox 1036 445 1823 480">
    <p class='ocr_par' dir='ltr' id='par_1_38' title="bbox 1036 445 1823 480">
     <span class='ocr_line' id='line_1_38' title="bbox 1036 445 1823 480; baseline -0.008 -4"><span class='ocrx_word' id='word_1_263' title='bbox 1036 453 1065 476; x_wconf 86' lang='lat' dir='ltr'><strong>et</strong></span> <span class='ocrx_word' id='word_1_264' title='bbox 1089 449 1118 476; x_wconf 84' lang='lat' dir='ltr'><strong>in</strong></span> <span class='ocrx_word' id='word_1_265' title='bbox 1153 448 1282 476; x_wconf 86' lang='lat' dir='ltr'><strong>omnibus</strong></span> <span class='ocrx_word' id='word_1_266' title='bbox 1315 448 1475 479; x_wconf 88' lang='lat' dir='ltr'><strong>eruditum;</strong></span> <span class='ocrx_word' id='word_1_267' title='bbox 1501 452 1529 474; x_wconf 90' lang='lat' dir='ltr'><strong>et</strong></span> <span class='ocrx_word' id='word_1_268' title='bbox 1552 447 1598 474; x_wconf 89' lang='lat' dir='ltr'><strong>ubi</strong></span> <span class='ocrx_word' id='word_1_269' title='bbox 1630 449 1691 480; x_wconf 86' lang='lat' dir='ltr'><strong>post</strong></span> <span class='ocrx_word' id='word_1_270' title='bbox 1722 445 1823 471; x_wconf 87' lang='lat' dir='ltr'><strong>mullos</strong></span> 
     </span>
    </p>
   </div>
   <div class='ocr_carea' id='block_1_39' title="bbox 1036 491 1822 527">
    <p class='ocr_par' dir='ltr' id='par_1_39' title="bbox 1036 491 1822 527">
     <span class='ocr_line' id='line_1_39' title="bbox 1036 491 1822 527; baseline -0.008 -6"><span class='ocrx_word' id='word_1_271' title='bbox 1036 494 1147 521; x_wconf 81' lang='lat' dir='ltr'><strong>labores</strong></span> <span class='ocrx_word' id='word_1_272' title='bbox 1173 494 1326 520; x_wconf 83' lang='lat' dir='ltr'><strong>exantlatos</strong></span> <span class='ocrx_word' id='word_1_273' title='bbox 1353 497 1433 520; x_wconf 85' lang='lat' dir='ltr'><strong>nacta</strong></span> <span class='ocrx_word' id='word_1_274' title='bbox 1457 492 1540 519; x_wconf 81' lang='lat' dir='ltr'><strong>fuerit</strong></span> <span class='ocrx_word' id='word_1_275' title='bbox 1565 493 1671 527; x_wconf 79' lang='lat' dir='ltr'><strong>ejusmo</strong></span> <span class='ocrx_word' id='word_1_276' title='bbox 1691 491 1699 517; x_wconf 96' lang='lat' dir='ltr'><strong>i</strong></span> <span class='ocrx_word' id='word_1_277' title='bbox 1721 491 1822 519; x_wconf 88' lang='lat' dir='ltr'><strong>virum,</strong></span> 
     </span>
    </p>
   </div>
   <div class='ocr_carea' id='block_1_40' title="bbox 1037 538 1824 574">
    <p class='ocr_par' dir='ltr' id='par_1_40' title="bbox 1037 538 1824 574">
     <span class='ocr_line' id='line_1_40' title="bbox 1037 538 1824 574; baseline -0.008 -8"><span class='ocrx_word' id='word_1_278' title='bbox 1037 540 1157 566; x_wconf 85' lang='lat' dir='ltr'><strong>exsultat</strong></span> <span class='ocrx_word' id='word_1_279' title='bbox 1183 543 1297 574; x_wconf 78' lang='lat' dir='ltr'><strong>propter</strong></span> <span class='ocrx_word' id='word_1_280' title='bbox 1325 547 1399 569; x_wconf 82' lang='lat' dir='ltr'><strong>eum.</strong></span> <span class='ocrx_word' id='word_1_281' title='bbox 1424 542 1453 565; x_wconf 84' lang='lat' dir='ltr'><strong>et</strong></span> <span class='ocrx_word' id='word_1_282' title='bbox 1477 538 1559 565; x_wconf 90' lang='lat' dir='ltr'><strong>habet</strong></span> <span class='ocrx_word' id='word_1_283' title='bbox 1583 545 1645 564; x_wconf 87' lang='lat' dir='ltr'><strong>eum</strong></span> <span class='ocrx_word' id='word_1_284' title='bbox 1671 544 1720 571; x_wconf 91' lang='lat' dir='ltr'><strong>pro</strong></span> <span class='ocrx_word' id='word_1_285' title='bbox 1744 543 1824 562; x_wconf 83' lang='lat' dir='ltr'><strong>muro</strong></span> 
     </span>
    </p>
   </div>
   <div class='ocr_carea' id='block_1_41' title="bbox 1036 582 1822 618">
    <p class='ocr_par' dir='ltr' id='par_1_41' title="bbox 1036 582 1822 618">
     <span class='ocr_line' id='line_1_41' title="bbox 1036 582 1822 618; baseline -0.008 -5"><span class='ocrx_word' id='word_1_286' title='bbox 1036 586 1145 613; x_wconf 89' lang='lat' dir='ltr'><strong>valido:</strong></span> <span class='ocrx_word' id='word_1_287' title='bbox 1169 585 1267 612; x_wconf 89' lang='lat' dir='ltr'><strong>eodem</strong></span> <span class='ocrx_word' id='word_1_288' title='bbox 1287 585 1368 611; x_wconf 91' lang='lat' dir='ltr'><strong>modo</strong></span> <span class='ocrx_word' id='word_1_289' title='bbox 1382 585 1484 616; x_wconf 86' lang='lat' dir='ltr'><strong>anima,</strong></span> <span class='ocrx_word' id='word_1_290' title='bbox 1501 589 1562 618; x_wconf 88' lang='lat' dir='ltr'><strong>post</strong></span> <span class='ocrx_word' id='word_1_291' title='bbox 1578 582 1822 617; x_wconf 78' lang='lat' dir='ltr'><strong>transgressionem</strong></span> 
     </span>
    </p>
   </div>
   <div class='ocr_carea' id='block_1_42' title="bbox 1036 627 1824 664">
    <p class='ocr_par' dir='ltr' id='par_1_42' title="bbox 1036 627 1824 664">
     <span class='ocr_line' id='line_1_42' title="bbox 1036 627 1824 664; baseline -0.009 -5"><span class='ocrx_word' id='word_1_292' title='bbox 1036 632 1215 659; x_wconf 79' lang='lat' dir='ltr'><strong>vehementer</strong></span> <span class='ocrx_word' id='word_1_293' title='bbox 1232 631 1266 658; x_wconf 88' lang='lat' dir='ltr'><strong>ab</strong></span> <span class='ocrx_word' id='word_1_294' title='bbox 1287 630 1443 658; x_wconf 87' lang='lat' dir='ltr'><strong>adversaria</strong></span> <span class='ocrx_word' id='word_1_295' title='bbox 1469 634 1603 664; x_wconf 76' lang='lat' dir='ltr'><strong>potestate</strong></span> <span class='ocrx_word' id='word_1_296' title='bbox 1619 627 1727 657; x_wconf 81' lang='lat' dir='ltr'><strong>alnicta,</strong></span> <span class='ocrx_word' id='word_1_297' title='bbox 1748 631 1775 653; x_wconf 89' lang='lat' dir='ltr'><strong>et</strong></span> <span class='ocrx_word' id='word_1_298' title='bbox 1797 627 1824 653; x_wconf 91' lang='lat' dir='ltr'><strong>in</strong></span> 
     </span>
    </p>
   </div>
   <div class='ocr_carea' id='block_1_43' title="bbox 1036 675 1823 714">
    <p class='ocr_par' dir='ltr' id='par_1_43' title="bbox 1036 675 1823 714">
     <span class='ocr_line' id='line_1_43' title="bbox 1036 675 1823 714; baseline -0.009 -8"><span class='ocrx_word' id='word_1_299' title='bbox 1036 687 1162 714; x_wconf 82' lang='lat' dir='ltr'><strong>magnam</strong></span> <span class='ocrx_word' id='word_1_300' title='bbox 1179 677 1354 706; x_wconf 89' lang='lat' dir='ltr'><strong>solitudinem</strong></span> <span class='ocrx_word' id='word_1_301' title='bbox 1384 678 1489 712; x_wconf 86' lang='lat' dir='ltr'><strong>illapsa,</strong></span> <span class='ocrx_word' id='word_1_302' title='bbox 1514 681 1541 704; x_wconf 85' lang='lat' dir='ltr'><strong>et</strong></span> <span class='ocrx_word' id='word_1_303' title='bbox 1557 677 1639 703; x_wconf 86' lang='lat' dir='ltr'><strong>vidua</strong></span> <span class='ocrx_word' id='word_1_304' title='bbox 1665 680 1692 702; x_wconf 91' lang='lat' dir='ltr'><strong>et</strong></span> <span class='ocrx_word' id='word_1_305' title='bbox 1715 675 1823 701; x_wconf 84' lang='lat' dir='ltr'><strong>deserta</strong></span> 
     </span>
    </p>
   </div>
   <div class='ocr_carea' id='block_1_44' title="bbox 1036 715 1824 759">
    <p class='ocr_par' dir='ltr' id='par_1_44' title="bbox 1036 715 1824 759">
     <span class='ocr_line' id='line_1_44' title="bbox 1036 715 1824 759; baseline -0.011 -5"><span class='ocrx_word' id='word_1_306' title='bbox 1036 735 1050 754; x_wconf 86' lang='lat' dir='ltr'><strong>a</strong></span> <span class='ocrx_word' id='word_1_307' title='bbox 1075 726 1179 754; x_wconf 62' lang='lat' dir='ltr'><strong>caelesti</strong></span> <span class='ocrx_word' id='word_1_308' title='bbox 1203 725 1309 759; x_wconf 87' lang='lat' dir='ltr'><strong>Sponso</strong></span> <span class='ocrx_word' id='word_1_309' title='bbox 1326 729 1438 759; x_wconf 79' lang='lat' dir='ltr'><strong>propter</strong></span> <span class='ocrx_word' id='word_1_310' title='bbox 1454 722 1701 757; x_wconf 68' lang='lat' dir='ltr'><strong>transgressionem</strong></span> <span class='ocrx_word' id='word_1_311' title='bbox 1719 715 1824 755; x_wconf 75' lang='lat' dir='ltr'><strong>peccati</strong></span> 
     </span>
    </p>
   </div>
   <div class='ocr_carea' id='block_1_45' title="bbox 1037 766 1823 803">
    <p class='ocr_par' dir='ltr' id='par_1_45' title="bbox 1037 766 1823 803">
     <span class='ocr_line' id='line_1_45' title="bbox 1037 766 1823 803; baseline -0.01 -4"><span class='ocrx_word' id='word_1_312' title='bbox 1037 772 1181 803; x_wconf 86' lang='lat' dir='ltr'><strong>derelicta,</strong></span> <span class='ocrx_word' id='word_1_313' title='bbox 1190 779 1221 798; x_wconf 88' lang='lat' dir='ltr'><strong>ac</strong></span> <span class='ocrx_word' id='word_1_314' title='bbox 1233 771 1354 798; x_wconf 90' lang='lat' dir='ltr'><strong>ludibrio</strong></span> <span class='ocrx_word' id='word_1_315' title='bbox 1365 770 1495 797; x_wconf 89' lang='lat' dir='ltr'><strong>omnibus</strong></span> <span class='ocrx_word' id='word_1_316' title='bbox 1506 768 1671 796; x_wconf 87' lang='lat' dir='ltr'><strong>adversariis</strong></span> <span class='ocrx_word' id='word_1_317' title='bbox 1682 766 1823 801; x_wconf 88' lang='lat' dir='ltr'><strong>potestati-</strong></span> 
     </span>
    </p>
   </div>
   <div class='ocr_carea' id='block_1_46' title="bbox 1036 816 1824 854">
    <p class='ocr_par' dir='ltr' id='par_1_46' title="bbox 1036 816 1824 854">
     <span class='ocr_line' id='line_1_46' title="bbox 1036 816 1824 854; baseline -0.01 -7"><span class='ocrx_word' id='word_1_318' title='bbox 1036 820 1089 847; x_wconf 87' lang='lat' dir='ltr'><strong>bus</strong></span> <span class='ocrx_word' id='word_1_319' title='bbox 1104 820 1227 854; x_wconf 82' lang='lat' dir='ltr'><strong>exposita</strong></span> <span class='ocrx_word' id='word_1_320' title='bbox 1245 819 1415 854; x_wconf 87' lang='lat' dir='ltr'><strong>(everterunt</strong></span> <span class='ocrx_word' id='word_1_321' title='bbox 1436 817 1509 844; x_wconf 91' lang='lat' dir='ltr'><strong>enim</strong></span> <span class='ocrx_word' id='word_1_322' title='bbox 1534 816 1607 843; x_wconf 85' lang='lat' dir='ltr'><strong>illam</strong></span> <span class='ocrx_word' id='word_1_323' title='bbox 1624 823 1639 842; x_wconf 83' lang='lat' dir='ltr'><strong>a</strong></span> <span class='ocrx_word' id='word_1_324' title='bbox 1655 822 1705 841; x_wconf 85' lang='lat' dir='ltr'><strong>sua</strong></span> <span class='ocrx_word' id='word_1_325' title='bbox 1720 817 1824 845; x_wconf 82' lang='lat' dir='ltr'><strong>mente,</strong></span> 
     </span>
    </p>
   </div>
   <div class='ocr_carea' id='block_1_47' title="bbox 1037 858 1825 900">
    <p class='ocr_par' dir='ltr' id='par_1_47' title="bbox 1037 858 1825 900">
     <span class='ocr_line' id='line_1_47' title="bbox 1037 858 1825 900; baseline -0.01 -8"><span class='ocrx_word' id='word_1_326' title='bbox 1037 871 1117 900; x_wconf 81' lang='lat' dir='ltr'><strong>atque</strong></span> <span class='ocrx_word' id='word_1_327' title='bbox 1130 865 1312 892; x_wconf 85' lang='lat' dir='ltr'><strong>deturbarunt</strong></span> <span class='ocrx_word' id='word_1_328' title='bbox 1323 863 1357 890; x_wconf 86' lang='lat' dir='ltr'><strong>ab</strong></span> <span class='ocrx_word' id='word_1_329' title='bbox 1372 863 1512 889; x_wconf 87' lang='lat' dir='ltr'><strong>intellectu</strong></span> <span class='ocrx_word' id='word_1_330' title='bbox 1527 860 1642 892; x_wconf 75' lang='lat' dir='ltr'><strong>emlesli,</strong></span> <span class='ocrx_word' id='word_1_331' title='bbox 1659 867 1693 886; x_wconf 93' lang='lat' dir='ltr'><strong>ne</strong></span> <span class='ocrx_word' id='word_1_332' title='bbox 1713 858 1825 892; x_wconf 89' lang='lat' dir='ltr'><strong>conspi-</strong></span> 
     </span>
    </p>
   </div>
   <div class='ocr_carea' id='block_1_48' title="bbox 1038 904 1825 944">
    <p class='ocr_par' dir='ltr' id='par_1_48' title="bbox 1038 904 1825 944">
     <span class='ocr_line' id='line_1_48' title="bbox 1038 904 1825 944; baseline -0.01 -7"><span class='ocrx_word' id='word_1_333' title='bbox 1038 910 1103 943; x_wconf 86' lang='lat' dir='ltr'><strong>ciat,</strong></span> <span class='ocrx_word' id='word_1_334' title='bbox 1120 917 1181 944; x_wconf 62' lang='lat' dir='ltr'><strong>quae</strong></span> <span class='ocrx_word' id='word_1_335' title='bbox 1192 909 1226 936; x_wconf 89' lang='lat' dir='ltr'><strong>ab</strong></span> <span class='ocrx_word' id='word_1_336' title='bbox 1243 909 1298 935; x_wconf 90' lang='lat' dir='ltr'><strong>illis</strong></span> <span class='ocrx_word' id='word_1_337' title='bbox 1315 908 1342 935; x_wconf 89' lang='lat' dir='ltr'><strong>in</strong></span> <span class='ocrx_word' id='word_1_338' title='bbox 1353 915 1413 934; x_wconf 88' lang='lat' dir='ltr'><strong>eam</strong></span> <span class='ocrx_word' id='word_1_339' title='bbox 1431 906 1652 936; x_wconf 88' lang='lat' dir='ltr'><strong>committuntur,</strong></span> <span class='ocrx_word' id='word_1_340' title='bbox 1676 904 1724 931; x_wconf 84' lang='lat' dir='ltr'><strong>sed</strong></span> <span class='ocrx_word' id='word_1_341' title='bbox 1746 907 1825 938; x_wconf 83' lang='lat' dir='ltr'><strong>putet</strong></span> 
     </span>
    </p>
   </div>
   <div class='ocr_carea' id='block_1_49' title="bbox 1036 950 1825 990">
    <p class='ocr_par' dir='ltr' id='par_1_49' title="bbox 1036 950 1825 990">
     <span class='ocr_line' id='line_1_49' title="bbox 1036 950 1825 990; baseline -0.01 -6"><span class='ocrx_word' id='word_1_342' title='bbox 1036 958 1075 985; x_wconf 90' lang='lat' dir='ltr'><strong>sic</strong></span> <span class='ocrx_word' id='word_1_343' title='bbox 1087 957 1121 984; x_wconf 87' lang='lat' dir='ltr'><strong>ab</strong></span> <span class='ocrx_word' id='word_1_344' title='bbox 1144 956 1223 983; x_wconf 88' lang='lat' dir='ltr'><strong>initio</strong></span> <span class='ocrx_word' id='word_1_345' title='bbox 1240 954 1413 990; x_wconf 82' lang='lat' dir='ltr'><strong>contigisse);</strong></span> <span class='ocrx_word' id='word_1_346' title='bbox 1427 952 1600 988; x_wconf 87' lang='lat' dir='ltr'><strong>postmodum</strong></span> <span class='ocrx_word' id='word_1_347' title='bbox 1614 951 1660 978; x_wconf 94' lang='lat' dir='ltr'><strong>ubi</strong></span> <span class='ocrx_word' id='word_1_348' title='bbox 1674 959 1707 978; x_wconf 83' lang='lat' dir='ltr'><strong>ex</strong></span> <span class='ocrx_word' id='word_1_349' title='bbox 1729 950 1825 977; x_wconf 86' lang='lat' dir='ltr'><strong>auditu</strong></span> 
     </span>
    </p>
   </div>
   <div class='ocr_carea' id='block_1_50' title="bbox 1037 997 1826 1038">
    <p class='ocr_par' dir='ltr' id='par_1_50' title="bbox 1037 997 1826 1038">
     <span class='ocr_line' id='line_1_50' title="bbox 1037 997 1826 1038; baseline -0.011 -8"><span class='ocrx_word' id='word_1_350' title='bbox 1037 1003 1160 1038; x_wconf 84' lang='lat' dir='ltr'><strong>percepit</strong></span> <span class='ocrx_word' id='word_1_351' title='bbox 1170 1001 1345 1029; x_wconf 85' lang='lat' dir='ltr'><strong>solitudinem</strong></span> <span class='ocrx_word' id='word_1_352' title='bbox 1352 1007 1439 1032; x_wconf 90' lang='lat' dir='ltr'><strong>suam,</strong></span> <span class='ocrx_word' id='word_1_353' title='bbox 1450 999 1589 1033; x_wconf 85' lang='lat' dir='ltr'><strong>deplorata</strong></span> <span class='ocrx_word' id='word_1_354' title='bbox 1599 997 1768 1024; x_wconf 85' lang='lat' dir='ltr'><strong>desolatione</strong></span> <span class='ocrx_word' id='word_1_355' title='bbox 1776 1002 1826 1022; x_wconf 87' lang='lat' dir='ltr'><strong>sua</strong></span> 
     </span>
    </p>
   </div>
   <div class='ocr_carea' id='block_1_51' title="bbox 1037 1043 1825 1082">
    <p class='ocr_par' dir='ltr' id='par_1_51' title="bbox 1037 1043 1825 1082">
     <span class='ocr_line' id='line_1_51' title="bbox 1037 1043 1825 1082; baseline -0.011 -6"><span class='ocrx_word' id='word_1_356' title='bbox 1037 1050 1066 1076; x_wconf 91' lang='lat' dir='ltr'><strong>in</strong></span> <span class='ocrx_word' id='word_1_357' title='bbox 1081 1052 1229 1082; x_wconf 82' lang='lat' dir='ltr'><strong>conspectu</strong></span> <span class='ocrx_word' id='word_1_358' title='bbox 1242 1044 1433 1073; x_wconf 88' lang='lat' dir='ltr'><strong>humanissimi</strong></span> <span class='ocrx_word' id='word_1_359' title='bbox 1449 1044 1497 1071; x_wconf 89' lang='lat' dir='ltr'><strong>Dei</strong></span> <span class='ocrx_word' id='word_1_360' title='bbox 1513 1043 1618 1070; x_wconf 83' lang='lat' dir='ltr'><strong>invenit</strong></span> <span class='ocrx_word' id='word_1_361' title='bbox 1642 1043 1725 1069; x_wconf 88' lang='lat' dir='ltr'><strong>vitam</strong></span> <span class='ocrx_word' id='word_1_362' title='bbox 1738 1045 1766 1068; x_wconf 93' lang='lat' dir='ltr'><strong>et</strong></span> <span class='ocrx_word' id='word_1_363' title='bbox 1780 1047 1825 1068; x_wconf 87' lang='lat' dir='ltr'><strong>sa—</strong></span> 
     </span>
    </p>
   </div>
   <div class='ocr_carea' id='block_1_52' title="bbox 1036 1088 1827 1127">
    <p class='ocr_par' dir='ltr' id='par_1_52' title="bbox 1036 1088 1827 1127">
     <span class='ocr_line' id='line_1_52' title="bbox 1036 1088 1827 1127; baseline -0.011 -5"><span class='ocrx_word' id='word_1_364' title='bbox 1036 1096 1133 1123; x_wconf 86' lang='lat' dir='ltr'><strong>lutem.</strong></span> <span class='ocrx_word' id='word_1_365' title='bbox 1144 1093 1333 1127; x_wconf 81' lang='lat' dir='ltr'><strong>Quapropter?</strong></span> <span class='ocrx_word' id='word_1_366' title='bbox 1341 1092 1410 1124; x_wconf 85' lang='lat' dir='ltr'><strong>Quia</strong></span> <span class='ocrx_word' id='word_1_367' title='bbox 1418 1098 1527 1117; x_wconf 89' lang='lat' dir='ltr'><strong>reversa</strong></span> <span class='ocrx_word' id='word_1_368' title='bbox 1535 1094 1577 1117; x_wconf 86' lang='lat' dir='ltr'><strong>est</strong></span> <span class='ocrx_word' id='word_1_369' title='bbox 1589 1089 1622 1115; x_wconf 91' lang='lat' dir='ltr'><strong>ad</strong></span> <span class='ocrx_word' id='word_1_370' title='bbox 1632 1088 1827 1123; x_wconf 80' lang='lat' dir='ltr'><strong>cogitationem</strong></span> 
     </span>
    </p>
   </div>
   <div class='ocr_carea' id='block_1_53' title="bbox 1039 1132 1827 1168">
    <p class='ocr_par' dir='ltr' id='par_1_53' title="bbox 1039 1132 1827 1168">
     <span class='ocr_line' id='line_1_53' title="bbox 1039 1132 1827 1168; baseline -0.013 0"><span class='ocrx_word' id='word_1_371' title='bbox 1039 1148 1127 1168; x_wconf 88' lang='lat' dir='ltr'><strong>suam.</strong></span> <span class='ocrx_word' id='word_1_372' title='bbox 1144 1139 1224 1166; x_wconf 90' lang='lat' dir='ltr'><strong>Nulla</strong></span> <span class='ocrx_word' id='word_1_373' title='bbox 1241 1138 1314 1164; x_wconf 86' lang='lat' dir='ltr'><strong>enim</strong></span> <span class='ocrx_word' id='word_1_374' title='bbox 1332 1141 1374 1164; x_wconf 86' lang='lat' dir='ltr'><strong>est</strong></span> <span class='ocrx_word' id='word_1_375' title='bbox 1390 1137 1451 1163; x_wconf 80' lang='lat' dir='ltr'><strong>talis</strong></span> <span class='ocrx_word' id='word_1_376' title='bbox 1468 1135 1641 1162; x_wconf 81' lang='lat' dir='ltr'><strong>familiaritas</strong></span> <span class='ocrx_word' id='word_1_377' title='bbox 1660 1138 1742 1167; x_wconf 87' lang='lat' dir='ltr'><strong>atque</strong></span> <span class='ocrx_word' id='word_1_378' title='bbox 1767 1132 1827 1166; x_wconf 92' lang='lat' dir='ltr'><strong>opi-</strong></span> 
     </span>
    </p>
   </div>
   <div class='ocr_carea' id='block_1_54' title="bbox 1039 1178 1826 1217">
    <p class='ocr_par' dir='ltr' id='par_1_54' title="bbox 1039 1178 1826 1217">
     <span class='ocr_line' id='line_1_54' title="bbox 1039 1178 1826 1217; baseline -0.011 -4"><span class='ocrx_word' id='word_1_379' title='bbox 1039 1185 1146 1217; x_wconf 85' lang='lat' dir='ltr'><strong>tulatio,</strong></span> <span class='ocrx_word' id='word_1_380' title='bbox 1171 1192 1202 1212; x_wconf 88' lang='lat' dir='ltr'><strong>ac</strong></span> <span class='ocrx_word' id='word_1_381' title='bbox 1229 1188 1272 1210; x_wconf 86' lang='lat' dir='ltr'><strong>est</strong></span> <span class='ocrx_word' id='word_1_382' title='bbox 1296 1184 1394 1210; x_wconf 66' lang='lat' dir='ltr'><strong>anima:</strong></span> <span class='ocrx_word' id='word_1_383' title='bbox 1418 1190 1482 1216; x_wconf 78' lang='lat' dir='ltr'><strong>erga</strong></span> <span class='ocrx_word' id='word_1_384' title='bbox 1510 1181 1606 1211; x_wconf 92' lang='lat' dir='ltr'><strong>Deum,</strong></span> <span class='ocrx_word' id='word_1_385' title='bbox 1633 1185 1660 1206; x_wconf 89' lang='lat' dir='ltr'><strong>et</strong></span> <span class='ocrx_word' id='word_1_386' title='bbox 1688 1178 1736 1206; x_wconf 89' lang='lat' dir='ltr'><strong>Dei</strong></span> <span class='ocrx_word' id='word_1_387' title='bbox 1762 1185 1826 1212; x_wconf 74' lang='lat' dir='ltr'><strong>erga</strong></span> 
     </span>
    </p>
   </div>
   <div class='ocr_carea' id='block_1_55' title="bbox 1038 1224 1827 1260">
    <p class='ocr_par' dir='ltr' id='par_1_55' title="bbox 1038 1224 1827 1260">
     <span class='ocr_line' id='line_1_55' title="bbox 1038 1224 1827 1260; baseline -0.01 -2"><span class='ocrx_word' id='word_1_388' title='bbox 1038 1232 1167 1258; x_wconf 89' lang='lat' dir='ltr'><strong>animam.</strong></span> <span class='ocrx_word' id='word_1_389' title='bbox 1193 1229 1324 1257; x_wconf 81' lang='lat' dir='ltr'><strong>Condidit</strong></span> <span class='ocrx_word' id='word_1_390' title='bbox 1346 1228 1420 1255; x_wconf 86' lang='lat' dir='ltr'><strong>enim</strong></span> <span class='ocrx_word' id='word_1_391' title='bbox 1445 1228 1517 1254; x_wconf 91' lang='lat' dir='ltr'><strong>Deus</strong></span> <span class='ocrx_word' id='word_1_392' title='bbox 1541 1226 1633 1253; x_wconf 90' lang='lat' dir='ltr'><strong>avium</strong></span> <span class='ocrx_word' id='word_1_393' title='bbox 1663 1231 1764 1260; x_wconf 84' lang='lat' dir='ltr'><strong>genera</strong></span> <span class='ocrx_word' id='word_1_394' title='bbox 1785 1224 1827 1250; x_wconf 88' lang='lat' dir='ltr'><strong>di—</strong></span> 
     </span>
    </p>
   </div>
   <div class='ocr_carea' id='block_1_56' title="bbox 1037 1270 1826 1311">
    <p class='ocr_par' dir='ltr' id='par_1_56' title="bbox 1037 1270 1826 1311">
     <span class='ocr_line' id='line_1_56' title="bbox 1037 1270 1826 1311; baseline -0.011 -7"><span class='ocrx_word' id='word_1_395' title='bbox 1037 1285 1135 1305; x_wconf 86' lang='lat' dir='ltr'><strong>versa:</strong></span> <span class='ocrx_word' id='word_1_396' title='bbox 1151 1276 1282 1311; x_wconf 89' lang='lat' dir='ltr'><strong>quasdam</strong></span> <span class='ocrx_word' id='word_1_397' title='bbox 1296 1280 1325 1301; x_wconf 91' lang='lat' dir='ltr'><strong>ut</strong></span> <span class='ocrx_word' id='word_1_398' title='bbox 1338 1274 1418 1300; x_wconf 89' lang='lat' dir='ltr'><strong>nidos</strong></span> <span class='ocrx_word' id='word_1_399' title='bbox 1431 1276 1597 1306; x_wconf 87' lang='lat' dir='ltr'><strong>componant</strong></span> <span class='ocrx_word' id='word_1_400' title='bbox 1614 1272 1641 1297; x_wconf 91' lang='lat' dir='ltr'><strong>in</strong></span> <span class='ocrx_word' id='word_1_401' title='bbox 1662 1275 1743 1302; x_wconf 83' lang='lat' dir='ltr'><strong>terra,</strong></span> <span class='ocrx_word' id='word_1_402' title='bbox 1759 1274 1787 1297; x_wconf 88' lang='lat' dir='ltr'><strong>et</strong></span> <span class='ocrx_word' id='word_1_403' title='bbox 1798 1270 1826 1296; x_wconf 90' lang='lat' dir='ltr'><strong>in</strong></span> 
     </span>
    </p>
   </div>
   <div class='ocr_carea' id='block_1_57' title="bbox 1037 1314 1828 1354">
    <p class='ocr_par' dir='ltr' id='par_1_57' title="bbox 1037 1314 1828 1354">
     <span class='ocr_line' id='line_1_57' title="bbox 1037 1314 1828 1354; baseline -0.011 -6"><span class='ocrx_word' id='word_1_404' title='bbox 1037 1330 1069 1349; x_wconf 88' lang='lat' dir='ltr'><strong>ea</strong></span> <span class='ocrx_word' id='word_1_405' title='bbox 1084 1321 1201 1347; x_wconf 87' lang='lat' dir='ltr'><strong>habeant</strong></span> <span class='ocrx_word' id='word_1_406' title='bbox 1212 1323 1319 1354; x_wconf 83' lang='lat' dir='ltr'><strong>pastum</strong></span> <span class='ocrx_word' id='word_1_407' title='bbox 1333 1325 1365 1345; x_wconf 84' lang='lat' dir='ltr'><strong>ac</strong></span> <span class='ocrx_word' id='word_1_408' title='bbox 1376 1318 1517 1352; x_wconf 89' lang='lat' dir='ltr'><strong>requiem:</strong></span> <span class='ocrx_word' id='word_1_409' title='bbox 1532 1316 1663 1351; x_wconf 86' lang='lat' dir='ltr'><strong>quasdam</strong></span> <span class='ocrx_word' id='word_1_410' title='bbox 1680 1321 1744 1341; x_wconf 89' lang='lat' dir='ltr'><strong>vero</strong></span> <span class='ocrx_word' id='word_1_411' title='bbox 1752 1314 1828 1340; x_wconf 88' lang='lat' dir='ltr'><strong>ordi-</strong></span> 
     </span>
    </p>
   </div>
   <div class='ocr_carea' id='block_1_58' title="bbox 1038 1359 1827 1399">
    <p class='ocr_par' dir='ltr' id='par_1_58' title="bbox 1038 1359 1827 1399">
     <span class='ocr_line' id='line_1_58' title="bbox 1038 1359 1827 1399; baseline -0.01 -6"><span class='ocrx_word' id='word_1_412' title='bbox 1038 1366 1124 1396; x_wconf 83' lang='lat' dir='ltr'><strong>navit.</strong></span> <span class='ocrx_word' id='word_1_413' title='bbox 1139 1369 1168 1392; x_wconf 88' lang='lat' dir='ltr'><strong>ut</strong></span> <span class='ocrx_word' id='word_1_414' title='bbox 1182 1365 1233 1392; x_wconf 88' lang='lat' dir='ltr'><strong>sub</strong></span> <span class='ocrx_word' id='word_1_415' title='bbox 1248 1365 1327 1399; x_wconf 83' lang='lat' dir='ltr'><strong>aquis</strong></span> <span class='ocrx_word' id='word_1_416' title='bbox 1343 1363 1493 1395; x_wconf 81' lang='lat' dir='ltr'><strong>nidiﬁcent,</strong></span> <span class='ocrx_word' id='word_1_417' title='bbox 1525 1359 1653 1396; x_wconf 33' lang='lat' dir='ltr'><strong>indeque”</strong></span> <span class='ocrx_word' id='word_1_418' title='bbox 1665 1361 1748 1387; x_wconf 82' lang='lat' dir='ltr'><strong>vitam</strong></span> <span class='ocrx_word' id='word_1_419' title='bbox 1775 1359 1827 1385; x_wconf 85' lang='lat' dir='ltr'><strong>ha-</strong></span> 
     </span>
    </p>
   </div>
   <div class='ocr_carea' id='block_1_59' title="bbox 1038 1405 1827 1442">
    <p class='ocr_par' dir='ltr' id='par_1_59' title="bbox 1038 1405 1827 1442">
     <span class='ocr_line' id='line_1_59' title="bbox 1038 1405 1827 1442; baseline -0.01 -5"><span class='ocrx_word' id='word_1_420' title='bbox 1038 1411 1119 1437; x_wconf 85' lang='lat' dir='ltr'><strong>beant</strong></span> <span class='ocrx_word' id='word_1_421' title='bbox 1132 1419 1138 1436; x_wconf 90' lang='lat'><strong>:</strong></span> <span class='ocrx_word' id='word_1_422' title='bbox 1155 1408 1417 1442; x_wconf 77' lang='lat' dir='ltr'><strong>fabricavitquoque</strong></span> <span class='ocrx_word' id='word_1_423' title='bbox 1429 1406 1566 1441; x_wconf 87' lang='lat' dir='ltr'><strong>duplicem</strong></span> <span class='ocrx_word' id='word_1_424' title='bbox 1579 1405 1728 1436; x_wconf 87' lang='lat' dir='ltr'><strong>mundum;</strong></span> <span class='ocrx_word' id='word_1_425' title='bbox 1741 1410 1827 1430; x_wconf 90' lang='lat' dir='ltr'><strong>unum</strong></span> 
     </span>
    </p>
   </div>
   <div class='ocr_carea' id='block_1_60' title="bbox 1038 1451 1827 1491">
    <p class='ocr_par' dir='ltr' id='par_1_60' title="bbox 1038 1451 1827 1491">
     <span class='ocr_line' id='line_1_60' title="bbox 1038 1451 1827 1491; baseline -0.01 -8"><span class='ocrx_word' id='word_1_426' title='bbox 1038 1456 1219 1491; x_wconf 85' lang='lat' dir='ltr'><strong>superiorem,</strong></span> <span class='ocrx_word' id='word_1_427' title='bbox 1235 1453 1478 1481; x_wconf 86' lang='lat' dir='ltr'><strong>administratoriis</strong></span> <span class='ocrx_word' id='word_1_428' title='bbox 1489 1452 1643 1485; x_wconf 86' lang='lat' dir='ltr'><strong>spiritibus,</strong></span> <span class='ocrx_word' id='word_1_429' title='bbox 1652 1456 1681 1477; x_wconf 91' lang='lat' dir='ltr'><strong>ut</strong></span> <span class='ocrx_word' id='word_1_430' title='bbox 1694 1451 1750 1477; x_wconf 90' lang='lat' dir='ltr'><strong>illic</strong></span> <span class='ocrx_word' id='word_1_431' title='bbox 1760 1458 1827 1477; x_wconf 89' lang='lat' dir='ltr'><strong>con-</strong></span> 
     </span>
    </p>
   </div>
   <div class='ocr_carea' id='block_1_61' title="bbox 1038 1495 1828 1533">
    <p class='ocr_par' dir='ltr' id='par_1_61' title="bbox 1038 1495 1828 1533">
     <span class='ocr_line' id='line_1_61' title="bbox 1038 1495 1828 1533; baseline -0.011 -3"><span class='ocrx_word' id='word_1_432' title='bbox 1038 1499 1359 1533; x_wconf 82' lang='lat' dir='ltr'><strong>versentur,constituit;</strong></span> <span class='ocrx_word' id='word_1_433' title='bbox 1372 1499 1488 1525; x_wconf 89' lang='lat' dir='ltr'><strong>alterum</strong></span> <span class='ocrx_word' id='word_1_434' title='bbox 1498 1498 1656 1525; x_wconf 82' lang='lat' dir='ltr'><strong>inferiorem</strong></span> <span class='ocrx_word' id='word_1_435' title='bbox 1668 1495 1828 1523; x_wconf 85' lang='lat' dir='ltr'><strong>hominibus</strong></span> 
     </span>
    </p>
   </div>
   <div class='ocr_carea' id='block_1_62' title="bbox 201 1542 987 1582">
    <p class='ocr_par' dir='ltr' id='par_1_62' title="bbox 201 1542 987 1582">
     <span class='ocr_line' id='line_1_62' title="bbox 201 1542 987 1582; baseline 0.008 -15"><span class='ocrx_word' id='word_1_436' title='bbox 201 1542 269 1576; x_wconf 79' lang='grc' dir='ltr'>ἀέρα</span> <span class='ocrx_word' id='word_1_437' title='bbox 283 1542 377 1568; x_wconf 73' lang='grc' dir='ltr'>τοῦτον</span> <span class='ocrx_word' id='word_1_438' title='bbox 392 1551 398 1557; x_wconf 84' lang='grc'><strong>”</strong></span> <span class='ocrx_word' id='word_1_439' title='bbox 416 1543 506 1570; x_wconf 76' lang='grc' dir='ltr'>ἔκτισε</span> <span class='ocrx_word' id='word_1_440' title='bbox 524 1545 551 1571; x_wconf 82' lang='grc' dir='ltr'>δὲ</span> <span class='ocrx_word' id='word_1_441' title='bbox 567 1545 613 1571; x_wconf 74' lang='grc' dir='ltr'><strong>καὶ</strong></span> <span class='ocrx_word' id='word_1_442' title='bbox 630 1546 743 1580; x_wconf 74' lang='grc' dir='ltr'>οὐρανὸν</span> <span class='ocrx_word' id='word_1_443' title='bbox 767 1547 813 1572; x_wconf 74' lang='grc' dir='ltr'><strong>καὶ</strong></span> <span class='ocrx_word' id='word_1_444' title='bbox 830 1547 897 1580; x_wconf 75' lang='grc' dir='ltr'>γῆν,</span> <span class='ocrx_word' id='word_1_445' title='bbox 913 1547 987 1582; x_wconf 76' lang='grc' dir='ltr'>ἥλιον</span> 
     </span>
    </p>
   </div>
   <div class='ocr_carea' id='block_1_63' title="bbox 1039 1542 1830 1582">
    <p class='ocr_par' dir='ltr' id='par_1_63' title="bbox 1040 1543 1830 1579">
     <span class='ocr_line' id='line_1_63' title="bbox 1040 1543 1830 1579; baseline -0.01 -4"><span class='ocrx_word' id='word_1_446' title='bbox 1040 1548 1090 1576; x_wconf 90' lang='lat' dir='ltr'><strong>sub</strong></span> <span class='ocrx_word' id='word_1_447' title='bbox 1113 1548 1165 1575; x_wconf 89' lang='lat' dir='ltr'><strong>hoc</strong></span> <span class='ocrx_word' id='word_1_448' title='bbox 1189 1555 1262 1573; x_wconf 86' lang='lat' dir='ltr'><strong>aere.</strong></span> <span class='ocrx_word' id='word_1_449' title='bbox 1289 1546 1398 1573; x_wconf 87' lang='lat' dir='ltr'><strong>Creavit</strong></span> <span class='ocrx_word' id='word_1_450' title='bbox 1421 1551 1530 1579; x_wconf 87' lang='lat' dir='ltr'><strong>quoque</strong></span> <span class='ocrx_word' id='word_1_451' title='bbox 1556 1543 1655 1570; x_wconf 76' lang='lat' dir='ltr'><strong>emlum</strong></span> <span class='ocrx_word' id='word_1_452' title='bbox 1672 1547 1699 1569; x_wconf 91' lang='lat' dir='ltr'><strong>ct</strong></span> <span class='ocrx_word' id='word_1_453' title='bbox 1715 1546 1830 1573; x_wconf 73' lang='lat' dir='ltr'><strong>terram,</strong></span> 
     </span>
    </p>
   </div>
   <div class='ocr_carea' id='block_1_64' title="bbox 201 1589 987 1627">
    <p class='ocr_par' dir='ltr' id='par_1_64' title="bbox 201 1589 987 1627">
     <span class='ocr_line' id='line_1_64' title="bbox 201 1589 987 1627; baseline 0.006 -13"><span class='ocrx_word' id='word_1_454' title='bbox 201 1590 247 1615; x_wconf 75' lang='grc' dir='ltr'><strong>καὶ</strong></span> <span class='ocrx_word' id='word_1_455' title='bbox 264 1589 387 1624; x_wconf 84' lang='grc' dir='ltr'>σελήνην,</span> <span class='ocrx_word' id='word_1_456' title='bbox 403 1589 496 1622; x_wconf 77' lang='grc' dir='ltr'>ὕδατα,</span> <span class='ocrx_word' id='word_1_457' title='bbox 515 1590 610 1626; x_wconf 80' lang='grc' dir='ltr'>δένδρα</span> <span class='ocrx_word' id='word_1_458' title='bbox 632 1593 809 1627; x_wconf 72' lang='grc' dir='ltr'>καρποφόρα,</span> <span class='ocrx_word' id='word_1_459' title='bbox 828 1592 893 1626; x_wconf 87' lang='grc' dir='ltr'>γένη</span> <span class='ocrx_word' id='word_1_460' title='bbox 911 1592 987 1624; x_wconf 75' lang='grc' dir='ltr'>ζώων</span> 
     </span>
    </p>
   </div>
   <div class='ocr_carea' id='block_1_65' title="bbox 202 1633 988 1668">
    <p class='ocr_par' dir='ltr' id='par_1_65' title="bbox 202 1633 988 1668">
     <span class='ocr_line' id='line_1_65' title="bbox 202 1633 988 1668; baseline 0.004 -8"><span class='ocrx_word' id='word_1_461' title='bbox 202 1633 346 1660; x_wconf 72' lang='grc' dir='ltr'>παντοίων·</span> <span class='ocrx_word' id='word_1_462' title='bbox 366 1634 423 1660; x_wconf 79' lang='grc' dir='ltr'>ἀλλ’</span> <span class='ocrx_word' id='word_1_463' title='bbox 438 1635 466 1660; x_wconf 85' lang='grc' dir='ltr'>ὲν</span> <span class='ocrx_word' id='word_1_464' title='bbox 491 1635 577 1661; x_wconf 69' lang='grc' dir='ltr'>οὐδενὶ</span> <span class='ocrx_word' id='word_1_465' title='bbox 597 1636 685 1662; x_wconf 84' lang='grc' dir='ltr'>αὐτῶν</span> <span class='ocrx_word' id='word_1_466' title='bbox 701 1638 714 1662; x_wconf 81' lang='grc' dir='ltr'>ὸ</span> <span class='ocrx_word' id='word_1_467' title='bbox 726 1636 793 1668; x_wconf 75' lang='grc' dir='ltr'>θεὸς</span> <span class='ocrx_word' id='word_1_468' title='bbox 812 1638 988 1663; x_wconf 85' lang='grc' dir='ltr'>ὲπαναπαύε-</span> 
     </span>
    </p>
   </div>
   <div class='ocr_carea' id='block_1_66' title="bbox 201 1679 988 1717">
    <p class='ocr_par' dir='ltr' id='par_1_66' title="bbox 201 1679 988 1717">
     <span class='ocr_line' id='line_1_66' title="bbox 201 1679 988 1717; baseline 0.006 -13"><span class='ocrx_word' id='word_1_469' title='bbox 201 1687 255 1705; x_wconf 82' lang='grc' dir='ltr'>ται.</span> <span class='ocrx_word' id='word_1_470' title='bbox 275 1679 352 1705; x_wconf 77' lang='grc' dir='ltr'>Πᾶσα</span> <span class='ocrx_word' id='word_1_471' title='bbox 367 1679 382 1714; x_wconf 84' lang='grc' dir='ltr'><strong>ὴ</strong></span> <span class='ocrx_word' id='word_1_472' title='bbox 398 1679 485 1710; x_wconf 83' lang='grc' dir='ltr'>κτίσις</span> <span class='ocrx_word' id='word_1_473' title='bbox 501 1680 545 1706; x_wconf 78' lang='grc' dir='ltr'><strong>ὑπ’</strong></span> <span class='ocrx_word' id='word_1_474' title='bbox 561 1681 642 1707; x_wconf 79' lang='grc' dir='ltr'>αὑτοῦ</span> <span class='ocrx_word' id='word_1_475' title='bbox 659 1682 837 1716; x_wconf 73' lang='grc' dir='ltr'>κεκράτηται,</span> <span class='ocrx_word' id='word_1_476' title='bbox 857 1683 903 1709; x_wconf 72' lang='grc' dir='ltr'><strong>καὶ</strong></span> <span class='ocrx_word' id='word_1_477' title='bbox 914 1683 988 1717; x_wconf 79' lang='grc' dir='ltr'>ὅμως</span> 
     </span>
    </p>
   </div>
   <div class='ocr_carea' id='block_1_67' title="bbox 201 1725 988 1763">
    <p class='ocr_par' dir='ltr' id='par_1_67' title="bbox 201 1725 988 1763">
     <span class='ocr_line' id='line_1_67' title="bbox 201 1725 988 1763; baseline 0.004 -12"><span class='ocrx_word' id='word_1_478' title='bbox 201 1725 252 1751; x_wconf 83' lang='grc' dir='ltr'>οὐκ</span> <span class='ocrx_word' id='word_1_479' title='bbox 271 1725 371 1759; x_wconf 73' lang='grc' dir='ltr'>ἔπηξεν</span> <span class='ocrx_word' id='word_1_480' title='bbox 392 1727 419 1752; x_wconf 80' lang='grc' dir='ltr'>ὲν</span> <span class='ocrx_word' id='word_1_481' title='bbox 436 1726 526 1757; x_wconf 74' lang='grc' dir='ltr'>αὐτοῖς</span> <span class='ocrx_word' id='word_1_482' title='bbox 543 1726 647 1761; x_wconf 83' lang='grc' dir='ltr'>Θρόνον,</span> <span class='ocrx_word' id='word_1_483' title='bbox 663 1727 724 1753; x_wconf 75' lang='grc' dir='ltr'>οὔτε</span> <span class='ocrx_word' id='word_1_484' title='bbox 743 1729 884 1758; x_wconf 81' lang='grc' dir='ltr'>κοινωνίας</span> <span class='ocrx_word' id='word_1_485' title='bbox 902 1729 988 1763; x_wconf 78' lang='grc' dir='ltr'>ἡρμό-</span> 
     </span>
    </p>
   </div>
   <div class='ocr_carea' id='block_1_68' title="bbox 203 1771 989 1808">
    <p class='ocr_par' dir='ltr' id='par_1_68' title="bbox 203 1771 989 1808">
     <span class='ocr_line' id='line_1_68' title="bbox 203 1771 989 1808; baseline 0.001 -11"><span class='ocrx_word' id='word_1_486' title='bbox 203 1780 278 1804; x_wconf 80' lang='grc' dir='ltr'>σατο,</span> <span class='ocrx_word' id='word_1_487' title='bbox 294 1772 318 1797; x_wconf 85' lang='grc' dir='ltr'><strong>εί</strong></span> <span class='ocrx_word' id='word_1_488' title='bbox 330 1772 366 1807; x_wconf 85' lang='grc' dir='ltr'>μὴ</span> <span class='ocrx_word' id='word_1_489' title='bbox 380 1773 409 1797; x_wconf 77' lang='grc' dir='ltr'>ὲν</span> <span class='ocrx_word' id='word_1_490' title='bbox 424 1771 559 1806; x_wconf 84' lang='grc' dir='ltr'>ἀνθρώπῳ</span> <span class='ocrx_word' id='word_1_491' title='bbox 575 1773 654 1806; x_wconf 74' lang='grc' dir='ltr'>μόνον</span> <span class='ocrx_word' id='word_1_492' title='bbox 667 1773 806 1807; x_wconf 68' lang='grc' dir='ltr'>εὐδόκησε,</span> <span class='ocrx_word' id='word_1_493' title='bbox 822 1775 989 1808; x_wconf 84' lang='grc' dir='ltr'>κοινωνήσας</span> 
     </span>
    </p>
   </div>
   <div class='ocr_carea' id='block_1_69' title="bbox 203 1816 989 1853">
    <p class='ocr_par' dir='ltr' id='par_1_69' title="bbox 203 1816 989 1853">
     <span class='ocr_line' id='line_1_69' title="bbox 203 1816 989 1853; baseline 0 -10"><span class='ocrx_word' id='word_1_494' title='bbox 203 1817 287 1851; x_wconf 81' lang='grc' dir='ltr'>αὐτῷ,</span> <span class='ocrx_word' id='word_1_495' title='bbox 302 1817 349 1843; x_wconf 78' lang='grc' dir='ltr'><strong>καὶ</strong></span> <span class='ocrx_word' id='word_1_496' title='bbox 366 1817 641 1852; x_wconf 79' lang='grc' dir='ltr'>ὲπαναπαυσάμενος.</span> <span class='ocrx_word' id='word_1_497' title='bbox 660 1817 743 1853; x_wconf 76' lang='grc' dir='ltr'>Ὁρᾷς</span> <span class='ocrx_word' id='word_1_498' title='bbox 759 1816 809 1844; x_wconf 86' lang='grc' dir='ltr'>ὧδε</span> <span class='ocrx_word' id='word_1_499' title='bbox 830 1819 989 1852; x_wconf 79' lang='grc' dir='ltr'>συγγένειαν</span> 
     </span>
    </p>
   </div>
   <div class='ocr_carea' id='block_1_70' title="bbox 203 1861 989 1898">
    <p class='ocr_par' dir='ltr' id='par_1_70' title="bbox 203 1861 989 1898">
     <span class='ocr_line' id='line_1_70' title="bbox 203 1861 989 1898; baseline 0.004 -11"><span class='ocrx_word' id='word_1_500' title='bbox 203 1861 271 1887; x_wconf 80' lang='grc' dir='ltr'>Θεοῦ</span> <span class='ocrx_word' id='word_1_501' title='bbox 285 1861 352 1896; x_wconf 75' lang='grc' dir='ltr'>πρὸς</span> <span class='ocrx_word' id='word_1_502' title='bbox 366 1861 520 1897; x_wconf 76' lang='grc' dir='ltr'>ἄνθρωπον,</span> <span class='ocrx_word' id='word_1_503' title='bbox 532 1863 579 1889; x_wconf 83' lang='grc' dir='ltr'>καὶ</span> <span class='ocrx_word' id='word_1_504' title='bbox 597 1863 741 1898; x_wconf 80' lang='grc' dir='ltr'>ἀνθρώπου</span> <span class='ocrx_word' id='word_1_505' title='bbox 756 1864 826 1898; x_wconf 80' lang='grc' dir='ltr'>πρὸς</span> <span class='ocrx_word' id='word_1_506' title='bbox 846 1864 931 1897; x_wconf 71' lang='grc' dir='ltr'>Θεόνς</span> <span class='ocrx_word' id='word_1_507' title='bbox 958 1864 989 1890; x_wconf 83' lang='lat' dir='ltr'><strong>&#39;il</strong></span> 
     </span>
    </p>
   </div>
   <div class='ocr_carea' id='block_1_71' title="bbox 202 1904 991 1943">
    <p class='ocr_par' dir='ltr' id='par_1_71' title="bbox 202 1904 991 1943">
     <span class='ocr_line' id='line_1_71' title="bbox 202 1904 991 1943; baseline 0.003 -10"><span class='ocrx_word' id='word_1_508' title='bbox 202 1904 249 1933; x_wconf 80' lang='grc' dir='ltr'><strong>οὖν</strong></span> <span class='ocrx_word' id='word_1_509' title='bbox 265 1907 362 1941; x_wconf 83' lang='grc' dir='ltr'>συνετὴ</span> <span class='ocrx_word' id='word_1_510' title='bbox 377 1908 423 1933; x_wconf 81' lang='grc' dir='ltr'><strong>καὶ</strong></span> <span class='ocrx_word' id='word_1_511' title='bbox 437 1908 554 1943; x_wconf 85' lang='grc' dir='ltr'>φρονίμη</span> <span class='ocrx_word' id='word_1_512' title='bbox 571 1908 644 1943; x_wconf 76' lang='grc' dir='ltr'><strong>ψυχὴ</strong></span> <span class='ocrx_word' id='word_1_513' title='bbox 656 1908 836 1942; x_wconf 81' lang='grc' dir='ltr'>περιελθοῦσα</span> <span class='ocrx_word' id='word_1_514' title='bbox 853 1909 941 1935; x_wconf 75' lang='grc' dir='ltr'>πάντα</span> <span class='ocrx_word' id='word_1_515' title='bbox 957 1910 991 1936; x_wconf 83' lang='grc' dir='ltr'>τὰ</span> 
     </span>
    </p>
   </div>
   <div class='ocr_carea' id='block_1_72' title="bbox 203 1952 990 1991">
    <p class='ocr_par' dir='ltr' id='par_1_72' title="bbox 203 1952 990 1991">
     <span class='ocr_line' id='line_1_72' title="bbox 203 1952 990 1991; baseline 0.003 -12"><span class='ocrx_word' id='word_1_516' title='bbox 203 1953 444 1989; x_wconf 85' lang='grc' dir='ltr'>δημιουργήματα,</span> <span class='ocrx_word' id='word_1_517' title='bbox 464 1955 513 1988; x_wconf 86' lang='grc' dir='ltr'>οὐχ</span> <span class='ocrx_word' id='word_1_518' title='bbox 536 1952 614 1989; x_wconf 71' lang='grc' dir='ltr'>εὗρεν</span> <span class='ocrx_word' id='word_1_519' title='bbox 628 1955 780 1981; x_wconf 85' lang='grc' dir='ltr'>ἀνάπαυσιν</span> <span class='ocrx_word' id='word_1_520' title='bbox 796 1956 890 1991; x_wconf 78' lang='grc' dir='ltr'>ἑαυτῇ,</span> <span class='ocrx_word' id='word_1_521' title='bbox 910 1957 934 1981; x_wconf 85' lang='grc' dir='ltr'>ει</span> <span class='ocrx_word' id='word_1_522' title='bbox 953 1956 990 1991; x_wconf 82' lang='grc' dir='ltr'><strong>μὴ</strong></span> 
     </span>
    </p>
   </div>
   <div class='ocr_carea' id='block_1_73' title="bbox 205 1999 989 2038">
    <p class='ocr_par' dir='ltr' id='par_1_73' title="bbox 205 1999 989 2038">
     <span class='ocr_line' id='line_1_73' title="bbox 205 1999 989 2038; baseline 0.005 -14"><span class='ocrx_word' id='word_1_523' title='bbox 205 1999 284 2033; x_wconf 87' lang='grc' dir='ltr'>μόνον</span> <span class='ocrx_word' id='word_1_524' title='bbox 307 2001 336 2026; x_wconf 79' lang='grc' dir='ltr'>ὲν</span> <span class='ocrx_word' id='word_1_525' title='bbox 353 2000 455 2035; x_wconf 84' lang='grc' dir='ltr'>Κυρίῳ·</span> <span class='ocrx_word' id='word_1_526' title='bbox 471 2001 518 2026; x_wconf 73' lang='grc' dir='ltr'><strong>καὶ</strong></span> <span class='ocrx_word' id='word_1_527' title='bbox 540 2001 553 2026; x_wconf 82' lang='grc' dir='ltr'>ὁ</span> <span class='ocrx_word' id='word_1_528' title='bbox 569 2001 670 2036; x_wconf 80' lang='grc' dir='ltr'>Κύριος</span> <span class='ocrx_word' id='word_1_529' title='bbox 683 2002 711 2028; x_wconf 84' lang='grc' dir='ltr'><strong>ἐν</strong></span> <span class='ocrx_word' id='word_1_530' title='bbox 730 2002 818 2028; x_wconf 74' lang='grc' dir='ltr'>οὐδενὶ</span> <span class='ocrx_word' id='word_1_531' title='bbox 833 2002 989 2038; x_wconf 78' lang='grc' dir='ltr'>εὐδόκησεν,</span> 
     </span>
    </p>
   </div>
   <div class='ocr_carea' id='block_1_74' title="bbox 203 2045 584 2083">
    <p class='ocr_par' dir='ltr' id='par_1_74' title="bbox 203 2045 584 2083">
     <span class='ocr_line' id='line_1_74' title="bbox 203 2045 584 2083; baseline 0.01 -12"><span class='ocrx_word' id='word_1_532' title='bbox 203 2045 229 2072; x_wconf 79' lang='grc' dir='ltr'><strong>ιι</strong></span> <span class='ocrx_word' id='word_1_533' title='bbox 243 2045 282 2081; x_wconf 82' lang='grc' dir='ltr'>μὴ</span> <span class='ocrx_word' id='word_1_534' title='bbox 297 2046 378 2081; x_wconf 87' lang='grc' dir='ltr'>μόνον</span> <span class='ocrx_word' id='word_1_535' title='bbox 394 2048 422 2073; x_wconf 80' lang='grc' dir='ltr'>ὲν</span> <span class='ocrx_word' id='word_1_536' title='bbox 437 2047 584 2083; x_wconf 81' lang='grc' dir='ltr'>ἀνθρώπῳ.</span> 
     </span>
    </p>
   </div>
   <div class='ocr_carea' id='block_1_75' title="bbox 239 2136 992 2175">
    <p class='ocr_par' dir='ltr' id='par_1_75' title="bbox 239 2136 992 2175">
     <span class='ocr_line' id='line_1_75' title="bbox 239 2136 992 2175; baseline 0.007 -13"><span class='ocrx_word' id='word_1_537' title='bbox 239 2136 285 2169; x_wconf 65' lang='grc' dir='ltr'><strong>ρξ’.</strong></span> <span class='ocrx_word' id='word_1_538' title='bbox 311 2136 361 2163; x_wconf 72' lang='lat' dir='ltr'><strong>“Av</strong></span> <span class='ocrx_word' id='word_1_539' title='bbox 385 2136 540 2173; x_wconf 77' lang='grc' dir='ltr'>ἑκπετάσῃς</span> <span class='ocrx_word' id='word_1_540' title='bbox 569 2136 633 2169; x_wconf 78' lang='grc' dir='ltr'>τοὺς</span> <span class='ocrx_word' id='word_1_541' title='bbox 657 2137 814 2174; x_wconf 79' lang='grc' dir='ltr'>ὀφθαλμοὺς</span> <span class='ocrx_word' id='word_1_542' title='bbox 846 2140 915 2175; x_wconf 77' lang='grc' dir='ltr'>πρὸς</span> <span class='ocrx_word' id='word_1_543' title='bbox 946 2140 992 2167; x_wconf 82' lang='grc' dir='ltr'>τὸν</span> 
     </span>
    </p>
   </div>
   <div class='ocr_carea' id='block_1_76' title="bbox 203 2179 990 2219">
    <p class='ocr_par' dir='ltr' id='par_1_76' title="bbox 203 2179 990 2219">
     <span class='ocr_line' id='line_1_76' title="bbox 203 2179 990 2219; baseline 0.008 -11"><span class='ocrx_word' id='word_1_544' title='bbox 203 2181 290 2217; x_wconf 72' lang='grc' dir='ltr'>ἥλιον,</span> <span class='ocrx_word' id='word_1_545' title='bbox 309 2181 447 2218; x_wconf 81' lang='grc' dir='ltr'>εὑρίσκεις</span> <span class='ocrx_word' id='word_1_546' title='bbox 458 2179 488 2209; x_wconf 61' lang='grc' dir='ltr'><strong>ιν</strong></span> <span class='ocrx_word' id='word_1_547' title='bbox 502 2183 608 2219; x_wconf 74' lang='grc' dir='ltr'>οὐρανῷ</span> <span class='ocrx_word' id='word_1_548' title='bbox 630 2184 676 2210; x_wconf 82' lang='grc' dir='ltr'>τὸν</span> <span class='ocrx_word' id='word_1_549' title='bbox 689 2185 789 2211; x_wconf 87' lang='grc' dir='ltr'>κύκλον</span> <span class='ocrx_word' id='word_1_550' title='bbox 806 2186 888 2213; x_wconf 82' lang='grc' dir='ltr'>αὐτοῦ</span> <span class='ocrx_word' id='word_1_551' title='bbox 899 2194 906 2201; x_wconf 91' lang='grc'><strong>·</strong></span> <span class='ocrx_word' id='word_1_552' title='bbox 920 2187 950 2214; x_wconf 82' lang='grc' dir='ltr'>τὸ</span> <span class='ocrx_word' id='word_1_553' title='bbox 963 2187 990 2213; x_wconf 75' lang='grc' dir='ltr'>δὲ</span> 
     </span>
    </p>
   </div>
   <div class='ocr_carea' id='block_1_77' title="bbox 204 2227 991 2265">
    <p class='ocr_par' dir='ltr' id='par_1_77' title="bbox 204 2227 991 2265">
     <span class='ocr_line' id='line_1_77' title="bbox 204 2227 991 2265; baseline 0.008 -12"><span class='ocrx_word' id='word_1_554' title='bbox 204 2227 263 2262; x_wconf 77' lang='grc' dir='ltr'><strong>φῶς</strong></span> <span class='ocrx_word' id='word_1_555' title='bbox 277 2227 387 2260; x_wconf 78' lang='grc' dir='ltr'>καὶτὰς</span> <span class='ocrx_word' id='word_1_556' title='bbox 403 2229 516 2260; x_wconf 75' lang='grc' dir='ltr'>ἀκτῖνας</span> <span class='ocrx_word' id='word_1_557' title='bbox 538 2229 586 2255; x_wconf 73' lang='grc' dir='ltr'><strong>ἐπὶ</strong></span> <span class='ocrx_word' id='word_1_558' title='bbox 607 2229 660 2265; x_wconf 88' lang='grc' dir='ltr'>γῆν</span> <span class='ocrx_word' id='word_1_559' title='bbox 677 2230 813 2265; x_wconf 77' lang='grc' dir='ltr'>ῥεπούσας</span> <span class='ocrx_word' id='word_1_560' title='bbox 834 2231 880 2258; x_wconf 78' lang='grc' dir='ltr'><strong>καὶ</strong></span> <span class='ocrx_word' id='word_1_561' title='bbox 901 2233 991 2260; x_wconf 83' lang='grc' dir='ltr'>πᾶσαν</span> 
     </span>
    </p>
   </div>
   <div class='ocr_carea' id='block_1_78' title="bbox 203 2271 992 2312">
    <p class='ocr_par' dir='ltr' id='par_1_78' title="bbox 203 2271 992 2312">
     <span class='ocr_line' id='line_1_78' title="bbox 203 2271 992 2312; baseline 0.008 -14"><span class='ocrx_word' id='word_1_562' title='bbox 203 2271 252 2307; x_wconf 79' lang='grc' dir='ltr'>τὴν</span> <span class='ocrx_word' id='word_1_563' title='bbox 275 2271 389 2307; x_wconf 85' lang='grc' dir='ltr'>δύναμιν</span> <span class='ocrx_word' id='word_1_564' title='bbox 412 2272 459 2299; x_wconf 78' lang='grc' dir='ltr'>τοῦ</span> <span class='ocrx_word' id='word_1_565' title='bbox 481 2272 581 2307; x_wconf 82' lang='grc' dir='ltr'>φωτὸς,</span> <span class='ocrx_word' id='word_1_566' title='bbox 606 2274 654 2301; x_wconf 79' lang='grc' dir='ltr'>καὶ</span> <span class='ocrx_word' id='word_1_567' title='bbox 677 2275 727 2310; x_wconf 83' lang='grc' dir='ltr'>τὴν</span> <span class='ocrx_word' id='word_1_568' title='bbox 744 2275 904 2312; x_wconf 85' lang='grc' dir='ltr'>λαμπηδόνα</span> <span class='ocrx_word' id='word_1_569' title='bbox 924 2278 992 2312; x_wconf 81' lang='grc' dir='ltr'>πρὸς</span> 
     </span>
    </p>
   </div>
   <div class='ocr_carea' id='block_1_79' title="bbox 204 2317 991 2355">
    <p class='ocr_par' dir='ltr' id='par_1_79' title="bbox 204 2317 991 2355">
     <span class='ocr_line' id='line_1_79' title="bbox 204 2317 991 2355; baseline 0.01 -13"><span class='ocrx_word' id='word_1_570' title='bbox 204 2317 256 2351; x_wconf 85' lang='grc' dir='ltr'>γῆν</span> <span class='ocrx_word' id='word_1_571' title='bbox 271 2318 435 2353; x_wconf 76' lang='grc' dir='ltr'>φερομένην·</span> <span class='ocrx_word' id='word_1_572' title='bbox 450 2318 536 2351; x_wconf 80' lang='grc' dir='ltr'>οὕτως</span> <span class='ocrx_word' id='word_1_573' title='bbox 554 2320 602 2347; x_wconf 70' lang='grc' dir='ltr'><strong>καλ</strong></span> <span class='ocrx_word' id='word_1_574' title='bbox 620 2320 635 2347; x_wconf 83' lang='grc'>6</span> <span class='ocrx_word' id='word_1_575' title='bbox 657 2320 756 2355; x_wconf 77' lang='grc' dir='ltr'>Κύριος</span> <span class='ocrx_word' id='word_1_576' title='bbox 776 2322 808 2348; x_wconf 83' lang='grc' dir='ltr'>ὲκ</span> <span class='ocrx_word' id='word_1_577' title='bbox 833 2321 928 2354; x_wconf 77' lang='grc' dir='ltr'>δεξιῶν</span> <span class='ocrx_word' id='word_1_578' title='bbox 944 2324 991 2351; x_wconf 81' lang='grc' dir='ltr'>τοῦ</span> 
     </span>
    </p>
   </div>
   <div class='ocr_carea' id='block_1_80' title="bbox 205 2364 992 2402">
    <p class='ocr_par' dir='ltr' id='par_1_80' title="bbox 205 2364 992 2402">
     <span class='ocr_line' id='line_1_80' title="bbox 205 2364 992 2402; baseline 0.008 -12"><span class='ocrx_word' id='word_1_579' title='bbox 205 2364 312 2399; x_wconf 79' lang='grc' dir='ltr'>Πατρὸς</span> <span class='ocrx_word' id='word_1_580' title='bbox 336 2364 464 2400; x_wconf 73' lang='grc' dir='ltr'>ὑπεράνω</span> <span class='ocrx_word' id='word_1_581' title='bbox 481 2366 572 2401; x_wconf 82' lang='grc' dir='ltr'>πάσης</span> <span class='ocrx_word' id='word_1_582' title='bbox 595 2366 683 2402; x_wconf 75' lang='grc' dir='ltr'>ἀρχῆς</span> <span class='ocrx_word' id='word_1_583' title='bbox 701 2368 747 2395; x_wconf 76' lang='grc' dir='ltr'>καὶ</span> <span class='ocrx_word' id='word_1_584' title='bbox 768 2368 894 2401; x_wconf 70' lang='grc' dir='ltr'>ἐξουσίας</span> <span class='ocrx_word' id='word_1_585' title='bbox 926 2369 992 2396; x_wconf 82' lang='grc' dir='ltr'>κάθ-</span> 
     </span>
    </p>
   </div>
   <div class='ocr_carea' id='block_1_81' title="bbox 202 2408 992 2450">
    <p class='ocr_par' dir='ltr' id='par_1_81' title="bbox 202 2408 992 2450">
     <span class='ocr_line' id='line_1_81' title="bbox 202 2408 992 2450; baseline 0.009 -15"><span class='ocrx_word' id='word_1_586' title='bbox 202 2416 278 2443; x_wconf 76' lang='grc' dir='ltr'>ηται·</span> <span class='ocrx_word' id='word_1_587' title='bbox 295 2408 342 2436; x_wconf 75' lang='grc' dir='ltr'>τὸν</span> <span class='ocrx_word' id='word_1_588' title='bbox 367 2409 396 2437; x_wconf 71' lang='grc' dir='ltr'>δὲ</span> <span class='ocrx_word' id='word_1_589' title='bbox 416 2410 555 2446; x_wconf 71' lang='grc' dir='ltr'>ὀφθαλμὸν</span> <span class='ocrx_word' id='word_1_590' title='bbox 576 2412 659 2439; x_wconf 82' lang='grc' dir='ltr'>αὐτοῦ</span> <span class='ocrx_word' id='word_1_591' title='bbox 680 2413 721 2445; x_wconf 83' lang='grc' dir='ltr'>εις</span> <span class='ocrx_word' id='word_1_592' title='bbox 733 2414 781 2446; x_wconf 86' lang='grc' dir='ltr'>τὰς</span> <span class='ocrx_word' id='word_1_593' title='bbox 808 2414 920 2450; x_wconf 80' lang='grc' dir='ltr'>καρδίας</span> <span class='ocrx_word' id='word_1_594' title='bbox 936 2415 992 2443; x_wconf 85' lang='grc' dir='ltr'><strong>τῶν</strong></span> 
     </span>
    </p>
   </div>
   <div class='ocr_carea' id='block_1_82' title="bbox 204 2454 990 2493">
    <p class='ocr_par' dir='ltr' id='par_1_82' title="bbox 204 2454 990 2493">
     <span class='ocr_line' id='line_1_82' title="bbox 204 2454 990 2493; baseline 0.011 -14"><span class='ocrx_word' id='word_1_595' title='bbox 204 2454 251 2480; x_wconf 75' lang='grc' dir='ltr'><strong>ἐπὶ</strong></span> <span class='ocrx_word' id='word_1_596' title='bbox 279 2454 331 2489; x_wconf 82' lang='grc' dir='ltr'><strong>γῆς</strong></span> <span class='ocrx_word' id='word_1_597' title='bbox 352 2454 505 2490; x_wconf 82' lang='grc' dir='ltr'>ἀνθρώπων</span> <span class='ocrx_word' id='word_1_598' title='bbox 518 2455 575 2491; x_wconf 77' lang='grc' dir='ltr'>ἔχει</span> <span class='ocrx_word' id='word_1_599' title='bbox 595 2458 754 2493; x_wconf 80' lang='grc' dir='ltr'>τεταμένον,</span> <span class='ocrx_word' id='word_1_600' title='bbox 769 2459 843 2491; x_wconf 81' lang='grc' dir='ltr'>ὅπως</span> <span class='ocrx_word' id='word_1_601' title='bbox 858 2460 920 2492; x_wconf 80' lang='grc' dir='ltr'>τοὺς</span> <span class='ocrx_word' id='word_1_602' title='bbox 935 2461 990 2488; x_wconf 79' lang='grc' dir='ltr'><strong>ἀπ-</strong></span> 
     </span>
    </p>
   </div>
   <div class='ocr_carea' id='block_1_83' title="bbox 203 2499 991 2541">
    <p class='ocr_par' dir='ltr' id='par_1_83' title="bbox 203 2499 991 2541">
     <span class='ocr_line' id='line_1_83' title="bbox 203 2499 991 2541; baseline 0.01 -16"><span class='ocrx_word' id='word_1_603' title='bbox 203 2499 396 2535; x_wconf 77' lang='grc' dir='ltr'>εκδεχομένους</span> <span class='ocrx_word' id='word_1_604' title='bbox 413 2500 461 2535; x_wconf 80' lang='grc' dir='ltr'><strong>τὴν</strong></span> <span class='ocrx_word' id='word_1_605' title='bbox 484 2502 549 2537; x_wconf 85' lang='grc' dir='ltr'>παρ’</span> <span class='ocrx_word' id='word_1_606' title='bbox 571 2502 653 2529; x_wconf 81' lang='grc' dir='ltr'>αὑτοῦ</span> <span class='ocrx_word' id='word_1_607' title='bbox 681 2503 819 2538; x_wconf 84' lang='grc' dir='ltr'>βοήθειαν,</span> <span class='ocrx_word' id='word_1_608' title='bbox 845 2505 991 2541; x_wconf 82' lang='grc' dir='ltr'>ἀνενέγκῃ,</span> 
     </span>
    </p>
   </div>
   <div class='ocr_carea' id='block_1_84' title="bbox 203 2545 989 2587">
    <p class='ocr_par' dir='ltr' id='par_1_84' title="bbox 203 2545 989 2587">
     <span class='ocr_line' id='line_1_84' title="bbox 203 2545 989 2587; baseline 0.01 -16"><span class='ocrx_word' id='word_1_609' title='bbox 203 2545 267 2572; x_wconf 81' lang='grc' dir='ltr'>ενοα</span> <span class='ocrx_word' id='word_1_610' title='bbox 288 2546 369 2576; x_wconf 84' lang='grc' dir='ltr'>αὐτὸς</span> <span class='ocrx_word' id='word_1_611' title='bbox 384 2546 512 2581; x_wconf 78' lang='grc' dir='ltr'>ὑπάρχει,</span> <span class='ocrx_word' id='word_1_612' title='bbox 530 2547 623 2583; x_wconf 71' lang='grc' dir='ltr'>ἐπειδὴ</span> <span class='ocrx_word' id='word_1_613' title='bbox 639 2548 723 2582; x_wconf 77' lang='grc' dir='ltr'>λέγει,</span> <span class='ocrx_word' id='word_1_614' title='bbox 737 2550 833 2577; x_wconf 79' lang='grc' dir='ltr'>Ὅπου</span> <span class='ocrx_word' id='word_1_615' title='bbox 846 2551 903 2586; x_wconf 51' lang='grc' dir='ltr'><strong>ἐγώ</strong></span> <span class='ocrx_word' id='word_1_616' title='bbox 921 2553 989 2587; x_wconf 84' lang='grc' dir='ltr'>ειμι,</span> 
     </span>
    </p>
   </div>
   <div class='ocr_carea' id='block_1_85' title="bbox 202 2589 991 2626">
    <p class='ocr_par' dir='ltr' id='par_1_85' title="bbox 202 2589 991 2626">
     <span class='ocr_line' id='line_1_85' title="bbox 202 2589 991 2626; baseline 0.005 -8"><span class='ocrx_word' id='word_1_617' title='bbox 202 2589 264 2618; x_wconf 78' lang='grc' dir='ltr'>ἐκεῖ</span> <span class='ocrx_word' id='word_1_618' title='bbox 286 2590 336 2617; x_wconf 78' lang='grc' dir='ltr'><strong>καί</strong></span> <span class='ocrx_word' id='word_1_619' title='bbox 361 2592 377 2617; x_wconf 82' lang='grc' dir='ltr'><em>ό</em></span> <span class='ocrx_word' id='word_1_620' title='bbox 399 2590 539 2624; x_wconf 81' lang='grc' dir='ltr'>διάκονος</span> <span class='ocrx_word' id='word_1_621' title='bbox 558 2593 574 2618; x_wconf 82' lang='grc' dir='ltr'><em>ὀ</em></span> <span class='ocrx_word' id='word_1_622' title='bbox 598 2592 671 2626; x_wconf 69' lang='grc' dir='ltr'>ἐμὸς</span> <span class='ocrx_word' id='word_1_623' title='bbox 696 2593 792 2621; x_wconf 70' lang='grc' dir='ltr'>ἔσται.</span> <span class='ocrx_word' id='word_1_624' title='bbox 812 2595 865 2621; x_wconf 83' lang='grc' dir='ltr'>Καὶ</span> <span class='ocrx_word' id='word_1_625' title='bbox 880 2595 962 2622; x_wconf 82' lang='grc' dir='ltr'>πάλιν</span> <span class='ocrx_word' id='word_1_626' title='bbox 976 2597 991 2622; x_wconf 85' lang='grc' dir='ltr'><strong>ό</strong></span> 
     </span>
    </p>
   </div>
   <div class='ocr_carea' id='block_1_86' title="bbox 203 2636 991 2675">
    <p class='ocr_par' dir='ltr' id='par_1_86' title="bbox 203 2636 991 2675">
     <span class='ocr_line' id='line_1_86' title="bbox 203 2636 991 2675; baseline 0.008 -13"><span class='ocrx_word' id='word_1_627' title='bbox 203 2636 318 2667; x_wconf 85' lang='grc' dir='ltr'>Παῦλος·</span> <span class='ocrx_word' id='word_1_628' title='bbox 333 2637 393 2663; x_wconf 81' lang='grc' dir='ltr'><strong>Ὅτι</strong></span> <span class='ocrx_word' id='word_1_629' title='bbox 408 2636 569 2672; x_wconf 77' lang='grc' dir='ltr'>συνήγειρε</span> <span class='ocrx_word' id='word_1_630' title='bbox 582 2637 630 2664; x_wconf 76' lang='grc' dir='ltr'>καὶ</span> <span class='ocrx_word' id='word_1_631' title='bbox 643 2639 844 2667; x_wconf 76' lang='grc' dir='ltr'>συνεκάθισεν</span> <span class='ocrx_word' id='word_1_632' title='bbox 857 2641 892 2667; x_wconf 80' lang='grc' dir='ltr'><strong>ἐν</strong></span> <span class='ocrx_word' id='word_1_633' title='bbox 906 2640 991 2675; x_wconf 74' lang='grc' dir='ltr'>δεξιᾷ</span> 
     </span>
    </p>
   </div>
   <div class='ocr_carea' id='block_1_87' title="bbox 203 2681 990 2720">
    <p class='ocr_par' dir='ltr' id='par_1_87' title="bbox 203 2681 990 2720">
     <span class='ocr_line' id='line_1_87' title="bbox 203 2681 990 2720; baseline 0.009 -13"><span class='ocrx_word' id='word_1_634' title='bbox 203 2681 297 2708; x_wconf 74' lang='grc' dir='ltr'>αὐτοῦ</span> <span class='ocrx_word' id='word_1_635' title='bbox 312 2681 349 2708; x_wconf 72' lang='grc' dir='ltr'><strong>ἐν</strong></span> <span class='ocrx_word' id='word_1_636' title='bbox 364 2681 426 2714; x_wconf 83' lang='grc' dir='ltr'>τοῖς</span> <span class='ocrx_word' id='word_1_637' title='bbox 449 2682 650 2716; x_wconf 77' lang='grc' dir='ltr'>ἐπουρανίοις.</span> <span class='ocrx_word' id='word_1_638' title='bbox 674 2684 745 2710; x_wconf 85' lang='grc' dir='ltr'>Πολὺ</span> <span class='ocrx_word' id='word_1_639' title='bbox 769 2684 798 2711; x_wconf 83' lang='grc' dir='ltr'><strong>δὲ</strong></span> <span class='ocrx_word' id='word_1_640' title='bbox 823 2686 908 2720; x_wconf 71' lang='grc' dir='ltr'>ἄλογα</span> <span class='ocrx_word' id='word_1_641' title='bbox 932 2687 990 2718; x_wconf 84' lang='grc' dir='ltr'><strong>ζῶα</strong></span> 
     </span>
    </p>
   </div>
   <div class='ocr_carea' id='block_1_88' title="bbox 204 2725 990 2762">
    <p class='ocr_par' dir='ltr' id='par_1_88' title="bbox 204 2725 990 2762">
     <span class='ocr_line' id='line_1_88' title="bbox 204 2725 990 2762; baseline 0.009 -11"><span class='ocrx_word' id='word_1_642' title='bbox 204 2725 377 2761; x_wconf 73' lang='grc' dir='ltr'>συνετώτερᾶ</span> <span class='ocrx_word' id='word_1_643' title='bbox 400 2727 470 2753; x_wconf 71' lang='grc' dir='ltr'>δίσιν</span> <span class='ocrx_word' id='word_1_644' title='bbox 485 2726 574 2761; x_wconf 82' lang='grc' dir='ltr'>ἡμῶν.</span> <span class='ocrx_word' id='word_1_645' title='bbox 602 2728 657 2754; x_wconf 77' lang='grc' dir='ltr'><strong>Καὶ</strong></span> <span class='ocrx_word' id='word_1_646' title='bbox 681 2728 736 2762; x_wconf 76' lang='grc' dir='ltr'>γὰρ</span> <span class='ocrx_word' id='word_1_647' title='bbox 758 2729 873 2756; x_wconf 69' lang='grc' dir='ltr'>ἕκαστον</span> <span class='ocrx_word' id='word_1_648' title='bbox 899 2731 990 2758; x_wconf 81' lang='grc' dir='ltr'>αὐτῶν</span> 
     </span>
    </p>
   </div>
   <div class='ocr_carea' id='block_1_89' title="bbox 204 2770 987 2812">
    <p class='ocr_par' dir='ltr' id='par_1_89' title="bbox 204 2770 987 2812">
     <span class='ocr_line' id='line_1_89' title="bbox 204 2770 987 2812; baseline 0.008 -15"><span class='ocrx_word' id='word_1_649' title='bbox 204 2770 370 2798; x_wconf 78' lang='grc' dir='ltr'>συνήνωνται</span> <span class='ocrx_word' id='word_1_650' title='bbox 384 2772 418 2807; x_wconf 80' lang='grc' dir='ltr'>τῇ</span> <span class='ocrx_word' id='word_1_651' title='bbox 435 2772 488 2808; x_wconf 83' lang='grc' dir='ltr'>ἰδίᾳ</span> <span class='ocrx_word' id='word_1_652' title='bbox 502 2772 594 2808; x_wconf 84' lang='grc' dir='ltr'>φύσει,</span> <span class='ocrx_word' id='word_1_653' title='bbox 607 2773 642 2800; x_wconf 85' lang='grc' dir='ltr'>τὰ</span> <span class='ocrx_word' id='word_1_654' title='bbox 663 2772 747 2809; x_wconf 65' lang='grc' dir='ltr'>ἄγρια</span> <span class='ocrx_word' id='word_1_655' title='bbox 761 2775 830 2810; x_wconf 76' lang='grc' dir='ltr'>πρὸς</span> <span class='ocrx_word' id='word_1_656' title='bbox 843 2775 878 2802; x_wconf 79' lang='grc' dir='ltr'>τὰ</span> <span class='ocrx_word' id='word_1_657' title='bbox 893 2774 987 2812; x_wconf 73' lang='grc' dir='ltr'>ἄγρια,</span> 
     </span>
    </p>
   </div>
   <div class='ocr_carea' id='block_1_90' title="bbox 239 2868 777 2910">
    <p class='ocr_par' dir='ltr' id='par_1_90' title="bbox 239 2868 777 2910">
     <span class='ocr_line' id='line_1_90' title="bbox 239 2868 777 2910; baseline 0.007 -13"><span class='ocrx_word' id='word_1_658' title='bbox 239 2869 261 2886; x_wconf 83' lang='grc'><strong>’⁸</strong></span> <span class='ocrx_word' id='word_1_659' title='bbox 274 2868 352 2898; x_wconf 76' lang='lat' dir='ltr'><strong>Joan.</strong></span> <span class='ocrx_word' id='word_1_660' title='bbox 367 2878 416 2904; x_wconf 81' lang='lat' dir='ltr'><strong>xu,</strong></span> <span class='ocrx_word' id='word_1_661' title='bbox 432 2871 478 2906; x_wconf 77' lang='lat'><strong>26,</strong></span> <span class='ocrx_word' id='word_1_662' title='bbox 515 2873 537 2890; x_wconf 79' lang='grc'><strong>⁵⁷</strong></span> <span class='ocrx_word' id='word_1_663' title='bbox 550 2872 652 2910; x_wconf 70' lang='lat' dir='ltr'><strong>Ephes.</strong></span> <span class='ocrx_word' id='word_1_664' title='bbox 666 2882 695 2908; x_wconf 85' lang='grc' dir='ltr'><strong>ιι,</strong></span> <span class='ocrx_word' id='word_1_665' title='bbox 709 2874 736 2909; x_wconf 80' lang='lat'><strong>5,</strong></span> <span class='ocrx_word' id='word_1_666' title='bbox 750 2874 777 2902; x_wconf 85' lang='lat'><strong>6.</strong></span> 
     </span>
    </p>
   </div>
   <div class='ocr_carea' id='block_1_91' title="bbox 1040 1588 1827 1625">
    <p class='ocr_par' dir='ltr' id='par_1_91' title="bbox 1040 1588 1827 1625">
     <span class='ocr_line' id='line_1_91' title="bbox 1040 1588 1827 1625; baseline -0.013 -3"><span class='ocrx_word' id='word_1_667' title='bbox 1040 1594 1126 1622; x_wconf 87' lang='lat' dir='ltr'><strong>solem</strong></span> <span class='ocrx_word' id='word_1_668' title='bbox 1142 1601 1174 1621; x_wconf 87' lang='lat' dir='ltr'><strong>ac</strong></span> <span class='ocrx_word' id='word_1_669' title='bbox 1189 1593 1292 1623; x_wconf 91' lang='lat' dir='ltr'><strong>lunam,</strong></span> <span class='ocrx_word' id='word_1_670' title='bbox 1309 1599 1403 1625; x_wconf 86' lang='lat' dir='ltr'><strong>aquas,</strong></span> <span class='ocrx_word' id='word_1_671' title='bbox 1421 1590 1535 1616; x_wconf 81' lang='lat' dir='ltr'><strong>arbores</strong></span> <span class='ocrx_word' id='word_1_672' title='bbox 1549 1588 1715 1617; x_wconf 81' lang='lat' dir='ltr'><strong>fructiferas.</strong></span> <span class='ocrx_word' id='word_1_673' title='bbox 1738 1591 1767 1614; x_wconf 91' lang='lat' dir='ltr'><strong>et</strong></span> <span class='ocrx_word' id='word_1_674' title='bbox 1779 1593 1827 1613; x_wconf 78' lang='lat' dir='ltr'><strong>va-</strong></span> 
     </span>
    </p>
   </div>
   <div class='ocr_carea' id='block_1_92' title="bbox 1041 1632 1828 1671">
    <p class='ocr_par' dir='ltr' id='par_1_92' title="bbox 1041 1632 1828 1671">
     <span class='ocr_line' id='line_1_92' title="bbox 1041 1632 1828 1671; baseline -0.011 -5"><span class='ocrx_word' id='word_1_675' title='bbox 1041 1640 1145 1666; x_wconf 92' lang='lat' dir='ltr'><strong>riorum</strong></span> <span class='ocrx_word' id='word_1_676' title='bbox 1164 1637 1322 1665; x_wconf 82' lang='lat' dir='ltr'><strong>animalium</strong></span> <span class='ocrx_word' id='word_1_677' title='bbox 1340 1644 1458 1671; x_wconf 79' lang='lat' dir='ltr'><strong>genera:</strong></span> <span class='ocrx_word' id='word_1_678' title='bbox 1479 1635 1507 1661; x_wconf 91' lang='lat' dir='ltr'><strong>in</strong></span> <span class='ocrx_word' id='word_1_679' title='bbox 1530 1634 1607 1661; x_wconf 89' lang='lat' dir='ltr'><strong>nullo</strong></span> <span class='ocrx_word' id='word_1_680' title='bbox 1623 1638 1712 1659; x_wconf 84' lang='lat' dir='ltr'><strong>tamen</strong></span> <span class='ocrx_word' id='word_1_681' title='bbox 1729 1632 1828 1658; x_wconf 91' lang='lat' dir='ltr'><strong>horum</strong></span> 
     </span>
    </p>
   </div>
   <div class='ocr_carea' id='block_1_93' title="bbox 1042 1678 1828 1719">
    <p class='ocr_par' dir='ltr' id='par_1_93' title="bbox 1042 1678 1828 1719">
     <span class='ocr_line' id='line_1_93' title="bbox 1042 1678 1828 1719; baseline -0.011 -7"><span class='ocrx_word' id='word_1_682' title='bbox 1042 1684 1191 1719; x_wconf 90' lang='lat' dir='ltr'><strong>requiescit</strong></span> <span class='ocrx_word' id='word_1_683' title='bbox 1202 1684 1283 1710; x_wconf 88' lang='lat' dir='ltr'><strong>Deus.</strong></span> <span class='ocrx_word' id='word_1_684' title='bbox 1299 1682 1430 1710; x_wconf 85' lang='lat' dir='ltr'><strong>Universa</strong></span> <span class='ocrx_word' id='word_1_685' title='bbox 1443 1686 1569 1707; x_wconf 76' lang='lat' dir='ltr'><strong>creatura</strong></span> <span class='ocrx_word' id='word_1_686' title='bbox 1588 1679 1638 1706; x_wconf 90' lang='lat' dir='ltr'><strong>sub</strong></span> <span class='ocrx_word' id='word_1_687' title='bbox 1652 1680 1711 1713; x_wconf 80' lang='lat' dir='ltr'><strong>ejus</strong></span> <span class='ocrx_word' id='word_1_688' title='bbox 1722 1682 1765 1705; x_wconf 90' lang='lat' dir='ltr'><strong>est</strong></span> <span class='ocrx_word' id='word_1_689' title='bbox 1776 1678 1828 1704; x_wconf 91' lang='lat' dir='ltr'><strong>im-</strong></span> 
     </span>
    </p>
   </div>
   <div class='ocr_carea' id='block_1_94' title="bbox 1040 1725 1830 1765">
    <p class='ocr_par' dir='ltr' id='par_1_94' title="bbox 1040 1725 1830 1765">
     <span class='ocr_line' id='line_1_94' title="bbox 1040 1725 1830 1765; baseline -0.009 -8"><span class='ocrx_word' id='word_1_690' title='bbox 1040 1731 1137 1765; x_wconf 89' lang='lat' dir='ltr'><strong>perio;</strong></span> <span class='ocrx_word' id='word_1_691' title='bbox 1153 1737 1205 1756; x_wconf 90' lang='lat' dir='ltr'><strong>nee</strong></span> <span class='ocrx_word' id='word_1_692' title='bbox 1220 1733 1311 1755; x_wconf 86' lang='lat' dir='ltr'><strong>tamen</strong></span> <span class='ocrx_word' id='word_1_693' title='bbox 1327 1726 1480 1754; x_wconf 80' lang='lat' dir='ltr'><strong>construxit</strong></span> <span class='ocrx_word' id='word_1_694' title='bbox 1490 1727 1518 1752; x_wconf 92' lang='lat' dir='ltr'><strong>in</strong></span> <span class='ocrx_word' id='word_1_695' title='bbox 1534 1725 1573 1752; x_wconf 87' lang='lat' dir='ltr'><strong>eis</strong></span> <span class='ocrx_word' id='word_1_696' title='bbox 1588 1725 1728 1755; x_wconf 86' lang='lat' dir='ltr'><strong>thronum,</strong></span> <span class='ocrx_word' id='word_1_697' title='bbox 1739 1731 1830 1758; x_wconf 83' lang='lat' dir='ltr'><strong>neque</strong></span> 
     </span>
    </p>
   </div>
   <div class='ocr_carea' id='block_1_95' title="bbox 1043 1770 1829 1806">
    <p class='ocr_par' dir='ltr' id='par_1_95' title="bbox 1043 1770 1829 1806">
     <span class='ocr_line' id='line_1_95' title="bbox 1043 1770 1829 1806; baseline -0.009 -2"><span class='ocrx_word' id='word_1_698' title='bbox 1043 1777 1204 1804; x_wconf 86' lang='lat' dir='ltr'><strong>societatem</strong></span> <span class='ocrx_word' id='word_1_699' title='bbox 1219 1775 1290 1806; x_wconf 86' lang='lat' dir='ltr'><strong>iniit,</strong></span> <span class='ocrx_word' id='word_1_700' title='bbox 1311 1773 1364 1799; x_wconf 87' lang='lat' dir='ltr'><strong>nisi</strong></span> <span class='ocrx_word' id='word_1_701' title='bbox 1382 1773 1410 1799; x_wconf 89' lang='lat' dir='ltr'><strong>in</strong></span> <span class='ocrx_word' id='word_1_702' title='bbox 1424 1771 1534 1799; x_wconf 88' lang='lat' dir='ltr'><strong>homine</strong></span> <span class='ocrx_word' id='word_1_703' title='bbox 1555 1771 1614 1798; x_wconf 92' lang='lat' dir='ltr'><strong>solo</strong></span> <span class='ocrx_word' id='word_1_704' title='bbox 1633 1770 1829 1804; x_wconf 87' lang='lat' dir='ltr'><strong>complacitum</strong></span> 
     </span>
    </p>
   </div>
   <div class='ocr_carea' id='block_1_96' title="bbox 1041 1817 1833 1856">
    <p class='ocr_par' dir='ltr' id='par_1_96' title="bbox 1041 1817 1833 1856">
     <span class='ocr_line' id='line_1_96' title="bbox 1041 1817 1833 1856; baseline -0.013 -4"><span class='ocrx_word' id='word_1_705' title='bbox 1041 1826 1066 1852; x_wconf 92' lang='lat' dir='ltr'><strong>ei</strong></span> <span class='ocrx_word' id='word_1_706' title='bbox 1089 1829 1141 1856; x_wconf 88' lang='lat' dir='ltr'><strong>est,</strong></span> <span class='ocrx_word' id='word_1_707' title='bbox 1168 1831 1200 1850; x_wconf 87' lang='lat' dir='ltr'><strong>ac</strong></span> <span class='ocrx_word' id='word_1_708' title='bbox 1224 1822 1384 1849; x_wconf 86' lang='lat' dir='ltr'><strong>societatem</strong></span> <span class='ocrx_word' id='word_1_709' title='bbox 1406 1827 1468 1846; x_wconf 91' lang='lat' dir='ltr'><strong>cum</strong></span> <span class='ocrx_word' id='word_1_710' title='bbox 1491 1827 1523 1846; x_wconf 87' lang='lat' dir='ltr'><strong>eo</strong></span> <span class='ocrx_word' id='word_1_711' title='bbox 1544 1818 1689 1849; x_wconf 81' lang='lat' dir='ltr'><strong>contraxit,</strong></span> <span class='ocrx_word' id='word_1_712' title='bbox 1711 1821 1738 1844; x_wconf 89' lang='lat' dir='ltr'><strong>ct</strong></span> <span class='ocrx_word' id='word_1_713' title='bbox 1753 1817 1780 1843; x_wconf 95' lang='lat' dir='ltr'><strong>in</strong></span> <span class='ocrx_word' id='word_1_714' title='bbox 1795 1824 1833 1843; x_wconf 81' lang='lat' dir='ltr'><strong>eo</strong></span> 
     </span>
    </p>
   </div>
   <div class='ocr_carea' id='block_1_97' title="bbox 1042 1862 1830 1906">
    <p class='ocr_par' dir='ltr' id='par_1_97' title="bbox 1042 1862 1830 1906">
     <span class='ocr_line' id='line_1_97' title="bbox 1042 1862 1830 1906; baseline -0.014 -7"><span class='ocrx_word' id='word_1_715' title='bbox 1042 1870 1199 1906; x_wconf 83' lang='lat' dir='ltr'><strong>requiescit.</strong></span> <span class='ocrx_word' id='word_1_716' title='bbox 1216 1867 1333 1895; x_wconf 80' lang='lat' dir='ltr'><strong>Videsne</strong></span> <span class='ocrx_word' id='word_1_717' title='bbox 1342 1866 1387 1892; x_wconf 89' lang='lat' dir='ltr'><strong>hie</strong></span> <span class='ocrx_word' id='word_1_718' title='bbox 1402 1865 1592 1900; x_wconf 77' lang='lat' dir='ltr'><strong>cognationem</strong></span> <span class='ocrx_word' id='word_1_719' title='bbox 1618 1863 1666 1891; x_wconf 90' lang='lat' dir='ltr'><strong>Dei</strong></span> <span class='ocrx_word' id='word_1_720' title='bbox 1690 1870 1753 1890; x_wconf 87' lang='lat' dir='ltr'><strong>cum</strong></span> <span class='ocrx_word' id='word_1_721' title='bbox 1777 1862 1830 1889; x_wconf 59' lang='lat' dir='ltr'><strong>ho.</strong></span> 
     </span>
    </p>
   </div>
   <div class='ocr_carea' id='block_1_98' title="bbox 1041 1908 1832 1948">
    <p class='ocr_par' dir='ltr' id='par_1_98' title="bbox 1041 1908 1832 1948">
     <span class='ocr_line' id='line_1_98' title="bbox 1041 1908 1832 1948; baseline -0.011 -3"><span class='ocrx_word' id='word_1_722' title='bbox 1041 1919 1126 1948; x_wconf 85' lang='lat' dir='ltr'><strong>mine,</strong></span> <span class='ocrx_word' id='word_1_723' title='bbox 1140 1920 1167 1943; x_wconf 86' lang='lat' dir='ltr'><strong>et</strong></span> <span class='ocrx_word' id='word_1_724' title='bbox 1185 1914 1305 1941; x_wconf 88' lang='lat' dir='ltr'><strong>hominis</strong></span> <span class='ocrx_word' id='word_1_725' title='bbox 1317 1919 1378 1939; x_wconf 91' lang='lat' dir='ltr'><strong>cum</strong></span> <span class='ocrx_word' id='word_1_726' title='bbox 1392 1911 1469 1938; x_wconf 89' lang='lat' dir='ltr'><strong>Deo?</strong></span> <span class='ocrx_word' id='word_1_727' title='bbox 1484 1911 1571 1945; x_wconf 82' lang='lat' dir='ltr'><strong>Sagax</strong></span> <span class='ocrx_word' id='word_1_728' title='bbox 1581 1917 1645 1944; x_wconf 81' lang='lat' dir='ltr'><strong>ergo</strong></span> <span class='ocrx_word' id='word_1_729' title='bbox 1664 1914 1692 1936; x_wconf 90' lang='lat' dir='ltr'><strong>et</strong></span> <span class='ocrx_word' id='word_1_730' title='bbox 1707 1908 1832 1943; x_wconf 82' lang='lat' dir='ltr'><strong>prudens</strong></span> 
     </span>
    </p>
   </div>
   <div class='ocr_carea' id='block_1_99' title="bbox 1042 1955 1830 1997">
    <p class='ocr_par' dir='ltr' id='par_1_99' title="bbox 1042 1955 1830 1997">
     <span class='ocr_line' id='line_1_99' title="bbox 1042 1955 1830 1997; baseline -0.011 -7"><span class='ocrx_word' id='word_1_731' title='bbox 1042 1964 1133 1991; x_wconf 88' lang='lat' dir='ltr'><strong>anima</strong></span> <span class='ocrx_word' id='word_1_732' title='bbox 1148 1960 1338 1997; x_wconf 84' lang='lat' dir='ltr'><strong>pertransiens</strong></span> <span class='ocrx_word' id='word_1_733' title='bbox 1359 1962 1473 1986; x_wconf 86' lang='lat' dir='ltr'><strong>cunctas</strong></span> <span class='ocrx_word' id='word_1_734' title='bbox 1485 1960 1639 1986; x_wconf 83' lang='lat' dir='ltr'><strong>creaturas,</strong></span> <span class='ocrx_word' id='word_1_735' title='bbox 1656 1963 1710 1982; x_wconf 88' lang='lat' dir='ltr'><strong>non</strong></span> <span class='ocrx_word' id='word_1_736' title='bbox 1723 1955 1830 1986; x_wconf 78' lang='lat' dir='ltr'><strong>invenit</strong></span> 
     </span>
    </p>
   </div>
   <div class='ocr_carea' id='block_1_100' title="bbox 1042 2002 1831 2043">
    <p class='ocr_par' dir='ltr' id='par_1_100' title="bbox 1042 2002 1831 2043">
     <span class='ocr_line' id='line_1_100' title="bbox 1042 2002 1831 2043; baseline -0.013 -7"><span class='ocrx_word' id='word_1_737' title='bbox 1042 2008 1164 2043; x_wconf 85' lang='lat' dir='ltr'><strong>requiem</strong></span> <span class='ocrx_word' id='word_1_738' title='bbox 1194 2006 1245 2033; x_wconf 71' lang='lat' dir='ltr'><strong>sibi</strong></span> <span class='ocrx_word' id='word_1_739' title='bbox 1273 2005 1336 2040; x_wconf 85' lang='lat' dir='ltr'><strong>ipsi,</strong></span> <span class='ocrx_word' id='word_1_740' title='bbox 1368 2003 1422 2031; x_wconf 86' lang='lat' dir='ltr'><strong>nisi</strong></span> <span class='ocrx_word' id='word_1_741' title='bbox 1449 2003 1537 2029; x_wconf 90' lang='lat' dir='ltr'><strong>solum</strong></span> <span class='ocrx_word' id='word_1_742' title='bbox 1564 2003 1593 2028; x_wconf 90' lang='lat' dir='ltr'><strong>in</strong></span> <span class='ocrx_word' id='word_1_743' title='bbox 1622 2002 1754 2028; x_wconf 86' lang='lat' dir='ltr'><strong>Domino:</strong></span> <span class='ocrx_word' id='word_1_744' title='bbox 1778 2008 1831 2027; x_wconf 82' lang='lat' dir='ltr'><strong>nec</strong></span> 
     </span>
    </p>
   </div>
   <div class='ocr_carea' id='block_1_101' title="bbox 1042 2046 1831 2084">
    <p class='ocr_par' dir='ltr' id='par_1_101' title="bbox 1042 2046 1831 2084">
     <span class='ocr_line' id='line_1_101' title="bbox 1042 2046 1831 2084; baseline -0.009 -3"><span class='ocrx_word' id='word_1_745' title='bbox 1042 2054 1159 2082; x_wconf 90' lang='lat' dir='ltr'><strong>Domino</strong></span> <span class='ocrx_word' id='word_1_746' title='bbox 1175 2052 1203 2079; x_wconf 91' lang='lat' dir='ltr'><strong>in</strong></span> <span class='ocrx_word' id='word_1_747' title='bbox 1229 2051 1283 2078; x_wconf 86' lang='lat' dir='ltr'><strong>ullo</strong></span> <span class='ocrx_word' id='word_1_748' title='bbox 1309 2048 1503 2084; x_wconf 88' lang='lat' dir='ltr'><strong>complacitum</strong></span> <span class='ocrx_word' id='word_1_749' title='bbox 1531 2052 1583 2080; x_wconf 88' lang='lat' dir='ltr'><strong>est,</strong></span> <span class='ocrx_word' id='word_1_750' title='bbox 1607 2047 1660 2073; x_wconf 88' lang='lat' dir='ltr'><strong>nisi</strong></span> <span class='ocrx_word' id='word_1_751' title='bbox 1685 2046 1774 2073; x_wconf 91' lang='lat' dir='ltr'><strong>solum</strong></span> <span class='ocrx_word' id='word_1_752' title='bbox 1801 2046 1831 2074; x_wconf 84' lang='lat' dir='ltr'><strong>in</strong></span> 
     </span>
    </p>
   </div>
   <div class='ocr_carea' id='block_1_102' title="bbox 1042 2101 1164 2127">
    <p class='ocr_par' dir='ltr' id='par_1_102' title="bbox 1042 2101 1164 2127">
     <span class='ocr_line' id='line_1_102' title="bbox 1042 2101 1164 2127; baseline 0 0"><span class='ocrx_word' id='word_1_753' title='bbox 1042 2101 1164 2127; x_wconf 84' lang='lat' dir='ltr'><strong>homine.</strong></span> 
     </span>
    </p>
   </div>
   <div class='ocr_carea' id='block_1_103' title="bbox 1078 2141 1836 2181">
    <p class='ocr_par' dir='ltr' id='par_1_103' title="bbox 1078 2141 1836 2181">
     <span class='ocr_line' id='line_1_103' title="bbox 1078 2141 1836 2181; baseline -0.008 -7"><span class='ocrx_word' id='word_1_754' title='bbox 1078 2147 1121 2175; x_wconf 79' lang='lat' dir='ltr'><strong>Vl.</strong></span> <span class='ocrx_word' id='word_1_755' title='bbox 1138 2146 1166 2174; x_wconf 92' lang='lat' dir='ltr'><strong>Si</strong></span> <span class='ocrx_word' id='word_1_756' title='bbox 1178 2144 1318 2181; x_wconf 80' lang='lat' dir='ltr'><strong>expandas</strong></span> <span class='ocrx_word' id='word_1_757' title='bbox 1332 2144 1428 2173; x_wconf 85' lang='lat' dir='ltr'><strong>oculos</strong></span> <span class='ocrx_word' id='word_1_758' title='bbox 1442 2144 1476 2171; x_wconf 85' lang='lat' dir='ltr'><strong>ad</strong></span> <span class='ocrx_word' id='word_1_759' title='bbox 1492 2142 1704 2178; x_wconf 84' lang='lat' dir='ltr'><strong>solem,reperis</strong></span> <span class='ocrx_word' id='word_1_760' title='bbox 1721 2142 1749 2169; x_wconf 91' lang='lat' dir='ltr'><strong>in</strong></span> <span class='ocrx_word' id='word_1_761' title='bbox 1760 2141 1836 2169; x_wconf 65' lang='lat' dir='ltr'><strong>coelo</strong></span> 
     </span>
    </p>
   </div>
   <div class='ocr_carea' id='block_1_104' title="bbox 1043 2188 1834 2227">
    <p class='ocr_par' dir='ltr' id='par_1_104' title="bbox 1043 2188 1834 2227">
     <span class='ocr_line' id='line_1_104' title="bbox 1043 2188 1834 2227; baseline -0.004 -7"><span class='ocrx_word' id='word_1_762' title='bbox 1043 2192 1178 2221; x_wconf 90' lang='lat' dir='ltr'><strong>circulum</strong></span> <span class='ocrx_word' id='word_1_763' title='bbox 1197 2192 1272 2227; x_wconf 83' lang='lat' dir='ltr'><strong>ejus:</strong></span> <span class='ocrx_word' id='word_1_764' title='bbox 1301 2191 1394 2218; x_wconf 87' lang='lat' dir='ltr'><strong>lumen</strong></span> <span class='ocrx_word' id='word_1_765' title='bbox 1417 2195 1511 2218; x_wconf 88' lang='lat' dir='ltr'><strong>autem</strong></span> <span class='ocrx_word' id='word_1_766' title='bbox 1531 2193 1561 2218; x_wconf 87' lang='lat' dir='ltr'><strong>et</strong></span> <span class='ocrx_word' id='word_1_767' title='bbox 1582 2189 1674 2217; x_wconf 87' lang='lat' dir='ltr'><strong>radios</strong></span> <span class='ocrx_word' id='word_1_768' title='bbox 1688 2188 1716 2215; x_wconf 89' lang='lat' dir='ltr'><strong>in</strong></span> <span class='ocrx_word' id='word_1_769' title='bbox 1728 2193 1834 2217; x_wconf 37' lang='lat' dir='ltr'><strong>terram,</strong></span> 
     </span>
    </p>
   </div>
   <div class='ocr_carea' id='block_1_105' title="bbox 1044 2234 1834 2274">
    <p class='ocr_par' dir='ltr' id='par_1_105' title="bbox 1044 2234 1834 2274">
     <span class='ocr_line' id='line_1_105' title="bbox 1044 2234 1834 2274; baseline -0.008 -8"><span class='ocrx_word' id='word_1_770' title='bbox 1044 2246 1167 2274; x_wconf 78' lang='lat' dir='ltr'><strong>vergere,</strong></span> <span class='ocrx_word' id='word_1_771' title='bbox 1183 2242 1266 2272; x_wconf 89' lang='lat' dir='ltr'><strong>atque</strong></span> <span class='ocrx_word' id='word_1_772' title='bbox 1279 2244 1390 2264; x_wconf 90' lang='lat' dir='ltr'><strong>omnem</strong></span> <span class='ocrx_word' id='word_1_773' title='bbox 1405 2236 1461 2264; x_wconf 88' lang='lat' dir='ltr'><strong>vim</strong></span> <span class='ocrx_word' id='word_1_774' title='bbox 1478 2236 1592 2263; x_wconf 88' lang='lat' dir='ltr'><strong>luminis</strong></span> <span class='ocrx_word' id='word_1_775' title='bbox 1609 2239 1638 2263; x_wconf 91' lang='lat' dir='ltr'><strong>et</strong></span> <span class='ocrx_word' id='word_1_776' title='bbox 1656 2234 1834 2269; x_wconf 84' lang='lat' dir='ltr'><strong>splendorem</strong></span> 
     </span>
    </p>
   </div>
   <div class='ocr_carea' id='block_1_106' title="bbox 1042 2276 1833 2315">
    <p class='ocr_par' dir='ltr' id='par_1_106' title="bbox 1042 2276 1833 2315">
     <span class='ocr_line' id='line_1_106' title="bbox 1042 2276 1833 2315; baseline -0.011 -4"><span class='ocrx_word' id='word_1_777' title='bbox 1042 2284 1077 2311; x_wconf 88' lang='lat' dir='ltr'><strong>ad</strong></span> <span class='ocrx_word' id='word_1_778' title='bbox 1100 2287 1201 2311; x_wconf 87' lang='lat' dir='ltr'><strong>terram</strong></span> <span class='ocrx_word' id='word_1_779' title='bbox 1217 2281 1319 2309; x_wconf 84' lang='lat' dir='ltr'><strong>deferri</strong></span> <span class='ocrx_word' id='word_1_780' title='bbox 1334 2289 1341 2307; x_wconf 92' lang='lat'>:</span> <span class='ocrx_word' id='word_1_781' title='bbox 1358 2281 1399 2308; x_wconf 83' lang='lat' dir='ltr'><strong>sic</strong></span> <span class='ocrx_word' id='word_1_782' title='bbox 1421 2287 1531 2315; x_wconf 86' lang='lat' dir='ltr'><strong>quoque</strong></span> <span class='ocrx_word' id='word_1_783' title='bbox 1548 2278 1680 2307; x_wconf 88' lang='lat' dir='ltr'><strong>Dominus</strong></span> <span class='ocrx_word' id='word_1_784' title='bbox 1694 2286 1709 2304; x_wconf 74' lang='grc' dir='ltr'><strong>ιι</strong></span> <span class='ocrx_word' id='word_1_785' title='bbox 1727 2276 1833 2304; x_wconf 79' lang='lat' dir='ltr'><strong>dextris</strong></span> 
     </span>
    </p>
   </div>
   <div class='ocr_carea' id='block_1_107' title="bbox 1044 2324 1830 2365">
    <p class='ocr_par' dir='ltr' id='par_1_107' title="bbox 1044 2324 1830 2365">
     <span class='ocr_line' id='line_1_107' title="bbox 1044 2324 1830 2365; baseline -0.01 -9"><span class='ocrx_word' id='word_1_786' title='bbox 1044 2328 1122 2365; x_wconf 68' lang='grc'><strong>145</strong></span> <span class='ocrx_word' id='word_1_787' title='bbox 1147 2328 1238 2355; x_wconf 88' lang='lat' dir='ltr'><strong>Patris</strong></span> <span class='ocrx_word' id='word_1_788' title='bbox 1253 2334 1338 2361; x_wconf 89' lang='lat' dir='ltr'><strong>super</strong></span> <span class='ocrx_word' id='word_1_789' title='bbox 1359 2333 1468 2353; x_wconf 86' lang='lat' dir='ltr'><strong>omnem</strong></span> <span class='ocrx_word' id='word_1_790' title='bbox 1489 2324 1675 2359; x_wconf 87' lang='lat' dir='ltr'><strong>principatum</strong></span> <span class='ocrx_word' id='word_1_791' title='bbox 1703 2328 1732 2349; x_wconf 90' lang='lat' dir='ltr'><strong>et</strong></span> <span class='ocrx_word' id='word_1_792' title='bbox 1751 2326 1830 2357; x_wconf 88' lang='lat' dir='ltr'><strong>pote-</strong></span> 
     </span>
    </p>
   </div>
   <div class='ocr_carea' id='block_1_108' title="bbox 1042 2366 1830 2406">
    <p class='ocr_par' dir='ltr' id='par_1_108' title="bbox 1042 2366 1830 2406">
     <span class='ocr_line' id='line_1_108' title="bbox 1042 2366 1830 2406; baseline -0.013 -3"><span class='ocrx_word' id='word_1_793' title='bbox 1042 2380 1142 2404; x_wconf 87' lang='lat' dir='ltr'><strong>statem</strong></span> <span class='ocrx_word' id='word_1_794' title='bbox 1174 2374 1268 2406; x_wconf 86' lang='lat' dir='ltr'><strong>sedet;</strong></span> <span class='ocrx_word' id='word_1_795' title='bbox 1307 2372 1418 2400; x_wconf 92' lang='lat' dir='ltr'><strong>oculum</strong></span> <span class='ocrx_word' id='word_1_796' title='bbox 1452 2375 1544 2398; x_wconf 88' lang='lat' dir='ltr'><strong>autem</strong></span> <span class='ocrx_word' id='word_1_797' title='bbox 1581 2376 1662 2396; x_wconf 91' lang='lat' dir='ltr'><strong>suum</strong></span> <span class='ocrx_word' id='word_1_798' title='bbox 1691 2368 1718 2395; x_wconf 90' lang='lat' dir='ltr'><strong>in</strong></span> <span class='ocrx_word' id='word_1_799' title='bbox 1746 2366 1830 2394; x_wconf 83' lang='lat' dir='ltr'><strong>corda</strong></span> 
     </span>
    </p>
   </div>
   <div class='ocr_carea' id='block_1_109' title="bbox 1042 2414 1831 2449">
    <p class='ocr_par' dir='ltr' id='par_1_109' title="bbox 1042 2414 1831 2449">
     <span class='ocr_line' id='line_1_109' title="bbox 1042 2414 1831 2449; baseline -0.013 -1"><span class='ocrx_word' id='word_1_800' title='bbox 1042 2421 1186 2449; x_wconf 87' lang='lat' dir='ltr'><strong>hominum</strong></span> <span class='ocrx_word' id='word_1_801' title='bbox 1212 2419 1240 2446; x_wconf 92' lang='lat' dir='ltr'><strong>in</strong></span> <span class='ocrx_word' id='word_1_802' title='bbox 1273 2422 1344 2445; x_wconf 80' lang='lat' dir='ltr'><strong>terra</strong></span> <span class='ocrx_word' id='word_1_803' title='bbox 1375 2416 1529 2444; x_wconf 88' lang='lat' dir='ltr'><strong>viventium</strong></span> <span class='ocrx_word' id='word_1_804' title='bbox 1556 2414 1641 2442; x_wconf 83' lang='lat' dir='ltr'><strong>habet</strong></span> <span class='ocrx_word' id='word_1_805' title='bbox 1665 2417 1831 2443; x_wconf 81' lang='lat' dir='ltr'><strong>extentum,</strong></span> 
     </span>
    </p>
   </div>
   <div class='ocr_carea' id='block_1_110' title="bbox 1043 2458 1831 2500">
    <p class='ocr_par' dir='ltr' id='par_1_110' title="bbox 1043 2458 1831 2500">
     <span class='ocr_line' id='line_1_110' title="bbox 1043 2458 1831 2500; baseline -0.011 -6"><span class='ocrx_word' id='word_1_806' title='bbox 1043 2470 1074 2493; x_wconf 88' lang='lat' dir='ltr'><strong>ut</strong></span> <span class='ocrx_word' id='word_1_807' title='bbox 1098 2473 1147 2493; x_wconf 88' lang='lat' dir='ltr'><strong>eos</strong></span> <span class='ocrx_word' id='word_1_808' title='bbox 1174 2465 1222 2500; x_wconf 89' lang='lat' dir='ltr'><strong>qui</strong></span> <span class='ocrx_word' id='word_1_809' title='bbox 1248 2464 1403 2498; x_wconf 85' lang='lat' dir='ltr'><strong>suscipiant</strong></span> <span class='ocrx_word' id='word_1_810' title='bbox 1428 2462 1463 2489; x_wconf 93' lang='lat' dir='ltr'><strong>ab</strong></span> <span class='ocrx_word' id='word_1_811' title='bbox 1484 2469 1518 2489; x_wconf 84' lang='lat' dir='ltr'><strong>eo</strong></span> <span class='ocrx_word' id='word_1_812' title='bbox 1546 2460 1691 2493; x_wconf 79' lang='lat' dir='ltr'><strong>auxilium,</strong></span> <span class='ocrx_word' id='word_1_813' title='bbox 1718 2458 1831 2486; x_wconf 80' lang='lat' dir='ltr'><strong>extollat</strong></span> 
     </span>
    </p>
   </div>
   <div class='ocr_carea' id='block_1_111' title="bbox 1042 2506 1831 2546">
    <p class='ocr_par' dir='ltr' id='par_1_111' title="bbox 1042 2506 1831 2546">
     <span class='ocr_line' id='line_1_111' title="bbox 1042 2506 1831 2546; baseline -0.013 -6"><span class='ocrx_word' id='word_1_814' title='bbox 1042 2520 1086 2546; x_wconf 88' lang='lat' dir='ltr'><strong>eo,</strong></span> <span class='ocrx_word' id='word_1_815' title='bbox 1116 2513 1163 2539; x_wconf 92' lang='lat' dir='ltr'><strong>ubi</strong></span> <span class='ocrx_word' id='word_1_816' title='bbox 1184 2512 1242 2546; x_wconf 87' lang='lat' dir='ltr'><strong>ipse</strong></span> <span class='ocrx_word' id='word_1_817' title='bbox 1267 2515 1319 2538; x_wconf 89' lang='lat' dir='ltr'><strong>est.</strong></span> <span class='ocrx_word' id='word_1_818' title='bbox 1343 2509 1479 2541; x_wconf 88' lang='lat' dir='ltr'><strong>Quoniam</strong></span> <span class='ocrx_word' id='word_1_819' title='bbox 1500 2507 1604 2542; x_wconf 88' lang='lat' dir='ltr'><strong>inquit:</strong></span> <span class='ocrx_word' id='word_1_820' title='bbox 1631 2506 1678 2533; x_wconf 74' lang='lat' dir='ltr'><strong>Ubi</strong></span> <span class='ocrx_word' id='word_1_821' title='bbox 1696 2512 1756 2532; x_wconf 72' lang='lat' dir='ltr'><strong>sum</strong></span> <span class='ocrx_word' id='word_1_822' title='bbox 1772 2512 1831 2540; x_wconf 71' lang='lat' dir='ltr'><strong>ego,</strong></span> 
     </span>
    </p>
   </div>
   <div class='ocr_carea' id='block_1_112' title="bbox 1041 2550 1829 2594">
    <p class='ocr_par' dir='ltr' id='par_1_112' title="bbox 1041 2550 1829 2594">
     <span class='ocr_line' id='line_1_112' title="bbox 1041 2550 1829 2594; baseline -0.011 -8"><span class='ocrx_word' id='word_1_823' title='bbox 1041 2559 1097 2586; x_wconf 78' lang='lat' dir='ltr'><strong>illic</strong></span> <span class='ocrx_word' id='word_1_824' title='bbox 1108 2565 1210 2594; x_wconf 82' lang='lat' dir='ltr'><strong>quoque</strong></span> <span class='ocrx_word' id='word_1_825' title='bbox 1226 2557 1344 2584; x_wconf 67' lang='lat' dir='ltr'><strong>minister</strong></span> <span class='ocrx_word' id='word_1_826' title='bbox 1355 2563 1426 2582; x_wconf 74' lang='lat' dir='ltr'><strong>meus</strong></span> <span class='ocrx_word' id='word_1_827' title='bbox 1441 2554 1491 2581; x_wconf 83' lang='lat' dir='ltr'><strong>erit</strong></span> <span class='ocrx_word' id='word_1_828' title='bbox 1500 2553 1533 2579; x_wconf 82' lang='lat'><strong>&quot;.</strong></span> <span class='ocrx_word' id='word_1_829' title='bbox 1544 2553 1579 2580; x_wconf 84' lang='lat' dir='ltr'><strong>Et</strong></span> <span class='ocrx_word' id='word_1_830' title='bbox 1592 2552 1692 2579; x_wconf 92' lang='lat' dir='ltr'><strong>iterum</strong></span> <span class='ocrx_word' id='word_1_831' title='bbox 1709 2550 1829 2578; x_wconf 86' lang='lat' dir='ltr'><strong>Paulus:</strong></span> 
     </span>
    </p>
   </div>
   <div class='ocr_carea' id='block_1_113' title="bbox 1042 2596 1830 2633">
    <p class='ocr_par' dir='ltr' id='par_1_113' title="bbox 1042 2596 1830 2633">
     <span class='ocr_line' id='line_1_113' title="bbox 1042 2596 1830 2633; baseline -0.014 -2"><span class='ocrx_word' id='word_1_832' title='bbox 1042 2603 1129 2631; x_wconf 80' lang='lat' dir='ltr'><strong>Simul</strong></span> <span class='ocrx_word' id='word_1_833' title='bbox 1144 2602 1317 2633; x_wconf 81' lang='lat' dir='ltr'><strong>resuscitauit,</strong></span> <span class='ocrx_word' id='word_1_834' title='bbox 1342 2603 1366 2627; x_wconf 80' lang='lat' dir='ltr'><strong>et</strong></span> <span class='ocrx_word' id='word_1_835' title='bbox 1382 2598 1462 2626; x_wconf 75' lang='lat' dir='ltr'><strong>simul</strong></span> <span class='ocrx_word' id='word_1_836' title='bbox 1473 2598 1561 2625; x_wconf 81' lang='lat' dir='ltr'><strong>sedere</strong></span> <span class='ocrx_word' id='word_1_837' title='bbox 1577 2597 1636 2632; x_wconf 77' lang='lat' dir='ltr'><strong>fecit</strong></span> <span class='ocrx_word' id='word_1_838' title='bbox 1648 2597 1682 2623; x_wconf 81' lang='lat' dir='ltr'><strong>ad</strong></span> <span class='ocrx_word' id='word_1_839' title='bbox 1695 2596 1830 2622; x_wconf 72' lang='lat' dir='ltr'><strong>dexteram</strong></span> 
     </span>
    </p>
   </div>
   <div class='ocr_carea' id='block_1_114' title="bbox 1042 2641 1830 2677">
    <p class='ocr_par' dir='ltr' id='par_1_114' title="bbox 1042 2641 1830 2677">
     <span class='ocr_line' id='line_1_114' title="bbox 1042 2641 1830 2677; baseline -0.013 0"><span class='ocrx_word' id='word_1_840' title='bbox 1042 2658 1120 2677; x_wconf 73' lang='lat' dir='ltr'><strong>suam</strong></span> <span class='ocrx_word' id='word_1_841' title='bbox 1140 2649 1210 2675; x_wconf 85' lang='lat' dir='ltr'><strong>inter</strong></span> <span class='ocrx_word' id='word_1_842' title='bbox 1233 2647 1347 2675; x_wconf 71' lang='lat' dir='ltr'><strong>cmlestes</strong></span> <span class='ocrx_word' id='word_1_843' title='bbox 1371 2645 1405 2673; x_wconf 91' lang='grc'><strong>⁸⁷.</strong></span> <span class='ocrx_word' id='word_1_844' title='bbox 1438 2646 1540 2673; x_wconf 86' lang='lat' dir='ltr'><strong>Verum</strong></span> <span class='ocrx_word' id='word_1_845' title='bbox 1566 2642 1694 2670; x_wconf 87' lang='lat' dir='ltr'><strong>animalia</strong></span> <span class='ocrx_word' id='word_1_846' title='bbox 1722 2641 1830 2669; x_wconf 86' lang='lat' dir='ltr'><strong>ratione</strong></span> 
     </span>
    </p>
   </div>
   <div class='ocr_carea' id='block_1_115' title="bbox 1044 2690 1828 2728">
    <p class='ocr_par' dir='ltr' id='par_1_115' title="bbox 1044 2690 1828 2728">
     <span class='ocr_line' id='line_1_115' title="bbox 1044 2690 1828 2728; baseline -0.014 -4"><span class='ocrx_word' id='word_1_847' title='bbox 1044 2697 1188 2727; x_wconf 88' lang='lat' dir='ltr'><strong>destituta,</strong></span> <span class='ocrx_word' id='word_1_848' title='bbox 1211 2697 1276 2722; x_wconf 89' lang='lat' dir='ltr'><strong>sunt</strong></span> <span class='ocrx_word' id='word_1_849' title='bbox 1308 2694 1389 2728; x_wconf 77' lang='lat' dir='ltr'><strong>longe</strong></span> <span class='ocrx_word' id='word_1_850' title='bbox 1419 2690 1632 2725; x_wconf 76' lang='lat' dir='ltr'><strong>intelligentiam</strong></span> <span class='ocrx_word' id='word_1_851' title='bbox 1658 2695 1741 2723; x_wconf 77' lang='lat' dir='ltr'><strong>quam</strong></span> <span class='ocrx_word' id='word_1_852' title='bbox 1766 2694 1828 2715; x_wconf 87' lang='lat' dir='ltr'><strong>nos.</strong></span> 
     </span>
    </p>
   </div>
   <div class='ocr_carea' id='block_1_116' title="bbox 1044 2733 1829 2775">
    <p class='ocr_par' dir='ltr' id='par_1_116' title="bbox 1044 2733 1829 2775">
     <span class='ocr_line' id='line_1_116' title="bbox 1044 2733 1829 2775; baseline -0.014 -5"><span class='ocrx_word' id='word_1_853' title='bbox 1044 2740 1265 2775; x_wconf 84' lang='lat' dir='ltr'><strong>Unumquodque</strong></span> <span class='ocrx_word' id='word_1_854' title='bbox 1279 2738 1352 2766; x_wconf 88' lang='lat' dir='ltr'><strong>enim</strong></span> <span class='ocrx_word' id='word_1_855' title='bbox 1373 2737 1472 2764; x_wconf 87' lang='lat' dir='ltr'><strong>horum</strong></span> <span class='ocrx_word' id='word_1_856' title='bbox 1498 2734 1593 2763; x_wconf 90' lang='lat' dir='ltr'><strong>unitur</strong></span> <span class='ocrx_word' id='word_1_857' title='bbox 1616 2733 1661 2766; x_wconf 80' lang='lat' dir='ltr'><strong>iis,</strong></span> <span class='ocrx_word' id='word_1_858' title='bbox 1686 2740 1748 2768; x_wconf 67' lang='lat' dir='ltr'><strong>qua:</strong></span> <span class='ocrx_word' id='word_1_859' title='bbox 1764 2735 1829 2759; x_wconf 87' lang='lat' dir='ltr'><strong>sunt</strong></span> 
     </span>
    </p>
   </div>
   <div class='ocr_carea' id='block_1_117' title="bbox 1042 2781 1828 2826">
    <p class='ocr_par' dir='ltr' id='par_1_117' title="bbox 1042 2781 1828 2826">
     <span class='ocr_line' id='line_1_117' title="bbox 1042 2781 1828 2826; baseline -0.015 -9"><span class='ocrx_word' id='word_1_860' title='bbox 1042 2788 1166 2826; x_wconf 85' lang='lat' dir='ltr'><strong>ejusdem</strong></span> <span class='ocrx_word' id='word_1_861' title='bbox 1182 2791 1297 2819; x_wconf 71' lang='lat' dir='ltr'><strong>naturae,</strong></span> <span class='ocrx_word' id='word_1_862' title='bbox 1309 2783 1427 2820; x_wconf 75' lang='lat' dir='ltr'><strong>agrestia</strong></span> <span class='ocrx_word' id='word_1_863' title='bbox 1445 2781 1611 2819; x_wconf 83' lang='lat' dir='ltr'><strong>agrestibus,</strong></span> <span class='ocrx_word' id='word_1_864' title='bbox 1631 2784 1660 2809; x_wconf 87' lang='lat' dir='ltr'><strong>et</strong></span> <span class='ocrx_word' id='word_1_865' title='bbox 1681 2785 1748 2807; x_wconf 84' lang='lat' dir='ltr'><strong>oves</strong></span> <span class='ocrx_word' id='word_1_866' title='bbox 1771 2785 1828 2806; x_wconf 68' lang='lat' dir='ltr'><strong>sua</strong></span> 
     </span>
    </p>
   </div>
  </div>
