2076 3151
267 135 316 170 791

880 139 910 170 S.
929 136 1089 170 MACARII
1109 137 1270 169 lEGYPTlI

1846 136 1901 169 792

266 192 380 228 speciei.
393 192 434 220 'l'u
453 199 519 221 vero
538 201 592 221 non
606 193 753 222 reverteris
775 193 809 221 ad
830 193 969 222 caelestem
979 198 1054 221 tuam

1105 192 1152 219 καὶ
1169 193 1205 219 τὰ
1231 192 1355 228 πρόὸατα
1371 191 1441 228 πρὸς
1460 191 1491 219 τὸ
1518 191 1584 219 [διον
1608 191 1698 227 γένος’
1722 190 1772 218 καὶ
1797 191 1830 219 σὺ
1848 193 1899 220 οὐκ

266 239 468 274 cognationem,
481 247 541 274 quae
551 243 593 267 est
607 239 739 267 Dominus
751 249 758 272 ;
776 239 824 268 sed
843 239 1056 275 cogitationibus

267 286 322 311 tuis
346 285 431 312 tradis
456 290 481 312 te
503 290 532 312 et
557 286 700 314 asscntiris
725 286 941 321 cogitationibus
952 285 1054 320 pravis,

266 328 376 361 ailjutor
387 329 492 362 peccati
509 328 609 359 factus.
622 330 736 365 ejusque
749 338 801 365 ope
819 330 868 357 tibi
885 330 936 365 ipsi
954 329 1056 357 bellum

269 372 363 404 inti-rs,
380 379 464 407 atque
481 373 551 400 adeo
569 381 659 401 escam
684 375 772 402 hostis
801 379 826 401 te
851 375 940 410 ipsum
954 374 1056 402 consti-

267 418 333 447 tuis,
353 418 468 452 perinde
484 426 516 445 ac
530 419 552 446 si
566 419 624 447 avis
636 419 671 447 ab
681 420 772 455 aquila
787 419 984 454 comprehensa
1006 419 1056 447 ab-

268 468 393 491 sumatur
408 465 526 492 autovis
538 473 553 492 a
567 466 643 500 lupo,
653 470 701 493 aut
714 466 919 502 puerignorans
926 465 1057 493 extendat

266 516 378 536 manum
390 518 468 537 suam
480 511 514 537 ad
529 515 697 546 serpentem,
721 518 737 538 ιι
753 519 809 546 quo
833 518 932 539 exesus
947 510 1056 538 inﬂam-

266 560 367 582 metur.
387 555 593 584 Similitudines
608 556 684 584 enim
703 556 779 584 velut
803 555 922 592 eﬂigiem
956 560 1057 592 gerunt

266 607 360 627 rerum
374 601 571 635 spiritualium.

301 701 356 728 Vll.
371 701 609 734 Quemadmodum
620 709 688 729 vero
704 701 782 737 virgo
799 701 878 729 dives
889 700 1056 736 desponsata

265 747 336 778 viro,
349 754 521 782 quaecunque
545 747 685 782 acceperit
700 747 780 780 {dona
800 752 862 775 ante
879 747 1055 782 conjunctio-

265 799 339 823 nem,
357 793 416 820 sive
433 797 604 825 ornamenta,
622 792 681 820 sive
703 793 911 823 vestimentum.
927 793 984 820 sive
1007 801 1055 820 su-

265 838 430 873 pellectilem
445 839 605 873 pretiosam,
620 846 675 865 non
693 838 811 873 quiescit
826 838 854 865 in
881 837 946 871 illis,
966 838 1056 866 donec

265 888 374 918 tempus
392 886 550 919 nuptiarum
571 884 726 917 advenerit,
742 889 771 912 et
791 884 985 920 conjunctione
1006 892 1057 920 po-

266 929 316 955 tita
331 928 433 955 fixerit:
458 928 499 955 sic
519 936 630 963 quoque
648 929 740 956 anima
758 933 851 964 aptata
876 929 904 956 in
927 937 1056 964 sponsam

264 971 370 999 cmlesti
389 971 506 1006 Sponso,
519 972 618 1007 accipit
635 972 819 999 arrhabonem
837 980 853 1000 e
866 972 982 1007 Spiritu,
998 973 1057 1001 sive

265 1017 338 1046 dona
357 1019 543 1051 sanationum,
564 1020 622 1047 sive
635 1020 810 1056 cognitionis,
825 1021 884 1048 sive
909 1021 1057 1049 revelatio-

265 1064 309 1091 nis
330 1076 337 1091 :
353 1065 401 1092 sed
412 1074 467 1092 non
487 1066 660 1100 conquiescit
673 1065 701 1092 in
716 1066 781 1099 illis,
799 1066 888 1094 donec
902 1074 1056 1102 consequa-

266 1113 312 1135 tur
326 1109 435 1143 plenam
454 1109 626 1141 societatem,
648 1109 702 1137 hoc
726 1114 769 1136 est
790 1110 979 1142 dilectionem,
996 1118 1057 1145 quae

264 1159 328 1178 cum
346 1159 398 1179 nec
414 1157 548 1185 mutetur,
566 1160 618 1180 nec
638 1152 758 1185 excidat,
774 1153 865 1180 omnis
880 1153 1016 1188 passionis
1028 1156 1056 1180 et

265 1196 457 1223 concussionis
483 1200 610 1231 expertes
625 1196 771 1223 constituit
786 1196 858 1229 illos,
871 1197 919 1232 qui
933 1204 993 1224 eam
1006 1196 1056 1224 de-

264 1242 399 1269 siderant.
415 1242 468 1269 Aut
484 1242 718 1277 quemadmodum
736 1242 826 1270 infans
846 1243 963 1270 amictus
984 1250 1056 1270 mar-

265 1287 362 1323 garitis
375 1292 404 1315 et
418 1288 587 1316 indumentis
609 1288 750 1323 pretiosis,
765 1288 813 1315 ubi
829 1288 969 1321 esui-ierit,
985 1288 1056 1316 nihil

262 1335 381 1361 aestimat
395 1338 456 1369 que
477 1338 577 1369 gestat,
603 1334 651 1362 scd
673 1342 705 1362 ea
725 1334 849 1369 negligit,
862 1341 972 1361 omnem
988 1341 1055 1361 vero

265 1388 359 1407 curam
384 1380 468 1408 habet
490 1381 518 1408 in
540 1381 662 1408 mamilla
681 1381 815 1413 alimenti,
828 1388 883 1415 quo
909 1385 990 1416 pacto
1013 1381 1055 1408 lac

263 1426 383 1460 accipiat
395 1433 403 1452 :
414 1426 487 1453 idem
499 1433 613 1461 quoque
626 1429 721 1460 putato
741 1425 810 1453 mihi
823 1426 851 1452 in
862 1425 1055 1460 spiritualibus

263 1471 345 1499 donis
359 1471 419 1499 Dei.
436 1471 488 1499 Cui
502 1472 590 1506 gloria
606 1471 634 1498 in
644 1471 755 1499 saecula.
772 1471 870 1498 Amen.

531 1533 673 1561 HOMILIA
693 1534 785 1561 XLVI.

263 1577 303 1605 De
332 1578 478 1613 differentia
507 1579 578 1604 inter
600 1578 715 1613 Verbum
746 1578 795 1605 Dei
816 1582 842 1604 et
862 1577 932 1613 inter
949 1579 1055 1606 verbum

300 1611 454 1675 multillth
478 1614 548 1640 inter
573 1612 644 1647 ﬁlios
667 1613 716 1640 Dei
739 1617 764 1640 et
785 1614 854 1640 inter
882 1611 952 1647 ﬁlios
975 1615 1055 1650 hujus

301 1657 366 1676 mun
386 1657 405 1676 ι.

299 1703 321 1732 l.
339 1704 459 1732 Verbum
487 1705 546 1738 Dei,
573 1705 646 1733 Deus
669 1709 734 1738 est,
758 1710 786 1733 et
811 1706 926 1734 verbum
942 1706 1054 1740 mundi,

222 1758 226 1764 '
266 1750 388 1778 mundus
399 1755 453 1778 est.
464 1751 590 1786 Magnum
604 1759 670 1779 vero
681 1751 828 1779 discrimen
842 1756 870 1780 et
881 1752 1056 1780 intervallum

263 1801 307 1824 est
332 1796 404 1824 inter
434 1795 551 1824 Verbum
578 1797 627 1824 Dei
650 1802 679 1825 et
708 1798 781 1825 inter
799 1797 915 1825 verbum
940 1798 1055 1832 mundi,

264 1846 347 1877 atque
361 1842 434 1870 inter
446 1842 517 1870 ﬁlios
527 1843 575 1870 Dei
591 1847 619 1870 et
647 1843 719 1870 inter
732 1843 803 1871 ﬁlios
817 1844 923 1871 mundi.
936 1844 1056 1879 Utraque

262 1888 338 1914 enim
351 1888 442 1922 proles
468 1895 582 1916 suorum
606 1888 706 1915 similis
724 1893 769 1916 est
792 1893 953 1924 parentum.
965 1888 994 1916 Si
1010 1897 1057 1918 vo-

263 1934 349 1962 luerit
359 1942 424 1970 ergo
441 1943 561 1970 propago
581 1935 694 1970 spiritus
703 1935 813 1962 tradere
827 1943 857 1963 se
871 1935 958 1971 ipsam
972 1936 1056 1963 verbo

264 1981 372 2012 mundi,
406 1988 438 2007 ac
466 1981 552 2008 rebus
579 1981 709 2014 terrenis,
735 1987 818 2016 atque
841 1981 936 2017 gloria:
964 1982 1057 2010 seaculi

264 2027 357 2062 hujus,
383 2027 566 2054 mortiﬁcatur
581 2032 610 2055 et
635 2028 718 2062 perit,
737 2023 851 2062 quippe'
871 2035 933 2062 quas
962 2036 1056 2056 veram

264 2073 389 2107 requiem
412 2072 475 2100 vitae
495 2072 627 2107 consequi
653 2081 709 2100 non
734 2073 831 2108 possit.
847 2073 967 2107 Requies
980 2074 1055 2101 enim

264 2119 329 2153 ejus
345 2118 401 2145 illic
417 2122 469 2150 est,
487 2119 560 2146 unde
581 2124 712 2154 prognata
725 2123 776 2146 est.
796 2119 954 2147 Sutl‘ocatur
968 2120 1054 2153 enim,

264 2169 296 2191 ut
315 2164 404 2198 inquit
412 2164 555 2197 Dominus,
575 2169 604 2191 et
620 2165 810 2193 infructuosus
820 2165 947 2193 redditur
963 2166 1053 2193 Verbo

1107 237 1246 273 ἑπανέρχῃ
1272 237 1341 271 πρδς
1368 237 1417 272 τὴν
1433 237 1558 273 οὐράνιόν
1574 246 1620 264 σου
1643 236 1816 272 συγγένειαν,
1838 238 1899 273 ἥτις

1107 283 1182 309 ἐστὶν
1196 283 1210 308 ὁ
1221 281 1334 318 Κύριος⁸
1347 283 1416 309 ἀλλά
1432 282 1610 315 συνεπιδιδοῖς
1626 282 1673 310 καὶ
1693 283 1831 314 συννεύεις
1842 284 1899 315 τοῖς

1106 327 1247 362 λογισμοῖς
1264 336 1311 354 σου
1336 327 1376 359 είς
1394 328 1456 359 τοὺς
1475 327 1623 362 λογισμοὺς
1638 327 1689 362 τῆς
1711 327 1822 359 κακίας,
1838 327 1900 361 βοη-

1108 373 1154 405 θὸς
1182 373 1233 407 τῆς
1258 373 1396 408 ἁμαρτίας
1412 373 1569 408 γενόμενος,
1592 372 1639 399 καὶ
1661 373 1710 399 σὺν
1727 372 1795 407 αὐτῇ
1811 372 1900 407 ἐαυτῷ

1106 417 1242 453 πολεμῶν,
1260 417 1307 444 καὶ
1322 417 1394 444 οὕτω
1417 417 1589 453 κατάδρωμα
1614 417 1661 444 τοῦ
1689 417 1787 452 ὲχθροῦ
1813 417 1899 444 ποιῶν

1105 463 1212 490 ἑαυτόνο
1225 463 1320 499 ὥσπερ
1335 463 1368 490 ἂν
1384 463 1477 499 δρνεον
1492 463 1545 490 ὑπδ
1561 463 1641 490 ἀετοῦ
1662 463 1813 498 συλληφθὲν
1831 472 1899 490 κατ-

1105 509 1241 545 αναλωθῇ,
1253 509 1270 545 ἢ
1284 509 1419 545 πρόϐατον
1435 509 1488 536 ὑπὸ
1509 509 1592 536 λύκου
1606 530 1614 542 ,
1630 509 1646 544 ἢ
1662 509 1769 536 παιδίον
1784 508 1900 543 ἀγνοοῦν

1105 553 1213 589 ἐκτείνῃ
1226 554 1275 589 τὴν
1288 555 1367 590 χεῖρα
1381 554 1465 581 αὐτοῦ
1489 553 1558 590 πρὸς
1577 553 1650 588 ὅφιν,
1674 554 1722 581 καὶ
1734 554 1837 589 βρωθὲν
1853 554 1899 580 ὑπ’

1105 600 1189 627 αὑτοῦ
1204 600 1348 636 ἀποκαυθῇ
1366 609 1374 617 ·
1392 601 1421 627 αι
1442 600 1497 636 γὰρ
1519 600 1673 636 παραδολαὶ
1697 600 1790 635 ὥσπερ
1813 600 1900 636 πρόσ-

1105 653 1170 672 ωπα
1186 645 1295 680 ἔχουσιν
1310 645 1351 677 είς
1363 645 1395 672 τδ
1410 646 1597 680 πνευματικὸν
1617 645 1709 680 ἔργον.

1141 691 1179 718 Ζ’.
1203 691 1311 726 Ὠσπερ
1325 690 1354 717 δὲ
1377 690 1512 726 παρθένος
1531 691 1647 718 πλουσία
1670 691 1898 726 μεμνηπευμένη

1107 736 1195 771 ἀνδρὶ,
1212 737 1262 763 ὅσα
1283 736 1317 764 ἂν
1333 736 1442 772 δέξηται
1457 736 1532 773 δῶρα
1548 736 1601 772 πρὸ
1615 737 1665 771 τῆς
1678 737 1830 770 κοινωνίας,
1843 737 1898 763 είτε

1109 782 1222 818 κόσμια,
1241 783 1297 810 εἴτε
1323 783 1484 818 ἱματισμὸν,
1500 783 1556 810 εἴτε
1577 783 1662 818 σκεύη
1686 783 1831 819 πολύτιμα,
1849 783 1898 810 οὐκ

1107 827 1313 855 ὲπαναπαύεται
1340 829 1456 862 τούτοις,
1476 829 1529 861 ἕως
1552 825 1584 856 οὗ
1608 830 1622 856 ό
1645 829 1740 865 καιρὸς
1767 828 1832 865 ἔλθῃ
1850 829 1898 855 τοῦ

1109 875 1213 909 γάμου,
1235 875 1283 901 καὶ
1301 874 1370 912 τύχῃ
1388 875 1439 909 τῆς
1460 875 1614 907 κοινωνίας
1630 875 1716 907 οὕτως
1729 875 1898 911 ἀρμοσθεῖσα

1110 921 1150 952 είς
1164 920 1273 956 νύμφην
1289 921 1306 956 ή
1323 921 1396 957 ψυχὴ
1413 920 1452 956 τῷ
1465 921 1619 956 ἐπουρανίῳ
1632 921 1752 956 νυμφίῳ,
1765 921 1898 956 λαμϐάνει

1109 966 1259 1003 ἀρραϐῶνα
1279 967 1311 994 ὲκ
1325 966 1371 993 τοῦ
1387 966 1556 1001 Πνεύματος,
1574 967 1629 994 εἴτε
1643 966 1800 1002 χαρίσματα
1817 966 1898 1001 ίαμά-

1109 1022 1173 1045 των,
1200 1013 1255 1040 εἴτε
1270 1012 1408 1046 γνώσεως,
1434 1012 1490 1039 εἴτε
1520 1011 1728 1047 ἀποκαλύψεως·
1760 1011 1817 1039 ἀλλ’
1847 1011 1898 1038 οὐκ

1109 1058 1314 1086 ἑπαναπαύεται
1336 1058 1471 1090 ἐκείνοις,
1497 1058 1551 1089 ἕως
1574 1057 1607 1085 ἂν
1633 1057 1702 1094 τύχῃ
1719 1057 1768 1092 τῆς
1791 1057 1898 1089 τελείας

1083 1107 1089 1117 ‘
1109 1104 1263 1137 κοινωνίας,
1275 1104 1398 1131 τουτέστι
1411 1104 1461 1139 τῆς
1473 1103 1594 1139 ἀγάπης,
1609 1104 1670 1139 ἥτις
1685 1103 1818 1139 ἄτρεπτος
1829 1101 1898 1130 οὖσα

1109 1151 1157 1178 καὶ
1187 1151 1311 1182 ἀπτωτος
1324 1171 1332 1184 ,
1357 1149 1474 1181 ἀπαθεῖς
1495 1150 1542 1176 καὶ
1565 1149 1732 1181 ἀσαλεύτους
1752 1149 1898 1184 ἐργάζεται

1108 1196 1172 1228 τοὺς
1200 1195 1285 1232 αὐτὴν
1302 1196 1484 1231 ποθήσαντας.
1500 1195 1535 1222 Ἦ
1551 1195 1646 1229 ὥσπερ
1666 1193 1767 1229 βρέφος
1787 1193 1898 1228 περιὸε-

1108 1242 1243 1278 ϐλημένον
1271 1241 1445 1277 μαργαρίτας
1473 1241 1521 1268 καὶ
1546 1240 1683 1275 ἐνδύματα
1706 1239 1783 1274 τίμια
1798 1259 1805 1270 ,
1832 1239 1897 1266 ὅταν

1109 1289 1239 1324 πεινάσῃ,
1251 1287 1289 1320 ὡς
1302 1288 1378 1315 οὐδὲν
1391 1288 1528 1322 λογίζεται
1544 1286 1562 1314 ἃ
1576 1287 1665 1322 φορεῖ.
1677 1285 1744 1312 ἀλλά
1757 1293 1896 1320 καταφρο-

1108 1336 1149 1362 νεῖ
1169 1335 1270 1367 αὐτῶν,
1286 1335 1349 1369 ὃλην
1365 1333 1394 1361 δὲ
1408 1333 1457 1369 τὴν
1482 1333 1617 1369 μέριμναν
1638 1331 1694 1368 ἔχει
1716 1333 1756 1364 εις
1777 1331 1822 1358 τὸν
1846 1340 1898 1367 μα-

1110 1381 1173 1407 στδν
1189 1381 1238 1416 τῆς
1253 1380 1367 1416 τροφῆς,
1394 1379 1453 1411 πῶς
1474 1379 1505 1406 τὸ
1528 1378 1600 1413 γάλα
1623 1378 1703 1415 λάϐῃ·
1721 1377 1751 1405 τὺ
1770 1377 1836 1404 αὑτό
1851 1385 1897 1412 μοι

1107 1425 1214 1460 λογίζου
1233 1425 1286 1452 κάν
1302 1425 1361 1456 τοῖς
1375 1425 1572 1460 πνευματικοῖς
1585 1423 1736 1460 χαρίσμασι
1755 1421 1802 1451 τοῦ
1816 1421 1895 1449 Θεοῦ·

1105 1468 1129 1506 ᾧ
1147 1473 1164 1507 ἡ
1184 1470 1249 1505 δόξα
1259 1471 1299 1503 είς
1322 1470 1386 1502 τοὺς
1402 1469 1513 1502 αίῶνας.
1531 1470 1630 1506 Ἀμήν.

1389 1536 1510 1564 ΟΜΙΛΙΛ
1533 1537 1608 1570 MG".

1106 1583 1174 1618 Περὶ
1190 1583 1246 1617 τῆς
1267 1582 1414 1618 διαφορᾶς
1432 1582 1486 1609 τοῦ
1500 1591 1533 1609 τε
1549 1582 1647 1617 Λόγου
1661 1581 1722 1618 λινοῦ
1742 1580 1830 1618 Θεοῦ,
1846 1581 1897 1618 καί

1142 1615 1196 1646 τοῦ
1211 1615 1304 1652 λόγου
1319 1615 1380 1652 τοῦ
1408 1618 1536 1652 κόσμου,
1560 1615 1609 1644 καί
1636 1615 1696 1644 τῶν
1717 1616 1829 1643 τέκνων
1842 1615 1897 1644 τοῦ

1143 1653 1230 1685 Θεοῦ,
1247 1650 1296 1680 καὶ
1321 1650 1382 1680 τῶν
1400 1650 1515 1679 τέκνων
1537 1652 1646 1679 τούτου
1665 1652 1719 1679 τοῦ
1734 1652 1860 1685 κόσμου.

1141 1710 1182 1736 A'.
1202 1708 1232 1736 '0
1243 1708 1291 1736 τοῦ
1312 1707 1381 1735 Θεοῦ
1407 1707 1511 1741 Λόγος,
1526 1706 1592 1739 Θεός
1613 1708 1681 1734 ἔστι.
1710 1707 1766 1734 Καὶ
1785 1706 1800 1733 ό
1819 1706 1896 1740 λόγος

1105 1754 1153 1781 τοῦ
1169 1754 1284 1788 κόσμου,
1307 1753 1410 1788 κόσμος
1425 1752 1494 1779 ἐστί.
1511 1751 1601 1787 Πολλὴ
1613 1751 1641 1779 δὲ
1653 1751 1770 1787 διαφορά
1785 1753 1831 1779 καὶ
1848 1759 1897 1787 με·

1107 1801 1188 1836 σάτης
1201 1801 1350 1836 τυγχάνει,
1367 1799 1415 1827 τοῦ
1429 1808 1459 1826 τε
1474 1799 1561 1835 Λόγου
1579 1799 1626 1827 τοῦ
1648 1799 1714 1827 Θεοῦ
1730 1800 1777 1827 καὶ
1795 1799 1842 1826 τοῦ
1854 1800 1899 1826 λό-

1106 1854 1156 1881 γου
1170 1845 1218 1873 τοῦ
1231 1847 1335 1882 κόσμου
1354 1867 1362 1880 ,
1387 1847 1437 1874 καὶ
1457 1845 1512 1872 τῶν
1525 1846 1627 1873 τέκνων
1640 1845 1686 1872 τοῦ
1702 1845 1769 1872 Θεοῦ
1787 1845 1896 1872 καὶτῶν

1105 1891 1210 1918 τέκνων
1240 1892 1287 1919 τοῦ
1313 1891 1428 1926 κόσμου.
1456 1891 1593 1919 Ἶνὶκαστον
1618 1891 1674 1927 γὰρ
1698 1890 1822 1926 γέννημα
1840 1891 1897 1921 τοῖς

1108 1937 1184 1968 ίδίοις
1198 1936 1271 1964 ἔοικε
1285 1936 1422 1972 γονεῦσιν.
1440 1937 1471 1963 El
1482 1935 1529 1964 οὖν
1541 1936 1650 1972 θελήσει
1663 1936 1694 1963 τδ
1710 1936 1757 1963 τοῦ
1770 1936 1896 1971 Πνεῦμα-

1105 1991 1152 2014 τος
1176 1981 1300 2018 γέννημα
1323 1982 1464 2009 ἐπιδοῦναι
1489 1982 1585 2009 ἑαυτὸν
1609 1983 1650 2014 είς
1681 1981 1727 2009 τὸν
1750 1981 1829 2016 λόγον
1850 1980 1897 2008 τοῦ

1106 2027 1221 2063 κόσμου,
1238 2027 1335 2054 καὶτὰ
1353 2028 1506 2063 πράγματα
1524 2029 1575 2064 τῆς
1597 2029 1659 2063 γῆς,
1678 2028 1727 2054 καὶ
1749 2027 1800 2063 τὴν
1818 2026 1898 2060 δόξαν

1105 2073 1152 2100 τοῦ
1169 2073 1269 2105 αἰῶνος
1281 2074 1391 2105 τούτου,
1406 2073 1568 2100 θανατοῦται
1585 2073 1634 2101 καὶ
1648 2073 1808 2106 ἀπόλλυται,
1829 2073 1897 2100 ἀνά-

1105 2127 1208 2146 παυσιν
1222 2119 1353 2155 ἀληθινὴν
1369 2119 1443 2155 ζωῆς
1458 2120 1548 2155 εὑρεῖν
1566 2119 1603 2155 μὴ
1620 2119 1778 2154 δυνάμενον.
1799 2117 1833 2145 Ἠ
1843 2118 1897 2154 γὰρ

1105 2165 1260 2197 ἀνάπαυσις
1290 2165 1375 2192 αὐτοῦ
1403 2165 1462 2192 ἐκεῖ
1486 2166 1571 2197 ἔστιν,
1595 2165 1656 2192 ὅθεν
1684 2165 1731 2191 καὶ
1753 2164 1896 2200 ἐγεννήθη.

263 2209 370 2240 divmo,
392 2209 438 2243 qui
462 2209 642 2236 sucularibus
659 2209 735 2237 curis
758 2215 909 2245 occupatus
936 2211 1054 2238 terrenis

1105 2210 1291 2245 Συμπνίγεται
1311 2210 1377 2246 γὰρ,
1391 2210 1430 2242 ὥς
1445 2219 1529 2246 φησιν
1548 2211 1562 2237 ὁ
1582 2210 1698 2246 Κύριος,
1711 2209 1898 2245 καὶάκαρπος

265 2254 373 2289 laqueis
396 2254 526 2289 illigatur.
550 2255 694 2288 Similiter,
714 2256 762 2290 qui
784 2256 886 2283 carnali
902 2257 1054 2286 intentione

263 2299 414 2332 detinetur,
429 2299 482 2327 hoc
492 2304 535 2327 est
546 2300 629 2327 homo
641 2301 807 2333 mundanus,
822 2301 845 2328 si
857 2302 922 2329 velit
934 2303 1054 2330 Verbum

264 2344 313 2372 Dei
344 2344 452 2378 audire,
474 2345 638 2379 sutl‘ocatur,
655 2351 683 2374 et
699 2347 776 2374 velut
792 2347 931 2382 quispiam
955 2356 1054 2384 expers

264 2390 380 2418 rationis
409 2392 599 2420 constituitur.
623 2393 777 2420 Assuei‘acti
808 2393 882 2421 enim
922 2394 1054 2422 vitiorum

264 2437 413 2470 illecebris,
437 2437 484 2465 ubi
501 2437 537 2465 de
563 2438 619 2466 Deo
650 2439 718 2474 quid
750 2439 899 2474 audierint,
923 2445 1052 2476 tanquam

264 2483 357 2510 minus
386 2484 465 2511 suavi
492 2492 622 2513 sermone
649 2485 764 2518 turbati,
787 2485 871 2514 animi
889 2487 971 2515 taedio
995 2487 1054 2515 alli-

265 2529 389 2556 ciuntur.

302 2613 426 2650 14611.
439 2614 484 2642 Ait
497 2622 608 2650 quoque
633 2615 751 2644 Paulus:
764 2615 895 2644 Animam
910 2619 986 2645 homo
1000 2626 1053 2646 non

265 2659 375 2693 percipit
385 2667 416 2686 ea
436 2667 495 2694 qua:
504 2664 566 2687 sunt
579 2659 707 2696 Spiritus,
718 2661 832 2688 stultitia
840 2663 909 2689 enim
920 2667 956 2690 est
968 2662 1010 2690 illi
1018 2664 1052 2691 ".

265 2704 300 2732 Ει
313 2705 447 2740 propheta
474 2706 564 2741 inquit
586 2714 594 2734 :
617 2706 714 2735 Factus
747 2712 786 2735 est
802 2708 856 2736 illis
885 2717 971 2736 sermo
993 2710 1050 2743 Dei,

265 2752 343 2786 quasi
358 2752 479 2779 vomitus.
491 2752 584 2786 Vides,
601 2753 695 2781 vivere
709 2754 775 2783 alibi
786 2763 841 2783 non
855 2755 951 2790 licere,
969 2764 1052 2793 quam

303 2848 346 2878 ⁸⁸1
361 2849 426 2879 Cor.
438 2858 467 2884 ιι,
482 2851 524 2879 Η.

1102 2256 1207 2290 γίνεται
1229 2257 1284 2284 ἀπὸ
1297 2255 1345 2284 τοῦ
1366 2256 1454 2290 Λόγου
1469 2257 1516 2284 τοῦ
1533 2256 1601 2284 Θεοῦ
1619 2257 1634 2283 ὁ
1654 2256 1794 2292 βιωτικαῖς
1818 2263 1900 2290 φρον-

1100 2302 1156 2329 τίσι
1174 2302 1364 2338 συνεχόμενος,
1378 2302 1427 2330 καὶ
1453 2303 1564 2338 γηῖνοις
1573 2303 1686 2337 δεσμοῖς
1703 2301 1898 2337 δεσμούμενος.

1097 2348 1246 2380 ,Ὡσαύτως
1265 2350 1280 2375 ό
1299 2350 1418 2385 σαρκικῇ
1436 2349 1597 2385 προαιρέσει
1609 2349 1799 2383 κατεχόμενος,
1815 2355 1897 2374 τουτ-

1101 2393 1176 2420 έστιν
1196 2394 1339 2430 ἄνθρωπος
1354 2393 1393 2421 ὢν
1417 2394 1532 2429 κόσμου,
1553 2394 1600 2421 ὲάν
1617 2393 1720 2429 θελήσῃ
1739 2392 1787 2419 τοῦ
1809 2392 1898 2426 Λόγου

1106 2438 1222 2466 ἀκοῦσαι
1245 2439 1293 2465 τοῦ
1313 2438 1394 2472 Θεοῦ,
1410 2439 1605 2475 συμπνίγεται,
1623 2439 1670 2465 καὶ
1686 2438 1781 2475 ὥσπερ
1803 2438 1898 2472 ἀλόγια

1107 2484 1169 2515 στός
1180 2493 1222 2515 τις
1235 2484 1409 2512 καθίσταται·
1427 2484 1581 2517 ἐθισθέντες
1591 2484 1645 2521 γὰρ
1657 2485 1716 2516 ταῖς
1730 2484 1780 2519 τῆς
1798 2483 1898 2514 κακίας

1108 2528 1238 2560 ἀπάταις,
1261 2528 1363 2556 ὁπόταν
1384 2528 1450 2565 περὶ
1471 2529 1540 2556 Θεοῦ
1566 2528 1740 2561 ἀκούσωσιν,
1758 2528 1797 2561 ὡς
1821 2529 1901 2565 ἁηδεῖ

1106 2574 1201 2610 ὁμιλίᾳ
1216 2575 1452 2610 περιοχλούμενοι,
1469 2575 1516 2602 τὸν
1539 2574 1604 2602 νοῦν
1626 2574 1792 2610 ἀηδίζονται.

1140 2619 1178 2646 Β’.
1196 2620 1265 2655 Φησὶ
1277 2620 1305 2647 δὲ
1318 2621 1366 2647 καὶ
1381 2622 1395 2648 ὁ
1409 2621 1527 2654 Παῦλος,
1550 2622 1683 2656 Ψυχικὸς
1697 2620 1731 2647 δὲ
1744 2620 1902 2655 ἄνθρωπος

1103 2667 1139 2694 οὺ
1152 2666 1270 2701 δέχεται
1280 2667 1316 2694 τὰ
1330 2667 1384 2694 τοῦ
1413 2668 1599 2702 Πνεύματος·
1614 2666 1712 2701 μωρία
1737 2667 1795 2701 γὰρ
1819 2665 1902 2699 αὐτῷ

1102 2712 1178 2739 ἐστι·
1195 2713 1243 2740 καὶ
1257 2714 1272 2740 ό
1288 2713 1431 2749 προφήτης
1447 2713 1532 2748 λέγει,
1554 2713 1689 2747 Ἐγένετο
1704 2712 1806 2746 αὐτοῖς
1818 2713 1834 2740 ὸ
1846 2713 1902 2740 ,ἰός

1104 2767 1158 2793 τος
1169 2759 1224 2788 τοῦ
1247 2759 1322 2788 Θεοῦ
1345 2760 1386 2794 ὡς
1399 2759 1516 2795 ἔμετος.
1539 2759 1635 2795 Ὀρᾷς,
1654 2759 1696 2786 ὅτι
1717 2759 1767 2795 ζῇν
1782 2758 1901 2794 an.qu
