2079 3152
200 199 253 231 7.93

785 203 966 234 HOMILI/E-
984 214 1019 223 -
1038 205 1131 238 ΗΟΜ.
1150 207 1250 239 XLVI-

1752 212 1806 246 ’191

200 254 251 280 οὒκ
269 252 423 288 ἐνδέχεται,
442 253 467 280 εἰ
494 254 532 289 μὴ
551 254 611 281 καθ’
633 254 664 281 ὃν
690 254 803 287 ικαστος
820 254 978 291 γεγέννηται

1019 266 1074 293 ea,
1090 268 1145 295 qua
1157 261 1276 296 quisque
1287 266 1368 290 natus
1380 266 1433 295 est,
1446 263 1559 291 ratione.
1571 263 1642 297 Quin
1661 264 1743 293 etiam
1754 267 1807 294 ali-

200 299 288 333 λόγον.
307 298 362 325 Καὶ
377 297 478 334 ἑτέρως
498 298 527 325 δὲ
546 299 691 325 ἀκουστέον
713 300 778 334 περὶ
792 300 898 328 τούτου.
918 301 980 328 Ἐἀν

200 342 285 377 ἐοπιδῷ
299 342 395 369 ἐαυτὸν
418 343 458 373 εἰς
479 342 628 378 μετασολὴν
650 343 736 370 ἐλθεῖν
756 345 771 370 ὀ
789 345 918 379 σαρκικδς
934 345 981 372 ἀνι

200 387 318 421 θρωπος,
332 386 498 420 ἀποθνήσκει
510 387 641 420 πρότερον
661 386 775 418 ἐκεῖθεν,
791 389 835 413 καὶ
858 388 979 423 ἄκαρπος

199 432 303 464 γίνεται
326 430 380 456 ἀπὸ
404 431 453 464 τῆς
470 431 604 465 προτέρας
627 430 733 465 ἐκείνης
753 431 782 457 ἐν
808 432 841 466 τῇ
864 433 979 467 πονηρίᾳ

199 476 280 508 ζωῆς.
295 475 400 509 Ὠσπερ
413 475 441 501 δὲ
457 476 483 501 εἰ
495 484 535 507 τις
547 476 615 510 νόσῳ
631 476 646 510 ἦ
662 476 771 510 πυρετῷ
786 478 938 510 κατέχεται,
955 479 979 504 εἰ

200 521 248 546 καί
260 521 292 546 τὸ
309 520 388 554 σῶμα
410 520 457 546 ἐπὶ
478 522 527 555 τῆς
542 520 635 554 κλίνης
650 520 787 556 ἔρριπται,
803 522 884 556 μηδὲν
899 522 978 548 δυνά-

201 574 279 599 μενον
293 565 491 600 διαπράξασθαι
505 565 557 591 τῶν
574 566 623 600 τῆς
640 566 690 600 γῆς
708 565 794 600 ἔργων
804 585 813 597 ,
830 567 876 592 καὶ
890 567 904 592 ὁ
918 566 978 597 νοῦς

198 610 246 643 οὐχ
273 609 414 644 ἡσυχάζει,
439 610 646 644 περισπώμενος
671 611 717 637 καὶ
749 611 887 645 μεριμνῶν
915 612 978 646 περὶ

198 655 338 688 ἐργασίας,
354 655 454 681 καὶτὸν
473 655 561 689 ἰατρὸν
578 655 709 690 ἐπιζητεῖ,
724 656 893 683 ἀποστέλλων
911 657 978 691 πρὸς

198 700 278 727 αὑτὸν
294 701 357 731 τοὺς
380 700 471 734 φίλους
498 700 591 727 αὑτοῦ·
616 700 662 727 τὸν
685 701 764 728 αὑτὸν
778 703 878 737 τρόπον
897 703 974 737 καὶὴ

197 745 269 780 ψυχὴ
283 745 336 771 ἀπὺ
350 746 399 780 τῆς
413 745 594 780 παραὸἀσεως
611 745 661 780 τῆς
676 746 794 781 ἐντολῆς,
809 747 838 773 ἐν
851 747 976 783 ἀσθενείᾳ

197 790 251 816 τῶν
266 789 358 816 παθῶν
373 791 511 823 γεγονυῖα,
531 790 577 816 καὶ
601 790 694 822 ἄτονος
707 793 874 824 καταστᾶσα,
893 801 976 827 προσ-

197 834 328 869 ερχομένη
356 835 394 869 τῷ
413 835 515 869 Κυρίῳ,
533 836 580 861 καὶ
602 836 774 870 πιστεύουσα,
797 838 846 872 τῆς
868 838 976 873 ἀντιλή-

196 879 268 912 ψεως
283 879 364 906 αὑτοῦ
380 880 515 915 τυγχάνει,
532 880 578 906 καὶ
592 881 764 917 ἀρνησαμένη
779 883 827 916 τὴν
842 883 975 917 προτέραν

197 924 328 958 κακίστην
346 924 427 959 ζωὴν,
443 925 467 951 εἰ
482 925 529 951 καὶ
544 926 572 951 ἐν
587 927 619 961 τῇ
633 927 735 962 παλαιᾷ
753 927 878 962 ἀσθενείᾳ
893 928 976 955 κατά-
991 918 1012 946 Β

197 976 297 999 κειται,
317 969 355 1004 μὴ
369 968 502 1004 δυναμένη
528 969 562 997 τά
584 969 652 1005 ἔργα
666 972 715 1006 τῆς
729 971 801 1006 ζωῆς
817 973 846 998 ὲν
864 972 976 1008 ἀληθείᾳ

195 1013 405 1048 διαπράξασθαι,
431 1014 488 1041 ἀλλ’
503 1015 577 1050 ὅμως
598 1016 627 1042 τὸ
657 1017 824 1052 μεριμνῆσαι
846 1018 910 1052 περὶ
927 1018 976 1053 τῆς

196 1059 268 1093 ζωῆς
284 1060 420 1094 ἐμπόνως,
433 1061 462 1086 τὺ
476 1061 603 1095 δεηθῆναι
620 1061 667 1087 τοῦ
688 1062 804 1098 Κυρίου,
819 1062 849 1089 τδ
861 1062 976 1099 ζητῆσαι

196 1104 240 1130 τὸν
256 1104 381 1139 ἀληθινὸν
401 1105 490 1140 ἰατρὸν
505 1105 560 1140 ἔχει
580 1106 626 1133 καὶ
639 1106 773 1134 δύναται..

230 1149 267 1175 r'.
282 1145 336 1176 Kal
351 1150 399 1185 οὐχ
419 1150 458 1181 ὦς
480 1151 552 1183 τινές
567 1160 631 1185 φασι
649 1152 899 1184 κακοδιδασκαλίαις
924 1153 976 1180 ὐπ-

194 1193 334 1227 αγόμενοι,
358 1195 398 1221 ὃτι
426 1195 552 1228 καθάπαξ
563 1196 695 1224 ἀπέθανεν
716 1198 730 1224 ὀ
754 1198 912 1233 ἄνθρωπος,
930 1199 976 1226 καὶ

194 1238 262 1269 ὅλως
275 1239 305 1265 οὐ
322 1239 433 1266 δύναταί
452 1249 476 1266 τι
491 1240 591 1274 ἀγαθὸν
603 1241 795 1275 διαπράξαθαι.
812 1243 867 1269 Καὶ
880 1243 933 1277 γὰρ
945 1244 975 1269 τὸ

196 1284 294 1318 βρέφος
308 1284 361 1311 κᾶν
376 1285 457 1319 μηδὲν
474 1285 553 1321 ἰσχύῃ
568 1286 788 1321 διαπράττεσθαι,
801 1287 817 1321 ἦ
829 1288 885 1318 τοῖς
900 1286 975 1318 ἰδίοις

195 1329 272 1355 ποσὶν
289 1329 375 1355 ἐλθεῖν
396 1330 464 1364 πρὸς
482 1330 531 1365 τὴν
559 1330 663 1365 μητέρα
688 1331 815 1366 ἀδυνατῇ,
839 1331 913 1366 ὅμως
925 1339 975 1357 κυ-

194 1373 297 1405 λίεται,
316 1374 364 1400 καὶ
381 1374 440 1409 βοᾷ,
459 1375 505 1400 καὶ
528 1375 614 1402 κλαίει
636 1375 779 1410 ἐπιζητοΰν
795 1376 843 1411 τὴν
860 1375 973 1411 μητέρα.

194 1417 249 1444 Καὶ
265 1418 294 1444 ἐν
316 1418 401 1453 τούτῳ
429 1419 673 1455 σπλαγχνίζεταιὴ
695 1420 795 1455 μήτηρ,
819 1420 865 1446 καὶ
884 1421 974 1455 χαίρει

195 1463 383 1497 ἐπιζητοῦντος
397 1464 481 1499 αὐτὴν
495 1463 541 1491 τοῦ
572 1465 667 1499 νηπίου
688 1466 716 1491 ἐν
740 1465 812 1500 πόνῳ
828 1466 874 1492 καὶ
890 1474 974 1501 κραυ-

194 1509 242 1543 γῇ,
257 1509 303 1535 καὶ
321 1509 513 1541 ἀδυνατοῦντος
535 1510 582 1536 τοῦ
608 1510 724 1545 βρέφους
743 1511 829 1537 ἐλθεῖν
844 1511 912 1546 πρὸς
924 1512 975 1538 αὐ-

194 1554 255 1588 τὴν,
271 1554 343 1588 ὅμως
355 1553 397 1580 διὰ
412 1554 460 1588 τὴν
474 1555 572 1590 πολλὴν
588 1555 634 1582 τοῦ
651 1556 755 1582 παιδίου
781 1556 908 1591 ζήτησιν,
924 1557 973 1584 αύ-

194 1600 226 1633 τὴ
246 1600 263 1633 ἡ
281 1600 370 1633 μήτηρ
383 1599 531 1634 ἀπέρχεται
553 1600 619 1635 πρὸς
641 1600 716 1634 αὐτὸ,
735 1602 786 1627 una
798 1602 848 1636 τῆς
863 1604 926 1637 περὶ
939 1603 969 1628 τὸ

195 1643 293 1678 βρέφος
313 1645 423 1679 ἀγάπης
446 1646 710 1681 αἰχμαλωτιζομένη,
727 1647 773 1673 καὶ
789 1648 971 1683 ἀναλαμϐάνει

194 1689 242 1715 καὶ
263 1690 426 1724 περιθάλπει
439 1710 447 1723 ,
469 1691 515 1717 καὶ
530 1693 690 1727 τροφοφορεῖ
710 1693 740 1718 ἐν
760 1693 843 1728 πολλῇ
860 1695 969 1729 στοργῇ.

193 1735 278 1762 Τοῦτο
289 1736 335 1762 καὶ
349 1738 362 1762 ὀ
376 1735 565 1771 φιλάνθρωπος
579 1737 644 1767 Θεὸς
658 1738 730 1763 ποιεῖ
747 1738 793 1763 ἐπὶ
807 1739 840 1772 τῇ
856 1746 971 1772 προσερ-

193 1781 294 1816 χομένη
310 1781 356 1807 καὶ
378 1781 458 1807 αὑτὸν
471 1782 633 1817 ἐπιποθούσῃ
646 1782 730 1817 ψυχῇ.
754 1782 841 1817 Πολλῇ
856 1783 884 1809 δὲ
900 1783 970 1817 μᾶλ·

192 1826 237 1852 λον
259 1826 338 1858 αὐτὸς
355 1827 447 1862 ἀγάπῃ
462 1827 608 1862 φερόμενος
620 1828 761 1862 ἐνδιαθέτῳ
772 1828 818 1854 καὶ
837 1828 887 1863 ἰδίᾳ
901 1837 970 1863 χρη-

192 1872 300 1906 arma
328 1873 455 1899 κολλᾶται
479 1875 511 1907 τῇ
540 1873 643 1908 διανοίᾳ
667 1873 760 1908 αὐτῆς,
776 1874 821 1899 καὶ
847 1873 968 1906 γίγνεται

193 1917 251 1949 μετ’
273 1917 356 1951 αὐτῆς
372 1918 414 1949 εἰς
433 1917 467 1943 ἓν
483 1917 617 1951 πνεῦμα,
635 1916 705 1943 κατὰ
726 1917 771 1943 τὸν
794 1917 969 1943 ἀποστολικὸν

191 1961 278 1994 λόγον.
295 1963 350 1997 Τῆς
373 1962 428 1996 γὰρ
444 1962 534 1997 ψυχῆς
550 1962 721 1997 κολλωμένης
737 1962 777 1997 τῷ
792 1962 897 1997 Κυρίῳ,
921 1963 968 1989 καὶ

188 2006 236 2033 τοῦ
266 2008 367 2044 Κυρίου
392 2009 537 2043 ἐλεοῦντος,
559 2009 605 2036 καὶ
627 2010 798 2043 ἀγαπῶντος,
821 2010 966 2045 ἐρχομένου

189 2059 219 2077 τε
241 2053 309 2088 πρὸς
323 2054 419 2089 αὐτὴν,
438 2056 484 2081 καὶ
504 2054 672 2089 κολλωμένου
690 2055 769 2090 αὐτῇ,
783 2055 831 2081 καὶ
845 2055 894 2089 τῆς
908 2055 967 2081 δια-

985 1573 1007 1604 C

189 2097 261 2128 νοὶας
280 2098 371 2125 λοιπὸν
396 2099 606 2134 παραμενούσης
626 2100 802 2131 ἀδιαλείπτως
820 2101 852 2135 τῇ
876 2100 966 2135 χάριτι

188 2143 235 2170 τοῦ
251 2145 364 2179 Κυρίου,
380 2146 419 2176 εἰς
434 2146 463 2171 ἓν
475 2145 590 2180 πνεῦμα,
605 2145 649 2172 καὶ
663 2147 702 2177 εἰς
717 2145 780 2180 μίαν
795 2147 904 2180 κρᾶσιν,
920 2146 966 2172 καὶ

189 2191 228 2221 εἰς
245 2190 308 2224 μίαν
328 2190 446 2216 διάνοιαν
470 2190 607 2224 γίγνονται
623 2191 639 2224 ὴ
656 2190 728 2226 ψυχὴ
754 2191 800 2217 καὶ
822 2191 835 2216 ὁ
853 2191 963 2225 Κύριος·

189 2234 233 2260 καὶ
247 2235 277 2261 τδ
293 2235 373 2269 σῶμα
387 2235 469 2269 αὐτῆς
484 2235 641 2270 ἐρῤίπτεται
654 2236 682 2261 ἐν
698 2237 730 2270 τῇ
750 2237 795 2271 γῇ,
814 2236 860 2262 καὶ
873 2236 890 2270 ὴ
909 2236 965 2263 διά.-
981 2230 1003 2257 D

189 2288 246 2306 νοια
265 2280 348 2315 αὐτῆς
363 2280 410 2315 ὅλη
433 2281 461 2313 ἐξ
476 2281 537 2306 ὅλου
560 2282 592 2315 τῇ
616 2281 767 2316 ἐπουρανίῳ
788 2281 965 2316 Ἰερουσαλὴμ

189 2323 365 2356 πολιτεύεται,
386 2324 437 2355 ἓως
460 2325 550 2359 τρίτου
571 2325 684 2358 ούρανοῦ
710 2325 874 2360 ἀνερχομένη
888 2345 895 2357 ,
920 2326 966 2351 καὶ

189 2367 342 2403 κολλωμένη
356 2368 394 2402 τῷ
411 2369 514 2403 Κυρίῳ,
532 2369 610 2395 κάκεῖ
624 2368 782 2395 διακονοῦσα
800 2369 882 2403 αὐτῷ.

224 2415 258 2440 Δ’.
278 2413 332 2439 Καὶ
352 2413 433 2445 αὐτὸς
447 2415 477 2439 ἐν
492 2413 530 2448 τῷ
552 2414 638 2449 θρόνῳ
661 2415 710 2449 τῆς
733 2414 927 2449 μεγαλωσύνης
940 2416 968 2442 ἐν

188 2457 297 2491 ὑψηλοῖς
305 2458 401 2489 καθεζό
405 2467 492 2492 μενος,
502 2460 567 2494 ὲντῇ
581 2460 730 2494 ἐπουρανίῳ
739 2460 822 2490 πόλει,
832 2459 890 2491 ὅλος
902 2460 969 2494 πρὸς

186 2502 270 2537 αὐτὴν
293 2502 367 2537 ἐντῷ
381 2503 482 2537 σώματι
494 2504 577 2538 αὐτῆς
595 2505 661 2530 ἐστι.
682 2504 737 2539 Τὴν
753 2504 802 2539 μὲν
821 2505 873 2539 γὰρ
885 2505 968 2538 αὐτῆς

187 2555 199 2572 ε
204 2547 275 2573 ίκόνα
280 2547 400 2574 τέθεικεν
405 2549 460 2575 ἄνω
468 2549 496 2574 ὲν
502 2550 534 2584 τῇ
542 2550 605 2575 ὲπου
610 2549 692 2584 ρανίῳ
699 2549 772 2575 πόλει
778 2549 831 2576 τῶν
837 2549 920 2583 ἀγίων
927 2549 971 2575 ’ῐε-

189 2592 336 2627 ρουσαλήμ·
350 2594 398 2623 τὴν
409 2594 436 2620 δὲ
454 2594 520 2620 ἰδίαν
532 2594 623 2620 εἰκόνα
638 2594 683 2620 τοῦ
696 2595 814 2630 ἀρρήτου
826 2596 911 2628 φωτὸς
922 2595 970 2629 τῆς

188 2636 309 2672 θεότητος
320 2638 400 2664 αὑτοῦ
415 2639 533 2665 τέθεικεν
546 2640 573 2665 ἐν
593 2639 630 2673 τῷ
644 2639 748 2673 σώματι
771 2640 866 2674 αὐτῆς.
883 2640 968 2671 Αὐτὸς

188 2680 255 2715 αὐτῇ
265 2681 417 2708 διακονεῖέν
424 2683 456 2717 τῇ
470 2683 516 2708 τοῦ
532 2682 653 2716 σώματος
667 2683 757 2708 πόλειο
767 2683 879 2717 κάκείνη
893 2683 966 2718 αὐτῷ

187 2724 303 2752 διακονεῖ
329 2727 358 2752 ἐν
378 2727 411 2761 τῇ
426 2727 577 2762 ἐπουρανίῳ
596 2727 680 2754 πόλει.
698 2727 771 2762 Αὐτὴ
788 2727 867 2753 αὐτὸν
883 2727 966 2762 ἐκλη-

189 2770 336 2805 ρονόμησεν
358 2772 386 2797 ἐν
414 2771 547 2805 οὐρανοῖς,
570 2772 616 2799 καὶ¹
641 2772 721 2805 αὐτὸς
750 2772 965 2807 ἐκληρονόμησεν

220 2858 243 2874 ⁸⁸
255 2857 339 2890 lCor.
356 2859 451 2892 “,17.

1032 309 1075 334 ter
1092 306 1126 334 de
1139 307 1192 334 hoc
1216 312 1259 335 est
1280 308 1457 336 audiendum.
1474 310 1502 337 Si
1519 310 1608 337 tradat
1622 318 1651 338 se
1666 311 1754 347 ipsum
1770 312 1806 340 ad

1029 352 1248 385 consequendam
1260 353 1438 381 mutationem
1453 355 1571 382 carnalis
1581 356 1673 386 homo.
1689 357 1805 384 moritur

1030 395 1105 429 prius
1117 396 1183 428 illic,
1196 401 1223 423 et
1236 397 1421 425 infructuosus
1436 399 1551 426 efﬁcitur
1562 401 1647 434 priori
1664 401 1712 431 illi.
1723 409 1804 435 quam

1030 440 1058 467 in
1076 441 1208 475 pravitate
1220 442 1349 474 traduxit,
1360 443 1426 469 vita.
1441 443 1671 476 Quemadmodum
1692 453 1756 479 ergo
1780 446 1803 473 si

1028 485 1090 519 quis
1105 485 1200 512 morbo
1211 490 1257 512 aut
1269 485 1338 513 febri
1351 486 1587 518 detineatur,licct
1603 489 1627 514 in
1643 489 1734 515 cubile
1745 497 1805 515 cor-

1028 536 1079 562 pus
1092 531 1243 565 projectum
1267 531 1313 563 sit,
1332 539 1385 558 non
1402 532 1495 559 valens
1514 533 1644 567 perﬁcere
1664 542 1732 568 opus
1753 534 1804 560 ali-

1027 574 1102 608 quod
1127 579 1265 603 terrenum
1278 597 1285 608 ,
1302 584 1356 603 non
1373 581 1461 604 tamen
1483 578 1599 612 quiescit
1615 578 1721 605 animus
1732 599 1740 611 ,
1755 578 1803 606 sed

1027 619 1175 647 distractus
1186 625 1213 647 et
1227 629 1337 654 curans,
1349 630 1408 656 quae
1419 627 1483 649 sunt
1497 624 1803 657 peragenda.medicum

1027 665 1152 699 requirit,
1164 666 1253 693 missis
1267 667 1300 693 ad
1319 675 1381 694 eum
1394 668 1490 695 amicis
1502 669 1559 695 suis
1570 677 1576 694 :
1586 668 1682 695 eodem
1695 676 1803 703 quoque

1026 711 1107 738 modo
1118 712 1207 738 anima
1220 714 1462 748 transgressionem
1487 714 1617 746 mandati,
1642 714 1670 741 in
1687 714 1803 741 inﬁrmi-

1026 760 1108 783 tatem
1125 757 1299 784 aﬂ‘ectionum
1314 758 1434 789 redacta,
1456 762 1484 785 et
1510 758 1664 793 languidior
1687 759 1802 791 reddita,

1025 799 1072 826 ubi
1087 802 1233 828 accesserit
1249 801 1281 828 ad
1292 802 1437 828 Dominum
1451 806 1479 829 et
1494 802 1652 835 crediderit,
1670 803 1802 829 auxilium

1025 845 1059 872 ab
1086 853 1119 872 eo
1144 847 1344 880 consequitur:
1364 852 1392 874 et
1416 848 1554 882 abnegans
1577 848 1694 882 priorem
1714 848 1802 882 pessi-

1026 897 1098 916 mam
1110 890 1203 922 vitam,
1222 891 1288 918 licet
1302 892 1414 926 antiqua
1435 893 1593 927 zegritudine
1608 882 1763 925 decumbe},
1774 896 1804 921 et

1026 939 1145 970 nequeat
1166 944 1250 970 opera
1275 938 1339 964 vita;
1364 946 1427 965 vere
1452 946 1603 973 peragere;
1623 939 1803 967 nihilominus

1026 988 1132 1012 curare,
1145 989 1205 1016 qua:
1220 982 1253 1009 ad
1271 982 1353 1009 vitam
1367 983 1513 1016 pertinent,
1534 983 1629 1010 sedulo
1661 983 1802 1018 deprecari

1026 1025 1180 1059 Dominum,
1202 1030 1230 1053 et
1247 1027 1386 1061 inquirere
1400 1035 1494 1054 verum
1510 1028 1657 1060 medicum,
1672 1033 1698 1055 et
1720 1028 1803 1056 habet

1025 1074 1053 1097 et
1063 1075 1163 1105 potest.

1059 1157 1103 1185 Ill.
1116 1158 1148 1184 Et
1165 1165 1230 1191 non,
1248 1163 1279 1185 ut
1301 1158 1378 1185 aiunt
1402 1159 1511 1194 quidam
1531 1168 1658 1194 perversa
1677 1161 1801 1190 doctrina

1024 1202 1140 1234 seducti,
1150 1210 1260 1237 prorsus
1276 1209 1399 1231 mortuus
1413 1209 1454 1231 est
1472 1204 1564 1237 homo,
1579 1210 1609 1232 ut
1620 1206 1732 1234 omnino
1745 1215 1799 1234 non

1024 1248 1110 1283 possit
1122 1249 1269 1283 quidquam
1296 1249 1360 1276 boni
1378 1257 1517 1284 peragere.
1532 1250 1639 1277 Etenim
1656 1251 1755 1285 infans,
1767 1253 1800 1279 li-

1024 1298 1068 1320 cet
1082 1294 1149 1320 nihil
1165 1294 1250 1328 possit
1263 1294 1404 1328 perﬁcere,
1420 1295 1595 1328 autpropriis
1617 1296 1733 1330 pedibus
1753 1304 1802 1324 ac-

1024 1335 1120 1363 cedere
1137 1336 1170 1362 ad
1192 1341 1306 1363 matrem
1329 1341 1457 1371 nequeat.
1479 1337 1658 1366 nihilominus
1672 1340 1800 1374 volvitur,

1024 1382 1122 1409 clamat
1133 1387 1160 1409 et
1171 1383 1269 1417 plorat,
1280 1383 1421 1418 inquirens
1430 1388 1543 1411 matrem
1555 1393 1562 1411 :
1578 1393 1641 1420 erga
1651 1393 1713 1413 eum
1725 1395 1801 1414 sum-

1024 1435 1067 1454 ma
1090 1427 1206 1455 aﬂicilur
1230 1429 1421 1456 misericordia
1443 1434 1540 1462 mater,
1554 1435 1582 1457 et
1592 1431 1691 1465 gaudet
1704 1432 1737 1458 de
1757 1433 1801 1459 ἰη-

1023 1472 1107 1505 fante,
1122 1478 1259 1507 quaerente
1273 1481 1302 1501 se
1316 1481 1377 1501 cum
1392 1474 1485 1502 labore
1501 1478 1528 1501 et
1548 1475 1685 1508 clamore;
1698 1479 1725 1502 et
1738 1484 1801 1503 cum

1023 1525 1078 1544 non
1093 1518 1179 1553 possit
1201 1518 1290 1545 infans
1305 1518 1338 1545 ad
1357 1526 1416 1545 eam
1441 1519 1597 1553 pervenire,
1623 1520 1802 1548 nihilominus

1024 1563 1058 1590 ob
1074 1564 1185 1590 multam
1198 1563 1277 1598 pueri
1288 1562 1505 1598 inquisitionem,
1518 1563 1576 1598 ipsa
1589 1568 1675 1591 mater
1694 1565 1751 1592 abit
1767 1567 1801 1593 ad

1023 1609 1110 1641 illum,
1125 1617 1218 1636 amore
1234 1610 1311 1644 pueri
1326 1614 1415 1643 capta,
1435 1615 1462 1636 et
1475 1610 1659 1644 amplectitur,
1683 1611 1801 1638 circum-

1022 1654 1108 1684 fovet.
1127 1659 1208 1688 atque
1236 1655 1394 1681 alimentum
1417 1654 1523 1688 profert
1535 1662 1639 1680 summa
1657 1661 1717 1681 cum
1733 1655 1802 1682 dile-

1023 1700 1116 1728 ctione
1133 1708 1140 1727 :
1160 1700 1212 1727 hoc
1227 1700 1314 1735 ipsum
1331 1700 1466 1734 benignus
1482 1707 1590 1734 quoque
1605 1700 1677 1727 Deus
1689 1701 1752 1728 facit
1773 1701 1800 1728 in

1020 1746 1110 1772 anima
1124 1745 1157 1772 ad
1168 1753 1229 1772 eum
1242 1745 1398 1776 accedente,
1412 1749 1440 1771 et
1450 1745 1509 1779 ejus
1517 1744 1652 1772 desiderio
1664 1746 1774 1773 detenta
1791 1755 1798 1773 :

1020 1790 1101 1825 longe
1121 1798 1188 1817 vero
1212 1791 1308 1825 majori
1337 1790 1393 1824 ipse
1416 1789 1467 1816 sibi
1495 1789 1575 1816 insita
1599 1790 1755 1823 dilectione,
1772 1795 1801 1818 et

1019 1833 1129 1868 propria
1148 1834 1319 1869 benignitate
1342 1834 1448 1865 doctus,
1466 1834 1627 1861 adhaerescit
1648 1834 1799 1862 intellectui

1023 1879 1092 1914 ejus,
1109 1883 1137 1906 et
1153 1879 1243 1906 evadit
1266 1886 1326 1906 cum
1351 1879 1396 1906 illa
1409 1881 1435 1904 in
1457 1887 1537 1905 unum
1553 1880 1672 1912 spiritum
1681 1880 1799 1915 ",juxta

1019 1932 1172 1951 sermonem
1194 1925 1382 1959 apostolicum.
1406 1924 1434 1950 Si
1460 1923 1531 1950 enim
1548 1925 1684 1952 adhaereat
1709 1925 1799 1953 anima

1018 1969 1143 2001 Domino,
1156 1975 1183 1997 et
1194 1970 1326 1996 Dominus
1335 1970 1520 1997 misericordia
1530 1974 1556 1997 et
1564 1970 1694 1997 charitate
1708 1975 1801 2000 motus

1022 2015 1133 2042 accedat
1153 2015 1186 2042 ad
1206 2023 1276 2048 eam,
1297 2019 1325 2042 et
1341 2016 1471 2050 jungatur
1492 2017 1527 2048 ei,
1545 2020 1626 2050 atque
1641 2016 1798 2044 intellectus

1018 2059 1128 2086 tandem
1146 2064 1304 2094 permaneat
1327 2054 1513 2088 indesinenter
1531 2061 1557 2087 in
1575 2061 1661 2095 gratia
1679 2061 1796 2092 Domini,

1017 2104 1044 2131 in
1069 2113 1153 2132 unum
1177 2106 1316 2140 spiritum,
1332 2110 1360 2133 et
1389 2106 1416 2133 in
1434 2113 1518 2133 unum
1544 2110 1796 2141 temperamentum.

1016 2155 1044 2178 et
1068 2150 1095 2177 in
1113 2158 1197 2177 unum
1218 2151 1387 2178 intellectum
1418 2151 1539 2179 evadunt
1558 2152 1647 2178 anima
1660 2155 1688 2179 et
1704 2152 1797 2179 Domi-

1017 2202 1068 2222 nus
1084 2204 1090 2221 :
1109 2200 1189 2230 atque
1202 2203 1300 2230 corpus
1316 2196 1375 2230 ejus
1389 2196 1415 2223 in
1437 2200 1536 2223 terram
1548 2196 1701 2231 projicitur,
1719 2203 1796 2223 mens

1018 2247 1082 2267 vero
1097 2244 1152 2267 tota
1166 2241 1246 2275 plane
1269 2240 1296 2267 in
1323 2241 1426 2268 caelesti
1442 2241 1591 2269 Jerusalem
1607 2246 1742 2272 versatur,
1762 2240 1795 2267 ad

1017 2285 1127 2312 tertium
1144 2286 1244 2313 celum
1261 2293 1347 2320 usque
1369 2286 1529 2318 ascendens,
1545 2290 1626 2320 atque
1650 2286 1795 2320 conjuncta

1016 2329 1143 2361 Domino.
1162 2329 1218 2356 illic
1232 2330 1369 2357 ministrat
1383 2330 1420 2357 ei.

1052 2416 1095 2443 Ν.
1111 2416 1170 2450 lpse
1185 2424 1249 2443 vero
1266 2416 1292 2443 in
1309 2417 1408 2443 throno
1428 2415 1635 2452 magniﬁcentiae
1649 2415 1677 2442 in
1700 2416 1792 2442 excel-

1019 2460 1056 2486 sis
1073 2460 1179 2490 sedens.
1195 2460 1221 2486 in
1235 2460 1338 2487 cmlesti
1358 2461 1477 2491 civitate,
1496 2460 1605 2494 penitus
1625 2467 1687 2486 cum
1701 2460 1744 2486 illa
1764 2459 1791 2486 in

1019 2512 1135 2539 corpore
1152 2505 1210 2539 ejus
1225 2510 1264 2532 est
1281 2513 1288 2531 ε
1301 2505 1435 2539 siquidem
1450 2506 1508 2540 ejus
1523 2505 1666 2538 imaginem
1678 2505 1793 2531 colloca-

1019 2549 1057 2575 vit
1072 2556 1178 2575 sursum
1188 2549 1214 2575 in
1226 2549 1328 2576 ccclesti
1341 2549 1450 2575 civitate
1463 2553 1617 2575 sanctorum
1629 2548 1790 2580 Jerusalem;

1020 2593 1156 2626 propriam
1171 2601 1235 2619 vero
1260 2593 1401 2627 imaginem
1421 2592 1531 2619 luminis
1544 2592 1634 2618 arcani
1647 2596 1728 2626 atque
1748 2592 1792 2618 di-

1020 2635 1142 2663 vinitatis
1163 2644 1218 2662 sua:
1235 2636 1378 2662 collocavit
1400 2637 1426 2662 in
1440 2643 1553 2670 corpore
1575 2635 1633 2669 ejus
1647 2643 1653 2661 :
1669 2636 1725 2669 ipse
1742 2636 1792 2661 mi-

1019 2683 1116 2709 nistrat
1130 2683 1155 2709 ei
1172 2682 1197 2708 in
1213 2682 1321 2709 civitate
1334 2682 1472 2716 corporis:
1485 2681 1528 2708 illa
1540 2688 1606 2707 vero
1618 2681 1643 2708 ei
1655 2681 1791 2707 ministrat

1019 2727 1046 2754 in
1059 2728 1162 2754 cmlesti
1182 2727 1300 2754 civitate.
1316 2726 1376 2753 Haac
1395 2727 1467 2753 illius
1484 2726 1668 2753 hereditatem
1684 2725 1740 2752 adit
1762 2726 1788 2752 in

1019 2773 1087 2800 cmlo
1102 2781 1107 2799 :
1127 2772 1172 2799 ille
1189 2780 1253 2800 vero
1277 2771 1364 2799 cernit
1381 2772 1439 2806 ejus
1461 2770 1646 2800 haereditatem
1659 2771 1687 2798 in
1705 2774 1789 2799 terra.
