2076 3151
273 207 329 241 795

925 199 955 230 S.
975 198 1135 230 MACARII
1152 195 1310 228 IEGYPTII

1842 192 1896 227 796

275 261 409 291 Dominus
426 259 499 288 enim
514 258 661 286 hereditas
674 259 704 285 lit
723 257 830 289 anima,
847 260 875 284 et
888 256 979 283 anima
1002 254 1071 284 luea

1121 252 1195 287 ιὺτὴν
1209 252 1256 279 ἐπὶ
1273 251 1337 286 γῆς.
1359 249 1390 278 '0
1406 248 1509 286 Κύριος
1522 249 1577 286 γὰρ
1591 248 1760 286 κληρονομία
1775 248 1898 285 γίγνεται

275 307 379 335 reditas
396 305 426 332 lit
443 305 562 332 Domini.
585 303 614 332 Si
632 303 734 331 etenim
753 305 925 338 peccatorum
940 300 969 327 in
985 303 1061 327 tene-

276 353 335 381 bris
354 351 491 387 agentium
507 350 663 378 intellectus
684 353 712 377 et
736 356 814 376 mens
840 352 895 375 tam
923 346 1019 382 procul
1046 353 1062 373 a

277 405 393 432 corpore
410 396 505 424 abesse
518 400 618 431 potest,
640 403 672 423 ae
691 395 800 430 longius
822 393 1003 429 peregrinari,
1022 396 1063 419 al-

277 451 331 478 que
360 443 388 469 in
420 442 582 469 remotiores
606 442 731 476 regiones
761 439 897 475 proﬁcisci
924 442 1062 466 momento

278 489 352 516 horae
363 488 446 519 valet,
458 492 486 515 et
500 495 688 521 saepenumero
700 487 797 513 relicto
809 486 836 512 in
848 490 919 513 terra
935 491 1062 518 corpore,

277 542 356 561 mens
381 534 409 560 in
434 533 486 560 alia
512 534 624 568 regione
639 540 700 559 cum
723 532 825 559 dilecto
851 530 893 558 vel
914 529 1000 556 amica
1014 536 1063 556 sua

278 579 363 614 degit.
387 583 415 605 et
437 579 493 605 illic
518 586 548 605 se
573 578 662 613 ipsum
682 577 760 612 quasi
773 577 857 603 vitam
879 575 979 611 degere
999 582 1065 601 con-

279 624 380 659 spicit:
400 623 422 650 si
438 623 522 658 igitur
539 623 616 658 147
641 622 792 657 peccatoris
815 621 905 648 anima
931 623 974 646 est
995 619 1065 646 adeo

279 669 389 696 subtilis
402 673 429 696 et
444 669 573 701 volatilis,
591 672 620 695 ut
643 676 721 695 mens
737 668 798 702 ejus
808 674 864 694 non
885 665 1065 700 prohibeatur

279 723 294 741 a
314 715 409 749 procul
425 714 529 741 dissitis
550 713 637 745 locis;
661 713 747 740 multo
768 713 853 747 magis
866 711 966 743 anima,
982 717 998 736 a
1011 716 1065 744 qua

279 761 417 788 sublatum
441 765 484 787 est
509 761 635 788 velamen
666 759 841 786 tenebrarum
858 757 960 784 virtute
978 754 1066 783 sancti

280 806 410 841 Spiritus,
425 810 452 833 et
467 805 612 833 illuminati
625 809 688 832 sunt
700 803 899 832 intellectuales
913 803 973 837 ejus
993 800 1066 828 oculi

279 851 383 879 lumine
410 852 526 884 cmlesti,
542 856 570 879 et
598 859 658 886 quae
680 850 796 878 liberata
816 853 858 876 est
884 848 1004 884 perfecte
1032 846 1066 873 ab

280 897 474 924 aﬂlictionibus
490 897 628 928 obscenis,
646 900 677 923 ut
703 895 805 922 munda
824 894 959 922 beneﬁcio
973 894 1066 929 gratia

1109 298 1160 332 τῆς
1181 297 1291 333 ψυχῆς,
1307 296 1356 323 καὶ
1376 297 1393 332 ή
1415 295 1488 331 ψυχὴ
1510 296 1679 332 κληρονομία
1706 295 1829 330 γίγνεται
1849 295 1898 323 τοῦ

1111 343 1226 379 Κυρίου.
1250 343 1282 370 Et
1295 341 1350 377 γὰρ
1363 341 1418 369 τῶν
1432 342 1461 368 ὲν
1476 341 1566 368 σκότει
1582 341 1753 377 ἁμαρτωλῶν
1764 342 1781 376 ἡ
1795 341 1899 368 διάνοια

1112 390 1160 416 καὶ
1186 390 1200 416 ό
1223 389 1287 420 νοῦς
1306 388 1434 415 τοσοῦτον
1450 388 1545 424 πόρῤω
1560 388 1608 414 τοῦ
1625 389 1752 422 σώματος
1767 384 1836 413 εῖναι
1855 387 1900 413 δύ-

1112 442 1202 466 ναται,
1220 434 1266 461 καὶ
1290 433 1398 469 μακρὰν
1423 434 1584 468 ἀποδημεῖν,
1604 433 1651 460 καὶ
1663 433 1704 464 είς
1727 431 1899 467 μακροτέρας

1113 479 1246 513 πατρίδας
1263 477 1389 505 ἀπελθεῖν
1405 479 1475 513 ῥοπῇ
1497 479 1571 513 ὥρας
1586 477 1682 513 ἰσχύει,
1707 477 1754 504 καὶ
1771 476 1901 506 πολλάκις

1113 523 1281 559 ἑρῤιμμένου
1296 524 1325 550 ὲν
1338 525 1370 559 τῇ
1382 526 1416 559 γῇ
1428 523 1475 550 τοῦ
1488 523 1623 559 σώματος,
1632 523 1763 558 “mm
1775 523 1804 548 ὲν
1819 521 1900 557 ἑτέρᾳ

1114 569 1224 604 πατρίδι
1244 569 1313 604 πρὸς
1327 569 1373 596 τὸν
1385 569 1536 604 ἀγαπητὸν,
1558 569 1575 605 ἢ
1594 569 1644 604 τὴν
1658 569 1804 604 ἀγαπητὴν
1817 566 1900 595 αὑτοῦ

1113 614 1255 649 τυγχάνει,
1271 615 1353 641 κάκεῖ
1371 613 1466 641 ἑαυτὸν
1485 614 1522 646 ὥς
1538 614 1714 650 διαιτώμενον
1736 613 1860 650 καθορᾷ·
1876 613 1901 639 εἰ

1114 658 1161 687 οὖν
1171 661 1188 695 ἡ
1201 658 1247 687 τοῦ
1261 659 1424 695 ἁμαρτω).οῢ
1448 660 1521 696 ψυχὴ
1535 660 1606 687 οὕτω
1626 660 1732 696 ἐλαφρά
1749 668 1779 687 τε
1794 660 1841 687 καὶ
1856 659 1902 687 εῦ-

1115 715 1226 742 πτερος,
1239 706 1308 733 ὥστε
1324 705 1371 733 τδν
1395 707 1457 733 νοῦν
1481 706 1564 733 αὐτοῦ
1587 706 1625 742 μὴ
1642 705 1833 742 ἐμποδίζεσθαι
1847 705 1902 732 ἀπὸ

1115 753 1170 780 τῶν
1191 753 1332 788 πόρρωθεν
1357 752 1447 779 τόπων
1460 772 1467 785 ,
1489 752 1580 788 πολλῷ
1610 753 1710 788 μᾶλλον
1729 753 1746 788 ἡ
1761 751 1851 788 ψυχὴ,
1868 748 1903 788 ἧς

1117 799 1189 834 ἧροη
1200 799 1230 825 τὸ
1240 798 1372 833 κάλυμμα
1384 798 1432 824 τοῦ
1451 799 1563 830 σκότους
1576 798 1628 825 ὑπὸ
1639 798 1688 834 τῆς
1699 798 1841 833 δυνάμεως
1853 797 1902 824 τοῦ

1118 844 1277 879 Πνεύματος
1298 843 1345 870 τοῦ
1373 843 1464 877 ἁγίου,
1488 843 1536 870 καὶ
1558 843 1747 878 ὲφωτίσθησαν
1764 843 1790 869 οί
1812 842 1904 877 νεκροὶ

1118 889 1252 924 ὀφθαλμοὶ
1269 889 1353 923 αὐτῆς
1367 889 1411 915 διὰ
1423 889 1471 915 τοῦ
1490 888 1650 923 ἐπουρανίου
1668 888 1767 923 φωτδς,
1780 887 1828 914 καὶ
1842 887 1904 914 ἐλυ-

282 943 398 975 reddita,
413 947 469 969 tota
490 943 518 969 in
533 942 637 977 Spiritu
656 942 684 968 in
703 942 780 969 malis
794 940 932 968 ministrat
942 939 1067 972 Domino,

1121 936 1210 971 τρὼοη
1232 936 1342 967 τελείως
1361 935 1416 962 ἀπὸ
1444 935 1499 962 τῶν
1524 934 1618 962 παθῶν
1634 935 1684 970 τῆς
1708 933 1830 969 ἀτιμίας,
1856 932 1905 960 καὶ

283 992 311 1015 et
322 993 377 1014 tota
388 988 415 1014 in
433 995 550 1022 corpore
567 988 652 1014 servit
664 987 721 1014 illi:
736 992 764 1014 et
779 987 805 1014 in
823 990 928 1013 tantum
941 984 1069 1012 extendi-

283 1038 328 1060 tur
347 1034 497 1064 intellectu,
511 1037 542 1060 ut
556 1033 613 1067 ipsa
624 1032 661 1059 sit
679 1032 781 1065 ubivis,
796 1036 824 1060 et
838 1031 896 1065 ubi,
908 1036 936 1060 et
959 1030 1069 1066 quando

282 1078 405 1111 libuerit,
419 1077 530 1105 Christo
545 1077 696 1105 ministret.

317 1208 351 1236 Υ.
363 1208 421 1236 Hoc
444 1208 512 1236 dicit
532 1208 698 1244 Apostolus:
718 1208 751 1236 Ut
764 1207 876 1236 valeatis
893 1209 996 1244 assequi
1010 1216 1070 1236 cum

283 1255 402 1282 omnibus
431 1255 539 1287 sanctis,
556 1262 615 1288 quae
628 1255 661 1282 sit
682 1255 806 1287 latitudo,
831 1259 855 1281 et
877 1255 1022 1290 longitudo,
1045 1259 1070 1282 et

284 1300 461 1335 profunditas,
478 1304 502 1327 et
517 1300 677 1332 sublimitas,
689 1309 894 1336 coguorcereque
902 1301 1072 1335 prweminen-

284 1348 337 1371 tem
351 1345 506 1379 cognitionis
517 1345 683 1372 dilectione»:
697 1345 806 1378 Christi,
823 1350 852 1372 ut
870 1346 1035 1381 impleamini
1041 1347 1070 1373 in

284 1397 388 1416 omnem
398 1389 587 1424 plenitudinem
604 1389 651 1417 Dei
660 1391 693 1417 θ’,
704 1390 894 1426 Contemplare
905 1399 1002 1418 arcana
1012 1399 1071 1426 my-

284 1436 369 1462 steria
386 1436 494 1468 animae,
517 1443 532 1463 a
547 1444 600 1471 qua
620 1437 710 1464 aufert
728 1438 862 1464 Dominus
879 1437 1070 1464 incumbentes

285 1481 424 1512 tenebras,
441 1486 470 1508 et
491 1482 594 1509 revelat
608 1490 680 1514 eam.
699 1486 727 1509 et
744 1482 883 1510 revelatur
896 1482 920 1509 ei
938 1490 1012 1517 ;qua
1027 1489 1071 1509 ra-

286 1527 361 1554 tione
384 1527 478 1554 dilatet
499 1532 527 1554 et
543 1527 672 1555 extendat
693 1528 866 1563 prudentiam
894 1527 994 1555 mentis
1011 1527 1070 1562 ejus

285 1571 313 1599 in
330 1573 498 1604 latitudines,
512 1573 710 1609 longitudines,
726 1573 928 1609 profunditates
940 1578 968 1601 et
984 1573 1070 1601 subli-

286 1619 397 1654 mitates
418 1619 553 1647 universae
573 1620 689 1647 visibilis
710 1623 738 1647 et
759 1620 905 1648 invisibilis
925 1624 1069 1648 creaturae.
1085 1607 1106 1636 θ

286 1664 412 1700 Magnum
431 1673 507 1701 ergo,
521 1670 549 1694 et
576 1666 700 1693 divinum
724 1674 804 1701 opus,
820 1671 848 1694 et
868 1666 1071 1698 admirandum,

288 1719 385 1738 revera
407 1716 450 1739 est
472 1712 572 1740 anima.
585 1712 654 1740 Cum
673 1713 746 1740 enim
763 1718 870 1741 crearet
888 1712 974 1745 illam,
990 1713 1072 1740 talem

287 1756 410 1784 condidit
424 1757 497 1784 Deus
519 1765 590 1791 eam,
607 1758 677 1785 utin
695 1763 795 1786 natura
813 1759 876 1794 ejus
888 1758 991 1785 nullum
1003 1758 1075 1786 inse-

287 1806 361 1829 reret
380 1802 489 1835 vitium,
505 1803 552 1830 sed
577 1804 611 1830 ad
633 1804 779 1839 imaginem
804 1804 936 1831 virtutum
954 1804 1074 1838 Spiritus

288 1848 413 1875 condidit
430 1849 502 1876 illam
521 1857 528 1875 :
546 1849 637 1884 posuit
653 1850 680 1877 in
699 1858 730 1877 ea
762 1850 837 1885 leges
860 1850 1004 1882 virtutum,
1017 1849 1075 1876 dis-

289 1894 454 1927 cretionem,
467 1895 620 1927 scientiam.
637 1896 822 1930 prudentiam,
843 1895 934 1928 ﬁdem,
949 1895 1075 1923 dilectio-

288 1947 363 1972 nem,
398 1946 480 1975 atque
509 1947 622 1969 caeteras
647 1942 765 1970 virtutes
780 1942 814 1970 ad
840 1941 988 1976 imaginem
1014 1940 1076 1976 Spi-

288 1986 368 2013 ritus.

324 2031 369 2059 Vl.
385 2031 482 2059 Adhuc
507 2033 581 2060 enim
604 2033 647 2060 vel
675 2041 749 2061 nunc
768 2034 796 2061 in
816 2034 941 2066 scientia,
955 2035 1076 2069 pruden-

289 2078 337 2110 tla,
354 2078 501 2106 dilectione
522 2083 550 2106 et
569 2079 622 2106 ﬁde
639 2081 787 2114 reperitur,
801 2085 828 2107 et
840 2081 1030 2108 manifestatur
1049 2080 1074 2108 ei

290 2121 442 2148 Dominus:
458 2122 559 2150 locavit
585 2123 613 2150 in
636 2132 668 2151 ea
694 2125 1075 2161 intellectum,cogitationes,

290 2166 459 2193 voluntatem
477 2174 509 2194 ac
522 2172 640 2195 mentem
660 2169 758 2196 ducem
774 2171 942 2205 praecipuum
957 2171 1077 2198 :consti-

291 2211 345 2238 tuit
366 2219 475 2246 quoque
489 2213 516 2240 in
530 2221 562 2240 ea
580 2214 761 2248 multiplicem
774 2215 854 2242 aliam
871 2216 1051 2243 subtilitatem
1067 2224 1074 2249 ;

291 2256 358 2284 fecit
382 2257 455 2284 illam
474 2258 554 2286 facile
578 2259 719 2291 mobilem,
741 2261 890 2294 volatilem,
904 2265 932 2288 et
955 2261 1076 2290 indefes-

292 2313 360 2333 sam.
370 2305 488 2333 Donavit
503 2307 554 2336 illi.
566 2311 596 2334 ut
614 2307 640 2334 in
663 2312 803 2335 momento
816 2308 855 2335 ire
864 2312 892 2335 et
906 2308 997 2336 redire
1012 2317 1077 2344 pos-

292 2352 339 2384 sit,
355 2355 384 2379 et
399 2356 491 2379 mente
501 2353 660 2380 ministrare
673 2353 710 2385 ei,
723 2357 804 2385 prout
817 2353 936 2388 Spiritus
948 2354 1077 2387 voluerit,

291 2402 375 2433 atque
401 2402 431 2424 ut
454 2397 567 2425 omnino
595 2398 695 2431 dicam,
721 2399 824 2426 creavit
844 2399 917 2426 illam
934 2400 1024 2432 talem,
1049 2403 1079 2426 ut

292 2443 351 2479 ipsa
365 2443 402 2471 sit
416 2451 517 2478 sponsa
535 2448 563 2471 et
575 2443 649 2471 socia
663 2444 733 2479 ejus,
755 2449 785 2471 ut
800 2444 858 2480 ipse
873 2453 935 2472 cum
953 2444 999 2472 illa
1015 2452 1080 2472 cou-

293 2493 472 2524 temperetur,
503 2494 530 2516 et
558 2498 630 2517 unus
651 2490 771 2525 Spiritus
790 2498 852 2518 cum
865 2498 898 2518 eo
915 2490 971 2522 ﬁat,
990 2495 1020 2517 ut
1036 2490 1080 2517 in-

293 2535 372 2569 quit:
387 2534 438 2565 Qui
452 2535 567 2563 adiuuet
584 2535 706 2566 Domino.
724 2544 791 2563 unus
805 2537 914 2572 spiritus
930 2541 968 2563 est
983 2536 1017 2564 ".
1028 2536 1078 2564 Cui

293 2581 379 2616 gloria
397 2581 426 2608 in
438 2582 539 2609 saecula
554 2583 727 2610 saeculorum.
746 2583 842 2610 Amen.

554 2635 696 2665 HOMILIA
715 2637 821 2665 XLVII.

353 2682 505 2718 Explicatio
524 2683 667 2719 allegorica
693 2684 869 2719 quorumdam
891 2684 937 2711 sub
964 2684 1019 2720 lege

613 2720 754 2754 factorum.

328 2773 350 2800 l.
367 2773 459 2800 Gloria
484 2773 577 2805 Hosis.
599 2782 680 2810 quam
707 2775 820 2810 gerebat
837 2775 864 2803 in
889 2775 972 2808 facie,
997 2778 1078 2811 typus

292 2823 355 2846 erat
365 2827 437 2846 vera:
461 2819 562 2855 gloriae.
580 2820 816 2854 Quemadmodum
841 2822 915 2849 enim
942 2821 998 2849 illic
1017 2821 1078 2849 lixis

331 2892 462 2928 "Ephes.
477 2902 517 2929 ru,
533 2895 576 2924 l9.
621 2896 662 2923 "l
679 2896 741 2924 Cor.
756 2904 792 2930 vt,
813 2897 856 2924 l7.

1119 982 1228 1016 καθαρὰ
1241 981 1285 1008 διὰ
1302 981 1349 1015 τῆς
1372 981 1484 1015 χάριτος
1505 979 1701 1016 κατειργάσθη,
1717 978 1766 1014 ὅλη
1779 979 1808 1005 ὲν
1820 977 1905 1014 αὖραι

1119 1029 1174 1059 νοῖς
1195 1028 1223 1053 ὲν
1243 1027 1379 1061 πνεύματι
1395 1026 1514 1052 διακονεῖ
1527 1024 1567 1060 τῷ
1585 1024 1688 1060 Κυρίῳ,
1704 1024 1751 1050 καὶ
1761 1023 1809 1058 ὅλη
1823 1023 1853 1050 ἐν
1865 1021 1906 1058 τῷ

1120 1074 1228 1108 σώματι
1250 1074 1369 1100 διακονεῖ
1387 1073 1471 1108 αὐτῷ·
1488 1073 1537 1099 καὶ
1552 1073 1678 1099 τοσοῦτον
1693 1071 1854 1099 πλατύνεται
1866 1070 1905 1106 τῷ

1120 1120 1286 1154 φρονήματι,
1300 1118 1370 1146 ὥστε
1391 1117 1529 1154 πανταχοῦ
1554 1118 1640 1155 αὐτὴν
1667 1116 1747 1145 εἶναι·
1756 1117 1816 1144 διαὶ
1837 1117 1905 1144 ὅπου

1121 1165 1257 1200 βούλεται,
1274 1166 1321 1191 καὶ
1340 1164 1404 1191 ἔνθα
1417 1164 1542 1199 βούλεται
1556 1165 1690 1191 διακονεῖν
1701 1164 1739 1199 τῷ
1749 1163 1870 1201 Χριστῷ.

1155 1211 1195 1237 Ε¹.
1204 1209 1289 1236 Τοῦτό
1301 1219 1382 1245 φησιν
1391 1210 1571 1242 όἈπόστολος
1579 1210 1658 1237 "Ira
1664 1208 1847 1245 ἐξισχύσητε
1859 1216 1907 1235 και

1120 1255 1262 1283 ταλασεῖν
1273 1256 1334 1282 σὺν
1342 1256 1417 1283 πᾶσι
1433 1256 1496 1288 τοῖς
1511 1256 1618 1290 ἁγίοις,
1635 1256 1664 1282 τί
1673 1256 1707 1282 τὸ
1721 1255 1846 1288 πλάτος,
1858 1253 1907 1281 καί

1118 1299 1229 1334 μῆχος,
1244 1300 1292 1326 καὶ
1306 1301 1395 1334 ὕψος,
1409 1300 1570 1332 καὶβάθος,
1587 1300 1699 1335 γνῶναι
1709 1309 1742 1328 τε
1752 1300 1810 1334 τὴν
1818 1301 1906 1334 ὑπερ-

1121 1344 1297 1371 ϐάλλουσαν
1317 1345 1374 1378 τῆς
1389 1344 1528 1379 γνώσεως
1552 1345 1674 1379 ἀγάπην
1690 1344 1743 1372 τοῦ
1765 1344 1906 1379 Χριστοῦ,

1119 1389 1170 1415 ἵνα
1185 1390 1362 1424 πληρωθῆτε
1379 1390 1422 1423 εὶς
1439 1390 1501 1417 πᾶν
1521 1391 1553 1417 τὸ
1577 1390 1722 1424 πλήρωμα
1741 1390 1795 1417 τοῦ
1821 1389 1908 1419 Θεοῦ.

1120 1435 1263 1470 Θεὼρησον
1274 1435 1380 1470 ἀρρητα
1394 1436 1531 1471 μυστήρια
1544 1436 1643 1471 ψυχῆς,
1654 1434 1688 1472 ἧς
1701 1436 1837 1472 περιαίρει
1850 1435 1907 1462 Κύ-

1123 1489 1180 1516 ριος
1195 1481 1225 1507 τὸ
1240 1481 1530 1516 ὲπικείμενονσκότος,
1548 1483 1595 1508 καὶ
1606 1481 1793 1509 ἀποκαλύπτει
1810 1482 1908 1517 αὐτὴν,

1121 1527 1168 1554 καὶ
1183 1527 1406 1554 ἀποκαλύπτεται
1432 1528 1501 1563 αὐτῇ
1513 1537 1520 1544 ·
1536 1528 1595 1560 πῶς
1617 1528 1745 1556 πλατύνει
1765 1529 1813 1555 καὶ
1827 1528 1910 1556 τείνει

1121 1575 1156 1600 τὰ
1171 1574 1333 1608 φρονήματα
1362 1572 1409 1599 τοῦ
1429 1573 1488 1605 νοὸς
1510 1574 1608 1609 αὐτῆς,
1627 1575 1668 1604 εις
1689 1574 1724 1601 τὰ
1744 1574 1845 1609 πλάτη,
1862 1576 1910 1602 καὶ

1125 1620 1209 1654 μήκη,
1227 1619 1275 1645 καὶ
1290 1618 1368 1654 βάθη,
1382 1620 1430 1646 καὶ
1449 1619 1504 1655 ὕψη
1521 1621 1611 1656 πάσης
1634 1620 1736 1656 ὁρατῆς
1755 1621 1803 1648 καὶ
1829 1621 1912 1656 ἀορά-

1123 1676 1170 1693 του
1195 1667 1321 1700 κτίσεως.
1337 1668 1419 1701 Μέγα
1439 1668 1528 1695 τοίνυν
1542 1669 1590 1696 καὶ
1605 1668 1675 1696 θεῖον
1689 1668 1768 1705 ἔργον
1787 1669 1833 1696 καὶ
1846 1669 1912 1696 θαυ-

1126 1711 1225 1747 μαστὸν
1242 1712 1326 1744 ὅντως
1342 1713 1416 1738 ἐστὶν
1431 1713 1448 1748 ἡ
1465 1712 1551 1748 ψυχή.
1567 1713 1611 1740 Ἐν
1622 1712 1676 1749 γὰρ
1687 1713 1725 1748 τῷ
1743 1713 1912 1748 δημιουργῇ-

1126 1767 1172 1786 σαι
1185 1758 1280 1794 αὐτὴν,
1301 1758 1431 1794 τοιαύτην
1454 1759 1582 1793 ἐποίησεν
1605 1760 1619 1786 ὁ
1636 1759 1702 1792 Θεὸς
1721 1759 1816 1795 αὐτὴν,
1832 1760 1869 1791 ὡς
1881 1761 1912 1786 ιν

1124 1806 1156 1840 τῇ
1172 1805 1254 1840 φύσει
1270 1804 1355 1839 αὐτῆς
1371 1804 1409 1839 μὴ
1433 1804 1550 1831 ἐνθεῖναι
1575 1806 1684 1838 κακίαν,
1699 1804 1768 1832 ἀλλὰ
1779 1805 1849 1832 κατά
1863 1804 1912 1840 τὴν

1125 1851 1218 1878 εἰκόνα
1243 1850 1298 1877 τῶν
1313 1850 1419 1886 ἀρετῶν
1435 1851 1482 1876 τοῦ
1503 1850 1660 1886 Πνεύματος
1677 1851 1804 1886 ἐποίησεν
1815 1850 1911 1886 αὑτήν.

1127 1897 1246 1932 Ἔθηκεν
1259 1898 1300 1929 είς
1321 1897 1406 1931 αὐτὴν
1423 1896 1522 1932 νόμους
1543 1897 1660 1932 ἀρετῶν,
1682 1897 1828 1931 διάκρισιν,
1841 1896 1914 1931 γνῶο

1127 1951 1179 1972 σιν,
1195 1943 1337 1977 φρόνησιν,
1352 1942 1454 1974 πίστιν,
1469 1942 1590 1978 ἀγάπην,
1609 1943 1657 1970 καὶ
1672 1943 1720 1974 τὰς
1734 1941 1831 1975 λοιπὰς
1846 1943 1913 1978 ἀρε-

1125 1990 1174 2020 τὰς
1187 1989 1259 2016 κατὰ
1276 1989 1325 2022 τὴν
1338 1989 1431 2017 εἰκόνα
1441 1990 1487 2016 τοῦ
1502 1989 1670 2024 Πνεύματος.

1164 2033 1329 2069 ς’.Ἐτιγάρ
1338 2035 1384 2060 καὶ
1395 2035 1476 2061 νῦνέν
1488 2036 1520 2070 τῇ
1529 2043 1562 2069 γν
1571 2035 1647 2066 ώσει,
1656 2034 1703 2062 καὶ
1713 2036 1854 2071 φρονήσει,
1866 2035 1914 2062 καὶ

1127 2079 1221 2114 ἀγάπῃ
1236 2099 1243 2112 ,
1258 2079 1306 2106 καὶ
1320 2080 1411 2106 πίστει
1429 2080 1586 2115 εὑρίσκεται
1602 2080 1650 2107 καὶ
1662 2081 1827 2116 φανεροῦται
1843 2082 1912 2115 αὐτῇ

1127 2125 1141 2150 ὁ
1152 2123 1252 2159 Κύριος
1263 2131 1271 2140 ⁸
1290 2123 1389 2158 ἔθηκεν
1404 2125 1443 2156 είς
1457 2124 1542 2158 αὐτὴν
1555 2124 1684 2157 διάνοιαν,
1702 2124 1858 2159 λογισμοὺς,
1870 2123 1914 2150 Θέ-

1128 2170 1214 2206 λημα,
1230 2169 1293 2196 νοῦν
1306 2170 1429 2206 ἡγεμόνα
1440 2177 1446 2185 ·
1462 2170 1630 2205 ὲνεθρόνισεν
1648 2171 1676 2197 ὲν
1694 2170 1763 2205 αὐτῇ
1777 2170 1824 2197 καὶ
1831 2169 1914 2204 ἄλλην

1128 2215 1229 2250 πολλὴν
1239 2216 1402 2250 λεπτότητα.
1411 2215 1553 2250 Ἐποίησεν
1561 2216 1645 2250 αὐτὴν
1657 2215 1809 2251 εὐκίνητον,
1816 2214 1914 2241 εὔπτε-

1131 2270 1186 2297 ρον,
1199 2262 1311 2288 ἀκοπον·
1321 2261 1466 2297 ὲχαρίσατο
1481 2262 1549 2297 αὐτῇ
1564 2261 1595 2288 τδ
1610 2262 1638 2287 ὲν
1649 2262 1718 2297 ῥοπῇ
1730 2261 1856 2296 ἔρχεσθαι
1868 2261 1914 2287 καὶ

1128 2306 1306 2341 ἀπέρχεσθαι,
1315 2307 1362 2333 καὶ
1372 2307 1428 2338 τοῖς
1438 2307 1594 2342 φρονήμασι
1603 2306 1738 2333 διακονεῖν
1751 2306 1837 2341 αὐτῷ,
1849 2305 1915 2333 ἔνθα

1126 2353 1156 2379 τὸ
1174 2352 1286 2387 Πνεῦμα
1298 2352 1438 2387 βούλεται,
1452 2352 1500 2379 καὶ
1514 2352 1679 2385 ἁπαξαπλῶς
1693 2352 1799 2379 ἔκτισεν
1830 2352 1915 2386 αὐτὴν

1127 2398 1265 2433 τοιαύτην,
1282 2397 1353 2424 ὥστε
1368 2397 1496 2432 γενέσθαι
1510 2398 1549 2430 είς
1566 2398 1675 2433 νύμφην
1688 2398 1737 2424 καὶ
1756 2396 1915 2432 κοινωνικὴν

1128 2444 1224 2476 αὐτοῦ,
1257 2443 1304 2470 τοῦ
1329 2443 1411 2470 αὐτὸν
1437 2444 1496 2479 μετ’
1522 2444 1608 2479 αὐτῆς
1636 2442 1797 2479 κεκρᾶσθαι,
1816 2443 1864 2470 καὶ
1886 2443 1915 2469 ἓν

1129 2488 1241 2524 Πνεῦμα
1255 2489 1314 2523 μετ’
1322 2489 1404 2515 αὐτοῦ
1420 2487 1501 2522 εἶναι,
1517 2489 1609 2521 καθώς
1624 2497 1717 2524 φησιν,
1727 2488 1755 2515 ⁸ο
1764 2488 1916 2522 κολλώμε-

1125 2542 1216 2568 μενος
1232 2533 1272 2566 τῷ
1290 2535 1398 2568 Κυρίῳ,
1422 2535 1458 2562 ἓν
1472 2534 1594 2569 Πνεῦμά
1607 2535 1700 2562 ἐστιν.
1715 2531 1751 2570 Ἶ)
1765 2535 1782 2570 ἡ
1791 2534 1864 2566 δόξα,
1876 2534 1916 2565 είς

1127 2580 1190 2610 τοὺς
1202 2580 1303 2611 αἰῶνας
1313 2580 1368 2607 τῶν
1379 2579 1497 2608 αἰώνων.
1521 2580 1619 2616 Ἀμήν.

1423 2637 1544 2664 ΟΜῐΛῐΑ
1558 2637 1623 2663 ΜΖ’.

1137 2679 1328 2716 Ἆλληγορικὴ
1349 2681 1540 2742 παράφραιέις
1550 2681 1610 2708 τῶν
1623 2681 1681 2708 ὑπὸ
1694 2681 1788 2716 νόμον
1795 2688 1918 2716 γεγενη-

1473 2726 1492 2742 ιι
1510 2725 1579 2742 νων.

1471 2725 1579 2751 μενων.

1167 2776 1207 2803 A'.
1226 2775 1258 2803 Ἢ
1273 2775 1336 2809 δόξα
1345 2775 1468 2806 Μωσέως
1483 2773 1516 2807 ἢν
1528 2771 1601 2808 εἶχεν
1614 2774 1643 2800 ὲν
1658 2773 1698 2808 τῷ
1708 2772 1855 2809 προσώπῳ,
1869 2773 1918 2798 τύ-

1131 2830 1182 2854 πος
1204 2820 1238 2858 ἦν
1262 2821 1312 2856 τῆς
1334 2820 1463 2856 ἀληθινῆς
1485 2820 1575 2856 δόξης.
1595 2820 1644 2847 Ὃν
1662 2819 1716 2854 γὰρ
1737 2818 1838 2854 τρόπον
1860 2817 1918 2845 ἐκεῖ
