2076 3151
181 189 234 222 797

732 187 918 222 HOMILI/E.
937 204 972 209 —
991 188 1086 222 HOM-
1106 190 1226 222 XLVII.

1767 191 1820 224 798

183 246 305 273 ἀτενίσαι
317 245 358 278 εις
366 246 397 272 τὸ
406 245 553 282 πρόσωπον
569 242 690 277 Μωσέως
703 245 755 272 οὐκ
768 246 862 282 ἴσχυον
874 247 899 273 οι
911 247 977 274 Ἰου-

1028 244 1116 272 oculis
1133 244 1235 272 intueri
1251 244 1357 272 vultum
1375 244 1458 273 Mosis
1484 251 1540 273 non
1564 245 1695 274 valebant
1716 245 1820 278 Judaei.

181 293 262 324 δαῖοι,
280 292 353 319 οὕτω
370 292 418 320 νῦν
435 292 546 328 ἐκείνην
557 291 606 328 τὴν
622 292 702 326 δόξαν
715 292 763 319 τοῦ
777 293 865 327 φωτὸς
875 294 903 320 ὲν
915 295 975 325 ταῖς

181 339 280 374 ψυχαῖς
304 338 426 374 δέχονται
447 339 472 365 οἱ
500 339 672 374 Χριστιανοὶ,
694 338 743 365 καὶ
762 338 793 365 τὸ
821 339 916 370 σκότος
937 340 975 374 μὴ

182 385 265 420 φέρον
280 384 331 420 τὴν
347 384 435 419 αὐγὴν
460 384 508 411 τοῦ
527 384 616 420 φωτὸς
641 385 860 421 ἐκτυφλοὺμενον
887 395 975 421 φυγα-

181 431 298 458 δεύεται.
317 430 433 458 Ἐκεῖνοι
447 430 485 464 δὲ,
500 431 540 458 ὅτι
553 431 619 464 λαὸς
630 431 704 458 Θεοῦ
715 430 796 468 ἦσαν,
812 432 844 459 ὲκ
859 432 908 466 τῆς
925 441 975 458 πε-

184 478 298 513 ριτομῆς
313 478 474 513 ὲφαίνοντοο
497 478 615 505 ἐνταῦθα
636 478 664 506 δὲ
690 480 704 506 ὁ
724 479 788 510 λαὸς
807 479 854 506 τοῦ
867 479 942 512 [Θεοῦ
961 480 975 506 ὁ

183 525 349 559 περιούσιος,
375 524 406 551 τὺ
427 526 541 560 σημεῖον
563 525 613 561 τῆς
635 526 788 562 περιτομῆς
816 526 922 553 ἔνδοθεν
940 528 974 562 τῇ

183 569 282 605 καρδίᾳ
305 569 389 596 αὐτοῦ
407 570 579 605 ὑποδέχεται.
598 570 732 606 Μάχαιρα
745 570 801 606 γὰρ
814 571 976 606 ἐπουράνιος

183 617 312 652 ἐκτέμνει
323 616 354 643 τὸ
366 616 496 652 περισσὸν
511 615 559 643 τοῦ
574 616 631 649 νοῦ,
647 617 772 645 τουτέστι
788 618 836 654 τὴν
850 618 975 654 ἀκάθαρρ

184 671 229 689 τον
259 663 445 698 ἀκροϐυστίαν
464 665 514 699 τῆς
528 664 676 700 ἄμαρτίας.
699 663 768 699 Παρ“
784 665 900 697 ἐκείνοις
925 665 975 700 βά-

185 717 291 744 πτισμα
306 709 356 744 τὴν
372 709 462 744 σάρκα
471 710 584 744 ἁγιάζον
594 718 600 725 ·
612 711 678 746 παρ’
690 711 757 746 ἡμῖν
767 711 796 737 δέ
805 711 864 738 ἐστι
879 711 976 746 βάπτι-

185 762 242 789 σμα
259 754 337 788 ἁγίου
358 754 518 790 Πνεύματος
541 756 589 782 καὶ
610 755 714 792 πυρός·
731 756 812 783 τοῦτο
836 757 891 792 γὰρ
908 757 974 793 ἐκή-

185 800 265 834 ρυξεν
285 800 422 835 Ἰωάννης.
440 801 537 835 Αὐτὸς
566 801 645 836 ὑμᾶς
669 802 816 835 βαπτίσει
838 803 873 830 ἐν
902 803 975 838 ἁγίῳ

184 846 331 880 Πνεύματι
341 846 390 873 καὶ
408 847 490 880 πυρί.

221 892 259 918 Β’.
276 892 351 918 Ἐκεῖ
363 893 450 928 σκηνὴ
466 893 590 928 ὲσωτέρα
603 893 651 920 καὶ
661 894 796 929 ὲξωτέρα,
812 894 859 921 καὶ
874 895 913 926 εἰς
927 894 975 930 μὲν

188 939 234 974 τὴν
249 939 373 974 πρώτην,
385 940 429 966 διὰ
450 939 550 972 παντὸς
567 940 694 976 εἰσῄεσαν
710 941 735 967 οῖ
757 942 849 976 ἱερεῖς,
861 941 911 973 τὰς
928 941 975 968 λα-

184 985 277 1020 τρείας
287 985 475 1018 ἐπιτελοῦντες
486 994 492 1001 ·
515 986 555 1017 εις
572 986 600 1012 δὲ
618 986 667 1022 τὴν
678 987 819 1022 δευτέραν,
834 987 908 1020 ἅπαξ
926 987 974 1014 τοῦ

185 1031 309 1058 ἐνιαυτοῦ
340 1031 419 1067 μόνος
429 1032 444 1058 6
455 1032 603 1068 ἀρχιερεὺς
619 1034 668 1060 σὺν
682 1033 779 1069 αἵματι
789 1053 796 1066 ,
814 1034 901 1061 τοῦτο
919 1034 974 1069 δη-

183 1076 314 1110 λοῦντος
339 1076 392 1104 τοῦ
411 1077 498 1112 ἁγίου
526 1079 710 1113 Πνεύματος,
740 1079 828 1114 μήπω
846 1088 975 1114 πεφανε-

181 1121 363 1156 ι-ὦσθαιτήν
378 1122 439 1150 τῶν
450 1123 543 1158 ἀγιων
559 1124 641 1152 ὀδόν.
666 1125 798 1152 Ἐνταῦθα
815 1125 844 1152 δὲ
865 1126 889 1152 οἱ
907 1134 975 1152 κατ-

185 1170 260 1202 αξιού
265 1178 340 1205 μενοι
351 1170 520 1206 εἰσέρχονται
529 1171 568 1202 εἰς
576 1170 625 1206 τὴν
640 1171 846 1207 ἀχειροποίητον
862 1171 973 1206 σκηνὴν,

185 1217 251 1242 ὅπου
264 1216 416 1251 πρόδρομος
425 1216 496 1250 ὑπὲρ
512 1216 591 1252 ἡμῶν
606 1217 715 1252 εἰσῆλθε
728 1217 855 1252 Χριστός.
868 1217 975 1252 Γέγρα-

186 1271 252 1290 πται
263 1263 292 1290 ὲν
306 1262 344 1298 τῷ
355 1262 440 1299 νόμῳ,
455 1264 510 1290 τὸν
523 1263 602 1298 ιερέα
610 1263 714 1291 λαϐεῖν
722 1264 777 1291 δύο
788 1265 974 1299 περιστερὰς,

186 1310 234 1337 καὶ
253 1309 344 1338 θῦσαι
354 1309 413 1344 μὲν
427 1310 487 1344 τὴν
500 1310 584 1345 μίαν,
597 1311 739 1345 ῥαπίσαι
755 1309 790 1336 δὲ
805 1310 863 1344 τὴν
877 1309 976 1341 ζῶσαν

185 1356 244 1384 ἀπὸ
270 1357 324 1384 τοῦ
347 1357 472 1391 αἵματος
493 1357 635 1391 ,ἐχειν-ης,
662 1357 710 1384 καὶ
738 1356 904 1388 ἀπολῦσαι,
925 1356 976 1383 καὶ

185 1403 329 1430 ἵπτασθαι
357 1403 530 1437 ἐλευθέραν.
555 1403 594 1430 Τὸ
617 1403 646 1430 δὲ
668 1403 812 1439 γενόμενον
839 1403 924 1434 τύπος
942 1400 977 1438 ἧν

186 1449 233 1476 καὶ
259 1449 323 1476 σκιὰ
335 1450 385 1485 τῆς
402 1449 532 1484 ἀληθείας
544 1457 551 1464 ·
575 1448 622 1475 καὶ
640 1449 694 1485 γὰρ
712 1449 726 1475 ὁ
749 1448 867 1484 Χριστὸς
881 1448 975 1482 ἐτύθη,

186 1495 233 1522 καὶ
260 1495 291 1522 τὸ
316 1492 386 1530 αἷμα
413 1494 497 1522 αὐτοῦ
527 1495 657 1530 ραντίσαν
685 1495 759 1530 ἡμᾶς
787 1495 977 1530 πτεροφυῆσαι

186 1541 324 1575 ἐποίησεν.
335 1540 440 1567 Ἔδωκε
458 1540 511 1574 γὰρ
523 1541 588 1576 ἡμῖν
602 1541 741 1576 πτέρυγας
757 1541 835 1574 ἁγίου
853 1540 978 1576 Πνεύμα-

186 1594 243 1618 τος,
261 1586 330 1621 πρὸς
352 1586 384 1612 τὸ
399 1585 528 1614 ἵπτασθαι
554 1585 703 1618 ἀκωλύτως
719 1586 760 1618 εἰς
783 1586 829 1614 τὸν
845 1586 915 1622 ἀέρα
929 1586 977 1621 τῆς
990 1596 1011 1625 c

187 1632 323 1668 θεότητος.

991 926 1012 953 Β

223 1691 261 1718 Γ’.
270 1691 402 1723 Ἐκείνοις
411 1691 493 1726 νόμος
507 1690 586 1726 ἐδόθη
597 1691 627 1718 ὲν
641 1690 724 1723 πλαξὶ
734 1691 928 1727 γεγραμμένος
943 1691 979 1718 λι-

188 1737 285 1771 θίναις,
301 1738 368 1773 ἡμῖν
383 1738 412 1765 δὲ
424 1738 502 1773 νόμοι
529 1738 711 1773 πνευματικοὶ
725 1737 822 1769 πλαξὶν
838 1737 978 1773 ἔγγραφοι

189 1791 264 1818 μενοι
281 1783 395 1819 καρδίας
410 1783 562 1819 σαρκίναις·
577 1783 652 1818 λέγει
663 1783 728 1818 γὰρ,
748 1783 855 1816 Διδοὺς
865 1784 978 1818 νόμους

184 1838 243 1862 μου
256 1830 291 1856 ἐν
302 1829 439 1864 καρδίαις
452 1829 563 1862 αὐτῶν,
579 1829 630 1856 καὶ
647 1829 697 1856 ἐπί
711 1829 764 1863 τὰς
775 1829 910 1863 διανοίας
922 1831 977 1857 αὺ-

186 1875 246 1901 τῶν
260 1875 414 1910 ἐπιγράψω
425 1876 545 1909 αὐτούς.
561 1876 685 1903 Κάκεῖνα
703 1876 751 1911 μὲν
771 1876 860 1903 πάντα
875 1884 979 1911 καταρ-

186 1921 309 1956 γοὺμενα
326 1922 373 1949 καὶ
387 1921 544 1958 πρόσκαιρα
559 1930 566 1937 ·
587 1922 635 1948 νῦν
648 1922 676 1949 δὲ
694 1922 784 1949 πάντα
797 1922 827 1954 ἐξ
846 1923 977 1957 ἀληθείας

187 1967 227 1998 εἰς
239 1967 285 1993 τὸν
301 1966 354 1994 ἔσω
363 1967 505 2002 ἄνθρωπον
518 1968 715 2003 ἐπιτελούμενα
726 1976 732 1984 ⁵
750 1968 866 2004 διαθήκη
882 1976 912 1994 τε
923 1969 977 2003 γὰρ

187 2013 299 2045 ἔσωθεν,
325 2014 373 2041 καὶ
396 2013 575 2046 ἁπαξαπλῶς,
590 2015 669 2042 Ὅσα
695 2015 822 2048 ἐκείνοις
850 2015 975 2049 συνέϐη,

187 2058 318 2092 τυπικῶς
338 2059 490 2094 ἐγίγνετο-
509 2060 622 2095 ἐγράφη
653 2061 687 2087 δὲ
713 2061 788 2096 πρὸς
813 2061 977 2088 νουθεσίαν

188 2105 344 2139 ἡμετέραν.
360 2105 406 2140 Τῷ
421 2107 475 2141 γὰρ
489 2105 615 2142 Ἀϐραὰμ
631 2109 760 2142 προεῖπεν
771 2108 785 2134 ὁ
795 2107 862 2140 Θεὸς
873 2107 904 2134 τὸ
917 2107 977 2134 ἐσό-

192 2159 282 2184 μενον,
302 2151 343 2177 ὅτι
359 2151 507 2185 Πάροικον
522 2151 607 2178 ἔσται
618 2152 651 2179 τὸ
666 2153 785 2187 σπέρμα
802 2160 860 2179 σου
884 2153 919 2179 ὲν
936 2152 976 2187 τῇ

187 2196 242 2222 οὐκ
259 2195 328 2230 ὶδιᾳ,
344 2196 392 2223 καὶ
412 2196 597 2228 κακώσουσι,
611 2197 660 2224 καὶ
679 2197 891 2225 δουλώσουσιν
901 2198 975 2226 αὐτὸ

188 2241 239 2275 ἔτη
258 2242 445 2276 τετρακόσια.
457 2242 543 2269 Τοῦτο
557 2243 678 2278 ἐπλήρου
695 2244 745 2279 τὴν
763 2243 814 2278 τῆς
834 2244 913 2275 σκιᾶς
935 2243 975 2270 ει-

188 2287 264 2316 κόνα.
281 2288 416 2324 Πάροικος
429 2289 482 2324 γὰρ
498 2289 605 2322 ἐγένετο
615 2289 629 2315 ὁ
644 2289 718 2321 λαὸς,
733 2290 779 2316 καὶ
790 2289 976 2326 κατεδουλώθη
992 2279 1013 2306 Ῑ)

189 2333 240 2359 ὑπὸ
249 2333 299 2360 τῶν
305 2334 471 2368 Αἰγυπτίων,
478 2335 525 2361 καὶ
533 2334 658 2370 ἐκακώθη
668 2335 696 2361 ὲν
705 2335 783 2370 πηλῷ
791 2336 837 2363 καὶ
845 2336 979 2372 πλινθείᾳ.

191 2380 307 2415 Ἔστησε
331 2380 386 2416 γὰρ
401 2382 492 2413 αὐτοῖς
502 2380 601 2415 Φαραὼ
617 2381 832 2416 ὲργοεπιστάτας
844 2383 891 2409 καὶ
901 2384 980 2418 ἐργο-

188 2426 315 2458 διώκτας,
326 2427 369 2453 ἵνα
380 2428 514 2463 ποιήσωσι
525 2428 559 2455 τὰ
577 2428 646 2464 ἔργα
660 2428 744 2456 αὑτοῦ
759 2429 828 2464 μετὰ
843 2430 978 2465 ἀνάγκης,

188 2472 234 2498 καὶ
250 2472 293 2498 ὅτε
317 2473 459 2505 ὲστέναξαν
488 2474 513 2500 ot
534 2474 586 2501 υἱοὶ
608 2475 716 2510 Ἰσραὴλ
735 2476 790 2502 ἀπὺ
810 2476 864 2502 τῶν
887 2477 978 2512 ἔργων

189 2517 257 2551 πρὸς
270 2517 316 2543 τὸν
326 2518 402 2550 Θεὸν,
415 2519 474 2546 τότε
486 2520 658 2555 ἐπεσκέψατο
670 2521 769 2553 αὐτοὺς
783 2521 828 2548 διὰ
842 2522 975 2554 Μωσέως·

189 2563 235 2589 καὶ
249 2564 361 2596 πολλαῖς
376 2565 495 2601 πληγαῖς
523 2566 647 2600 πατάξας
671 2567 735 2599 τοὺς
756 2567 934 2602 Αἰγυπτίους,
948 2569 978 2595 ὲν

189 2609 229 2644 τῷ
243 2611 308 2645 μηνὶ
323 2611 378 2638 τῶν
392 2610 493 2645 ἀνθῶν,
506 2612 551 2639 ὅτε
567 2613 675 2648 πρῶτον
689 2613 861 2649 ἐπιφαίνεται
876 2614 906 2641 τὸ
918 2614 978 2650 ἣδι-

190 2662 251 2682 στον
267 2656 328 2691 ἔαρ,
343 2657 393 2692 τῆς
418 2659 598 2694 στυγνότητος
619 2659 666 2686 τοῦ
687 2660 820 2696 χειμῶνος
839 2668 977 2695 παρερχο-

191 2700 285 2736 μένης,
301 2702 393 2736 ἐξάγει
407 2703 506 2736 αὺτοὺς
518 2704 547 2737 ἑξ
562 2704 712 2738 Αἰγύπτου.

224 2745 261 2773 Δ’.
274 2744 341 2774 Εἶπε
354 2747 382 2774 δὲ
393 2749 407 2775 ὁ
419 2748 484 2780 Θεδς
492 2748 531 2784 τῷ
541 2749 663 2782 Μωῦσεῖ,
684 2748 761 2784 ἄρνα
774 2750 879 2777 λαϐεῖν
897 2751 975 2785 ἀμω-

188 2799 257 2825 μσν,
275 2793 323 2820 καὶ
342 2794 468 2828 σφάξαι,
496 2794 596 2822 καὶτὸ
618 2793 690 2830 αἷμα
700 2795 794 2823 αὑτοῦ
813 2796 916 2830 κρισαι
926 2797 976 2824 ἐπὶ

195 2916 230 2944 ιι

1029 290 1127 317 eodem
1154 290 1237 317 modo
1257 297 1331 318 nunc
1355 290 1431 318 illam
1451 291 1567 327 gloriam
1592 292 1663 320 lucis
1679 292 1706 320 in
1722 291 1824 321 animis

1029 336 1171 372 recipiunt
1198 336 1348 365 Christiani
1372 345 1380 364 :
1400 345 1432 365 ac
1461 338 1583 366 tenebrat
1613 346 1668 366 non
1701 339 1822 367 ferentes

1028 382 1204 417 splendorem
1225 383 1306 417 lucis,
1330 388 1472 412 occzecata:
1491 384 1632 420 fugantur.
1658 385 1745 413 Porro
1766 385 1820 418 illi,

1028 428 1102 462 quod
1113 432 1207 456 essent
1220 430 1339 464 populus
1348 428 1408 462 Dei,
1421 437 1454 457 ex
1469 430 1680 458 circumcisione
1691 438 1822 467 agnosce-

1028 474 1155 514 bantur;
1186 475 1269 503 modo
1295 483 1361 503 vero
1386 476 1505 511 populus
1527 475 1575 503 Dei
1595 476 1756 511 peculiaris,
1781 477 1821 504 si-

1028 529 1113 556 gnum
1137 521 1357 550 circumcisionis
1380 522 1455 549 intus
1481 521 1508 549 in
1526 521 1609 549 corde
1626 528 1676 549 suo
1688 522 1819 557 suscepit.

1028 566 1141 595 Gladius
1157 567 1233 595 enim
1250 567 1371 596 celestis
1388 571 1513 602 amputat
1524 567 1724 594 abundantiam
1740 575 1820 595 men-

1030 613 1076 645 tis,
1098 614 1152 641 hoc
1167 617 1221 647 est,
1242 613 1381 649 impurum
1406 614 1573 649 praeputium
1598 614 1715 648 peccati.
1739 613 1821 648 Apud

1029 658 1092 686 illos
1106 663 1165 686 erat
1184 659 1322 694 baptisma
1340 666 1452 686 carnem
1467 658 1643 686 sanetiticans
1657 668 1664 685 :
1684 658 1756 693 apud
1770 665 1821 685 nos

1027 712 1094 732 vero
1114 704 1250 740 baptisma
1268 705 1356 732 sancti
1378 704 1499 739 Spiritus
1513 708 1542 731 et
1561 703 1643 739 ignis.
1664 703 1722 731 Hoc
1745 703 1820 730 enim

1029 749 1187 783 praedicavit
1200 749 1321 778 Joannes
1338 758 1345 776 :
1364 749 1424 785 Ipse
1445 757 1489 777 vas
1509 749 1654 785 baptizabit
1677 750 1706 776 in
1728 752 1821 776 sancto

1029 793 1131 831 Spiritu
1142 799 1167 821 et
1181 796 1236 830 igni
1245 795 1278 822 ".

1050 896 1098 927 .lI.
1112 896 1152 924 Ibi
1170 895 1374 923 tabernaculum
1393 895 1510 922 interius
1537 896 1566 922 et
1582 894 1720 925 exterius;
1735 897 1817 928 atque

1027 941 1054 969 in
1071 941 1150 976 prius
1161 948 1271 976 semper
1291 940 1517 976 ingrediebantur
1529 939 1698 971 sacerdotes,
1712 939 1817 966 cultum

1028 987 1109 1023 148
1119 987 1243 1015 divinum
1256 990 1419 1022 peragentes
1434 994 1439 1011 ς
1458 986 1485 1012 in
1505 985 1656 1013 secundum
1669 989 1761 1012 autem
1774 993 1820 1012 se-

1026 1033 1078 1060 mel
1095 1034 1121 1060 in
1142 1040 1215 1060 anno
1229 1032 1304 1059 solus
1319 1031 1442 1066 pontifex
1465 1038 1527 1057 cum
1545 1030 1677 1065 sanguine
1690 1038 1697 1056 :
1712 1029 1767 1056 Hoc
1779 1030 1818 1056 si-

1025 1079 1167 1114 gniﬁcante
1182 1082 1274 1105 sancto
1287 1075 1399 1112 Spiritu,
1411 1076 1528 1103 nondum
1545 1075 1745 1110 manifestatum
1763 1081 1818 1101 esse

1024 1129 1178 1151 sanctorum
1191 1124 1261 1150 viam
1272 1123 1305 1149 ⁸⁸.
1323 1118 1374 1149 Hic
1384 1129 1461 1153 vero,
1472 1121 1519 1156 qui
1533 1124 1705 1151 meruerunt,
1723 1119 1818 1155 ingre-

1025 1169 1140 1197 diuntur
1165 1169 1193 1196 in
1216 1177 1271 1196 non
1299 1168 1485 1195 manulactum
1507 1166 1738 1197 tabernaculum,
1759 1172 1815 1200 quo

1024 1223 1178 1251 praecursor
1189 1222 1239 1250 pro
1251 1214 1332 1242 nobis
1342 1213 1450 1241 introiit
1463 1212 1604 1241 Christus.
1623 1211 1759 1246 Scriptum
1774 1215 1817 1238 cst

1026 1261 1054 1288 in
1068 1261 1126 1296 lege
1141 1269 1147 1287 :
1159 1259 1191 1288 Ut
1203 1260 1326 1288 sacerdos
1340 1259 1453 1294 accipiat
1467 1258 1535 1285 duas
1551 1257 1697 1290 columbas,
1710 1261 1734 1283 et
1747 1255 1817 1283 alte-

1026 1315 1084 1334 ram
1109 1307 1214 1341 quidem
1235 1310 1349 1337 mactet,
1366 1308 1489 1340 aspergat
1509 1312 1570 1331 vero
1587 1304 1672 1330 vivam
1688 1303 1817 1338 sanguine

1027 1352 1093 1386 ejus,
1102 1356 1127 1378 et
1141 1351 1257 1378 dimittat
1274 1350 1384 1377 liberam
1395 1348 1508 1376 evolare.
1520 1348 1622 1376 Verum
1635 1347 1708 1382 quod
1722 1347 1817 1380 ﬁebat,

1027 1402 1108 1432 typus
1133 1401 1194 1424 erat.
1224 1400 1253 1424 ct
1276 1395 1372 1422 umbra
1398 1393 1533 1422 veritatis.
1553 1393 1661 1420 Etenim
1688 1392 1817 1419 Christus

1028 1442 1185 1470 immolatus
1198 1446 1249 1474 est,
1268 1445 1296 1469 et
1309 1440 1421 1476 sanguis
1435 1441 1496 1476 ejus
1514 1447 1564 1466 nos
1582 1445 1730 1474 asper-gens
1751 1437 1817 1465 fecit

1028 1493 1061 1516 ut
1079 1492 1261 1516 nascerentur
1284 1487 1365 1514 nobis
1380 1486 1440 1514 alae.
1469 1485 1550 1513 Dedit
1568 1485 1642 1512 enim
1665 1484 1746 1511 nobis
1759 1483 1818 1511 alas

1028 1535 1148 1570 Spiritus
1162 1534 1248 1561 sancti
1266 1534 1299 1561 ad
1310 1533 1457 1561 volandum
1472 1532 1531 1560 sine
1546 1530 1603 1558 ullo
1617 1530 1817 1566 impedimento

1029 1578 1057 1606 in
1070 1586 1164 1606 aerem
1180 1578 1316 1606 divinum.

1029 1708 1036 1727 ι
1067 1706 1115 1735 lll.
1128 1707 1185 1735 Illis
1198 1707 1261 1735 data
1277 1711 1320 1734 est
1333 1706 1388 1739 lex,
1404 1707 1432 1734 in
1448 1706 1549 1734 tabulis
1564 1706 1665 1742 scripta
1679 1706 1816 1742 lapideis;

1028 1753 1109 1780 nobis
1121 1760 1188 1780 vero
1198 1753 1274 1787 leges
1285 1751 1444 1786 spirituales
1454 1751 1555 1778 tabulis
1569 1751 1660 1778 cordis
1677 1751 1818 1786 inscriptae

1027 1798 1145 1826 carneis.
1161 1798 1253 1833 lnquit
1273 1797 1348 1825 enim
1365 1806 1372 1824 :
1389 1796 1463 1824 Dant
1482 1796 1551 1832 leges
1570 1804 1643 1823 mea:
1655 1797 1684 1823 in
1696 1797 1819 1824 cordibus

1028 1843 1147 1875 illorum,
1165 1847 1190 1870 et
1206 1844 1235 1870 in
1251 1843 1381 1869 tuentibus
1403 1850 1495 1869 eorum
1516 1841 1658 1868 inscribam
1675 1849 1720 1868 eos
1729 1842 1761 1868 ".
1783 1841 1819 1868 Et

1028 1886 1074 1914 illa
1083 1886 1195 1922 quidem
1204 1887 1295 1913 omnia
1305 1885 1487 1913 abolebantur
1495 1889 1524 1912 et
1533 1889 1707 1919 temporanea
1719 1889 1798 1912 erant
1808 1892 1816 1912 :

1029 1940 1104 1960 nunc
1128 1936 1220 1959 autem
1242 1936 1341 1959 cuncta
1355 1938 1420 1959 vere
1440 1930 1467 1957 in
1484 1929 1609 1957 interiori
1628 1929 1740 1956 homine
1753 1937 1817 1964 per-

1027 1978 1174 2006 ﬁciuntur:
1190 1981 1384 2006 testamentum
1400 1976 1474 2003 enim
1486 1975 1569 2003 etiam
1585 1979 1626 2002 est
1638 1975 1816 2007 intrinsecus,

1027 2029 1110 2059 atque
1125 2028 1156 2051 ut
1176 2024 1298 2052 breviter
1320 2023 1409 2051 dicam
1422 2031 1429 2049 :
1442 2022 1610 2057 Qua’cunque
1630 2022 1818 2057 contingebant

1027 2069 1091 2101 illis,
1106 2069 1135 2096 in
1159 2069 1247 2104 ﬁgura
1269 2068 1368 2102 ﬁebant
1390 2076 1399 2096 :
1417 2068 1517 2103 scripta
1537 2076 1598 2094 vero
1625 2071 1685 2094 51ml
1711 2073 1819 2102 propter

1027 2115 1238 2142 admonitionem
1268 2114 1400 2142 nostri”.
1432 2113 1550 2142 Abrahae
1581 2113 1654 2141 enim
1690 2113 1818 2149 praedixit

1026 2160 1099 2187 Deus
1111 2159 1246 2191 futurum,
1264 2167 1363 2195 nempe
1381 2159 1497 2187 :Semen
1519 2163 1594 2187 tuum
1614 2161 1663 2187 erit
1684 2159 1775 2187 incola
1788 2161 1818 2187 in

1027 2210 1098 2232 terra
1123 2214 1175 2233 non
1198 2215 1259 2239 sua,
1272 2211 1297 2233 et
1322 2207 1443 2243 afﬂigent
1462 2207 1541 2237 illud.
1563 2215 1595 2234 ac
1616 2207 1644 2234 in
1665 2207 1817 2234 servitutem

1028 2251 1146 2287 redigent
1166 2252 1373 2287 quadringentos
1392 2253 1515 2280 annos".
1531 2253 1589 2280 Hoc
1604 2253 1736 2288 implebat
1757 2261 1818 2280 um-

1029 2296 1086 2324 brae
1099 2297 1258 2332 imaginem.
1275 2297 1418 2333 Siquidem
1438 2298 1527 2326 incola
1542 2298 1595 2326 fuit
1607 2299 1736 2333 populus,
1747 2299 1816 2326 etin

1028 2343 1191 2371 servitutem
1211 2343 1246 2370 ab
1261 2343 1399 2379 Egyptiis
1415 2344 1556 2376 redactus,
1569 2349 1652 2379 atque
1668 2344 1695 2371 in
1711 2345 1771 2371 luto
1785 2348 1814 2372 et

1028 2390 1112 2417 latere
1128 2389 1284 2416 amictus".
1294 2389 1465 2417 Pmﬁciebat
1475 2390 1548 2417 enim
1560 2389 1614 2416 illis
1628 2389 1734 2417 Pharao
1747 2397 1817 2424 pra:-

1026 2434 1114 2462 fcctos
1128 2438 1156 2461 et
1171 2434 1358 2461 stimulatores
1374 2434 1476 2469 operis,
1493 2438 1524 2461 ut
1539 2434 1706 2469 perﬁcerent
1730 2442 1815 2469 opera

1027 2488 1076 2508 sua
1091 2480 1255 2507 necessitate
1265 2479 1383 2514 quadam
1400 2480 1498 2507 coacti.
1513 2480 1636 2514 Cumque
1652 2479 1815 2515 ingemisceo

1026 2529 1088 2552 rent
1100 2524 1148 2551 lilii
1158 2524 1242 2552 lsrael
1258 2524 1293 2551 ab
1309 2524 1441 2559 operibus
1456 2524 1514 2552 suis
1524 2525 1557 2552 ad
1573 2525 1670 2557 Deum,
1681 2529 1738 2552 tum
1746 2524 1814 2552 visi—

1027 2569 1102 2596 tabat
1120 2576 1168 2597 eos
1182 2577 1232 2604 per
1255 2569 1377 2603 Mosem;
1394 2577 1426 2597 ac
1451 2570 1546 2597 multis
1571 2569 1660 2605 plagis
1680 2569 1815 2606 Egyptiis

1026 2615 1178 2651 percussis,
1202 2623 1296 2643 mense
1313 2614 1423 2647 ﬂorum,
1437 2615 1547 2650 quando
1563 2615 1683 2650 primum
1701 2620 1815 2650 apparet

1027 2660 1244 2688 amoenissimum
1273 2668 1332 2693 ver,
1358 2660 1469 2688 tristitia
1494 2659 1594 2687 hiemis
1619 2664 1813 2695 praetereunte.

1028 2707 1122 2734 educit
1137 2714 1187 2734 eos
1199 2714 1233 2734 ex
1245 2705 1372 2742 Egypto.

1065 2753 1111 2781 IV.
1127 2752 1200 2780 Dixit
1217 2757 1308 2780 autem
1329 2753 1402 2780 Deus
1415 2753 1483 2780 Mosi
1503 2761 1510 2780 :
1530 2753 1563 2781 Ut
1577 2761 1676 2789 agnum
1688 2754 1815 2789 acciperet

1031 2797 1243 2832 immaculatum,
1257 2803 1282 2826 et
1293 2798 1454 2831 immolaret,
1463 2803 1487 2825 et
1497 2799 1626 2833 sanguine
1637 2799 1693 2835 ejue
1705 2803 1817 2835 angeret

227 2882 350 2912 "Matth.
365 2884 404 2920 iu,
419 2885 462 2914 il.
500 2886 523 2903 "
532 2885 618 2914 Hebr.
639 2893 676 2925 ix,
688 2886 716 2914 8.
752 2886 894 2920 “larem,
907 2893 979 2921 xxxx,
991 2886 1036 2916 3t.
1075 2888 1118 2917 "l
1131 2887 1194 2918 Cor.
1206 2896 1232 2922 x,
1247 2888 1290 2917 Η.
1329 2889 1352 2906 ’⁸
1364 2888 1432 2917 Cen.
1450 2896 1493 2922 xv,
1513 2888 1556 2916 l3.
1595 2889 1617 2905 "'
1631 2889 1718 2918 Exod.
1734 2898 1753 2924 ι,
1771 2890 1816 2923 Μ,
