2079 3152
296 199 351 232 799

911 194 942 226 S.
962 193 1121 225 MACARII
1140 190 1301 224 EGYPI‘H

1857 197 1905 229 800

297 253 392 281 limina
401 258 424 281 et
436 253 514 289 fores.
523 261 555 280 ne
569 253 614 288 qui
622 251 744 288 perdebat
758 252 931 288 primogenita
944 250 1081 286 (Egyptia-

1136 249 1190 276 τῶν
1204 248 1311 284 φλιῶν,
1329 248 1378 276 καί
1394 248 1454 276 τῶν
1465 249 1575 284 θυρῶν,
1587 249 1638 277 ἵνα
1654 249 1698 285 μὴ
1715 251 1732 278 δ
1747 250 1905 287 ὀλοθρεύων

297 307 369 330 rum,
383 303 500 334 tangeret
513 306 555 324 ws
563 298 596 324 "".
611 297 804 332 Compiriebat
823 297 896 324 enim
915 296 1014 324 missus
1028 303 1078 323 an-

297 344 373 378 gelus
399 344 506 378 signum
540 343 682 377 sanguinis
709 343 828 372 eminus.
863 346 891 368 et
922 340 1077 368 recedebat.

296 389 505 424 ingrediebantur
524 396 590 416 vero
616 388 713 415 domos
736 395 790 415 non
812 387 943 423 signatas,
955 391 984 414 et
997 393 1079 413 omne

297 433 507 468 primogenitum
520 433 712 460 interﬁciebat.
743 433 877 459 Praeterea
895 438 1004 466 quoque
1023 430 1079 465 fer-

296 482 411 504 mentum
435 485 467 504 ea;
478 486 632 513 quacunque
647 478 723 504 domo
731 478 812 512 jussit
829 477 963 508 aboleri,et
979 479 1080 502 macta-

297 529 352 550 tum
371 531 470 558 agnum
492 531 551 550 cum
581 524 680 557 azyntis
695 526 720 549 et
743 522 850 549 lactucis
873 521 1016 556 agrestibus
1037 528 1081 547 co-

296 568 398 595 medere
413 568 541 602 praecepit
551 569 585 595 ".
606 568 639 595 Et
654 567 764 602 quidem
781 567 947 594 manducare
959 574 1007 594 eos
1019 566 1083 601 jus-7

296 612 341 642 sit,
359 611 556 637 circumcinclos
576 611 691 643 renibus,
711 616 734 637 et
754 610 858 646 pedibus
876 609 1004 637 sandaliis
1024 608 1081 636 cal-

295 660 391 687 ceatos,
405 655 510 682 buculos
532 655 652 682 manibus
667 659 794 682 tenentes.
812 654 846 681 Et
863 654 900 681 ita
917 661 980 681 cum
1005 653 1079 680 omni

298 699 475 726 festinatione
495 699 529 726 ad
551 707 693 734 vesperam
715 698 888 734 ederejubet
905 699 1008 726 Pascha
1026 698 1080 725 D0-

296 745 374 774 mini.
392 753 444 772 nec
457 745 513 772 ullo
528 745 610 772 modo
624 753 686 773 ossa
704 753 796 773 coram
806 745 875 772 facie
889 744 998 772 Domini
1012 751 1080 771 con-

295 790 424 825 iringere.

331 836 361 863 V.
377 836 477 863 Verum
495 835 589 863 eduxit
600 843 647 862 eos
660 843 722 863 cum
736 839 849 870 argento
859 839 886 863 et
901 842 968 862 auro
978 835 998 867 ‘,
1016 841 1079 862 cum

292 882 424 917 jussissct
450 886 547 908 mutuo
570 881 694 916 accipere
719 881 870 916 quemlibet
889 888 905 907 a
923 880 1014 907 vicino
1029 886 1080 907 suo

295 926 422 961 Egyptio
443 934 505 953 vasa
525 933 608 953 aurea
623 930 650 952 et
665 931 805 961 argentea.
825 925 935 960 Egressi
948 928 1013 952 sunt
1031 932 1082 951 au-
1098 921 1118 950 Β

296 976 351 999 tem
371 979 405 999 ex
424 971 550 1006 Egypto,
567 979 629 998 cum
657 970 775 1006 Egyptii
801 971 951 1006 sepelirent
977 970 1082 1005 primo-

297 1016 397 1051 genita.
416 1016 450 1042 Et
471 1015 525 1042 illis
539 1015 649 1049 quidem
664 1015 839 1042 oboriebatur
854 1014 993 1050 gaudium,
1009 1013 1082 1049 quod

297 1061 406 1089 liberati
424 1064 516 1088 essent
533 1068 548 1087 a
573 1059 697 1094 squalida
713 1060 846 1087 servitute
865 1070 871 1087 :
889 1060 932 1087 bis
946 1068 1013 1087 vero
1041 1060 1084 1086 lu-

298 1111 361 1134 ctus
368 1111 397 1134 et
411 1106 535 1140 planctus
548 1110 659 1140 propter
668 1105 807 1132 interitum
820 1105 982 1132 liberorum.
993 1105 1083 1138 Quare

297 1152 388 1186 inquit
410 1151 520 1178 Moses:
537 1150 598 1177 llaac
617 1155 655 1176 est
682 1157 743 1182 nox,
765 1150 792 1176 in
816 1158 868 1185 qua
890 1150 1021 1185 pollicitus
1046 1155 1083 1176 est

297 1197 367 1224 Deus
381 1205 409 1223 se
425 1199 620 1232 redempturam
640 1204 695 1222 nos.
716 1195 778 1223 llatc
798 1200 890 1223 autem
914 1196 1005 1223 omnia
1026 1204 1084 1232 my-

297 1242 412 1269 sterium
423 1245 488 1268 sunt
504 1241 602 1267 anima:
617 1248 666 1275 per
678 1240 824 1267 adventum
851 1240 953 1268 Christi
973 1240 1083 1268 redem-

297 1292 360 1322 με.
376 1285 457 1313 lsrael
473 1285 698 1320 interpretatione
719 1284 843 1312 redditur
862 1285 966 1312 animus
994 1286 1083 1312 ridens

297 1333 393 1358 Deum.
413 1330 558 1357 Liberatur
573 1337 640 1366 ergo
656 1337 672 1357 a
691 1329 824 1357 servitute
841 1329 1028 1363 tenebrarum,
1046 1331 1082 1358 ab

297 1376 432 1411 A‘Zgyptiis
444 1375 598 1410 spiritibus.

337 1430 416 1465 149
441 1429 483 1456 Vl.
513 1429 659 1464 Postquam
687 1429 760 1456 enim
794 1436 843 1464 per
869 1429 1082 1457 inobedientiam

299 1481 424 1502 mortuus
449 1479 490 1502 cst
516 1475 598 1502 homo
622 1475 696 1510 gravi
714 1478 802 1502 marte
819 1475 930 1506 animae,
947 1480 975 1502 et
996 1475 1083 1502 male-

300 1521 448 1548 dictionem
470 1528 552 1555 super
573 1520 792 1548 maledictionem
808 1521 948 1555 suscepit:
967 1520 1083 1547 Tribulos

301 1570 325 1592 et
347 1565 437 1600 spinas
461 1565 583 1600 producet
608 1565 653 1591 tibi
674 1569 746 1591 terra
770 1566 790 1592 '.
815 1565 849 1592 Et
873 1565 972 1592 iterum
987 1573 994 1591 :
1009 1564 1083 1592 Cales

301 1616 412 1643 terram,
430 1614 455 1637 et
469 1619 520 1637 non
537 1610 624 1643 addet,
643 1615 672 1637 ut
691 1611 735 1637 libi
757 1610 871 1645 prwbeat
892 1611 991 1645 fructus
1002 1619 1084 1638 suos:

301 1660 448 1684 creverunt
464 1660 492 1683 et
507 1660 607 1683 exorta:
621 1660 686 1683 sunt
700 1655 727 1682 in
740 1660 814 1682 terra
825 1656 916 1683 cordis
930 1657 989 1691 ejus
1001 1656 1087 1691 spina:

301 1707 330 1730 et
343 1702 449 1730 tribuli.
465 1701 646 1728 Abstulerunt
659 1701 719 1736 ejus
733 1701 846 1736 gloriam
864 1701 966 1728 inimici
982 1701 1045 1729 dolo
1058 1706 1087 1730 et

304 1747 421 1780 techuis,
445 1751 473 1774 et
497 1746 648 1774 induerunt
671 1754 734 1773 eum
755 1746 871 1781 pudore.
896 1747 1023 1774 Ablatum
1044 1751 1087 1774 est

302 1794 394 1821 lumen
411 1793 485 1828 ejus,
500 1797 528 1819 et
543 1791 656 1819 indutus
671 1796 713 1820 est
727 1792 847 1820 tenebris
863 1801 871 1819 :
888 1792 1088 1820 interfecerunt

303 1840 422 1866 animam
442 1839 512 1873 ejus,
537 1837 678 1872 dissipatis
702 1845 735 1865 ac
755 1837 851 1866 divisis
876 1838 1087 1873 cogitationibus

303 1886 372 1920 ejus,
389 1889 418 1912 et
440 1884 627 1911 distraxerunt
640 1891 656 1911 e
679 1883 791 1911 sublimi
814 1887 934 1910 mentem
955 1884 1028 1918 ejus;
1045 1883 1087 1910 l’a-

302 1935 419 1964 ctusque
434 1933 475 1957 est
489 1929 572 1956 Israel
595 1929 676 1956 homo
690 1936 787 1956 servus
801 1929 860 1956 veri
877 1929 1038 1956 Pharaonis.
1053 1928 1088 1955 Et

303 1975 486 2012 prmfecerunt
502 1975 647 2010 praefectos
660 1979 688 2002 et
708 1975 893 2003 stimulatores
908 1975 1010 2010 operis,
1028 1975 1086 2010 spi-

303 2023 374 2049 ritus
386 2021 506 2054 malitiae,
523 2026 652 2056 cogentes
665 2028 739 2053 eum,
754 2021 820 2047 velit
834 2020 946 2053 nolitve,
962 2020 1088 2048 commit-

303 2072 360 2095 tere
386 2074 468 2102 prava
494 2075 543 2094 sua
567 2074 661 2101 opera,
677 2071 705 2093 et
729 2066 962 2094 constructionem
984 2066 1036 2093 luti
1055 2073 1088 2094 ac

303 2112 397 2139 lateris
411 2112 558 2146 complere.
574 2111 625 2144 Qui
641 2111 723 2138 etiam
738 2116 862 2139 arcentes
874 2119 936 2139 eum
956 2120 972 2139 a
982 2111 1087 2140 caelesti

303 2157 447 2192 sapientia,
463 2157 638 2185 abduxerunt
658 2157 692 2185 ad
707 2165 809 2190 crassa,
826 2162 933 2185 terrena
950 2165 983 2186 ac
998 2158 1087 2186 lutosa

303 2211 387 2238 opera
401 2211 494 2238 prava,
511 2203 545 2230 ad
569 2211 720 2236 sermones,
735 2203 770 2230 ad
794 2203 985 2231 meditationes
1006 2208 1035 2232 et
1052 2203 1087 2230 ad

1129 296 1165 322 τὰ
1177 295 1348 329 πρωτότοκα
1362 293 1422 321 τῶν
1432 295 1601 329 Αἰγυπτίων
1612 296 1680 331 θίγῃ
1694 296 1802 324 αὐτῶν.
1822 298 1906 334 Ἐώρα

1129 341 1183 375 γὰρ
1200 342 1214 366 ὸ
1228 340 1392 372 ἀποσταλεὶς
1413 340 1529 375 ἄγγελος
1554 340 1586 367 τὸ
1610 342 1723 376 σημεῖον
1738 342 1784 369 τοῦ
1798 343 1907 378 αἵματος

1129 385 1288 421 πόρρωθεν,
1304 386 1351 412 καὶ
1370 386 1512 420 ἀφίστατο.
1535 386 1672 422 Ἐπεισῄει
1688 387 1717 414 δὲ
1733 389 1793 419 ταῖς
1810 389 1845 423 μὴ
1868 398 1907 416 σε-

1130 431 1336 466 σημειωμέναις
1355 431 1465 464 οἰκίαις,
1484 431 1532 458 καὶ
1548 433 1603 458 πᾶν
1623 433 1793 468 πρωτότοκον
1807 433 1906 469 ἀνῄρει.

1131 476 1192 502 Ἔτι
1202 476 1231 502 δὲ
1242 476 1290 502 καί
1300 475 1394 510 ζύμην
1403 477 1438 503 ἐκ
1450 477 1563 510 παντὸς
1570 478 1655 505 οικου
1665 478 1828 505 ἐκέλευσεν
1838 479 1908 513 ἀφα-

1129 520 1281 555 νισθῆναι,
1294 521 1386 548 καὶτὸ
1396 522 1583 557 σφαζόμενον
1593 523 1698 556 ἀρνίον
1709 524 1786 558 μετὰ
1797 524 1908 559 ἀζύμων

1129 566 1178 593 καὶ
1200 566 1344 601 πικρίδων
1364 567 1478 594 ἐσθίειν
1497 568 1662 603 προσέταξεν
1677 577 1685 585 ”
1706 569 1806 596 ἐσθίειν
1819 570 1847 596 δὲ
1863 571 1909 597 αὑ-

1129 614 1192 645 τοὺς
1218 614 1432 648 περιζωμένους
1461 616 1514 648 τὰς
1532 616 1658 651 ὀσφύας,
1674 617 1725 644 καί
1738 617 1910 652 ὑποδεδεμέ-

1129 659 1246 692 νουςὲν
1262 659 1325 692 τοῖς
1339 659 1458 694 ποσίτὰ
1471 660 1657 696 ὑποδήματα,
1673 662 1720 688 καί
1736 662 1789 696 τὰς
1804 663 1908 697 ﬁlium-

1126 705 1198 739 ρίας
1213 705 1341 739 ἔχοντας
1357 705 1392 732 ἐν
1401 705 1467 739 ταῖς
1479 707 1569 740 χερσί
1581 715 1587 721 ·
1601 708 1647 733 καὶ
1663 707 1734 734 οὕτω
1751 708 1819 742 μετὰ
1827 708 1910 744 πάσης

1132 750 1250 785 σπουδῆς
1267 750 1367 777 ἐσθίειν
1382 751 1450 786 πρὸς
1464 752 1582 787 ἑσπέραν
1592 752 1698 779 κελεύει
1710 752 1741 779 τὸ
1753 754 1845 788 πάσχα
1858 754 1910 780 Ku-

1131 795 1208 831 ρίου,
1225 797 1272 822 καὶ
1289 796 1358 831 μήτε
1382 796 1477 823 ὀστοῦν
1503 797 1557 824 ἀπὸ
1575 797 1621 824 τοῦ
1642 798 1744 833 Κυρίου
1761 799 1908 834 συντρίψαι.

1167 840 1348 876 Ε¹.⁹Εξήγαγε
1370 841 1398 867 δέ
1424 841 1523 873 αὐτοὺς
1547 842 1576 868 ἐν
1594 842 1718 877 ἀργυρίῳ
1738 842 1786 869 καὶ
1803 843 1909 878 χρυσίῳ,

1132 884 1262 917 κελεύσας
1281 885 1436 921 χρήσασθαι
1460 886 1578 913 ἕκαστον
1597 888 1673 922 παρά
1693 887 1815 922 γείτονος
1835 888 1911 916 αὐτοῦ

1132 927 1271 962 Δίγύπτου
1287 929 1371 963 σκεύη
1397 930 1487 965 χρυσᾶ
1506 930 1553 957 καὶ
1570 930 1690 967 ἀργυρᾶ.
1711 931 1871 967 Ὲξήρχοντο
1885 932 1911 960 δέ

1133 973 1163 1007 ἐξ
1177 974 1329 1008 Δίγύπτου,
1344 974 1400 1002 τῶν
1414 975 1571 1010 Αἰγυπτίων
1595 976 1751 1004 θαπτόντων
1764 979 1798 1005 τὰ
1814 979 1913 1014 ¹ιιρωτό-

1131 1028 1208 1047 τοκα.
1223 1020 1278 1047 Καὶ
1294 1021 1350 1052 τοῖς
1377 1021 1426 1055 μὲν
1441 1018 1475 1057 ἦν
1491 1023 1562 1056 χαρὰ
1582 1022 1628 1049 ἐπὶ
1649 1024 1682 1058 τῇ
1707 1023 1849 1059 ἀπαλλαγῇ
1868 1025 1913 1059 τῆς

1132 1065 1277 1100 αὐχμηρᾶς
1293 1066 1417 1098 δουλείας
1427 1074 1434 1081 ·
1450 1068 1507 1098 τοῖς
1522 1067 1551 1093 δὲ
1567 1067 1665 1100 πένθος
1679 1069 1726 1095 καὶ
1741 1070 1855 1101 κοπετὸς
1871 1069 1914 1096 ἐπὶ

1132 1112 1164 1145 τῇ
1176 1110 1230 1137 τῶν
1242 1111 1344 1138 τέκνων
1357 1112 1490 1148 ἀπωλείᾳ.
1507 1112 1553 1138 Διό
1567 1121 1649 1147 φησιν
1661 1114 1675 1140 ό
1689 1113 1822 1148 Μωῦσῆς,
1836 1115 1912 1148 Αὐτὴ

1131 1155 1218 1188 ἡνὺξ
1238 1156 1274 1182 ἐν
1298 1153 1318 1192 ᾗ
1341 1157 1538 1192 ἐπηγγείλατο
1563 1159 1580 1185 ὀ
1609 1159 1681 1191 Θεὸς
1707 1160 1915 1192 λυτρώσασθαι

1132 1201 1221 1236 ἡμᾶς.
1238 1201 1329 1229 Ταῦτα
1354 1203 1382 1230 δὲ
1398 1204 1486 1231 πάντα
1503 1204 1651 1239 μυστήριόν
1673 1205 1730 1230 ἐστι
1752 1204 1853 1239 ψυχῆς,
1868 1205 1914 1239 τῆς

1132 1247 1162 1273 ἐν
1173 1248 1206 1283 τῇ
1224 1248 1360 1283 παρουσίᾳ
1381 1248 1428 1275 τοῦ
1442 1249 1561 1284 Χριστοῦ
1585 1248 1788 1285 λυτρωθείσης·
1814 1249 1915 1285 Ἰσραὴλ

1132 1292 1186 1328 γὰρ
1197 1293 1378 1328 ἑρμηνεύεται
1389 1294 1462 1327 νοῦς
1472 1293 1549 1328 ὁρῶν
1561 1294 1613 1321 τὸν
1622 1294 1705 1321 Θεόν.
1714 1293 1916 1330 Ἑλευθεροῦται

1133 1338 1180 1366 οὗν
1192 1340 1246 1366 ἀπὺ
1263 1340 1311 1374 τῆς
1332 1339 1452 1372 δουλείας
1472 1339 1519 1366 τοῦ
1535 1339 1649 1372 σκότους
1660 1360 1667 1373 ,
1684 1339 1739 1367 ἀπὺ
1760 1340 1817 1368 τῶν
1838 1341 1916 1375 Δίγυο

1133 1384 1219 1411 πτίων
1239 1385 1413 1419 πνευμάτων.

1169 1429 1215 1462 φ.
1233 1429 1341 1464 Ἐπειδὴ
1355 1429 1409 1465 γὰρ
1422 1430 1450 1456 ἐν
1460 1431 1492 1465 τῇ
1509 1431 1636 1466 παρακοῇ
1650 1429 1786 1458 ἀπέθανεν
1798 1430 1814 1457 ὁ
1823 1429 1918 1466 ἀνθρω-

1133 1481 1183 1504 πος
1197 1473 1302 1508 θανάτῳ
1315 1473 1394 1509 δεινῷ
1415 1473 1465 1509 τῆς
1481 1474 1580 1510 ψυχῆς,
1598 1475 1645 1502 καὶ
1663 1475 1786 1510 κατάραν
1805 1476 1850 1502 ἐπὶ
1871 1483 1918 1502 κα·

1134 1519 1205 1554 τάρᾳ
1225 1519 1350 1551 ἐδέξατο·
1379 1519 1538 1554 Τριϐόλους
1564 1521 1614 1548 καί
1628 1521 1762 1554 ἀκάνθας
1777 1520 1919 1549 ἀναπλεῖ

1134 1571 1183 1590 σοι
1192 1564 1212 1598 ἡ
1225 1563 1274 1598 γῆ·
1285 1565 1332 1592 καὶ
1341 1562 1429 1598 αὖθις,
1441 1565 1568 1600 Ἕργηάσῃ
1577 1566 1634 1599 τὴν
1641 1566 1709 1601 γῆν,
1721 1566 1769 1593 καί
1780 1567 1818 1593 οὺ
1830 1574 1918 1600 προσ-

1137 1609 1222 1642 θήσει
1245 1610 1352 1637 δοῦναί
1365 1618 1414 1638 σοι
1429 1611 1500 1644 τοὺς
1516 1611 1650 1645 καρποὺς
1668 1611 1762 1646 αὐτῆς
1776 1619 1785 1628 '
1803 1612 1919 1646 ἀνεφὺη-

1138 1663 1188 1681 σαν
1216 1656 1265 1682 καὶ
1297 1655 1437 1683 ἀνέτειλαν
1465 1657 1494 1683 ἐν
1510 1658 1542 1692 τῇ
1563 1658 1598 1692 γῇ
1624 1657 1673 1693 τῆς
1699 1657 1814 1692 καρδίας
1838 1657 1917 1684 αὐτοῦ

1136 1700 1252 1728 ἄκανθαι
1276 1701 1323 1728 καὶ
1351 1702 1481 1737 τρίὸολοι.
1498 1699 1590 1737 Ἥραν
1613 1702 1694 1730 αὑτοῦ
1715 1702 1765 1738 τὴν
1790 1703 1869 1736 δόξαν
1894 1703 1918 1729 οι

1137 1746 1230 1782 ἐχθροὶ
1243 1747 1287 1774 διὰ
1301 1747 1350 1783 τῆς
1363 1748 1481 1783 ἀπάτης,
1495 1748 1542 1775 καὶ
1555 1748 1682 1776 ἐνέδυσαν
1691 1749 1918 1784 αὑτὸναίσχύνην.

1139 1793 1230 1828 Ἧρθη
1244 1792 1274 1819 τὸ
1291 1791 1350 1827 φῶς
1364 1792 1458 1825 αὐτοῦ,
1480 1793 1528 1820 καὶ
1549 1793 1661 1829 ἐνεδύθη
1673 1793 1704 1820 τὸ
1723 1794 1819 1826 σκότος
1831 1802 1838 1809 ο
1857 1793 1918 1828 ἐσό-

1139 1846 1237 1865 νευσαν
1252 1838 1301 1873 τὴν
1319 1837 1408 1874 ψυχὴν
1423 1838 1517 1870 αὐτοῦ,
1530 1839 1578 1865 καὶ
1592 1838 1777 1872 διεσκέδασαν,
1793 1840 1842 1865 καὶ
1855 1839 1919 1865 διεί-

1136 1884 1182 1910 λον
1197 1884 1260 1915 τοὺς
1276 1884 1424 1918 λογισμοὺς
1442 1883 1538 1918 αὑτοῦ,
1554 1884 1604 1911 καὶ
1624 1884 1800 1915 κατέσπασαν
1811 1883 1918 1912 ἀπὸτοῦ

1138 1929 1222 1963 ὕψους
1237 1929 1283 1955 τὸν
1297 1928 1360 1956 νοῦν
1371 1929 1465 1961 αὐτοῦ,
1482 1930 1530 1956 καὶ
1545 1929 1653 1964 ἐγένετο
1669 1931 1684 1957 ὀ
1697 1929 1805 1966 Ἰσραὴλ
1818 1931 1920 1966 ἄνθρωι

1138 1981 1188 2006 πος
1208 1973 1300 2005 δοῦλος
1328 1973 1375 2000 τοῦ
1400 1974 1529 2010 ἀληθινοῦ
1554 1975 1665 2011 Φαραώ.
1689 1976 1745 2003 Καὶ
1771 1977 1920 2011 ἐπέστησεν

1138 2019 1211 2054 αὺτῷ
1225 2021 1288 2052 τοὺς
1297 2020 1513 2055 ἐργοεπιστάτας
1532 2021 1580 2047 καὶ
1594 2021 1786 2057 ἐργώιὼκτας,
1797 2022 1832 2049 τὰ
1840 2021 1920 2048 πνεύ-

1140 2066 1213 2100 ματά
1234 2066 1285 2100 τῆς
1299 2066 1432 2102 πονηρίας
1446 2066 1636 2100 ἀναγκάζοντα
1658 2067 1738 2093 αὐτὸν
1764 2068 1862 2094 ἑκόντα
1876 2067 1920 2094 καὶ

1138 2111 1239 2138 ἄκοντα
1253 2112 1340 2138 ποιεῖν
1351 2111 1386 2138 τὰ
1399 2111 1505 2147 πονηρά
1519 2111 1601 2139 αὐτοῦ
1613 2111 1692 2147 ἔργα,
1704 2112 1750 2139 καὶ
1762 2113 1813 2148 τὴν
1829 2113 1922 2139 σύντε-

1139 2157 1179 2190 ξιν
1191 2157 1345 2191 ἐκπληροῦν
1360 2156 1407 2184 τοῦ
1424 2157 1509 2191 πηλοῦ
1523 2157 1571 2184 καὶ
1592 2159 1642 2193 τῆς
1655 2157 1806 2189 πλινθείας.
1820 2159 1852 2185 οἳ
1875 2158 1921 2185 καὶ

1138 2203 1312 2238 χωρήσαντες
1339 2203 1420 2229 αὑτὸν
1434 2202 1482 2229 τοῦ
1497 2203 1624 2238 οὐρανίου
1655 2204 1839 2239 φρονήματος,
1857 2213 1924 2231 κατ-

303 2248 482 2283 cogitationes
497 2256 591 2276 vanas.
607 2249 660 2277 Ubi
685 2249 759 2276 enim
777 2249 879 2277 excidit
900 2257 916 2277 e
932 2257 981 2277 sua
1001 2249 1085 2277 subli-

1140 2249 1244 2284 ήγαγον
1259 2249 1306 2275 ἐπὶ
1315 2248 1349 2275 τὰ
1362 2248 1443 2276 ὑλικά
1457 2249 1505 2276 καὶ
1517 2249 1598 2284 γήϊνα
1609 2250 1656 2276 καὶ
1670 2249 1780 2284 πηλώδη
1793 2250 1862 2286 ἔργα
1877 2257 1923 2276 πο-

303 2293 398 2321 initate
413 2293 514 2326 anima,
532 2294 628 2322 incidit
644 2295 672 2321 in
692 2302 806 2330 regnum
824 2295 928 2322 homini
947 2295 1086 2327 infestum,

303 2346 331 2368 et
349 2342 377 2368 in
399 2341 537 2376 principes
560 2341 696 2374 crudeles,
719 2341 915 2376 compellentes
938 2349 999 2370 eam
1024 2348 1090 2370 con-

303 2392 412 2415 struere
425 2387 492 2422 ipsis
508 2386 569 2415 vitii
582 2387 743 2422 peccatique
759 2387 895 2415 civitates.

342 2525 396 2552 Vli.
421 2525 449 2552 Si
474 2532 540 2552 vero
561 2524 721 2560 ingemiscat
745 2524 851 2556 anima,
878 2529 906 2552 et
931 2524 1029 2552 clamet
1052 2523 1086 2551 ad

305 2570 402 2602 Deum,
413 2570 514 2597 emittit
523 2571 548 2598 ei
558 2570 728 2605 spiritualem
738 2571 849 2602 Mosem,
862 2571 908 2604 qui
919 2570 1017 2598 liberet
1027 2578 1087 2597 eam

305 2624 321 2643 a
338 2617 471 2644 servitute
481 2616 668 2652 Egyptiorum
684 2627 690 2644 :
706 2625 802 2644 verum
813 2617 932 2651 primum
944 2617 1054 2647 clamat,
1065 2620 1094 2643 et

306 2662 426 2697 suspiria
440 2662 524 2694 ducit.
540 2665 569 2689 et
584 2666 641 2690 tum
656 2662 853 2697 redemptionis
876 2662 983 2689 initium
997 2668 1094 2688 conse-

306 2707 412 2742 quitur.
427 2707 488 2741 lpso
500 2715 608 2742 quoque
624 2715 718 2735 mense
732 2707 886 2735 recentium
906 2707 1003 2734 norum
1024 2707 1095 2734 libe-

308 2757 394 2786 ratur,
410 2758 533 2788 tempore
547 2753 676 2780 nimirum
687 2753 772 2785 veris,
786 2753 896 2788 quando
909 2757 980 2780 terra
996 2752 1094 2780 animae

308 2799 434 2827 emittere
447 2803 538 2833 potest
553 2800 684 2835 pulchros
698 2804 726 2827 et
739 2798 852 2826 ﬂoridos
864 2806 954 2827 ramos
968 2798 1093 2834 iustitiae,

1140 2295 1221 2330 νηρά,
1234 2295 1281 2321 καὶ
1296 2294 1402 2328 λόγους,
1414 2295 1461 2322 καὶ
1472 2295 1661 2330 ἐνθυμήματα,
1670 2296 1716 2322 καὶ
1733 2295 1924 2330 δια-λογισμοὺς

1141 2340 1283 2375 ματαίους.
1301 2340 1471 2368 Ἐκπεσοῦσα
1485 2340 1539 2376 γάρ
1551 2340 1598 2367 τοῦ
1626 2340 1691 2367 ίδίου
1705 2340 1788 2375 ὕψους
1811 2341 1828 2375 ή
1852 2340 1923 2376 ψυχὴ

1140 2383 1204 2421 εὗρε
1223 2385 1364 2421 βασιλείαν
1377 2385 1581 2421 μισάνθρωπον,
1594 2386 1640 2412 καὶ
1654 2385 1787 2421 ἄρχοντας
1799 2387 1922 2421 πικροὺς,

1141 2432 1206 2463 τοὺς
1221 2431 1481 2465 καταναγκάζοντας
1500 2431 1586 2466 αὐτὴν
1601 2431 1751 2467 οίκοδομεῐν
1766 2432 1860 2463 αὐτοῖς
1876 2431 1922 2463 τὰς

1142 2477 1192 2511 τῆς
1209 2477 1308 2508 κακίας
1321 2477 1412 2509 πόλεις
1426 2477 1580 2512 ἁμαρτιῶν.

1177 2524 1214 2551 Z'.
1237 2524 1300 2550 Ἐάν
1313 2524 1343 2551 δὲ
1356 2524 1473 2560 στενάξῃ
1487 2525 1503 2560 ἡ
1518 2525 1602 2560 ψυχὴ,
1625 2525 1673 2551 καὶ
1693 2524 1778 2560 βοὴσῃ
1798 2524 1867 2560 πρὸς
1880 2523 1925 2550 τὸν

1140 2569 1224 2602 Θεὸν,
1242 2569 1432 2602 ἐξαποστέλλει
1457 2570 1528 2605 αὐτῇ
1545 2569 1590 2596 τὸν
1609 2571 1792 2605 πνευματικὸν
1813 2569 1925 2600 Mensa,

1143 2614 1189 2641 τὸν
1205 2614 1388 2650 λυτρούμενον
1402 2615 1487 2650 αὐτὴν
1510 2616 1543 2642 ἐκ
1557 2615 1606 2650 τῆς
1629 2615 1750 2646 δουλείας
1773 2614 1828 2641 τῶν
1843 2615 1924 2647 Δίγυ-

1145 2659 1245 2686 πτίων·
1266 2659 1335 2686 ἀλλά
1349 2660 1456 2695 πρῶτον
1470 2660 1519 2695 βοᾷ
1531 2661 1578 2686 καὶ
1592 2660 1726 2692 στενάζει,
1742 2659 1788 2687 καὶ
1801 2659 1863 2686 τότε
1877 2657 1925 2692 τῆς

1145 2705 1360 2740 ἀπολυτρώσεως
1378 2705 1428 2740 τὴν
1439 2706 1527 2740 ἀρχὴν
1539 2705 1682 2740 λαμὸάνει.
1697 2705 1752 2731 Καὶ
1763 2703 1831 2739 αὐτὴ
1846 2704 1876 2729 ἐν
1887 2702 1925 2737 τῷ

1146 2753 1213 2787 μηνὶ
1226 2751 1281 2778 τῶν
1295 2751 1363 2778 νέων
1389 2751 1478 2778 ἀνθῶν
1492 2751 1664 2787 λυτρουμένη
1687 2751 1757 2778 κατὰ
1769 2750 1815 2776 τὸν
1832 2747 1925 2783 καιρὸν

1143 2797 1192 2824 τοῦ
1210 2797 1300 2832 ἔαρος,
1317 2796 1399 2831 ἡνίκα
1414 2797 1432 2832 ὴ
1453 2796 1491 2832 γῆ
1508 2797 1558 2833 τῆς
1573 2796 1662 2834 ψυχῆς
1675 2796 1795 2831 ἐξανθεῖν
1813 2795 1925 2822 δύναται

347 2894 371 2913 ³⁸
383 2894 470 2923 Exod.
487 2896 571 2927 311.3.
592 2897 618 2927 7.
635 2897 679 2925 il.
717 2897 740 2915 ⁹⁹
754 2896 834 2930 ibid.,
854 2896 896 2930 £2,
914 2896 957 2924 13.
998 2895 1085 2924 'ibid.

1136 2895 1153 2929 ἰ,
1169 2894 1213 2924 56.
1256 2895 1267 2911 ⁸
1285 2893 1351 2923 Gen.
1365 2901 1406 2928 Ill,
1421 2893 1466 2922 18.
