2079 3152
194 151 245 185 801

778 152 962 184 HOMILI-(E.
975 164 1007 171 -·
1021 152 1113 185 ΗΟἨ,
1134 154 1249 185 XLVII.

1770 158 1823 190 ὃθὲ

192 214 257 245 τοὺς
270 212 370 245 καλοὺς
387 214 434 240 καὶ
449 213 584 249 ἀνθηροὺς
599 213 711 245 κλάδους
725 213 775 248 τῆς
796 210 981 246 δικαιοσύνης,

1041 215 1108 246 ξτενὶ
1133 216 1224 245 hieme
1257 216 1418 252 ignorantiae
1443 216 1638 248 tenebrarum.
1662 222 1690 245 et
1715 226 1823 247 summa

193 259 248 285 τῶν
264 258 371 293 πικρῶν
393 259 535 294 χειμώνων
557 259 715 286 διελθόντων
730 258 781 293 τῆς
803 258 913 292 ἀγνοίας
935 257 984 283 τοῦ

197 306 321 336 σκότους,
338 304 444 338 καὶτῆς
462 304 562 339 πολλῆς
575 304 730 339 πωρώσεως
746 304 796 338 τῆς
814 304 846 330 ἐκ
864 303 920 330 τῶν
942 303 986 329 al-

195 350 284 385 σχρῶν
298 349 423 386 πράξεων
450 351 495 377 καὶ
511 351 663 386 ἁμαρτιῶν.
682 350 829 377 Κεὶεύειδὲ
840 350 900 377 τότε
919 350 988 384 ἀφα-

194 396 320 431 νισθῆναι
337 396 366 428 ἐξ
384 396 501 431 ἑκάστης
520 396 610 427 οἰκίας
631 397 722 422 πᾶσαν
748 395 837 431 ζύμην
855 395 985 427 παλαιὰν,

195 442 244 473 τὰς
259 442 384 477 πράξεις,
403 442 450 468 καὶ
466 442 500 468 τὰ
516 442 678 477 φρονήματα
687 441 734 467 τοῦ
750 440 865 467 παλαιοῦ
881 440 987 476 ἀνθρώ-

197 495 242 520 ρου
258 486 305 512 τοῦ
319 486 703 521 φθειρομένου,διαλογισμοὺς
715 487 862 521 πονηροὺς,
877 486 924 512 καὶ
939 487 984 512 ὲν-

198 532 330 566 θυμήσεις
349 532 485 567 ρυπαρὰς,
501 532 562 558 ὅσον
576 531 703 564 δυνατὸν,
716 531 934 566 ἀπορρίψας-[θαι.

232 576 276 602 H'.
294 576 434 611 Σφαγῆναι
450 576 528 602 δεῖτὸ
542 576 644 611 ἀρνίον,
658 577 703 603 καὶ
713 577 836 610 τυθῆναι,
846 578 893 603 καὶ
906 578 936 603 τὸ
947 575 987 603 αἷ-

199 630 237 655 μα
249 621 331 648 αὑτοῦ
348 622 490 657 χρισθῆναι
501 622 547 648 ἐπὶ
561 622 615 649 τῶν
631 622 732 658 θυρῶν.
758 623 876 657 Χριστὸς
891 622 944 658 γὰρ
958 623 988 649 τὸ

197 666 324 701 ἀληθινὸν
340 666 386 692 καὶ
398 666 511 701 ἀγαθὸνι
522 667 567 693 καὶ
583 667 697 702 ἄμωμον
707 667 800 701 ἀρνίον
811 668 928 702 ἐσφάγη,
940 667 989 693 καὶ

198 712 228 738 τὸ
245 710 315 747 αἷμα
332 711 414 739 αὐτοῦ
427 712 539 747 ἑχρίσθη
556 712 603 738 ἐπὶ
624 713 678 739 τῶν
696 712 781 747 φλιῶν
797 713 847 748 τῆς
863 713 987 748 καρδίας,

197 758 271 789 ὅπως
287 757 400 791 γένηται
412 757 442 783 τὸ
456 757 572 792 ἐκχυθὲν
587 757 634 784 ἐπὶ
647 757 694 784 τοῦ
710 757 828 793 σταυροῦ
850 755 921 793 αἷμα
940 758 987 785 τοῦ

199 803 329 837 Χριστοῦ,
346 804 379 838 τῇ
394 803 442 838 μὲν
459 803 532 838 ψυχῇ
553 804 593 834 είς
617 803 689 838 ζωὴν
707 804 754 829 καὶ
779 803 967 838 ἀπολύτρωσιν
978 812 986 819 ·

199 851 256 880 τοῖς
271 849 299 875 δὲ
314 849 474 883 Αἰγυπτίοις
488 849 613 883 δαίμοσιν
631 850 670 880 είς
686 849 784 881 πένθος
799 850 846 875 καὶ
861 849 985 876 θάνατον·

200 895 307 930 ἀληθῶς
323 895 376 929 γὰρ
404 894 501 926 πένθος
520 895 610 926 αὐτοῖς
625 895 699 928 ἐστι,
712 895 784 930 χαρά
797 895 825 922 δὲ
841 895 887 922 καὶ
900 895 986 929 ἀγαλ-

200 940 288 971 λίασις
303 942 334 975 τῇ
351 940 423 975 ψυχῇ
447 940 477 967 τὸ
495 940 543 966 τοῦ
568 940 684 976 ἀμώμου
702 942 796 976 ἀρνίου
824 939 903 976 αἷμα.
923 939 988 968 Εἶτα

203 987 271 1020 μετὰ
281 986 312 1012 τὺ
325 986 428 1021 χρίσμα
449 986 555 1012 κελεύει
570 986 637 1021 πρὸς
655 986 774 1021 ἑσπέραν
788 987 886 1021 φαγεῖν
898 986 929 1013 τὸ
940 987 990 1022 ἀρ-

203 1032 271 1063 νίον,
284 1032 331 1058 καὶ
343 1032 378 1058 τὰ
394 1031 486 1067 ἄζυμα
512 1032 580 1066 μετὰ
595 1033 738 1068 πικρίδων,
755 1032 989 1067 περιεζωσμένους

201 1077 249 1108 τὰς
266 1076 363 1109 ζώνας,
376 1077 422 1104 καὶ
439 1077 608 1113 ὑποδήματα,
621 1079 668 1104 καὶ
683 1078 793 1113 ἔχοντας
808 1079 856 1109 τὰς
887 1078 988 1113 βακτη-

204 1122 265 1158 ρίας
282 1122 311 1148 ὲν
327 1123 385 1154 ταῖς
402 1122 504 1158 χερσίν.
530 1123 593 1149 Ἐὰν
610 1124 664 1159 γὰρ
682 1123 719 1158 μὴ
736 1124 869 1159 πρότερον
879 1123 991 1158 γένηται

202 1169 219 1204 ἡ
231 1168 303 1204 ψυχὴ
318 1169 560 1204 παρεσκευασμένη
576 1169 743 1204 πανταχόθεν
756 1170 790 1196 δι’
813 1170 903 1205 ἔργων
921 1170 992 1203 ἁγα-

203 1214 266 1246 θῶν,
280 1215 341 1240 ὅσον
352 1215 425 1241 ἐστὶν
437 1215 465 1242 ἐν
480 1215 560 1250 αὐτῇ,
575 1216 606 1242 οὑ
627 1216 727 1242 δίδοται
741 1216 809 1251 αὐτῇ
826 1217 922 1249 φαγεῖν
939 1215 992 1241 ἀπὸ

206 1260 254 1286 τοῦ
269 1260 374 1296 ἀρνίου.
391 1261 423 1287 Εἰ
439 1261 467 1287 δὲ
484 1261 532 1287 καὶ
551 1261 581 1287 τὸ
597 1261 690 1296 ἀρνίον
711 1262 771 1296 ἡδὺ,
789 1262 837 1287 καὶ
852 1262 886 1287 τὰ
902 1262 993 1296 ἄζυμα

208 1306 289 1338 καιλά,
307 1306 364 1332 ἀλλ’
380 1307 408 1333 αἱ
425 1307 550 1341 πικρίδες
567 1308 663 1342 πικραὶ
688 1307 735 1333 καὶ
751 1308 889 1342 τραχεῖαι.
917 1307 994 1334 Μετὰ

205 1352 321 1386 θλίψεως
335 1352 389 1387 γὰρ
407 1352 520 1387 πολλῆς,
537 1355 584 1379 καὶ
601 1353 713 1387 πικρίας
729 1353 814 1379 ἐσθίει
825 1354 841 1387 ἡ
853 1353 925 1388 ψυχὴ
940 1353 994 1379 ἀπὸ

203 1397 249 1424 τοῦ
263 1397 356 1432 ἀρνίου
376 1398 423 1424 καὶ
437 1398 491 1425 τῶν
507 1399 632 1433 χρηστῶν
647 1399 770 1434 ἀζύμων,
791 1398 937 1434 θλιϐούσης
946 1399 994 1425 αὺ-

205 1444 253 1480 τὴν
270 1446 318 1478 τῆς
330 1444 462 1479 συνούσης
478 1445 546 1479 αὐτῇ
564 1444 712 1480 ἁμαρτίας.

238 1489 277 1518 0'.
294 1490 347 1516 Καὶ
367 1490 434 1524 προς
458 1490 577 1526 ἑσπέραν
597 1491 678 1524 φησὶν
702 1489 807 1517 ἑδεσθαι
834 1490 915 1517 αὐτό·
932 1491 948 1525 ή
966 1490 995 1516 δὲ

1037 262 1221 290 excaecatione
1249 270 1284 290 ex
1309 262 1436 291 obscenis
1463 263 1619 291 actionibus
1649 268 1677 291 et
1703 265 1824 299 peccatis

1037 311 1179 342 prognata,
1197 308 1345 343 praeterita.
1366 308 1451 337 Porro
1463 309 1587 345 praecipit
1600 314 1657 337 tum
1672 310 1777 338 aboleri
1790 318 1823 337 ex

1038 360 1202 387 unaquaque
1218 352 1300 380 domo
1317 360 1398 381 omne
1416 353 1581 381 fermentum
1604 354 1757 388 antiquum,
1779 361 1824 380 ac-

1038 397 1127 425 tiones
1150 398 1296 431 nimirum.
1319 403 1348 426 et
1370 400 1484 427 consilia
1507 400 1608 428 veteris
1632 400 1753 427 hominis
1775 399 1824 435 qui

1038 445 1237 480 corrumpitur.
1254 452 1287 473 ac
1300 452 1445 481 perversas
1459 446 1638 481 cogitationes
1656 451 1684 474 et
1705 446 1823 474 medita-

1038 489 1129 518 tiones
1142 490 1278 524 sordidas,
1291 490 1381 526 quoad
1403 491 1461 519 ﬁeri
1475 495 1575 527 potest,
1588 492 1718 528 abjicere.

1072 576 1142 605 Vill.
1154 577 1265 607 Mactari
1276 584 1384 615 oportet
1398 588 1497 615 agnum
1510 585 1540 609 et
1553 581 1698 614 immolari,
1710 582 1824 618 ejusque

1039 622 1199 657 sanguinem
1223 623 1331 652 illinere
1358 624 1474 653 foribus.
1495 625 1622 654 Christus
1646 626 1721 654 enim
1741 634 1825 654 verus

1039 668 1129 697 bonus
1140 673 1168 697 et
1183 669 1375 699 immaculatus
1397 679 1483 707 agnus
1500 677 1634 700 mactatus
1648 678 1701 707 est.
1718 677 1747 701 et
1762 681 1825 702 san-

1039 714 1122 748 guine
1142 714 1203 749 ejus
1225 719 1307 743 uncta
1329 716 1424 743 limina
1446 717 1548 750 cordis,
1565 722 1596 745 ut
1610 717 1657 746 ﬁat
1676 717 1781 746 edusus
1795 718 1825 745 in

1039 765 1122 786 cruce
1143 759 1254 794 sanguis
1274 760 1388 794 Christi,
1411 761 1509 789 anima:
1522 762 1633 797 quidem
1652 763 1709 790 vita
1727 767 1757 790 et
1779 770 1825 791 re-

1039 803 1177 839 demptio;
1188 804 1322 841 Egyptiis
1332 814 1398 834 vero
1412 806 1582 836 daemonibus
1597 808 1687 836 luctus
1695 812 1724 836 et
1737 816 1823 836 mors.

1039 849 1110 878 Vere
1124 851 1198 878 enim
1219 852 1310 880 luctus
1327 852 1381 880 illis
1396 858 1451 887 est;
1467 854 1596 889 gaudium
1616 859 1708 883 autem
1730 860 1759 883 et
1778 862 1826 883 ex-

1039 895 1152 923 sultatio
1175 896 1291 930 animat,
1316 897 1484 926 immaculati
1513 899 1588 927 illius
1614 900 1677 935 agni
1704 900 1825 936 sanguis.

1039 941 1144 969 Deinde
1167 946 1229 977 post
1248 943 1408 971 unctionem
1426 944 1504 980 jubet
1522 944 1557 972 ad
1577 953 1719 979 vesperam
1734 953 1828 973 come-

1039 986 1105 1014 dere
1127 995 1241 1023 agnum,
1265 992 1294 1016 et
1315 996 1410 1024 azyma
1433 997 1496 1017 cum
1517 987 1634 1018 lactucis
1656 990 1827 1026 agrestibus.

1039 1030 1252 1060 circumcinctos
1270 1033 1393 1066 renibus,
1416 1034 1552 1062 calceatos
1573 1035 1714 1067 sandaliis,
1735 1039 1764 1063 et
1786 1039 1828 1063 te-

1040 1080 1138 1103 nentes
1162 1075 1275 1105 baculos
1298 1077 1327 1104 in
1349 1077 1486 1106 manibus.
1510 1078 1568 1106 Nisi
1594 1080 1669 1107 enim
1692 1080 1770 1115 prius
1792 1081 1829 1108 sit

1040 1120 1131 1148 anima
1155 1126 1307 1156 praeparata
1339 1122 1520 1158 undequaque
1547 1131 1597 1159 per
1626 1124 1699 1152 bona
1727 1131 1827 1160 opera.

1041 1170 1174 1201 quantum
1193 1167 1220 1194 in
1237 1167 1295 1203 ipsa
1309 1171 1361 1200 est.
1376 1176 1430 1196 non
1446 1169 1608 1197 conceditur
1622 1170 1671 1202 illi,
1686 1175 1716 1198 ut
1734 1178 1827 1198 come-

1041 1213 1087 1240 dat
1109 1213 1143 1240 de
1167 1220 1247 1249 agno.
1270 1214 1305 1241 Et
1328 1213 1394 1242 licet
1417 1215 1510 1243 suavis
1533 1215 1571 1242 sit
1586 1223 1674 1251 agnus
1691 1220 1720 1243 et
1734 1223 1828 1252 azyma

1042 1258 1124 1290 bona,
1141 1266 1242 1286 amarae
1256 1263 1346 1286 tamen
1360 1262 1389 1286 et
1405 1266 1510 1294 asperae
1533 1264 1597 1287 sunt
1614 1260 1735 1287 lactucas.
1758 1259 1828 1288 Cum

1042 1304 1189 1333 nillictione
1212 1311 1277 1339 ergo
1300 1311 1406 1332 summa
1426 1308 1455 1332 et
1471 1305 1596 1333 molestia
1610 1305 1668 1333 edit
1689 1305 1780 1333 anima
1794 1306 1828 1333 de

1042 1357 1111 1385 agno
1125 1354 1153 1377 et
1167 1349 1247 1378 bonis
1262 1350 1375 1386 azymis.
1390 1350 1526 1386 amigente
1540 1358 1599 1378 eam
1611 1351 1686 1385 quod
1698 1350 1771 1378 illam
1787 1351 1827 1379 in-

1043 1394 1158 1427 habitat,
1176 1399 1301 1430 peccato.

1078 1492 1125 1519 IX.
1140 1492 1174 1520 Et
1185 1491 1218 1520 ad
1229 1499 1371 1528 vesperam
1380 1492 1459 1528 jubet
1473 1492 1555 1520 edere
1567 1492 1654 1519 illum.
1666 1491 1829 1527 Vespertina

206 1536 272 1570 πρὸς
287 1536 406 1570 ἑσπέραν
432 1535 491 1569 ὥρα
508 1535 578 1570 μέση
594 1535 684 1568 φωτὸς
704 1535 752 1561 καὶ
768 1537 880 1567 σκότους
906 1536 989 1562 ἐστίν.

1044 1542 1135 1565 autent
1152 1537 1219 1565 hora
1234 1538 1324 1565 media
1339 1537 1410 1564 inter
1422 1537 1511 1565 lucem
1527 1542 1556 1564 et
1574 1536 1703 1564 tenebras
1715 1540 1767 1564 est.
1782 1535 1829 1564 Sic

206 1580 282 1606 Οὕτω
299 1581 346 1606 καὶ
362 1580 461 1616 ἡψυχὴ
481 1580 548 1615 πρὸς
562 1579 650 1616 ταύτῃ
665 1578 731 1606 οὖσα
742 1581 775 1615 τῇ
791 1580 990 1616 ἀπολυτρώσει,

208 1627 276 1661 μέση
291 1625 393 1660 γίνεται
412 1626 500 1660 φωτὸς
518 1626 565 1652 καὶ
579 1626 703 1658 σκότους,
717 1626 838 1662 ἑστώσης
850 1628 897 1662 τῆς
912 1627 992 1653 δυνά-

208 1681 281 1706 μεως
301 1671 348 1697 τοῦ
376 1672 454 1704 Θεοῦ,
475 1671 522 1698 καὶ
538 1672 576 1707 μὴ
597 1672 687 1707 ἐώσης
703 1673 733 1699 τὸ
758 1673 853 1704 σκότος
870 1673 993 1699 ἐπελθεῖν

207 1717 239 1750 τῇ
256 1715 344 1750 ψυχῇ,
364 1716 410 1742 καὶ
423 1718 566 1742 καταπιεῖν
584 1717 687 1752 αὑτήν·
707 1718 754 1744 καὶ
772 1718 801 1743 ὃν
814 1718 913 1752 τρόπον
932 1717 993 1743 εἶπε

207 1760 338 1795 Μωῦσῆς,
354 1761 431 1794 Λῡτη
450 1761 469 1795 ἡ
497 1761 556 1793 ’νὺξ
573 1761 628 1795 τῆς
653 1763 832 1796 ἐπαγγελίας
850 1762 915 1790 ἐστὶ
940 1763 993 1789 τοῦ

210 1807 299 1834 Θεοῦ·
315 1808 400 1839 οὕτως
417 1809 464 1835 καὶ
478 1809 492 1835 ό
511 1809 639 1843 Χριστὸς,
659 1809 782 1840 δοθέντος
796 1809 870 1844 αὐτῷ
891 1809 993 1844 βιϐλίου

209 1853 238 1879 έν
251 1854 283 1888 τῇ
301 1855 456 1889 συναγωγῇ,
476 1854 514 1886 ὡς
531 1855 696 1890 γέγραπται,
709 1856 840 1882 ἐκάλεσεν
856 1856 995 1882 ἐνιαυτὸν

210 1900 319 1933 Κυρίου
334 1899 441 1926 δεκτόν
460 1900 512 1927 καί
529 1900 643 1934 ἡμέραν
658 1900 901 1934 ἀπολυτρώσεως.
923 1901 995 1926 Ἐκεῖ
1029 1900 1031 1902 ’

208 1945 255 1977 νὺξ
279 1946 497 1978 ἀνταποδόσεως,
511 1946 628 1973 ἐνταῦθα
650 1947 740 1982 ἡμέρα
763 1946 992 1982 ἀπολυτρώσεως·

208 1990 317 2022 εἰκότως
328 1999 334 2006 ·
362 1992 450 2018 πάντα
462 1992 515 2027 γὰρ
537 1993 630 2018 ἐκεῖνα
655 1992 740 2023 τύπος
753 1990 786 2027 ἦν
802 1992 848 2018 καὶ
866 1992 930 2019 σκιὰ
944 1992 994 2026 τῆς

207 2036 348 2071 ἀληθείας,
366 2037 413 2063 καὶ
426 2038 564 2072 μυστικῶς
577 2037 788 2072 προτυπούμενα
804 2038 852 2072 τὴν
864 2037 993 2073 ἀληθινὴν

208 2083 344 2117 σωτηρίαν
360 2083 520 2118 ὑπέγραφον
534 2084 583 2118 τῆς
601 2083 689 2119 ψυχῆς
705 2084 754 2118 τῆς
768 2083 993 2118 ὲγκεκλεισμένης

206 2126 246 2162 τῷ
256 2127 356 2160 σκότει,
370 2128 417 2154 καὶ
429 2128 625 2163 πεπεδημένης
652 2129 780 2164 κρυπτῶς
794 2129 821 2154 ὲν
837 2128 929 2164 λάκκῳ
944 2138 993 2155 κα-

209 2172 332 2208 τωτάτῳ,
345 2172 392 2199 καὶ
406 2173 687 2209 ἑναποκεκλεισμένης
701 2174 799 2204 πύλαις
810 2174 933 2208 χαλκαῖς,
947 2174 994 2200 καὶ

208 2218 245 2252 μὴ
261 2218 411 2253 δυναμένης
434 2218 496 2245 ἄνευ
518 2219 566 2254 τῆς
592 2219 637 2245 τοῦ
648 2219 765 2253 Χριστοῦ
781 2219 993 2254 ἀπολυτρώσεως
1009 2220 1032 2248 ο

207 2263 432 2298 ἐλευθερωθῆναι.

240 2308 269 2334 l'.
292 2308 399 2341 Ἐξᾱιγει
412 2306 457 2335 οὗν
467 2308 516 2345 τὴν
538 2309 627 2345 ψυχὴν
639 2309 668 2342 ἐξ
681 2310 818 2344 Αἰγύπτου
836 2310 881 2336 καὶ
897 2311 945 2345 τῆς
959 2312 989 2337 ὲν

212 2352 280 2387 αὑτῇ
297 2352 430 2385 δουλείας,
450 2355 503 2380 τῶν
531 2356 710 2389 πρωτοτόκων
729 2354 814 2388 αὐτῆς
832 2355 994 2389 ἀναιρουμέ-

208 2406 262 2423 νων
279 2399 308 2424 έν
331 2400 364 2434 τῇ
383 2399 475 2434 ἐξόδῳ.
492 2400 561 2433 Ἤδη
577 2401 630 2435 γὰρ
647 2400 729 2436 μέρος
751 2408 777 2426 τι
793 2400 841 2434 τῆς
855 2400 994 2434 δυνάμεως

204 2443 251 2469 τοῦ
266 2443 392 2478 ἀληθινοῦ
409 2445 508 2479 Φαραὼ
536 2445 715 2471 καταπίπτει.
741 2445 841 2476 Πένθος
860 2445 915 2480 ἔχει
931 2447 994 2475 τοὺς

205 2487 378 2520 Δίγυπτίους.
402 2489 568 2521 Στενάζουσι
580 2490 633 2524 γὰρ
649 2489 812 2524 λυπούμενοι
832 2490 878 2516 ἐπὶ
891 2491 923 2524 τῇ
942 2498 995 2516 σω-

204 2532 287 2568 τηρίᾳ
300 2533 346 2559 τοῦ
359 2534 544 2569 αἰχμαλώτου.
560 2534 675 2561 Κελεύει
690 2535 841 2570 χρήσασθαι
855 2535 931 2570 παρὰ
940 2536 995 2561 τῶν

204 2580 359 2614 Αἰγυπτίων
372 2580 458 2615 σκεύη
476 2581 565 2615 χρυσᾶ
585 2581 633 2607 καὶ
654 2581 779 2615 ἀργυρᾶ,
795 2581 842 2608 καὶ
864 2581 995 2613 λαϐόντας

205 2625 334 2658 ἐξελθεῖν.
362 2625 564 2661 ’Δπολαμΰάνει
582 2626 635 2661 γὰρ
650 2625 759 2658 ἐξιοῦσα
775 2626 820 2652 τοῦ
836 2626 946 2658 σκότους
972 2627 988 2661 ὴ

204 2669 276 2705 ψυχὴ
290 2670 324 2696 τὰ
336 2671 446 2706 ἀργυρᾶ
461 2671 507 2696 καὶ
522 2672 609 2706 χρυσᾶ
624 2670 718 2705 σκεύη,
735 2671 817 2707 ἤγουν
832 2672 895 2703 τοὺς
908 2672 988 2703 ἰδίους

204 2716 322 2749 ἀγαθοὺς
336 2716 484 2751 λογισμοὺς
500 2716 714 2751 πεπυρωμένους
737 2717 940 2749 ὲπταπλασίως,
959 2718 989 2744 ὲν

203 2759 244 2793 οἷς
259 2761 422 2788 διακονεῖται
440 2763 486 2789 καὶ
499 2762 703 2789 ὲπαναπαύεται
720 2763 734 2788 ὁ
748 2761 825 2793 Θεός.
844 2762 988 2800 Ἐσκόρπι-

240 2853 249 2869 ¹
270 2853 340 2881 Luc.
357 2862 394 2886 tv,
411 2854 454 2882 18.

369 2904 503 2933 Ριιῐιιοι.
530 2903 587 2933 Gtt.
618 2902 764 2934 XXXIV.

1042 1591 1151 1619 quoque
1174 1583 1264 1611 anima
1279 1584 1307 1611 in
1322 1583 1381 1619 ipsa
1395 1583 1543 1611 constituta
1557 1583 1756 1618 redemptione,
1771 1590 1829 1610 me-

1042 1630 1087 1657 dia
1099 1634 1141 1657 est
1161 1629 1234 1657 inter
1254 1630 1343 1658 lucem
1360 1633 1388 1657 et
1405 1629 1543 1661 tenebras,
1559 1629 1705 1656 assistente
1723 1628 1828 1656 virtute

1042 1674 1147 1708 divina,
1160 1682 1211 1703 nec
1226 1675 1403 1710 permittente
1417 1675 1545 1703 tenebras
1561 1674 1704 1710 insurgere
1718 1674 1747 1701 in
1767 1676 1828 1701 ani-

1043 1728 1127 1753 mam,
1142 1724 1171 1748 et
1181 1720 1330 1748 absorbere
1345 1721 1429 1748 illam.
1445 1721 1480 1748 Et
1493 1719 1724 1755 quemadmodum
1740 1719 1829 1747 Moses

1042 1766 1112 1794 dixit
1130 1775 1137 1794 :
1158 1766 1221 1794 Ηαξε
1245 1770 1283 1794 εει
1306 1774 1359 1793 nam
1381 1766 1561 1801 promissionis
1576 1764 1635 1798 Dei,
1663 1765 1703 1792 sic
1719 1772 1830 1800 quoque

1042 1811 1179 1844 Christus,
1203 1811 1297 1838 oblato
1314 1810 1367 1838 sibi
1392 1810 1465 1838 libro
1488 1810 1515 1838 in
1540 1810 1691 1846 Synagoga,
1712 1814 1742 1837 ut
1758 1810 1828 1838 scri-

1043 1862 1120 1892 ptum
1140 1861 1193 1888 est,
1214 1855 1361 1891 appellavit
1384 1864 1485 1883 annum
1502 1855 1607 1883 Domini
1631 1855 1828 1890 acceptabilem,

1046 1903 1125 1938 150
1139 1907 1163 1930 et
1180 1903 1248 1929 diem
1265 1903 1452 1937 redemptionis
1466 1902 1486 1929 '.
1500 1901 1540 1929 lbi
1560 1909 1613 1928 nox
1628 1901 1828 1933 retributionis,

1044 1948 1090 1975 hic
1103 1948 1163 1976 dies
1181 1947 1396 1982 redemptionis;
1415 1951 1443 1975 et
1459 1947 1568 1975 merito.
1581 1946 1678 1974 Omnia
1695 1945 1768 1974 enim
1783 1946 1830 1974 illa

1044 2000 1125 2030 typus
1139 1998 1218 2022 erant
1230 1998 1259 2021 et
1269 1993 1367 2021 umbra
1379 1993 1514 2025 veritatis,
1530 1996 1559 2020 et
1576 1992 1689 2028 mystice
1705 1992 1831 2027 praeﬁgu-

1044 2044 1102 2066 rata
1116 2046 1210 2067 veram
1227 2038 1423 2066 describebant
1443 2038 1560 2065 salutem
1583 2037 1695 2065 inclusae,
1709 2037 1830 2065 tenebris

1043 2085 1151 2117 animae,
1168 2088 1251 2120 atque
1266 2084 1427 2119 compedita:
1445 2084 1515 2111 clam
1540 2083 1568 2111 in
1593 2083 1654 2110 lacu
1676 2083 1781 2114 intimo,
1802 2087 1831 2110 et

1044 2131 1118 2158 intus
1134 2130 1247 2158 inclusae
1260 2130 1348 2165 portis
1363 2129 1457 2162 aeneis.
1474 2133 1503 2157 et
1517 2137 1579 2164 quae
1592 2136 1646 2156 non
1665 2128 1752 2164 possit
1765 2128 1830 2156 abs-

1044 2182 1097 2210 que
1111 2174 1215 2203 Citriin
1234 2175 1424 2210 redemptione
1439 2174 1562 2202 liberari.

1079 2311 1112 2339 Χ.
1124 2312 1225 2340 Educit
1238 2310 1321 2347 igitur
1330 2311 1450 2338 animam
1463 2318 1497 2338 ex
1508 2309 1634 2345 Egypto.
1646 2313 1685 2341 et,
1697 2316 1749 2344 qua
1761 2308 1788 2335 in
1797 2314 1830 2335 ea

1043 2357 1230 2392 premebatur.
1245 2357 1390 2387 servitute,
1403 2355 1594 2391 primogenitis
1605 2354 1665 2389 ejus
1677 2352 1830 2380 interfectis

1043 2402 1072 2429 in
1085 2409 1210 2437 egressu.
1225 2401 1286 2429 Jam
1304 2401 1378 2428 enim
1399 2408 1462 2436 pars
1482 2400 1606 2435 quaedam
1628 2397 1757 2434 potentiae
1769 2397 1829 2424 veri

1045 2447 1196 2475 Pharaonis
1213 2446 1317 2474 interit.
1334 2446 1437 2473 Luctus
1452 2449 1569 2480 occupat
1588 2443 1739 2479 Egyptios.
1752 2443 1829 2478 lnge-

1045 2490 1164 2518 miscunt
1186 2490 1260 2517 enim
1281 2490 1434 2517 contristati
1451 2490 1486 2518 de
1512 2490 1600 2517 salute
1621 2488 1732 2523 captivi.
1746 2488 1829 2515 lubet

1045 2540 1141 2563 mutuo
1155 2535 1281 2570 accipere
1290 2535 1325 2562 ab
1334 2535 1469 2570 Egyptiis
1477 2542 1541 2562 vasa
1551 2541 1634 2561 aurea
1645 2539 1673 2561 et
1683 2537 1826 2569 argentea;

1044 2587 1072 2610 et
1088 2582 1121 2609 iis
1136 2581 1258 2617 acceptis
1272 2581 1377 2616 egredi.
1399 2580 1506 2615 Accipit
1524 2580 1610 2613 enim,
1629 2578 1773 2614 egrediens
1794 2585 1829 2604 ex

1045 2627 1167 2655 tenebris
1186 2627 1288 2658 anima,
1303 2630 1430 2662 argentea
1450 2629 1479 2653 et
1500 2632 1582 2652 aurea
1600 2632 1674 2655 vasa.
1687 2624 1827 2656 videlicet,

1043 2680 1107 2700 suas
1121 2672 1221 2707 probas
1235 2671 1415 2707 cogitationes
1435 2671 1562 2706 septuplo
1579 2670 1751 2700 fervidiores.
1764 2668 1829 2704 qui-

1042 2718 1095 2745 bus
1109 2718 1279 2745 ministratur
1294 2718 1360 2749 Deo,
1372 2721 1399 2744 ct
1412 2717 1440 2744 in
1452 2717 1552 2752 quibus
1563 2716 1635 2744 Deus
1645 2715 1826 2751 conquiescit.

1042 2764 1328 2799 Disperserantcnim,
1350 2763 1398 2798 qui
1418 2764 1496 2799 prius
1517 2762 1601 2791 vicini
1623 2762 1649 2790 ei
1664 2766 1754 2795 erant,
1771 2761 1841 2788 ἀπο-η

1614 2904 1653 2934 26
