2079 3152
251 145 308 178 113

882 143 914 173 S.
934 140 1093 172 MACARII
1111 139 1270 170 BGYPTII

1825 138 1880 170 801

251 205 362 232 mones,
381 203 409 227 et
429 202 596 234 occuparant
617 204 650 225 ac
669 196 835 232 dissiparant
855 196 1036 231 cogitationes

1088 202 1137 220 σαν
1146 193 1201 228 γὰρ
1214 193 1239 220 οἱ
1261 192 1480 227 γειτονεύσαντες
1496 191 1564 227 αὐτῇ
1584 190 1721 226 δαίμονες,
1737 191 1786 219 καὶ
1812 201 1880 220 κατ-

249 245 320 280 ejus.
337 244 418 272 Beata
441 244 541 275 anima,
557 251 619 278 quae
634 243 774 279 redempta
797 247 839 270 est
862 249 878 269 e
897 241 1035 269 tenebris!

248 289 284 316 Et
298 296 338 316 va
359 289 467 317 animae.
482 296 542 322 qua:
564 295 617 315 non
640 288 741 315 clamat
764 295 817 314 nec
833 285 989 322 ingemiscit
1003 284 1037 312 ad

247 341 322 366 eum,
338 334 385 369 qui
407 337 499 368 potest
519 340 587 360 eam-
605 333 723 361 liberare
747 340 763 360 a
786 332 910 360 molestis
932 331 991 359 illis
1007 335 1037 358 et

248 379 356 407 acerbis
369 386 483 414 operum
497 378 687 406 exactoribus!

282 466 330 494 XI.
346 467 457 494 Abeunt
478 467 526 494 filii
543 467 625 494 Israel
643 466 781 494 celebrato
793 465 906 494 Pascha.
926 466 1038 494 Proﬁcit

249 514 350 545 anima,
364 521 425 548 qua
439 514 545 548 accepit
557 513 640 540 vitam
658 513 745 540 sancti
759 512 890 548 Spiritus,
905 511 1036 547 degusta-

249 557 290 585 vlt
303 565 414 592 agnum,
427 558 542 593 ejusque
557 558 690 593 sanguine
707 562 791 585 uncta
804 562 860 590 est,
876 561 904 584 et
917 556 1038 602 comedit

251 611 346 630 verum
370 611 479 638 panem,
502 603 622 631 Verbum
636 604 739 630 vivum.
761 603 894 631 Columna
921 603 992 638 ignis
1009 608 1038 631 et

249 647 377 675 columna
400 648 483 676 nubis
504 648 566 676 illos
582 648 713 684 praecedit
727 649 886 677 custodiens
899 649 910 665 ⁸
927 657 934 676 :
950 649 1037 684 Spiri-

249 700 295 723 tus
310 700 423 723 sanctus
441 695 562 723 sull'ulsit
583 696 644 728 hos,
658 695 754 724 fovens
766 700 794 724 et
810 696 932 732 dirigens
950 697 976 724 in
993 697 1037 724 in-

250 741 400 776 telligentia
413 741 542 769 animam.
556 741 662 770 Pharao
675 746 703 769 et
713 741 831 777 Algyptii
847 742 1036 770 animadversa

249 787 343 822 populi
360 787 503 815 lsraelitici
515 787 594 823 fuga,
608 795 692 822 seque
710 788 826 815 servitio
833 795 930 815 eorum
945 788 1037 823 privap

250 836 318 864 tum,
329 836 357 859 et
373 837 435 868 post
446 833 692 868 primogenitorum
707 832 925 860 interfectionem
940 840 1035 868 perse-

249 877 299 912 qui
311 877 388 904 illum
403 885 486 906 ausus
495 880 553 905 est.
567 877 741 905 Festinanter
754 885 821 913 ergo
836 878 965 905 curribus
981 877 1038 905 suis
1055 870 1075 897 Β

247 923 369 958 junctis,
390 930 452 950 cum
477 923 553 950 omni
577 923 680 958 populo
700 923 734 950 ad
758 930 806 951 eos
832 923 1041 951 interficiendos

252 967 444 1002 impellebatur
459 976 466 995 :
476 968 643 1004 jamjamque
666 968 790 996 futurum
814 975 876 996 cum
897 973 986 1001 esset,
1007 973 1038 996 ut

251 1013 463 1048 permisceretur
477 1014 528 1046 eis,
545 1013 701 1042 intercessit
713 1014 801 1042 nubes
815 1015 842 1042 in
861 1014 962 1047 medio,
977 1022 1040 1050 quae

252 1059 303 1086 hos
313 1059 425 1093 quidem
442 1059 564 1086 tenebris
574 1059 690 1087 obrutos
703 1060 885 1095 impediebat;
901 1060 962 1088 illos
972 1068 1037 1089 vero

249 1104 312 1131 luce
321 1104 440 1132 ducebat
449 1108 478 1132 et
489 1105 680 1133 conservabat.
699 1106 732 1133 Et
747 1112 782 1133 ne
798 1106 941 1134 historiam
953 1111 1037 1135 totam

250 1149 379 1177 evolvens
400 1150 550 1185 producam
571 1151 681 1186 longius
698 1159 863 1184 sermonem,
878 1159 955 1180 sume
971 1152 1038 1180 mihi

250 1201 300 1229 per
314 1194 406 1222 omnia
421 1195 635 1223 similitudinem
646 1196 681 1223 ad
695 1203 738 1223 res
753 1196 921 1231 spirituales.

285 1287 344 1316 XII.
354 1288 441 1321 Quam
452 1288 572 1322 primum
584 1289 657 1316 enim
672 1289 762 1317 anima
775 1289 918 1326 Egyptios
931 1291 1038 1327 effugit,

250 1333 384 1360 accedens
398 1333 490 1360 divina
505 1335 627 1368 potentia
648 1334 811 1369 opitulatur,
825 1335 965 1363 deducens
978 1344 1038 1364 eam

251 1378 285 1406 ad
306 1379 462 1406 veritatem.
482 1379 537 1406 Ubi
555 1387 621 1406 vero
643 1380 802 1415 cognoverit
824 1381 976 1415 spiritualis
992 1382 1039 1409 illc

251 1423 367 1456 Pharao,
384 1431 432 1450 rex
447 1424 623 1451 tenebrarum
638 1425 757 1460 peccati,
771 1425 888 1453 deficere
903 1434 918 1453 a
939 1434 967 1454 se
981 1427 1040 1454 ani-

251 1477 335 1501 mam,
357 1473 386 1496 et
407 1469 529 1504 eﬂugere
555 1471 632 1505 regni
658 1471 701 1498 sui
724 1471 914 1506 cogitationes,
937 1473 1039 1508 quibus

252 1514 318 1542 olim
344 1515 519 1542 detinebatur
538 1515 591 1551 (ha;
611 1516 683 1543 enim
701 1522 766 1544 sunt
786 1518 846 1553 ejus
866 1518 1036 1554 facultates);
1050 1530 1072 1561 ρ

253 1560 419 1587 existimavit
434 1568 465 1588 ac
485 1568 561 1595 spem
583 1561 636 1588 sibi
656 1561 722 1589 fecit
735 1562 876 1590 horribilis
893 1563 949 1595 ille,
963 1564 1036 1591 illam

253 1612 424 1633 mversuram
449 1605 486 1632 ad
515 1613 556 1633 se.
590 1606 642 1634 Ubi
665 1614 731 1634 vero
755 1607 889 1635 intellexit
919 1609 1037 1636 animam

253 1650 364 1677 omnino
377 1651 479 1678 evitare
492 1658 569 1678 suam
588 1652 769 1687 tyrannidem,
784 1653 857 1681 aede
871 1654 1039 1689 primogeni-

255 1702 343 1723 torum
357 1701 385 1724 et
398 1697 472 1724 furto
488 1697 685 1733 cogitationum
704 1698 892 1734 impudentius
908 1700 1037 1733 accurrit,

253 1742 358 1769 veritus
381 1750 415 1770 ne
438 1742 527 1770 forsan
552 1743 644 1770 anima‘
656 1751 770 1778 prorsus
784 1744 948 1780 eﬂ‘ugiente,
958 1753 1039 1774 nemo

255 1786 418 1821 reperiatur,
433 1787 481 1822 qui
496 1787 664 1816 voltmlatem
680 1794 709 1816 et
731 1797 801 1824 opus
817 1797 898 1818 suum
915 1790 1036 1826 impleat.

254 1831 431 1867 Persequitur
450 1840 516 1868 ergo
536 1841 597 1861 eam
615 1833 824 1868 afﬂictionibus,
841 1836 1040 1864 tentationibus

253 1883 286 1904 ac
299 1877 379 1905 bellis
400 1878 596 1907 invisibilibus.
612 1878 663 1907 Hic
676 1880 818 1915 probatur,
843 1881 888 1909 hic
906 1886 1037 1916 tentatur,

253 1922 298 1950 hic
309 1927 422 1958 apparet
436 1932 522 1956 amor,
537 1933 592 1960 quo
605 1932 679 1959 eum,
693 1926 739 1961 qui
753 1927 847 1954 eduxit
861 1935 894 1954 cx
909 1927 1038 1964 lEgypto,

252 1969 453 2003 complectitur,
478 1970 614 2004 siquidem
639 1971 767 2004 traditur,
787 1977 818 2000 ut
849 1973 993 2008 probetur,
1010 1978 1040 2002 et

255 2015 336 2043 variis
350 2015 439 2043 modis
452 2019 581 2044 tentetur.

290 2145 360 2174 Xlll.
376 2146 458 2174 Videt
471 2147 544 2175 enim
568 2148 724 2177 facultatem
739 2150 829 2179 hostis
843 2152 980 2180 volentem
1000 2153 1039 2180 ir-

1097 240 1179 275 έσχον
1189 239 1237 266 καὶ
1248 239 1426 266 διεσκέδασαν
1441 237 1488 264 τοὺ
1495 237 1644 272 λογισμοὺς
1658 237 1756 273 αὐτῆς.
1777 239 1877 265 Μακα-

1089 285 1134 321 ρία
1149 286 1166 320 ἡ
1185 284 1258 320 ψυχὴ
1277 285 1295 319 ἠ
1306 282 1475 317 λυτρωθεῖσα
1492 284 1524 309 ὲκ
1536 283 1583 310 τοῦ
1599 282 1710 314 σκότους
1720 291 1728 299 ι
1755 284 1803 309 καὶ
1816 284 1879 310 οὐαὶ

1088 331 1161 367 ψυχῇ
1177 332 1210 367 τῇ
1228 330 1267 366 μὴ
1281 330 1382 365 βοὼσῃ,
1398 329 1446 356 καὶ⁵
1467 328 1634 365 στεναςούσῃ
1647 329 1717 365 πρὸς
1739 330 1786 356 τὸν
1799 330 1879 357 δυνά-

1089 385 1173 412 μενον
1190 376 1323 412 ρύσασθαι
1336 376 1420 411 αὐτὴν
1432 376 1487 403 ἀπὸ
1495 375 1552 403 τῶν
1566 376 1693 412 χαλεπῶν
1708 376 1820 403 ἐκείνων
1831 377 1880 403 καὶ

1088 422 1196 457 πικρῶν
1212 421 1413 457 ἑργοδιωκτῶν.

1124 468 1176 495 ΙΔ’.
1189 467 1366 502 Ἀπαίρουσιν
1376 466 1430 493 υἱοὶ
1437 466 1546 502 Ἰσραὴλ
1558 466 1588 493 τὺ
1599 466 1695 501 ῐιάσχα
1706 466 1879 501 ποιήσαντες.

1089 513 1246 549 Προκόπτει
1263 513 1280 548 ἡ
1291 512 1376 548 ψυχὴ,
1388 511 1510 539 λαὸοῦσα
1530 512 1603 547 ζωὴν
1615 511 1773 546 Πνεύματος
1787 512 1877 545 ἁγίου,

1087 559 1135 586 καὶ
1148 558 1362 593 ἀπογευσαμένη
1377 557 1423 584 τοῦ
1436 557 1542 591 ἀρνίου,
1558 557 1606 583 καὶ
1620 556 1762 592 χρισθεῖσα
1783 556 1822 591 τῷ
1836 557 1880 582 ατε

1089 612 1154 640 ματι
1178 604 1271 636 αὑτοῦ,
1289 604 1336 631 καὶ
1356 603 1484 638 φαγοῦσα
1499 603 1546 629 τδν
1566 602 1693 636 ἀληθινὸν
1713 602 1805 636 ἀρτον,
1834 601 1883 628 τὸν

1090 649 1181 682 ζῶντα
1192 650 1289 684 Λόγον.
1303 649 1403 679 Στύλος
1414 648 1499 684 πυρὸς
1513 648 1561 675 καὶ
1573 647 1668 680 στύλος
1682 648 1796 682 νεφέλης
1808 647 1880 674 ἐκεί-

1087 704 1141 723 νων
1153 697 1315 731 προηγεῖται
1328 694 1471 729 φυλάττων
1483 703 1490 709 ·
1504 694 1535 720 τὺ
1547 694 1661 729 Πνεῦμα
1676 694 1707 720 τὸ
1723 694 1801 727 ἇγιον
1811 694 1878 720 ὐπορ

1090 740 1214 776 στηρίξει
1230 741 1351 774 τούτους,
1380 739 1482 767 θάλπον
1498 739 1545 766 καὶ
1562 739 1677 774 ὁδηγοῦν
1699 740 1730 766 ὲν
1753 739 1882 774 αἰσθήσει

1088 787 1137 824 τὴν
1155 787 1254 823 ψυχήν.
1272 787 1358 819 Γνοὺς
1376 786 1477 822 Φαραὼ
1494 786 1541 813 καὶ
1561 786 1590 812 of
1603 786 1748 820 Αἰγύπτιοι
1769 786 1818 821 τήν
1830 785 1878 812 τοῦ

1088 833 1154 860 λαοῦ
1179 833 1281 868 φυγὴν,
1293 833 1341 860 καὶ
1353 832 1402 868 τὴν
1417 833 1449 859 ἐκ
1464 831 1515 864 τῆς
1531 831 1654 864 δουλείας
1674 830 1765 858 αὐτῶν
1782 831 1879 866 στέρη-

1090 889 1142 913 σιν,
1156 880 1203 907 καὶ
1218 880 1288 915 μετά
1298 879 1348 914 τὴν
1355 878 1410 905 τῶν
1420 877 1600 913 πρωτοτόκων
1608 877 1757 912 ἀναίρεσιν,
1771 876 1883 903 διώκειν

1089 927 1236 962 ἐθάρσησε.
1253 925 1360 961 Σπουδῇ
1376 925 1431 960 γὰρ
1442 923 1539 956 ζεύξας
1550 922 1585 950 τὰ
1596 923 1707 958 ἅρματα
1721 921 1812 951 αὐτοῦ.
1832 922 1879 948 καὶ

1091 971 1163 1007 μετὰ
1174 971 1275 1002 παντὸς
1286 970 1333 997 τοῦ
1350 970 1415 996 λαοῦ
1433 970 1476 996 ἐπ’
1490 969 1589 1000 αὐτοὺς
1613 967 1721 994 ἀνελεῖν
1733 967 1878 1002 ἠπείγετο·

1089 1018 1139 1053 ἤδη
1161 1017 1305 1053 μέλλοντος
1328 1015 1530 1051 ἀναμίγνυσθαι
1543 1014 1646 1046 αὐτοῖς,
1665 1013 1757 1040 ἵστατο
1778 1012 1878 1048 νεφέλη

1089 1063 1118 1090 ἑν
1134 1063 1219 1098 μέσῳ,
1247 1063 1303 1094 τοῖς
1326 1062 1377 1097 μὲν
1393 1061 1575 1098 ἐμποδίζουσα
1598 1060 1644 1087 καὶ
1659 1059 1879 1092 ὲπισκστίςουσα,

1089 1108 1153 1140 τοὺς
1166 1108 1195 1134 δὲ
1209 1106 1416 1142 φωταγωγοῦσά
1438 1115 1469 1133 τε
1485 1107 1534 1133 καὶ
1557 1106 1740 1140 φυλάττουσα.
1760 1106 1814 1132 Καὶ
1836 1105 1881 1132 ἵνα

1091 1153 1128 1189 μὴ
1144 1153 1194 1189 τὴν
1208 1153 1327 1188 ἱστορίαν
1338 1152 1449 1179 ἅπασαν
1462 1151 1620 1184 ἀνελίττων,
1642 1151 1755 1186 μηκύνω
1767 1150 1813 1177 τὸν
1836 1150 1884 1176 λό-

1088 1206 1148 1232 γον,
1166 1197 1232 1225 λάβε
1245 1207 1290 1233 μοι
1303 1198 1332 1225 ιν
1347 1198 1414 1225 πᾶσι
1427 1198 1480 1233 τὴν
1489 1197 1649 1233 παραδολὴν
1663 1196 1730 1232 πρὸς
1742 1196 1777 1223 τὰ
1794 1204 1878 1223 πνευ-

1090 1245 1206 1279 ματικά.

1125 1288 1175 1317 IB‘.
1194 1289 1280 1316 Ὀταν
1305 1287 1361 1324 γὰρ
1373 1288 1481 1324 πρῶτον
1505 1289 1522 1315 ἢ
1535 1287 1607 1323 ψυχὴ
1631 1288 1695 1320 τοὺς
1715 1286 1885 1322 Αἰγυπτίους

1089 1335 1230 1370 ἀποφύγῃ,
1246 1334 1432 1369 προσελθοῦσα
1454 1335 1471 1370 ή
1486 1333 1535 1361 τοῦ
1562 1333 1629 1361 Θεοῦ
1647 1333 1761 1368 δύναμις
1787 1333 1884 1368 βοηθεέ

1089 1378 1226 1414 ὀδηγοῦσα
1237 1379 1322 1414 αὐτὴν
1336 1379 1383 1406 ἐπὶ
1400 1378 1450 1414 τὴν
1467 1379 1606 1414 ἀλήθειαν.
1622 1378 1705 1410 Γνοὺς
1727 1378 1756 1404 δὲ
1766 1377 1781 1403 ὸ
1795 1386 1879 1404 πνευ-

1091 1425 1203 1460 ματικὸς
1214 1424 1324 1460 φαραὼ.
1338 1425 1357 1451 ὸν
1365 1425 1492 1459 βασιλεὺς
1515 1424 1562 1451 τοῦ
1588 1424 1701 1455 σκότους
1717 1423 1768 1458 τῆς
1791 1424 1881 1458 ἀμαρ-

1089 1471 1159 1504 τίας,
1183 1471 1224 1497 ὅτι
1253 1471 1399 1506 ἀφίσταται
1418 1470 1531 1506 αὑτοῦὴ
1557 1470 1642 1505 ψυχὴ,
1658 1470 1706 1496 καὶ
1726 1468 1878 1503 ἀποφεύγει

1089 1518 1137 1552 τῆς
1155 1516 1293 1552 βασιλείας
1302 1515 1384 1542 αὑτοῦ
1400 1516 1464 1548 τοὺς
1481 1515 1630 1551 λογισμοὺς
1661 1514 1745 1542 πάλαι
1762 1522 1878 1548 κατεχο⁴

1090 1563 1203 1598 μένους·
1218 1562 1305 1589 ταῦτα
1331 1562 1386 1597 γὰρ
1407 1561 1490 1588 αὑτοῦ
1507 1561 1543 1588 τὰ
1557 1562 1730 1596 ὑπάρχοντα·
1755 1560 1876 1587 ὑπέλαϐε

1087 1608 1134 1634 καὶ
1149 1608 1262 1643 ἤλπισεν
1277 1607 1294 1632 ὁ
1314 1606 1410 1638 δεινὸς,
1439 1606 1523 1633 πάλιν
1540 1606 1626 1641 αὐτὴν
1650 1604 1789 1632 ἐπανιέναι
1807 1603 1878 1639 πρὸς

1088 1653 1180 1680 αὐτόν.
1196 1651 1298 1679 Μαθὼν
1311 1651 1350 1684 δὲ,
1366 1651 1406 1678 ὅτι
1424 1653 1582 1678 παντάπασι
1604 1651 1700 1686 φεύγει
1720 1649 1769 1686 τὴν
1789 1658 1880 1677 καταω

1087 1698 1246 1724 δυναστείαν
1263 1696 1346 1723 αὐτοῦ
1362 1698 1378 1732 ὴ
1394 1697 1478 1732 ψυχὴ,
1504 1697 1553 1732 τῆς
1568 1697 1675 1731 σφαγῆς
1695 1696 1749 1723 τῶν
1773 1704 1884 1731 πρωτο--

1087 1743 1176 1770 τόκων
1193 1744 1239 1770 καὶ
1252 1743 1355 1778 κλοπῆς
1368 1744 1423 1770 τῶν
1435 1743 1572 1778 λογισμῶν
1584 1743 1774 1777 ἀναιδέστερον
1792 1750 1878 1777 προσ-

1089 1789 1198 1825 έδραμε,
1227 1789 1356 1824 φοϐηθεὶς
1380 1789 1484 1824 μήποτε
1508 1789 1558 1824 τῆς
1582 1788 1673 1824 ψυχῆς
1702 1787 1876 1823 ἑκφυγούσης

1089 1833 1240 1866 παντελῶς,
1264 1833 1350 1865 οὐδεὶς
1375 1834 1485 1869 εὑρεθῇ,
1512 1834 1530 1859 ὸ.
1542 1833 1574 1860 τὸ
1597 1833 1702 1869 θέλημα
1724 1832 1806 1859 αὑτοῦ
1829 1833 1883 1859 καὶ.

1088 1879 1119 1906 τὸ
1132 1879 1212 1916 ἔργον
1229 1879 1383 1915 ἐκπληρῶν.
1398 1878 1568 1906 Καταδιώκει
1586 1879 1671 1915 αὐτὴν
1694 1879 1738 1906 διὰ
1759 1878 1881 1913 θλίψεων

1089 1926 1136 1952 καὶ
1164 1925 1333 1961 πειρασμῶν,
1358 1925 1405 1951 καὶ
1427 1925 1555 1960 πολέμων
1577 1925 1718 1960 ἀοράτων-
1743 1924 1876 1951 Ἐνταῦθα

1089 1970 1277 2005 δοκιμάζεται,
1297 1970 1413 1997 ἐνταῦθα
1434 1970 1605 2006 πειράζεται,
1619 1971 1735 1998 ἐνταῦθα
1752 1971 1876 2006 φαίνεται

1089 2017 1106 2050 ἡ
1129 2016 1198 2051 πρὸς
1220 2017 1265 2043 τὸν
1287 2016 1418 2049 ἐξάγοντα
1443 2016 1528 2052 αὐτὴν
1554 2016 1584 2050 ἐξ
1609 2017 1748 2052 Αἰγύπτου
1761 2018 1879 2053 ἀγάπη*

1089 2062 1263 2098 παραδίδοται
1277 2062 1332 2097 γὰρ
1341 2062 1539 2097 δοκιμασθῆναι
1551 2063 1598 2089 καὶ
1609 2062 1791 2098 πειρασθῆναι
1808 2071 1878 2089 παν.

1089 2108 1224 2139 τοδαπῶς.

1126 2153 1175 2181 ιῐν.
1191 2154 1296 2190 Θεωρεῖ
1308 2155 1364 2191 γὰρ
1378 2155 1430 2190 τὴν
1441 2154 1556 2190 δύναμιν
1569 2155 1617 2182 τοῦ
1632 2154 1731 2191 ἐχθροῦ
1746 2154 1877 2190 βουλομέ-

255 2199 335 2219 ruere
348 2196 376 2219 et
389 2193 555 2227 interﬁcere,
567 2202 618 2222 nec
632 2199 720 2222 tamen
735 2204 828 2231 posse;
842 2197 950 2225 medius
961 2198 1035 2226 enim

1088 2207 1136 2233 νην
1156 2199 1294 2232 ἐπελθεῖν,
1307 2201 1355 2226 καὶ
1369 2200 1528 2227 θανατῶσαι
1550 2200 1596 2226 καὶ
1620 2201 1657 2236 μὴ
1681 2200 1877 2235 ἐξίει-κύουσαν⁸

255 2237 326 2264 inter
341 2244 400 2264 eam
415 2243 443 2265 et
459 2237 601 2273 Egyptios
616 2239 730 2274 spiritus
745 2242 872 2269 consistit
894 2243 1037 2271 Dominus.

254 2282 364 2317 Spectat
383 2287 475 2310 autem
496 2285 530 2311 ab
552 2284 675 2312 interiori
691 2290 767 2321 parte
782 2294 856 2314 mare
873 2288 1037 2316 amaritudi-

253 2327 296 2354 nis
318 2332 346 2354 et
360 2327 515 2356 allliclionis
529 2333 578 2356 aut
589 2330 807 2365 desperationis;
825 2336 853 2359 et
874 2340 927 2359 nec
941 2333 968 2360 in
987 2340 1037 2368 po-

253 2373 368 2401 steriora
381 2374 529 2409 quidquam
550 2375 657 2404 edicere
681 2381 788 2411 potest;
805 2378 905 2413 quippe
920 2387 981 2414 qua:
996 2379 1038 2406 vi-

252 2419 316 2447 deat
343 2419 418 2455 151
447 2421 540 2449 hostes
570 2427 726 2457 promptos;
760 2431 812 2451 nec
840 2424 867 2451 in
898 2425 1037 2452 anteriora

253 2465 396 2498 secedere;
419 2471 509 2494 metus
529 2468 604 2494 enim
627 2469 733 2502 mortis,
749 2474 777 2496 et
792 2477 889 2504 graves
912 2471 1041 2498 acvariaa

252 2510 427 2545 alllictiones,
439 2513 541 2547 quibus
553 2513 751 2547 circumdatur,
765 2519 881 2543 mortem
893 2516 929 2544 ob
943 2517 1038 2545 oculos

251 2556 277 2583 ei
300 2561 416 2591 ponunt.
445 2557 582 2593 Desperat
607 2567 672 2594 ergo
694 2559 728 2586 de
756 2567 786 2587 se
817 2560 896 2594 ipsa,
925 2568 1038 2589 senten-

252 2601 317 2629 tiam
333 2603 430 2630 mortis
444 2603 473 2630 in
492 2611 521 2631 se
539 2604 653 2638 habens,
668 2605 771 2638 anima,
788 2610 900 2641 propter
915 2607 1037 2635 circum—

251 2646 370 2674 dantem'
383 2648 455 2675 illam
471 2650 605 2677 malorum
624 2651 841 2680 multitudinem.
858 2653 892 2681 Et
908 2654 954 2681 ubi
969 2662 1036 2682 con-

252 2693 371 2726 spexerit
385 2693 456 2721 Deus
467 2699 541 2722 metu
555 2696 650 2723 mortis
662 2697 761 2724 collabi
773 2700 903 2732 animam,
917 2700 1042 2728 hostem-

253 2745 306 2771 que
328 2738 362 2765 ad
389 2747 451 2767 eam
476 2740 675 2771 absorbendam
701 2745 955 2780 promptissimum,
979 2751 1039 2774 tum

287 2829 302 2844 "
314 2829 399 2858 Exod.
418 2839 471 2864 .\I\',
484 2831 526 2864 19,
541 2833 588 2860 20.

1092 2245 1175 2279 μέσος
1188 2245 1242 2281 γὰρ
1258 2246 1343 2281 αὐτῆς
1360 2246 1407 2272 καὶ
1417 2246 1470 2272 τῶν
1479 2246 1634 2280 Αἰγυπτίων
1643 2246 1785 2280 πνεύματα
1798 2246 1877 2281 ’έστη-

1089 2298 1136 2317 κεν
1152 2291 1263 2326 Κύριος,
1281 2291 1386 2327 Θεωρεῖ
1397 2291 1426 2318 δὲ
1446 2292 1492 2318 καὶ
1505 2291 1658 2327 ἔμπροσθεν
1674 2291 1812 2319 θάλασσαν
1829 2300 1875 2317 πι-

1089 2337 1170 2372 κρίας
1188 2337 1236 2363 καὶ
1254 2337 1379 2372 θλίψεως,
1396 2337 1414 2373 ἢ
1436 2337 1627 2372 ἀπογνώσεως,
1645 2338 1693 2364 καὶ
1708 2337 1768 2364 οὔτε
1786 2338 1825 2368 είς
1841 2337 1875 2363 τὰ

1088 2381 1178 2408 ὀπίσω
1193 2382 1292 2409 ἀνύσαι
1311 2382 1408 2418 ἰσχύει,
1430 2383 1522 2418 ὁρῶσα
1536 2383 1660 2417 ἑτοίμους
1674 2384 1735 2414 τοὺς
1750 2383 1878 2418 ἐχθροὺς,

1087 2427 1148 2454 οὔτε
1164 2429 1204 2459 εἰς
1218 2428 1253 2454 τὰ
1269 2428 1423 2464 ἔμπροσθεν
1437 2430 1560 2464 χωρῆσαι
1572 2437 1578 2444 ·
1591 2429 1677 2455 δειλία
1688 2429 1744 2464 γὰρ
1758 2429 1873 2456 θανάτου

1088 2475 1134 2499 καὶ
1154 2473 1258 2508 θλίψεις
1272 2475 1356 2501 δειναὶ
1370 2475 1417 2501 καὶ
1439 2475 1560 2502 ποικίλαι
1585 2475 1771 2511 περιέχουσαι,
1795 2475 1878 2503 θάνα-

1085 2527 1132 2545 τον
1143 2519 1348 2555 ὸρᾷνποιοῦσιν.
1361 2520 1519 2548 Ἀπευδοκεί
1530 2519 1576 2548 οὗν
1586 2522 1724 2557 ἐαυτὴντὺ
1731 2522 1877 2557 ἀπόκριμα

1086 2565 1133 2591 τοῦ
1145 2565 1261 2592 θανάτου
1280 2566 1308 2592 ὲν
1322 2567 1404 2602 ἑαυτῇ
1417 2566 1516 2602 ἔχουσα
1532 2568 1553 2603 ἡ
1568 2567 1652 2603 ψυχὴ,
1679 2568 1723 2595 διὰ
1741 2568 1787 2595 τὸν
1798 2578 1876 2604 περι-

1088 2611 1265 2638 κυκλώσαντα
1273 2613 1359 2646 αὐτὴν
1366 2613 1420 2639 τῶν
1440 2614 1565 2648 πονηρῶν
1578 2615 1672 2649 ἑσμόν.
1686 2615 1741 2642 Καὶ
1768 2615 1876 2642 ἐπειδὰν

1090 2657 1134 2694 ιδῃ
1149 2658 1163 2684 ὁ
1180 2657 1247 2690 Θεὸς
1265 2659 1352 2695 δειλία
1364 2659 1481 2686 θανάτου
1493 2660 1696 2696 περιπεσοῦσαν
1711 2661 1760 2697 τὴν
1774 2661 1876 2696 ψυχήν

1090 2703 1137 2729 καὶ
1165 2702 1210 2730 τὸν
1230 2703 1325 2740 ἐχθρὸν
1347 2707 1493 2732 καταπιεῖν
1518 2706 1603 2742 αὐτὴν
1625 2707 1741 2742 ἑτοίμως
1769 2707 1875 2743 ἔχοντα,

1091 2748 1153 2775 τότε
1178 2748 1207 2775 δὲ
1228 2749 1321 2777 δίδωσι
1345 2750 1447 2786 μικρὰν
1467 2751 1602 2787 βοήθειαν,
1629 2752 1813 2788 μακροθυμῶν
1831 2753 1876 2779 ἐπὶ
