2079 3152
196 176 249 207 805

779 174 962 205 llOMILl/li.
976 186 1010 191 —
1024 173 1118 203 non.
1138 151 1255 202 XLVll.

1772 179 1825 210 80ίὶ

195 233 246 267 τὴν
264 230 366 267 ψυχὴν,
381 230 428 259 καὶ
438 230 594 266 δοκιμάζων
608 230 701 263 αὑτὸν,
713 231 738 258 εἰ
752 233 786 266 τῇ
799 232 890 258 πίστει
902 231 983 265 ἐστη-

1038 217 1137 264 pmbet
1151 227 1265 263 quidem
1279 227 1409 263 exiguum
1421 227 1565 259 auxilium,
1580 226 1747 262 longanimis
1758 234 1822 263 erga

195 287 254 311 κεν,
269 278 294 305 εί
311 278 362 312 τὴν
382 277 493 312 ἀγάπην
514 278 564 312 τὴν
579 277 647 312 πρὸς
664 278 746 305 αὐτὸν
761 277 830 313 ἔχει.
848 278 984 313 Τοιαύτην

195 325 248 359 γὰρ
270 324 284 351 6
300 324 367 355 Θεὸς
391 324 467 351 ἔθετο
481 323 531 358 τὴν
549 323 616 356 ὁδὸν,
629 323 678 359 τὴν
693 324 852 358 ἀπάγουσαν
871 324 912 355 είς
934 324 984 358 τὴν

195 370 269 404 ζωὴν
282 370 352 405 μετὰ
365 369 482 403 θλίψεως
498 367 568 396 εἶναι
581 370 628 396 καὶ
645 369 837 405 στενοχωρίας,
855 369 902 396 καὶ
916 369 985 396 δοκι-

197 415 297 450 μασίας
324 415 435 450 πολλῆς,
461 416 508 443 καὶ
540 415 700 451 πειρασμῶν
727 416 910 450 πικροτάτων,
941 415 985 442 ἳνα

196 459 321 487 ἐντεῦθεν
343 461 501 496 καταντήσῃ
527 461 620 487 λοιπον
640 461 657 496 ἡ
672 459 746 496 ψυχὴ
761 461 805 488 διὰ
828 461 877 496 τὴν
897 461 984 497 ὑπερ-

197 505 348 533 ϐάλλουσαν
371 505 460 541 θλίψιν
476 506 583 533 καὶτὸν
607 506 673 542 ’παρ⁹
696 506 844 541 ὀφθαλμοῖς
859 507 984 535 θάνατον.

197 550 388 585 Τοτηνικαῦτα
415 550 488 585 χειρὶ¹
499 551 618 586 κραταιᾷ
634 551 681 577 καὶ
696 550 791 586 ὑψηλῷ
807 551 930 586 βραχίονι
942 551 987 578 διὰ

195 596 243 624 τοῦ
270 596 348 631 ἁγίου
367 597 526 632 Πνεύματος
545 597 595 632 τῆς
619 597 797 633 ὲπιλάμψεως
823 598 919 634 ρήσσει
936 598 986 634 τὴν

195 641 310 677 δύναμιν
337 641 385 668 τοῦ
406 642 530 674 σκότους,
559 642 607 669 καὶ
624 642 764 677 διέρχεται
787 643 804 678 ἠ
825 643 901 679 ψυχὴ
922 644 986 676 τοὺς

198 687 330 722 φοὸεροὺς
344 687 445 719 τόπους
464 687 635 722 ἑκφυγοῦσα,
653 688 702 715 καὶ
725 689 917 724 διαπεράσασα
935 689 987 725 τὴν

198 733 338 761 θάλασσαν
349 733 396 760 τοῦ
413 733 539 766 σκότους,
551 735 598 761 καὶ
612 734 659 761 τοῦ
672 736 823 770 παμφάγου
839 736 935 772 πυρός.

232 779 281 806 ῙΔ’.
294 778 386 806 Ταῦτα
398 779 534 814 μυστήριᾶ
543 780 602 806 ὲστι
611 780 701 815 ψυχῆς
714 780 821 816 ἀληθῶς
837 782 987 816 γιγνόμενα

198 826 228 852 ιν
238 825 373 860 ἀνθρώπῳ
383 825 562 857 σπουδάζοντι
576 826 665 853 ὲλθείν
676 827 747 863 πρὸς
757 828 807 863 τὴν
820 828 987 862 ἐπαγγελίαν

198 872 248 907 τῆς
260 871 346 906 ζωῆς,
360 872 409 898 καὶ
421 872 596 907 λυτρουμένῳ
609 873 642 899 ὲκ
654 873 705 908 τῆς
721 873 861 909 βασιλείας
874 874 922 901 τοῦ
940 875 988 902 θα-

198 917 288 950 νάτου,
304 917 352 944 καὶ
372 917 537 952 λαμϐάνοντι
562 918 711 954 ἀρραϐῶνα
735 920 812 955 παρὰ
834 919 913 953 Θεοῦ,
939 918 987 947 καὶ

199 961 340 997 μετέχοντι
355 962 514 998 Πνεῦματος
542 963 632 997 ἁγίου.
649 961 714 991 Εἶτα
729 964 858 999 ρυσθεϊσα
879 967 897 1001 ή
912 965 987 1001 ψυχὴ

198 1009 231 1034 ὲκ
244 1007 298 1035 τῶν
312 1007 419 1044 ἐχθρῶν
432 1008 527 1043 αὐτῆς,
540 1009 591 1035 καὶ
617 1009 667 1045 τὴν
682 1010 783 1045 πικρὰν
802 1010 941 1038 θάλασσαν
953 1012 986 1046 τῇ

198 1053 311 1089 δύναμει
331 1053 378 1080 ⁵τοῦ
394 1054 461 1081 Θεοῦ
476 1054 627 1088 διελθοῦσα,
655 1057 702 1082 καὶ
717 1056 808 1091 ὁρῶσα
824 1057 887 1089 τοὺς
908 1057 987 1084 πολε-

201 1099 279 1135 μίους
291 1100 492 1136 ἀπολλυμένους
505 1101 558 1137 πρὸ
567 1102 725 1138 ὀφθαλμῶν,
737 1099 777 1132 οἷς
790 1103 821 1130 τὸ
835 1103 900 1139 πρὶν
914 1103 988 1131 ἐδού-

199 1145 286 1178 λευεν,
296 1146 458 1180 ἁγαλλιᾶται
473 1147 547 1183 χαρᾷ
561 1147 748 1184 ἀνεκλαλήτῳ,
760 1149 809 1175 καὶ
823 1149 987 1185 δεδοξασμέ-

199 1197 244 1224 νη,
260 1190 493 1226 παρακαλουμένη
511 1192 564 1218 ὑπὸ
576 1191 622 1218 τοῦ
641 1192 719 1225 Θεοῦ,
735 1193 783 1220 καὶ
793 1194 988 1230 ἀναπαυομένη

199 1235 229 1260 ὲν
242 1235 346 1270 Κυρίῳ.
365 1236 431 1263 Τότε
446 1237 477 1263 τὺ
488 1237 597 1271 πνεῦμα
615 1238 684 1273 ὅπερ
701 1239 792 1271 ἔλασε,
809 1240 901 1267 καινδν
913 1239 990 1277 ᾆσμα

199 1279 239 1315 τῷ
257 1280 317 1316 Θεῷ
331 1281 399 1316 ᾅδει,
412 1282 455 1308 διὰ
469 1282 516 1309 τοῦ
528 1283 681 1318 τυμπάνου,
695 1285 781 1320 ἤγουν
788 1285 837 1312 τοῦ
850 1285 988 1321 σώματος,

200 1326 248 1354 καὶ
263 1327 318 1353 τῶν
329 1327 379 1362 τῆς
404 1327 531 1363 κιθάρας,
548 1329 609 1364 ἦτοι
636 1331 735 1366 ψυχῆς,
752 1331 870 1365 λογικῶν
885 1333 989 1368 χορδῶν

199 1371 247 1398 καὶ
276 1371 449 1399 λεπτοτάτων
465 1373 617 1409 λογισμῶν,
644 1375 753 1402 καὶτοῦ
781 1376 920 1412 πλήκτρου
939 1379 990 1413 τῆς

201 1415 277 1449 θείας
288 1417 411 1453 χάριτος,
439 1418 488 1444 καὶ
510 1419 668 1455 ἀναπέμπει
688 1421 781 1452 αῐνους
801 1421 840 1456 τῷ
864 1422 989 1458 ζωοποιῷ

200 1464 322 1499 Χριστῷ.
340 1464 385 1496 Ὠς
401 1465 456 1501 γὰρ
469 1465 514 1492 διὰ
528 1465 576 1492 τοῦ
591 1466 676 1493 αὐλοῦ
687 1466 718 1493 τὸ
729 1468 839 1503 πνεῦμα
850 1468 990 1504 διερχόμε-

200 1516 245 1534 νον
255 1508 342 1541 λαλεῖ,
355 1508 426 1536 οὕτω
447 1510 492 1537 διὰ
505 1510 559 1537 τῶν
577 1511 662 1545 ἁγίων
683 1511 731 1539 καὶ
757 1514 989 1549 πνευματοφόρων

1035 275 1165 307 animam,
1189 279 1217 302 et
1241 274 1361 309 probans
1383 281 1455 306 eam,
1480 281 1515 302 an
1537 274 1564 301 in
1590 273 1643 301 lide
1660 278 1723 307 stet,
1739 278 1768 301 et
1789 282 1824 302 an

1034 321 1210 349 dilectionem
1231 327 1297 356 erga
1320 327 1385 348 eum
1409 320 1519 348 habeat.
1544 320 1638 348 Talem
1657 320 1731 348 enim
1752 320 1826 347 Deus

1035 367 1181 395 constituit
1202 366 1289 399 viam,
1311 366 1495 394 deducentem
1517 366 1550 394 ad
1567 366 1662 399 vitam,
1682 366 1781 401 degere
1797 365 1826 393 in

1035 412 1193 445 alllictionc,
1210 412 1239 440 in
1254 412 1393 448 angustia;
1409 412 1437 440 in
1458 411 1619 447 probatione
1641 412 1738 444 multa,
1755 416 1783 439 et
1798 411 1826 438 iu

1037 458 1235 485 tentationibus
1250 457 1445 490 acerbissimis,
1462 462 1493 485 ut
1507 457 1572 485 inde
1588 462 1682 493 postea
1698 461 1826 485 occurrat

1035 504 1127 532 anima
1141 512 1191 540 per
1213 505 1352 540 ingentem
1369 503 1556 536 alllictionem,
1572 507 1601 531 et
1622 507 1738 531 mortem
1763 507 1828 531 ante

1037 549 1132 577 oculos
1155 550 1272 584 positam
1286 558 1292 576 :
1305 554 1371 577 tunc
1386 557 1469 576 manu
1483 549 1574 577 valida
1590 554 1618 577 et
1632 550 1741 578 excelso
1762 549 1828 577 bra-

1036 595 1101 623 chio
1126 595 1214 623 sancti
1241 595 1361 631 Spiritus
1385 595 1587 623 illuminatione
1613 595 1746 631 dirumpit
1771 596 1828 624 vim

1038 641 1225 674 tenebrarum,
1237 645 1265 668 et
1275 641 1375 669 transit
1388 641 1479 669 anima
1490 640 1628 669 horrenda
1639 641 1699 669 loca
1709 641 1827 674 evitans,

1037 692 1119 723 atque
1136 688 1278 725 trajiciens
1298 695 1373 716 mare
1395 688 1571 716 tenebrarum
1592 692 1622 716 et
1643 688 1715 724 ignis
1736 687 1829 716 omnia

1037 733 1206 762 devorantis.
1672 754 1683 769 ν

1073 779 1144 809 XIV.
1160 781 1224 809 Haec
1245 786 1310 809 sunt
1325 781 1455 818 mysteria
1475 780 1587 813 animae,
1602 787 1664 816 quat
1679 787 1744 808 vere
1759 780 1829 808 liunt

1038 826 1067 854 in
1085 826 1207 860 homine,
1223 827 1271 862 qui
1286 828 1428 856 contendit
1447 828 1593 863 pervenire
1613 827 1647 854 ad
1663 826 1829 862 promissam

1038 872 1139 906 vitam,
1165 878 1193 900 et
1217 873 1265 909 qui
1287 873 1422 902 liberatus
1445 881 1460 901 e
1485 881 1570 909 regno
1592 873 1708 906 mortis,
1730 872 1830 908 accipit

1039 918 1222 946 arrhabonem
1235 927 1251 947 a
1263 919 1331 952 Deo,
1344 919 1481 955 particeps
1496 919 1616 954 Spiritus
1627 919 1714 947 sancti
1728 918 1829 946 factus.

1038 964 1175 1000 Deinceps
1195 964 1312 992 liberata
1328 965 1362 992 ab
1384 965 1511 993 hostibus
1534 965 1592 992 suis
1613 964 1715 998 anima,
1729 964 1830 992 acerbo

1039 1011 1108 1038 mari
1125 1010 1228 1039 virtute
1241 1011 1336 1039 divina
1354 1011 1478 1046 traiecto,
1502 1011 1550 1038 ubi
1571 1011 1708 1046 conspicit
1724 1012 1829 1043 hostes,

1038 1056 1141 1092 quibus
1163 1060 1242 1085 antea
1267 1056 1452 1089 lnserviebat,
1475 1061 1540 1084 ante
1556 1057 1651 1084 oculos
1670 1057 1829 1089 interiisse.

1037 1102 1157 1130 exsultat
1173 1102 1273 1138 gaudio
1292 1102 1437 1136 inell'ahili,
1457 1107 1485 1130 et
1498 1102 1649 1138 gloriﬁcata
1664 1103 1831 1131 consolatio—

1038 1156 1101 1176 nem
1120 1157 1135 1176 a
1158 1149 1215 1176 Deo
1237 1149 1348 1184 accipit,
1365 1152 1394 1177 et
1410 1149 1438 1176 in
1452 1148 1568 1177 Domino
1583 1149 1742 1184 requiescit.
1759 1149 1830 1177 Tum

1039 1194 1168 1230 Spiritus,
1186 1202 1268 1230 quem
1281 1195 1398 1230 accepit,
1412 1195 1468 1223 Deo
1479 1195 1617 1223 canticum
1630 1195 1704 1224 canit
1716 1203 1829 1228 novum,

1039 1245 1180 1277 tympano,
1203 1249 1302 1277 nempe
1317 1242 1452 1277 corporis,
1466 1246 1496 1270 et
1516 1242 1640 1275 citharae,
1656 1243 1713 1271 sive
1733 1243 1832 1271 animat

1039 1288 1151 1316 chordis
1175 1288 1372 1321 rationalibus,
1391 1296 1424 1316 ac
1446 1288 1634 1317 subtilissimis
1656 1289 1831 1325 cogitationi-

1039 1333 1103 1366 bus,
1121 1338 1150 1361 et
1172 1334 1278 1369 plectro
1292 1334 1393 1361 divinze
1406 1334 1514 1370 gratias;
1531 1334 1669 1370 mittitque
1683 1335 1778 1362 laudes
1796 1335 1831 1362 ad

1038 1378 1179 1407 Christum
1188 1379 1337 1407 vivilicum.
1346 1379 1582 1413 Quemadmodum
1590 1380 1664 1408 enim
1676 1388 1724 1416 per
1736 1381 1831 1408 tibiam

1039 1425 1153 1460 spiritus
1167 1426 1314 1458 transiens.
1340 1433 1438 1454 sonum
1460 1426 1537 1459 edit.
1559 1427 1597 1454 ita
1616 1434 1666 1462 per
1681 1431 1790 1455 sanctos
1804 1431 1833 1454 et

1039 1471 1138 1505 spiritu
1156 1471 1285 1506 praeditos
1303 1471 1428 1500 homines
1449 1471 1568 1507 Spiritus
1593 1476 1705 1500 sanctus
1730 1473 1831 1508 psallit,

1040 1520 1070 1544 et
1083 1521 1212 1552 precatur
1227 1518 1313 1545 Deum
1327 1518 1355 1545 in
1371 1517 1491 1552 puritate
1515 1519 1617 1546 cordis.
1636 1518 1727 1547 Gloria
1741 1519 1775 1546 sit
1798 1519 1831 1551 ei,

200 1553 352 1590 ἀνθρώπων
378 1555 409 1582 τὸ
434 1556 548 1591 Πνεῦμα
563 1557 593 1583 τὸ
618 1557 696 1591 ἆγιόν
721 1559 794 1585 εστιν
812 1559 924 1594 ὑμνοῦν,
940 1560 987 1587 καὶ

1040 1564 1085 1598 qui
1099 1563 1208 1590 redemit
1222 1564 1339 1591 animant
1351 1572 1366 1591 ε
1381 1565 1505 1592 servitute
1517 1565 1678 1597 Pharaonis,
1693 1565 1832 1592 tlu-onum-

200 1599 310 1634 ψάλλον,
324 1601 372 1628 καὶ
382 1602 601 1638 προσευχόμενον
624 1604 663 1639 τῷ
677 1604 736 1640 Θεῷ
751 1605 779 1631 ὲν
793 1605 901 1641 καθαρᾷ
921 1614 991 1641 καρ-

200 1645 255 1681 δίᾳ.
273 1646 351 1679 Δόξα
367 1647 408 1680 τῷ
418 1648 580 1683 ῥυσαμένῳ
597 1649 655 1683 τὴν
677 1651 784 1685 ψυχὴν
802 1651 837 1678 ἐκ
854 1651 909 1686 τῆς
923 1651 991 1679 δου-

1042 1617 1092 1644 que
1108 1618 1185 1637 suum
1201 1617 1260 1637 eam
1281 1611 1432 1644 constituit,
1456 1610 1635 1643 domicilium,
1659 1610 1786 1646 templum
1808 1615 1833 1638 et

1042 1663 1166 1689 sponsam
1188 1664 1300 1692 puram;
1323 1660 1404 1692 atque
1425 1657 1572 1684 introduxit
1595 1665 1654 1684 eam
1677 1658 1705 1684 in
1722 1665 1833 1692 regnum

201 1691 286 1725 λείας
300 1692 414 1727 Φαραὼ,
423 1694 588 1728 καίορόνον
600 1694 680 1722 ἴδιον
692 1695 926 1730 καταστήσαντι,
941 1698 987 1725 καί

1043 1700 1102 1728 vita:
1116 1691 1233 1734 tetrarum,
1246 1701 1287 1728 vel
1302 1691 1386 1729 adhuc
1405 1703 1432 1729 in
1449 1703 1497 1729 hoc
1510 1702 1606 1730 saeculo
1620 1691 1796 1730 eminentem.

202 1736 361 1783 οίκον,καί
379 1740 466 1771 ναὸν,
490 1740 540 1767 καὶ
555 1741 678 1775 νύμφην
699 1743 843 1776 καθαρὰν,
866 1743 915 1783 θεαί
947 1745 1138 1781 εἰσαγαγόντι
1158 1747 1256 1781 αὐτὴν
1264 1748 1307 1781 εις
1333 1748 1498 1780 ,Βασιλείαν
1527 1747 1602 1783 ζωῆς
1637 1750 1770 1782 αἰωνίου,
1789 1749 1845 1777 ἐπ’

202 1782 302 1813 οὖσαν
316 1785 352 1811 ἐν
364 1783 405 1817 τῷ
422 1787 524 1820 κόσμῳ
534 1787 638 1818 τούτῳ.
881 1782 886 1783 ⁷
1563 1793 1570 1803 .-

238 1831 289 1857 lE'.
310 1831 354 1857 Ἐν
371 1831 410 1866 τῷ
439 1832 513 1867 νόμῳ
540 1832 598 1864 ζῶα
618 1833 704 1866 ἄλογα
729 1833 929 1868 προσεφέροντο
951 1836 987 1868 είς

1078 1836 1136 1864 XV.
1154 1837 1183 1864 In
1195 1837 1254 1872 lege
1268 1837 1398 1865 animalia
1413 1838 1519 1866 ratione
1533 1839 1663 1867 destituta
1679 1840 1834 1870 oil‘erehan-

203 1877 310 1910 θυσίαν,
326 1878 373 1904 καὶ
395 1878 420 1904 εί
448 1879 485 1913 μή
510 1878 669 1912 ὲσφάζοντο,
691 1879 740 1906 οὐγ
756 1877 826 1915 ἦσαν
842 1881 936 1907 δεκταὶ
962 1883 987 1909 αι

1045 1887 1090 1909 tur
1100 1882 1127 1909 in
1137 1883 1313 1915 sacriﬁcium,
1324 1891 1395 1918 quat,
1407 1883 1460 1912 nisi
1474 1889 1670 1917 mactarentur,
1685 1894 1741 1913 non
1753 1892 1835 1915 erant

203 1924 374 1959 προσφοραί·
391 1924 440 1951 καὶ
453 1924 500 1951 νῦν
515 1925 563 1952 ὲὰν
579 1925 617 1960 μὴ
639 1927 729 1961 σφαγῇ
755 1926 771 1960 ή
794 1927 926 1962 ἁμαρτία,
940 1927 987 1954 οὐκ

1044 1932 1127 1963 graue
1140 1928 1303 1956 oblationes.
1323 1929 1401 1957 Nunc
1415 1937 1525 1965 quoque
1542 1931 1595 1958 nisi
1615 1935 1751 1959 mactetur
1767 1941 1834 1968 pec-~

203 1968 262 1996 ἔστι
272 1970 354 2006 δεκτὴ
368 1971 385 2005 ἡ
401 1971 545 2005 προσφορὰ
569 1971 608 2007 τῷ
620 1971 679 2007 Θεῷ
691 1972 737 1999 καὶ
747 1972 874 2008 ἀληθινή.
889 1971 987 2000 Ἦλθεν

1045 1978 1147 2007 catum,
1170 1982 1225 2002 non
1248 1979 1291 2003 est
1307 1980 1383 2011 grata
1397 1976 1499 2003 oblatio
1512 1976 1584 2012 apud
1600 1977 1697 2010 Deum,
1713 1982 1741 2005 ct
1756 1986 1833 2006 vera.

203 2016 218 2042 ὸ
231 2015 295 2047 λαὸς
306 2017 346 2048 είς
362 2016 467 2052 Μερὲιν,
479 2017 545 2043 ὅπου
561 2014 596 2052 ἦν
613 2018 690 2053 πηγὴ
716 2019 816 2053 πικρὺν
839 2019 911 2055 ὓδωρ
925 2019 987 2055 βρύ-

1044 2020 1125 2047 Venit
1141 2020 1258 2056 populus
1273 2021 1300 2047 in
1324 2021 1417 2048 Maran
1434 2022 1455 2055 ',
1474 2022 1519 2048 ubi
1542 2027 1603 2050 erat
1625 2022 1698 2054 fons,
1714 2031 1834 2051 amaram

203 2069 281 2093 ουσα,
299 2062 345 2088 καὶ
358 2062 493 2098 ἄχρηστον
503 2063 571 2097 πρὸς
583 2063 672 2090 πόσιν.
694 2064 808 2092 Κελεύει
820 2063 868 2092 οὖν
891 2067 905 2092 6
926 2066 987 2097 Θεὸς

1041 2073 1141 2101 aquam
1162 2073 1178 2093 e
1194 2066 1361 2102 scaturigine
1375 2067 1498 2101 mittens,
1515 2075 1631 2103 eamque
1654 2069 1779 2098 inutilem
1801 2071 1834 2098 ad

203 2105 305 2132 Μωσέα
315 2106 507 2142 ἀποκνήσαντα
517 2107 593 2139 ξύλον
606 2108 684 2144 ῥίψαι
699 2110 738 2141 εἰς
755 2108 786 2136 τδ
800 2110 898 2146 πικρὸν
908 2110 987 2146 ὕδωρ,

1043 2111 1203 2139 bibendum.
1213 2112 1296 2140 Jubet
1308 2120 1375 2148 ergo
1388 2113 1462 2141 Deus
1475 2114 1568 2142 Mosen
1583 2119 1658 2142 metu
1678 2121 1835 2151 correptum

203 2151 253 2177 καὶ
274 2151 456 2188 ἐμϐληθέντος
477 2152 563 2186 οὕτως
595 2154 642 2181 τοῦ
670 2154 761 2188 ξύλου,
791 2156 944 2192 ἐγλυκάνθη
960 2158 987 2184 τὲ

1042 2157 1145 2193 lignum
1160 2158 1295 2193 projicere
1311 2158 1338 2185 in
1357 2166 1457 2193 aquam
1472 2167 1609 2193 amaram;
1625 2160 1677 2188 hoc
1699 2166 1780 2196 pacto
1794 2161 1837 2189 in-

204 2194 293 2231 ὕδωρ
309 2197 356 2222 καὶ
374 2197 542 2232 μεταϐληθὲν
561 2199 592 2225 ὲκ
603 2199 653 2234 τῆς
665 2201 843 2235 πικρότητος,
857 2202 987 2237 χρήσιμοι

1039 2202 1114 2237 jeclo
1127 2202 1201 2238 ligno
1223 2203 1312 2231 dulcis
1326 2203 1425 2232 effecta
1441 2210 1484 2233 est
1503 2213 1586 2241 aqua,
1600 2210 1628 2234 et
1642 2194 1745 2235 mutata
1760 2215 1836 2236 ama-

204 2241 251 2267 καὶ
277 2241 391 2276 πότιμον
417 2243 526 2276 ἐγένετο
537 2243 577 2278 τῷ
591 2243 649 2279 λαῷ
675 2245 722 2272 τοῦ
744 2245 823 2274 Θεοῦ.
842 2246 894 2273 Τὸν
911 2246 987 2273 αὑτὸν

1046 2249 1177 2283 ritudine,
1194 2250 1270 2278 utilis
1286 2254 1315 2278 et
1331 2250 1460 2285 potabilis
1475 2240 1583 2279 reddita
1599 2257 1642 2280 est
1657 2254 1760 2288 populo
1776 2254 1834 2281 Dei.

203 2287 304 2322 τρόπον
318 2287 366 2314 καὶ
379 2288 396 2323 ή
410 2287 484 2324 ψυχὴ
509 2289 676 2324 πεπίκρατιι
703 2290 838 2316 ἐκπιοῦσα
852 2291 902 2316 τὸν
920 2289 987 2318 οἶνον

1045 2295 1147 2324 Eodem
1164 2296 1245 2324 modo
1260 2304 1370 2332 quoque
1389 2297 1491 2329 anima,
1507 2302 1589 2333 epoto
1605 2287 1669 2333 vino
1686 2287 1834 2334 serpentis,

204 2331 250 2358 τοῦ
265 2332 364 2367 ὄφεως,
387 2334 434 2360 καὶ
454 2335 618 2368 ὁμοιωθεῖσα
632 2336 666 2370 τῇ
685 2337 772 2372 πικρᾷ
793 2336 876 2363 αὑτοῦ
900 2336 987 2370 φύσει,

1045 2343 1255 2371 amaritudinem
1268 2344 1413 2376 contraxit,
1430 2344 1556 2380 factaque
1567 2349 1610 2372 est
1621 2345 1720 2372 similis
1735 2353 1836 2373 amarze

205 2377 252 2404 καὶ
279 2379 439 2415 ἁμαρτωλὸς
465 2380 609 2416 γενομένη.
637 2380 682 2407 Διὸ
698 2381 828 2417 ἐμϐάλλει
852 2382 866 2408 6
880 2382 944 2414 Θεὸς
963 2382 987 2409 τὲ

1045 2389 1106 2424 ejus
1127 2393 1244 2421 natura},
1265 2397 1297 2417 ac
1320 2389 1460 2424 peccatrix
1480 2377 1577 2418 evasit.
1593 2389 1765 2425 Quapropter
1784 2391 1836 2417 im-

205 2423 282 2457 ξύλον
289 2425 337 2460 τῆς
349 2424 422 2460 ζωῆς
438 2426 477 2457 είς
490 2426 576 2461 αὐτὴν
592 2427 642 2462 τὴν
654 2428 757 2464 πικρὰν
767 2427 859 2462 πηγὴν
869 2429 917 2463 τῆς
924 2437 987 2464 καρ·

1047 2423 1132 2461 mittit
1145 2434 1218 2462 Deus
1231 2423 1335 2470 lignum
1355 2435 1418 2463 vitae
1440 2436 1468 2463 in
1484 2436 1573 2471 ipsum
1588 2423 1712 2464 amarum
1730 2436 1836 2464 fontem

204 2469 275 2502 δίας,
293 2470 340 2496 καὶ
356 2470 533 2505 γλυκαίνεται
561 2474 593 2499 ἐκ
607 2473 656 2508 τῆς
671 2474 835 2509 πικρότητος
856 2474 987 2508 μεταῦαλ-

1042 2480 1142 2512 cordis,
1156 2480 1202 2515 qui
1219 2469 1362 2511 dulcescit.
1376 2481 1412 2509 ab
1425 2469 1610 2509 amaritudine
1626 2486 1834 2514 transmutatus,

204 2514 316 2551 λομένη,
324 2517 370 2544 καὶ
381 2518 591 2554 συγκιρνωμένη
599 2519 638 2554 τῷ
646 2519 784 2555 Πνεύματι
796 2519 843 2546 τοῦ
853 2520 973 2555 Χριστοῦ
981 2528 988 2535 ·

205 2562 522 2600 καὶοῦτως-εῦχρηστος
548 2565 693 2601 γενομένη.
722 2567 761 2596 είς
780 2566 919 2593 διακονίαν
943 2567 991 2593 τοῦ

204 2611 339 2638 Δεσπότου
353 2612 438 2648 αὐτῆς
446 2613 601 2648 προχωρεῖ·
614 2613 719 2647 γίνεται
733 2613 788 2650 γὰρ
798 2614 907 2650 πνεῦμα
923 2623 990 2650 σαρ-

205 2656 332 2692 κοφόρον.
354 2658 422 2691 Δόξα
431 2658 470 2694 τῷ
482 2658 677 2693 μεταϐάλλοντι
689 2659 739 2694 τὴν
748 2660 901 2696 πικρότητα
913 2661 929 2695 ἡ
933 2661 992 2695 μῶν

205 2702 245 2734 εἰς
256 2702 307 2738 τὴν
330 2703 451 2738 ήδύτητα
481 2704 529 2731 καὶ
559 2704 732 2740 χρηστότητα
756 2705 803 2732 τοῦ
824 2705 990 2742 ιινεύματος.

204 2747 272 2774 Οὐαὶ
286 2748 392 2784 ἐκείνῳ,
420 2750 449 2776 ὲν
461 2746 483 2784 ᾧ
497 2750 548 2777 οὐκ
570 2750 673 2786 ἐϐλήθη
696 2751 727 2778 τὺ
743 2750 820 2783 ξύλον
837 2752 886 2787 τῆς
902 2752 991 2786 ζωῆς·

205 2793 235 2821 οὐ
249 2794 360 2822 δύναται
375 2797 594 2834 μετασολήντινοι
605 2797 758 2835 κτήσασθαι
771 2799 886 2835 ἀγαθήν.

240 2869 252 2885 ⁸
266 2870 352 2897 Exod.
366 2879 409 2905 xv,
426 2872 470 2900 255.

1043 2530 1071 2554 et
1084 2526 1217 2554 admistus
1231 2527 1346 2561 Spiritui
1361 2527 1464 2556 Christi
1480 2537 1486 2554 :
1500 2532 1582 2563 atque
1598 2528 1651 2555 hoc
1667 2533 1747 2563 pacto
1760 2528 1835 2556 utilis

1043 2571 1160 2599 effectus
1186 2572 1213 2599 in
1239 2572 1402 2607 obsequium
1424 2573 1532 2601 Domini
1549 2573 1592 2600 sui
1617 2573 1691 2600 cedit
1714 2582 1720 2599 :
1742 2574 1835 2600 evadit

1044 2618 1117 2645 enim
1130 2617 1249 2653 Spiritus
1261 2626 1371 2646 carnem
1386 2624 1505 2654 gestans.
1521 2619 1614 2647 Gloria
1627 2619 1663 2647 sit
1675 2619 1701 2647 ei
1713 2619 1761 2654 qui
1774 2628 1834 2646 mu-

1046 2667 1085 2690 tat
1098 2663 1307 2692 amaritudinem
1326 2669 1448 2693 nostram
1464 2665 1493 2693 in
1507 2665 1669 2694 suavitatem
1684 2669 1712 2693 et
1723 2665 1835 2694 bonita-

1047 2713 1100 2737 tem
1116 2709 1244 2745 Spiritus.
1260 2711 1306 2738 ναξ
1321 2711 1370 2742 illi,
1387 2711 1414 2738 in
1430 2719 1511 2748 quem
1534 2719 1590 2739 non
1610 2712 1724 2740 missum
1739 2717 1782 2740 est
1800 2713 1835 2740 li-

1042 2763 1125 2790 gnum
1139 2756 1219 2783 vitrel
1242 2764 1298 2784 non
1315 2761 1405 2791 potest
1420 2757 1494 2785 enim
1509 2757 1628 2793 aliquam
1651 2757 1750 2786 bonam
1771 2766 1834 2786 mu-

1044 2800 1174 2829 tationem
1188 2802 1331 2837 consequi.
