2079 3152
289 161 342 192 807

912 163 943 192 S.
963 162 1123 208 MACARII
1144 163 1305 195 EGYPTII

1847 169 1920 201 4508

325 217 393 246 XVI.
413 217 492 253 Virga
515 216 596 246 Mosis
617 215 755 252 duplicem
780 215 894 252 gerebat
916 217 1070 252 imaginem.

1162 219 1222 252 Ιφ.
1246 219 1278 246 'H
1296 217 1394 254 ῥάϐδος
1408 218 1548 253 Μωῦσέως
1559 219 1606 248 δύο
1619 221 1718 258 ἔφερεν
1729 222 1843 257 εἰκόνας.
1859 225 1921 258 τοῖς

289 263 420 291 Hostibus
437 263 512 291 velut
525 269 638 298 serpens
658 263 832 296 occurrebat,
849 262 979 291 mordens
994 267 1023 291 et
1037 264 1080 291 in-

290 308 437 340 terﬁciens,
456 308 534 343 152
551 307 683 336 israelitis
700 315 768 335 vero
791 313 851 335 erat
874 309 1000 342 baculus,
1023 317 1079 344 quo

287 354 481 382 iniciebantur.
493 354 540 382 Sic
547 361 657 389 quoque
668 361 763 381 verum
775 354 879 390 lignum
890 355 992 386 crucis.
1004 355 1078 390 quod

287 404 330 426 est
343 399 482 431 Christus,
505 399 626 426 hostium
641 399 753 434 quidem
767 404 811 427 est
831 407 915 432 mors.
928 399 1077 435 spirituum

286 452 385 479 nempe
397 445 524 478 malitiae;
536 444 690 472 animarum
701 452 767 472 vero
781 449 938 472 nostrarum
951 445 1076 477 baculus,

286 489 366 517 sedes
380 494 449 523 tuta,
472 494 501 518 et
524 490 591 522 vita,
616 490 643 517 in
659 497 713 525 qua
736 489 946 525 conquiescunt.
970 489 1078 526 Figura

284 534 359 562 enim
375 538 404 563 et
419 535 525 563 umbrae
540 535 618 570 prius
632 535 754 568 fuerunt,
767 542 849 570 quam
866 542 938 562 veras
951 535 995 562 lite
1014 543 1075 568 res,

285 581 422 617 siquidem
439 582 569 617 antiquus
585 583 677 610 cultus
695 582 838 617 praesentis
862 582 956 610 cultus
978 582 1076 610 umbra

285 632 314 656 et
325 628 416 664 imago
429 632 481 656 est.
493 628 560 656 Item
571 628 755 661 circumcisio,
767 628 986 660 tabernaculum,
1000 636 1075 661 arca.

286 682 366 705 urna,
379 682 490 706 manna.
502 673 696 707 sacerdotium,
709 674 852 701 incensum
867 679 894 702 et
908 674 1074 708 ablutiones,

284 724 323 753 et,
349 724 380 747 ut
405 719 562 748 summatim
588 719 689 751 dicam,
719 727 891 754 quaecunque
917 719 1019 747 ﬁebant
1046 720 1075 747 in

285 765 434 794 Israelitico
451 765 564 801 populo,
587 765 615 792 in
629 765 689 801 lege
704 766 799 799 Mosis,
815 770 863 793 aut
877 766 1074 801 prophetarum

285 811 465 847 temporibus,
480 815 593 846 propter
603 811 723 839 animam
735 812 821 847 ipsam
838 811 910 840 facta
923 817 998 845 sunt,
1013 820 1075 847 qua:

283 857 437 886 secundum
453 857 600 893 imaginem
616 857 665 885 Dei
677 857 798 889 condita,
814 861 896 892 atque
913 857 965 884 sub
977 857 1073 893 iugum

1132 265 1183 300 μὲν
1192 265 1247 301 γάρ
1259 265 1367 301 ἐχθροῖς
1373 265 1411 298 ὡς
1418 265 1481 300 ὄφις
1487 267 1608 303 ἀπήντα.
1617 269 1723 296 δάκνων
1731 271 1778 297 καὶ
1785 271 1902 308 ἀναιρῶν
1910 282 1917 290 ·

1129 312 1186 342 τοῖς
1203 311 1423 346 Ἰσραηλίταιςᾶ
1437 311 1585 347 βακτηρία,
1597 314 1639 348 δφ⁹
1648 314 1682 350 ἢν
1695 315 1914 352 ὲπεστηρίζοντο.

1130 355 1209 383 Οὕτω
1224 356 1272 383 καὶ
1290 356 1321 383 τὸ
1350 356 1479 392 ἀληθινὸν
1493 357 1572 390 ξύλον
1600 358 1648 385 τοῦ
1674 361 1804 396 σταυροῦ,
1818 362 1832 389 ὃ
1858 363 1915 390 ἐστι

1129 402 1258 437 Χριστὸς.
1281 403 1337 430 τῶν
1353 402 1403 437 μὲν
1417 403 1524 439 ἐχθρῶν
1546 404 1606 431 ἑστι
1632 405 1758 438 θάνατος,
1773 407 1828 435 τῶν
1838 417 1917 436 πνευ-

1130 449 1224 483 μάτων
1235 448 1285 483 τῆς
1300 448 1452 483 πονηρίας·
1467 449 1523 476 τῶν
1537 449 1566 476 δὲ
1585 450 1680 486 ψυχῶν
1695 452 1774 487 ἡμῶν
1787 453 1920 490 βακτηρία

1128 494 1176 521 καὶ
1186 494 1312 530 εὗρασμα
1327 494 1448 529 ἀσφαλὲς
1472 496 1519 522 καὶ
1534 496 1655 532 ζωὴ,ἀφ¹
1674 498 1709 533 ἣν
1732 498 1919 526 ἔπαναπαύον-

1127 548 1182 568 ται.
1194 539 1282 567 Τύποι
1292 540 1347 575 γὰρ
1361 541 1409 568 καὶ
1424 542 1501 569 σκιαὶ
1513 542 1544 569 τὸ
1553 543 1617 578 πρὶν
1628 543 1768 577 ἐγίγνοντο
1777 544 1832 571 τῶν
1847 546 1913 580 άλη-

1127 583 1210 611 Θινῶν
1222 584 1325 612 τούτων
1342 585 1529 620 πραγμάτων·
1549 586 1614 613 σκιὰ
1624 587 1678 622 γάρ
1691 588 1760 619 ἐστι,
1772 587 1819 615 καὶ
1832 588 1912 615 είκὼν

1126 629 1143 665 ἡ
1159 629 1264 656 παλαιά
1276 629 1389 665 λατρεία
1404 631 1453 665 τῆς
1463 630 1511 658 νῦν
1523 630 1662 666 λατρείας,
1674 632 1729 658 Καὶ
1739 633 1756 667 ἡ
1769 632 1911 668 περιτομὴ.

1126 672 1174 699 καὶ
1190 673 1207 708 ὴ
1223 673 1321 709 σκηνὴ,
1335 673 1384 701 καὶ
1399 674 1417 709 ἡ
1432 673 1560 707 κιδωτὺς,
1578 677 1626 702 καὶ
1637 676 1654 711 ἡ
1671 676 1801 711 στάμνος,
1826 677 1874 703 καὶ
1888 677 1917 704 τὸ

1128 718 1228 754 μάννα,
1252 719 1301 746 καὶ
1325 720 1457 755 ίερατεία,
1476 721 1524 748 καὶ
1541 721 1572 747 τὸ
1589 721 1728 757 Θυμίαμα,
1747 722 1796 750 καὶ
1824 722 1859 750 τὰ
1874 722 1919 758 βα-

1126 765 1277 800 πτίσματα,
1293 766 1341 793 καὶ
1354 766 1524 799 ἁπαξαπλῶς
1539 768 1630 794 πάντα
1640 767 1691 794 ὅσα
1706 768 1819 802 γέγονεν
1835 769 1865 795 ὲν
1877 769 1914 804 τῷ

1132 810 1252 846 Ἰσραὴλ,
1267 810 1314 838 καὶ
1326 811 1355 837 ἐν
1368 811 1408 846 τῷ
1422 811 1498 847 νόμῳ
1510 812 1633 844 Μωσέως
1642 831 1650 844 ,
1663 812 1680 847 ἢ
1703 813 1732 839 ὲν
1743 814 1800 844 τοῖς
1811 814 1918 848 προφή-

1125 864 1196 888 ταις,
1208 855 1253 883 διὰ
1267 855 1316 892 τὴν
1329 855 1419 892 ψυχὴν
1433 856 1536 892 ταύτην
1548 857 1656 891 γέγονε,
1670 857 1721 893 τὴν
1747 858 1810 885 κατ’
1827 858 1918 886 εἰκόνα

283 904 436 937 servitutis,
453 908 482 931 et
500 903 552 931 sub
567 910 682 939 regnum
697 902 876 930 molestarum
898 902 1070 930 tenebrarum

1126 900 1194 927 Θιοῦ
1202 901 1402 937 γεγενημένην,
1416 902 1464 929 καὶ
1476 901 1614 929 πεσοῦσαν
1627 903 1681 929 ὑπὸ
1692 903 1777 938 ζυγὸν
1785 903 1917 938 δουλείας,

284 947 360 984 lapsa
375 953 429 976 est.

319 993 401 1021 XVII.
416 993 484 1022 Cum
499 993 551 1021 hac
565 994 640 1022 enim
657 995 745 1023 voluit
765 995 838 1024 Deus
857 997 1074 1029 communicare,

283 1040 355 1067 hanc
366 1040 470 1075 aptavit
480 1040 533 1068 sibi
548 1039 575 1067 in
591 1048 720 1076 sponsam
733 1042 817 1078 regis,
833 1043 904 1070 banc
917 1049 1049 1078 expurgat
1059 1050 1075 1070 a

283 1086 429 1118 sordibus,
446 1089 474 1113 et
496 1085 590 1113 abluta
614 1080 757 1122 nigredine
780 1093 808 1115 et
833 1089 1004 1124 turpitudine
1025 1096 1074 1116 sua

284 1131 457 1167 splendidam
484 1131 592 1164 reddit,
616 1139 632 1159 e
660 1133 872 1161 mortiﬁcatione
894 1133 1030 1166 viviﬁcat,
1057 1142 1074 1161 e

281 1177 448 1204 contritione
463 1181 553 1209 curat,
567 1182 596 1205 et
619 1182 708 1212 pacat,
724 1179 881 1207 inimicitiis
898 1180 959 1214 ejus
978 1180 1073 1208 conci-

281 1222 365 1250 liatis.
380 1221 512 1250 Creatura
522 1222 596 1249 enim
610 1230 672 1250 eum
683 1223 730 1257 sit,
743 1223 772 1251 in
788 1231 915 1259 sponsam
931 1224 988 1252 ﬁlio
1001 1225 1073 1260 regis

281 1272 373 1303 aptata
390 1271 445 1300 est,
461 1268 589 1303 Deusque
610 1269 722 1304 propria
740 1269 844 1298 virtute
867 1270 982 1305 suscipit
998 1278 1071 1303 eam,

280 1312 414 1349 paulatim
429 1314 554 1341 eamdem
579 1314 746 1347 immutans,
769 1315 858 1343 donec
881 1317 989 1344 auxerit
1011 1324 1072 1344 eam

279 1366 332 1387 suo
345 1359 432 1395 ipsius
447 1360 629 1388 incremento.
651 1360 782 1389 Extendit
804 1362 878 1389 enim
900 1366 929 1389 et
944 1362 1072 1397 producit

279 1412 341 1432 eam
355 1405 389 1432 ad
403 1405 543 1433 inﬁnitum
557 1411 585 1433 et
599 1406 765 1434 immensum
781 1412 969 1442 augmentum.
983 1408 1071 1435 donec

280 1449 495 1478 incontaminata
509 1456 538 1478 et
554 1452 637 1486 digna
652 1459 686 1479 eo
706 1460 806 1488 sponsa
824 1453 931 1481 evadat.
947 1454 1070 1481 Primum

280 1494 355 1522 enim
376 1495 462 1530 gignit
486 1503 546 1523 eam
569 1496 641 1531 apud
664 1497 859 1532 semetipsum,
883 1502 967 1533 atque
989 1502 1070 1534 auget

280 1547 330 1574 per
346 1547 376 1567 se
389 1539 489 1575 ipsum,
504 1539 593 1568 donec
608 1545 792 1576 consequatur
806 1542 939 1577 integram
959 1550 1070 1570 mensu-
1083 1564 1103 1592 Ο

279 1593 338 1612 ram
356 1585 512 1613 dilectionis
533 1586 604 1621 ejus.
627 1586 687 1622 Ipse
709 1587 785 1614 enim
804 1595 866 1614 cum
893 1588 930 1616 sit
952 1595 1069 1623 sponsus

279 1630 435 1665 perfectus,
460 1631 576 1658 assumit
601 1639 662 1659 eam
692 1639 820 1667 sponsam
848 1632 1016 1667 perfectam,
1040 1633 1068 1660 in

279 1680 412 1709 sanctam,
435 1684 563 1704 arcanam
589 1681 618 1704 et
642 1677 812 1712 impollutam
837 1678 998 1706 societatem
1018 1687 1069 1706 nu-

279 1722 414 1757 ptiarum,
429 1726 542 1757 tumque
565 1727 662 1758 regnat
675 1723 757 1751 simul
773 1731 837 1750 cum
855 1731 891 1752 eo
910 1724 939 1752 in
961 1723 1069 1752 inﬁnita

279 1768 389 1795 saecula.
410 1769 511 1795 Amen.

531 1824 673 1853 HOMILIA
692 1825 808 1854 XLVIII.

473 1870 510 1898 De
528 1871 642 1906 perfecta
660 1871 713 1906 fide
732 1871 760 1899 in
779 1872 873 1900 Deum.

312 1928 333 1956 1.
349 1928 483 1956 Dominus
499 1928 527 1956 in
550 1928 699 1964 Evangelia
711 1937 777 1958 suos
793 1930 946 1966 discipulos
955 1931 989 1958 ad
1004 1939 1068 1967 pcr—

275 1974 375 2001 fectam
398 1973 481 2002 ﬁdem
501 1974 639 2002 deducere
661 1976 766 2007 volens.
783 1976 852 2004 dixit
868 1985 875 2004 :
893 1977 944 2010 Qui
960 1979 988 2005 in
1009 1987 1066 2005 mo-

275 2020 334 2046 dico
350 2019 465 2053 inﬁdelis
477 2025 528 2051 est,
547 2025 570 2047 et
591 2021 618 2047 in
632 2021 716 2048 multo
729 2021 844 2055 inﬁdelis
864 2027 912 2050 est.
926 2023 962 2050 Et
975 2024 1021 2058 qui
1038 2025 1066 2051 in

276 2065 385 2091 minimo
403 2065 489 2099 ﬁdelis
503 2070 551 2099 est,
565 2070 589 2092 et
605 2067 632 2093 in
648 2067 732 2094 multo
744 2067 832 2101 ﬁdelia
851 2072 890 2095 est
903 2068 924 2095 ⁸.
940 2069 1011 2102 Quid
1025 2074 1067 2097 est

275 2110 426 2142 modicum,
438 2115 466 2137 et
477 2111 543 2145 quid
556 2116 598 2139 est
610 2113 747 2140 multum?
761 2113 908 2146 Modicum,
923 2119 987 2142 sunt
1003 2123 1067 2150 pro-

275 2155 421 2182 missioncs
436 2156 528 2183 szeeuli
546 2157 637 2192 hujus,
655 2166 717 2192 quas
733 2160 860 2193 promisit
882 2167 911 2187 se
928 2161 1066 2195 praestitu-

275 2208 337 2227 rum
349 2201 526 2230 credentibus
540 2203 577 2236 ei,
590 2203 666 2231 velut
679 2205 793 2237 victum,
809 2206 940 2234 vestitum
954 2212 982 2234 et
999 2208 1063 2235 reli-

1127 947 1175 974 καὶ
1191 947 1244 974 ὑπὸ
1261 946 1400 981 βασιλείαν
1411 947 1524 980 σκότους
1537 949 1662 984 πικρίας.

1162 993 1212 1019 iZ’.
1224 992 1317 1029 Ταύτῃ
1332 993 1386 1028 γὰρ
1402 993 1535 1028 ἠθέλησεν
1545 995 1560 1021 ό
1575 994 1641 1026 Θεδς
1666 995 1845 1031 κοινωνῆσαι,
1868 996 1914 1024 καὶ

1125 1038 1228 1073 ταύτην
1236 1038 1379 1074 ἡρμόσατο
1402 1039 1495 1075 ἐαυτῷ
1511 1040 1552 1072 είς
1572 1039 1683 1076 νύμφην
1701 1041 1849 1076 βασιλέως,
1873 1043 1918 1070 καὶ

1124 1083 1228 1120 ταύτην
1241 1084 1385 1120 καθαρίζει
1399 1084 1454 1112 ἀπὸ
1466 1085 1513 1112 τοῦ
1528 1085 1616 1121 ῥύπου
1631 1087 1678 1113 καὶ
1691 1087 1834 1115 ικπλύνων
1847 1088 1916 1124 λαμ.

1125 1129 1224 1165 πρύνει
1237 1129 1291 1156 ἀπὺ
1315 1129 1365 1164 τῆς
1381 1129 1512 1165 μιλανίας
1528 1130 1577 1157 καὶ
1597 1130 1648 1166 τῆς
1668 1131 1850 1168 αίσχρότητος
1870 1133 1918 1161 αὐ.

1126 1175 1187 1210 τῆς,
1207 1176 1255 1202 καὶ
1267 1175 1398 1207 ζωοποιεῖ
1412 1177 1446 1203 ἐκ
1457 1176 1509 1211 τῆς
1534 1175 1707 1211 νικρώσεως,
1720 1178 1767 1205 καὶ
1786 1179 1862 1206 ίᾶται
1884 1179 1916 1206 ἐκ

1123 1219 1173 1253 τῆς
1182 1219 1361 1255 συντρίψεως,
1370 1220 1418 1247 καὶ
1431 1220 1567 1256 ιίρηνιύιι
1575 1221 1661 1257 αὐτῆς
1673 1222 1723 1257 τήν
1734 1222 1837 1259 ἔχθραν
1850 1233 1914 1252 κατ-

1123 1264 1275 1292 αλλάσσων.
1303 1265 1414 1300 κτίσμα
1436 1265 1491 1300 γὰρ
1503 1263 1572 1293 οὖσα
1586 1267 1626 1299 είς
1638 1267 1748 1304 νύμφην
1760 1269 1799 1304 τῷ
1808 1270 1861 1305 υἱῷ
1871 1270 1916 1297 τοῦ

1124 1310 1257 1346 βασιλέως
1270 1311 1409 1346 ἠρμόσθη,
1418 1312 1466 1338 καὶ
1478 1313 1512 1347 τῇ
1526 1312 1581 1348 Ibis.
1593 1313 1677 1341 αὐτοῦ
1692 1314 1809 1351 δυνάμει
1821 1317 1839 1343 ὁ
1851 1317 1916 1349 Θεὸς

1124 1354 1306 1390 παραδέχεται
1320 1356 1406 1391 αὐτὴν
1423 1356 1495 1383 κατά
1505 1357 1604 1393 μικρὸν
1620 1360 1915 1397 συμμταδαλλόμινος

1122 1400 1218 1436 αὐτὴν,
1230 1400 1283 1432 ἕως
1295 1400 1401 1438 αὐξήσῃ
1411 1401 1497 1437 αὐτὴν
1505 1403 1541 1438 τῇ
1556 1403 1608 1438 ιδίᾳ.
1621 1403 1746 1440 αὐξήσει.
1757 1405 1848 1433 Τιίνιι
1862 1407 1916 1441 γάρ

1122 1447 1208 1483 αὐτὴν
1228 1447 1276 1474 καὶ
1302 1447 1418 1483 μηκύνει
1447 1449 1488 1480 εἰς
1511 1449 1666 1485 ἀπέραντον
1690 1451 1739 1478 καὶ
1761 1452 1918 1488 ἀμέτρητον

1121 1491 1246 1528 αὔξησιν,
1256 1492 1308 1524 ἕως
1323 1492 1356 1519 ἂν
1369 1492 1485 1529 ἄμωμος
1493 1494 1540 1520 καὶ¹
1553 1494 1618 1526 ἀξία
1631 1495 1714 1522 αὐτοῦ
1727 1495 1821 1531 νύμφη
1836 1497 1917 1533 γένη-

1121 1545 1175 1564 ται.
1193 1538 1306 1573 Πρῶτον
1320 1538 1374 1574 γὰρ
1388 1539 1470 1574 γεννᾷ
1485 1538 1571 1575 αὐτὴν
1582 1539 1611 1566 ἐν
1627 1539 1727 1575 ἑαυτῷ,
1743 1541 1790 1567 καὶ
1806 1542 1918 1576 αὐξάνει

1120 1583 1155 1610 δι’
1177 1584 1285 1617 ἑαυτοῦ,
1299 1583 1352 1616 ἓως
1367 1584 1492 1620 ἀπολάϐῃ
1507 1585 1538 1611 τὸ
1550 1585 1654 1612 τέλειον
1669 1586 1769 1622 μέτρον
1783 1587 1837 1622 τῆς
1847 1588 1918 1621 ἀγά-

1121 1636 1176 1663 πης
1187 1629 1281 1656 αὑτοῦ.
1303 1629 1389 1661 Αὐτὸς
1401 1630 1456 1665 γάρ
1477 1630 1515 1657 ὢν
1532 1630 1636 1662 τέλειος
1646 1631 1773 1666 νυμφίος,
1784 1631 1918 1667 λαμϐάνει

1120 1675 1206 1710 αὐτὴν
1218 1675 1324 1702 τελείαν
1340 1675 1450 1711 νύμφην
1475 1676 1516 1708 είς
1531 1675 1581 1711 τὴν
1597 1675 1680 1710 ἁγίαν
1697 1678 1746 1704 καὶ
1768 1678 1914 1713 μυστικὴν,

1120 1719 1168 1746 καὶ
1180 1720 1314 1756 ἄχραντον
1345 1722 1489 1748 κοινωνίαν
1502 1721 1550 1748 τοῦ
1566 1723 1668 1757 γάμου,
1697 1722 1746 1749 καὶ
1759 1723 1822 1750 τότε
1845 1733 1914 1758 συμ-

1120 1763 1256 1794 ϐασιλεύει
1278 1767 1353 1804 αύτῷ
1367 1769 1408 1800 είς
1422 1769 1486 1801 τοὺς
1498 1769 1671 1804 ἀπεράντους
1685 1769 1798 1802 αἰῶνας.
1815 1770 1914 1806 Ἀμήν.

1419 1826 1540 1854 OMIAIA
1555 1826 1626 1855 MH'.

1224 1872 1295 1906 Περί
1308 1871 1364 1907 τῆς
1377 1873 1496 1906 τελείας
1514 1873 1646 1906 πίστεως
1659 1874 1705 1907 εις
1718 1875 1803 1902 Θσόν.

1154 1929 1193 1955 A'.
1212 1928 1242 1955 '0
1258 1928 1361 1964 Κύριος
1375 1930 1404 1956 ὲν
1422 1928 1462 1964 τῷ
1491 1929 1651 1965 Εὐαγγελίῳ
1669 1930 1733 1962 τοὺς
1746 1930 1846 1958 ἑαυτοῦ
1862 1940 1914 1967 μα-

1118 1973 1201 2009 θητὰς
1211 1975 1251 2005 είς
1269 1974 1376 2002 τελείαν
1389 1976 1480 2002 πίστιν
1491 1975 1604 2010 ἀγαγεῖν
1616 1975 1789 2011 βουλόμενος,
1804 1977 1897 2011 ἔλεγεν
1905 1985 1913 1992 δ

1123 2019 1151 2046 '0
1163 2019 1199 2046 ἐν
1211 2020 1302 2055 ὀλίγῳ
1317 2020 1454 2054 ἄπιστος,
1468 2022 1518 2048 καί
1531 2021 1567 2049 ὲν
1575 2022 1682 2055 πολλῷ
1695 2022 1826 2056 ἄπιστός
1833 2023 1912 2050 ἐστι·

1117 2065 1166 2093 καί
1184 2066 1248 2093 ὀὲν
1273 2066 1363 2100 ὀλίγῳ
1392 2067 1511 2100 πιστὸς,
1538 2067 1638 2094 καὶέν
1663 2067 1771 2100 πολλῷ
1804 2070 1914 2102 πιστός

1116 2110 1193 2138 ἐστι.
1216 2111 1249 2138 Τί
1262 2111 1320 2138 ἐστι
1330 2111 1361 2137 τὸ
1377 2111 1477 2145 ὀλίγον,
1487 2111 1536 2138 καὶ
1550 2112 1577 2138 τί
1592 2112 1649 2139 ἐστι
1663 2112 1694 2139 τὸ
1716 2112 1801 2146 πολύς
1817 2113 1849 2140 τὺ
1861 2113 1913 2140 dli-

1117 2165 1167 2192 γον
1190 2157 1225 2184 τά
1242 2158 1441 2193 ἑπαγγέλματά
1457 2159 1515 2184 ἐστι
1531 2158 1578 2184 τοῦ
1609 2158 1708 2190 αἰῶνος
1718 2158 1826 2191 τούτου,
1842 2159 1912 2193 ἅπερ

1118 2203 1253 2239 ὑπέσχετο
1267 2206 1418 2240 παρασχεῖν
1436 2205 1492 2235 τοῖς
1501 2203 1674 2230 πιστεύουσιν
1681 2204 1766 2239 αὐτῷ,
1782 2202 1838 2231 οἷον
1852 2213 1912 2240 τρο.

275 2255 358 2282 quam
382 2249 507 2284 corporis
535 2251 750 2285 recreationem,
772 2257 820 2280 aut
845 2254 1009 2288 sanitatem,
1032 2259 1061 2283 et

1121 2249 1176 2284 ρὰς.
1190 2249 1335 2285 ἐνδύματα,
1354 2249 1400 2276 καὶ
1414 2250 1464 2286 τὴν
1477 2249 1573 2284 λοιπὴν
1585 2249 1631 2275 τοῦ
1654 2249 1779 2284 σώματος
1789 2250 1912 2277 ἀνάπαυ-

273 2295 374 2322 similia
384 2315 392 2327 ,
407 2297 579 2331 praecipiens,
591 2298 704 2325 omnino
723 2307 778 2327 non
794 2299 943 2328 sollicitum
957 2309 1018 2329 esse
1029 2302 1063 2330 dc

274 2340 319 2368 bis
333 2341 354 2373 ¹,
371 2342 419 2369 sed
433 2350 482 2377 per
498 2343 626 2371 ilduciam
650 2344 677 2371 in
694 2353 757 2372 eum
775 2354 897 2381 sperare,
916 2348 990 2382 quod
1008 2349 1063 2376 Do-

272 2387 365 2415 minus
379 2388 505 2423 provisor
520 2396 627 2421 ecrum,
640 2391 687 2425 qui
700 2391 734 2418 ad
746 2399 810 2419 eum
824 2392 997 2428 confugiunt,
1014 2402 1063 2429 per

273 2434 366 2461 omnia
383 2434 492 2461 futurus
514 2434 559 2461 sit.
577 2434 690 2462 Multum
706 2441 810 2469 autem,
829 2442 893 2464 sunt
911 2438 1006 2465 aeterni
1021 2444 1063 2466 at-

273 2488 327 2515 que
352 2480 570 2515 incorruptibilis
592 2482 685 2508 saeculi
708 2482 792 2516 dona,
809 2491 871 2518 qua:
892 2484 1019 2518 promisit
1034 2493 1063 2512 se

273 2527 437 2554 collaturum
454 2527 633 2555 credentibus
649 2528 676 2555 in
695 2535 769 2560 eum,
788 2533 817 2556 et
840 2529 875 2556 iis
888 2530 936 2565 qui
958 2530 1064 2565 absque

273 2572 329 2600 ulla
345 2572 549 2600 intemiissione
563 2573 596 2600 de
617 2573 650 2601 iis
672 2578 738 2601 sunt
759 2575 881 2607 solliciti,
897 2579 926 2602 et
947 2581 1064 2610 poscunt

272 2618 307 2646 ab
317 2625 361 2651 eo,
370 2618 435 2654 quia
449 2618 490 2646 sic
503 2623 643 2654 pnecepit.
660 2618 707 2646 Vos
722 2624 822 2653 autem,
834 2620 941 2655 inquit,
953 2622 1062 2656 quwrite

272 2665 388 2699 primum
404 2671 514 2699 regnum
531 2663 589 2696 Dei,
602 2667 627 2690 et
641 2664 772 2697 iustitiam
785 2665 852 2701 ejus,
865 2671 889 2692 et
904 2666 958 2693 hac
972 2667 1061 2694 omnia

272 2709 432 2744 adjiciantur
446 2708 516 2736 vobis
528 2708 539 2724 '
555 2716 562 2735 :
583 2713 614 2736 ut
628 2716 662 2737 ex
684 2709 727 2738 bis
744 2710 860 2738 modicis
878 2715 907 2738 et
925 2715 1060 2746 tempora-

271 2755 333 2782 neis
352 2755 469 2789 quisque
488 2753 633 2789 probetur,
649 2762 684 2782 an
698 2755 793 2783 credat
810 2755 877 2788 Deo,
898 2756 971 2791 quod
995 2764 1059 2791 pro-

272 2800 380 2827 miserit
401 2807 431 2828 se
452 2800 626 2836 largiturum,
643 2800 724 2829 modo
740 2809 791 2829 nos
812 2801 846 2829 de
871 2801 972 2829 talibus
991 2802 1060 2829 nihil

308 2866 319 2882 ‘
331 2866 399 2894 Luc.
416 2875 469 2900 xvt,
494 2867 538 2895 10.
576 2868 586 2883 "
601 2868 696 2897 Malui.
717 2877 755 2903 vt,
772 2869 817 2897 5|.
855 2869 866 2886 ⁸
881 2869 950 2898 ibid.
966 2870 1012 2898 35.

1117 2304 1171 2329 σιν,
1195 2295 1212 2331 ἣ
1233 2296 1349 2330 ὑγίειαν,
1373 2296 1420 2322 καὶ
1438 2295 1561 2324 τοιαῦτα.
1580 2295 1739 2331 Προστάξας
1769 2295 1807 2332 μὴ
1833 2305 1910 2331 μερι-

1117 2342 1186 2377 μνᾷν
1200 2342 1267 2373 ὅλως
1283 2342 1347 2378 περὶ
1360 2342 1474 2375 τούτων,
1497 2342 1565 2369 ἀλλὰ
1578 2345 1613 2379 τῇ
1626 2344 1666 2374 εἰς
1681 2342 1763 2370 αὒτὸν
1778 2343 1909 2378 πεποιθὴ-

1115 2395 1156 2413 σει
1169 2387 1300 2420 ἐλπίζειν,
1318 2389 1359 2414 ὃτι
1373 2389 1475 2425 Κύριος
1487 2390 1638 2425 προνοητὴς
1647 2389 1701 2416 τῶν
1711 2391 1751 2421 εἰς
1761 2389 1843 2416 αὑτὸν
1857 2398 1907 2415 κα-

1114 2434 1305 2468 ταφευγόντων
1331 2435 1400 2461 κατὰ
1417 2435 1505 2461 πάντα
1514 2435 1630 2469 γίνεται.
1643 2435 1679 2461 Τὸ
1693 2435 1721 2462 δὲ
1735 2434 1805 2461 πολὺ
1817 2434 1849 2462 τὰ
1860 2434 1906 2461 τοῦ

1116 2479 1228 2507 αἰωνίου
1244 2479 1291 2506 καὶ
1305 2480 1446 2516 ἀφθάρτου
1458 2480 1556 2512 αἰῶνος
1567 2480 1718 2516 δωρήματά
1735 2481 1818 2512 ἐστιν,
1836 2480 1907 2514 ᾇπερ

1116 2526 1250 2562 ὑπέσχετο
1273 2527 1426 2562 παρασχεῖν
1450 2527 1507 2556 τοῖς
1537 2526 1712 2552 πιστεύουσιν
1739 2525 1831 2561 αὐτῷ,
1861 2525 1908 2551 καὶ

1117 2572 1297 2604 ἀδιαλείπτως
1318 2573 1384 2608 περὶ
1403 2572 1515 2599 ἐκείνων
1536 2572 1704 2607 μεριμνῶσι,
1728 2569 1776 2599 καὶ
1786 2570 1907 2598 αἰτοῦσιν

1116 2620 1209 2652 αὐτὸν,
1222 2620 1263 2647 ὅτι.
1275 2619 1362 2651 οὕτως
1379 2620 1532 2646 ἐνετείλατο
1542 2628 1550 2636 ·
1570 2620 1670 2654 Ὑμεῖς
1679 2619 1723 2652 δὲ,
1740 2620 1816 2655 φησὶ,
1830 2617 1906 2651 πρῶ-

1115 2675 1169 2694 τον
1183 2665 1292 2700 ζητεῖτε
1309 2666 1367 2700 τὴν
1382 2666 1548 2698 ,βασιλείαν
1560 2666 1616 2693 τοῦ
1630 2666 1714 2699 Θεοῦ,
1728 2665 1778 2693 καί
1790 2665 1847 2699 τὴν
1860 2664 1904 2691 ὄι-

1114 2712 1282 2746 καιοσύνην
1291 2712 1396 2744 αὑτοῦ,
1412 2712 1461 2738 καί
1477 2711 1571 2739 ταῦτα
1590 2711 1691 2739 πάντα
1700 2709 1903 2746 προστεθήσε-

1113 2764 1161 2783 ται
1174 2756 1260 2791 ὑμῖν·
1281 2757 1355 2788 ὅπως
1369 2757 1401 2783 ἐκ
1421 2756 1475 2783 τῶν
1489 2756 1588 2789 ὀλίγων
1598 2756 1703 2784 τούτων
1714 2757 1761 2784 καὶ
1777 2754 1903 2791 προσκαί-

1114 2811 1169 2839 ρων
1193 2803 1346 2839 δοκιμασθῇ
1372 2802 1499 2837 ικαστος,
1518 2803 1544 2830 εί
1572 2802 1695 2830 πιστεύει
1714 2802 1753 2839 τῷ
1778 2800 1845 2836 Θεῷ,
1862 2800 1903 2827 δτι
