2079 3152
289 159 340 188 δη

914 159 944 190 S.
963 157 1124 190 MACARII
1144 156 1305 188 [EGYPTH

1868 157 1919 190 812

286 218 388 240 aeterna
407 217 436 242 et
452 213 615 243 incumhilia
629 214 793 243 Immortalis
808 214 906 243 aninue
927 214 1040 242 vulnera
1053 218 1080 241 et

1133 212 1308 248 ἀθεράπευτα
1319 211 1370 246 τῆς
1381 210 1518 238 ἀθανάτου
1526 210 1617 247 ψυχῆς
1624 210 1782 248 τραύματα,
1790 211 1835 240 καὶ
1846 214 1918 250 πάθη

287 258 449 287 aﬂ'ectiones
472 260 586 296 vitiosas
607 260 775 288 credidisses
802 268 818 288 a
848 259 960 288 Christo
974 258 1079 291 curari,

288 305 418 333 crederes
440 313 552 341 quoque
575 314 639 334 eam
663 314 744 342 posse
766 313 865 334 curare
888 310 1081 340 temporaneas

288 352 413 386 corporis
423 351 583 381 aﬁ‘ectiones
595 357 624 381 et
637 353 760 386 morbos,
770 357 853 388 atque
860 352 895 380 ad
910 359 975 379 eum
989 351 1079 379 solum

289 396 452 432 confugeres
467 398 593 434 neglecta
614 399 785 427 medicorum
805 397 943 426 industria
958 401 986 425 et
1001 404 1079 425 cura.

288 441 342 475 Qui
356 442 430 470 enim
454 443 574 471 animam
598 444 734 477 condidit,
757 444 817 479 ipse
844 451 955 479 quoque
981 449 1081 477 corpus

289 488 413 516 creavit:
430 492 458 517 et
474 490 522 525 qui
539 490 613 518 illam
625 490 810 518 immortalem
825 494 914 522 sanat,
927 488 1000 517 idem
1011 495 1081 523 quo-

290 540 344 568 que
360 541 463 569 corpus
481 543 497 562 a
515 535 702 571 temporaneis
717 535 912 563 aﬁ‘ectionibus
926 538 956 562 et
973 532 1079 561 morbis

290 586 389 606 curare
403 585 503 614 potest.

326 624 358 651 V.
379 624 478 652 Verum
494 625 588 661 utique
605 626 665 654 haec
676 626 744 654 mihi
762 626 855 654 dices:
870 625 912 653 Ad
927 625 1082 652 medendum

290 671 395 705 corpori
409 673 535 699 concessit
553 672 622 700 Deus
643 677 700 700 tum
716 673 810 700 herbas
824 676 913 704 terra,
927 675 983 698 tum
999 672 1082 706 phar-

291 725 380 750 maca,
395 722 473 752 atque
504 718 666 746 medicorum
688 719 771 754 oﬂicia
797 718 831 745 ad
843 718 960 753 corporis
979 717 1082 744 morbos

290 765 470 799 prczparavit,
490 765 642 800 disponens,
660 770 688 792 ut
715 773 811 801 corpus
827 772 842 791 ε
861 768 933 791 terra
948 767 1082 798 sumptum

291 810 371 837 variis
385 818 399 836 e
414 814 486 838 terra
501 812 564 839 ortis
575 811 708 847 speciebus
719 815 836 838 curetur.
858 810 997 839 Conﬁteor
1015 816 1083 844 quo-

290 863 344 890 que
366 863 417 892 ego
431 857 489 885 hac
502 857 539 885 ita
557 865 586 885 se
602 857 720 891 habere;
737 865 833 885 verum
860 855 982 888 attende.
998 860 1027 882 et
1042 855 1083 882 in-

291 902 397 938 telliges
420 903 545 937 modum,
562 904 666 939 quibus
690 903 748 931 haec
770 903 834 930 data
859 902 924 934 sint,
940 905 968 929 et
980 900 1083 936 quibus
1099 895 1119 922 Β

290 947 348 975 lucc
358 949 526 976 concesserit
537 950 610 977 Deus
626 956 733 976 summa
748 952 777 976 et
790 947 896 975 inﬁnita
912 947 1083 975 humanitate

289 999 321 1020 ac
355 992 525 1028 benignitate
548 993 658 1021 ductus.
687 993 757 1022 Cum
781 992 930 1021 excidisset
955 992 1038 1019 homo
1067 999 1082 1018 a

289 1037 428 1070 mandato,
449 1038 523 1075 quod
546 1043 702 1074 acceperat,
720 1041 748 1066 et
765 1038 871 1074 judicio
884 1037 931 1065 irae
944 1037 1083 1065 obnoxius

289 1081 381 1110 factus
392 1088 475 1116 esset.
495 1089 524 1112 et
539 1085 616 1113 velut
635 1084 663 1112 in
680 1084 869 1120 captivitatem
884 1086 912 1111 et
927 1082 1082 1115 infamiam,

290 1127 405 1162 154m
413 1128 440 1155 in
450 1129 591 1164 cujusdam
601 1129 703 1157 metalli
713 1129 859 1162 oiIicinam,
867 1137 882 1156 a
891 1128 998 1156 deliciis
1003 1136 1081 1163 para-

288 1174 341 1202 disi
353 1175 380 1202 in
399 1175 474 1203 hunc
485 1177 619 1204 mundum
631 1177 842 1209 exterminatus,
855 1180 884 1204 et
897 1175 948 1204 sub
962 1179 1082 1210 potesta-

289 1225 344 1248 tem
356 1221 532 1250 tenebrarum
548 1223 686 1255 redactus,
701 1222 824 1250 inﬁdelis
838 1229 936 1250 errore
958 1220 1082 1248 aﬁ‘ectio—

287 1274 354 1294 num
366 1267 491 1295 redditus
501 1272 585 1300 esset.
596 1269 705 1296 tandem
717 1269 745 1296 in
756 1269 915 1297 aﬂ'ectiones
927 1273 956 1297 et
970 1267 1082 1296 morbos

287 1312 380 1340 carnis
398 1313 506 1346 incidit,
522 1315 570 1349 qui
584 1314 662 1350 prius
674 1315 763 1342 omnis
780 1315 937 1343 aﬁ‘ectionis
947 1319 977 1343 et
991 1314 1081 1342 morbi

287 1364 348 1386 erat
373 1366 482 1394 expers.
499 1360 577 1388 Patet
590 1368 656 1395 ergo
676 1368 773 1388 omnes
785 1368 896 1396 quoque
914 1368 948 1388 ex
971 1368 1006 1388 eo
1017 1368 1082 1396 pro-

287 1404 396 1439 genitos
413 1405 441 1432 in
457 1405 568 1433 easdem
583 1406 745 1434 aﬁ'ectiones
761 1405 888 1441 delapsos
901 1413 974 1434 esse.

325 1501 368 1529 Vl.
380 1502 525 1531 Concessit
539 1511 606 1538 ergo
625 1503 683 1532 hac
698 1503 772 1531 Deus
786 1503 904 1531 inﬁrmis
917 1508 946 1531 et
960 1503 1079 1532 inﬁdeli-

289 1547 352 1581 bus,
363 1549 461 1576 nolens
475 1549 589 1577 omnino
604 1549 694 1584 perire
703 1549 852 1577 obnoxium
865 1549 986 1585 peccatis
993 1556 1080 1585 genus

290 1593 452 1627 humanum,
471 1602 521 1630 pro
546 1602 653 1622 summa
667 1603 717 1623 sua
739 1595 898 1623 clementia.
927 1595 981 1623 Sed
1004 1595 1082 1623 dedit

289 1642 325 1670 ad
342 1641 737 1676 refocillandum,sanandum,
753 1646 781 1670 et
797 1643 951 1671 curandum
967 1650 1080 1678 corpus,

290 1687 438 1723 pharmaca
466 1688 549 1724 hujus
578 1688 675 1716 mundi
699 1688 859 1716 hominibus
889 1693 919 1716 et
941 1689 1082 1716 extraneis

288 1734 418 1763 omnibus
437 1744 444 1762 :
461 1735 563 1770 quibus
574 1734 659 1763 etiam
675 1742 723 1762 eos
739 1734 781 1762 uti
795 1734 931 1770 permisit,
949 1734 996 1770 qui
1012 1742 1082 1761 non-

289 1780 356 1808 dum
372 1781 429 1808 Deo
454 1788 484 1808 se
507 1784 581 1809 totos
605 1780 774 1809 concredere
796 1785 924 1816 possunt.
941 1780 983 1808 Tu
1001 1788 1079 1814 vero,

289 1826 337 1863 qui
351 1826 504 1854 solitariam
520 1827 580 1862 agis
595 1827 691 1859 vitam,
707 1826 756 1862 qui
784 1826 926 1854 accessiin
952 1826 986 1854 ad
1001 1825 1081 1854 Chri-

288 1877 373 1905 stum,
388 1873 436 1909 qui
463 1873 550 1901 Fiiius
562 1873 610 1900 Dei
622 1880 684 1900 esse
699 1872 852 1905 desideras,
871 1872 918 1908 qui
933 1872 1053 1907 desuper
1065 1880 1080 1900 e

288 1918 392 1954 Spiritu
403 1918 479 1946 nasci
492 1918 610 1953 expetis,
627 1918 675 1954 qui
694 1918 871 1946 sublimiores
880 1921 908 1945 et
918 1917 1079 1953 ampliores,

287 1971 371 2000 quam
383 1964 489 1999 primus
502 1963 597 1997 homo,
613 1963 705 1991 omnis
720 1963 876 1991 aﬂectionis
888 1970 997 1998 expers,
1016 1971 1081 1998 pro-

287 2008 435 2036 missiones
457 2007 600 2042 accepisti,
617 2007 804 2043 gratissimum
824 2007 955 2034 nimirum
970 2007 1079 2035 Domini

288 2052 447 2085 adventum,
466 2052 514 2087 qui
540 2052 705 2087 peregrinus
720 2052 803 2087 hujus
818 2051 915 2079 mundi
932 2059 962 2080 es
978 2052 1077 2085 factus,

287 2098 374 2132 magis
388 2104 487 2124 novam
499 2097 647 2131 quamdam
664 2101 692 2124 et
702 2097 876 2132 peregrinam
890 2096 983 2131 ﬁdem,
995 2097 1079 2124 intel-

286 2142 389 2170 lectum
413 2146 443 2169 et
478 2142 662 2169 conversandi
688 2142 825 2170 rationem
857 2146 957 2177 praeter
983 2150 1079 2171 omnes

286 2187 370 2222 hujus
383 2187 479 2215 mundi
495 2187 622 2215 homines
636 2187 763 2216 obtinere
778 2187 873 2215 debes.
887 2187 980 2216 Gloria
992 2188 1077 2220 Patri,

285 2238 314 2260 et
339 2233 421 2266 Filio,
432 2237 461 2260 et
475 2232 591 2268 Spiritui
608 2237 715 2265 sancto,
731 2232 760 2260 in
774 2231 874 2260 saecula
888 2232 986 2260 Amen.

552 2342 696 2371 HOMILIA
714 2343 809 2371 XLIX.

284 2389 344 2416 Non
367 2389 437 2426 satis,
451 2393 489 2426 est
516 2389 713 2426 hujusrswculi
739 2389 846 2426 delicias
866 2391 1012 2426 reliquisse,
1026 2391 1076 2417 nisi

338 2425 396 2459 quia
410 2425 520 2452 alterius
531 2425 620 2452 menti
634 2425 821 2452 beatitudinem
837 2431 1021 2461 consequatur.

322 2513 350 2541 Si
366 2514 429 2549 quis
443 2521 572 2549 egressus
584 2522 600 2542 e
612 2514 744 2550 propriis,
759 2514 826 2542 huic
849 2514 953 2542 mundo
969 2523 1073 2543 renun-

284 2561 345 2593 tiet,
372 2566 400 2589 et
412 2562 521 2590 deliciis
542 2562 625 2598 hujus
647 2563 751 2596 saeculi,
765 2568 822 2590 tum
840 2563 1072 2598 possessionibus,

283 2612 342 2635 tum
368 2612 457 2642 patre,
474 2613 532 2636 tum
561 2613 661 2641 matre,
673 2609 783 2636 Domini
807 2609 906 2645 gratia,
927 2610 1031 2638 relictis
1045 2616 1074 2639 et

283 2654 396 2686 amotis,
414 2662 444 2682 se
458 2655 549 2690 ipsum
563 2655 760 2691 cruciﬁgendo,
777 2657 950 2692 peregrinus,
969 2665 1074 2693 pauper

281 2704 312 2727 ct
324 2707 428 2735 egenus
441 2700 507 2734 ﬁat;
525 2709 576 2736 pro
597 2702 691 2737 quiete
713 2706 805 2730 autem
819 2703 902 2738 hujus
923 2704 1015 2732 saeculi
1031 2711 1074 2732 re-

283 2744 377 2778 quiem
401 2745 524 2774 divinam
538 2747 566 2774 in
594 2755 624 2775 se
654 2748 715 2783 ipso
737 2756 792 2775 non
823 2749 964 2783 inveniat;
981 2755 1009 2778 et
1023 2758 1074 2785 pro

284 2789 392 2821 deliciis
410 2792 607 2826 temporaneis,
623 2792 737 2820 delicias
751 2793 870 2828 Spiritus
882 2795 909 2822 in
928 2803 977 2822 sua
990 2795 1077 2830 ipsius

284 2833 376 2861 anima
404 2843 458 2862 non
483 2837 600 2870 sentiat;
618 2842 647 2872 et.
665 2846 714 2873 pro
737 2840 965 2874 corruptibilihus
993 2841 1077 2869 vesti-

286 2879 393 2906 mentis.
423 2881 587 2909 vcstimenta
614 2882 714 2911 divinae
745 2883 816 2912 lucis
839 2893 895 2921 non
920 2885 1017 2913 induat
1047 2885 1075 2913 in

1129 259 1229 291 κακίας
1239 259 1404 290 ἐπίστευσας
1422 258 1475 285 ὑπὸ
1494 257 1613 293 Χριστοῦ
1627 258 1842 294 θεραπευθῆναι,
1861 261 1920 287 ἐπί-

1131 313 1224 336 στιυες
1240 304 1273 332 ἂν
1282 303 1356 338 αὐτῷ
1369 303 1474 339 δυνατῷ
1484 303 1542 330 ὄντι
1552 303 1728 340 θεραπεύειν,
1737 305 1785 332 καὶ
1795 305 1828 332 τὰ
1837 306 1919 340 πρόσ-

1130 359 1214 385 καιρα
1238 349 1284 376 τοῦ
1305 349 1431 384 σώματος
1453 348 1527 384 πάθη
1547 349 1595 376 καὶ
1607 350 1762 384 νοσήματα,
1783 351 1830 377 καὶ
1852 351 1919 386 πρὸς

1130 396 1213 424 αὑτὸν
1227 396 1261 423 ἂν
1275 395 1356 431 μόνον
1375 395 1544 430 κατίφευγες
1562 395 1707 431 ὑπερορῶν
1723 396 1853 432 ἰατρικῶν
1863 398 1921 424 ἑπι-

1130 443 1316 479 τηδευμάτων,
1333 443 1380 470 καὶ
1393 441 1558 478 θεραπειῶν,
1581 441 1610 468 '0
1630 442 1686 478 γὰρ
1695 442 1745 479 τὴν
1758 443 1846 479 ψυχὴν
1865 444 1921 470 κτί-

1133 498 1192 522 σας,
1203 489 1284 520 αὐτὸς
1295 489 1342 516 καὶ
1356 488 1387 516 τὸ
1402 488 1482 524 σῶμα
1495 488 1631 523 πεποίηκε
1642 496 1649 504 ·
1666 489 1714 516 καὶ
1728 489 1743 516 ὁ
1757 489 1865 525 ἐκείνην
1872 491 1921 524 τὴν

1131 535 1265 562 ἀθάνατον
1278 533 1404 570 ἰώμενος,
1427 533 1509 565 αὐτὸς
1530 535 1560 561 τὸ
1581 533 1661 570 σῶμα
1673 534 1785 562 δύναται
1800 536 1854 562 ἀπὺ
1869 536 1921 562 τῶν

1132 581 1308 616 προσκαίρων
1327 580 1421 606 παθῶν
1435 581 1484 608 καὶ
1503 581 1666 616 νοσημάτων
1681 579 1860 616 θεραπεῦσαι.

1168 628 1207 656 E'.
1234 627 1315 654 ’Δλλά
1340 627 1448 659 πάντως
1471 627 1543 662 ἐρεῖς
1571 635 1616 662 μοι
1632 626 1736 653 ταῦτα·
1754 625 1797 658 Τῷ
1810 626 1922 660 σώματι

1132 675 1245 702 ἔδωκεν
1255 676 1272 702 ὀ
1281 674 1354 708 Θεὸς
1366 675 1411 707 εις
1424 674 1594 707 θεραπείαν,
1610 673 1665 706 τάς
1681 681 1714 700 τε
1726 672 1861 706 βοτάνας
1870 672 1921 707 τῆς

1132 721 1200 757 τῆς,
1217 721 1267 748 καὶ
1287 720 1324 748 τὰ
1331 720 1483 755 φάρμακα.
1502 719 1552 746 καὶ
1567 718 1678 753 ἰατρῶν
1691 719 1920 754 ἐπιτηδεύματα,

1132 767 1208 802 «pec
1219 767 1254 794 τὰ
1268 766 1321 793 τοῦ
1338 766 1476 800 σώματος
1485 765 1565 799 πάθη
1578 765 1803 800 προευτρέπισσ,
1819 765 1855 792 τὸ
1864 765 1921 792 ἀπὸ

1133 814 1190 850 τῆς
1198 813 1235 841 ὃν
1244 812 1330 848 σῶμα
1344 811 1561 845 θεραπεύεσθαι
1575 810 1794 845 οἰκονομήσας,
1809 811 1846 838 ἐκ
1865 809 1922 837 τῶν

1134 859 1191 894 τῆς
1213 858 1268 894 τῆς
1291 857 1441 892 διαφόρων
1459 856 1557 884 σιδῶν.
1590 855 1723 891 Σύμφημι
1747 854 1826 890 κάγὼ
1839 854 1922 881 ταῦτα

1133 906 1220 937 οὕτως
1233 905 1305 940 ἔχειν
1317 912 1323 919 ⁸
1333 903 1401 930 ἀλλὰ
1416 903 1546 938 πρόσεχε,
1572 902 1620 929 καὶ
1635 901 1728 937 γνώσῃ
1741 901 1787 928 τὸν
1812 900 1921 935 τρόπον,

1133 952 1189 979 τίσι
1218 950 1306 978 ταῦτα
1330 950 1447 982 δέδοται,
1478 949 1526 976 καὶ
1539 949 1611 976 τίσιν
1621 947 1826 983 ᾠκονόμησενό
1850 945 1922 978 Θεὸς,

1133 996 1205 1023 κατὰ
1215 995 1316 1030 πολλὴν
1327 995 1374 1022 καὶ
1387 994 1502 1029 ἄπειρον
1519 992 1725 1028 φιλανθρωπίαν
1735 992 1783 1018 καὶ
1808 991 1924 1027 χρηστό-

1132 1050 1212 1077 τητα.
1231 1039 1371 1068 Ἐκπεσὼν
1389 1040 1405 1067 ὁ
1419 1041 1563 1075 ἅνθρωπος
1576 1038 1630 1066 ἀπὺ
1645 1038 1695 1073 τῆς
1711 1037 1821 1072 ἐντολῆς
1839 1034 1873 1072 ἧς
1884 1037 1923 1063 ει-

1131 1087 1226 1123 λήφιι,
1246 1089 1294 1115 καὶ
1307 1087 1360 1114 ὑπὸ
1374 1086 1424 1119 τὴν
1447 1086 1587 1120 ἀπόφασιν
1601 1084 1687 1120 ὀργῆς
1714 1083 1852 1119 γεγονὼς,
1878 1081 1924 1110 καὶ

1132 1134 1227 1168 ὥσπερ
1243 1133 1284 1164 είς
1311 1131 1501 1167 αἰχμαλωσίαν
1528 1130 1576 1157 καὶ
1604 1128 1728 1164 ἀτιμίαν,
1753 1127 1770 1162 ἢ
1792 1126 1922 1162 μετάλλου

1131 1179 1204 1211 τινὸς
1216 1179 1359 1214 ἐργασίαν,
1373 1179 1405 1204 ὲκ
1415 1177 1465 1211 τῆς
1477 1176 1583 1212 τρυφῆς
1595 1175 1641 1202 τοῦ
1653 1174 1821 1210 παραδείσου
1832 1174 1874 1204 εἰς
1880 1172 1923 1200 τὸν

1131 1224 1234 1260 κόσμον
1246 1223 1340 1250 τοῦτον
1355 1221 1516 1258 ὲξορισθιὶς,
1538 1222 1585 1248 καὶ
1602 1219 1654 1248 ὑπὸ
1670 1220 1720 1254 τὴν
1735 1218 1864 1251 ἐξουσίαν
1877 1218 1922 1245 τοῦ

1132 1271 1245 1302 σκότους
1256 1268 1386 1304 γεγονὼς,
1402 1268 1450 1295 καὶ
1465 1268 1578 1299 ἄπιστος
1595 1267 1648 1293 τῶν
1663 1265 1758 1292 παθῶν
1771 1263 1921 1296 κακαστὰς,

1132 1316 1185 1343 ὑπὸ
1202 1315 1237 1342 τά
1255 1315 1329 1350 πάθη
1344 1314 1449 1346 λοιπὸν,
1465 1314 1514 1340 καὶ
1528 1313 1564 1340 τὰ
1588 1312 1732 1347 νοσήματα
1755 1311 1807 1345 τῆς
1822 1309 1922 1345 σαρκὸς

1131 1363 1289 1393 πέπτωκεν,
1304 1362 1318 1388 ό
1333 1361 1399 1396 πρὶν
1412 1360 1587 1396 ἀπαθὴς,καὶ
1607 1359 1712 1390 ἀνοσος.
1727 1357 1812 1393 Δῆλον
1823 1356 1855 1384 δὲ
1882 1356 1922 1382 ὅτι

1131 1409 1178 1436 καὶ
1192 1408 1292 1439 πάντες
1310 1407 1335 1434 οἱ
1347 1406 1378 1439 ἐξ
1394 1405 1477 1434 αὐτοῦ
1492 1405 1670 1441 γεννηθέντες
1686 1404 1743 1436 τοῖς
1761 1404 1857 1435 αὐτοῖς
1871 1402 1923 1429 πά-

1132 1455 1206 1482 θεσιν
1217 1452 1461 1480 ὑποπεπτώκασιν,

1149 1502 1196 1534 (Γ.
1228 1499 1393 1535 ’ῼκονόμησε
1417 1498 1508 1525 τοίνυν
1529 1496 1616 1525 ταῦτα
1641 1497 1697 1528 τοῖς
1724 1495 1853 1523 ἀσθενέσι
1877 1494 1923 1522 καὶ

1131 1546 1256 1576 ἀπίστοις
1274 1547 1287 1572 ὀ
1297 1545 1375 1577 Θεὸς,
1396 1545 1434 1580 μὴ
1450 1543 1595 1580 βουληθεὶς
1614 1542 1754 1574 παντελῶς
1768 1541 1923 1577 ὲξολοθρεῦ-

1133 1600 1177 1619 σαι
1199 1591 1230 1618 τὺ
1247 1590 1410 1626 ἁμαρτωλὸν
1436 1589 1490 1617 ¹τῶν
1507 1588 1660 1625 ἀνθρώπων
1672 1587 1752 1622 γένος
1762 1588 1807 1615 διὰ
1823 1587 1923 1621 πολλὴν

1131 1637 1316 1674 χρηστότητα.
1332 1637 1402 1664 Ἀλλ’
1416 1636 1516 1663 ἔδωκεν
1529 1636 1569 1668 εις
1583 1634 1764 1670 ψυχαγωγίαν
1780 1635 1828 1662 καὶ
1844 1634 1924 1669 θερα-

1132 1684 1214 1710 πείαν
1229 1684 1278 1710 καὶ
1294 1683 1454 1717 ἐπιμέλειαν
1467 1682 1516 1709 τοῦ
1530 1682 1658 1717 σώματος
1671 1681 1708 1708 τὰ
1718 1681 1856 1717 φάρμακα
1869 1681 1924 1712 τοῖς

1130 1729 1179 1757 τοῦ
1188 1730 1291 1765 κόσμου
1307 1729 1475 1766 ἀνθρώποις,
1490 1729 1538 1756 καὶ
1554 1729 1612 1761 τοῖς
1619 1727 1672 1761 ἔξω
1684 1729 1753 1756 πᾶσι
1763 1737 1770 1744 ·
1786 1727 1924 1759 κάκείνοις

1132 1776 1307 1812 συνεχώρησε
1321 1776 1434 1807 τούτους
1454 1774 1573 1811 χρᾶσθαι
1583 1775 1649 1807 τοὺς
1669 1774 1709 1810 τῷ
1729 1773 1789 1810 Θεῷ
1809 1773 1924 1810 μηδέπω

1131 1822 1297 1858 δυναμένους
1323 1822 1353 1856 ἐξ
1380 1822 1441 1849 ὅλου
1460 1822 1576 1853 ἑαυτοὺς
1589 1820 1779 1857 ἐμπιστεύειν.
1805 1821 1844 1847 Σὺ
1860 1820 1888 1847 δὲ
1909 1820 1924 1847 ὁ

1133 1867 1267 1903 μονάζων,
1283 1868 1297 1894 ό
1313 1867 1523 1903 προσεληλυθὼς
1533 1867 1573 1902 τῷ
1587 1867 1710 1903 Χριστῷ,
1723 1866 1839 1897 καὶυῐὸς
1857 1865 1923 1893 Θεοῦ

1132 1914 1295 1950 βουλόμενος
1319 1911 1401 1947 εἷναι,
1423 1915 1471 1941 καὶ
1487 1914 1591 1941 ἀνωθεν
1607 1915 1640 1941 ὲκ
1653 1913 1812 1949 Πνεύματος
1826 1921 1924 1948 γεννη-

1131 1960 1222 1995 θῆναι,
1243 1961 1291 1989 καὶ
1312 1961 1453 1995 ἀνωτέρας
1472 1960 1520 1987 καὶ
1543 1960 1654 1995 μείζους
1678 1959 1726 1986 τοῦ
1750 1959 1861 1995 πρώτου
1876 1959 1923 1986 καὶ

1131 2005 1256 2038 ἀπαθοῦς
1287 2005 1432 2041 ἀνθρώπου
1458 2005 1625 2040 ἐπαγγελίας
1649 2005 1846 2040 ἐκδεχόμενος,
1875 2003 1923 2039 τὴν

1130 2052 1256 2080 εὐδοκίαν
1269 2052 1319 2087 τῆς
1347 2052 1396 2078 τοῦ
1411 2052 1515 2088 Κυρίου
1540 2051 1699 2087 ἐπιδημίας,
1716 2050 1764 2077 καὶ
1786 2050 1863 2083 ξένος
1875 2049 1922 2076 τοῦ

1131 2099 1235 2134 κόσμου
1249 2097 1382 2133 γεγονὼς,
1397 2098 1561 2134 καινοτέραν
1572 2098 1634 2125 τινὰ
1653 2098 1701 2124 καὶ
1719 2096 1798 2132 ξένην
1817 2096 1921 2126 πίστιν,

1130 2145 1179 2171 καὶ
1193 2145 1309 2176 ἔννοιαν,
1336 2145 1384 2171 καὶ
1400 2143 1540 2171 πολιτείαν
1572 2143 1649 2178 παρά
1676 2143 1784 2174 πάντας
1796 2143 1862 2174 τοὺς
1876 2141 1922 2169 τοῦ

1131 2189 1236 2224 κόσμου
1263 2188 1426 2225 ἀνθρώπους
1440 2188 1590 2223 κεκτῆσθαι
1605 2188 1734 2223 ὀφείλεις.
1751 2187 1819 2220 Δόξα
1836 2186 1922 2223 Πατρὶ

1089 2235 1178 2270 »καὶ
1203 2234 1271 2269 Υίῴ,
1300 2235 1349 2261 ναὶ
1379 2233 1452 2269 ἁγίῳ
1472 2233 1624 2269 Πνεύματι,
1656 2234 1697 2265 εἰς
1722 2233 1786 2264 τοὺς
1808 2232 1919 2264 αἰῶνας.

1137 2279 1232 2314 Ἀμήν.

1421 2345 1543 2372 ΟΜῐΛΙΑ
1559 2346 1628 2373 Μεγ.

1127 2394 1187 2419 οὐχ
1209 2391 1342 2425 ἐπαρκεῖ,
1368 2389 1420 2424 τῆς
1446 2390 1564 2425 τρυφῆς
1591 2391 1701 2417 τούτου
1733 2389 1788 2417 τοῦ
1803 2392 1919 2424 κόσμου

1165 2426 1388 2461 ἀπαλλαγῆναι,
1402 2426 1457 2452 ἐὰν
1474 2425 1516 2461 μή
1530 2434 1574 2460 τις
1589 2425 1646 2460 τὴν
1656 2426 1810 2460 μακαρίαν
1822 2425 1919 2452 ἄλλον

1164 2462 1217 2490 τοῦ
1230 2463 1345 2496 κήσμου
1357 2461 1447 2496 λάϐῃ.

1164 2519 1203 2544 A’.
1225 2518 1288 2546 Ἐάν
1299 2526 1342 2550 τις
1357 2516 1473 2550 ἐξελθὼν
1486 2517 1540 2544 τῶν
1553 2517 1635 2550 ἰδίων,
1647 2516 1695 2543 καὶ
1711 2516 1918 2551 ἀποταξάμενος

1127 2564 1167 2599 τῷ
1177 2564 1273 2600 κόσμῳ
1291 2563 1392 2599 τούτῳ,
1407 2563 1456 2590 καὶ
1467 2564 1517 2598 τῆς
1530 2563 1635 2599 τρυφῆς
1651 2562 1698 2589 τοῦ
1710 2563 1815 2598 κόσμου
1828 2562 1916 2589 ἀπαλ-

1128 2609 1233 2644 λαγεὶς,
1244 2610 1291 2637 καὶ
1305 2610 1463 2646 κτημάτων,
1477 2609 1525 2636 καὶ
1542 2609 1655 2645 πατρὸς,
1672 2609 1719 2635 καὶ
1735 2608 1847 2644 μητρὸς,
1859 2608 1917 2634 ἐνε-

1128 2664 1175 2683 κεν
1189 2656 1236 2683 τοῦ
1252 2656 1367 2690 Κυρίου,
1396 2655 1443 2682 καὶ
1470 2655 1566 2682 ἑαυτὸν
1582 2654 1755 2690 σταυρώσας,
1781 2655 1854 2688 ξένος
1869 2653 1916 2680 καὶ

1127 2702 1222 2737 πένης,
1237 2703 1285 2729 καὶ
1299 2702 1392 2737 ἐνδεὴς
1410 2704 1533 2737 γένηται,
1549 2702 1612 2728 ἀντὶ
1627 2701 1656 2728 δὲ
1673 2701 1724 2736 τῆς
1739 2701 1916 2731 ἀναπαύσεως

1128 2748 1174 2775 τοῦ
1194 2748 1299 2783 κόσμου
1327 2749 1482 2776 ἀνάπαυσιν
1497 2748 1604 2784 θεῑκὴν,
1628 2749 1658 2774 ὲν
1678 2748 1767 2782 ἑαυτῷ
1786 2747 1824 2783 μὴ
1835 2746 1913 2782 εὕρῃ,

1127 2794 1175 2820 καὶ
1187 2794 1248 2821 ἀντὶ
1258 2794 1308 2829 τῆς
1320 2794 1487 2830 προσκαίρου
1498 2795 1616 2830 τρυφῆς,
1635 2794 1739 2830 τρυφὴν
1757 2793 1914 2827 Πνεύματος

1127 2841 1166 2870 εἰς
1183 2840 1233 2876 τὴν
1252 2840 1350 2867 ἑαυτοῦ
1365 2840 1455 2876 ψυχὴν
1479 2841 1516 2877 μὴ
1543 2841 1681 2876 αἴσθηται,
1710 2841 1757 2867 καὶ
1777 2839 1835 2867 ἀντὶ
1859 2837 1913 2864 τῶν

1128 2885 1258 2921 φθαρτῶν
1281 2887 1449 2922 ἐνδυμάτων,
1467 2886 1604 2922 ἐνδύματα
1625 2886 1714 2922 φωτὸς
1736 2886 1858 2921 θεότητος
1874 2882 1911 2919 μὴ
