2079 3152
193 172 247 205 8Ῐ3

777 171 963 203 HOMILI/E.
979 183 1014 189 -
1024 171 1117 203 ΗΟΜ.
1137 172 1242 204 XLIX.

1768 171 1826 204 δη

193 228 378 264 ἀμφιάσηται,
404 228 445 259 είς
464 228 509 254 τὸν
530 226 585 255 εσω
610 227 765 263 ἄνθρωπον,
785 227 833 255 καὶ
850 227 912 255 ἀντὶ
933 226 984 261 τῆς

1039 225 1163 254 interiori
1183 227 1310 259 homine;
1324 230 1353 254 et
1368 234 1419 262 pro
1432 226 1521 262 priori
1534 230 1563 255 οι
1575 226 1680 254 carnali
1694 226 1825 255 societate

194 275 329 311 προτέρου
342 275 390 301 καὶ
405 274 542 310 σαρκικῆς
552 273 695 305 κοινωνίας
708 273 822 308 ταύτης,
839 273 983 300 κοινωνίαν

194 320 242 348 τοῦ
256 319 420 356 ἐπουρανίου
441 321 469 347 ἐν
485 321 518 356 τῇ
538 319 636 347 ἑαυτοῦ
666 319 738 355 ψυχῇ
754 320 783 346 ὲν
810 317 984 361 πληροφορίᾳ

196 367 234 402 μὴ
249 366 317 401 γνῷ,
333 366 380 393 καὶ
390 365 452 393 ἀντὶ
463 365 513 400 τῆς
529 365 697 400 φαινομένης
714 364 763 392 τοῦ
775 364 878 400 κόσμου
886 364 983 391 τούτου

196 413 294 448 χαρᾶς,
307 413 397 448 χαρὰν
423 411 582 451 Πνερματος
597 410 671 438 ἔνδον
690 410 728 446 μὴ
748 411 810 446 σχῇ,
829 410 877 437 καὶ
893 409 984 451 παρά-

195 446 292 493 imm
306 446 432 493 οὖρανίου
447 447 568 493 χάριτος,
591 456 640 483 καὶ
659 456 807 492 χορτασίαν
821 455 895 482 θείαν
907 446 936 481 ἓν
949 456 983 490 τῇ

194 505 267 539 ψυχῇ
287 503 324 539 μὴ
339 503 408 538 λάϐῃ
420 504 449 530 ὲν
467 502 507 537 τῷ
521 502 673 538 ἑποφθῆναι
687 501 763 536 αὐτῷ
776 501 827 537 τὴν
843 501 923 533 δόξαν
936 500 984 528 τοῦ

195 549 310 585 Κυρίου,
322 548 394 575 κατὰ
407 548 439 575 τὸ
461 547 671 583 γεγραμμένονι
684 547 733 574 καὶ
747 545 915 578 ἁπαξαπλῶς
925 545 986 573 ἀντὶ

195 595 297 630 ταύτης
313 595 363 629 τῆς
377 594 546 629 προσκαίρου
564 592 752 625 ἀπολαύσεως,
764 591 914 619 ἀπόλαυσιν
929 591 984 626 αφ-

194 642 296 677 θαρτον
310 640 492 676 ιπιθυμητὴν,
505 641 534 667 ὲν
548 641 582 675 τῇ
598 639 696 666 ἑαυτοῦ
710 639 784 674 ψυχῇ
799 638 836 674 μὴ
849 639 986 673 κτήσηται

196 686 243 714 νῦν
253 695 259 702 ·
276 683 353 717 οὗτος
369 686 481 719 γέγονεν
500 685 567 717 ἃλας
584 684 690 719 μωρόν·
709 679 787 716 οὗτος
800 683 915 715 ἐλεεινός
928 684 986 711 ἐστι

196 732 272 766 παρὰ
294 731 400 763 πάντας
423 731 602 766 ἀνθρώπους·
618 726 697 762 οὗτος
721 729 769 756 καὶ
789 729 844 757 τῶν
859 729 986 757 ἐντεῦθεν

197 776 342 812 ἐστερήθη,
369 776 417 802 καὶ
428 775 482 802 τῶν
497 774 597 801 θεῖκῶν
609 774 659 801 οὐκ
672 774 811 801 ἀπέλαυσε
821 782 829 789 ’
848 775 986 810 μυστήρια

195 821 257 847 θεῖα
270 821 304 847 δι’
314 820 454 855 ἐνεργείας
466 819 514 846 τοῦ
528 818 686 854 Πνεύματος
697 819 748 846 οὐκ
763 819 835 854 ἔγνω
845 819 875 846 ὲν
882 819 922 855 τῷ
931 819 985 846 Eam

196 866 280 894 αὑτοῦ
291 865 436 901 ἀνθρώπῳ,

1032 271 1094 304 hac,
1123 272 1285 300 societatem
1309 273 1448 301 ccelestem
1478 273 1506 300 iu
1536 280 1585 300 sua
1612 273 1700 308 ipsius
1722 273 1823 306 anima,

1033 321 1108 346 certa
1124 317 1224 346 ﬁducia
1239 318 1332 348 nixus.
1343 326 1398 346 non
1409 323 1555 354 agnoscat;
1567 322 1602 346 et,
1611 326 1662 353 pro
1675 319 1826 353 conspicuo

1033 363 1120 397 hujus
1136 363 1233 391 mundi
1253 363 1366 399 gaudio,
1383 364 1513 399 gaudium
1528 363 1648 399 Spiritus
1669 364 1744 391 intus
1770 371 1826 391 non

1034 407 1145 440 habeat,
1159 412 1189 436 et
1198 408 1416 436 consolationem
1432 409 1553 436 cwlestis
1571 409 1676 444 gratia,
1695 413 1723 436 et
1741 409 1825 436 satie-

1034 457 1118 481 tatem
1133 453 1256 481 divinam
1285 454 1314 481 in
1342 455 1445 482 anima.
1463 461 1518 482 non
1540 459 1737 490 consequatur,
1760 454 1826 482 dum

1032 504 1148 534 apparet
1170 500 1196 527 ei
1219 500 1305 535 gloria
1327 500 1448 533 Domini,
1462 505 1493 527 ut
1508 500 1641 535 scriptum
1665 504 1778 534 est;ct,
1796 505 1828 528 ut

1035 545 1120 572 semel
1137 544 1238 578 dicam,
1259 552 1309 580 pro
1329 549 1521 572 momentanea
1544 545 1596 572 hac
1609 545 1760 581 voluptate,
1779 553 1828 573 vo-

1034 590 1168 626 luptatem
1179 591 1419 626 incorruptibilem
1433 591 1618 619 desideratam
1634 591 1662 618 in
1677 599 1727 619 sua
1742 592 1828 626 ipsius

1035 636 1129 664 anima
1139 644 1214 664 nunc
1232 644 1288 664 non
1300 636 1436 669 obtineat,
1457 637 1503 664 hic
1517 637 1605 665 factus
1619 641 1662 665 est
1676 637 1716 664 sal
1731 637 1829 672 insipi-

1036 680 1114 713 dum,
1139 681 1186 709 hic
1207 681 1394 709 miserabilior
1421 686 1463 709 est
1473 689 1554 717 quam
1566 682 1662 710 cuncti
1680 682 1827 710 homines:

1036 727 1083 754 hic
1093 730 1122 754 et
1133 727 1313 755 smeularibus
1328 726 1453 762 privatus
1468 733 1521 760 est,
1530 733 1559 756 et
1572 728 1676 756 divinis
1692 735 1747 755 non
1757 728 1829 756 frui-

1037 776 1098 800 tur:
1117 773 1249 808 mysteria
1265 773 1358 800 divina
1385 781 1434 808 per
1457 774 1646 808 operationem
1666 774 1786 809 Spiritus
1800 774 1829 801 in

1037 818 1150 846 homine
1161 819 1293 846 interiore
1306 826 1362 850 non
1374 819 1513 854 cognovit.

232 913 270 940 B’.
289 896 433 939 Ald-1051'!)
441 912 496 947 γὰρ
507 911 581 944 ξένος
591 912 637 939 τοῦ
653 912 757 948 κόσμου
773 911 920 948 γεγένηταί
929 919 983 944 τις,

1071 906 1104 934 ll.
1119 907 1269 942 Propterea
1281 907 1356 936 enim
1380 907 1489 935 alienus
1510 907 1616 935 mundo
1629 907 1689 935 ﬂeri
1708 907 1770 942 quis
1779 914 1829 935 so-

196 959 241 986 ῐνα
255 959 294 990 είς
308 958 402 994 ἕτερον
411 958 525 994 κόσμον,
543 959 590 985 καὶ
602 959 690 985 αξῶνα
702 959 741 994 τῷ
754 959 910 994 φρονήματι
919 965 984 993 μετ-

196 1006 262 1043 έλθῃ
276 1007 293 1041 ἠ
319 1006 392 1042 ψυχὴ
406 1006 500 1038 αὑτοῦ,
521 1006 593 1044 κατὰ
615 1007 662 1034 τὸν
695 1006 871 1034 Ἀπόστολον”
890 1005 985 1041 Ἡμῶν

143 1076 146 1079 ,
197 1052 262 1087 τὰρ,
274 1052 350 1087 φησὶ,
376 1052 410 1079 τὸ
434 1053 600 1087 πολίτευμα
623 1052 659 1080 ὲν
681 1052 821 1087 οὐρανοῖς
843 1051 982 1087 ὑπάρχει.

196 1099 252 1126 Καὶ
265 1098 357 1131 πάλιν,
367 1098 430 1124 Ἐπὶ
441 1097 498 1132 γῆς
505 1098 749 1132 περιπατοῦντες,
759 1099 795 1125 οὺ
803 1097 879 1125 κατὰ
885 1097 985 1132 σάρκα

195 1144 428 1179 στρατευόμεθα.
441 1145 487 1170 Δεῖ
500 1144 590 1170 τοίνυν
605 1143 651 1170 τὸν
667 1143 873 1178 ἀποταξάμενον
886 1142 925 1179 τῷ
939 1144 985 1170 κό-

198 1198 260 1225 σμῳ
282 1191 379 1225 τούτῳ,
393 1188 509 1224 βεϐαίως
529 1189 684 1222 πιστεῦσαι,
699 1189 741 1216 ὅτι
766 1189 819 1225 χρὴ
834 1189 875 1221 είς
889 1190 984 1225 ἕτερον

197 1235 284 1262 αἰῶνα
301 1235 340 1270 τῷ
354 1235 510 1270 φρονήματι
523 1234 578 1262 ἀπὸ
592 1236 640 1262 τοῦ
651 1234 699 1262 νῦν
713 1235 758 1262 διὰ
772 1234 819 1262 τοῦ
830 1235 984 1270 πνεύματος

199 1281 360 1318 μταὸἦναι,
373 1282 454 1311 κάκεῖ
463 1281 653 1308 πολιτεύεσθαι
666 1281 714 1308 καὶ
727 1282 845 1316 τρυφᾷν,
860 1281 907 1308 καὶ
917 1282 984 1309 ἀπο-

197 1328 289 1355 λαύειν
303 1328 498 1363 πνευματικῶν
514 1327 637 1361 ἀγαθῶν,
649 1327 697 1354 καὶ
710 1327 756 1353 τὸν
773 1327 827 1353 ἔσω
840 1327 984 1362 ἄνθρωπον

197 1375 231 1401 ἐκ
245 1373 399 1409 πνεύματος
411 1374 585 1409 γεννηθῆναι,
602 1373 695 1404 καθὼς
711 1373 725 1400 ὁ
735 1373 838 1408 Κύριος
848 1371 925 1400 εἶπεν
935 1382 941 1389 ·
957 1373 984 1400 ’0

198 1419 350 1447 πιστεύων
363 1421 407 1452 εις
425 1419 488 1453 ἐμὲ,
510 1418 713 1453 μεταϐέϐηκεν
729 1418 766 1446 ἐκ
781 1418 835 1446 τοῦ
854 1418 985 1446 θανάτου

195 1464 242 1497 είς
253 1463 311 1497 τὴν
322 1462 397 1497 ζωήν
408 1473 414 1479 -
431 1463 525 1497 ἐπειδή
538 1463 614 1489 ἐστιν
629 1462 710 1494 ἄλλος
721 1462 838 1494 θάνατος
849 1464 925 1498 παρὰ
940 1463 985 1490 τὸν

198 1508 373 1543 φαινόμενον,
397 1508 445 1535 καὶ
460 1508 526 1543 ἄλλη
551 1507 608 1542 ζωὴ
630 1508 707 1544 παρὰ
736 1508 785 1544 τὴν
799 1509 984 1544 φαινομένην

198 1554 272 1590 λέγει
284 1555 366 1590 γὰρὴ
381 1554 477 1590 Γραφὴ
499 1554 540 1580 ὅτι
570 1553 601 1582 Ἠ
619 1553 818 1586 σπαταλῶσα,
841 1554 920 1585 ζῶσα
942 1554 985 1581 τέ-

198 1602 322 1634 θνηκεν.
336 1601 402 1632 Καὶ,
419 1601 522 1635 Ἅφετε
538 1599 609 1633 τοὺς
628 1600 756 1634 νεκροὺς·
769 1600 894 1628 θάπτειν
916 1600 987 1633 τοὺς

196 1646 315 1674 ἑαυτῶν
325 1647 453 1680 νεκρούς
463 1656 469 1662 ·
483 1646 529 1672 ὅτι
543 1647 599 1680 οὐχ
611 1647 638 1672 ol
651 1646 752 1680 νεκροί
768 1646 928 1673 αἰνέσουσί
941 1654 988 1679 σε,

198 1693 298 1726 Κύριε,
311 1691 380 1719 ἀλλ’
392 1691 476 1727 ἡμεῖς
491 1692 517 1719 οί
532 1691 637 1724 ζῶντες
653 1691 862 1727 εὐλογήσομέν
874 1699 920 1720 σε.

236 1738 272 1764 ιν.
289 1738 396 1774 Ὠσπερ
413 1739 467 1774 γὰρ
490 1739 504 1765 ὁ
525 1739 602 1773 ἥλιος
623 1737 767 1768 ἀνατείλας
785 1738 831 1764 ἐπὶ
851 1738 903 1774 τὴν
928 1739 990 1774 γῆν,

199 1784 261 1817 ὗλος
274 1786 303 1812 ὲν
319 1787 352 1821 τῇ
373 1786 408 1820 γῇ
423 1786 510 1812 ἐστιν·
526 1784 596 1811 ἐπὰν
614 1784 642 1811 δὲ
658 1783 725 1819 πρὸς
741 1783 848 1818 δυσμὰς
866 1784 990 1819 γένηται,

201 1833 292 1863 πάσας
315 1831 398 1858 αὑτοῦ
414 1831 464 1863 τὰς
479 1831 592 1862 ἀκτῖνας
611 1831 733 1864 συνάγει,
753 1830 937 1865 πορευόμενος
962 1831 991 1856 ὲν

199 1877 241 1912 τῷ
256 1877 351 1904 ἑαυτοῦ
369 1877 436 1912 οἴκῳ
447 1885 455 1892 ·
479 1876 565 1908 οὕτως
587 1876 634 1902 καὶ
651 1875 734 1911 ψυχὴ,
747 1876 764 1909 ή
781 1875 818 1910 μὴ
838 1875 942 1902 ἄνωθεν
960 1876 992 1902 ὲκ

200 1924 248 1950 τοῦ
271 1923 430 1958 Πνεύματος
455 1922 681 1957 ἀναγεννηθεϊσα,
701 1922 749 1956 ὅλη
771 1922 800 1948 ὲν
818 1923 850 1958 τῇ
872 1923 907 1957 γῇ
933 1923 992 1949 ἐστι

201 1971 257 2002 τοῖς
270 1970 411 2005 λογισμοῖς
430 1970 516 2004 αὐτῆς
532 1969 579 1995 καὶ
593 1968 633 2003 τῷ
649 1969 805 2004 φρονήματι
820 1968 866 1994 ἐπὶ
879 1969 931 2003 γῆς
944 1969 992 1996 ἐκ-

201 2017 355 2052 τεινομένη,
379 2017 431 2048 Et»;
453 2016 507 2042 τῶν
523 2016 650 2051 περάτων
666 2015 768 2050 αὗτῆςε
785 2015 855 2042 ἐπὰν
877 2015 907 2042 δὲ
924 2023 992 2042 κατ-

203 2063 304 2099 αξιωθῇ
318 2063 368 2098 τὴν
379 2063 541 2097 ἐπουράνιον
554 2061 648 2089 λαϐεῖν
661 2060 708 2088 τοῦ
720 2061 879 2096 Πνεῦματος
895 2062 993 2096 γέννη-

203 2118 247 2136 σιν
275 2110 323 2136 uel.
344 2109 497 2141 κοινωνίαν,
526 2109 628 2140 πάντας
651 2107 735 2142 αὐτῆς
759 2107 823 2139 τοὺς
845 2107 992 2142 λογισμοὺς

204 2155 368 2189 συνάγουσα,
384 2155 432 2181 καὶ
450 2155 508 2190 μεθ’
523 2154 622 2189 ἑαυτῆς
637 2153 747 2188 ἔχουσα,
759 2152 913 2189 εἰσέρχεται
924 2154 992 2189 πρὸς

203 2202 249 2228 τὸν
259 2201 361 2237 Κύριον
375 2202 416 2233 είς
426 2202 456 2228 τὸ
470 2201 500 2233 ἐξ
512 2199 627 2235 οὐρανοῦ
641 2199 849 2236 ἀχειροποίητον
865 2208 992 2234 κατοικη-

1035 952 1085 984 let,
1102 956 1132 979 ut
1142 951 1178 979 ad
1203 951 1288 979 alium
1314 951 1447 979 mundum
1474 956 1502 979 et
1528 952 1659 980 saeculum
1686 953 1829 980 intellectu

1036 1002 1158 1026 transeat
1168 998 1260 1026 anima
1274 998 1346 1033 ejus,
1359 997 1511 1025 secundum
1528 998 1690 1033 Apostolum
1709 1007 1716 1026 :
1732 998 1831 1026 Nostra

1035 1044 1116 1077 enim,
1134 1043 1234 1079 inquit,
1248 1044 1411 1070 conversatio
1425 1043 1453 1070 in
1467 1042 1536 1070 cali:
1549 1047 1587 1070 est
1600 1043 1633 1071 “.
1655 1043 1689 1071 Et
1702 1051 1829 1072 rursum:

1034 1089 1068 1117 In
1086 1097 1167 1117 carne
1183 1088 1362 1121 ambulantes,
1378 1096 1430 1116 non
1450 1089 1594 1116 secundum
1607 1097 1716 1116 carnem
1729 1088 1831 1116 milita-

1035 1144 1093 1163 mus
1109 1136 1143 1162 ".
1168 1134 1284 1170 Oportet
1310 1142 1376 1170 ergo
1401 1142 1475 1166 eum,
1493 1134 1541 1169 qui
1568 1135 1739 1162 renuntiavit
1765 1135 1831 1163 huic

1035 1180 1150 1213 mundo,
1178 1179 1294 1207 ﬁrmiter
1327 1179 1452 1212 credere,
1478 1179 1552 1215 quod
1571 1184 1700 1215 oporteat
1716 1180 1831 1208 inaliud

1035 1226 1163 1254 saeculum
1172 1225 1264 1252 animo
1272 1225 1328 1260 jam
1337 1232 1412 1252 nunc
1421 1233 1470 1260 per
1479 1224 1609 1260 spiritum
1622 1225 1829 1255 transcendere.

1036 1272 1130 1307 ibique
1143 1271 1302 1299 conversari
1325 1279 1357 1299 ac
1367 1271 1510 1305 delectari,
1523 1276 1551 1299 et
1569 1271 1623 1298 frui
1637 1271 1831 1307 spiritualibus

1036 1318 1126 1351 bonis,
1141 1322 1170 1345 et
1192 1317 1353 1344 interiorem
1373 1317 1513 1345 hominem
1526 1325 1542 1345 e
1559 1317 1664 1353 Spiritu
1681 1318 1777 1351 nasci,
1800 1323 1832 1346 ut

1036 1363 1105 1390 dixit
1127 1363 1278 1396 Dominus;
1308 1362 1359 1395 Qui
1380 1363 1462 1390 credit
1482 1363 1510 1390 in
1528 1371 1579 1396 me,
1593 1367 1690 1391 transit
1718 1373 1735 1392 α
1749 1370 1833 1392 morte

1035 1410 1064 1436 in
1095 1409 1178 1436 vitam
1192 1407 1224 1434 ".
1258 1407 1402 1443 Siquidem
1422 1411 1465 1436 est
1491 1408 1545 1436 alia
1565 1416 1639 1436 mors
1659 1413 1759 1444 pneter
1772 1417 1833 1438 eam

1036 1463 1097 1490 qua:
1113 1454 1235 1488 videtur,
1251 1458 1279 1482 et
1299 1454 1353 1483 alia
1371 1454 1428 1482 vita
1446 1459 1546 1490 praeter
1560 1462 1622 1482 eam
1637 1463 1698 1490 qua:
1712 1456 1832 1484 videtur.

1037 1503 1082 1530 Ait
1096 1503 1170 1530 enim
1183 1502 1324 1538 Scriptura
1337 1511 1343 1529 :
1359 1501 1424 1535 ρυω
1436 1503 1463 1529 in
1477 1502 1577 1530 deliciis
1591 1507 1641 1535 est,
1653 1503 1740 1530 vivens
1756 1501 1834 1537 155

1039 1553 1144 1576 mortua
1158 1553 1196 1576 est
1206 1548 1237 1576 ιδ.
1247 1548 1314 1577 Item
1326 1558 1332 1576 :
1354 1548 1417 1576 Sine
1432 1553 1460 1576 ιιι
1473 1549 1570 1576 mortui
1579 1549 1709 1584 sepeliant
1718 1552 1836 1576 mortua

1040 1603 1101 1622 suos
1117 1594 1149 1622 ".
1171 1593 1241 1627 Quia
1260 1602 1313 1621 non
1326 1594 1424 1622 mortui
1441 1594 1588 1622 laudabunt
1606 1598 1643 1628 te,
1659 1594 1780 1627 Domine,
1790 1594 1835 1622 sed

1042 1648 1089 1667 nos
1103 1640 1149 1676 qui
1159 1640 1270 1667 vivimus
1279 1640 1312 1667 ¹⁶.

1077 1739 1123 1766 111.
1137 1739 1375 1772 Quemadmodum
1398 1739 1472 1767 enim
1497 1739 1538 1767 sol
1552 1743 1665 1767 exortus
1683 1747 1770 1774 super
1778 1743 1836 1767 ter-

1042 1792 1112 1817 ram,
1136 1788 1211 1812 totus
1241 1784 1270 1812 in
1292 1789 1365 1812 terra
1389 1789 1450 1817 est;
1474 1784 1523 1812 ubi
1538 1789 1630 1812 autem
1650 1785 1686 1812 ad
1709 1793 1835 1813 occasum

1043 1830 1141 1865 vergit,
1171 1838 1269 1857 omnes
1289 1830 1381 1858 radios
1409 1838 1475 1858 suos
1498 1831 1614 1866 colligit,
1640 1831 1793 1866 procedens
1809 1831 1835 1858 in

1043 1876 1156 1903 domum
1175 1883 1253 1902 suam
1270 1885 1277 1902 :
1298 1875 1338 1902 sic
1363 1883 1473 1910 quoque
1488 1876 1590 1908 anima,
1607 1883 1669 1910 qua:
1689 1876 1808 1910 desuper
1821 1883 1837 1903 e

1043 1923 1149 1958 Spiritu
1177 1927 1271 1950 renata
1294 1931 1349 1950 non
1368 1923 1462 1956 fuerit,
1479 1928 1535 1951 tota
1549 1927 1591 1951 est
1608 1924 1636 1950 in
1649 1927 1723 1950 terra
1735 1924 1839 1958 cogita-

1044 1969 1167 1996 tionibus
1180 1973 1208 1996 et
1233 1968 1462 1996 meditationibus
1486 1970 1556 2001 suis,
1570 1976 1654 2004 super
1670 1973 1772 1996 terram
1788 1977 1838 1996 ek

1044 2019 1123 2043 tensa
1138 2022 1225 2050 usque
1251 2014 1285 2041 ad
1313 2014 1374 2050 ejus
1401 2014 1525 2042 limites:
1550 2014 1598 2042 ubi
1626 2019 1719 2042 autem
1756 2015 1838 2050 digna

1045 2058 1164 2086 habetur
1178 2058 1318 2085 cmlestem
1344 2057 1477 2092 consequi
1499 2057 1620 2093 Spiritus
1633 2058 1838 2093 generationem

1044 2108 1072 2131 et
1083 2103 1316 2135 communionem,
1325 2107 1441 2131 cunctas
1455 2111 1519 2131 suas
1532 2103 1713 2139 cogitationes
1725 2103 1838 2138 colligit,

1044 2157 1147 2184 easque
1161 2156 1254 2176 secum
1274 2149 1391 2181 habens,
1413 2149 1569 2185 ingreditur
1585 2149 1618 2177 ad
1636 2150 1794 2182 Dominum,
1812 2149 1840 2176 in

1045 2193 1217 2224 domicilium
1242 2194 1354 2222 cmleste
1378 2202 1434 2221 non
1465 2194 1663 2227 manuiactutn,
1685 2203 1841 2230 omnesque

203 2249 308 2284 τήριον,
324 2248 372 2275 καὶ
387 2248 488 2279 πάντες
511 2248 537 2273 οί
553 2246 681 2282 λογισμοὶ
697 2247 783 2281 αὐτῆς
795 2246 926 2281 οὐράνιοι,
945 2246 988 2272 καὶ

1046 2239 1227 2275 cogitationes
1237 2239 1308 2274 ejus,
1321 2239 1459 2272 caelestes,
1470 2248 1545 2275 purae
1556 2245 1584 2267 et
1595 2244 1696 2268 sanetae
1707 2241 1840 2275 evadunt,

204 2293 331 2329 καθαροὶ,
356 2293 402 2320 καὶ
427 2294 499 2327 ἅγιοι
522 2293 672 2327 γίγνονται,
688 2291 842 2329 χωροῦντες
862 2292 903 2323 εἰς
925 2292 995 2328 ἀέρα

203 2340 307 2367 θεῖκόν.
326 2340 470 2366 Ῥυσθεῖσα
490 2340 544 2374 γὰρ
561 2340 577 2374 ἡ
593 2339 665 2374 ψυχὴ
690 2339 722 2365 ἐκ
741 2340 790 2374 τῆς
809 2338 934 2373 φυλακῆς
947 2338 995 2365 τοῦ

207 2385 319 2416 σκότους
336 2384 384 2411 τοῦ
403 2384 522 2419 πονηροῦ
545 2385 676 2420 ἄρχοντος
698 2383 745 2411 τοῦ
771 2384 925 2418 πνεύματος
951 2383 997 2410 τοῦ

206 2430 322 2464 κόσμου,
334 2431 454 2466 εὑρίσκει
466 2431 614 2465 λογισμοὺς
627 2430 766 2466 καθαροὺς
782 2430 830 2456 καὶ
842 2429 942 2463 θείους,
956 2431 998 2456 ὄτι

206 2476 351 2511 εὐδόκησεν
363 2478 377 2503 ὀ
388 2476 454 2508 Θεὸς
464 2476 510 2502 τὸν
520 2475 663 2510 ἄνθρωπον
677 2475 789 2510 ποιῆσαι
801 2474 876 2507 θείας
889 2474 998 2509 φύσεως

206 2523 344 2550 κοινωνόν.

243 2569 279 2594 Δ¹.
299 2567 330 2594 Εἰ
349 2564 396 2594 οὖν
419 2567 608 2602 ἀναχωρήσεις
640 2566 750 2593 πάντων
770 2566 824 2593 τῶν
842 2567 872 2593 ὲν
893 2566 932 2601 τῷ
949 2565 999 2601 βίω

207 2615 389 2650 πραγμάτων,
403 2614 452 2642 καὶ
465 2614 680 2648 προσκαρτερεϊς
693 2614 726 2649 τῇ
740 2613 806 2648 εὐχῇ
823 2621 880 2646 σου,
897 2613 998 2648 μᾶλλον

206 2661 253 2688 τὸν
284 2661 406 2696 κάματον
431 2660 525 2688 τοῦτον
549 2659 728 2692 ἀναπαύσεως
762 2660 859 2694 μεστὸν
889 2660 998 2696 ἡγήσῃ·

208 2707 255 2733 καὶ
269 2707 319 2742 τὴν
343 2707 438 2742 ὀλίγην
459 2706 559 2741 θλίψιν,
585 2706 632 2733 καὶ
656 2706 701 2733 τὸν
734 2705 815 2732 πόνον
840 2706 927 2741 χαρᾶς
951 2705 998 2732 καὶ

208 2752 327 2784 ἀνέσεως
338 2753 481 2780 ἀνάπλεων
495 2753 615 2787 νομὶσεις
628 2751 769 2786 μεγίστης.
784 2751 815 2778 Ei
834 2751 889 2786 γὰρ
907 2752 953 2779 καὶ
967 2752 997 2778 τὸ

210 2797 292 2832 σῶμα
303 2806 349 2825 σου
367 2799 414 2825 καὶ
429 2799 445 2834 ἡ
460 2799 534 2834 ψυχή
549 2807 596 2825 σου
611 2798 850 2833 καταδεδαπάνητο
864 2798 934 2824 κατὰ
946 2798 998 2824 πᾶ-

229 2856 264 2897 _"
281 2856 401 2891 Philipp.
415 2865 454 2889 Ill,
467 2857 511 2884 ‘20.
565 2856 618 2884 "ll
638 2856 701 2884 Cor.
713 2865 738 2888 κ,
751 2856 777 2883 5.

211 2891 255 2917 17.

829 2857 849 2872 ¹³
862 2856 941 2884 Joan.
955 2865 982 2889 ν,

1044 2287 1194 2321 migrantes
1211 2285 1238 2312 in
1258 2293 1350 2312 aerem
1370 2285 1506 2313 divinum.
1524 2286 1620 2313 Anima
1636 2287 1709 2313 enim
1724 2287 1840 2314 liberata

1044 2340 1060 2359 e
1076 2339 1188 2360 carcere
1213 2329 1391 2358 tenebrarum
1416 2331 1537 2366 improbi
1563 2331 1696 2366 principis
1724 2331 1840 2366 spiritus

1047 2381 1151 2413 saeculi,
1168 2381 1273 2415 reperit
1296 2380 1476 2415 cogitationes
1495 2386 1580 2414 puras
1593 2382 1622 2405 ct
1642 2377 1762 2410 divinas,
1774 2377 1838 2412 quia

1049 2427 1153 2462 placuit
1173 2427 1230 2454 Deo
1261 2427 1401 2454 hominem
1427 2431 1532 2453 natura
1556 2425 1657 2452 divina
1675 2423 1838 2459 participem

1048 2473 1150 2500 facere.

1085 2562 1129 2589 lV.
1160 2561 1187 2588 Si
1219 2561 1302 2592 igitur
1325 2560 1474 2587 recesseris
1490 2567 1504 2586 a
1521 2559 1640 2591 cunctis,
1659 2567 1721 2593 qua:
1734 2558 1841 2585 suntin

1049 2609 1124 2641 vita,
1143 2607 1242 2639 rebus,
1258 2610 1285 2633 et
1311 2605 1338 2632 in
1354 2605 1481 2633 oratione
1503 2604 1732 2640 perseveraveris,
1750 2603 1842 2639 potius

1052 2654 1127 2681 hunc
1142 2653 1264 2680 laborem
1273 2651 1377 2686 quietis
1391 2652 1502 2686 plenum
1515 2650 1697 2682 arbitrabere,
1713 2654 1741 2676 et
1755 2648 1842 2676 modi-

1051 2708 1111 2728 cam
1131 2699 1307 2727 aiﬂictionem
1323 2703 1352 2726 ct
1372 2699 1506 2729 laborem,
1522 2697 1622 2731 gaudio
1638 2700 1667 2724 et
1678 2696 1841 2724 remissione

1052 2748 1187 2783 repletum
1205 2745 1377 2774 existimabis
1398 2744 1526 2772 maxima.
1543 2744 1571 2771 Si
1588 2743 1691 2771 etenim
1702 2747 1842 2777 etcorpus

1049 2801 1079 2824 et
1099 2787 1191 2823 anima
1216 2798 1262 2822 tua
1289 2794 1519 2821 consumerentur
1547 2789 1662 2826 singulis
1693 2788 1770 2816 horis
1792 2793 1841 2824 per

1095 2855 1118 2871 “
1136 2854 1145 2882 ί
1168 2854 1238 2882 Tim.
1261 2861 1285 2885 ν,
1309 2853 1334 2879 5.
1393 2852 1412 2867 ιδ
1425 2851 1492 2878 Luc.
1507 2859 1542 2883 ix,
1561 2850 1605 2877 ϐυ.
1652 2849 1673 2865 ’⁸
1690 2849 1761 2876 Psal.
1780 2857 1839 2882 etv,
